"id","symbol","truncTime","matchType","matchVol","matchPrice","accumulatedVolume","createdAt","updatedAt"
163404387,"FRT","1704440687","unknown","37500","103000","282600","2024-01-05T07:45:03.964Z","2024-01-05T07:45:03.964Z"
163401984,"FRT","1704439758","s","1000","102600","282600","2024-01-05T07:29:33.970Z","2024-01-05T07:29:33.970Z"
163401983,"FRT","1704439758","s","100","102600","282600","2024-01-05T07:29:33.970Z","2024-01-05T07:29:33.970Z"
163401982,"FRT","1704439758","s","500","102600","282600","2024-01-05T07:29:33.970Z","2024-01-05T07:29:33.970Z"
163401981,"FRT","1704439758","s","200","102600","282600","2024-01-05T07:29:33.970Z","2024-01-05T07:29:33.970Z"
163401980,"FRT","1704439758","s","100","102600","282600","2024-01-05T07:29:33.970Z","2024-01-05T07:29:33.970Z"
163401979,"FRT","1704439758","s","1300","102600","282600","2024-01-05T07:29:33.970Z","2024-01-05T07:29:33.970Z"
163399967,"FRT","1704439722","s","1700","102600","277400","2024-01-05T07:28:57.941Z","2024-01-05T07:28:57.941Z"
163399966,"FRT","1704439722","s","300","102700","277400","2024-01-05T07:28:57.941Z","2024-01-05T07:28:57.941Z"
163396821,"FRT","1704439660","s","1000","102600","276400","2024-01-05T07:27:56.975Z","2024-01-05T07:27:56.975Z"
163396814,"FRT","1704439659","b","500","102900","275900","2024-01-05T07:27:55.995Z","2024-01-05T07:27:55.995Z"
163395158,"FRT","1704439632","b","500","102900","275100","2024-01-05T07:27:28.960Z","2024-01-05T07:27:28.960Z"
163395157,"FRT","1704439632","b","300","102900","275100","2024-01-05T07:27:28.960Z","2024-01-05T07:27:28.960Z"
163393184,"FRT","1704439590","s","800","102500","275100","2024-01-05T07:26:45.954Z","2024-01-05T07:26:45.954Z"
163393183,"FRT","1704439590","s","100","102500","275100","2024-01-05T07:26:45.954Z","2024-01-05T07:26:45.954Z"
163393182,"FRT","1704439590","s","2000","102500","275100","2024-01-05T07:26:45.954Z","2024-01-05T07:26:45.954Z"
163393181,"FRT","1704439590","s","100","102600","275100","2024-01-05T07:26:45.954Z","2024-01-05T07:26:45.954Z"
163392037,"FRT","1704439567","b","700","102900","271400","2024-01-05T07:26:22.943Z","2024-01-05T07:26:22.943Z"
163390547,"FRT","1704439537","b","700","102900","270700","2024-01-05T07:25:53.051Z","2024-01-05T07:25:53.051Z"
163390401,"FRT","1704439536","s","100","102400","270700","2024-01-05T07:25:51.954Z","2024-01-05T07:25:51.954Z"
163390400,"FRT","1704439536","s","200","102400","270700","2024-01-05T07:25:51.954Z","2024-01-05T07:25:51.954Z"
163390399,"FRT","1704439536","s","600","102400","270700","2024-01-05T07:25:51.954Z","2024-01-05T07:25:51.954Z"
163390398,"FRT","1704439536","s","100","102500","270700","2024-01-05T07:25:51.954Z","2024-01-05T07:25:51.954Z"
163390359,"FRT","1704439536","b","400","102900","269000","2024-01-05T07:25:51.954Z","2024-01-05T07:25:51.954Z"
163390358,"FRT","1704439536","b","100","102800","269000","2024-01-05T07:25:51.954Z","2024-01-05T07:25:51.954Z"
163390357,"FRT","1704439536","b","200","102600","269000","2024-01-05T07:25:51.954Z","2024-01-05T07:25:51.954Z"
163389892,"FRT","1704439526","b","700","102600","269000","2024-01-05T07:25:42.943Z","2024-01-05T07:25:42.943Z"
163388370,"FRT","1704439492","b","100","102600","268200","2024-01-05T07:25:07.958Z","2024-01-05T07:25:07.958Z"
163385936,"FRT","1704439453","s","3400","102400","268200","2024-01-05T07:24:28.963Z","2024-01-05T07:24:28.963Z"
163385935,"FRT","1704439453","s","100","102400","268200","2024-01-05T07:24:28.963Z","2024-01-05T07:24:28.963Z"
163385934,"FRT","1704439453","s","100","102400","268200","2024-01-05T07:24:28.963Z","2024-01-05T07:24:28.963Z"
163385933,"FRT","1704439453","s","400","102400","268200","2024-01-05T07:24:28.963Z","2024-01-05T07:24:28.963Z"
163384562,"FRT","1704439418","s","300","102400","264200","2024-01-05T07:23:54.975Z","2024-01-05T07:23:54.975Z"
163384561,"FRT","1704439418","s","300","102400","264200","2024-01-05T07:23:54.975Z","2024-01-05T07:23:54.975Z"
163384560,"FRT","1704439418","s","700","102400","264200","2024-01-05T07:23:54.975Z","2024-01-05T07:23:54.975Z"
163384559,"FRT","1704439418","s","100","102400","264200","2024-01-05T07:23:54.975Z","2024-01-05T07:23:54.975Z"
163384558,"FRT","1704439418","s","500","102400","264200","2024-01-05T07:23:54.975Z","2024-01-05T07:23:54.975Z"
163384557,"FRT","1704439418","s","100","102500","264200","2024-01-05T07:23:54.975Z","2024-01-05T07:23:54.975Z"
163381382,"FRT","1704439368","s","200","102400","260200","2024-01-05T07:23:03.955Z","2024-01-05T07:23:03.955Z"
163381381,"FRT","1704439368","s","1800","102400","260200","2024-01-05T07:23:03.955Z","2024-01-05T07:23:03.955Z"
163381003,"FRT","1704439359","s","200","102400","260200","2024-01-05T07:22:54.972Z","2024-01-05T07:22:54.972Z"
163381002,"FRT","1704439359","s","300","102400","260200","2024-01-05T07:22:54.972Z","2024-01-05T07:22:54.972Z"
163380245,"FRT","1704439343","s","400","102400","256700","2024-01-05T07:22:39.974Z","2024-01-05T07:22:39.974Z"
163380244,"FRT","1704439343","s","800","102400","256700","2024-01-05T07:22:39.974Z","2024-01-05T07:22:39.974Z"
163380243,"FRT","1704439343","s","1800","102400","256700","2024-01-05T07:22:39.974Z","2024-01-05T07:22:39.974Z"
163379464,"FRT","1704439330","s","2000","102400","254700","2024-01-05T07:22:26.945Z","2024-01-05T07:22:26.945Z"
163379194,"FRT","1704439324","s","200","102400","254300","2024-01-05T07:22:18.941Z","2024-01-05T07:22:18.941Z"
163379193,"FRT","1704439324","s","100","102400","254300","2024-01-05T07:22:18.941Z","2024-01-05T07:22:18.941Z"
163379192,"FRT","1704439324","s","100","102500","254300","2024-01-05T07:22:18.941Z","2024-01-05T07:22:18.941Z"
163373970,"FRT","1704439222","s","500","102400","252300","2024-01-05T07:20:37.968Z","2024-01-05T07:20:37.968Z"
163373969,"FRT","1704439222","s","100","102400","252300","2024-01-05T07:20:37.968Z","2024-01-05T07:20:37.968Z"
163373968,"FRT","1704439222","s","100","102400","252300","2024-01-05T07:20:37.968Z","2024-01-05T07:20:37.968Z"
163373967,"FRT","1704439222","s","100","102400","252300","2024-01-05T07:20:37.968Z","2024-01-05T07:20:37.968Z"
163373966,"FRT","1704439222","s","1200","102500","252300","2024-01-05T07:20:37.968Z","2024-01-05T07:20:37.968Z"
163372742,"FRT","1704439189","s","100","102500","252300","2024-01-05T07:20:04.954Z","2024-01-05T07:20:04.954Z"
163369890,"FRT","1704439091","s","900","102400","252200","2024-01-05T07:18:26.935Z","2024-01-05T07:18:26.935Z"
163369889,"FRT","1704439091","s","300","102400","252200","2024-01-05T07:18:26.935Z","2024-01-05T07:18:26.935Z"
163369888,"FRT","1704439091","s","500","102400","252200","2024-01-05T07:18:26.935Z","2024-01-05T07:18:26.935Z"
163369887,"FRT","1704439091","s","100","102400","252200","2024-01-05T07:18:26.935Z","2024-01-05T07:18:26.935Z"
163369886,"FRT","1704439091","s","200","102400","252200","2024-01-05T07:18:26.935Z","2024-01-05T07:18:26.935Z"
163368810,"FRT","1704439061","s","500","102400","249700","2024-01-05T07:17:56.948Z","2024-01-05T07:17:56.948Z"
163368224,"FRT","1704439043","s","300","102400","247700","2024-01-05T07:17:39.967Z","2024-01-05T07:17:39.967Z"
163368223,"FRT","1704439043","s","1000","102400","247700","2024-01-05T07:17:39.967Z","2024-01-05T07:17:39.967Z"
163368222,"FRT","1704439043","s","100","102400","247700","2024-01-05T07:17:39.967Z","2024-01-05T07:17:39.967Z"
163368221,"FRT","1704439043","s","600","102400","247700","2024-01-05T07:17:39.967Z","2024-01-05T07:17:39.967Z"
163367167,"FRT","1704439007","s","400","102400","247100","2024-01-05T07:17:02.930Z","2024-01-05T07:17:02.930Z"
163367166,"FRT","1704439007","s","200","102400","247100","2024-01-05T07:17:02.930Z","2024-01-05T07:17:02.930Z"
163367144,"FRT","1704439006","b","300","102500","247100","2024-01-05T07:17:02.930Z","2024-01-05T07:17:02.930Z"
163365053,"FRT","1704438951","s","3800","102400","242800","2024-01-05T07:16:06.942Z","2024-01-05T07:16:06.942Z"
163365052,"FRT","1704438951","s","100","102400","242800","2024-01-05T07:16:06.942Z","2024-01-05T07:16:06.942Z"
163365051,"FRT","1704438951","s","100","102400","242800","2024-01-05T07:16:06.942Z","2024-01-05T07:16:06.942Z"
163363358,"FRT","1704438907","b","100","102500","242700","2024-01-05T07:15:23.932Z","2024-01-05T07:15:23.932Z"
163361330,"FRT","1704438852","s","200","102400","242500","2024-01-05T07:14:27.926Z","2024-01-05T07:14:27.926Z"
163358565,"FRT","1704438765","s","1100","102300","240500","2024-01-05T07:13:00.935Z","2024-01-05T07:13:00.935Z"
163358564,"FRT","1704438765","s","200","102300","240500","2024-01-05T07:13:00.935Z","2024-01-05T07:13:00.935Z"
163358563,"FRT","1704438765","s","100","102400","240500","2024-01-05T07:13:00.935Z","2024-01-05T07:13:00.935Z"
163358562,"FRT","1704438765","s","200","102400","240500","2024-01-05T07:13:00.935Z","2024-01-05T07:13:00.935Z"
163358561,"FRT","1704438765","s","400","102400","240500","2024-01-05T07:13:00.935Z","2024-01-05T07:13:00.935Z"
163357881,"FRT","1704438745","b","100","102500","240400","2024-01-05T07:12:40.938Z","2024-01-05T07:12:40.938Z"
163357876,"FRT","1704438744","s","100","102400","240400","2024-01-05T07:12:40.938Z","2024-01-05T07:12:40.938Z"
163355918,"FRT","1704438675","s","100","102400","240200","2024-01-05T07:11:31.924Z","2024-01-05T07:11:31.924Z"
163353605,"FRT","1704438600","s","1400","102400","237200","2024-01-05T07:10:15.929Z","2024-01-05T07:10:15.929Z"
163353604,"FRT","1704438600","s","1000","102400","237200","2024-01-05T07:10:15.929Z","2024-01-05T07:10:15.929Z"
163353603,"FRT","1704438600","s","600","102400","237200","2024-01-05T07:10:15.929Z","2024-01-05T07:10:15.929Z"
163352606,"FRT","1704438563","s","400","102400","237200","2024-01-05T07:09:39.937Z","2024-01-05T07:09:39.937Z"
163352605,"FRT","1704438563","s","100","102400","237200","2024-01-05T07:09:39.937Z","2024-01-05T07:09:39.937Z"
163352604,"FRT","1704438563","s","100","102400","237200","2024-01-05T07:09:39.937Z","2024-01-05T07:09:39.937Z"
163352603,"FRT","1704438563","s","400","102400","237200","2024-01-05T07:09:39.937Z","2024-01-05T07:09:39.937Z"
163350410,"FRT","1704438479","s","600","102400","232200","2024-01-05T07:08:15.926Z","2024-01-05T07:08:15.926Z"
163350409,"FRT","1704438479","s","500","102400","232200","2024-01-05T07:08:15.926Z","2024-01-05T07:08:15.926Z"
163350408,"FRT","1704438479","s","200","102400","232200","2024-01-05T07:08:15.926Z","2024-01-05T07:08:15.926Z"
163350407,"FRT","1704438479","s","100","102400","232200","2024-01-05T07:08:15.926Z","2024-01-05T07:08:15.926Z"
163350406,"FRT","1704438479","s","300","102400","232200","2024-01-05T07:08:15.926Z","2024-01-05T07:08:15.926Z"
163350405,"FRT","1704438479","s","300","102400","232200","2024-01-05T07:08:15.926Z","2024-01-05T07:08:15.926Z"
163350404,"FRT","1704438479","s","100","102400","232200","2024-01-05T07:08:15.926Z","2024-01-05T07:08:15.926Z"
163350403,"FRT","1704438479","s","100","102400","232200","2024-01-05T07:08:15.926Z","2024-01-05T07:08:15.926Z"
163350402,"FRT","1704438479","s","200","102400","232200","2024-01-05T07:08:15.926Z","2024-01-05T07:08:15.926Z"
163350401,"FRT","1704438479","s","200","102400","232200","2024-01-05T07:08:15.926Z","2024-01-05T07:08:15.926Z"
163350400,"FRT","1704438479","s","100","102400","232200","2024-01-05T07:08:15.926Z","2024-01-05T07:08:15.926Z"
163350399,"FRT","1704438479","s","100","102400","232200","2024-01-05T07:08:15.926Z","2024-01-05T07:08:15.926Z"
