"id","symbol","truncTime","matchType","matchVol","matchPrice","accumulatedVolume","createdAt","updatedAt"
163404542,"VHC","1704440689","unknown","68200","66300","732300","2024-01-05T07:45:05.988Z","2024-01-05T07:45:05.988Z"
163403408,"VHC","1704439784","b","500","66400","732300","2024-01-05T07:29:59.958Z","2024-01-05T07:29:59.958Z"
163403383,"VHC","1704439783","b","100","66400","731700","2024-01-05T07:29:59.958Z","2024-01-05T07:29:59.958Z"
163403109,"VHC","1704439778","b","200","66400","731500","2024-01-05T07:29:53.957Z","2024-01-05T07:29:53.957Z"
163402984,"VHC","1704439775","b","200","66400","731300","2024-01-05T07:29:51.942Z","2024-01-05T07:29:51.942Z"
163402270,"VHC","1704439762","b","2000","66400","729300","2024-01-05T07:29:37.977Z","2024-01-05T07:29:37.977Z"
163400974,"VHC","1704439742","b","300","66400","729300","2024-01-05T07:29:18.968Z","2024-01-05T07:29:18.968Z"
163400901,"VHC","1704439740","b","2000","66400","727000","2024-01-05T07:29:16.967Z","2024-01-05T07:29:16.967Z"
163400457,"VHC","1704439732","s","500","66400","726100","2024-01-05T07:29:07.941Z","2024-01-05T07:29:07.941Z"
163400456,"VHC","1704439732","s","400","66400","726100","2024-01-05T07:29:07.941Z","2024-01-05T07:29:07.941Z"
163399859,"VHC","1704439720","s","700","66400","725100","2024-01-05T07:28:55.959Z","2024-01-05T07:28:55.959Z"
163399858,"VHC","1704439720","s","100","66400","725100","2024-01-05T07:28:55.959Z","2024-01-05T07:28:55.959Z"
163399857,"VHC","1704439720","s","200","66400","725100","2024-01-05T07:28:55.959Z","2024-01-05T07:28:55.959Z"
163399847,"VHC","1704439719","b","2100","66600","720100","2024-01-05T07:28:55.959Z","2024-01-05T07:28:55.959Z"
163399846,"VHC","1704439719","b","100","66500","720100","2024-01-05T07:28:55.959Z","2024-01-05T07:28:55.959Z"
163399845,"VHC","1704439719","b","1000","66500","720100","2024-01-05T07:28:55.959Z","2024-01-05T07:28:55.959Z"
163399844,"VHC","1704439719","b","500","66500","720100","2024-01-05T07:28:55.959Z","2024-01-05T07:28:55.959Z"
163399843,"VHC","1704439719","b","300","66500","720100","2024-01-05T07:28:55.959Z","2024-01-05T07:28:55.959Z"
163399842,"VHC","1704439719","b","1000","66500","720100","2024-01-05T07:28:55.959Z","2024-01-05T07:28:55.959Z"
163399476,"VHC","1704439714","b","100","66400","720100","2024-01-05T07:28:49.982Z","2024-01-05T07:28:49.982Z"
163399370,"VHC","1704439712","s","500","66400","718800","2024-01-05T07:28:48.956Z","2024-01-05T07:28:48.956Z"
163399369,"VHC","1704439712","s","100","66400","718800","2024-01-05T07:28:48.956Z","2024-01-05T07:28:48.956Z"
163399368,"VHC","1704439712","s","600","66400","718800","2024-01-05T07:28:48.956Z","2024-01-05T07:28:48.956Z"
163399013,"VHC","1704439705","b","400","66400","718400","2024-01-05T07:28:41.977Z","2024-01-05T07:28:41.977Z"
163398905,"VHC","1704439703","s","2000","66400","718400","2024-01-05T07:28:38.949Z","2024-01-05T07:28:38.949Z"
163398904,"VHC","1704439703","s","500","66400","718400","2024-01-05T07:28:38.949Z","2024-01-05T07:28:38.949Z"
163398903,"VHC","1704439703","s","3000","66400","718400","2024-01-05T07:28:38.949Z","2024-01-05T07:28:38.949Z"
163397768,"VHC","1704439681","s","100","66400","712800","2024-01-05T07:28:16.942Z","2024-01-05T07:28:16.942Z"
163397466,"VHC","1704439675","b","100","66400","712800","2024-01-05T07:28:10.957Z","2024-01-05T07:28:10.957Z"
163397351,"VHC","1704439672","b","1000","66400","712700","2024-01-05T07:28:07.960Z","2024-01-05T07:28:07.960Z"
163396570,"VHC","1704439656","b","500","66400","711200","2024-01-05T07:27:51.966Z","2024-01-05T07:27:51.966Z"
163396450,"VHC","1704439655","s","1000","66200","710200","2024-01-05T07:27:50.944Z","2024-01-05T07:27:50.944Z"
163395892,"VHC","1704439647","b","500","66400","709200","2024-01-05T07:27:42.974Z","2024-01-05T07:27:42.974Z"
163395891,"VHC","1704439647","b","100","66400","709200","2024-01-05T07:27:42.974Z","2024-01-05T07:27:42.974Z"
163395890,"VHC","1704439647","b","400","66400","709200","2024-01-05T07:27:42.974Z","2024-01-05T07:27:42.974Z"
163395886,"VHC","1704439647","b","100","66400","708200","2024-01-05T07:27:42.974Z","2024-01-05T07:27:42.974Z"
163395885,"VHC","1704439647","b","900","66400","708200","2024-01-05T07:27:42.974Z","2024-01-05T07:27:42.974Z"
163395412,"VHC","1704439637","b","100","66400","708200","2024-01-05T07:27:34.001Z","2024-01-05T07:27:34.001Z"
163395411,"VHC","1704439637","b","1000","66300","708200","2024-01-05T07:27:34.001Z","2024-01-05T07:27:34.001Z"
163395410,"VHC","1704439637","b","500","66300","708200","2024-01-05T07:27:34.001Z","2024-01-05T07:27:34.001Z"
163395409,"VHC","1704439637","b","100","66300","708200","2024-01-05T07:27:34.001Z","2024-01-05T07:27:34.001Z"
163395408,"VHC","1704439637","b","200","66200","708200","2024-01-05T07:27:34.001Z","2024-01-05T07:27:34.001Z"
163395407,"VHC","1704439637","b","1000","66200","708200","2024-01-05T07:27:34.001Z","2024-01-05T07:27:34.001Z"
163395406,"VHC","1704439637","b","500","66200","708200","2024-01-05T07:27:34.001Z","2024-01-05T07:27:34.001Z"
163395405,"VHC","1704439637","b","600","66200","708200","2024-01-05T07:27:34.001Z","2024-01-05T07:27:34.001Z"
163395217,"VHC","1704439634","b","200","66200","704000","2024-01-05T07:27:29.957Z","2024-01-05T07:27:29.957Z"
163394823,"VHC","1704439627","b","200","66200","703000","2024-01-05T07:27:22.971Z","2024-01-05T07:27:22.971Z"
163394822,"VHC","1704439627","b","200","66200","703000","2024-01-05T07:27:22.971Z","2024-01-05T07:27:22.971Z"
163394821,"VHC","1704439627","b","100","66200","703000","2024-01-05T07:27:22.971Z","2024-01-05T07:27:22.971Z"
163394820,"VHC","1704439627","b","500","66200","703000","2024-01-05T07:27:22.971Z","2024-01-05T07:27:22.971Z"
163394816,"VHC","1704439626","b","100","66200","702700","2024-01-05T07:27:22.971Z","2024-01-05T07:27:22.971Z"
163394815,"VHC","1704439626","b","200","66200","702700","2024-01-05T07:27:22.971Z","2024-01-05T07:27:22.971Z"
163394781,"VHC","1704439626","b","800","66200","702700","2024-01-05T07:27:22.971Z","2024-01-05T07:27:22.971Z"
163394780,"VHC","1704439626","b","200","66200","702700","2024-01-05T07:27:22.971Z","2024-01-05T07:27:22.971Z"
163393429,"VHC","1704439595","b","100","66200","700700","2024-01-05T07:26:50.943Z","2024-01-05T07:26:50.943Z"
163393428,"VHC","1704439595","b","200","66200","700700","2024-01-05T07:26:50.943Z","2024-01-05T07:26:50.943Z"
163393427,"VHC","1704439595","b","100","66200","700700","2024-01-05T07:26:50.943Z","2024-01-05T07:26:50.943Z"
163393426,"VHC","1704439595","b","100","66200","700700","2024-01-05T07:26:50.943Z","2024-01-05T07:26:50.943Z"
163393425,"VHC","1704439595","b","500","66200","700700","2024-01-05T07:26:50.943Z","2024-01-05T07:26:50.943Z"
163393125,"VHC","1704439588","s","1900","66000","697300","2024-01-05T07:26:44.968Z","2024-01-05T07:26:44.968Z"
163393124,"VHC","1704439588","s","400","66000","697300","2024-01-05T07:26:44.968Z","2024-01-05T07:26:44.968Z"
163393123,"VHC","1704439588","s","100","66100","697300","2024-01-05T07:26:44.968Z","2024-01-05T07:26:44.968Z"
163393122,"VHC","1704439588","s","1000","66100","697300","2024-01-05T07:26:44.968Z","2024-01-05T07:26:44.968Z"
163392774,"VHC","1704439582","b","300","66100","697300","2024-01-05T07:26:38.964Z","2024-01-05T07:26:38.964Z"
163391878,"VHC","1704439563","b","100","66100","696200","2024-01-05T07:26:18.968Z","2024-01-05T07:26:18.968Z"
163391877,"VHC","1704439563","b","200","66100","696200","2024-01-05T07:26:18.968Z","2024-01-05T07:26:18.968Z"
163391876,"VHC","1704439563","b","100","66100","696200","2024-01-05T07:26:18.968Z","2024-01-05T07:26:18.968Z"
163391875,"VHC","1704439563","b","400","66100","696200","2024-01-05T07:26:18.968Z","2024-01-05T07:26:18.968Z"
163391471,"VHC","1704439553","b","100","66100","696100","2024-01-05T07:26:09.967Z","2024-01-05T07:26:09.967Z"
163391151,"VHC","1704439549","s","1000","66000","696100","2024-01-05T07:26:05.963Z","2024-01-05T07:26:05.963Z"
163390960,"VHC","1704439545","b","100","66100","695000","2024-01-05T07:26:01.963Z","2024-01-05T07:26:01.963Z"
163389647,"VHC","1704439519","b","400","66000","695000","2024-01-05T07:25:35.948Z","2024-01-05T07:25:35.948Z"
163389646,"VHC","1704439519","b","100","66000","695000","2024-01-05T07:25:35.948Z","2024-01-05T07:25:35.948Z"
163389564,"VHC","1704439517","b","900","66000","691500","2024-01-05T07:25:32.959Z","2024-01-05T07:25:32.959Z"
163389563,"VHC","1704439517","b","100","66000","691500","2024-01-05T07:25:32.959Z","2024-01-05T07:25:32.959Z"
163389562,"VHC","1704439517","b","100","66000","691500","2024-01-05T07:25:32.959Z","2024-01-05T07:25:32.959Z"
163389561,"VHC","1704439517","b","500","66000","691500","2024-01-05T07:25:32.959Z","2024-01-05T07:25:32.959Z"
163389560,"VHC","1704439517","b","500","66000","691500","2024-01-05T07:25:32.959Z","2024-01-05T07:25:32.959Z"
163389559,"VHC","1704439517","b","500","66000","691500","2024-01-05T07:25:32.959Z","2024-01-05T07:25:32.959Z"
163389558,"VHC","1704439517","b","400","66000","691500","2024-01-05T07:25:32.959Z","2024-01-05T07:25:32.959Z"
163389469,"VHC","1704439515","b","600","66000","689500","2024-01-05T07:25:30.961Z","2024-01-05T07:25:30.961Z"
163389468,"VHC","1704439515","b","300","66000","689500","2024-01-05T07:25:30.961Z","2024-01-05T07:25:30.961Z"
163389467,"VHC","1704439515","b","1000","66000","689500","2024-01-05T07:25:30.961Z","2024-01-05T07:25:30.961Z"
163389466,"VHC","1704439515","b","100","66000","689500","2024-01-05T07:25:30.961Z","2024-01-05T07:25:30.961Z"
163389377,"VHC","1704439513","b","1200","66000","689500","2024-01-05T07:25:28.944Z","2024-01-05T07:25:28.944Z"
163389320,"VHC","1704439511","b","1700","66000","688300","2024-01-05T07:25:27.971Z","2024-01-05T07:25:27.971Z"
163389319,"VHC","1704439511","b","100","66000","688300","2024-01-05T07:25:27.971Z","2024-01-05T07:25:27.971Z"
163389318,"VHC","1704439511","b","100","66000","688300","2024-01-05T07:25:27.971Z","2024-01-05T07:25:27.971Z"
163389317,"VHC","1704439511","b","300","66000","688300","2024-01-05T07:25:27.971Z","2024-01-05T07:25:27.971Z"
163389316,"VHC","1704439511","b","2000","66000","688300","2024-01-05T07:25:27.971Z","2024-01-05T07:25:27.971Z"
163389315,"VHC","1704439511","b","100","66000","688300","2024-01-05T07:25:27.971Z","2024-01-05T07:25:27.971Z"
163389314,"VHC","1704439511","b","100","66000","688300","2024-01-05T07:25:27.971Z","2024-01-05T07:25:27.971Z"
163389313,"VHC","1704439511","b","4000","66000","688300","2024-01-05T07:25:27.971Z","2024-01-05T07:25:27.971Z"
163389312,"VHC","1704439511","b","100","66000","688300","2024-01-05T07:25:27.971Z","2024-01-05T07:25:27.971Z"
163389311,"VHC","1704439511","b","100","66000","678300","2024-01-05T07:25:27.971Z","2024-01-05T07:25:27.971Z"
163389310,"VHC","1704439511","b","100","66000","678300","2024-01-05T07:25:27.971Z","2024-01-05T07:25:27.971Z"
163389309,"VHC","1704439511","b","500","66000","678300","2024-01-05T07:25:27.971Z","2024-01-05T07:25:27.971Z"
163389308,"VHC","1704439511","b","800","66000","678300","2024-01-05T07:25:27.971Z","2024-01-05T07:25:27.971Z"
163389267,"VHC","1704439510","b","100","66000","678200","2024-01-05T07:25:26.946Z","2024-01-05T07:25:26.946Z"
163388452,"VHC","1704439495","s","100","65900","678100","2024-01-05T07:25:10.983Z","2024-01-05T07:25:10.983Z"
