"symbol","time","price","change","vol","total","side"
"EVF","14:45:01",17.1,0,267600,8649500,
"EVF","14:29:45",17,-0.1,3500,8381900,"B"
"EVF","14:29:38",17,-0.1,2000,8378400,"B"
"EVF","14:29:30",17,-0.1,5000,8376400,"B"
"EVF","14:29:25",17,-0.1,5200,8371400,"B"
"EVF","14:29:17",17,-0.1,500,8366200,"B"
"EVF","14:29:10",17,-0.1,500,8365700,"B"
"EVF","14:29:03",17,-0.1,500,8365200,"B"
"EVF","14:28:49",17,-0.1,20300,8364700,"B"
"EVF","14:28:08",17,-0.1,10000,8344400,"B"
"EVF","14:28:02",17.1,0,100000,8334400,"S"
"EVF","14:28:01",17,-0.1,1800,8234400,"B"
"EVF","14:28:01",17.05,-0.05,18200,8232600,"B"
"EVF","14:27:54",17.05,-0.05,1000,8214400,"B"
"EVF","14:27:50",17.05,-0.05,30800,8213400,"S"
"EVF","14:27:40",17,-0.1,12900,8182600,"S"
"EVF","14:27:32",17,-0.1,1000,8169700,"S"
"EVF","14:27:23",17,-0.1,5000,8168700,"S"
"EVF","14:27:06",16.95,-0.15,1800,8163700,"B"
"EVF","14:27:02",17,-0.1,3500,8161900,"S"
"EVF","14:26:53",17,-0.1,1000,8158400,"S"
"EVF","14:26:50",17,-0.1,200,8157400,"S"
"EVF","14:26:10",17,-0.1,43400,8157200,"B"
"EVF","14:26:05",17.05,-0.05,2200,8113800,"B"
"EVF","14:25:15",17.05,-0.05,106600,8111600,"S"
"EVF","14:25:15",17,-0.1,40000,8005000,"S"
"EVF","14:24:40",16.95,-0.15,6700,7965000,"B"
"EVF","14:24:00",17,-0.1,100,7958300,"S"
"EVF","14:23:52",17,-0.1,100,7958200,"S"
"EVF","14:23:28",17,-0.1,200,7958100,"S"
"EVF","14:23:27",16.95,-0.15,3000,7957900,"B"
"EVF","14:22:59",16.95,-0.15,1700,7954900,"B"
"EVF","14:22:46",17,-0.1,200,7953200,"S"
"EVF","14:22:27",17,-0.1,100,7953000,"S"
"EVF","14:22:16",17,-0.1,200,7952900,"S"
"EVF","14:22:11",16.95,-0.15,1100,7952700,"B"
"EVF","14:21:16",16.95,-0.15,5700,7951600,"B"
"EVF","14:21:15",17,-0.1,20000,7945900,"S"
"EVF","14:20:03",17,-0.1,100,7925900,"S"
"EVF","14:16:16",17,-0.1,100,7925800,"S"
"EVF","14:16:16",17,-0.1,4600,7925700,"B"
"EVF","14:16:07",17,-0.1,50000,7921100,"B"
"EVF","14:15:57",17.05,-0.05,5000,7871100,"S"
"EVF","14:15:51",17,-0.1,5000,7866100,"B"
"EVF","14:15:46",17.05,-0.05,10000,7861100,"S"
"EVF","14:15:44",17,-0.1,3000,7851100,"B"
"EVF","14:14:48",17,-0.1,100,7848100,"B"
"EVF","14:14:14",17,-0.1,500,7848000,"B"
"EVF","14:13:32",17,-0.1,100,7847500,"B"
"EVF","14:13:26",17,-0.1,5000,7847400,"B"
"EVF","14:13:11",17,-0.1,4600,7842400,"B"
"EVF","14:13:08",17.05,-0.05,300,7837800,"S"
"EVF","14:12:19",17,-0.1,1500,7837500,"B"
"EVF","14:12:04",17,-0.1,35700,7836000,"S"
"EVF","14:11:59",16.95,-0.15,400,7800300,"S"
"EVF","14:11:55",16.95,-0.15,200,7799900,"S"
"EVF","14:11:35",16.95,-0.15,200,7799700,"S"
"EVF","14:11:31",16.95,-0.15,2000,7799500,"S"
"EVF","14:11:17",16.95,-0.15,200,7797500,"B"
"EVF","14:11:15",16.95,-0.15,5000,7797300,"B"
"EVF","14:11:09",16.95,-0.15,2000,7792300,"B"
"EVF","14:09:38",16.95,-0.15,5000,7790300,"B"
"EVF","14:08:48",16.95,-0.15,1200,7785300,"S"
"EVF","14:08:40",16.95,-0.15,100,7784100,"S"
"EVF","14:08:07",16.95,-0.15,1800,7784000,"B"
"EVF","14:07:55",16.95,-0.15,100,7782200,"B"
"EVF","14:07:16",16.95,-0.15,10000,7782100,"B"
"EVF","14:06:45",17,-0.1,200,7772100,"S"
"EVF","14:05:26",16.95,-0.15,1000,7771900,"B"
"EVF","14:04:50",16.95,-0.15,1700,7770900,"S"
"EVF","14:04:44",16.9,-0.2,4800,7769200,"B"
"EVF","14:04:35",16.95,-0.15,5000,7764400,"S"
"EVF","14:04:32",16.9,-0.2,10000,7759400,"B"
"EVF","14:04:12",16.95,-0.15,100,7749400,"S"
"EVF","14:04:07",16.95,-0.15,2000,7749300,"S"
"EVF","14:03:39",16.95,-0.15,41200,7747300,"B"
"EVF","14:03:18",17,-0.1,1200,7706100,"S"
"EVF","14:01:10",16.95,-0.15,14800,7704900,"S"
"EVF","14:01:09",16.95,-0.15,5000,7690100,"S"
"EVF","14:00:54",16.95,-0.15,1000,7685100,"S"
"EVF","14:00:28",16.95,-0.15,2500,7684100,"S"
"EVF","14:00:03",16.95,-0.15,200,7681600,"S"
"EVF","13:59:51",16.95,-0.15,300,7681400,"S"
"EVF","13:58:36",16.95,-0.15,10000,7681100,"S"
"EVF","13:58:33",16.95,-0.15,500,7671100,"S"
"EVF","13:58:14",16.95,-0.15,6000,7670600,"S"
"EVF","13:57:44",16.9,-0.2,1800,7664600,"B"
"EVF","13:57:28",16.95,-0.15,21500,7662800,"B"
"EVF","13:56:46",16.95,-0.15,2500,7641300,"B"
"EVF","13:56:36",16.95,-0.15,13300,7638800,"S"
"EVF","13:55:50",16.95,-0.15,40700,7625500,"B"
"EVF","13:55:45",16.95,-0.15,3000,7584800,"B"
"EVF","13:55:34",16.95,-0.15,200000,7581800,"B"
"EVF","13:55:32",16.95,-0.15,50000,7381800,"B"
"EVF","13:54:42",17,-0.1,300,7331800,"S"
"EVF","13:54:30",17,-0.1,200,7331500,"S"
"EVF","13:53:33",17,-0.1,100,7331300,"S"
"EVF","13:53:30",17,-0.1,2000,7331200,"S"
"EVF","13:52:42",17,-0.1,200,7329200,"S"
"EVF","13:52:09",16.95,-0.15,3300,7329000,"B"
"EVF","13:51:44",16.95,-0.15,400,7325700,"B"
"EVF","13:49:06",16.95,-0.15,3000,7325300,"B"
"EVF","13:48:14",17,-0.1,400,7322300,"S"
"EVF","13:47:11",17,-0.1,700,7321900,"S"
"EVF","13:46:51",17,-0.1,200,7321200,"S"
"EVF","13:45:42",17,-0.1,2000,7321000,"S"
"EVF","13:44:46",17,-0.1,100,7319000,"S"
"EVF","13:44:42",17,-0.1,500,7318900,"B"
"EVF","13:44:27",17,-0.1,200,7318400,"S"
"EVF","13:43:53",17,-0.1,10000,7318200,"S"
"EVF","13:43:48",17,-0.1,5000,7308200,"S"
"EVF","13:43:38",17,-0.1,20000,7303200,"S"
"EVF","13:39:41",16.95,-0.15,1000,7283200,"B"
"EVF","13:38:56",16.95,-0.15,500,7282200,"B"
"EVF","13:38:51",16.95,-0.15,300,7281700,"B"
"EVF","13:37:49",17,-0.1,1000,7281400,"S"
"EVF","13:36:33",17,-0.1,5200,7280400,"B"
"EVF","13:36:30",17,-0.1,300,7275200,"B"
"EVF","13:36:30",17,-0.1,4000,7274900,"B"
"EVF","13:36:26",17,-0.1,30000,7270900,"B"
"EVF","13:36:18",17,-0.1,200,7240900,"B"
"EVF","13:35:46",17,-0.1,700,7240700,"S"
"EVF","13:34:41",17,-0.1,3800,7240000,"S"
"EVF","13:34:08",17,-0.1,2500,7236200,"S"
"EVF","13:33:59",17,-0.1,2800,7233700,"S"
"EVF","13:33:43",17,-0.1,100,7230900,"S"
"EVF","13:33:32",17,-0.1,100,7230800,"S"
"EVF","13:33:26",17,-0.1,10000,7230700,"S"
"EVF","13:32:59",17,-0.1,5000,7220700,"S"
"EVF","13:32:14",17,-0.1,2000,7215700,"S"
"EVF","13:32:00",17,-0.1,100,7213700,"S"
"EVF","13:31:48",17,-0.1,5000,7213600,"S"
"EVF","13:31:29",17,-0.1,300,7208600,"S"
"EVF","13:31:03",16.95,-0.15,500,7208300,"B"
"EVF","13:30:57",17,-0.1,3000,7207800,"S"
"EVF","13:30:56",17,-0.1,500,7204800,"B"
"EVF","13:30:56",17,-0.1,70900,7204300,"B"
"EVF","13:30:48",17.05,-0.05,55300,7133400,"B"
"EVF","13:30:32",17.05,-0.05,10000,7078100,"B"
"EVF","13:30:23",17.05,-0.05,84600,7068100,"B"
"EVF","13:30:20",17.1,0,2500,6983500,"S"
"EVF","13:29:28",17.1,0,3000,6981000,"S"
"EVF","13:29:16",17.1,0,300,6978000,"S"
"EVF","13:29:05",17.1,0,1000,6977700,"S"
"EVF","13:28:42",17.1,0,3000,6976700,"S"
"EVF","13:28:40",17.1,0,10000,6973700,"S"
"EVF","13:28:36",17.1,0,2000,6963700,"S"
"EVF","13:28:29",17.1,0,20000,6961700,"S"
"EVF","13:27:58",17.1,0,300,6941700,"S"
"EVF","13:27:44",17.1,0,200,6941400,"S"
"EVF","13:27:38",17.1,0,4000,6941200,"S"
"EVF","13:27:09",17.1,0,8000,6937200,"S"
"EVF","13:27:01",17.1,0,5000,6929200,"S"
"EVF","13:26:53",17.1,0,16000,6924200,"S"
"EVF","13:26:46",17.1,0,100,6908200,"S"
"EVF","13:26:26",17.1,0,1000,6908100,"S"
"EVF","13:26:26",17.05,-0.05,500,6907100,"B"
"EVF","13:26:10",17.1,0,500,6906600,"S"
"EVF","13:26:02",17.1,0,200,6906100,"S"
"EVF","13:26:01",17.1,0,6700,6905900,"S"
"EVF","13:25:56",17.1,0,2700,6899200,"S"
"EVF","13:25:47",17.1,0,50000,6896500,"S"
"EVF","13:25:38",17.1,0,30000,6846500,"S"
"EVF","13:24:20",17.1,0,100,6816500,"S"
"EVF","13:24:11",17.1,0,3000,6816400,"S"
"EVF","13:24:03",17.1,0,9000,6813400,"S"
"EVF","13:23:54",17.1,0,5000,6804400,"S"
"EVF","13:23:36",17.1,0,10000,6799400,"S"
"EVF","13:23:20",17.05,-0.05,3900,6789400,"S"
"EVF","13:23:04",17.05,-0.05,1800,6785500,"S"
"EVF","13:23:00",17.05,-0.05,2000,6783700,"S"
"EVF","13:22:46",17.05,-0.05,3000,6781700,"S"
"EVF","13:22:26",17.05,-0.05,1000,6778700,"S"
"EVF","13:22:25",17.05,-0.05,5000,6777700,"S"
"EVF","13:22:25",17.05,-0.05,5000,6772700,"S"
"EVF","13:22:18",17.05,-0.05,300,6767700,"S"
"EVF","13:22:11",17.05,-0.05,2500,6767400,"S"
"EVF","13:22:06",17.05,-0.05,4000,6764900,"S"
"EVF","13:22:06",17.05,-0.05,200,6760900,"S"
"EVF","13:21:54",17.05,-0.05,2000,6760700,"S"
"EVF","13:21:40",17.05,-0.05,40000,6758700,"S"
"EVF","13:20:29",17.05,-0.05,2000,6718700,"S"
"EVF","13:19:50",17,-0.1,200,6716700,"B"
"EVF","13:19:48",17.05,-0.05,20000,6716500,"S"
"EVF","13:19:37",17.05,-0.05,1100,6696500,"S"
"EVF","13:19:29",17.05,-0.05,5000,6695400,"S"
"EVF","13:19:21",17.05,-0.05,10000,6690400,"S"
"EVF","13:19:12",17.05,-0.05,19000,6680400,"S"
"EVF","13:17:47",17,-0.1,18700,6661400,"S"
"EVF","13:17:33",17,-0.1,800,6642700,"S"
"EVF","13:16:32",17,-0.1,800,6641900,"S"
"EVF","13:16:31",17,-0.1,5000,6641100,"S"
"EVF","13:16:16",17,-0.1,100,6636100,"S"
"EVF","13:15:47",17,-0.1,500,6636000,"S"
"EVF","13:15:15",17,-0.1,2400,6635500,"B"
"EVF","13:14:52",17,-0.1,100,6633100,"S"
"EVF","13:14:50",17,-0.1,800,6633000,"S"
"EVF","13:14:31",17,-0.1,4000,6632200,"S"
"EVF","13:14:20",17,-0.1,1000,6628200,"S"
"EVF","13:14:10",16.95,-0.15,6400,6627200,"B"
"EVF","13:14:08",16.95,-0.15,1000,6620800,"B"
"EVF","13:14:07",17,-0.1,2000,6619800,"S"
"EVF","13:13:58",16.95,-0.15,5000,6617800,"B"
"EVF","13:13:48",17,-0.1,1400,6612800,"S"
"EVF","13:13:42",17,-0.1,2000,6611400,"S"
"EVF","13:13:03",17,-0.1,1000,6609400,"S"
"EVF","13:12:56",17,-0.1,1000,6608400,"S"
"EVF","13:12:18",17,-0.1,1000,6607400,"S"
"EVF","13:11:48",17,-0.1,500,6606400,"S"
"EVF","13:11:14",17,-0.1,200,6605900,"S"
"EVF","13:10:54",17,-0.1,8100,6605700,"B"
"EVF","13:10:47",17,-0.1,30000,6597600,"B"
"EVF","13:10:42",17,-0.1,55000,6567600,"B"
"EVF","13:10:31",17,-0.1,10000,6512600,"B"
"EVF","13:10:23",17,-0.1,200,6502600,"S"
"EVF","13:10:23",17,-0.1,1000,6502400,"S"
"EVF","13:10:22",17,-0.1,8800,6501400,"B"
"EVF","13:10:15",17,-0.1,9500,6492600,"B"
"EVF","13:10:07",17,-0.1,1800,6483100,"S"
"EVF","13:10:02",17,-0.1,10000,6481300,"S"
"EVF","13:09:51",17,-0.1,500,6471300,"S"
"EVF","13:09:45",16.95,-0.15,1000,6470800,"B"
"EVF","13:09:41",17,-0.1,1100,6469800,"S"
"EVF","13:09:12",17,-0.1,200,6468700,"S"
"EVF","13:09:05",16.95,-0.15,700,6468500,"B"
"EVF","13:09:03",17,-0.1,100,6467800,"S"
"EVF","13:08:57",17,-0.1,500,6467700,"S"
"EVF","13:08:47",17,-0.1,500,6467200,"S"
"EVF","13:08:42",17,-0.1,19100,6466700,"B"
"EVF","13:08:41",17,-0.1,900,6447600,"S"
"EVF","13:08:39",17,-0.1,100,6446700,"B"
"EVF","13:08:37",17,-0.1,200,6446600,"S"
"EVF","13:08:33",17,-0.1,100,6446400,"S"
"EVF","13:08:31",16.95,-0.15,1000,6446300,"B"
"EVF","13:08:31",17,-0.1,300,6445300,"S"
"EVF","13:08:26",17,-0.1,41100,6445000,"S"
"EVF","13:08:24",17,-0.1,2000,6403900,"S"
"EVF","13:08:15",17,-0.1,200,6401900,"S"
"EVF","13:08:12",17,-0.1,500,6401700,"S"
"EVF","13:08:11",16.95,-0.15,600,6401200,"B"
"EVF","13:08:05",16.95,-0.15,3000,6400600,"B"
"EVF","13:08:03",17,-0.1,5000,6397600,"S"
"EVF","13:08:01",17,-0.1,100,6392600,"S"
"EVF","13:07:58",17,-0.1,4000,6392500,"B"
"EVF","13:07:57",17,-0.1,5000,6388500,"B"
"EVF","13:07:55",17,-0.1,1200,6383500,"B"
"EVF","13:07:54",17,-0.1,2000,6382300,"B"
"EVF","13:07:50",17,-0.1,1000,6380300,"B"
"EVF","13:07:47",17,-0.1,100000,6379300,"B"
"EVF","13:07:45",17.05,-0.05,500,6279300,"S"
"EVF","13:07:41",17.05,-0.05,3000,6278800,"S"
"EVF","13:07:30",17.05,-0.05,121700,6275800,"B"
"EVF","13:07:25",17.05,-0.05,500,6154100,"B"
"EVF","13:07:11",17.05,-0.05,4500,6153600,"B"
"EVF","13:07:08",17.1,0,300,6149100,"S"
"EVF","13:07:04",17.1,0,1000,6148800,"S"
"EVF","13:06:52",17.1,0,121500,6147800,"B"
"EVF","13:06:51",17.1,0,1000,6026300,"B"
"EVF","13:06:47",17.1,0,20000,6025300,"B"
"EVF","13:06:41",17.1,0,2900,6005300,"B"
"EVF","13:06:39",17.1,0,1500,6002400,"B"
"EVF","13:06:38",17.1,0,500,6000900,"B"
"EVF","13:06:23",17.1,0,1500,6000400,"B"
"EVF","13:06:08",17.15,0.05,145600,5998900,"B"
"EVF","13:05:50",17.15,0.05,9500,5853300,"B"
"EVF","13:05:45",17.15,0.05,11600,5843800,"B"
"EVF","13:05:29",17.2,0.1,210200,5832200,"B"
"EVF","13:05:28",17.25,0.15,500,5622000,"S"
"EVF","13:05:16",17.25,0.15,2000,5621500,"S"
"EVF","13:05:00",17.25,0.15,300,5619500,"B"
"EVF","13:04:53",17.25,0.15,200,5619200,"B"
"EVF","13:04:34",17.3,0.2,12400,5619000,"S"
"EVF","13:04:34",17.3,0.2,36000,5606600,"S"
"EVF","13:04:34",17.25,0.15,1600,5570600,"S"
"EVF","13:04:32",17.2,0.1,2000,5569000,"B"
"EVF","13:04:29",17.2,0.1,5600,5567000,"B"
"EVF","13:04:24",17.2,0.1,900,5561400,"B"
"EVF","13:04:24",17.25,0.15,4100,5560500,"B"
"EVF","13:04:20",17.25,0.15,100,5556400,"B"
"EVF","13:04:17",17.25,0.15,1200,5556300,"B"
"EVF","13:04:10",17.25,0.15,200,5555100,"B"
"EVF","13:04:03",17.25,0.15,1000,5554900,"B"
"EVF","13:03:53",17.25,0.15,200,5553900,"B"
"EVF","13:03:44",17.25,0.15,300,5553700,"B"
"EVF","13:03:07",17.3,0.2,30000,5553400,"S"
"EVF","13:03:04",17.25,0.15,50000,5523400,"B"
"EVF","13:02:58",17.3,0.2,15000,5473400,"S"
"EVF","13:02:49",17.3,0.2,30800,5458400,"B"
"EVF","13:02:48",17.35,0.25,10000,5427600,"S"
"EVF","13:02:38",17.35,0.25,20000,5417600,"S"
"EVF","13:02:33",17.3,0.2,100,5397600,"B"
"EVF","13:02:31",17.35,0.25,60000,5397500,"S"
"EVF","13:02:08",17.3,0.2,69100,5337500,"S"
"EVF","13:01:58",17.3,0.2,50000,5268400,"S"
"EVF","13:01:32",17.25,0.15,42900,5218400,"S"
"EVF","13:01:30",17.2,0.1,2000,5175500,"B"
"EVF","13:01:23",17.25,0.15,50000,5173500,"S"
"EVF","13:01:19",17.2,0.1,3000,5123500,"B"
"EVF","13:01:14",17.25,0.15,30000,5120500,"S"
"EVF","13:01:10",17.2,0.1,1600,5090500,"B"
"EVF","13:01:00",17.2,0.1,2600,5088900,"B"
"EVF","13:00:54",17.2,0.1,1200,5086300,"B"
"EVF","13:00:39",17.2,0.1,2000,5085100,"B"
"EVF","13:00:35",17.2,0.1,10000,5083100,"B"
"EVF","13:00:24",17.25,0.15,3400,5073100,"B"
"EVF","13:00:23",17.25,0.15,5000,5069700,"B"
"EVF","13:00:22",17.25,0.15,100,5064700,"B"
"EVF","13:00:22",17.3,0.2,1600,5064600,"S"
"EVF","13:00:21",17.25,0.15,300,5063000,"B"
"EVF","13:00:19",17.25,0.15,5000,5062700,"B"
"EVF","13:00:17",17.25,0.15,4000,5057700,"B"
"EVF","13:00:16",17.25,0.15,300,5053700,"B"
"EVF","13:00:14",17.25,0.15,5100,5053400,"B"
"EVF","13:00:13",17.25,0.15,7000,5048300,"B"
"EVF","13:00:12",17.25,0.15,3300,5041300,"B"
"EVF","13:00:10",17.25,0.15,30100,5038000,"B"
"EVF","13:00:09",17.25,0.15,1100,5007900,"B"
"EVF","13:00:08",17.25,0.15,1000,5006800,"B"
"EVF","13:00:07",17.25,0.15,1000,5005800,"B"
"EVF","13:00:06",17.25,0.15,1000,5004800,"B"
"EVF","13:00:05",17.25,0.15,5000,5003800,"B"
"EVF","13:00:03",17.25,0.15,39000,4998800,"B"
"EVF","13:00:01",17.25,0.15,700,4959800,"B"
"EVF","13:00:01",17.25,0.15,17800,4959100,"B"
"EVF","11:29:55",17.25,0.15,500,4941300,"B"
"EVF","11:29:11",17.3,0.2,10000,4940800,"S"
"EVF","11:28:59",17.3,0.2,9000,4930800,"S"
"EVF","11:28:54",17.3,0.2,7000,4921800,"S"
"EVF","11:28:53",17.25,0.15,100,4914800,"B"
"EVF","11:28:50",17.3,0.2,5000,4914700,"S"
"EVF","11:28:42",17.25,0.15,100,4909700,"B"
"EVF","11:28:37",17.25,0.15,100,4909600,"B"
"EVF","11:28:37",17.3,0.2,20000,4909500,"S"
"EVF","11:28:25",17.25,0.15,100,4889500,"B"
"EVF","11:28:21",17.25,0.15,27100,4889400,"S"
"EVF","11:27:54",17.2,0.1,100,4862300,"B"
"EVF","11:27:43",17.25,0.15,30000,4862200,"S"
"EVF","11:27:41",17.25,0.15,100,4832200,"S"
"EVF","11:26:35",17.25,0.15,25000,4832100,"S"
"EVF","11:26:20",17.2,0.1,1000,4807100,"B"
"EVF","11:26:18",17.2,0.1,38800,4806100,"S"
"EVF","11:25:56",17.2,0.1,15000,4767300,"S"
"EVF","11:25:30",17.2,0.1,20000,4752300,"S"
"EVF","11:24:53",17.2,0.1,8000,4732300,"S"
"EVF","11:24:47",17.2,0.1,17000,4724300,"S"
"EVF","11:24:37",17.2,0.1,10000,4707300,"S"
"EVF","11:24:07",17.2,0.1,5000,4697300,"S"
"EVF","11:24:01",17.2,0.1,25000,4692300,"S"
"EVF","11:23:27",17.2,0.1,18000,4667300,"S"
"EVF","11:23:23",17.15,0.05,33400,4649300,"S"
"EVF","11:23:07",17.15,0.05,60000,4615900,"S"
"EVF","11:22:59",17.15,0.05,10000,4555900,"S"
"EVF","11:22:46",17.15,0.05,25000,4545900,"S"
"EVF","11:22:29",17.15,0.05,2000,4520900,"S"
"EVF","11:22:23",17.15,0.05,3000,4518900,"S"
"EVF","11:22:19",17.15,0.05,5000,4515900,"S"
"EVF","11:21:47",17.15,0.05,20000,4510900,"S"
"EVF","11:21:14",17.15,0.05,3000,4490900,"S"
"EVF","11:20:54",17.15,0.05,18000,4487900,"S"
"EVF","11:20:21",17.15,0.05,9000,4469900,"S"
"EVF","11:20:15",17.15,0.05,4000,4460900,"S"
"EVF","11:20:09",17.15,0.05,3000,4456900,"S"
"EVF","11:20:04",17.15,0.05,15000,4453900,"S"
"EVF","11:19:20",17.15,0.05,20000,4438900,"S"
"EVF","11:19:14",17.1,0,3700,4418900,"S"
"EVF","11:19:08",17.1,0,40000,4415200,"S"
"EVF","11:18:44",17.1,0,39600,4375200,"S"
"EVF","11:18:43",17.1,0,10400,4335600,"S"
"EVF","11:18:38",17.05,-0.05,1000,4325200,"B"
"EVF","11:18:15",17.1,0,19000,4324200,"S"
"EVF","11:18:06",17.1,0,5000,4305200,"S"
"EVF","11:17:58",17.1,0,15000,4300200,"S"
"EVF","11:16:19",17.05,-0.05,1000,4285200,"B"
"EVF","11:15:47",17.05,-0.05,2800,4284200,"B"
"EVF","11:15:09",17.05,-0.05,30000,4281400,"B"
"EVF","11:14:49",17.05,-0.05,5000,4251400,"B"
"EVF","11:14:22",17.05,-0.05,5000,4246400,"B"
"EVF","11:14:10",17.05,-0.05,5000,4241400,"B"
"EVF","11:14:06",17.05,-0.05,100,4236400,"B"
"EVF","11:13:30",17.05,-0.05,100,4236300,"B"
"EVF","11:12:42",17.05,-0.05,15000,4236200,"B"
"EVF","11:12:25",17.05,-0.05,800,4221200,"B"
"EVF","11:10:04",17.05,-0.05,9800,4220400,"S"
"EVF","11:09:57",17.05,-0.05,19000,4210600,"S"
"EVF","11:09:48",17.05,-0.05,1900,4191600,"S"
"EVF","11:09:48",17.05,-0.05,3100,4189700,"S"
"EVF","11:09:07",17,-0.1,200,4186600,"B"
"EVF","11:07:07",17,-0.1,4200,4186400,"B"
"EVF","11:06:53",17,-0.1,11000,4182200,"B"
"EVF","11:06:30",17,-0.1,100,4171200,"B"
"EVF","11:05:38",17,-0.1,14600,4171100,"S"
"EVF","11:05:06",17,-0.1,1000,4156500,"S"
"EVF","11:04:51",17,-0.1,500,4155500,"S"
"EVF","11:03:55",17,-0.1,2000,4155000,"S"
"EVF","11:03:50",17,-0.1,300,4153000,"S"
"EVF","11:00:14",17,-0.1,100,4152700,"S"
"EVF","10:59:31",17,-0.1,9600,4152600,"B"
"EVF","10:59:19",17,-0.1,24100,4143000,"S"
"EVF","10:59:13",17,-0.1,500,4118900,"S"
"EVF","10:58:57",17,-0.1,4000,4118400,"S"
"EVF","10:58:56",17,-0.1,1000,4114400,"S"
"EVF","10:58:42",17,-0.1,400,4113400,"B"
"EVF","10:58:22",17,-0.1,4600,4113000,"S"
"EVF","10:57:27",17,-0.1,100,4108400,"S"
"EVF","10:57:24",17,-0.1,1000,4108300,"S"
"EVF","10:57:17",17,-0.1,200,4107300,"S"
"EVF","10:57:08",17,-0.1,100,4107100,"S"
"EVF","10:56:12",16.95,-0.15,100,4107000,"B"
"EVF","10:56:03",17,-0.1,500,4106900,"S"
"EVF","10:55:29",16.95,-0.15,900,4106400,"B"
"EVF","10:54:46",17,-0.1,5000,4105500,"S"
"EVF","10:54:16",17,-0.1,500,4100500,"S"
"EVF","10:53:45",17,-0.1,11600,4100000,"B"
"EVF","10:53:30",17,-0.1,200,4088400,"B"
"EVF","10:52:35",17,-0.1,6800,4088200,"S"
"EVF","10:52:34",16.95,-0.15,500,4081400,"B"
"EVF","10:52:32",17,-0.1,6800,4080900,"S"
"EVF","10:51:26",17,-0.1,2000,4074100,"S"
"EVF","10:50:56",16.95,-0.15,1300,4072100,"B"
"EVF","10:50:48",16.95,-0.15,10700,4070800,"B"
"EVF","10:50:38",16.95,-0.15,6900,4060100,"B"
"EVF","10:49:49",17,-0.1,168000,4053200,"B"
"EVF","10:49:49",17.05,-0.05,130400,3885200,"B"
"EVF","10:49:40",17.05,-0.05,1700,3754800,"B"
"EVF","10:49:39",17.05,-0.05,8900,3753100,"B"
"EVF","10:49:19",17.05,-0.05,60000,3744200,"B"
"EVF","10:48:57",17.05,-0.05,1000,3684200,"B"
"EVF","10:48:34",17.05,-0.05,3000,3683200,"B"
"EVF","10:45:33",17.1,0,700,3680200,"S"
"EVF","10:44:49",17.1,0,300,3679500,"B"
"EVF","10:44:29",17.1,0,5500,3679200,"S"
"EVF","10:44:00",17.1,0,300,3673700,"S"
"EVF","10:40:40",17.1,0,1000,3673400,"B"
"EVF","10:39:55",17.1,0,4000,3672400,"S"
"EVF","10:39:18",17.1,0,300,3668400,"S"
"EVF","10:37:14",17.1,0,100,3668100,"S"
"EVF","10:37:12",17.1,0,200,3668000,"S"
"EVF","10:37:08",17.1,0,5000,3667800,"S"
"EVF","10:36:48",17.1,0,7000,3662800,"B"
"EVF","10:36:47",17.1,0,2000,3655800,"B"
"EVF","10:36:34",17.1,0,11000,3653800,"S"
"EVF","10:36:13",17.1,0,4000,3642800,"B"
"EVF","10:36:05",17.1,0,4000,3638800,"B"
"EVF","10:36:03",17.1,0,5000,3634800,"B"
"EVF","10:35:06",17.1,0,500,3629800,"B"
"EVF","10:34:45",17.1,0,900,3629300,"S"
"EVF","10:34:12",17.1,0,500,3628400,"S"
"EVF","10:34:00",17.1,0,200,3627900,"B"
"EVF","10:33:38",17.1,0,9800,3627700,"S"
"EVF","10:33:16",17.1,0,4900,3617900,"B"
"EVF","10:32:40",17.1,0,100,3613000,"S"
"EVF","10:32:33",17.1,0,1000,3612900,"S"
"EVF","10:32:09",17.1,0,4300,3611900,"B"
"EVF","10:31:53",17.1,0,5700,3607600,"S"
"EVF","10:31:14",17.1,0,96100,3601900,"B"
"EVF","10:31:03",17.1,0,100000,3505800,"B"
"EVF","10:29:20",17.15,0.05,100,3405800,"S"
"EVF","10:28:39",17.15,0.05,1000,3405700,"S"
"EVF","10:27:27",17.15,0.05,1000,3404700,"S"
"EVF","10:27:22",17.1,0,30000,3403700,"B"
"EVF","10:27:09",17.15,0.05,5000,3373700,"S"
"EVF","10:27:01",17.15,0.05,188200,3368700,"B"
"EVF","10:26:44",17.15,0.05,100,3180500,"B"
"EVF","10:26:31",17.15,0.05,20000,3180400,"B"
"EVF","10:26:14",17.15,0.05,25000,3160400,"B"
"EVF","10:25:56",17.15,0.05,200,3135400,"B"
"EVF","10:25:34",17.15,0.05,50000,3135200,"B"
"EVF","10:25:29",17.2,0.1,50000,3085200,"S"
"EVF","10:25:25",17.15,0.05,20000,3035200,"B"
"EVF","10:25:14",17.15,0.05,30000,3015200,"B"
"EVF","10:24:43",17.2,0.1,100,2985200,"S"
"EVF","10:24:30",17.15,0.05,300,2985100,"B"
"EVF","10:23:49",17.2,0.1,1000,2984800,"S"
"EVF","10:23:07",17.15,0.05,800,2983800,"B"
"EVF","10:22:17",17.2,0.1,3100,2983000,"S"
"EVF","10:22:08",17.2,0.1,5400,2979900,"S"
"EVF","10:22:01",17.2,0.1,500,2974500,"S"
"EVF","10:21:55",17.2,0.1,200,2974000,"S"
"EVF","10:21:32",17.15,0.05,1000,2973800,"B"
"EVF","10:20:57",17.15,0.05,2000,2972800,"B"
"EVF","10:20:00",17.15,0.05,400,2970800,"B"
"EVF","10:19:21",17.15,0.05,300,2970400,"B"
"EVF","10:18:59",17.2,0.1,500,2970100,"S"
"EVF","10:18:34",17.2,0.1,400,2969600,"S"
"EVF","10:18:26",17.15,0.05,1100,2969200,"B"
"EVF","10:18:20",17.2,0.1,500,2968100,"S"
"EVF","10:18:04",17.2,0.1,300,2967600,"S"
"EVF","10:17:22",17.2,0.1,100,2967300,"S"
"EVF","10:16:00",17.2,0.1,1000,2967200,"S"
"EVF","10:15:45",17.2,0.1,5000,2966200,"S"
"EVF","10:15:02",17.2,0.1,1000,2961200,"S"
"EVF","10:14:13",17.2,0.1,10000,2960200,"S"
"EVF","10:11:08",17.2,0.1,1000,2950200,"S"
"EVF","10:10:59",17.2,0.1,20000,2949200,"S"
"EVF","10:10:48",17.2,0.1,100,2929200,"S"
"EVF","10:10:25",17.2,0.1,1000,2929100,"B"
"EVF","10:10:25",17.2,0.1,158500,2928100,"B"
"EVF","10:09:21",17.25,0.15,76600,2769600,"B"
"EVF","10:09:14",17.25,0.15,50000,2693000,"B"
"EVF","10:09:12",17.25,0.15,50000,2643000,"B"
"EVF","10:09:08",17.25,0.15,39100,2593000,"B"
"EVF","10:08:44",17.25,0.15,400,2553900,"B"
"EVF","10:07:49",17.25,0.15,100,2553500,"B"
"EVF","10:07:37",17.25,0.15,500,2553400,"B"
"EVF","10:07:30",17.3,0.2,300,2552900,"S"
"EVF","10:07:16",17.3,0.2,900,2552600,"S"
"EVF","10:07:07",17.3,0.2,1300,2551700,"S"
"EVF","10:06:37",17.3,0.2,20000,2550400,"S"
"EVF","10:06:30",17.3,0.2,10000,2530400,"S"
"EVF","10:06:26",17.3,0.2,5000,2520400,"S"
"EVF","10:05:47",17.3,0.2,600,2515400,"S"
"EVF","10:05:28",17.3,0.2,5000,2514800,"S"
"EVF","10:05:24",17.3,0.2,20000,2509800,"S"
"EVF","10:05:21",17.25,0.15,100,2489800,"B"
"EVF","10:05:10",17.25,0.15,100,2489700,"B"
"EVF","10:04:54",17.3,0.2,30000,2489600,"S"
"EVF","10:04:42",17.25,0.15,100,2459600,"B"
"EVF","10:04:15",17.3,0.2,4000,2459500,"S"
"EVF","10:04:08",17.3,0.2,3000,2455500,"S"
"EVF","10:04:04",17.3,0.2,6000,2452500,"S"
"EVF","10:04:03",17.25,0.15,100,2446500,"B"
"EVF","10:03:43",17.25,0.15,100,2446400,"B"
"EVF","10:03:29",17.3,0.2,11000,2446300,"S"
"EVF","10:03:25",17.3,0.2,2000,2435300,"S"
"EVF","10:03:20",17.3,0.2,8000,2433300,"S"
"EVF","10:03:09",17.3,0.2,3000,2425300,"S"
"EVF","10:03:06",17.25,0.15,2000,2422300,"B"
"EVF","10:03:03",17.3,0.2,19000,2420300,"S"
"EVF","10:03:01",17.25,0.15,100,2401300,"B"
"EVF","10:02:50",17.25,0.15,100,2401200,"B"
"EVF","10:02:37",17.25,0.15,32900,2401100,"S"
"EVF","10:02:15",17.2,0.1,100,2368200,"B"
"EVF","10:02:11",17.25,0.15,100,2368100,"S"
"EVF","10:01:57",17.2,0.1,500,2368000,"B"
"EVF","10:01:51",17.2,0.1,100,2367500,"B"
"EVF","10:01:24",17.25,0.15,2000,2367400,"S"
"EVF","10:00:48",17.25,0.15,10000,2365400,"S"
"EVF","10:00:22",17.25,0.15,100,2355400,"S"
"EVF","09:59:49",17.25,0.15,1000,2355300,"S"
"EVF","09:59:40",17.25,0.15,500,2354300,"S"
"EVF","09:59:01",17.25,0.15,200,2353800,"S"
"EVF","09:58:23",17.25,0.15,200,2353600,"S"
"EVF","09:58:11",17.25,0.15,10000,2353400,"S"
"EVF","09:58:06",17.25,0.15,17000,2343400,"S"
"EVF","09:58:01",17.25,0.15,3000,2326400,"S"
"EVF","09:57:59",17.2,0.1,10000,2323400,"B"
"EVF","09:57:48",17.25,0.15,8000,2313400,"S"
"EVF","09:57:47",17.2,0.1,100,2305400,"B"
"EVF","09:57:44",17.2,0.1,2000,2305300,"B"
"EVF","09:57:35",17.2,0.1,100,2303300,"B"
"EVF","09:57:08",17.2,0.1,100,2303200,"B"
"EVF","09:56:35",17.2,0.1,38100,2303100,"S"
"EVF","09:56:32",17.2,0.1,15800,2265000,"S"
"EVF","09:53:33",17.2,0.1,200,2249200,"S"
"EVF","09:53:26",17.2,0.1,6000,2249000,"S"
"EVF","09:51:28",17.2,0.1,7200,2243000,"S"
"EVF","09:51:12",17.2,0.1,500,2235800,"S"
"EVF","09:50:29",17.2,0.1,15400,2235300,"B"
"EVF","09:50:23",17.2,0.1,100000,2219900,"B"
"EVF","09:50:12",17.2,0.1,20000,2119900,"B"
"EVF","09:50:08",17.2,0.1,100000,2099900,"B"
"EVF","09:49:23",17.2,0.1,25000,1999900,"B"
"EVF","09:48:14",17.25,0.15,9200,1974900,"S"
"EVF","09:48:04",17.25,0.15,1500,1965700,"S"
"EVF","09:46:42",17.2,0.1,500,1964200,"B"
"EVF","09:46:34",17.25,0.15,5400,1963700,"S"
"EVF","09:46:30",17.2,0.1,700,1958300,"B"
"EVF","09:46:28",17.25,0.15,30000,1957600,"S"
"EVF","09:46:25",17.2,0.1,200,1927600,"B"
"EVF","09:46:00",17.2,0.1,700,1927400,"B"
"EVF","09:44:48",17.2,0.1,100,1926700,"B"
"EVF","09:43:11",17.25,0.15,1900,1926600,"B"
"EVF","09:43:09",17.25,0.15,10000,1924700,"B"
"EVF","09:43:02",17.25,0.15,5000,1914700,"B"
"EVF","09:42:43",17.25,0.15,4400,1909700,"B"
"EVF","09:42:30",17.25,0.15,500,1905300,"B"
"EVF","09:42:24",17.25,0.15,8400,1904800,"S"
"EVF","09:41:44",17.25,0.15,1300,1896400,"S"
"EVF","09:41:25",17.25,0.15,3800,1895100,"B"
"EVF","09:41:20",17.25,0.15,5000,1891300,"B"
"EVF","09:41:16",17.25,0.15,20000,1886300,"B"
"EVF","09:40:48",17.25,0.15,6100,1866300,"S"
"EVF","09:39:49",17.25,0.15,200,1860200,"S"
"EVF","09:39:32",17.25,0.15,500,1860000,"S"
"EVF","09:39:03",17.25,0.15,1000,1859500,"S"
"EVF","09:38:51",17.25,0.15,300,1858500,"S"
"EVF","09:38:50",17.25,0.15,1000,1858200,"S"
"EVF","09:38:44",17.25,0.15,100,1857200,"S"
"EVF","09:38:25",17.25,0.15,25200,1857100,"S"
"EVF","09:38:19",17.25,0.15,500,1831900,"S"
"EVF","09:37:38",17.25,0.15,4600,1831400,"S"
"EVF","09:37:27",17.25,0.15,11400,1826800,"S"
"EVF","09:37:02",17.25,0.15,3000,1815400,"S"
"EVF","09:36:49",17.25,0.15,100,1812400,"S"
"EVF","09:36:47",17.2,0.1,2000,1812300,"B"
"EVF","09:36:09",17.2,0.1,500,1810300,"B"
"EVF","09:36:07",17.25,0.15,2800,1809800,"S"
"EVF","09:36:05",17.25,0.15,400,1807000,"S"
"EVF","09:36:04",17.25,0.15,300,1806600,"S"
"EVF","09:35:51",17.25,0.15,200,1806300,"S"
"EVF","09:35:23",17.25,0.15,5000,1806100,"S"
"EVF","09:35:20",17.25,0.15,6800,1801100,"B"
"EVF","09:35:10",17.25,0.15,500,1794300,"B"
"EVF","09:34:56",17.25,0.15,50000,1793800,"B"
"EVF","09:34:47",17.3,0.2,10000,1743800,"S"
"EVF","09:34:37",17.3,0.2,100,1733800,"S"
"EVF","09:34:32",17.3,0.2,91700,1733700,"B"
"EVF","09:34:31",17.35,0.25,2000,1642000,"S"
"EVF","09:34:28",17.3,0.2,500,1640000,"B"
"EVF","09:34:22",17.4,0.3,51000,1499600,"B"
"EVF","09:34:19",17.45,0.35,3000,1448600,"S"
"EVF","09:33:58",17.45,0.35,1000,1445600,"S"
"EVF","09:33:56",17.4,0.3,500,1444600,"B"
"EVF","09:33:38",17.45,0.35,21000,1444100,"S"
"EVF","09:33:36",17.45,0.35,2500,1423100,"S"
"EVF","09:33:34",17.45,0.35,3700,1420600,"S"
"EVF","09:33:32",17.45,0.35,15000,1416900,"S"
"EVF","09:33:27",17.45,0.35,500,1401900,"S"
"EVF","09:33:26",17.45,0.35,10000,1401400,"S"
"EVF","09:33:20",17.45,0.35,1000,1391400,"S"
"EVF","09:33:20",17.45,0.35,500,1390400,"S"
"EVF","09:33:09",17.45,0.35,9600,1389900,"B"
"EVF","09:32:57",17.5,0.4,20000,1380300,"S"
"EVF","09:32:56",17.45,0.35,5000,1360300,"B"
"EVF","09:32:53",17.5,0.4,1000,1355300,"S"
"EVF","09:32:49",17.5,0.4,50000,1354300,"S"
"EVF","09:32:35",17.45,0.35,1000,1304300,"B"
"EVF","09:32:28",17.45,0.35,36600,1303300,"S"
"EVF","09:32:24",17.45,0.35,50000,1266700,"S"
"EVF","09:32:23",17.4,0.3,60000,1216700,"B"
"EVF","09:32:21",17.4,0.3,2000,1156700,"B"
"EVF","09:32:14",17.4,0.3,10000,1154700,"B"
"EVF","09:32:10",17.45,0.35,1000,1144700,"S"
"EVF","09:32:06",17.4,0.3,20000,1143700,"B"
"EVF","09:32:02",17.45,0.35,30000,1123700,"S"
"EVF","09:31:40",17.45,0.35,5000,1093700,"S"
"EVF","09:31:38",17.4,0.3,200,1088700,"B"
"EVF","09:31:30",17.45,0.35,300,1088500,"S"
"EVF","09:31:29",17.45,0.35,16000,1088200,"S"
"EVF","09:31:24",17.4,0.3,100,1072200,"B"
"EVF","09:31:23",17.45,0.35,10000,1072100,"S"
"EVF","09:31:18",17.45,0.35,6000,1062100,"S"
"EVF","09:31:14",17.45,0.35,100,1056100,"S"
"EVF","09:30:59",17.45,0.35,5000,1056000,"S"
"EVF","09:30:53",17.45,0.35,100,1051000,"S"
"EVF","09:30:31",17.4,0.3,25400,1050900,"S"
"EVF","09:30:11",17.4,0.3,200,1025500,"S"
"EVF","09:30:05",17.4,0.3,600,1025300,"S"
"EVF","09:29:49",17.4,0.3,5000,1024700,"S"
"EVF","09:29:49",17.35,0.25,300,1019700,"B"
"EVF","09:29:49",17.4,0.3,1000,1019400,"S"
"EVF","09:29:43",17.4,0.3,1000,1018400,"S"
"EVF","09:29:35",17.4,0.3,10000,1017400,"S"
"EVF","09:29:32",17.35,0.25,1000,1007400,"B"
"EVF","09:29:27",17.4,0.3,600,1006400,"S"
"EVF","09:29:20",17.4,0.3,1000,1005800,"S"
"EVF","09:29:20",17.4,0.3,600,1004800,"S"
"EVF","09:29:12",17.4,0.3,500,1004200,"S"
"EVF","09:29:03",17.4,0.3,300,1003700,"S"
"EVF","09:29:01",17.4,0.3,600,1003400,"S"
"EVF","09:28:57",17.4,0.3,20000,1002800,"S"
"EVF","09:28:53",17.4,0.3,100,982800,"S"
"EVF","09:28:52",17.4,0.3,9000,982700,"S"
"EVF","09:28:50",17.4,0.3,18000,973700,"S"
"EVF","09:28:42",17.4,0.3,10000,955700,"S"
"EVF","09:28:40",17.4,0.3,9000,945700,"S"
"EVF","09:28:33",17.4,0.3,34000,936700,"S"
"EVF","09:28:23",17.4,0.3,6000,902700,"S"
"EVF","09:28:13",17.4,0.3,10000,896700,"S"
"EVF","09:27:51",17.4,0.3,200,886700,"S"
"EVF","09:27:19",17.4,0.3,5000,886500,"S"
"EVF","09:27:13",17.4,0.3,10000,881500,"S"
"EVF","09:27:05",17.4,0.3,15000,871500,"S"
"EVF","09:27:00",17.35,0.25,1300,856500,"B"
"EVF","09:26:50",17.35,0.25,7800,855200,"S"
"EVF","09:26:42",17.35,0.25,100,847400,"S"
"EVF","09:26:00",17.35,0.25,600,847300,"S"
"EVF","09:25:56",17.3,0.2,1000,846700,"B"
"EVF","09:25:41",17.35,0.25,600,845700,"S"
"EVF","09:25:40",17.35,0.25,4100,845100,"S"
"EVF","09:25:38",17.35,0.25,1000,841000,"S"
"EVF","09:25:31",17.35,0.25,15000,840000,"S"
"EVF","09:25:27",17.35,0.25,1300,825000,"S"
"EVF","09:25:16",17.35,0.25,8000,823700,"S"
"EVF","09:25:12",17.35,0.25,5000,815700,"S"
"EVF","09:25:06",17.35,0.25,6000,810700,"S"
"EVF","09:24:58",17.3,0.2,10000,804700,"B"
"EVF","09:24:56",17.35,0.25,10000,794700,"S"
"EVF","09:24:47",17.35,0.25,11000,784700,"S"
"EVF","09:24:32",17.3,0.2,200,773700,"B"
"EVF","09:24:30",17.35,0.25,100,773500,"S"
"EVF","09:24:13",17.35,0.25,600,773400,"S"
"EVF","09:24:06",17.3,0.2,100,772800,"B"
"EVF","09:24:00",17.3,0.2,3200,772700,"B"
"EVF","09:23:48",17.3,0.2,1700,769500,"S"
"EVF","09:23:36",17.3,0.2,3000,767800,"S"
"EVF","09:23:17",17.3,0.2,50000,764800,"S"
"EVF","09:23:07",17.3,0.2,500,714800,"S"
"EVF","09:23:06",17.3,0.2,20000,714300,"S"
"EVF","09:23:03",17.3,0.2,21500,694300,"S"
"EVF","09:22:51",17.3,0.2,10000,672800,"S"
"EVF","09:22:44",17.25,0.15,600,662800,"B"
"EVF","09:22:35",17.3,0.2,13000,662200,"S"
"EVF","09:22:32",17.3,0.2,5000,649200,"S"
"EVF","09:22:06",17.3,0.2,300,644200,"S"
"EVF","09:22:02",17.3,0.2,20000,643900,"S"
"EVF","09:21:54",17.3,0.2,2000,623900,"S"
"EVF","09:21:50",17.3,0.2,3000,621900,"S"
"EVF","09:21:47",17.3,0.2,10000,618900,"S"
"EVF","09:21:45",17.3,0.2,8000,608900,"S"
"EVF","09:21:44",17.3,0.2,200,600900,"S"
"EVF","09:21:43",17.25,0.15,20000,600700,"B"
"EVF","09:21:42",17.3,0.2,7000,580700,"S"
"EVF","09:21:37",17.3,0.2,20000,573700,"S"
"EVF","09:21:35",17.3,0.2,6000,553700,"S"
"EVF","09:21:03",17.3,0.2,5000,547700,"S"
"EVF","09:21:01",17.3,0.2,15000,542700,"S"
"EVF","09:20:58",17.3,0.2,6000,527700,"S"
"EVF","09:20:54",17.3,0.2,10000,521700,"S"
"EVF","09:20:41",17.3,0.2,6000,511700,"S"
"EVF","09:20:37",17.3,0.2,19000,505700,"S"
"EVF","09:20:32",17.3,0.2,4700,486700,"S"
"EVF","09:20:23",17.3,0.2,7100,482000,"S"
"EVF","09:20:09",17.3,0.2,5700,474900,"S"
"EVF","09:19:51",17.25,0.15,13300,469200,"S"
"EVF","09:19:48",17.25,0.15,10000,455900,"S"
"EVF","09:19:47",17.25,0.15,2500,445900,"S"
"EVF","09:19:34",17.25,0.15,8000,443400,"S"
"EVF","09:19:30",17.25,0.15,4000,435400,"S"
"EVF","09:19:29",17.25,0.15,30000,431400,"S"
"EVF","09:18:51",17.2,0.1,10000,401400,"B"
"EVF","09:18:45",17.25,0.15,8000,391400,"S"
"EVF","09:18:42",17.25,0.15,5000,383400,"S"
"EVF","09:18:40",17.2,0.1,500,378400,"B"
"EVF","09:18:26",17.2,0.1,6400,377900,"S"
"EVF","09:18:22",17.2,0.1,10200,371500,"S"
"EVF","09:18:21",17.2,0.1,100,361300,"S"
"EVF","09:18:07",17.2,0.1,12900,361200,"S"
"EVF","09:18:03",17.15,0.05,3100,348300,"B"
"EVF","09:17:59",17.2,0.1,50000,345200,"S"
"EVF","09:17:53",17.2,0.1,2000,295200,"S"
"EVF","09:17:50",17.15,0.05,4700,293200,"B"
"EVF","09:17:35",17.2,0.1,20000,288500,"S"
"EVF","09:17:23",17.15,0.05,3000,268500,"B"
"EVF","09:17:05",17.15,0.05,100,265500,"B"
"EVF","09:16:56",17.15,0.05,1700,265400,"B"
"EVF","09:16:54",17.15,0.05,100,263700,"B"
"EVF","09:16:51",17.15,0.05,1100,263600,"B"
"EVF","09:16:48",17.15,0.05,2000,262500,"B"
"EVF","09:16:44",17.15,0.05,5000,260500,"B"
"EVF","09:16:30",17.15,0.05,20000,255500,"B"
"EVF","09:16:27",17.2,0.1,19000,235500,"S"
"EVF","09:16:26",17.2,0.1,8000,216500,"S"
"EVF","09:16:21",17.2,0.1,700,208500,"S"
"EVF","09:16:19",17.2,0.1,15000,207800,"S"
"EVF","09:16:11",17.2,0.1,15000,192800,"S"
"EVF","09:16:10",17.15,0.05,2000,177800,"B"
"EVF","09:16:01",17.2,0.1,30000,175800,"S"
"EVF","09:15:57",17.15,0.05,1200,145800,"B"
"EVF","09:15:30",17.15,0.05,1700,144600,"B"
"EVF","09:15:00",17.15,0.05,142900,142900,
