"symbol","time","price","change","vol","total","side"
"NVL","14:45:01",16.85,0,446000,9153200,
"NVL","14:30:00",16.9,0.05,3000,8707200,"S"
"NVL","14:29:57",16.9,0.05,500,8704200,"S"
"NVL","14:29:53",16.9,0.05,800,8703700,"S"
"NVL","14:29:50",16.9,0.05,6600,8702900,"B"
"NVL","14:29:49",16.9,0.05,5000,8696300,"B"
"NVL","14:29:48",16.9,0.05,3100,8691300,"B"
"NVL","14:29:43",16.9,0.05,1300,8688200,"B"
"NVL","14:29:40",16.9,0.05,1000,8686900,"B"
"NVL","14:29:40",16.9,0.05,20000,8685900,"B"
"NVL","14:29:37",16.9,0.05,2000,8665900,"B"
"NVL","14:29:36",16.9,0.05,1200,8663900,"B"
"NVL","14:29:34",16.95,0.1,8800,8662700,"S"
"NVL","14:29:34",16.9,0.05,10000,8653900,"B"
"NVL","14:29:29",16.9,0.05,3000,8643900,"B"
"NVL","14:29:28",16.9,0.05,500,8640900,"B"
"NVL","14:29:27",16.9,0.05,11800,8640400,"B"
"NVL","14:29:25",16.9,0.05,10000,8628600,"B"
"NVL","14:29:23",16.95,0.1,1000,8618600,"S"
"NVL","14:29:23",16.9,0.05,500,8617600,"B"
"NVL","14:29:22",16.9,0.05,2000,8617100,"B"
"NVL","14:29:20",16.9,0.05,2000,8615100,"B"
"NVL","14:29:16",16.9,0.05,700,8613100,"B"
"NVL","14:29:16",16.9,0.05,2800,8612400,"B"
"NVL","14:29:14",16.9,0.05,500,8609600,"B"
"NVL","14:29:09",16.9,0.05,5700,8609100,"B"
"NVL","14:29:08",16.9,0.05,3000,8603400,"B"
"NVL","14:29:06",16.9,0.05,2500,8600400,"B"
"NVL","14:29:06",16.9,0.05,1400,8597900,"B"
"NVL","14:29:03",16.9,0.05,100,8596500,"B"
"NVL","14:29:01",16.9,0.05,700,8596400,"B"
"NVL","14:29:00",16.9,0.05,4000,8595700,"B"
"NVL","14:28:59",16.9,0.05,10200,8591700,"B"
"NVL","14:28:50",16.9,0.05,30000,8581500,"B"
"NVL","14:28:44",16.9,0.05,500,8551500,"B"
"NVL","14:28:41",16.9,0.05,500,8551000,"B"
"NVL","14:28:40",16.9,0.05,900,8550500,"B"
"NVL","14:28:36",16.95,0.1,2000,8549600,"S"
"NVL","14:28:31",16.9,0.05,1000,8547600,"B"
"NVL","14:28:30",16.9,0.05,100,8546600,"B"
"NVL","14:28:28",16.9,0.05,1400,8546500,"B"
"NVL","14:28:25",16.9,0.05,600,8545100,"B"
"NVL","14:28:21",16.95,0.1,100,8544500,"S"
"NVL","14:28:19",16.9,0.05,200,8544400,"B"
"NVL","14:28:17",16.9,0.05,23000,8544200,"B"
"NVL","14:28:12",16.9,0.05,500,8521200,"B"
"NVL","14:28:11",16.9,0.05,3300,8520700,"B"
"NVL","14:28:10",16.9,0.05,900,8517400,"B"
"NVL","14:28:09",16.9,0.05,500,8516500,"B"
"NVL","14:28:05",16.9,0.05,1100,8516000,"B"
"NVL","14:28:00",16.9,0.05,2000,8514900,"B"
"NVL","14:27:55",16.9,0.05,1000,8512900,"B"
"NVL","14:27:51",16.9,0.05,200,8511900,"B"
"NVL","14:27:46",16.9,0.05,3000,8511700,"B"
"NVL","14:27:45",16.9,0.05,1500,8508700,"B"
"NVL","14:27:43",16.9,0.05,1000,8507200,"B"
"NVL","14:27:39",16.9,0.05,2000,8506200,"B"
"NVL","14:27:37",16.9,0.05,500,8504200,"B"
"NVL","14:27:29",16.9,0.05,200,8503700,"B"
"NVL","14:27:23",16.9,0.05,1000,8503500,"B"
"NVL","14:27:22",16.9,0.05,2100,8502500,"B"
"NVL","14:27:20",16.9,0.05,300,8500400,"B"
"NVL","14:27:14",16.9,0.05,5000,8500100,"B"
"NVL","14:27:14",16.95,0.1,2000,8495100,"S"
"NVL","14:27:07",16.9,0.05,5000,8493100,"B"
"NVL","14:27:05",16.9,0.05,300,8488100,"B"
"NVL","14:27:01",16.9,0.05,500,8487800,"B"
"NVL","14:26:49",16.9,0.05,700,8487300,"B"
"NVL","14:26:48",16.9,0.05,2500,8486600,"B"
"NVL","14:26:42",16.95,0.1,500,8484100,"S"
"NVL","14:26:41",16.9,0.05,1000,8483600,"B"
"NVL","14:26:37",16.9,0.05,3000,8482600,"B"
"NVL","14:26:27",16.9,0.05,1500,8479600,"B"
"NVL","14:26:20",16.9,0.05,1000,8478100,"B"
"NVL","14:26:17",16.9,0.05,1000,8477100,"B"
"NVL","14:26:16",16.9,0.05,1400,8476100,"B"
"NVL","14:26:14",16.95,0.1,500,8474700,"S"
"NVL","14:25:38",16.9,0.05,1600,8474200,"B"
"NVL","14:25:34",16.95,0.1,2000,8472600,"S"
"NVL","14:25:24",16.9,0.05,500,8470600,"B"
"NVL","14:25:23",16.9,0.05,200,8470100,"S"
"NVL","14:25:22",16.9,0.05,10000,8469900,"S"
"NVL","14:25:19",16.9,0.05,1500,8459900,"B"
"NVL","14:25:17",16.9,0.05,200,8458400,"B"
"NVL","14:25:15",16.9,0.05,1000,8458200,"B"
"NVL","14:25:14",16.9,0.05,10000,8457200,"B"
"NVL","14:25:05",16.9,0.05,5000,8447200,"B"
"NVL","14:24:58",16.9,0.05,400,8442200,"B"
"NVL","14:24:58",16.9,0.05,13300,8441800,"B"
"NVL","14:24:57",16.9,0.05,200,8428500,"B"
"NVL","14:24:53",16.9,0.05,10000,8428300,"B"
"NVL","14:24:34",16.9,0.05,5000,8418300,"B"
"NVL","14:24:33",16.9,0.05,1400,8413300,"S"
"NVL","14:24:31",16.9,0.05,5000,8411900,"S"
"NVL","14:24:30",16.9,0.05,3000,8406900,"S"
"NVL","14:24:29",16.9,0.05,5000,8403900,"S"
"NVL","14:24:27",16.9,0.05,100,8398900,"S"
"NVL","14:24:24",16.9,0.05,1000,8398800,"S"
"NVL","14:24:22",16.9,0.05,8100,8397800,"S"
"NVL","14:24:19",16.9,0.05,100,8389700,"S"
"NVL","14:24:16",16.9,0.05,42800,8389600,"S"
"NVL","14:24:13",16.9,0.05,200,8346800,"S"
"NVL","14:24:07",16.9,0.05,700,8346600,"S"
"NVL","14:24:06",16.85,0,1700,8345900,"B"
"NVL","14:24:03",16.9,0.05,500,8344200,"S"
"NVL","14:24:02",16.9,0.05,3100,8343700,"S"
"NVL","14:24:01",16.9,0.05,43100,8340600,"B"
"NVL","14:24:00",16.9,0.05,1000,8297500,"B"
"NVL","14:23:59",16.9,0.05,100,8296500,"B"
"NVL","14:23:53",16.9,0.05,600,8296400,"B"
"NVL","14:23:51",16.9,0.05,100,8295800,"B"
"NVL","14:23:43",16.9,0.05,1300,8295700,"B"
"NVL","14:23:39",16.9,0.05,2000,8294400,"B"
"NVL","14:23:30",16.9,0.05,2000,8292400,"B"
"NVL","14:23:28",16.9,0.05,1300,8290400,"B"
"NVL","14:23:26",16.9,0.05,1000,8289100,"B"
"NVL","14:23:17",16.9,0.05,3000,8288100,"B"
"NVL","14:23:13",16.9,0.05,700,8285100,"B"
"NVL","14:23:13",16.9,0.05,3000,8284400,"B"
"NVL","14:23:05",16.9,0.05,100,8281400,"B"
"NVL","14:22:52",16.9,0.05,700,8281300,"B"
"NVL","14:22:50",16.9,0.05,10000,8280600,"B"
"NVL","14:22:42",16.9,0.05,400,8270600,"B"
"NVL","14:22:37",16.9,0.05,1000,8270200,"B"
"NVL","14:22:33",16.9,0.05,200,8269200,"B"
"NVL","14:22:32",16.9,0.05,1000,8269000,"S"
"NVL","14:22:31",16.9,0.05,5000,8268000,"S"
"NVL","14:22:30",16.9,0.05,200,8263000,"S"
"NVL","14:22:28",16.9,0.05,100,8262800,"S"
"NVL","14:22:26",16.9,0.05,1000,8262700,"S"
"NVL","14:22:22",16.9,0.05,100,8261700,"S"
"NVL","14:22:21",16.9,0.05,1000,8261600,"S"
"NVL","14:22:19",16.9,0.05,10000,8260600,"S"
"NVL","14:22:18",16.9,0.05,2000,8250600,"S"
"NVL","14:22:17",16.9,0.05,8700,8248600,"S"
"NVL","14:22:15",16.9,0.05,20000,8239900,"S"
"NVL","14:22:14",16.9,0.05,1500,8219900,"S"
"NVL","14:22:13",16.9,0.05,100,8218400,"S"
"NVL","14:22:09",16.9,0.05,1000,8218300,"S"
"NVL","14:21:56",16.85,0,100,8217300,"B"
"NVL","14:21:55",16.9,0.05,42000,8217200,"S"
"NVL","14:21:55",16.9,0.05,300,8175200,"S"
"NVL","14:21:54",16.85,0,2000,8174900,"B"
"NVL","14:21:51",16.9,0.05,1000,8172900,"S"
"NVL","14:21:44",16.9,0.05,1500,8171900,"S"
"NVL","14:21:39",16.9,0.05,4300,8170400,"S"
"NVL","14:21:36",16.9,0.05,3700,8166100,"S"
"NVL","14:21:34",16.85,0,2300,8162400,"B"
"NVL","14:21:32",16.9,0.05,400,8160100,"S"
"NVL","14:21:32",16.9,0.05,30800,8159700,"S"
"NVL","14:21:24",16.9,0.05,10000,8128900,"S"
"NVL","14:21:22",16.9,0.05,3000,8118900,"S"
"NVL","14:21:19",16.9,0.05,95000,8115900,"S"
"NVL","14:21:18",16.9,0.05,4000,8020900,"S"
"NVL","14:21:10",16.9,0.05,40000,8016900,"S"
"NVL","14:21:05",16.9,0.05,100,7976900,"S"
"NVL","14:21:04",16.9,0.05,100,7976800,"S"
"NVL","14:20:58",16.9,0.05,1500,7976700,"S"
"NVL","14:20:55",16.9,0.05,100,7975200,"S"
"NVL","14:20:22",16.9,0.05,400,7975100,"S"
"NVL","14:20:12",16.85,0,2000,7974700,"B"
"NVL","14:20:10",16.85,0,500,7972700,"B"
"NVL","14:20:03",16.9,0.05,300,7972200,"S"
"NVL","14:19:35",16.9,0.05,3000,7971900,"S"
"NVL","14:19:33",16.85,0,10000,7968900,"B"
"NVL","14:19:28",16.9,0.05,1600,7958900,"S"
"NVL","14:19:21",16.85,0,500,7957300,"B"
"NVL","14:19:15",16.85,0,1500,7956800,"B"
"NVL","14:19:08",16.85,0,1000,7955300,"B"
"NVL","14:18:51",16.85,0,100,7954300,"B"
"NVL","14:18:26",16.85,0,2400,7954200,"B"
"NVL","14:18:25",16.85,0,600,7951800,"B"
"NVL","14:18:21",16.85,0,21000,7951200,"B"
"NVL","14:18:17",16.85,0,6000,7930200,"B"
"NVL","14:18:11",16.85,0,500,7924200,"B"
"NVL","14:18:04",16.85,0,500,7923700,"B"
"NVL","14:17:39",16.85,0,500,7923200,"B"
"NVL","14:17:37",16.85,0,100,7922700,"B"
"NVL","14:17:29",16.85,0,500,7922600,"B"
"NVL","14:17:22",16.85,0,500,7922100,"B"
"NVL","14:17:15",16.85,0,14000,7921600,"B"
"NVL","14:17:11",16.9,0.05,100,7907600,"S"
"NVL","14:17:09",16.85,0,300,7907500,"B"
"NVL","14:16:42",16.85,0,200,7907200,"B"
"NVL","14:16:39",16.85,0,200,7907000,"B"
"NVL","14:16:37",16.85,0,300,7906800,"B"
"NVL","14:16:26",16.9,0.05,100,7906500,"S"
"NVL","14:16:25",16.9,0.05,1000,7906400,"S"
"NVL","14:16:19",16.9,0.05,30000,7905400,"S"
"NVL","14:16:10",16.9,0.05,700,7875400,"S"
"NVL","14:16:04",16.9,0.05,100,7874700,"S"
"NVL","14:16:01",16.9,0.05,400,7874600,"S"
"NVL","14:15:52",16.9,0.05,500,7874200,"S"
"NVL","14:15:34",16.9,0.05,100,7873700,"S"
"NVL","14:15:28",16.9,0.05,1300,7873600,"S"
"NVL","14:15:16",16.9,0.05,600,7872300,"S"
"NVL","14:15:08",16.85,0,1600,7871700,"B"
"NVL","14:14:52",16.85,0,5000,7870100,"B"
"NVL","14:14:47",16.85,0,1100,7865100,"B"
"NVL","14:14:23",16.85,0,100,7864000,"B"
"NVL","14:14:14",16.9,0.05,1000,7863900,"S"
"NVL","14:14:08",16.85,0,100,7862900,"B"
"NVL","14:14:03",16.85,0,300,7862800,"B"
"NVL","14:13:56",16.85,0,10000,7862500,"B"
"NVL","14:13:51",16.9,0.05,100,7852500,"S"
"NVL","14:13:23",16.85,0,500,7852400,"B"
"NVL","14:13:14",16.85,0,200,7851900,"B"
"NVL","14:13:08",16.9,0.05,5000,7851700,"S"
"NVL","14:13:07",16.85,0,10000,7846700,"B"
"NVL","14:12:53",16.85,0,1400,7836700,"B"
"NVL","14:12:45",16.9,0.05,100,7835300,"S"
"NVL","14:12:40",16.9,0.05,4000,7835200,"S"
"NVL","14:12:23",16.9,0.05,1000,7831200,"S"
"NVL","14:12:18",16.9,0.05,5000,7830200,"S"
"NVL","14:12:11",16.9,0.05,200,7825200,"S"
"NVL","14:12:05",16.9,0.05,5000,7825000,"S"
"NVL","14:12:03",16.9,0.05,1000,7820000,"S"
"NVL","14:11:56",16.9,0.05,700,7819000,"S"
"NVL","14:11:52",16.9,0.05,9500,7818300,"S"
"NVL","14:11:44",16.85,0,100,7808800,"B"
"NVL","14:11:34",16.9,0.05,5200,7808700,"S"
"NVL","14:11:32",16.9,0.05,500,7803500,"S"
"NVL","14:11:30",16.9,0.05,2000,7803000,"S"
"NVL","14:11:29",16.9,0.05,500,7801000,"S"
"NVL","14:11:28",16.9,0.05,1000,7800500,"S"
"NVL","14:11:28",16.85,0,5000,7799500,"B"
"NVL","14:11:09",16.9,0.05,21100,7794500,"B"
"NVL","14:10:55",16.9,0.05,9000,7773400,"B"
"NVL","14:10:48",16.9,0.05,1000,7764400,"B"
"NVL","14:10:42",16.9,0.05,100,7763400,"B"
"NVL","14:10:39",16.9,0.05,900,7763300,"B"
"NVL","14:10:38",16.9,0.05,1100,7762400,"B"
"NVL","14:10:21",16.9,0.05,400,7761300,"S"
"NVL","14:10:21",16.85,0,5000,7760900,"B"
"NVL","14:10:21",16.9,0.05,300,7755900,"S"
"NVL","14:10:18",16.9,0.05,1000,7755600,"S"
"NVL","14:10:17",16.9,0.05,1900,7754600,"S"
"NVL","14:10:13",16.9,0.05,100,7752700,"S"
"NVL","14:10:13",16.9,0.05,1000,7752600,"S"
"NVL","14:10:12",16.9,0.05,2000,7751600,"S"
"NVL","14:10:09",16.9,0.05,100000,7749600,"S"
"NVL","14:10:09",16.9,0.05,20000,7649600,"S"
"NVL","14:10:08",16.9,0.05,100,7629600,"S"
"NVL","14:10:05",16.9,0.05,500,7629500,"S"
"NVL","14:09:50",16.9,0.05,5000,7629000,"S"
"NVL","14:09:48",16.9,0.05,5000,7624000,"S"
"NVL","14:09:45",16.9,0.05,200,7619000,"S"
"NVL","14:09:41",16.9,0.05,5100,7618800,"S"
"NVL","14:09:31",16.9,0.05,1000,7613700,"S"
"NVL","14:09:30",16.9,0.05,4500,7612700,"S"
"NVL","14:09:26",16.9,0.05,2000,7608200,"S"
"NVL","14:09:24",16.9,0.05,3000,7606200,"S"
"NVL","14:09:22",16.9,0.05,1000,7603200,"S"
"NVL","14:09:05",16.9,0.05,400,7602200,"S"
"NVL","14:08:59",16.9,0.05,300,7601800,"S"
"NVL","14:08:51",16.9,0.05,400,7601500,"S"
"NVL","14:08:49",16.9,0.05,5000,7601100,"S"
"NVL","14:08:48",16.9,0.05,500,7596100,"S"
"NVL","14:08:40",16.9,0.05,500,7595600,"S"
"NVL","14:08:32",16.9,0.05,200,7595100,"S"
"NVL","14:08:07",16.9,0.05,3000,7594900,"S"
"NVL","14:07:57",16.9,0.05,100,7591900,"S"
"NVL","14:07:57",16.9,0.05,5500,7591800,"S"
"NVL","14:07:55",16.9,0.05,2000,7586300,"S"
"NVL","14:07:42",16.9,0.05,100,7584300,"S"
"NVL","14:07:17",16.9,0.05,28900,7584200,"B"
"NVL","14:07:15",16.9,0.05,4700,7555300,"B"
"NVL","14:07:05",16.9,0.05,1000,7550600,"B"
"NVL","14:06:39",16.9,0.05,200,7549600,"B"
"NVL","14:06:24",16.9,0.05,200,7549400,"B"
"NVL","14:06:04",16.9,0.05,100,7549200,"B"
"NVL","14:06:02",16.95,0.1,1100,7549100,"S"
"NVL","14:05:43",16.9,0.05,1900,7548000,"B"
"NVL","14:05:41",16.95,0.1,2000,7546100,"S"
"NVL","14:05:38",16.9,0.05,6300,7544100,"B"
"NVL","14:05:19",16.9,0.05,900,7534100,"B"
"NVL","14:05:12",16.95,0.1,100,7533200,"S"
"NVL","14:04:58",16.9,0.05,200,7533100,"B"
"NVL","14:04:54",16.9,0.05,1100,7532900,"B"
"NVL","14:04:24",16.9,0.05,100,7531800,"B"
"NVL","14:04:15",16.9,0.05,7400,7531700,"B"
"NVL","14:04:10",16.9,0.05,100,7524300,"B"
"NVL","14:04:09",16.9,0.05,4000,7524200,"B"
"NVL","14:04:03",16.9,0.05,1000,7520200,"B"
"NVL","14:03:52",16.9,0.05,100,7519200,"B"
"NVL","14:03:43",16.9,0.05,500,7519100,"B"
"NVL","14:03:39",16.95,0.1,100,7518600,"S"
"NVL","14:03:17",16.9,0.05,100,7518500,"B"
"NVL","14:03:11",16.9,0.05,7500,7518400,"S"
"NVL","14:03:09",16.9,0.05,500,7510900,"S"
"NVL","14:03:09",16.9,0.05,900,7510400,"S"
"NVL","14:03:05",16.9,0.05,1300,7509500,"S"
"NVL","14:03:04",16.9,0.05,400,7508200,"S"
"NVL","14:03:03",16.9,0.05,10000,7507800,"S"
"NVL","14:03:02",16.9,0.05,150000,7497800,"S"
"NVL","14:03:00",16.9,0.05,100,7347800,"S"
"NVL","14:02:57",16.85,0,1500,7347700,"B"
"NVL","14:02:50",16.9,0.05,100,7346200,"S"
"NVL","14:02:40",16.9,0.05,19000,7346100,"S"
"NVL","14:02:34",16.9,0.05,3500,7327100,"S"
"NVL","14:02:32",16.85,0,2500,7323600,"B"
"NVL","14:02:31",16.9,0.05,900,7321100,"S"
"NVL","14:02:30",16.9,0.05,600,7320200,"S"
"NVL","14:02:23",16.9,0.05,1000,7319600,"S"
"NVL","14:02:08",16.9,0.05,2000,7318600,"S"
"NVL","14:01:59",16.85,0,3800,7316600,"B"
"NVL","14:01:50",16.9,0.05,10000,7312800,"S"
"NVL","14:01:41",16.85,0,3000,7302800,"B"
"NVL","14:01:34",16.85,0,100,7299800,"B"
"NVL","14:01:33",16.85,0,1600,7299700,"B"
"NVL","14:01:12",16.85,0,3700,7298100,"B"
"NVL","14:01:07",16.9,0.05,300,7294400,"S"
"NVL","14:00:59",16.85,0,1500,7294100,"B"
"NVL","13:59:55",16.85,0,4000,7292600,"B"
"NVL","13:59:35",16.85,0,200,7288600,"B"
"NVL","13:59:26",16.85,0,200,7288400,"B"
"NVL","13:59:11",16.85,0,3000,7288200,"B"
"NVL","13:58:53",16.85,0,400,7285200,"B"
"NVL","13:58:46",16.85,0,5000,7284800,"B"
"NVL","13:58:40",16.85,0,3000,7279800,"B"
"NVL","13:57:51",16.9,0.05,1000,7276800,"S"
"NVL","13:57:50",16.85,0,200,7275800,"B"
"NVL","13:57:44",16.85,0,100,7275600,"B"
"NVL","13:57:42",16.85,0,5500,7275500,"B"
"NVL","13:57:42",16.85,0,1000,7270000,"B"
"NVL","13:57:28",16.85,0,12000,7269000,"B"
"NVL","13:57:24",16.85,0,4200,7257000,"B"
"NVL","13:57:21",16.85,0,10000,7252800,"B"
"NVL","13:57:08",16.85,0,500,7242800,"B"
"NVL","13:57:05",16.85,0,5000,7242300,"B"
"NVL","13:56:52",16.85,0,100,7237300,"B"
"NVL","13:56:49",16.85,0,4000,7237200,"B"
"NVL","13:56:42",16.85,0,400,7233200,"B"
"NVL","13:56:41",16.85,0,9100,7232800,"S"
"NVL","13:56:40",16.85,0,500,7223700,"S"
"NVL","13:56:39",16.85,0,3000,7223200,"S"
"NVL","13:56:38",16.85,0,3000,7220200,"S"
"NVL","13:56:37",16.85,0,5000,7217200,"S"
"NVL","13:56:37",16.85,0,500,7212200,"S"
"NVL","13:56:36",16.85,0,10000,7211700,"S"
"NVL","13:56:34",16.85,0,200,7201700,"S"
"NVL","13:56:32",16.85,0,1000,7201500,"S"
"NVL","13:56:30",16.85,0,100,7200500,"S"
"NVL","13:56:24",16.85,0,200,7200400,"S"
"NVL","13:56:24",16.8,-0.05,500,7200200,"B"
"NVL","13:56:18",16.85,0,600,7199700,"S"
"NVL","13:56:17",16.85,0,100,7199100,"S"
"NVL","13:56:13",16.85,0,1000,7199000,"S"
"NVL","13:56:10",16.85,0,50000,7198000,"S"
"NVL","13:56:07",16.85,0,1000,7148000,"S"
"NVL","13:56:02",16.85,0,400,7147000,"S"
"NVL","13:55:59",16.85,0,1000,7146600,"S"
"NVL","13:55:53",16.85,0,300,7145600,"S"
"NVL","13:55:52",16.85,0,200,7145300,"S"
"NVL","13:55:51",16.85,0,10000,7145100,"S"
"NVL","13:55:45",16.85,0,100,7135100,"S"
"NVL","13:55:40",16.85,0,10000,7135000,"S"
"NVL","13:55:28",16.85,0,1700,7125000,"S"
"NVL","13:55:20",16.85,0,500,7123300,"S"
"NVL","13:55:17",16.85,0,1000,7122800,"S"
"NVL","13:55:11",16.85,0,2800,7121800,"B"
"NVL","13:54:58",16.85,0,5000,7119000,"B"
"NVL","13:54:57",16.85,0,9000,7114000,"B"
"NVL","13:54:55",16.85,0,1000,7105000,"B"
"NVL","13:54:53",16.85,0,1000,7104000,"B"
"NVL","13:54:52",16.85,0,300,7103000,"B"
"NVL","13:54:48",16.85,0,1500,7102700,"B"
"NVL","13:54:44",16.85,0,100,7101200,"B"
"NVL","13:54:34",16.85,0,1200,7101100,"B"
"NVL","13:54:30",16.9,0.05,100,7099900,"S"
"NVL","13:54:25",16.85,0,8000,7099800,"B"
"NVL","13:54:24",16.85,0,3000,7091800,"B"
"NVL","13:54:21",16.85,0,16000,7088800,"B"
"NVL","13:54:18",16.85,0,100,7072800,"B"
"NVL","13:54:13",16.85,0,1000,7072700,"B"
"NVL","13:54:05",16.85,0,4600,7071700,"B"
"NVL","13:54:05",16.85,0,1200,7067100,"B"
"NVL","13:54:02",16.85,0,4000,7065900,"B"
"NVL","13:53:52",16.85,0,3000,7061900,"B"
"NVL","13:53:50",16.85,0,5000,7058900,"B"
"NVL","13:53:43",16.85,0,5000,7053900,"B"
"NVL","13:53:41",16.85,0,200,7048900,"B"
"NVL","13:53:31",16.85,0,4700,7048700,"B"
"NVL","13:53:29",16.85,0,10000,7044000,"B"
"NVL","13:53:25",16.85,0,21900,7034000,"S"
"NVL","13:53:24",16.85,0,500,7012100,"S"
"NVL","13:53:22",16.85,0,100,7011600,"S"
"NVL","13:53:21",16.85,0,500,7011500,"S"
"NVL","13:53:19",16.85,0,2100,7011000,"S"
"NVL","13:53:14",16.85,0,3000,7008900,"S"
"NVL","13:53:13",16.85,0,10000,7005900,"S"
"NVL","13:53:06",16.85,0,8400,6995900,"B"
"NVL","13:53:01",16.85,0,1000,6987500,"B"
"NVL","13:52:59",16.85,0,500,6986500,"B"
"NVL","13:52:53",16.85,0,1500,6986000,"B"
"NVL","13:52:46",16.9,0.05,400,6984500,"S"
"NVL","13:52:45",16.85,0,1100,6984100,"B"
"NVL","13:52:39",16.85,0,300,6983000,"B"
"NVL","13:52:26",16.85,0,4000,6982700,"B"
"NVL","13:52:24",16.85,0,1000,6978700,"B"
"NVL","13:52:23",16.85,0,14000,6977700,"B"
"NVL","13:52:15",16.85,0,500,6963700,"B"
"NVL","13:52:10",16.9,0.05,100,6963200,"S"
"NVL","13:51:49",16.85,0,100,6963100,"B"
"NVL","13:51:45",16.85,0,6500,6963000,"S"
"NVL","13:51:45",16.85,0,3000,6956500,"S"
"NVL","13:51:42",16.85,0,4000,6953500,"S"
"NVL","13:51:41",16.8,-0.05,100,6949500,"B"
"NVL","13:51:40",16.85,0,500,6949400,"S"
"NVL","13:51:31",16.85,0,300,6948900,"S"
"NVL","13:51:30",16.85,0,100,6948600,"S"
"NVL","13:51:25",16.85,0,3000,6948500,"S"
"NVL","13:51:24",16.85,0,200,6945500,"S"
"NVL","13:51:18",16.85,0,2500,6945300,"S"
"NVL","13:51:17",16.85,0,200,6942800,"S"
"NVL","13:51:12",16.85,0,100,6942600,"S"
"NVL","13:51:10",16.85,0,500,6942500,"S"
"NVL","13:51:07",16.85,0,500,6942000,"S"
"NVL","13:51:06",16.85,0,200,6941500,"S"
"NVL","13:51:04",16.85,0,200,6941300,"S"
"NVL","13:51:03",16.85,0,700,6941100,"S"
"NVL","13:51:00",16.85,0,2000,6940400,"S"
"NVL","13:50:54",16.85,0,5500,6938400,"B"
"NVL","13:50:53",16.85,0,5000,6932900,"B"
"NVL","13:50:52",16.85,0,2700,6927900,"B"
"NVL","13:50:51",16.85,0,6000,6925200,"B"
"NVL","13:50:50",16.85,0,50000,6919200,"B"
"NVL","13:50:49",16.85,0,7000,6869200,"B"
"NVL","13:50:48",16.85,0,10000,6862200,"B"
"NVL","13:50:46",16.85,0,150000,6852200,"B"
"NVL","13:50:36",16.85,0,62800,6702200,"B"
"NVL","13:50:32",16.85,0,100000,6639400,"B"
"NVL","13:50:29",16.85,0,400,6539400,"B"
"NVL","13:50:28",16.9,0.05,500,6539000,"S"
"NVL","13:50:18",16.9,0.05,100,6538500,"S"
"NVL","13:49:50",16.9,0.05,7000,6538400,"S"
"NVL","13:49:29",16.9,0.05,500,6531400,"S"
"NVL","13:49:26",16.85,0,2000,6530900,"B"
"NVL","13:49:18",16.85,0,13000,6528900,"B"
"NVL","13:48:50",16.9,0.05,5000,6515900,"S"
"NVL","13:48:30",16.9,0.05,100,6510900,"S"
"NVL","13:48:06",16.9,0.05,1000,6510800,"S"
"NVL","13:47:59",16.9,0.05,500,6509800,"S"
"NVL","13:47:54",16.9,0.05,100,6509300,"S"
"NVL","13:47:51",16.85,0,10000,6509200,"B"
"NVL","13:47:41",16.9,0.05,1000,6499200,"S"
"NVL","13:47:39",16.85,0,1000,6498200,"B"
"NVL","13:47:38",16.85,0,9200,6497200,"B"
"NVL","13:47:32",16.85,0,2700,6488000,"B"
"NVL","13:47:28",16.9,0.05,2000,6485300,"S"
"NVL","13:47:22",16.9,0.05,1000,6483300,"S"
"NVL","13:47:14",16.9,0.05,100,6482300,"S"
"NVL","13:47:10",16.9,0.05,5000,6482200,"S"
"NVL","13:47:07",16.85,0,50000,6477200,"B"
"NVL","13:46:44",16.9,0.05,4800,6427200,"S"
"NVL","13:46:25",16.9,0.05,1000,6422400,"S"
"NVL","13:46:23",16.9,0.05,2000,6421400,"S"
"NVL","13:46:20",16.85,0,300,6419400,"B"
"NVL","13:46:15",16.85,0,1000,6419100,"B"
"NVL","13:46:13",16.9,0.05,200,6418100,"S"
"NVL","13:46:12",16.9,0.05,3000,6417900,"S"
"NVL","13:45:58",16.9,0.05,100,6414900,"S"
"NVL","13:45:49",16.85,0,2900,6414800,"B"
"NVL","13:45:38",16.9,0.05,5000,6411900,"S"
"NVL","13:45:24",16.9,0.05,200,6406900,"S"
"NVL","13:45:13",16.9,0.05,100,6406700,"S"
"NVL","13:45:04",16.9,0.05,2000,6406600,"S"
"NVL","13:44:56",16.9,0.05,1000,6404600,"S"
"NVL","13:44:52",16.9,0.05,200,6403600,"S"
"NVL","13:44:48",16.9,0.05,600,6403400,"S"
"NVL","13:44:44",16.9,0.05,500,6402800,"S"
"NVL","13:44:40",16.9,0.05,300,6402300,"S"
"NVL","13:44:37",16.9,0.05,1000,6402000,"S"
"NVL","13:44:18",16.9,0.05,200,6401000,"S"
"NVL","13:44:04",16.85,0,1000,6400800,"B"
"NVL","13:44:02",16.85,0,100,6399800,"B"
"NVL","13:43:53",16.9,0.05,5000,6399700,"S"
"NVL","13:43:40",16.9,0.05,200,6394700,"S"
"NVL","13:43:22",16.9,0.05,1000,6394500,"S"
"NVL","13:43:14",16.9,0.05,100,6393500,"S"
"NVL","13:43:05",16.9,0.05,100,6393400,"S"
"NVL","13:43:02",16.9,0.05,100,6393300,"S"
"NVL","13:43:01",16.9,0.05,200,6393200,"S"
"NVL","13:42:56",16.9,0.05,300,6393000,"S"
"NVL","13:42:53",16.9,0.05,100,6392700,"S"
"NVL","13:42:49",16.9,0.05,5000,6392600,"S"
"NVL","13:42:46",16.85,0,100,6387600,"B"
"NVL","13:42:42",16.9,0.05,300,6387500,"S"
"NVL","13:42:31",16.9,0.05,100,6387200,"S"
"NVL","13:42:19",16.9,0.05,900,6387100,"S"
"NVL","13:41:57",16.9,0.05,500,6386200,"S"
"NVL","13:41:56",16.9,0.05,700,6385700,"S"
"NVL","13:41:54",16.9,0.05,100,6385000,"S"
"NVL","13:41:49",16.9,0.05,1100,6384900,"S"
"NVL","13:41:34",16.9,0.05,1900,6383800,"S"
"NVL","13:41:33",16.9,0.05,9100,6381900,"B"
"NVL","13:41:31",16.9,0.05,1000,6372800,"B"
"NVL","13:41:30",16.9,0.05,3000,6371800,"B"
"NVL","13:41:29",16.9,0.05,400,6368800,"B"
"NVL","13:41:21",16.9,0.05,300,6368400,"B"
"NVL","13:41:13",16.9,0.05,3000,6368100,"B"
"NVL","13:41:11",16.9,0.05,500,6365100,"B"
"NVL","13:41:11",16.9,0.05,200,6364600,"B"
"NVL","13:41:09",16.9,0.05,10100,6364400,"B"
"NVL","13:41:08",16.9,0.05,3000,6354300,"B"
"NVL","13:41:07",16.9,0.05,100000,6351300,"B"
"NVL","13:41:05",16.9,0.05,4000,6251300,"B"
"NVL","13:41:03",16.9,0.05,54600,6247300,"B"
"NVL","13:40:52",16.9,0.05,7000,6192700,"B"
"NVL","13:40:46",16.95,0.1,300,6185700,"S"
"NVL","13:40:40",16.9,0.05,500,6185400,"B"
"NVL","13:40:39",16.9,0.05,3000,6184900,"B"
"NVL","13:40:36",16.9,0.05,1500,6181900,"B"
"NVL","13:40:30",16.95,0.1,5000,6180400,"S"
"NVL","13:40:20",16.9,0.05,500,6175400,"B"
"NVL","13:40:17",16.9,0.05,12600,6174900,"B"
"NVL","13:40:07",16.9,0.05,300,6162300,"B"
"NVL","13:40:03",16.95,0.1,100,6162000,"S"
"NVL","13:39:45",16.9,0.05,400,6161900,"B"
"NVL","13:39:43",16.95,0.1,2000,6161500,"S"
"NVL","13:39:28",16.9,0.05,1000,6159500,"B"
"NVL","13:39:27",16.9,0.05,100,6158500,"B"
"NVL","13:39:13",16.9,0.05,3000,6158400,"B"
"NVL","13:39:04",16.9,0.05,500,6155400,"B"
"NVL","13:39:03",16.9,0.05,1700,6154900,"B"
"NVL","13:38:50",16.9,0.05,10000,6152500,"B"
"NVL","13:38:40",16.9,0.05,100,6142500,"B"
"NVL","13:38:31",16.9,0.05,3000,6142400,"B"
"NVL","13:38:27",16.9,0.05,900,6139400,"B"
"NVL","13:38:27",16.9,0.05,1000,6138500,"B"
"NVL","13:38:02",16.9,0.05,7900,6137500,"B"
"NVL","13:37:55",16.9,0.05,800,6129600,"B"
"NVL","13:37:24",16.95,0.1,9600,6128800,"S"
"NVL","13:37:17",16.9,0.05,100,6119200,"B"
"NVL","13:37:11",16.9,0.05,5000,6119100,"B"
"NVL","13:37:05",16.9,0.05,6000,6114100,"B"
"NVL","13:36:58",16.9,0.05,1000,6108100,"B"
"NVL","13:36:51",16.9,0.05,1700,6107100,"B"
"NVL","13:36:50",16.9,0.05,4200,6105400,"B"
"NVL","13:36:32",16.9,0.05,8500,6101200,"B"
"NVL","13:36:12",16.9,0.05,5000,6092700,"B"
"NVL","13:36:00",16.9,0.05,5200,6087700,"B"
"NVL","13:35:44",16.9,0.05,1600,6082500,"B"
"NVL","13:35:44",16.9,0.05,3500,6080900,"B"
"NVL","13:35:42",16.95,0.1,5000,6077400,"S"
"NVL","13:35:42",16.9,0.05,400,6072400,"B"
"NVL","13:35:35",16.9,0.05,2200,6072000,"B"
"NVL","13:35:13",16.9,0.05,5000,6069800,"B"
"NVL","13:35:11",16.9,0.05,100,6064800,"B"
"NVL","13:34:36",16.9,0.05,500,6064700,"B"
"NVL","13:34:24",16.9,0.05,5000,6064200,"B"
"NVL","13:34:16",16.95,0.1,3000,6059200,"S"
"NVL","13:34:11",16.95,0.1,2600,6056200,"S"
"NVL","13:34:11",16.9,0.05,300,6053600,"B"
"NVL","13:33:54",16.9,0.05,1000,6053300,"B"
"NVL","13:33:44",16.9,0.05,200,6052300,"B"
"NVL","13:33:37",16.95,0.1,100,6052100,"S"
"NVL","13:33:30",16.95,0.1,2000,6052000,"S"
"NVL","13:33:27",16.95,0.1,1000,6050000,"S"
"NVL","13:33:15",16.95,0.1,1600,6049000,"S"
"NVL","13:33:14",16.95,0.1,200,6047400,"S"
"NVL","13:33:08",16.95,0.1,300,6047200,"S"
"NVL","13:32:52",16.9,0.05,1000,6046900,"B"
"NVL","13:32:51",16.95,0.1,200,6045900,"S"
"NVL","13:32:47",16.95,0.1,200,6045700,"S"
"NVL","13:32:08",16.95,0.1,2000,6045500,"S"
"NVL","13:32:01",16.9,0.05,500,6043500,"B"
"NVL","13:31:39",16.95,0.1,2000,6043000,"S"
"NVL","13:31:32",16.95,0.1,1000,6041000,"S"
"NVL","13:31:31",16.95,0.1,200,6040000,"S"
"NVL","13:31:28",16.95,0.1,9600,6039800,"B"
"NVL","13:31:26",16.95,0.1,2200,6030200,"B"
"NVL","13:31:24",16.95,0.1,11000,6028000,"B"
"NVL","13:31:20",16.95,0.1,1000,6017000,"B"
"NVL","13:31:15",16.95,0.1,23300,6016000,"B"
"NVL","13:31:12",16.95,0.1,7500,5992700,"B"
"NVL","13:30:57",16.95,0.1,500,5985200,"B"
"NVL","13:30:54",16.95,0.1,2000,5984700,"B"
"NVL","13:30:53",16.95,0.1,200,5982700,"B"
"NVL","13:30:52",16.95,0.1,2300,5982500,"B"
"NVL","13:30:50",16.95,0.1,10000,5980200,"B"
"NVL","13:30:49",16.95,0.1,300,5970200,"B"
"NVL","13:30:47",16.95,0.1,1000,5969900,"B"
"NVL","13:30:45",16.95,0.1,1000,5968900,"B"
"NVL","13:30:44",16.95,0.1,500,5967900,"B"
"NVL","13:30:39",16.95,0.1,500,5967400,"B"
"NVL","13:30:39",16.95,0.1,1600,5966900,"B"
"NVL","13:30:35",16.95,0.1,4000,5960300,"B"
"NVL","13:30:33",16.95,0.1,1800,5956300,"B"
"NVL","13:30:28",16.95,0.1,4000,5954500,"B"
"NVL","13:30:26",16.95,0.1,1500,5950500,"B"
"NVL","13:30:23",16.95,0.1,100,5949000,"B"
"NVL","13:30:15",16.95,0.1,16000,5948900,"B"
"NVL","13:30:13",16.95,0.1,10000,5932900,"B"
"NVL","13:30:11",16.95,0.1,900,5922900,"B"
"NVL","13:29:56",16.95,0.1,700,5922000,"B"
"NVL","13:29:56",16.95,0.1,3700,5921300,"B"
"NVL","13:29:55",16.95,0.1,6300,5917600,"B"
"NVL","13:29:53",16.95,0.1,23000,5911300,"B"
"NVL","13:29:53",16.95,0.1,2000,5888300,"B"
"NVL","13:29:52",16.95,0.1,700,5886300,"B"
"NVL","13:29:50",16.95,0.1,10000,5885600,"B"
"NVL","13:29:46",16.95,0.1,700,5875600,"B"
"NVL","13:29:42",16.95,0.1,45000,5874900,"B"
"NVL","13:29:40",16.95,0.1,30000,5829900,"B"
"NVL","13:29:19",16.95,0.1,3000,5799900,"B"
"NVL","13:29:10",16.95,0.1,700,5796900,"B"
"NVL","13:29:08",16.95,0.1,2200,5796200,"B"
"NVL","13:29:07",17,0.15,300,5794000,"S"
"NVL","13:29:00",16.95,0.1,10000,5793700,"B"
"NVL","13:28:53",17,0.15,300,5773700,"S"
"NVL","13:28:52",17,0.15,1000,5773400,"S"
"NVL","13:28:45",17,0.15,300,5772400,"S"
"NVL","13:28:32",16.95,0.1,500,5772100,"B"
"NVL","13:28:26",16.95,0.1,300,5771600,"B"
"NVL","13:28:23",17,0.15,600,5771300,"S"
"NVL","13:28:04",17,0.15,100,5770700,"S"
"NVL","13:27:45",17,0.15,5000,5770600,"S"
"NVL","13:27:35",17,0.15,100,5765600,"S"
"NVL","13:27:27",16.95,0.1,300,5765500,"B"
"NVL","13:27:25",17,0.15,100,5765200,"S"
"NVL","13:27:23",16.95,0.1,1000,5765100,"B"
"NVL","13:27:17",16.95,0.1,3000,5764100,"B"
"NVL","13:27:12",16.95,0.1,1300,5761100,"B"
"NVL","13:27:07",16.95,0.1,1000,5757200,"B"
"NVL","13:27:02",16.95,0.1,200,5756200,"B"
"NVL","13:26:53",16.95,0.1,300,5756000,"B"
"NVL","13:26:34",16.95,0.1,500,5755700,"B"
"NVL","13:26:30",16.95,0.1,1000,5755200,"B"
"NVL","13:26:26",16.95,0.1,100,5754200,"B"
"NVL","13:26:16",16.95,0.1,10000,5754100,"B"
"NVL","13:25:43",16.95,0.1,400,5744100,"B"
"NVL","13:25:06",16.95,0.1,1000,5743700,"B"
"NVL","13:24:55",16.95,0.1,15000,5742700,"B"
"NVL","13:24:54",16.95,0.1,100,5727700,"B"
"NVL","13:24:26",16.95,0.1,100,5727600,"B"
"NVL","13:24:11",16.95,0.1,1000,5727500,"B"
"NVL","13:23:57",16.95,0.1,500,5726500,"B"
"NVL","13:23:55",16.95,0.1,2000,5726000,"B"
"NVL","13:23:54",16.95,0.1,8000,5724000,"B"
"NVL","13:23:50",16.95,0.1,2000,5716000,"B"
"NVL","13:23:24",16.95,0.1,200,5714000,"B"
"NVL","13:23:18",16.95,0.1,2100,5713800,"S"
"NVL","13:23:09",16.95,0.1,400,5711700,"B"
"NVL","13:23:08",16.95,0.1,200,5711300,"S"
"NVL","13:23:07",16.95,0.1,200,5711100,"S"
"NVL","13:23:06",16.95,0.1,500,5710900,"S"
"NVL","13:23:05",16.95,0.1,2100,5710400,"B"
"NVL","13:22:56",16.9,0.05,13900,5708300,"B"
"NVL","13:22:56",16.95,0.1,10000,5694400,"S"
"NVL","13:22:54",16.95,0.1,100,5684400,"S"
"NVL","13:22:52",16.95,0.1,100,5684300,"S"
"NVL","13:22:50",16.95,0.1,300,5684200,"S"
"NVL","13:22:49",16.95,0.1,500,5683900,"S"
"NVL","13:22:47",16.95,0.1,3600,5683400,"S"
"NVL","13:22:45",16.95,0.1,1000,5679800,"S"
"NVL","13:22:44",16.95,0.1,5000,5678800,"S"
"NVL","13:22:43",16.95,0.1,10000,5673800,"S"
"NVL","13:22:42",16.95,0.1,1000,5663800,"S"
"NVL","13:22:40",16.95,0.1,2000,5662800,"S"
"NVL","13:22:39",16.95,0.1,500,5660800,"S"
"NVL","13:22:39",16.9,0.05,200,5660300,"B"
"NVL","13:22:37",16.95,0.1,52000,5660100,"S"
"NVL","13:22:36",16.95,0.1,2000,5608100,"S"
"NVL","13:22:32",16.95,0.1,300,5606100,"S"
"NVL","13:22:31",16.95,0.1,100,5605800,"S"
"NVL","13:22:28",16.95,0.1,100,5605700,"S"
"NVL","13:22:25",16.95,0.1,200,5605600,"S"
"NVL","13:22:24",16.95,0.1,200,5605400,"S"
"NVL","13:22:22",16.95,0.1,10000,5605200,"S"
"NVL","13:22:19",16.95,0.1,1200,5595200,"S"
"NVL","13:22:17",16.95,0.1,1000,5594000,"S"
"NVL","13:22:14",16.95,0.1,4500,5593000,"S"
"NVL","13:22:12",16.95,0.1,1900,5588500,"S"
"NVL","13:22:12",16.95,0.1,100,5586600,"S"
"NVL","13:22:11",16.95,0.1,5000,5586500,"S"
"NVL","13:22:11",16.95,0.1,500,5581500,"S"
"NVL","13:22:09",16.95,0.1,10100,5581000,"S"
"NVL","13:22:07",16.95,0.1,1300,5570900,"S"
"NVL","13:22:07",16.95,0.1,3000,5569600,"S"
"NVL","13:22:05",16.95,0.1,1000,5566600,"S"
"NVL","13:22:05",16.95,0.1,1300,5565600,"S"
"NVL","13:22:00",16.95,0.1,2400,5564300,"S"
"NVL","13:21:58",16.95,0.1,2000,5561900,"S"
"NVL","13:21:57",16.95,0.1,2000,5559900,"S"
"NVL","13:21:56",16.95,0.1,500,5557900,"S"
"NVL","13:21:56",16.95,0.1,1300,5557400,"S"
"NVL","13:21:54",16.95,0.1,500,5556100,"S"
"NVL","13:21:52",16.95,0.1,500,5555600,"S"
"NVL","13:21:51",16.95,0.1,200,5555100,"S"
"NVL","13:21:51",16.95,0.1,50000,5554900,"S"
"NVL","13:21:49",16.95,0.1,2000,5504900,"S"
"NVL","13:21:48",16.95,0.1,200,5502900,"S"
"NVL","13:21:46",16.95,0.1,1000,5502700,"S"
"NVL","13:21:46",16.95,0.1,3000,5501700,"S"
"NVL","13:21:42",16.95,0.1,100,5498700,"S"
"NVL","13:21:41",16.95,0.1,2000,5498600,"S"
"NVL","13:21:40",16.95,0.1,400,5496600,"S"
"NVL","13:21:35",16.95,0.1,5000,5496200,"S"
"NVL","13:21:33",16.95,0.1,10000,5491200,"S"
"NVL","13:21:33",16.95,0.1,200,5481200,"S"
"NVL","13:21:30",16.95,0.1,600,5481000,"S"
"NVL","13:21:24",16.95,0.1,2000,5480400,"S"
"NVL","13:21:04",16.95,0.1,5000,5478400,"S"
"NVL","13:21:02",16.95,0.1,4000,5473400,"S"
"NVL","13:20:52",16.95,0.1,2500,5469400,"S"
"NVL","13:20:45",16.95,0.1,4900,5466900,"S"
"NVL","13:20:38",16.95,0.1,1300,5462000,"S"
"NVL","13:20:32",16.95,0.1,5000,5460700,"S"
"NVL","13:20:30",16.95,0.1,300,5455700,"S"
"NVL","13:20:01",16.95,0.1,400,5455400,"S"
"NVL","13:19:55",16.95,0.1,300,5455000,"S"
"NVL","13:19:44",16.95,0.1,3000,5454700,"S"
"NVL","13:19:41",16.95,0.1,7000,5451700,"S"
"NVL","13:19:28",16.9,0.05,6000,5444700,"B"
"NVL","13:19:27",16.9,0.05,1000,5438700,"B"
"NVL","13:19:20",16.9,0.05,100,5437700,"B"
"NVL","13:19:15",16.9,0.05,10000,5437600,"B"
"NVL","13:18:57",16.95,0.1,500,5427600,"S"
"NVL","13:18:57",16.9,0.05,2000,5427100,"B"
"NVL","13:18:52",16.9,0.05,200,5425100,"B"
"NVL","13:18:27",16.9,0.05,10000,5424900,"B"
"NVL","13:18:24",16.9,0.05,2000,5414900,"B"
"NVL","13:18:17",16.9,0.05,100,5412900,"B"
"NVL","13:18:15",16.9,0.05,600,5412800,"B"
"NVL","13:18:10",16.9,0.05,100,5412200,"B"
"NVL","13:18:00",16.9,0.05,200,5412100,"B"
"NVL","13:17:41",16.9,0.05,4100,5411900,"B"
"NVL","13:17:33",16.9,0.05,10100,5407800,"B"
"NVL","13:17:18",16.9,0.05,1400,5397700,"B"
"NVL","13:17:14",16.9,0.05,4000,5396300,"B"
"NVL","13:17:10",16.9,0.05,1000,5392300,"B"
"NVL","13:16:59",16.9,0.05,1700,5391300,"B"
"NVL","13:16:56",16.95,0.1,200,5389600,"S"
"NVL","13:16:55",16.9,0.05,10000,5389400,"B"
"NVL","13:16:54",16.9,0.05,5200,5379400,"B"
"NVL","13:16:44",16.95,0.1,1100,5374200,"S"
"NVL","13:16:31",16.9,0.05,1000,5373100,"B"
"NVL","13:16:15",16.9,0.05,400,5372100,"B"
"NVL","13:16:15",16.9,0.05,300,5371700,"B"
"NVL","13:16:09",16.9,0.05,5000,5371400,"B"
"NVL","13:16:02",16.9,0.05,1000,5366400,"B"
"NVL","13:15:44",16.9,0.05,100,5365400,"B"
"NVL","13:15:40",16.9,0.05,200,5365300,"B"
"NVL","13:15:29",16.9,0.05,5600,5365100,"B"
"NVL","13:15:28",16.95,0.1,200,5359500,"S"
"NVL","13:15:27",16.9,0.05,1000,5359300,"B"
"NVL","13:15:17",16.95,0.1,200,5358300,"S"
"NVL","13:15:13",16.9,0.05,100,5358100,"B"
"NVL","13:15:11",16.95,0.1,100,5358000,"S"
"NVL","13:15:09",16.9,0.05,500,5357900,"B"
"NVL","13:15:07",16.95,0.1,300,5357400,"S"
"NVL","13:15:05",16.9,0.05,100,5357100,"B"
"NVL","13:15:02",16.95,0.1,200,5357000,"S"
"NVL","13:14:57",16.9,0.05,100,5356800,"B"
"NVL","13:14:53",16.9,0.05,500,5356700,"B"
"NVL","13:14:48",16.9,0.05,4000,5356200,"B"
"NVL","13:14:46",16.95,0.1,500,5352200,"S"
"NVL","13:14:36",16.9,0.05,200,5351700,"B"
"NVL","13:14:35",16.9,0.05,900,5351500,"B"
"NVL","13:14:20",16.9,0.05,400,5350600,"B"
"NVL","13:14:17",16.9,0.05,15000,5350200,"B"
"NVL","13:14:09",16.9,0.05,5000,5335200,"B"
"NVL","13:14:04",16.9,0.05,200,5330200,"B"
"NVL","13:14:04",16.95,0.1,100,5330000,"S"
"NVL","13:13:30",16.9,0.05,300,5329900,"B"
"NVL","13:13:23",16.95,0.1,3000,5329600,"S"
"NVL","13:13:05",16.95,0.1,300,5326600,"S"
"NVL","13:13:03",16.9,0.05,32000,5326300,"B"
"NVL","13:13:02",16.9,0.05,9000,5294300,"B"
"NVL","13:13:02",16.9,0.05,10000,5285300,"B"
"NVL","13:12:51",16.9,0.05,1700,5275300,"B"
"NVL","13:12:50",16.9,0.05,10000,5273600,"B"
"NVL","13:12:46",16.9,0.05,1000,5263600,"B"
"NVL","13:12:41",16.9,0.05,100,5262600,"B"
"NVL","13:12:25",16.9,0.05,2000,5262500,"B"
"NVL","13:12:10",16.9,0.05,5000,5260500,"B"
"NVL","13:12:08",16.9,0.05,400,5255500,"B"
"NVL","13:12:01",16.9,0.05,2000,5255100,"B"
"NVL","13:12:01",16.9,0.05,5000,5253100,"B"
"NVL","13:12:00",16.95,0.1,1000,5248100,"S"
"NVL","13:11:54",16.95,0.1,1200,5247100,"S"
"NVL","13:11:34",16.9,0.05,800,5245900,"B"
"NVL","13:11:25",16.9,0.05,10000,5245100,"B"
"NVL","13:11:19",16.95,0.1,300,5235100,"S"
"NVL","13:11:17",16.9,0.05,200,5234800,"B"
"NVL","13:11:15",16.9,0.05,100,5234600,"B"
"NVL","13:11:12",16.9,0.05,3200,5234500,"B"
"NVL","13:11:09",16.95,0.1,3000,5231300,"S"
"NVL","13:10:59",16.95,0.1,200,5228300,"S"
"NVL","13:10:53",16.95,0.1,1200,5228100,"S"
"NVL","13:10:48",16.95,0.1,12300,5226900,"S"
"NVL","13:10:47",16.95,0.1,12700,5214600,"S"
"NVL","13:10:46",16.9,0.05,2000,5201900,"B"
"NVL","13:10:20",16.95,0.1,100,5199900,"S"
"NVL","13:10:01",16.9,0.05,100,5199800,"B"
"NVL","13:09:56",16.95,0.1,500,5199700,"S"
"NVL","13:09:52",16.9,0.05,200,5199200,"B"
"NVL","13:09:51",16.95,0.1,100,5199000,"S"
"NVL","13:09:50",16.95,0.1,200,5198900,"S"
"NVL","13:09:42",16.9,0.05,5000,5198700,"B"
"NVL","13:09:23",16.9,0.05,400,5193700,"B"
"NVL","13:09:22",16.9,0.05,4500,5193300,"B"
"NVL","13:09:19",16.9,0.05,1000,5188800,"B"
"NVL","13:09:18",16.9,0.05,3500,5187800,"B"
"NVL","13:08:46",16.9,0.05,10000,5184300,"B"
"NVL","13:08:28",16.95,0.1,7500,5174300,"S"
"NVL","13:08:08",16.9,0.05,500,5166800,"B"
"NVL","13:07:54",16.95,0.1,700,5166300,"S"
"NVL","13:07:43",16.95,0.1,1000,5165600,"S"
"NVL","13:07:43",16.9,0.05,2500,5164600,"B"
"NVL","13:07:42",16.9,0.05,100,5162100,"B"
"NVL","13:07:36",16.9,0.05,200,5162000,"B"
"NVL","13:06:04",16.95,0.1,4400,5161800,"S"
"NVL","13:06:01",16.9,0.05,1000,5157400,"B"
"NVL","13:05:38",16.9,0.05,2000,5156400,"B"
"NVL","13:05:37",16.9,0.05,2000,5154400,"B"
"NVL","13:05:34",16.9,0.05,400,5152400,"B"
"NVL","13:05:32",16.9,0.05,600,5152000,"B"
"NVL","13:05:25",16.9,0.05,100,5151400,"B"
"NVL","13:05:04",16.9,0.05,5000,5151300,"B"
"NVL","13:04:57",16.95,0.1,3000,5146300,"S"
"NVL","13:04:46",16.95,0.1,900,5143300,"S"
"NVL","13:04:20",16.95,0.1,100,5142400,"S"
"NVL","13:03:42",16.9,0.05,500,5142300,"B"
"NVL","13:03:33",16.9,0.05,300,5141800,"B"
"NVL","13:03:18",16.9,0.05,1000,5141500,"B"
"NVL","13:03:11",16.95,0.1,100,5140500,"S"
"NVL","13:01:51",16.95,0.1,100,5140400,"S"
"NVL","13:01:50",16.95,0.1,600,5140300,"S"
"NVL","13:01:27",16.95,0.1,1100,5139700,"S"
"NVL","13:01:26",16.95,0.1,100,5138600,"S"
"NVL","13:01:18",16.95,0.1,1400,5138500,"B"
"NVL","13:01:14",16.95,0.1,500,5137100,"B"
"NVL","13:01:12",16.95,0.1,10100,5136600,"B"
"NVL","13:01:05",16.95,0.1,200,5126500,"B"
"NVL","13:01:00",16.95,0.1,1000,5126300,"B"
"NVL","13:00:56",16.95,0.1,100,5125300,"B"
"NVL","13:00:54",16.95,0.1,200,5125200,"B"
"NVL","13:00:51",16.95,0.1,4500,5125000,"S"
"NVL","13:00:44",16.95,0.1,96500,5120500,"B"
"NVL","13:00:41",16.95,0.1,1900,5024000,"B"
"NVL","13:00:28",16.95,0.1,2500,5022100,"B"
"NVL","13:00:27",16.95,0.1,4900,5019600,"B"
"NVL","13:00:25",16.95,0.1,12500,5014700,"B"
"NVL","13:00:22",16.95,0.1,1000,5002200,"B"
"NVL","13:00:21",16.95,0.1,1500,5001200,"B"
"NVL","13:00:20",16.95,0.1,2900,4999700,"B"
"NVL","13:00:19",16.95,0.1,1100,4996800,"B"
"NVL","13:00:14",16.95,0.1,13800,4995700,"B"
"NVL","13:00:13",16.95,0.1,600,4981900,"B"
"NVL","13:00:11",16.95,0.1,100,4981300,"B"
"NVL","13:00:10",16.95,0.1,1000,4981200,"B"
"NVL","13:00:09",16.95,0.1,200,4980200,"B"
"NVL","13:00:08",16.95,0.1,1300,4980000,"B"
"NVL","13:00:07",17,0.15,100,4978700,"S"
"NVL","13:00:06",16.95,0.1,400,4978600,"B"
"NVL","13:00:05",16.95,0.1,500,4978200,"B"
"NVL","13:00:04",16.95,0.1,1100,4977700,"B"
"NVL","13:00:03",17,0.15,200,4976600,"S"
"NVL","13:00:03",16.95,0.1,4100,4976400,"B"
"NVL","13:00:01",16.95,0.1,1600,4972300,"B"
"NVL","13:00:01",16.95,0.1,3500,4970700,"B"
"NVL","13:00:01",17,0.15,7800,4967200,"S"
"NVL","13:00:01",16.95,0.1,2600,4959400,"B"
"NVL","13:00:01",17,0.15,1000,4956800,"S"
"NVL","11:29:38",16.95,0.1,500,4955800,"B"
"NVL","11:29:34",16.95,0.1,3000,4955300,"B"
"NVL","11:29:33",17,0.15,100,4952300,"S"
"NVL","11:29:29",16.95,0.1,10000,4952200,"B"
"NVL","11:29:28",17,0.15,100,4942200,"S"
"NVL","11:29:01",16.95,0.1,2000,4942100,"B"
"NVL","11:28:59",16.95,0.1,1000,4940100,"B"
"NVL","11:28:50",17,0.15,1100,4939100,"S"
"NVL","11:28:42",16.95,0.1,500,4938000,"B"
"NVL","11:28:23",16.95,0.1,400,4937500,"B"
"NVL","11:28:13",16.95,0.1,900,4937100,"B"
"NVL","11:27:37",16.95,0.1,500,4936200,"B"
"NVL","11:27:32",16.95,0.1,400,4935700,"B"
"NVL","11:27:30",16.95,0.1,1500,4935300,"B"
"NVL","11:27:24",16.95,0.1,28000,4933800,"B"
"NVL","11:27:06",16.95,0.1,1000,4905800,"B"
"NVL","11:27:02",16.95,0.1,600,4904800,"B"
"NVL","11:26:54",17,0.15,900,4904200,"S"
"NVL","11:26:52",16.95,0.1,500,4903300,"B"
"NVL","11:26:22",16.95,0.1,200,4902800,"B"
"NVL","11:26:21",16.95,0.1,100,4902600,"B"
"NVL","11:26:14",17,0.15,700,4902500,"S"
"NVL","11:26:01",16.95,0.1,5000,4901800,"B"
"NVL","11:25:41",16.95,0.1,100,4896800,"B"
"NVL","11:25:31",16.95,0.1,100,4896700,"B"
"NVL","11:25:06",16.95,0.1,1000,4896600,"B"
"NVL","11:24:56",16.95,0.1,4000,4895600,"B"
"NVL","11:24:55",16.95,0.1,100,4891600,"B"
"NVL","11:24:49",17,0.15,1000,4891500,"S"
"NVL","11:24:47",17,0.15,600,4890500,"S"
"NVL","11:24:27",17,0.15,200,4889900,"S"
"NVL","11:24:22",17,0.15,100,4889700,"S"
"NVL","11:24:18",17,0.15,1200,4889600,"S"
"NVL","11:23:57",17,0.15,200,4868400,"S"
"NVL","11:23:56",17,0.15,200,4868200,"S"
"NVL","11:23:51",17,0.15,5000,4868000,"S"
"NVL","11:23:21",17,0.15,300,4863000,"S"
"NVL","11:23:20",17,0.15,20000,4862700,"S"
"NVL","11:23:13",17,0.15,10000,4842700,"S"
"NVL","11:23:11",17,0.15,5000,4832700,"S"
"NVL","11:22:59",17,0.15,500,4827700,"S"
"NVL","11:22:52",17,0.15,3300,4827200,"S"
"NVL","11:22:41",17,0.15,1000,4823900,"S"
"NVL","11:22:28",17,0.15,1000,4822900,"S"
"NVL","11:22:26",17,0.15,1000,4821900,"S"
"NVL","11:22:24",17,0.15,15000,4820900,"S"
"NVL","11:22:22",17,0.15,1000,4805900,"S"
"NVL","11:22:21",17,0.15,2300,4804900,"S"
"NVL","11:22:20",17,0.15,100,4802600,"S"
"NVL","11:22:18",17,0.15,1000,4801700,"S"
"NVL","11:22:05",17,0.15,900,4800700,"S"
"NVL","11:22:03",17,0.15,5000,4799800,"S"
"NVL","11:21:59",17,0.15,1000,4794800,"S"
"NVL","11:21:57",17,0.15,1500,4793800,"S"
"NVL","11:21:48",17,0.15,150000,4792300,"S"
"NVL","11:21:44",16.95,0.1,1000,4642300,"B"
"NVL","11:21:35",16.95,0.1,1000,4641300,"B"
"NVL","11:21:16",16.95,0.1,200,4640300,"B"
"NVL","11:21:12",16.95,0.1,100,4640100,"B"
"NVL","11:21:01",16.95,0.1,500,4640000,"B"
"NVL","11:20:47",16.95,0.1,300,4639500,"B"
"NVL","11:20:33",16.95,0.1,5000,4639200,"B"
"NVL","11:20:19",17,0.15,300,4634200,"S"
"NVL","11:20:17",16.95,0.1,5000,4633900,"B"
"NVL","11:20:14",16.95,0.1,3000,4628900,"B"
"NVL","11:19:59",16.95,0.1,500,4625900,"B"
"NVL","11:19:48",16.95,0.1,2000,4625400,"B"
"NVL","11:19:43",16.95,0.1,1000,4623400,"B"
"NVL","11:19:42",16.95,0.1,500,4622400,"B"
"NVL","11:19:38",16.95,0.1,100,4621900,"B"
"NVL","11:19:21",16.95,0.1,1000,4621800,"B"
"NVL","11:19:06",16.95,0.1,4100,4620800,"B"
"NVL","11:18:52",16.95,0.1,25300,4616700,"S"
"NVL","11:18:51",16.95,0.1,500,4591400,"S"
"NVL","11:18:50",16.95,0.1,19000,4590900,"S"
"NVL","11:18:49",16.95,0.1,10000,4571900,"S"
"NVL","11:18:48",16.95,0.1,50000,4561900,"S"
"NVL","11:18:36",16.95,0.1,200,4511900,"B"
"NVL","11:18:24",16.95,0.1,400,4511700,"B"
"NVL","11:18:10",16.95,0.1,500,4511300,"S"
"NVL","11:18:09",16.95,0.1,1300,4510800,"S"
"NVL","11:18:09",16.95,0.1,200,4509500,"S"
"NVL","11:18:00",16.95,0.1,1000,4509300,"S"
"NVL","11:17:54",16.95,0.1,100,4508300,"S"
"NVL","11:17:52",16.95,0.1,300,4508200,"S"
"NVL","11:17:45",16.95,0.1,10000,4507900,"S"
"NVL","11:17:39",16.95,0.1,200,4497900,"S"
"NVL","11:17:37",16.95,0.1,1500,4497700,"S"
"NVL","11:17:35",16.95,0.1,200,4496200,"S"
"NVL","11:17:32",16.95,0.1,30000,4496000,"S"
"NVL","11:17:28",16.95,0.1,2000,4466000,"S"
"NVL","11:17:21",16.95,0.1,100,4464000,"S"
"NVL","11:17:00",16.95,0.1,1000,4463900,"S"
"NVL","11:17:00",16.9,0.05,11000,4462900,"B"
"NVL","11:16:59",16.95,0.1,200,4451900,"S"
"NVL","11:16:52",16.95,0.1,1000,4451700,"S"
"NVL","11:16:50",16.95,0.1,100,4450700,"S"
"NVL","11:16:41",16.95,0.1,1000,4450600,"S"
"NVL","11:16:30",16.95,0.1,2000,4449600,"S"
"NVL","11:16:28",16.95,0.1,700,4447600,"S"
"NVL","11:16:24",16.95,0.1,500,4446900,"S"
"NVL","11:16:19",16.95,0.1,600,4446400,"S"
"NVL","11:16:17",16.95,0.1,2000,4445800,"S"
"NVL","11:16:15",16.95,0.1,25000,4443800,"S"
"NVL","11:16:11",16.95,0.1,100,4418800,"S"
"NVL","11:16:07",16.95,0.1,5000,4418700,"S"
"NVL","11:16:00",16.95,0.1,100,4413700,"S"
"NVL","11:15:58",16.95,0.1,1400,4413600,"S"
"NVL","11:15:55",16.95,0.1,4000,4412200,"S"
"NVL","11:15:43",16.95,0.1,500,4408200,"S"
"NVL","11:15:40",16.95,0.1,2000,4407700,"S"
"NVL","11:15:38",16.95,0.1,1000,4405700,"S"
"NVL","11:15:25",16.95,0.1,2800,4404700,"S"
"NVL","11:15:25",16.95,0.1,47200,4401900,"S"
"NVL","11:15:20",16.9,0.05,1000,4354700,"B"
"NVL","11:15:14",16.95,0.1,500,4353700,"S"
"NVL","11:15:11",16.95,0.1,50000,4353200,"S"
"NVL","11:15:02",16.95,0.1,500,4303200,"S"
"NVL","11:14:41",16.9,0.05,100,4302700,"B"
"NVL","11:13:46",16.9,0.05,300,4302600,"B"
"NVL","11:13:14",16.9,0.05,1000,4302300,"B"
"NVL","11:13:09",16.9,0.05,1000,4301300,"B"
"NVL","11:13:07",16.9,0.05,700,4300300,"B"
"NVL","11:12:37",16.9,0.05,500,4299600,"B"
"NVL","11:12:27",16.95,0.1,500,4299100,"S"
"NVL","11:11:56",16.95,0.1,1000,4298600,"S"
"NVL","11:11:48",16.95,0.1,1500,4297600,"S"
"NVL","11:11:43",16.95,0.1,1000,4296100,"S"
"NVL","11:10:53",16.95,0.1,1000,4295100,"S"
"NVL","11:10:10",16.95,0.1,2000,4294100,"S"
"NVL","11:09:57",16.9,0.05,500,4292100,"B"
"NVL","11:09:53",16.9,0.05,500,4291600,"B"
"NVL","11:09:51",16.9,0.05,500,4291100,"B"
"NVL","11:09:38",16.9,0.05,10000,4290600,"B"
"NVL","11:09:36",16.9,0.05,2000,4280600,"B"
"NVL","11:09:04",16.9,0.05,2000,4278600,"B"
"NVL","11:08:54",16.95,0.1,1500,4276600,"S"
"NVL","11:08:47",16.9,0.05,300,4275100,"B"
"NVL","11:08:47",16.9,0.05,100,4274800,"B"
"NVL","11:08:19",16.9,0.05,1000,4274700,"B"
"NVL","11:08:14",16.9,0.05,1000,4273700,"B"
"NVL","11:07:48",16.9,0.05,5000,4272700,"B"
"NVL","11:06:27",16.9,0.05,100,4267700,"B"
"NVL","11:06:08",16.9,0.05,800,4267600,"B"
"NVL","11:06:07",16.9,0.05,100,4266800,"B"
"NVL","11:05:54",16.9,0.05,1400,4266700,"B"
"NVL","11:05:43",16.9,0.05,500,4265300,"B"
"NVL","11:05:38",16.9,0.05,200,4264800,"B"
"NVL","11:04:59",16.95,0.1,4000,4264600,"S"
"NVL","11:04:46",16.9,0.05,1000,4260600,"B"
"NVL","11:04:26",16.95,0.1,1700,4259600,"S"
"NVL","11:04:21",16.95,0.1,200,4257900,"S"
"NVL","11:03:47",16.95,0.1,2400,4257700,"S"
"NVL","11:03:27",16.95,0.1,1000,4255300,"S"
"NVL","11:02:47",16.95,0.1,100,4254300,"S"
"NVL","11:02:38",16.95,0.1,3500,4254200,"S"
"NVL","11:02:31",16.95,0.1,100,4250700,"S"
"NVL","11:02:26",16.9,0.05,10000,4250600,"B"
"NVL","11:02:05",16.95,0.1,800,4240600,"S"
"NVL","11:01:44",16.95,0.1,100,4239800,"S"
"NVL","11:01:38",16.95,0.1,1200,4239700,"S"
"NVL","11:01:25",16.95,0.1,500,4238500,"S"
"NVL","11:00:59",16.95,0.1,500,4238000,"S"
"NVL","11:00:59",16.95,0.1,68600,4237500,"B"
"NVL","11:00:51",16.95,0.1,15800,4168900,"S"
"NVL","11:00:50",16.95,0.1,15600,4153100,"S"
"NVL","11:00:39",16.95,0.1,100,4137500,"S"
"NVL","11:00:39",16.95,0.1,5000,4137400,"S"
"NVL","11:00:37",16.9,0.05,4800,4132400,"B"
"NVL","11:00:27",16.95,0.1,1000,4127600,"S"
"NVL","11:00:26",16.95,0.1,1000,4126600,"S"
"NVL","11:00:21",16.95,0.1,1200,4125600,"S"
"NVL","11:00:13",16.95,0.1,1000,4124400,"S"
"NVL","11:00:03",16.95,0.1,3000,4123400,"S"
"NVL","10:59:52",16.95,0.1,2000,4120400,"S"
"NVL","10:59:49",16.9,0.05,3000,4118400,"B"
"NVL","10:59:47",16.95,0.1,500,4115400,"S"
"NVL","10:59:38",16.95,0.1,800,4114900,"S"
"NVL","10:59:33",16.95,0.1,3000,4114100,"S"
"NVL","10:59:29",16.95,0.1,200,4111100,"S"
"NVL","10:59:29",16.95,0.1,1000,4110900,"S"
"NVL","10:59:28",16.95,0.1,12300,4109900,"B"
"NVL","10:59:27",16.95,0.1,100,4097600,"B"
"NVL","10:59:26",16.95,0.1,3300,4097500,"S"
"NVL","10:59:25",16.95,0.1,10000,4094200,"S"
"NVL","10:59:17",16.95,0.1,100,4084200,"S"
"NVL","10:59:14",16.9,0.05,1600,4084100,"B"
"NVL","10:59:08",16.95,0.1,10000,4082500,"S"
"NVL","10:59:00",16.95,0.1,2000,4072500,"S"
"NVL","10:58:58",16.95,0.1,1900,4070500,"S"
"NVL","10:58:50",16.95,0.1,1000,4068600,"S"
"NVL","10:58:50",16.95,0.1,200,4067600,"S"
"NVL","10:58:44",16.95,0.1,100,4067400,"S"
"NVL","10:58:42",16.95,0.1,200,4067300,"S"
"NVL","10:58:39",16.9,0.05,700,4067100,"B"
"NVL","10:58:27",16.95,0.1,200,4066400,"S"
"NVL","10:58:20",16.95,0.1,1000,4066200,"S"
"NVL","10:58:19",16.95,0.1,2000,4065200,"S"
"NVL","10:58:19",16.95,0.1,300,4063200,"S"
"NVL","10:57:54",16.95,0.1,1000,4062900,"S"
"NVL","10:57:50",16.95,0.1,600,4061900,"S"
"NVL","10:57:45",16.95,0.1,100,4061300,"S"
"NVL","10:57:39",16.95,0.1,10400,4061200,"B"
"NVL","10:57:36",16.95,0.1,8900,4050800,"S"
"NVL","10:57:32",16.9,0.05,500,4041900,"B"
"NVL","10:57:30",16.95,0.1,1000,4041400,"S"
"NVL","10:57:25",16.95,0.1,8000,4040400,"S"
"NVL","10:57:15",16.95,0.1,1000,4032400,"S"
"NVL","10:57:11",16.95,0.1,5000,4031400,"S"
"NVL","10:57:02",16.95,0.1,100,4026400,"S"
"NVL","10:57:01",16.95,0.1,100,4026300,"S"
"NVL","10:57:00",16.95,0.1,1000,4026200,"S"
"NVL","10:56:52",16.95,0.1,10000,4025200,"S"
"NVL","10:56:44",16.95,0.1,4600,4015200,"S"
"NVL","10:56:32",16.95,0.1,100,4010600,"S"
"NVL","10:56:27",16.95,0.1,16500,4010500,"B"
"NVL","10:56:26",16.95,0.1,1000,3994000,"B"
"NVL","10:56:19",16.95,0.1,1000,3993000,"B"
"NVL","10:56:11",16.95,0.1,4900,3992000,"B"
"NVL","10:56:09",16.95,0.1,1700,3987100,"B"
"NVL","10:56:03",16.95,0.1,500,3985400,"B"
"NVL","10:55:58",16.95,0.1,1000,3984900,"B"
"NVL","10:55:54",16.95,0.1,1000,3983900,"B"
"NVL","10:55:47",16.95,0.1,72400,3982900,"S"
"NVL","10:55:38",16.9,0.05,10000,3910500,"B"
"NVL","10:55:30",16.9,0.05,600,3900500,"B"
"NVL","10:55:29",16.9,0.05,6000,3899900,"B"
"NVL","10:55:26",16.95,0.1,500,3893900,"S"
"NVL","10:55:22",16.9,0.05,200,3893400,"B"
"NVL","10:55:17",16.9,0.05,700,3893200,"B"
"NVL","10:55:16",16.9,0.05,400,3892500,"B"
"NVL","10:55:12",16.9,0.05,4500,3892100,"B"
"NVL","10:55:03",16.9,0.05,400,3887600,"B"
"NVL","10:54:50",16.9,0.05,1600,3887200,"B"
"NVL","10:54:38",16.9,0.05,2000,3885600,"B"
"NVL","10:54:36",16.9,0.05,500,3883600,"B"
"NVL","10:54:32",16.9,0.05,100,3883100,"B"
"NVL","10:54:30",16.95,0.1,100,3883000,"S"
"NVL","10:54:28",16.9,0.05,500,3882900,"B"
"NVL","10:54:24",16.95,0.1,10000,3882400,"S"
"NVL","10:54:24",16.9,0.05,200,3872400,"B"
"NVL","10:54:20",16.9,0.05,1000,3872200,"B"
"NVL","10:53:46",16.95,0.1,4500,3871200,"S"
"NVL","10:53:37",16.95,0.1,1000,3866700,"S"
"NVL","10:53:35",16.9,0.05,10000,3865700,"B"
"NVL","10:53:22",16.9,0.05,5000,3855700,"B"
"NVL","10:53:16",16.9,0.05,200,3850700,"B"
"NVL","10:53:15",16.9,0.05,47200,3850500,"S"
"NVL","10:53:13",16.9,0.05,300,3803300,"S"
"NVL","10:53:11",16.9,0.05,100,3803000,"S"
"NVL","10:53:07",16.9,0.05,600,3802900,"S"
"NVL","10:52:55",16.9,0.05,8000,3802300,"S"
"NVL","10:52:54",16.9,0.05,100,3794300,"S"
"NVL","10:52:50",16.9,0.05,600,3794200,"S"
"NVL","10:52:45",16.9,0.05,100,3793600,"S"
"NVL","10:52:42",16.85,0,300,3793500,"B"
"NVL","10:52:32",16.85,0,500,3793200,"B"
"NVL","10:52:31",16.9,0.05,100,3792700,"S"
"NVL","10:52:23",16.85,0,1500,3792600,"B"
"NVL","10:52:21",16.85,0,100,3791100,"B"
"NVL","10:52:15",16.85,0,1000,3791000,"B"
"NVL","10:52:13",16.9,0.05,500,3790000,"S"
"NVL","10:52:10",16.85,0,200,3789500,"B"
"NVL","10:52:08",16.85,0,100,3789300,"B"
"NVL","10:52:06",16.85,0,10000,3789200,"B"
"NVL","10:52:00",16.85,0,1000,3779200,"B"
"NVL","10:51:58",16.85,0,2000,3778200,"B"
"NVL","10:51:57",16.9,0.05,50000,3776200,"S"
"NVL","10:51:57",16.85,0,200,3726200,"B"
"NVL","10:51:50",16.85,0,900,3726000,"B"
"NVL","10:51:49",16.85,0,1000,3725100,"B"
"NVL","10:51:43",16.85,0,1400,3724100,"B"
"NVL","10:51:40",16.85,0,2000,3722700,"B"
"NVL","10:51:35",16.85,0,2500,3720700,"B"
"NVL","10:51:34",16.85,0,3500,3718200,"B"
"NVL","10:51:26",16.85,0,500,3714700,"B"
"NVL","10:51:21",16.85,0,4000,3714200,"B"
"NVL","10:51:13",16.85,0,500,3710200,"B"
"NVL","10:50:58",16.85,0,300,3709700,"B"
"NVL","10:50:52",16.9,0.05,1500,3709400,"S"
"NVL","10:50:43",16.9,0.05,3000,3707900,"S"
"NVL","10:50:39",16.9,0.05,39400,3704900,"B"
"NVL","10:50:38",16.9,0.05,1000,3665500,"B"
"NVL","10:50:37",16.9,0.05,2600,3664500,"B"
"NVL","10:50:37",16.9,0.05,5200,3661900,"B"
"NVL","10:50:36",16.9,0.05,11000,3656700,"B"
"NVL","10:50:36",16.9,0.05,18200,3645700,"B"
"NVL","10:50:35",16.9,0.05,20000,3627500,"B"
"NVL","10:50:32",16.9,0.05,6000,3607500,"B"
"NVL","10:50:29",16.9,0.05,3000,3601500,"B"
"NVL","10:50:28",16.9,0.05,31300,3598500,"B"
"NVL","10:50:28",16.9,0.05,2000,3567200,"B"
"NVL","10:50:27",16.9,0.05,3400,3565200,"B"
"NVL","10:50:26",16.95,0.1,100,3561800,"S"
"NVL","10:50:26",16.9,0.05,15000,3561700,"B"
"NVL","10:50:23",16.9,0.05,1000,3546700,"B"
"NVL","10:50:22",16.9,0.05,5000,3545700,"B"
"NVL","10:50:22",16.9,0.05,3200,3540700,"B"
"NVL","10:50:21",16.9,0.05,100,3537500,"B"
"NVL","10:50:19",16.9,0.05,70300,3537400,"B"
"NVL","10:50:18",16.9,0.05,1500,3467100,"B"
"NVL","10:50:16",16.9,0.05,9000,3465600,"B"
"NVL","10:50:15",16.9,0.05,5000,3456600,"B"
"NVL","10:50:14",16.9,0.05,27400,3451600,"B"
"NVL","10:50:12",16.9,0.05,15000,3424200,"B"
"NVL","10:50:11",16.9,0.05,800,3409200,"B"
"NVL","10:50:07",16.9,0.05,5300,3408400,"B"
"NVL","10:50:04",16.9,0.05,1000,3403100,"B"
"NVL","10:50:01",16.9,0.05,5300,3402100,"B"
"NVL","10:49:49",16.9,0.05,800,3396800,"B"
"NVL","10:49:48",16.9,0.05,1200,3396000,"B"
"NVL","10:49:48",16.9,0.05,3000,3394800,"B"
"NVL","10:49:47",16.9,0.05,1900,3391800,"B"
"NVL","10:49:46",16.9,0.05,300,3389900,"B"
"NVL","10:49:38",16.9,0.05,200,3389600,"B"
"NVL","10:49:37",16.9,0.05,100,3389400,"B"
"NVL","10:49:35",16.9,0.05,800,3389300,"B"
"NVL","10:49:34",16.9,0.05,500,3388500,"B"
"NVL","10:49:33",16.9,0.05,1000,3388000,"B"
"NVL","10:49:33",16.9,0.05,1000,3387000,"B"
"NVL","10:49:24",16.9,0.05,10000,3386000,"B"
"NVL","10:49:23",16.9,0.05,2000,3376000,"B"
"NVL","10:49:22",16.9,0.05,25000,3374000,"B"
"NVL","10:49:17",16.9,0.05,200,3349000,"B"
"NVL","10:49:13",16.9,0.05,2900,3348800,"B"
"NVL","10:49:04",16.9,0.05,500,3345900,"B"
"NVL","10:49:00",16.9,0.05,12000,3345400,"B"
"NVL","10:48:49",16.9,0.05,5000,3333400,"B"
"NVL","10:48:41",16.95,0.1,1000,3328400,"S"
"NVL","10:48:38",16.95,0.1,26500,3327400,"B"
"NVL","10:48:37",16.95,0.1,7800,3300900,"B"
"NVL","10:48:37",16.95,0.1,5200,3293100,"B"
"NVL","10:48:36",16.95,0.1,3300,3287900,"B"
"NVL","10:48:36",16.95,0.1,2300,3284600,"B"
"NVL","10:48:27",16.95,0.1,100,3282300,"B"
"NVL","10:48:23",16.95,0.1,1100,3282200,"B"
"NVL","10:48:20",16.95,0.1,15000,3281100,"B"
"NVL","10:48:17",16.95,0.1,5000,3266100,"B"
"NVL","10:48:11",16.95,0.1,5000,3261100,"B"
"NVL","10:48:09",17,0.15,2000,3256100,"S"
"NVL","10:48:05",16.95,0.1,600,3254100,"B"
"NVL","10:48:04",16.95,0.1,200,3253500,"B"
"NVL","10:47:58",16.95,0.1,100,3253300,"B"
"NVL","10:47:54",16.95,0.1,100,3253200,"B"
"NVL","10:47:54",16.95,0.1,7000,3253100,"B"
"NVL","10:47:52",16.95,0.1,300,3246100,"B"
"NVL","10:47:52",16.95,0.1,100,3245800,"B"
"NVL","10:47:43",16.95,0.1,200,3245700,"B"
"NVL","10:47:39",16.95,0.1,600,3245500,"B"
"NVL","10:47:29",16.95,0.1,1000,3244900,"B"
"NVL","10:47:28",16.95,0.1,200,3243900,"B"
"NVL","10:47:26",16.95,0.1,200,3243700,"B"
"NVL","10:47:20",16.95,0.1,6900,3243500,"B"
"NVL","10:47:16",16.95,0.1,200,3236600,"B"
"NVL","10:47:14",16.95,0.1,1000,3236400,"B"
"NVL","10:47:13",16.95,0.1,1000,3235400,"B"
"NVL","10:47:11",16.95,0.1,10000,3234400,"B"
"NVL","10:46:58",16.95,0.1,100,3224400,"B"
"NVL","10:46:51",16.95,0.1,1000,3224300,"B"
"NVL","10:46:47",16.95,0.1,24700,3223300,"B"
"NVL","10:46:27",16.95,0.1,17100,3198600,"B"
"NVL","10:46:22",16.95,0.1,100,3181500,"B"
"NVL","10:46:12",16.95,0.1,3500,3181400,"B"
"NVL","10:46:11",16.95,0.1,100,3177900,"B"
"NVL","10:46:09",16.95,0.1,500,3177800,"B"
"NVL","10:46:07",16.95,0.1,300,3177300,"B"
"NVL","10:46:03",16.95,0.1,3000,3177000,"B"
"NVL","10:45:51",16.95,0.1,200,3174000,"B"
"NVL","10:45:46",16.95,0.1,4400,3173800,"B"
"NVL","10:45:44",16.95,0.1,1800,3169400,"B"
"NVL","10:45:43",16.95,0.1,1000,3167600,"B"
"NVL","10:45:30",16.95,0.1,200,3166600,"B"
"NVL","10:45:18",16.95,0.1,100,3166400,"B"
"NVL","10:45:05",16.95,0.1,100,3166300,"B"
"NVL","10:45:02",16.95,0.1,1000,3166200,"B"
"NVL","10:44:57",16.95,0.1,4500,3165200,"B"
"NVL","10:44:42",16.95,0.1,12000,3160700,"B"
"NVL","10:44:39",16.95,0.1,2000,3148700,"B"
"NVL","10:44:34",16.95,0.1,2000,3146700,"B"
"NVL","10:44:33",16.95,0.1,300,3144700,"B"
"NVL","10:44:15",16.95,0.1,4100,3144400,"B"
"NVL","10:44:07",16.95,0.1,8000,3140300,"B"
"NVL","10:44:02",16.95,0.1,200,3132300,"B"
"NVL","10:43:55",16.95,0.1,10100,3132100,"B"
"NVL","10:43:48",16.95,0.1,300,3122000,"B"
"NVL","10:43:45",16.95,0.1,10000,3121700,"B"
"NVL","10:43:42",16.95,0.1,2000,3111700,"B"
"NVL","10:43:42",16.95,0.1,1100,3109700,"B"
"NVL","10:43:33",16.95,0.1,1400,3108600,"B"
"NVL","10:43:30",16.95,0.1,1000,3107200,"B"
"NVL","10:43:23",16.95,0.1,500,3106200,"B"
"NVL","10:43:19",16.95,0.1,5000,3105700,"B"
"NVL","10:43:12",16.95,0.1,1000,3100700,"B"
"NVL","10:43:06",16.95,0.1,2500,3099700,"B"
"NVL","10:43:05",16.95,0.1,300,3097200,"B"
"NVL","10:42:50",16.95,0.1,2000,3096900,"B"
"NVL","10:42:41",16.95,0.1,2300,3094900,"B"
"NVL","10:42:28",16.95,0.1,26100,3092600,"B"
"NVL","10:42:07",16.95,0.1,1000,3066500,"B"
"NVL","10:42:06",16.95,0.1,5000,3065500,"B"
"NVL","10:41:59",16.95,0.1,2000,3060500,"B"
"NVL","10:41:56",16.95,0.1,21600,3058500,"B"
"NVL","10:41:55",16.95,0.1,2000,3036900,"B"
"NVL","10:41:46",16.95,0.1,1000,3034900,"B"
"NVL","10:41:43",16.95,0.1,3400,3033900,"B"
"NVL","10:41:32",16.95,0.1,2000,3030500,"B"
"NVL","10:41:27",16.95,0.1,500,3028500,"B"
"NVL","10:41:26",16.95,0.1,1000,3028000,"B"
"NVL","10:41:24",16.95,0.1,15000,3027000,"B"
"NVL","10:41:16",16.95,0.1,1300,3012000,"B"
"NVL","10:41:11",16.95,0.1,300,3010700,"B"
"NVL","10:41:10",16.95,0.1,2000,3010400,"B"
"NVL","10:41:08",16.95,0.1,600,3008400,"B"
"NVL","10:41:06",16.95,0.1,2000,3007800,"B"
"NVL","10:41:04",16.95,0.1,3000,3005800,"B"
"NVL","10:40:59",16.95,0.1,3000,3002800,"B"
"NVL","10:40:58",16.95,0.1,10000,2999800,"B"
"NVL","10:40:57",17,0.15,6200,2989800,"S"
"NVL","10:40:51",16.95,0.1,200,2983600,"B"
"NVL","10:40:49",16.95,0.1,500,2983400,"B"
"NVL","10:40:42",16.95,0.1,2000,2982900,"B"
"NVL","10:40:12",17,0.15,10000,2980900,"S"
"NVL","10:40:03",17,0.15,200,2970900,"S"
"NVL","10:39:48",17,0.15,10000,2970700,"S"
"NVL","10:39:40",17,0.15,200,2960700,"S"
"NVL","10:39:38",16.95,0.1,800,2960500,"B"
"NVL","10:39:33",16.95,0.1,6100,2959700,"B"
"NVL","10:39:27",17,0.15,100,2953600,"S"
"NVL","10:39:26",17,0.15,2000,2953500,"S"
"NVL","10:39:11",17,0.15,10000,2951500,"S"
"NVL","10:38:52",17,0.15,100,2941500,"S"
"NVL","10:38:28",17,0.15,200,2941400,"S"
"NVL","10:38:11",16.95,0.1,5000,2941200,"B"
"NVL","10:38:02",17,0.15,1000,2936200,"S"
"NVL","10:38:01",16.95,0.1,5000,2935200,"B"
"NVL","10:37:50",17,0.15,1600,2930200,"S"
"NVL","10:37:37",17,0.15,800,2928600,"S"
"NVL","10:37:25",17,0.15,500,2927800,"S"
"NVL","10:37:03",17,0.15,1800,2927300,"S"
"NVL","10:36:37",17,0.15,1000,2925500,"S"
"NVL","10:36:29",17,0.15,1000,2924500,"S"
"NVL","10:36:26",17,0.15,500,2923500,"S"
"NVL","10:36:10",17,0.15,1000,2923000,"S"
"NVL","10:36:03",16.95,0.1,1000,2922000,"B"
"NVL","10:35:51",16.95,0.1,9000,2921000,"B"
"NVL","10:35:41",16.95,0.1,3500,2912000,"B"
"NVL","10:35:19",16.95,0.1,2000,2908500,"B"
"NVL","10:35:13",16.95,0.1,100,2906500,"B"
"NVL","10:35:02",17,0.15,100,2906400,"S"
"NVL","10:34:41",17,0.15,500,2906300,"S"
"NVL","10:34:40",16.95,0.1,1000,2905800,"B"
"NVL","10:34:29",16.95,0.1,100,2904800,"B"
"NVL","10:34:22",16.95,0.1,200,2904700,"B"
"NVL","10:33:54",17,0.15,1000,2904500,"S"
"NVL","10:33:33",17,0.15,2300,2903500,"S"
"NVL","10:33:26",16.95,0.1,20000,2901200,"B"
"NVL","10:33:25",17,0.15,1000,2881200,"S"
"NVL","10:33:17",17,0.15,2900,2880200,"S"
"NVL","10:33:13",17,0.15,5000,2877300,"S"
"NVL","10:33:03",17,0.15,100,2872300,"S"
"NVL","10:32:43",17,0.15,100,2872200,"S"
"NVL","10:32:32",16.95,0.1,100,2872100,"B"
"NVL","10:32:21",16.95,0.1,1000,2872000,"B"
"NVL","10:31:49",17,0.15,100,2871000,"S"
"NVL","10:31:05",17,0.15,2000,2870900,"S"
"NVL","10:30:45",17,0.15,100,2868900,"S"
"NVL","10:30:41",16.95,0.1,2000,2868800,"B"
"NVL","10:30:36",16.95,0.1,1000,2866800,"B"
"NVL","10:30:30",16.95,0.1,300,2865800,"B"
"NVL","10:30:29",17,0.15,100,2865500,"S"
"NVL","10:30:24",17,0.15,100,2865400,"S"
"NVL","10:30:20",17,0.15,200,2865300,"S"
"NVL","10:30:18",16.95,0.1,200,2865100,"B"
"NVL","10:30:02",17,0.15,100,2864900,"S"
"NVL","10:29:59",16.95,0.1,300,2864800,"B"
"NVL","10:29:50",16.95,0.1,200,2864500,"B"
"NVL","10:29:39",16.95,0.1,600,2864300,"B"
"NVL","10:29:37",16.95,0.1,200,2863700,"B"
"NVL","10:29:34",16.95,0.1,500,2863500,"B"
"NVL","10:29:18",16.95,0.1,300,2863000,"B"
"NVL","10:29:05",16.95,0.1,100,2862700,"B"
"NVL","10:28:57",16.95,0.1,200,2862600,"B"
"NVL","10:28:28",16.95,0.1,4300,2862400,"B"
"NVL","10:27:50",16.95,0.1,30000,2858100,"B"
"NVL","10:27:44",16.95,0.1,600,2828100,"B"
"NVL","10:27:16",16.95,0.1,1500,2827500,"B"
"NVL","10:27:00",17,0.15,100,2826000,"S"
"NVL","10:26:59",17,0.15,100,2825900,"S"
"NVL","10:26:58",17,0.15,3000,2825800,"S"
"NVL","10:26:55",17,0.15,3000,2822800,"S"
"NVL","10:26:07",17,0.15,1500,2819800,"S"
"NVL","10:25:43",17,0.15,1500,2818300,"S"
"NVL","10:25:34",17,0.15,500,2816800,"S"
"NVL","10:25:34",17,0.15,5000,2816300,"S"
"NVL","10:25:28",17,0.15,10000,2811300,"S"
"NVL","10:25:24",17,0.15,500,2801300,"S"
"NVL","10:25:17",17,0.15,1500,2800800,"S"
"NVL","10:25:15",17,0.15,700,2799300,"S"
"NVL","10:24:59",16.95,0.1,2000,2798600,"B"
"NVL","10:24:45",17,0.15,2100,2796600,"S"
"NVL","10:24:13",17,0.15,2000,2794500,"S"
"NVL","10:23:30",16.95,0.1,500,2792500,"B"
"NVL","10:23:04",17,0.15,300,2792000,"S"
"NVL","10:22:53",16.95,0.1,100,2791700,"B"
"NVL","10:22:51",16.95,0.1,500,2791600,"B"
"NVL","10:22:46",17,0.15,30000,2791100,"S"
"NVL","10:22:26",17,0.15,500,2761100,"S"
"NVL","10:22:10",17,0.15,1000,2760600,"S"
"NVL","10:22:07",17,0.15,100,2759600,"S"
"NVL","10:22:05",17,0.15,500,2759500,"S"
"NVL","10:21:57",17,0.15,1000,2759000,"S"
"NVL","10:21:40",17,0.15,500,2758000,"S"
"NVL","10:21:34",17,0.15,400,2757500,"S"
"NVL","10:21:05",17,0.15,12200,2757100,"S"
"NVL","10:20:36",17,0.15,400,2744900,"S"
"NVL","10:20:32",17,0.15,3000,2744500,"S"
"NVL","10:20:08",17,0.15,300,2741500,"S"
"NVL","10:20:03",17,0.15,1000,2741200,"S"
"NVL","10:19:32",17,0.15,7500,2740200,"S"
"NVL","10:19:26",17,0.15,1000,2732700,"S"
"NVL","10:19:18",17,0.15,100,2731700,"S"
"NVL","10:19:16",17,0.15,100,2731600,"S"
"NVL","10:19:15",17,0.15,500,2731500,"S"
"NVL","10:19:00",17,0.15,10000,2731000,"S"
"NVL","10:18:52",17,0.15,200,2721000,"S"
"NVL","10:18:13",17,0.15,5000,2720800,"S"
"NVL","10:18:00",17,0.15,100,2715800,"S"
"NVL","10:17:53",17,0.15,700,2715700,"B"
"NVL","10:17:53",17,0.15,500,2715000,"B"
"NVL","10:17:52",17,0.15,2500,2714500,"B"
"NVL","10:17:50",17,0.15,1200,2712000,"B"
"NVL","10:17:49",17,0.15,2000,2710800,"B"
"NVL","10:17:49",17,0.15,5000,2708800,"B"
"NVL","10:17:48",17,0.15,10000,2703800,"B"
"NVL","10:17:44",17,0.15,3000,2693800,"B"
"NVL","10:17:34",17,0.15,1000,2690800,"B"
"NVL","10:17:30",17,0.15,185000,2689800,"B"
"NVL","10:17:23",17,0.15,10000,2504800,"B"
"NVL","10:17:22",17.05,0.2,500,2494800,"S"
"NVL","10:17:16",17.05,0.2,100,2494300,"S"
"NVL","10:16:57",17.05,0.2,500,2494200,"S"
"NVL","10:16:56",17,0.15,200,2493700,"B"
"NVL","10:16:54",17,0.15,11200,2493500,"B"
"NVL","10:16:53",17.05,0.2,300,2482300,"S"
"NVL","10:16:51",17,0.15,2000,2482000,"B"
"NVL","10:16:49",17,0.15,5000,2480000,"B"
"NVL","10:16:40",17,0.15,8000,2475000,"B"
"NVL","10:16:31",17,0.15,5000,2467000,"B"
"NVL","10:16:30",17.05,0.2,2000,2462000,"S"
"NVL","10:16:19",17.05,0.2,10500,2460000,"S"
"NVL","10:16:18",17,0.15,1000,2449500,"B"
"NVL","10:16:17",17.05,0.2,1700,2448500,"S"
"NVL","10:16:16",17,0.15,500,2446800,"B"
"NVL","10:16:11",17,0.15,500,2446300,"B"
"NVL","10:16:06",17,0.15,1300,2445800,"B"
"NVL","10:16:04",17,0.15,500,2444500,"B"
"NVL","10:16:00",17,0.15,2700,2444000,"B"
"NVL","10:15:57",17,0.15,200,2441300,"B"
"NVL","10:15:30",17,0.15,100,2441100,"B"
"NVL","10:15:26",17,0.15,500,2441000,"B"
"NVL","10:14:53",17,0.15,200,2440500,"B"
"NVL","10:14:47",17,0.15,1000,2440300,"B"
"NVL","10:14:33",17,0.15,500,2439300,"B"
"NVL","10:14:28",17,0.15,200,2438800,"B"
"NVL","10:14:14",17,0.15,1000,2438600,"B"
"NVL","10:14:05",17,0.15,200,2437600,"B"
"NVL","10:14:04",17.05,0.2,1000,2437400,"S"
"NVL","10:14:00",17,0.15,500,2436400,"B"
"NVL","10:13:49",17,0.15,500,2435900,"B"
"NVL","10:13:40",17,0.15,1900,2435400,"B"
"NVL","10:13:40",17,0.15,2100,2433500,"B"
"NVL","10:13:39",17,0.15,300,2431400,"B"
"NVL","10:13:31",17,0.15,1500,2431100,"B"
"NVL","10:13:31",17,0.15,4000,2429600,"B"
"NVL","10:13:29",17,0.15,200,2425600,"B"
"NVL","10:13:14",17,0.15,100,2425400,"B"
"NVL","10:12:55",17,0.15,200,2425300,"B"
"NVL","10:12:09",17,0.15,500,2425100,"B"
"NVL","10:12:02",17.05,0.2,2500,2424600,"S"
"NVL","10:12:02",17,0.15,100,2422100,"B"
"NVL","10:12:01",17,0.15,1000,2422000,"B"
"NVL","10:11:53",17,0.15,300,2421000,"B"
"NVL","10:11:37",17.05,0.2,100,2420700,"S"
"NVL","10:11:37",17,0.15,10600,2420600,"B"
"NVL","10:11:37",17.05,0.2,14400,2410000,"S"
"NVL","10:11:37",17,0.15,400,2395600,"B"
"NVL","10:11:32",17.05,0.2,1000,2395200,"S"
"NVL","10:11:25",17.05,0.2,800,2394200,"S"
"NVL","10:11:18",17.05,0.2,900,2393400,"S"
"NVL","10:11:15",17.05,0.2,2000,2392500,"S"
"NVL","10:11:13",17.05,0.2,200,2390500,"S"
"NVL","10:11:11",17.05,0.2,500,2390300,"S"
"NVL","10:11:07",17.05,0.2,5300,2389800,"S"
"NVL","10:11:03",17.05,0.2,100,2384500,"S"
"NVL","10:11:02",17.05,0.2,500,2384400,"S"
"NVL","10:11:01",17.05,0.2,2100,2383900,"S"
"NVL","10:10:59",17.05,0.2,1000,2381800,"S"
"NVL","10:10:57",17.05,0.2,2000,2380800,"S"
"NVL","10:10:54",17.05,0.2,7600,2378800,"S"
"NVL","10:10:49",17.05,0.2,20000,2371200,"S"
"NVL","10:10:33",17.05,0.2,3300,2351200,"S"
"NVL","10:10:28",17.05,0.2,500,2347900,"S"
"NVL","10:10:25",17.05,0.2,100,2347400,"S"
"NVL","10:10:18",17.05,0.2,63500,2347300,"B"
"NVL","10:10:17",17.05,0.2,200,2283800,"B"
"NVL","10:10:16",17.05,0.2,5000,2283600,"B"
"NVL","10:10:07",17.05,0.2,1000,2278600,"B"
"NVL","10:10:06",17.05,0.2,500,2277600,"B"
"NVL","10:09:57",17.05,0.2,100,2277100,"B"
"NVL","10:09:55",17.05,0.2,200,2277000,"S"
"NVL","10:09:53",17.05,0.2,800,2276800,"B"
"NVL","10:09:49",17.05,0.2,5000,2276000,"B"
"NVL","10:09:45",17.05,0.2,8200,2271000,"S"
"NVL","10:09:44",17.05,0.2,200,2262800,"S"
"NVL","10:09:38",17.05,0.2,10000,2262600,"S"
"NVL","10:09:33",17.05,0.2,200,2252600,"S"
"NVL","10:09:29",17.05,0.2,100,2252400,"S"
"NVL","10:09:29",17.05,0.2,10000,2252300,"S"
"NVL","10:09:28",17.05,0.2,1000,2242300,"S"
"NVL","10:09:21",17.05,0.2,3000,2241300,"S"
"NVL","10:09:14",17.05,0.2,1000,2238300,"S"
"NVL","10:09:14",17.05,0.2,400,2237300,"S"
"NVL","10:09:12",17.05,0.2,1000,2236900,"S"
"NVL","10:09:11",17.05,0.2,10000,2235900,"S"
"NVL","10:09:06",17.05,0.2,1400,2225900,"S"
"NVL","10:09:04",17.05,0.2,5000,2224500,"S"
"NVL","10:08:54",17.05,0.2,5000,2219500,"S"
"NVL","10:08:50",17.05,0.2,1200,2214500,"B"
"NVL","10:08:50",17.05,0.2,2000,2213300,"B"
"NVL","10:08:49",17.05,0.2,5500,2211300,"B"
"NVL","10:08:45",17.05,0.2,61600,2205800,"B"
"NVL","10:08:38",17.05,0.2,3000,2144200,"B"
"NVL","10:08:35",17.05,0.2,500,2141200,"B"
"NVL","10:08:34",17.05,0.2,200,2140700,"B"
"NVL","10:08:33",17.05,0.2,5000,2140500,"B"
"NVL","10:08:29",17.05,0.2,1000,2135500,"B"
"NVL","10:08:25",17.05,0.2,500,2134500,"B"
"NVL","10:08:25",17.05,0.2,300,2134000,"B"
"NVL","10:08:20",17.05,0.2,400,2133700,"B"
"NVL","10:08:14",17.05,0.2,100,2133300,"B"
"NVL","10:08:11",17.05,0.2,800,2133200,"B"
"NVL","10:08:09",17.05,0.2,300,2132400,"B"
"NVL","10:07:59",17.05,0.2,1600,2132100,"B"
"NVL","10:07:52",17.05,0.2,1000,2130500,"B"
"NVL","10:07:46",17.05,0.2,2000,2129500,"B"
"NVL","10:07:42",17.05,0.2,19300,2127500,"S"
"NVL","10:07:41",17.05,0.2,4000,2108200,"S"
"NVL","10:07:41",17.05,0.2,8300,2104200,"S"
"NVL","10:07:40",17.05,0.2,1000,2095900,"S"
"NVL","10:07:39",17.05,0.2,100,2094900,"S"
"NVL","10:07:38",17.05,0.2,1500,2094800,"S"
"NVL","10:07:34",17.05,0.2,13000,2093300,"S"
"NVL","10:07:32",17.05,0.2,1000,2080300,"S"
"NVL","10:07:32",17.05,0.2,4200,2079300,"S"
"NVL","10:07:31",17.05,0.2,300,2075100,"S"
"NVL","10:07:30",17.05,0.2,2200,2074800,"S"
"NVL","10:07:30",17.05,0.2,1100,2072600,"S"
"NVL","10:07:29",17.05,0.2,2000,2071500,"S"
"NVL","10:07:27",17.05,0.2,100,2069500,"S"
"NVL","10:07:27",17.05,0.2,1000,2069400,"S"
"NVL","10:07:26",17.05,0.2,100,2068400,"S"
"NVL","10:07:25",17.05,0.2,4500,2068300,"S"
"NVL","10:07:23",17.05,0.2,12800,2063800,"S"
"NVL","10:07:21",17.05,0.2,1600,2051000,"S"
"NVL","10:07:18",17.05,0.2,18000,2049400,"S"
"NVL","10:07:17",17.05,0.2,3000,2031400,"S"
"NVL","10:07:14",17.05,0.2,500,2028400,"S"
"NVL","10:07:07",17.05,0.2,100,2027900,"S"
"NVL","10:07:00",17.05,0.2,1000,2027800,"S"
"NVL","10:06:56",17,0.15,5000,2026800,"B"
"NVL","10:06:56",17.05,0.2,7700,2021800,"S"
"NVL","10:06:46",17.05,0.2,1000,2014100,"S"
"NVL","10:06:45",17.05,0.2,200,2013100,"S"
"NVL","10:06:37",17.05,0.2,2000,2012900,"S"
"NVL","10:06:36",17.05,0.2,100,2010900,"S"
"NVL","10:06:35",17,0.15,1000,2010800,"B"
"NVL","10:06:33",17.05,0.2,22000,2009800,"S"
"NVL","10:06:32",17.05,0.2,2000,1987800,"S"
"NVL","10:06:30",17.05,0.2,2500,1985800,"S"
"NVL","10:06:25",17.05,0.2,300,1983300,"S"
"NVL","10:06:19",17.05,0.2,400,1983000,"S"
"NVL","10:06:17",17.05,0.2,1700,1982600,"S"
"NVL","10:06:07",17.05,0.2,100,1980900,"S"
"NVL","10:06:04",17.05,0.2,10000,1980800,"S"
"NVL","10:05:58",17.05,0.2,1000,1970800,"S"
"NVL","10:05:44",17,0.15,100,1969800,"B"
"NVL","10:05:34",17,0.15,1000,1969700,"B"
"NVL","10:05:32",17,0.15,500,1968700,"B"
"NVL","10:05:28",17,0.15,100,1968200,"B"
"NVL","10:05:16",17,0.15,2000,1968100,"B"
"NVL","10:05:14",17,0.15,1500,1966100,"B"
"NVL","10:05:07",17,0.15,100,1964600,"B"
"NVL","10:05:04",17,0.15,1000,1964500,"B"
"NVL","10:05:01",17,0.15,3000,1963500,"B"
"NVL","10:04:47",17,0.15,2000,1960500,"B"
"NVL","10:04:32",17,0.15,100,1958500,"B"
"NVL","10:04:21",17,0.15,1000,1958400,"B"
"NVL","10:04:20",17,0.15,23300,1957400,"S"
"NVL","10:04:19",17,0.15,800,1934100,"S"
"NVL","10:04:16",17,0.15,7000,1933300,"S"
"NVL","10:04:15",17,0.15,40000,1926300,"S"
"NVL","10:04:14",17,0.15,5000,1886300,"S"
"NVL","10:04:13",17,0.15,10000,1881300,"S"
"NVL","10:04:11",17,0.15,77000,1871300,"S"
"NVL","10:04:09",17,0.15,16000,1794300,"S"
"NVL","10:04:08",16.95,0.1,45000,1778300,"B"
"NVL","10:04:07",17,0.15,20000,1733300,"S"
"NVL","10:04:06",17,0.15,100000,1713300,"S"
"NVL","10:04:03",17,0.15,200,1613300,"S"
"NVL","10:04:02",16.95,0.1,1300,1613100,"B"
"NVL","10:04:01",17,0.15,1000,1611800,"S"
"NVL","10:03:58",17,0.15,3200,1610800,"S"
"NVL","10:03:53",17,0.15,100,1607600,"S"
"NVL","10:03:44",17,0.15,1000,1607500,"S"
"NVL","10:03:41",17,0.15,10000,1606500,"S"
"NVL","10:03:15",16.95,0.1,10200,1596500,"B"
"NVL","10:03:11",17,0.15,6000,1586300,"S"
"NVL","10:02:58",17,0.15,8000,1580300,"S"
"NVL","10:02:36",16.95,0.1,300,1572300,"B"
"NVL","10:02:35",16.95,0.1,52100,1572000,"S"
"NVL","10:02:33",16.95,0.1,15000,1519900,"S"
"NVL","10:02:32",16.95,0.1,100,1504900,"S"
"NVL","10:02:31",16.95,0.1,15000,1504800,"S"
"NVL","10:02:29",16.95,0.1,2000,1489800,"S"
"NVL","10:02:27",16.95,0.1,2000,1487800,"S"
"NVL","10:02:22",16.95,0.1,200000,1485800,"S"
"NVL","10:02:16",16.95,0.1,20000,1285800,"S"
"NVL","10:02:11",16.9,0.05,2500,1265800,"B"
"NVL","10:02:05",16.95,0.1,500,1263300,"S"
"NVL","10:02:02",16.95,0.1,3000,1262800,"S"
"NVL","10:01:45",16.95,0.1,300,1259800,"S"
"NVL","10:01:35",16.95,0.1,1000,1259500,"S"
"NVL","10:01:26",16.95,0.1,1100,1258500,"S"
"NVL","10:01:08",16.95,0.1,50000,1257400,"S"
"NVL","10:01:05",16.9,0.05,300,1207400,"B"
"NVL","10:00:48",16.9,0.05,2000,1207100,"B"
"NVL","10:00:27",16.9,0.05,5000,1205100,"B"
"NVL","10:00:22",16.9,0.05,1000,1200100,"B"
"NVL","10:00:21",16.9,0.05,30000,1199100,"B"
"NVL","10:00:10",16.9,0.05,1000,1169100,"B"
"NVL","09:59:55",16.9,0.05,500,1168100,"B"
"NVL","09:59:55",16.95,0.1,100,1167600,"S"
"NVL","09:59:52",16.9,0.05,3000,1167500,"B"
"NVL","09:59:44",16.9,0.05,3000,1164500,"B"
"NVL","09:59:32",16.9,0.05,700,1161500,"B"
"NVL","09:59:18",16.9,0.05,2000,1160800,"B"
"NVL","09:59:08",16.9,0.05,100,1158800,"B"
"NVL","09:59:03",16.9,0.05,2900,1158700,"B"
"NVL","09:58:42",16.9,0.05,15500,1155800,"B"
"NVL","09:58:38",16.9,0.05,7000,1140300,"B"
"NVL","09:58:36",16.9,0.05,500,1133300,"B"
"NVL","09:58:09",16.9,0.05,18100,1132800,"S"
"NVL","09:57:58",16.9,0.05,1000,1114700,"S"
"NVL","09:57:51",16.9,0.05,1000,1113700,"S"
"NVL","09:57:46",16.85,0,10800,1112700,"B"
"NVL","09:57:46",16.9,0.05,4200,1101900,"B"
"NVL","09:57:38",16.9,0.05,1600,1097700,"B"
"NVL","09:57:34",16.9,0.05,1500,1096100,"B"
"NVL","09:57:30",16.9,0.05,10000,1094600,"B"
"NVL","09:57:29",16.9,0.05,2000,1084600,"B"
"NVL","09:57:20",16.9,0.05,3000,1082600,"B"
"NVL","09:57:18",16.9,0.05,2700,1079600,"B"
"NVL","09:57:14",16.9,0.05,1000,1076900,"B"
"NVL","09:56:57",16.9,0.05,2000,1075900,"B"
"NVL","09:56:39",16.9,0.05,300,1073900,"B"
"NVL","09:56:26",16.9,0.05,100,1073600,"S"
"NVL","09:56:19",16.9,0.05,4900,1073500,"B"
"NVL","09:56:15",16.95,0.1,200,1068600,"S"
"NVL","09:56:10",16.9,0.05,500,1068400,"B"
"NVL","09:56:07",16.9,0.05,1700,1067900,"B"
"NVL","09:55:57",16.9,0.05,4000,1066200,"B"
"NVL","09:55:56",16.9,0.05,40400,1062200,"S"
"NVL","09:55:42",16.85,0,100,1021800,"B"
"NVL","09:55:29",16.9,0.05,47200,1021700,"B"
"NVL","09:55:28",16.9,0.05,500,974500,"B"
"NVL","09:55:23",16.9,0.05,100,974000,"B"
"NVL","09:55:01",16.9,0.05,6800,973900,"B"
"NVL","09:54:51",16.9,0.05,300,967100,"B"
"NVL","09:54:44",16.9,0.05,1000,966800,"B"
"NVL","09:54:42",16.9,0.05,1700,965800,"B"
"NVL","09:54:39",16.9,0.05,3000,964100,"B"
"NVL","09:54:24",16.9,0.05,200,961100,"B"
"NVL","09:54:17",16.95,0.1,100,960900,"S"
"NVL","09:53:21",16.95,0.1,5900,960800,"S"
"NVL","09:53:12",16.9,0.05,1000,954900,"B"
"NVL","09:52:58",16.95,0.1,5000,953900,"S"
"NVL","09:52:57",16.9,0.05,2000,948900,"B"
"NVL","09:52:53",16.9,0.05,5000,946900,"B"
"NVL","09:52:48",16.9,0.05,1000,941900,"B"
"NVL","09:52:39",16.9,0.05,800,940900,"B"
"NVL","09:52:28",16.9,0.05,300,940100,"B"
"NVL","09:51:18",16.9,0.05,500,939800,"B"
"NVL","09:51:08",16.9,0.05,700,939300,"S"
"NVL","09:51:03",16.9,0.05,500,938600,"S"
"NVL","09:51:01",16.9,0.05,300,938100,"S"
"NVL","09:51:00",16.9,0.05,4600,937800,"B"
"NVL","09:50:46",16.9,0.05,400,933200,"S"
"NVL","09:50:46",16.9,0.05,1000,932800,"S"
"NVL","09:50:39",16.9,0.05,500,931800,"S"
"NVL","09:50:31",16.9,0.05,100,931300,"S"
"NVL","09:50:28",16.9,0.05,500,931200,"S"
"NVL","09:50:22",16.9,0.05,200,930700,"S"
"NVL","09:50:19",16.9,0.05,2000,930500,"S"
"NVL","09:50:17",16.9,0.05,300,928500,"S"
"NVL","09:50:14",16.9,0.05,400,928100,"S"
"NVL","09:50:11",16.9,0.05,500,927700,"S"
"NVL","09:50:00",16.9,0.05,3000,927200,"S"
"NVL","09:49:56",16.9,0.05,1000,924200,"S"
"NVL","09:49:47",16.9,0.05,400,923200,"S"
"NVL","09:49:40",16.9,0.05,17200,922800,"B"
"NVL","09:49:39",16.9,0.05,3000,905600,"B"
"NVL","09:49:29",16.9,0.05,2300,902600,"B"
"NVL","09:49:25",16.9,0.05,300,900300,"B"
"NVL","09:49:21",16.9,0.05,100,900000,"B"
"NVL","09:49:17",16.9,0.05,200,899900,"B"
"NVL","09:49:13",16.9,0.05,500,899700,"B"
"NVL","09:49:08",16.9,0.05,2500,899200,"B"
"NVL","09:49:05",16.9,0.05,2000,896700,"B"
"NVL","09:49:04",16.9,0.05,200,894700,"B"
"NVL","09:48:39",16.9,0.05,300,894500,"B"
"NVL","09:48:38",16.9,0.05,1000,894200,"B"
"NVL","09:48:34",16.9,0.05,2000,893200,"B"
"NVL","09:48:27",16.9,0.05,200,891200,"B"
"NVL","09:48:26",16.9,0.05,5000,891000,"B"
"NVL","09:48:07",16.9,0.05,1000,886000,"B"
"NVL","09:48:05",16.9,0.05,600,885000,"B"
"NVL","09:47:54",16.9,0.05,6000,884400,"B"
"NVL","09:47:38",16.9,0.05,1000,878400,"B"
"NVL","09:47:29",16.9,0.05,1300,877400,"B"
"NVL","09:47:25",16.9,0.05,100,876100,"B"
"NVL","09:47:19",16.9,0.05,1600,876000,"B"
"NVL","09:47:01",16.9,0.05,3000,874400,"B"
"NVL","09:46:59",16.95,0.1,200,871400,"S"
"NVL","09:46:59",16.95,0.1,300,871200,"S"
"NVL","09:46:56",16.9,0.05,5000,870900,"B"
"NVL","09:46:50",16.9,0.05,200,865900,"B"
"NVL","09:46:46",16.9,0.05,2900,865700,"B"
"NVL","09:46:43",16.95,0.1,3000,862800,"S"
"NVL","09:46:34",16.9,0.05,500,859800,"B"
"NVL","09:46:32",16.9,0.05,400,859300,"B"
"NVL","09:46:30",16.9,0.05,1000,858900,"B"
"NVL","09:46:06",16.9,0.05,1500,857900,"B"
"NVL","09:45:55",16.9,0.05,5000,856400,"B"
"NVL","09:45:52",16.9,0.05,1000,851400,"B"
"NVL","09:45:43",16.9,0.05,3000,850400,"B"
"NVL","09:45:00",16.9,0.05,500,847400,"B"
"NVL","09:44:58",16.9,0.05,100,846900,"B"
"NVL","09:44:50",16.9,0.05,500,846800,"B"
"NVL","09:44:10",16.9,0.05,1000,846300,"B"
"NVL","09:43:46",16.9,0.05,900,845300,"B"
"NVL","09:43:44",16.9,0.05,1000,844400,"B"
"NVL","09:43:30",16.9,0.05,5000,843400,"B"
"NVL","09:43:22",16.9,0.05,1300,838400,"B"
"NVL","09:43:18",16.9,0.05,300,837100,"B"
"NVL","09:43:13",16.9,0.05,500,836800,"B"
"NVL","09:43:07",16.95,0.1,800,836300,"S"
"NVL","09:43:00",16.9,0.05,300,835500,"B"
"NVL","09:42:57",16.9,0.05,100,835200,"B"
"NVL","09:42:26",16.9,0.05,100,835100,"B"
"NVL","09:42:19",16.9,0.05,2500,835000,"B"
"NVL","09:42:14",16.9,0.05,10000,832500,"B"
"NVL","09:42:09",16.9,0.05,5000,822500,"B"
"NVL","09:41:32",16.9,0.05,100,817500,"B"
"NVL","09:41:30",16.9,0.05,700,817400,"B"
"NVL","09:41:28",16.9,0.05,1500,816700,"B"
"NVL","09:41:26",16.9,0.05,200,815200,"B"
"NVL","09:41:25",16.9,0.05,2000,815000,"B"
"NVL","09:41:22",16.9,0.05,5500,813000,"B"
"NVL","09:41:21",16.9,0.05,5000,807500,"B"
"NVL","09:41:07",16.9,0.05,200,802500,"B"
"NVL","09:41:01",16.9,0.05,2000,802300,"B"
"NVL","09:40:52",16.9,0.05,500,800300,"B"
"NVL","09:40:44",16.9,0.05,2000,799800,"B"
"NVL","09:40:37",16.9,0.05,1400,797800,"B"
"NVL","09:40:35",16.9,0.05,1000,796400,"B"
"NVL","09:40:35",16.9,0.05,200,795400,"B"
"NVL","09:40:16",16.9,0.05,100,795200,"B"
"NVL","09:40:00",16.9,0.05,1000,795100,"B"
"NVL","09:39:44",16.9,0.05,200,794100,"B"
"NVL","09:39:40",16.9,0.05,100,793900,"B"
"NVL","09:39:36",16.9,0.05,800,793800,"B"
"NVL","09:39:35",16.9,0.05,1000,793000,"B"
"NVL","09:39:27",16.9,0.05,1000,792000,"B"
"NVL","09:39:11",16.9,0.05,1500,791000,"B"
"NVL","09:38:55",16.9,0.05,1000,789500,"B"
"NVL","09:38:53",16.9,0.05,1000,788500,"B"
"NVL","09:38:36",16.9,0.05,10000,787500,"B"
"NVL","09:38:33",16.9,0.05,4000,777500,"B"
"NVL","09:38:12",16.9,0.05,1000,773500,"B"
"NVL","09:38:11",16.9,0.05,62800,772500,"S"
"NVL","09:38:04",16.9,0.05,2500,709700,"S"
"NVL","09:37:54",16.9,0.05,300,707200,"S"
"NVL","09:37:31",16.9,0.05,500,706900,"S"
"NVL","09:37:29",16.9,0.05,2000,706400,"S"
"NVL","09:37:26",16.9,0.05,1200,704400,"S"
"NVL","09:37:22",16.9,0.05,100,703200,"S"
"NVL","09:37:21",16.85,0,200,703100,"B"
"NVL","09:37:16",16.9,0.05,500,702900,"S"
"NVL","09:37:09",16.9,0.05,1000,702400,"S"
"NVL","09:37:02",16.9,0.05,2000,701400,"S"
"NVL","09:36:40",16.9,0.05,400,699400,"S"
"NVL","09:36:38",16.9,0.05,200,699000,"S"
"NVL","09:36:31",16.9,0.05,100,698800,"S"
"NVL","09:36:28",16.9,0.05,100,698700,"S"
"NVL","09:36:24",16.85,0,800,698600,"B"
"NVL","09:36:20",16.9,0.05,100,697800,"S"
"NVL","09:36:16",16.9,0.05,1400,697700,"S"
"NVL","09:36:08",16.9,0.05,5000,696300,"S"
"NVL","09:36:07",16.9,0.05,100,691300,"S"
"NVL","09:36:02",16.9,0.05,800,691200,"S"
"NVL","09:35:57",16.9,0.05,5800,690400,"B"
"NVL","09:35:50",16.9,0.05,20000,684600,"B"
"NVL","09:35:48",16.9,0.05,73000,664600,"B"
"NVL","09:35:34",16.9,0.05,2500,591600,"B"
"NVL","09:35:30",16.9,0.05,5000,589100,"B"
"NVL","09:35:29",16.9,0.05,1500,584100,"B"
"NVL","09:35:24",16.95,0.1,2000,582600,"S"
"NVL","09:35:22",16.95,0.1,10000,580600,"S"
"NVL","09:35:17",16.9,0.05,2000,570600,"B"
"NVL","09:35:07",16.9,0.05,3000,568600,"B"
"NVL","09:35:03",16.9,0.05,300,565600,"B"
"NVL","09:35:03",16.9,0.05,1200,565300,"B"
"NVL","09:34:52",16.9,0.05,500,564100,"B"
"NVL","09:34:45",16.95,0.1,1000,563600,"S"
"NVL","09:34:44",16.9,0.05,80000,562600,"B"
"NVL","09:34:19",16.95,0.1,500,482600,"S"
"NVL","09:34:03",16.95,0.1,5000,482100,"S"
"NVL","09:34:00",16.95,0.1,1500,477100,"S"
"NVL","09:33:52",16.95,0.1,10000,475600,"S"
"NVL","09:33:44",16.95,0.1,1000,465600,"S"
"NVL","09:33:41",16.95,0.1,200,464600,"S"
"NVL","09:33:35",16.95,0.1,900,464400,"S"
"NVL","09:33:35",16.95,0.1,100,463500,"S"
"NVL","09:33:31",16.95,0.1,1000,463400,"S"
"NVL","09:32:48",16.95,0.1,100,462400,"S"
"NVL","09:32:32",16.9,0.05,1000,462300,"B"
"NVL","09:32:09",16.9,0.05,3000,461300,"B"
"NVL","09:32:02",16.9,0.05,100,458300,"B"
"NVL","09:31:34",16.9,0.05,1000,458200,"B"
"NVL","09:31:13",16.9,0.05,100,457200,"B"
"NVL","09:31:10",16.95,0.1,100,457100,"S"
"NVL","09:30:54",16.95,0.1,1100,457000,"S"
"NVL","09:30:21",16.95,0.1,300,455900,"S"
"NVL","09:30:15",16.95,0.1,5000,455600,"S"
"NVL","09:30:14",16.9,0.05,100,450600,"B"
"NVL","09:30:04",16.95,0.1,500,450500,"S"
"NVL","09:29:46",16.9,0.05,900,450000,"B"
"NVL","09:29:42",16.95,0.1,300,449100,"S"
"NVL","09:29:24",16.9,0.05,9000,448800,"B"
"NVL","09:29:19",16.95,0.1,200,439800,"S"
"NVL","09:29:11",16.95,0.1,500,439600,"S"
"NVL","09:29:02",16.95,0.1,5000,439100,"S"
"NVL","09:28:50",16.9,0.05,10000,434100,"B"
"NVL","09:28:45",16.95,0.1,2000,424100,"S"
"NVL","09:28:21",16.95,0.1,2000,422100,"S"
"NVL","09:28:01",16.95,0.1,100,420100,"S"
"NVL","09:27:48",16.95,0.1,6000,420000,"S"
"NVL","09:27:47",16.9,0.05,200,414000,"B"
"NVL","09:27:46",16.95,0.1,800,413800,"S"
"NVL","09:27:41",16.95,0.1,500,413000,"S"
"NVL","09:27:28",16.95,0.1,900,412500,"S"
"NVL","09:27:18",16.95,0.1,100,411600,"S"
"NVL","09:27:10",16.95,0.1,1000,411500,"S"
"NVL","09:26:58",16.95,0.1,500,410500,"S"
"NVL","09:26:38",16.95,0.1,10000,410000,"S"
"NVL","09:26:32",16.95,0.1,100,400000,"S"
"NVL","09:26:19",16.95,0.1,3000,399900,"S"
"NVL","09:26:17",16.9,0.05,200,396900,"B"
"NVL","09:25:32",16.95,0.1,100,396700,"S"
"NVL","09:25:29",16.95,0.1,600,396600,"B"
"NVL","09:25:22",16.95,0.1,1400,396000,"B"
"NVL","09:25:13",16.95,0.1,6500,394600,"B"
"NVL","09:25:12",16.95,0.1,1000,388100,"B"
"NVL","09:25:07",16.95,0.1,10900,387100,"B"
"NVL","09:25:00",16.95,0.1,1000,376200,"B"
"NVL","09:24:59",16.95,0.1,5100,375200,"B"
"NVL","09:24:58",16.95,0.1,500,370100,"B"
"NVL","09:24:57",16.95,0.1,2000,369600,"B"
"NVL","09:24:51",16.95,0.1,100,367600,"B"
"NVL","09:24:50",17,0.15,100,367500,"S"
"NVL","09:24:49",16.95,0.1,1000,367400,"B"
"NVL","09:24:48",16.95,0.1,300,366400,"B"
"NVL","09:24:46",16.95,0.1,20000,366100,"B"
"NVL","09:24:40",16.95,0.1,500,346100,"B"
"NVL","09:24:30",16.95,0.1,100,345600,"B"
"NVL","09:24:30",16.95,0.1,2000,345500,"B"
"NVL","09:24:26",16.95,0.1,2500,343500,"B"
"NVL","09:24:25",16.95,0.1,10000,341000,"B"
"NVL","09:24:21",16.95,0.1,5000,331000,"B"
"NVL","09:24:17",16.95,0.1,1100,326000,"B"
"NVL","09:24:04",16.95,0.1,35000,324900,"B"
"NVL","09:23:56",16.95,0.1,500,289900,"B"
"NVL","09:23:48",16.95,0.1,1000,289400,"B"
"NVL","09:23:26",16.95,0.1,600,288400,"B"
"NVL","09:23:08",16.95,0.1,800,287800,"B"
"NVL","09:22:59",16.95,0.1,6000,287000,"B"
"NVL","09:22:57",16.95,0.1,10000,281000,"B"
"NVL","09:22:45",16.95,0.1,100,271000,"B"
"NVL","09:22:44",16.95,0.1,100,270900,"B"
"NVL","09:22:21",16.95,0.1,3400,270800,"B"
"NVL","09:22:17",16.95,0.1,200,264400,"B"
"NVL","09:22:11",16.95,0.1,500,264200,"B"
"NVL","09:22:06",16.95,0.1,100,263700,"B"
"NVL","09:22:05",16.95,0.1,3000,263600,"B"
"NVL","09:22:02",16.95,0.1,2000,260600,"B"
"NVL","09:21:58",16.95,0.1,22900,258600,"B"
"NVL","09:21:48",16.95,0.1,600,235700,"B"
"NVL","09:21:45",16.95,0.1,1000,235100,"B"
"NVL","09:21:41",16.95,0.1,500,234100,"B"
"NVL","09:21:35",16.95,0.1,100,233600,"B"
"NVL","09:21:03",16.95,0.1,15000,233500,"B"
"NVL","09:20:59",16.95,0.1,5800,218500,"B"
"NVL","09:20:51",16.95,0.1,500,212700,"B"
"NVL","09:20:19",16.95,0.1,100,212200,"B"
"NVL","09:20:11",17,0.15,200,212100,"S"
"NVL","09:20:10",16.95,0.1,2000,211900,"B"
"NVL","09:20:07",16.95,0.1,200,209900,"B"
"NVL","09:20:07",16.95,0.1,2600,209700,"S"
"NVL","09:20:06",16.95,0.1,100,207100,"S"
"NVL","09:19:58",16.95,0.1,1500,207000,"S"
"NVL","09:19:40",16.95,0.1,1900,205500,"S"
"NVL","09:19:28",16.95,0.1,1000,203600,"S"
"NVL","09:19:20",16.95,0.1,10000,202600,"S"
"NVL","09:19:09",16.95,0.1,1000,192600,"S"
"NVL","09:19:05",16.95,0.1,100,191600,"S"
"NVL","09:18:53",16.95,0.1,10000,191500,"S"
"NVL","09:18:40",16.95,0.1,1200,181500,"S"
"NVL","09:18:21",16.9,0.05,2000,180300,"B"
"NVL","09:18:12",16.95,0.1,4200,178300,"S"
"NVL","09:17:55",16.9,0.05,500,174100,"B"
"NVL","09:17:21",16.85,0,600,173600,"B"
"NVL","09:17:21",16.9,0.05,400,173000,"B"
"NVL","09:17:14",16.9,0.05,4600,172600,"S"
"NVL","09:17:11",16.9,0.05,700,168000,"S"
"NVL","09:17:03",16.9,0.05,100,167300,"S"
"NVL","09:16:57",16.9,0.05,3200,167200,"S"
"NVL","09:16:53",16.9,0.05,4000,164000,"S"
"NVL","09:16:48",16.85,0,2000,160000,"B"
"NVL","09:16:44",16.9,0.05,5000,158000,"S"
"NVL","09:16:42",16.9,0.05,3000,153000,"S"
"NVL","09:16:38",16.9,0.05,3000,150000,"S"
"NVL","09:16:35",16.9,0.05,8000,147000,"S"
"NVL","09:16:25",16.85,0,2000,139000,"B"
"NVL","09:16:07",16.9,0.05,100,137000,"S"
"NVL","09:15:59",16.85,0,6800,136900,"B"
"NVL","09:15:51",16.85,0,2000,130100,"B"
"NVL","09:15:42",16.85,0,6300,128100,"S"
"NVL","09:15:39",16.85,0,1000,121800,"S"
"NVL","09:15:38",16.85,0,600,120800,"S"
"NVL","09:15:30",16.85,0,100,120200,"S"
"NVL","09:15:27",16.85,0,200,120100,"S"
"NVL","09:15:24",16.85,0,2000,119900,"S"
"NVL","09:15:23",16.85,0,200,117900,"S"
"NVL","09:15:21",16.85,0,5000,117700,"S"
"NVL","09:15:20",16.85,0,300,112700,"S"
"NVL","09:15:19",16.85,0,7100,112400,"S"
"NVL","09:15:07",16.85,0,10000,105300,"S"
"NVL","09:15:00",16.85,0,95300,95300,
