"Stockcode","Package","TradingDate","Price","Vol","TotalVol","TotalVal","Change","IsBuy","PerChange"
"HAG",144606,"/Date(1704440700000)/",13100,2367700,34248000,443856000000,-200,false,-1.5
"HAG",143100,"/Date(1704439797000)/",13150,100,31880300,412839000000,-150,false,-1.13
"HAG",143100,"/Date(1704439796000)/",13100,48400,31880200,412838000000,-200,true,-1.5
"HAG",143100,"/Date(1704439796000)/",13100,3600,31831800,412204000000,-200,true,-1.5
"HAG",143100,"/Date(1704439796000)/",13100,900,31828200,412156000000,-200,true,-1.5
"HAG",143100,"/Date(1704439796000)/",13100,1000,31827300,412145000000,-200,true,-1.5
"HAG",143100,"/Date(1704439796000)/",13100,2000,31826300,412132000000,-200,true,-1.5
"HAG",143100,"/Date(1704439796000)/",13100,20000,31824300,412105000000,-200,true,-1.5
"HAG",143100,"/Date(1704439796000)/",13100,500,31804300,411843000000,-200,true,-1.5
"HAG",143100,"/Date(1704439796000)/",13100,5100,31803800,411837000000,-200,true,-1.5
"HAG",143100,"/Date(1704439796000)/",13100,100,31798700,411770000000,-200,true,-1.5
"HAG",143100,"/Date(1704439796000)/",13100,100,31798600,411769000000,-200,true,-1.5
"HAG",143100,"/Date(1704439796000)/",13100,1500,31798500,411767000000,-200,true,-1.5
"HAG",143100,"/Date(1704439796000)/",13100,1000,31797000,411748000000,-200,true,-1.5
"HAG",143100,"/Date(1704439796000)/",13100,200,31796000,411735000000,-200,true,-1.5
"HAG",143100,"/Date(1704439796000)/",13100,1500,31795800,411732000000,-200,true,-1.5
"HAG",143100,"/Date(1704439796000)/",13100,1300,31794300,411712000000,-200,true,-1.5
"HAG",143100,"/Date(1704439796000)/",13100,1000,31793000,411695000000,-200,true,-1.5
"HAG",143100,"/Date(1704439796000)/",13100,100,31792000,411682000000,-200,true,-1.5
"HAG",143100,"/Date(1704439796000)/",13100,3000,31791900,411681000000,-200,true,-1.5
"HAG",143100,"/Date(1704439796000)/",13100,8700,31788900,411642000000,-200,true,-1.5
"HAG",143100,"/Date(1704439796000)/",13100,3000,31780200,411528000000,-200,true,-1.5
"HAG",143057,"/Date(1704439793000)/",13100,100000,31777200,411488000000,-200,true,-1.5
"HAG",143057,"/Date(1704439793000)/",13150,1000,31677200,410178000000,-150,false,-1.13
"HAG",143054,"/Date(1704439789000)/",13100,100000,31676200,410165000000,-200,true,-1.5
"HAG",143054,"/Date(1704439788000)/",13100,200,31576200,408855000000,-200,true,-1.5
"HAG",143047,"/Date(1704439784000)/",13150,500,31576000,408853000000,-150,false,-1.13
"HAG",143047,"/Date(1704439784000)/",13150,3200,31575500,408846000000,-150,false,-1.13
"HAG",143047,"/Date(1704439782000)/",13150,100,31572300,408804000000,-150,false,-1.13
"HAG",143041,"/Date(1704439777000)/",13150,100,31572200,408803000000,-150,false,-1.13
"HAG",143038,"/Date(1704439772000)/",13150,100,31572100,408801000000,-150,false,-1.13
"HAG",143034,"/Date(1704439771000)/",13100,200,31572000,408800000000,-200,true,-1.5
"HAG",143034,"/Date(1704439771000)/",13150,200,31571800,408797000000,-150,false,-1.13
"HAG",143034,"/Date(1704439770000)/",13150,200,31571600,408795000000,-150,false,-1.13
"HAG",143031,"/Date(1704439768000)/",13100,5000,31571400,408792000000,-200,true,-1.5
"HAG",143025,"/Date(1704439762000)/",13100,200,31566400,408727000000,-200,true,-1.5
"HAG",143025,"/Date(1704439761000)/",13150,300,31566200,408724000000,-150,false,-1.13
"HAG",143025,"/Date(1704439761000)/",13150,200,31565900,408720000000,-150,false,-1.13
"HAG",143025,"/Date(1704439761000)/",13150,500,31565700,408717000000,-150,false,-1.13
"HAG",143025,"/Date(1704439761000)/",13150,1300,31565200,408711000000,-150,false,-1.13
"HAG",143015,"/Date(1704439751000)/",13150,100,31563900,408694000000,-150,false,-1.13
"HAG",143015,"/Date(1704439751000)/",13100,30000,31563800,408692000000,-200,true,-1.5
"HAG",143012,"/Date(1704439748000)/",13150,3000,31533800,408299000000,-150,false,-1.13
"HAG",143002,"/Date(1704439738000)/",13150,100,31530800,408260000000,-150,false,-1.13
"HAG",142956,"/Date(1704439733000)/",13200,7400,31530700,408259000000,-100,false,-0.75
"HAG",142956,"/Date(1704439733000)/",13200,1000,31523300,408161000000,-100,false,-0.75
"HAG",142956,"/Date(1704439733000)/",13200,1000,31522300,408148000000,-100,false,-0.75
"HAG",142956,"/Date(1704439733000)/",13200,500,31521300,408135000000,-100,false,-0.75
"HAG",142956,"/Date(1704439733000)/",13200,27000,31520800,408128000000,-100,false,-0.75
"HAG",142956,"/Date(1704439733000)/",13200,600,31493800,407772000000,-100,false,-0.75
"HAG",142956,"/Date(1704439733000)/",13200,1000,31493200,407764000000,-100,false,-0.75
"HAG",142956,"/Date(1704439733000)/",13200,2000,31492200,407750000000,-100,false,-0.75
"HAG",142956,"/Date(1704439733000)/",13200,2000,31490200,407724000000,-100,false,-0.75
"HAG",142956,"/Date(1704439733000)/",13200,500,31488200,407698000000,-100,false,-0.75
"HAG",142956,"/Date(1704439733000)/",13200,200,31487700,407691000000,-100,false,-0.75
"HAG",142956,"/Date(1704439733000)/",13200,500,31487500,407688000000,-100,false,-0.75
"HAG",142956,"/Date(1704439733000)/",13200,100,31487000,407682000000,-100,false,-0.75
"HAG",142956,"/Date(1704439733000)/",13200,1700,31486900,407681000000,-100,false,-0.75
"HAG",142956,"/Date(1704439733000)/",13150,4500,31485200,407658000000,-150,false,-1.13
"HAG",142950,"/Date(1704439726000)/",13100,252700,31480700,407599000000,-200,true,-1.5
"HAG",142950,"/Date(1704439726000)/",13100,100,31228000,404289000000,-200,true,-1.5
"HAG",142950,"/Date(1704439726000)/",13100,700,31227900,404287000000,-200,true,-1.5
"HAG",142950,"/Date(1704439726000)/",13100,800,31227200,404278000000,-200,true,-1.5
"HAG",142950,"/Date(1704439726000)/",13100,4900,31226400,404268000000,-200,true,-1.5
"HAG",142950,"/Date(1704439726000)/",13100,300,31221500,404203000000,-200,true,-1.5
"HAG",142950,"/Date(1704439726000)/",13100,400,31221200,404199000000,-200,true,-1.5
"HAG",142950,"/Date(1704439726000)/",13100,14000,31220800,404194000000,-200,true,-1.5
"HAG",142950,"/Date(1704439726000)/",13100,2000,31206800,404011000000,-200,true,-1.5
"HAG",142950,"/Date(1704439726000)/",13100,200,31204800,403985000000,-200,true,-1.5
"HAG",142950,"/Date(1704439726000)/",13100,1000,31204600,403982000000,-200,true,-1.5
"HAG",142950,"/Date(1704439726000)/",13100,500,31203600,403969000000,-200,true,-1.5
"HAG",142950,"/Date(1704439726000)/",13100,6800,31203100,403962000000,-200,true,-1.5
"HAG",142950,"/Date(1704439726000)/",13150,5000,31196300,403873000000,-150,false,-1.13
"HAG",142946,"/Date(1704439723000)/",13150,10000,31191300,403808000000,-150,false,-1.13
"HAG",142937,"/Date(1704439713000)/",13150,300,31181300,403676000000,-150,true,-1.13
"HAG",142937,"/Date(1704439713000)/",13150,300,31181000,403672000000,-150,true,-1.13
"HAG",142937,"/Date(1704439713000)/",13150,1000,31180700,403668000000,-150,true,-1.13
"HAG",142937,"/Date(1704439713000)/",13150,6000,31179700,403655000000,-150,true,-1.13
"HAG",142937,"/Date(1704439713000)/",13150,37500,31173700,403576000000,-150,true,-1.13
"HAG",142937,"/Date(1704439713000)/",13150,2500,31136200,403083000000,-150,true,-1.13
"HAG",142937,"/Date(1704439713000)/",13150,100000,31133700,403050000000,-150,true,-1.13
"HAG",142937,"/Date(1704439713000)/",13150,800,31033700,401735000000,-150,true,-1.13
"HAG",142937,"/Date(1704439713000)/",13150,13000,31032900,401725000000,-150,true,-1.13
"HAG",142937,"/Date(1704439713000)/",13150,200,31019900,401554000000,-150,true,-1.13
"HAG",142937,"/Date(1704439713000)/",13150,3600,31019700,401551000000,-150,true,-1.13
"HAG",142937,"/Date(1704439713000)/",13150,25900,31016100,401504000000,-150,true,-1.13
"HAG",142937,"/Date(1704439713000)/",13150,200,30990200,401163000000,-150,true,-1.13
"HAG",142937,"/Date(1704439713000)/",13150,9300,30990000,401160000000,-150,true,-1.13
"HAG",142930,"/Date(1704439708000)/",13200,15000,30980700,401038000000,-100,false,-0.75
"HAG",142930,"/Date(1704439706000)/",13200,100,30965700,400840000000,-100,false,-0.75
"HAG",142930,"/Date(1704439705000)/",13150,700,30965600,400839000000,-150,true,-1.13
"HAG",142930,"/Date(1704439705000)/",13150,100,30964900,400830000000,-150,true,-1.13
"HAG",142930,"/Date(1704439705000)/",13150,1700,30964800,400828000000,-150,true,-1.13
"HAG",142927,"/Date(1704439702000)/",13150,300,30963100,400806000000,-150,true,-1.13
"HAG",142924,"/Date(1704439701000)/",13150,4800,30962800,400802000000,-150,true,-1.13
"HAG",142924,"/Date(1704439701000)/",13150,200,30958000,400739000000,-150,true,-1.13
"HAG",142921,"/Date(1704439697000)/",13150,500,30957800,400736000000,-150,true,-1.13
"HAG",142921,"/Date(1704439695000)/",13150,2000,30957300,400730000000,-150,true,-1.13
"HAG",142917,"/Date(1704439694000)/",13200,1000,30955300,400703000000,-100,false,-0.75
"HAG",142917,"/Date(1704439693000)/",13150,7300,30954300,400690000000,-150,true,-1.13
"HAG",142917,"/Date(1704439693000)/",13150,6800,30947000,400594000000,-150,true,-1.13
"HAG",142917,"/Date(1704439693000)/",13150,5900,30940200,400505000000,-150,true,-1.13
"HAG",142858,"/Date(1704439674000)/",13150,400,30934300,400427000000,-150,true,-1.13
"HAG",142858,"/Date(1704439673000)/",13200,100,30933900,400422000000,-100,false,-0.75
"HAG",142855,"/Date(1704439670000)/",13200,100,30933800,400421000000,-100,false,-0.75
"HAG",142848,"/Date(1704439664000)/",13150,7000,30933700,400419000000,-150,true,-1.13
"HAG",142848,"/Date(1704439664000)/",13200,10000,30926700,400327000000,-100,false,-0.75
"HAG",142836,"/Date(1704439651000)/",13200,5000,30916700,400195000000,-100,false,-0.75
"HAG",142832,"/Date(1704439648000)/",13200,30000,30911700,400129000000,-100,false,-0.75
"HAG",142829,"/Date(1704439647000)/",13150,7800,30881700,399733000000,-150,true,-1.13
"HAG",142826,"/Date(1704439641000)/",13200,100,30873900,399631000000,-100,false,-0.75
"HAG",142820,"/Date(1704439637000)/",13200,25000,30873800,399629000000,-100,false,-0.75
"HAG",142816,"/Date(1704439633000)/",13150,1000,30848800,399299000000,-150,true,-1.13
"HAG",142816,"/Date(1704439632000)/",13200,100,30847800,399286000000,-100,false,-0.75
"HAG",142813,"/Date(1704439629000)/",13150,1000,30847700,399285000000,-150,true,-1.13
"HAG",142810,"/Date(1704439626000)/",13200,11800,30846700,399272000000,-100,false,-0.75
"HAG",142810,"/Date(1704439626000)/",13200,200,30834900,399116000000,-100,false,-0.75
"HAG",142810,"/Date(1704439626000)/",13200,1000,30834700,399113000000,-100,false,-0.75
"HAG",142810,"/Date(1704439626000)/",13200,2000,30833700,399100000000,-100,false,-0.75
"HAG",142810,"/Date(1704439626000)/",13150,5000,30831700,399074000000,-150,true,-1.13
"HAG",142807,"/Date(1704439623000)/",13150,1000,30826700,399008000000,-150,true,-1.13
"HAG",142807,"/Date(1704439622000)/",13150,500,30825700,398995000000,-150,true,-1.13
"HAG",142803,"/Date(1704439618000)/",13150,3000,30825200,398988000000,-150,true,-1.13
"HAG",142800,"/Date(1704439613000)/",13150,1000,30822200,398949000000,-150,false,-1.13
"HAG",142800,"/Date(1704439613000)/",13150,1000,30821200,398936000000,-150,false,-1.13
"HAG",142800,"/Date(1704439613000)/",13150,50000,30820200,398922000000,-150,false,-1.13
"HAG",142800,"/Date(1704439613000)/",13150,10000,30770200,398265000000,-150,false,-1.13
"HAG",142800,"/Date(1704439613000)/",13150,10000,30760200,398133000000,-150,false,-1.13
"HAG",142800,"/Date(1704439613000)/",13150,50000,30750200,398002000000,-150,false,-1.13
"HAG",142800,"/Date(1704439613000)/",13150,1600,30700200,397344000000,-150,false,-1.13
"HAG",142800,"/Date(1704439613000)/",13150,900,30698600,397323000000,-150,false,-1.13
"HAG",142800,"/Date(1704439613000)/",13150,5000,30697700,397312000000,-150,false,-1.13
"HAG",142800,"/Date(1704439613000)/",13150,600,30692700,397246000000,-150,false,-1.13
"HAG",142757,"/Date(1704439613000)/",13150,1500,30692100,397238000000,-150,false,-1.13
"HAG",142757,"/Date(1704439613000)/",13150,10000,30690600,397218000000,-150,false,-1.13
"HAG",142757,"/Date(1704439613000)/",13150,1000,30680600,397087000000,-150,false,-1.13
"HAG",142757,"/Date(1704439613000)/",13150,1000,30679600,397074000000,-150,false,-1.13
"HAG",142757,"/Date(1704439613000)/",13150,1000,30678600,397060000000,-150,false,-1.13
"HAG",142757,"/Date(1704439613000)/",13150,3000,30677600,397047000000,-150,false,-1.13
"HAG",142757,"/Date(1704439613000)/",13150,100,30674600,397008000000,-150,false,-1.13
"HAG",142757,"/Date(1704439613000)/",13150,1000,30674500,397007000000,-150,false,-1.13
"HAG",142757,"/Date(1704439613000)/",13150,500,30673500,396993000000,-150,false,-1.13
"HAG",142757,"/Date(1704439613000)/",13150,200,30673000,396987000000,-150,false,-1.13
"HAG",142757,"/Date(1704439613000)/",13150,300,30672800,396984000000,-150,false,-1.13
"HAG",142757,"/Date(1704439613000)/",13150,7000,30672500,396980000000,-150,false,-1.13
"HAG",142757,"/Date(1704439613000)/",13150,400,30665500,396888000000,-150,false,-1.13
"HAG",142757,"/Date(1704439613000)/",13150,1000,30665100,396883000000,-150,false,-1.13
"HAG",142757,"/Date(1704439613000)/",13150,6000,30664100,396870000000,-150,false,-1.13
"HAG",142757,"/Date(1704439613000)/",13150,2000,30658100,396791000000,-150,false,-1.13
"HAG",142757,"/Date(1704439613000)/",13150,1000,30656100,396765000000,-150,false,-1.13
"HAG",142757,"/Date(1704439613000)/",13150,100,30655100,396751000000,-150,false,-1.13
"HAG",142757,"/Date(1704439613000)/",13150,200,30655000,396750000000,-150,false,-1.13
"HAG",142754,"/Date(1704439609000)/",13150,100,30654800,396747000000,-150,false,-1.13
"HAG",142754,"/Date(1704439609000)/",13150,100,30654700,396746000000,-150,false,-1.13
"HAG",142754,"/Date(1704439609000)/",13150,900,30654600,396745000000,-150,false,-1.13
"HAG",142747,"/Date(1704439602000)/",13100,1000,30653700,396733000000,-200,true,-1.5
"HAG",142741,"/Date(1704439598000)/",13100,700,30652700,396720000000,-200,true,-1.5
"HAG",142735,"/Date(1704439590000)/",13100,100,30652000,396711000000,-200,true,-1.5
"HAG",142731,"/Date(1704439589000)/",13150,100,30651900,396709000000,-150,false,-1.13
"HAG",142731,"/Date(1704439589000)/",13150,300,30651800,396708000000,-150,false,-1.13
"HAG",142728,"/Date(1704439585000)/",13150,200,30651500,396704000000,-150,false,-1.13
"HAG",142728,"/Date(1704439585000)/",13150,9800,30651300,396702000000,-150,false,-1.13
"HAG",142722,"/Date(1704439577000)/",13150,100,30641500,396573000000,-150,false,-1.13
"HAG",142712,"/Date(1704439568000)/",13100,91400,30641400,396571000000,-200,true,-1.5
"HAG",142712,"/Date(1704439568000)/",13100,1900,30550000,395374000000,-200,true,-1.5
"HAG",142712,"/Date(1704439568000)/",13100,400,30548100,395349000000,-200,true,-1.5
"HAG",142712,"/Date(1704439568000)/",13100,100,30547700,395344000000,-200,true,-1.5
"HAG",142712,"/Date(1704439568000)/",13100,1400,30547600,395343000000,-200,true,-1.5
"HAG",142712,"/Date(1704439568000)/",13100,500,30546200,395324000000,-200,true,-1.5
"HAG",142712,"/Date(1704439568000)/",13100,4300,30545700,395318000000,-200,true,-1.5
"HAG",142712,"/Date(1704439568000)/",13150,100,30541400,395261000000,-150,false,-1.13
"HAG",142712,"/Date(1704439568000)/",13150,100,30541300,395260000000,-150,false,-1.13
"HAG",142712,"/Date(1704439567000)/",13150,400,30541200,395259000000,-150,false,-1.13
"HAG",142712,"/Date(1704439567000)/",13150,4000,30540800,395253000000,-150,false,-1.13
"HAG",142712,"/Date(1704439567000)/",13150,600,30536800,395201000000,-150,false,-1.13
"HAG",142709,"/Date(1704439566000)/",13150,4000,30536200,395193000000,-150,false,-1.13
"HAG",142709,"/Date(1704439564000)/",13100,15700,30532200,395140000000,-200,true,-1.5
"HAG",142709,"/Date(1704439564000)/",13100,100,30516500,394935000000,-200,true,-1.5
"HAG",142709,"/Date(1704439564000)/",13100,84200,30516400,394933000000,-200,true,-1.5
"HAG",142706,"/Date(1704439562000)/",13150,10300,30432200,393830000000,-150,false,-1.13
"HAG",142706,"/Date(1704439562000)/",13150,200,30421900,393695000000,-150,false,-1.13
"HAG",142706,"/Date(1704439562000)/",13150,500,30421700,393692000000,-150,false,-1.13
"HAG",142706,"/Date(1704439562000)/",13150,1000,30421200,393686000000,-150,false,-1.13
"HAG",142706,"/Date(1704439562000)/",13150,3600,30420200,393673000000,-150,false,-1.13
"HAG",142702,"/Date(1704439560000)/",13100,100000,30416600,393625000000,-200,true,-1.5
"HAG",142702,"/Date(1704439560000)/",13150,100,30316600,392315000000,-150,false,-1.13
"HAG",142702,"/Date(1704439560000)/",13150,2000,30316500,392314000000,-150,false,-1.13
"HAG",142659,"/Date(1704439555000)/",13150,7000,30314500,392288000000,-150,false,-1.13
"HAG",142656,"/Date(1704439552000)/",13150,100,30307500,392196000000,-150,false,-1.13
"HAG",142646,"/Date(1704439544000)/",13150,100,30307400,392194000000,-150,false,-1.13
"HAG",142646,"/Date(1704439542000)/",13150,1800,30307300,392193000000,-150,false,-1.13
"HAG",142643,"/Date(1704439540000)/",13150,100,30305500,392169000000,-150,false,-1.13
"HAG",142640,"/Date(1704439537000)/",13150,19000,30305400,392168000000,-150,false,-1.13
"HAG",142640,"/Date(1704439536000)/",13150,100,30286400,391918000000,-150,false,-1.13
"HAG",142637,"/Date(1704439535000)/",13150,100,30286300,391917000000,-150,false,-1.13
"HAG",142637,"/Date(1704439533000)/",13150,5000,30286200,391915000000,-150,false,-1.13
"HAG",142637,"/Date(1704439533000)/",13150,400,30281200,391850000000,-150,false,-1.13
"HAG",142634,"/Date(1704439530000)/",13150,500,30280800,391844000000,-150,false,-1.13
"HAG",142634,"/Date(1704439529000)/",13100,6000,30280300,391838000000,-200,true,-1.5
"HAG",142627,"/Date(1704439523000)/",13150,100,30274300,391759000000,-150,false,-1.13
"HAG",142627,"/Date(1704439523000)/",13150,300,30274200,391758000000,-150,false,-1.13
"HAG",142627,"/Date(1704439523000)/",13150,1000,30273900,391754000000,-150,false,-1.13
"HAG",142627,"/Date(1704439523000)/",13150,1000,30272900,391741000000,-150,false,-1.13
"HAG",142627,"/Date(1704439523000)/",13150,600,30271900,391728000000,-150,false,-1.13
"HAG",142624,"/Date(1704439522000)/",13150,1000,30271300,391720000000,-150,false,-1.13
"HAG",142624,"/Date(1704439522000)/",13150,2600,30270300,391707000000,-150,false,-1.13
"HAG",142614,"/Date(1704439512000)/",13150,100,30267700,391672000000,-150,false,-1.13
"HAG",142614,"/Date(1704439510000)/",13150,5700,30267600,391671000000,-150,false,-1.13
"HAG",142614,"/Date(1704439510000)/",13150,1000,30261900,391596000000,-150,false,-1.13
"HAG",142614,"/Date(1704439510000)/",13150,5000,30260900,391583000000,-150,false,-1.13
"HAG",142614,"/Date(1704439510000)/",13150,1000,30255900,391517000000,-150,false,-1.13
"HAG",142614,"/Date(1704439510000)/",13150,100,30254900,391504000000,-150,false,-1.13
"HAG",142614,"/Date(1704439510000)/",13150,1000,30254800,391503000000,-150,false,-1.13
"HAG",142614,"/Date(1704439510000)/",13150,700,30253800,391490000000,-150,false,-1.13
"HAG",142614,"/Date(1704439510000)/",13150,200,30253100,391480000000,-150,false,-1.13
"HAG",142614,"/Date(1704439510000)/",13150,500,30252900,391478000000,-150,false,-1.13
"HAG",142614,"/Date(1704439510000)/",13150,200,30252400,391471000000,-150,false,-1.13
"HAG",142614,"/Date(1704439510000)/",13150,1000,30252200,391469000000,-150,false,-1.13
"HAG",142614,"/Date(1704439510000)/",13150,500,30251200,391456000000,-150,false,-1.13
"HAG",142614,"/Date(1704439510000)/",13150,1500,30250700,391449000000,-150,false,-1.13
"HAG",142614,"/Date(1704439510000)/",13150,1000,30249200,391429000000,-150,false,-1.13
"HAG",142614,"/Date(1704439510000)/",13150,200,30248200,391416000000,-150,false,-1.13
"HAG",142614,"/Date(1704439510000)/",13150,1000,30248000,391413000000,-150,false,-1.13
"HAG",142614,"/Date(1704439510000)/",13150,2000,30247000,391400000000,-150,false,-1.13
"HAG",142614,"/Date(1704439510000)/",13150,2500,30245000,391374000000,-150,false,-1.13
"HAG",142614,"/Date(1704439510000)/",13150,24900,30242500,391341000000,-150,false,-1.13
"HAG",142614,"/Date(1704439509000)/",13150,1000,30217600,391014000000,-150,false,-1.13
"HAG",142611,"/Date(1704439508000)/",13150,200,30216600,391001000000,-150,false,-1.13
"HAG",142611,"/Date(1704439508000)/",13150,200,30216400,390998000000,-150,false,-1.13
"HAG",142608,"/Date(1704439505000)/",13150,200,30216200,390995000000,-150,false,-1.13
"HAG",142608,"/Date(1704439504000)/",13150,7100,30216000,390993000000,-150,false,-1.13
"HAG",142608,"/Date(1704439504000)/",13150,200,30208900,390899000000,-150,false,-1.13
"HAG",142608,"/Date(1704439504000)/",13150,2000,30208700,390897000000,-150,false,-1.13
"HAG",142608,"/Date(1704439504000)/",13150,5700,30206700,390870000000,-150,false,-1.13
"HAG",142542,"/Date(1704439480000)/",13150,200,30201000,390795000000,-150,false,-1.13
"HAG",142520,"/Date(1704439457000)/",13150,200,30200800,390793000000,-150,false,-1.13
"HAG",142514,"/Date(1704439449000)/",13100,100,30200600,390790000000,-200,true,-1.5
"HAG",142510,"/Date(1704439448000)/",13150,100,30200500,390789000000,-150,false,-1.13
"HAG",142501,"/Date(1704439436000)/",13100,500,30200400,390787000000,-200,true,-1.5
"HAG",142458,"/Date(1704439433000)/",13150,200,30199900,390781000000,-150,false,-1.13
"HAG",142445,"/Date(1704439422000)/",13150,500,30199700,390778000000,-150,false,-1.13
"HAG",142438,"/Date(1704439415000)/",13150,100,30199200,390772000000,-150,false,-1.13
"HAG",142432,"/Date(1704439409000)/",13150,1000,30199100,390770000000,-150,false,-1.13
"HAG",142432,"/Date(1704439408000)/",13100,1000,30198100,390757000000,-200,true,-1.5
"HAG",142406,"/Date(1704439383000)/",13150,100,30197100,390744000000,-150,false,-1.13
"HAG",142347,"/Date(1704439365000)/",13150,1900,30197000,390743000000,-150,false,-1.13
"HAG",142347,"/Date(1704439365000)/",13150,1100,30195100,390718000000,-150,false,-1.13
"HAG",142344,"/Date(1704439362000)/",13150,15000,30194000,390703000000,-150,false,-1.13
"HAG",142334,"/Date(1704439351000)/",13150,200,30179000,390506000000,-150,false,-1.13
"HAG",142328,"/Date(1704439344000)/",13100,8200,30178800,390504000000,-200,true,-1.5
"HAG",142328,"/Date(1704439344000)/",13100,200,30170600,390396000000,-200,true,-1.5
"HAG",142328,"/Date(1704439344000)/",13100,200,30170400,390393000000,-200,true,-1.5
"HAG",142328,"/Date(1704439344000)/",13100,300,30170200,390391000000,-200,true,-1.5
"HAG",142328,"/Date(1704439344000)/",13100,100,30169900,390387000000,-200,true,-1.5
"HAG",142328,"/Date(1704439344000)/",13100,1000,30169800,390386000000,-200,true,-1.5
"HAG",142315,"/Date(1704439331000)/",13150,2400,30168800,390373000000,-150,false,-1.13
"HAG",142315,"/Date(1704439331000)/",13150,5000,30166400,390341000000,-150,false,-1.13
"HAG",142315,"/Date(1704439331000)/",13150,100,30161400,390275000000,-150,false,-1.13
"HAG",142315,"/Date(1704439331000)/",13150,100,30161300,390274000000,-150,false,-1.13
"HAG",142315,"/Date(1704439331000)/",13150,2400,30161200,390273000000,-150,false,-1.13
"HAG",142305,"/Date(1704439322000)/",13150,700,30158800,390241000000,-150,false,-1.13
"HAG",142302,"/Date(1704439319000)/",13150,100,30158100,390232000000,-150,false,-1.13
"HAG",142259,"/Date(1704439317000)/",13150,6800,30158000,390231000000,-150,false,-1.13
"HAG",142259,"/Date(1704439317000)/",13150,3000,30151200,390141000000,-150,false,-1.13
"HAG",142259,"/Date(1704439317000)/",13150,200,30148200,390102000000,-150,false,-1.13
"HAG",142249,"/Date(1704439306000)/",13150,5000,30148000,390099000000,-150,false,-1.13
"HAG",142246,"/Date(1704439304000)/",13100,1000,30143000,390033000000,-200,true,-1.5
"HAG",142246,"/Date(1704439303000)/",13150,100,30142000,390020000000,-150,false,-1.13
"HAG",142246,"/Date(1704439302000)/",13100,100,30141900,390019000000,-200,true,-1.5
"HAG",142246,"/Date(1704439302000)/",13100,400,30141800,390018000000,-200,true,-1.5
"HAG",142230,"/Date(1704439286000)/",13150,100,30141400,390012000000,-150,false,-1.13
"HAG",142220,"/Date(1704439278000)/",13100,800,30141300,390011000000,-200,true,-1.5
"HAG",142220,"/Date(1704439278000)/",13100,1000,30140500,390001000000,-200,true,-1.5
"HAG",142220,"/Date(1704439278000)/",13100,400,30139500,389987000000,-200,true,-1.5
"HAG",142220,"/Date(1704439278000)/",13100,800,30139100,389982000000,-200,true,-1.5
"HAG",142207,"/Date(1704439265000)/",13100,29200,30138300,389972000000,-200,true,-1.5
"HAG",142207,"/Date(1704439265000)/",13100,15000,30109100,389589000000,-200,true,-1.5
"HAG",142207,"/Date(1704439265000)/",13100,2000,30094100,389393000000,-200,true,-1.5
"HAG",142207,"/Date(1704439265000)/",13100,5000,30092100,389366000000,-200,true,-1.5
"HAG",142207,"/Date(1704439265000)/",13100,1000,30087100,389301000000,-200,true,-1.5
"HAG",142207,"/Date(1704439265000)/",13100,5000,30086100,389288000000,-200,true,-1.5
"HAG",142207,"/Date(1704439265000)/",13100,400,30081100,389222000000,-200,true,-1.5
"HAG",142207,"/Date(1704439265000)/",13100,2000,30080700,389217000000,-200,true,-1.5
"HAG",142207,"/Date(1704439265000)/",13100,2000,30078700,389191000000,-200,true,-1.5
"HAG",142207,"/Date(1704439265000)/",13100,3500,30076700,389165000000,-200,true,-1.5
"HAG",142207,"/Date(1704439265000)/",13100,3800,30073200,389119000000,-200,true,-1.5
"HAG",142207,"/Date(1704439265000)/",13100,700,30069400,389069000000,-200,true,-1.5
"HAG",142207,"/Date(1704439265000)/",13100,5000,30068700,389060000000,-200,true,-1.5
"HAG",142207,"/Date(1704439265000)/",13100,200,30063700,388994000000,-200,true,-1.5
"HAG",142207,"/Date(1704439265000)/",13100,20000,30063500,388992000000,-200,true,-1.5
"HAG",142207,"/Date(1704439265000)/",13100,800,30043500,388730000000,-200,true,-1.5
"HAG",142207,"/Date(1704439265000)/",13100,1000,30042700,388719000000,-200,true,-1.5
"HAG",142207,"/Date(1704439265000)/",13100,3400,30041700,388706000000,-200,true,-1.5
"HAG",142204,"/Date(1704439261000)/",13150,2000,30038300,388662000000,-150,false,-1.13
"HAG",142158,"/Date(1704439254000)/",13150,100,30036300,388635000000,-150,false,-1.13
"HAG",142151,"/Date(1704439250000)/",13100,3600,30036200,388634000000,-200,true,-1.5
"HAG",142151,"/Date(1704439250000)/",13100,1000,30032600,388587000000,-200,true,-1.5
"HAG",142151,"/Date(1704439250000)/",13100,500,30031600,388574000000,-200,true,-1.5
"HAG",142151,"/Date(1704439250000)/",13100,2100,30031100,388567000000,-200,true,-1.5
"HAG",142151,"/Date(1704439250000)/",13100,2800,30029000,388540000000,-200,true,-1.5
"HAG",142148,"/Date(1704439245000)/",13100,2500,30026200,388503000000,-200,true,-1.5
"HAG",142148,"/Date(1704439245000)/",13100,2100,30023700,388470000000,-200,true,-1.5
"HAG",142126,"/Date(1704439222000)/",13150,100,30021600,388443000000,-150,false,-1.13
"HAG",142116,"/Date(1704439215000)/",13150,2000,30021500,388441000000,-150,false,-1.13
"HAG",142054,"/Date(1704439190000)/",13150,200,30019500,388415000000,-150,false,-1.13
"HAG",142044,"/Date(1704439180000)/",13100,1300,30019300,388413000000,-200,true,-1.5
"HAG",142044,"/Date(1704439180000)/",13100,200,30018000,388396000000,-200,true,-1.5
"HAG",142028,"/Date(1704439164000)/",13100,500,30017800,388393000000,-200,true,-1.5
"HAG",142022,"/Date(1704439159000)/",13100,300,30017300,388386000000,-200,true,-1.5
"HAG",142022,"/Date(1704439159000)/",13100,1700,30017000,388382000000,-200,true,-1.5
"HAG",142022,"/Date(1704439158000)/",13150,200,30015300,388360000000,-150,false,-1.13
"HAG",142019,"/Date(1704439157000)/",13150,100,30015100,388358000000,-150,false,-1.13
"HAG",142006,"/Date(1704439145000)/",13100,1000,30015000,388356000000,-200,true,-1.5
"HAG",141959,"/Date(1704439138000)/",13100,700,30014000,388343000000,-200,true,-1.5
"HAG",141959,"/Date(1704439138000)/",13150,8100,30013300,388334000000,-150,false,-1.13
"HAG",141959,"/Date(1704439138000)/",13150,200,30005200,388227000000,-150,false,-1.13
"HAG",141959,"/Date(1704439138000)/",13150,2000,30005000,388225000000,-150,false,-1.13
"HAG",141959,"/Date(1704439138000)/",13150,1000,30003000,388199000000,-150,false,-1.13
"HAG",141959,"/Date(1704439138000)/",13150,2600,30002000,388185000000,-150,false,-1.13
"HAG",141950,"/Date(1704439126000)/",13150,2400,29999400,388151000000,-150,false,-1.13
"HAG",141950,"/Date(1704439126000)/",13150,300,29997000,388120000000,-150,false,-1.13
"HAG",141950,"/Date(1704439126000)/",13150,100,29996700,388116000000,-150,false,-1.13
"HAG",141950,"/Date(1704439126000)/",13150,2000,29996600,388114000000,-150,false,-1.13
"HAG",141950,"/Date(1704439126000)/",13150,200,29994600,388088000000,-150,false,-1.13
"HAG",141950,"/Date(1704439126000)/",13150,800,29994400,388085000000,-150,false,-1.13
"HAG",141950,"/Date(1704439126000)/",13150,200,29993600,388075000000,-150,false,-1.13
"HAG",141946,"/Date(1704439125000)/",13150,100,29993400,388072000000,-150,false,-1.13
"HAG",141937,"/Date(1704439116000)/",13150,2000,29993300,388071000000,-150,false,-1.13
"HAG",141937,"/Date(1704439116000)/",13150,2000,29991300,388045000000,-150,false,-1.13
"HAG",141937,"/Date(1704439116000)/",13150,1000,29989300,388018000000,-150,false,-1.13
"HAG",141934,"/Date(1704439112000)/",13100,1600,29988300,388005000000,-200,true,-1.5
"HAG",141934,"/Date(1704439112000)/",13100,5300,29986700,387984000000,-200,true,-1.5
"HAG",141917,"/Date(1704439095000)/",13150,1500,29981400,387915000000,-150,false,-1.13
"HAG",141917,"/Date(1704439095000)/",13150,500,29979900,387895000000,-150,false,-1.13
"HAG",141917,"/Date(1704439095000)/",13150,1000,29979400,387889000000,-150,false,-1.13
"HAG",141917,"/Date(1704439095000)/",13150,1000,29978400,387875000000,-150,false,-1.13
"HAG",141917,"/Date(1704439095000)/",13150,1500,29977400,387862000000,-150,false,-1.13
"HAG",141917,"/Date(1704439095000)/",13150,200,29975900,387842000000,-150,false,-1.13
"HAG",141917,"/Date(1704439095000)/",13150,1500,29975700,387840000000,-150,false,-1.13
"HAG",141917,"/Date(1704439095000)/",13150,4800,29974200,387820000000,-150,false,-1.13
"HAG",141914,"/Date(1704439093000)/",13150,100,29969400,387757000000,-150,false,-1.13
"HAG",141908,"/Date(1704439085000)/",13100,1000,29969300,387756000000,-200,true,-1.5
"HAG",141855,"/Date(1704439072000)/",13150,100,29968300,387743000000,-150,false,-1.13
"HAG",141855,"/Date(1704439072000)/",13150,9900,29968200,387741000000,-150,false,-1.13
"HAG",141852,"/Date(1704439069000)/",13150,200,29958300,387611000000,-150,false,-1.13
"HAG",141845,"/Date(1704439064000)/",13100,200,29958100,387608000000,-200,true,-1.5
"HAG",141845,"/Date(1704439061000)/",13150,200,29957900,387606000000,-150,false,-1.13
"HAG",141816,"/Date(1704439035000)/",13150,4700,29957700,387603000000,-150,false,-1.13
"HAG",141816,"/Date(1704439035000)/",13150,300,29953000,387541000000,-150,false,-1.13
"HAG",141810,"/Date(1704439028000)/",13150,100,29952700,387537000000,-150,false,-1.13
"HAG",141800,"/Date(1704439020000)/",13100,300,29952600,387536000000,-200,true,-1.5
"HAG",141800,"/Date(1704439019000)/",13100,3200,29952300,387532000000,-200,true,-1.5
"HAG",141800,"/Date(1704439019000)/",13100,500,29949100,387490000000,-200,true,-1.5
"HAG",141800,"/Date(1704439019000)/",13100,200,29948600,387484000000,-200,true,-1.5
"HAG",141800,"/Date(1704439019000)/",13100,500,29948400,387481000000,-200,true,-1.5
"HAG",141800,"/Date(1704439019000)/",13100,100,29947900,387475000000,-200,true,-1.5
"HAG",141800,"/Date(1704439019000)/",13100,1000,29947800,387473000000,-200,true,-1.5
"HAG",141800,"/Date(1704439019000)/",13100,4500,29946800,387460000000,-200,true,-1.5
"HAG",141751,"/Date(1704439007000)/",13150,600,29942300,387401000000,-150,false,-1.13
"HAG",141751,"/Date(1704439007000)/",13150,500,29941700,387393000000,-150,false,-1.13
"HAG",141751,"/Date(1704439007000)/",13150,13900,29941200,387387000000,-150,false,-1.13
"HAG",141747,"/Date(1704439005000)/",13100,500,29927300,387204000000,-200,true,-1.5
"HAG",141747,"/Date(1704439005000)/",13100,500,29926800,387197000000,-200,true,-1.5
"HAG",141738,"/Date(1704438996000)/",13150,100,29926300,387191000000,-150,false,-1.13
"HAG",141731,"/Date(1704438990000)/",13100,8000,29926200,387190000000,-200,true,-1.5
"HAG",141731,"/Date(1704438990000)/",13100,4500,29918200,387085000000,-200,true,-1.5
"HAG",141731,"/Date(1704438990000)/",13100,2000,29913700,387026000000,-200,true,-1.5
"HAG",141731,"/Date(1704438990000)/",13100,300,29911700,387000000000,-200,true,-1.5
"HAG",141731,"/Date(1704438990000)/",13100,800,29911400,386996000000,-200,true,-1.5
"HAG",141731,"/Date(1704438990000)/",13100,500,29910600,386985000000,-200,true,-1.5
"HAG",141731,"/Date(1704438990000)/",13100,100,29910100,386979000000,-200,true,-1.5
"HAG",141731,"/Date(1704438990000)/",13100,1000,29910000,386977000000,-200,true,-1.5
"HAG",141731,"/Date(1704438990000)/",13100,2000,29909000,386964000000,-200,true,-1.5
"HAG",141731,"/Date(1704438990000)/",13100,300,29907000,386938000000,-200,true,-1.5
"HAG",141728,"/Date(1704438986000)/",13100,700,29906700,386934000000,-200,false,-1.5
"HAG",141728,"/Date(1704438986000)/",13100,100,29906000,386925000000,-200,false,-1.5
"HAG",141728,"/Date(1704438985000)/",13100,200,29905900,386924000000,-200,false,-1.5
"HAG",141725,"/Date(1704438983000)/",13100,5000,29905700,386921000000,-200,false,-1.5
"HAG",141719,"/Date(1704438976000)/",13100,500,29900700,386856000000,-200,false,-1.5
"HAG",141719,"/Date(1704438975000)/",13100,2000,29900200,386849000000,-200,false,-1.5
"HAG",141706,"/Date(1704438964000)/",13100,100,29898200,386823000000,-200,false,-1.5
"HAG",141706,"/Date(1704438963000)/",13100,15000,29898100,386821000000,-200,false,-1.5
"HAG",141702,"/Date(1704438961000)/",13100,1000,29883100,386625000000,-200,false,-1.5
"HAG",141656,"/Date(1704438954000)/",13100,1000,29882100,386612000000,-200,false,-1.5
"HAG",141653,"/Date(1704438952000)/",13100,100,29881100,386599000000,-200,false,-1.5
"HAG",141653,"/Date(1704438951000)/",13100,1000,29881000,386597000000,-200,false,-1.5
"HAG",141646,"/Date(1704438945000)/",13100,100,29880000,386584000000,-200,false,-1.5
"HAG",141634,"/Date(1704438932000)/",13100,100,29879900,386583000000,-200,false,-1.5
"HAG",141624,"/Date(1704438921000)/",13100,10000,29879800,386582000000,-200,false,-1.5
"HAG",141621,"/Date(1704438918000)/",13050,200,29869800,386451000000,-250,true,-1.88
"HAG",141608,"/Date(1704438907000)/",13100,2000,29869600,386448000000,-200,false,-1.5
"HAG",141605,"/Date(1704438903000)/",13150,10300,29867600,386422000000,-150,false,-1.13
"HAG",141605,"/Date(1704438903000)/",13100,900,29857300,386286000000,-200,false,-1.5
"HAG",141605,"/Date(1704438903000)/",13100,1000,29856400,386275000000,-200,false,-1.5
"HAG",141605,"/Date(1704438903000)/",13100,100,29855400,386262000000,-200,false,-1.5
"HAG",141605,"/Date(1704438903000)/",13100,2000,29855300,386260000000,-200,false,-1.5
"HAG",141605,"/Date(1704438903000)/",13100,700,29853300,386234000000,-200,false,-1.5
"HAG",141602,"/Date(1704438901000)/",13100,300,29852600,386225000000,-200,false,-1.5
"HAG",141602,"/Date(1704438899000)/",13100,200,29852300,386221000000,-200,false,-1.5
"HAG",141552,"/Date(1704438888000)/",13100,1000,29852100,386218000000,-200,false,-1.5
"HAG",141536,"/Date(1704438875000)/",13100,1000,29851100,386205000000,-200,false,-1.5
"HAG",141536,"/Date(1704438874000)/",13100,1700,29850100,386192000000,-200,false,-1.5
"HAG",141536,"/Date(1704438874000)/",13100,4200,29848400,386170000000,-200,false,-1.5
"HAG",141530,"/Date(1704438867000)/",13100,200,29844200,386115000000,-200,false,-1.5
"HAG",141523,"/Date(1704438863000)/",13100,600,29844000,386112000000,-200,false,-1.5
"HAG",141523,"/Date(1704438863000)/",13100,36000,29843400,386104000000,-200,false,-1.5
"HAG",141523,"/Date(1704438863000)/",13100,400,29807400,385633000000,-200,false,-1.5
"HAG",141523,"/Date(1704438863000)/",13100,3000,29807000,385628000000,-200,false,-1.5
"HAG",141507,"/Date(1704438846000)/",13100,1000,29804000,385588000000,-200,false,-1.5
"HAG",141507,"/Date(1704438846000)/",13100,500,29803000,385575000000,-200,false,-1.5
"HAG",141507,"/Date(1704438846000)/",13100,100,29802500,385569000000,-200,false,-1.5
"HAG",141507,"/Date(1704438846000)/",13100,900,29802400,385567000000,-200,false,-1.5
"HAG",141507,"/Date(1704438846000)/",13100,1200,29801500,385555000000,-200,false,-1.5
"HAG",141507,"/Date(1704438846000)/",13100,10000,29800300,385540000000,-200,false,-1.5
"HAG",141507,"/Date(1704438846000)/",13100,100,29790300,385409000000,-200,false,-1.5
"HAG",141507,"/Date(1704438846000)/",13100,10000,29790200,385407000000,-200,false,-1.5
"HAG",141507,"/Date(1704438846000)/",13100,200,29780200,385276000000,-200,false,-1.5
"HAG",141507,"/Date(1704438846000)/",13100,300,29780000,385274000000,-200,false,-1.5
"HAG",141507,"/Date(1704438846000)/",13100,10000,29779700,385270000000,-200,false,-1.5
"HAG",141507,"/Date(1704438846000)/",13100,3700,29769700,385139000000,-200,false,-1.5
"HAG",141458,"/Date(1704438835000)/",13100,100,29766000,385090000000,-200,false,-1.5
"HAG",141458,"/Date(1704438835000)/",13100,100,29765900,385089000000,-200,false,-1.5
"HAG",141413,"/Date(1704438790000)/",13100,1100,29765800,385088000000,-200,false,-1.5
"HAG",141413,"/Date(1704438790000)/",13100,300,29764700,385073000000,-200,false,-1.5
"HAG",141413,"/Date(1704438790000)/",13100,200,29764400,385069000000,-200,false,-1.5
"HAG",141413,"/Date(1704438790000)/",13100,1900,29764200,385067000000,-200,false,-1.5
"HAG",141350,"/Date(1704438769000)/",13100,1000,29762300,385042000000,-200,false,-1.5
"HAG",141344,"/Date(1704438764000)/",13100,1200,29761300,385029000000,-200,false,-1.5
"HAG",141341,"/Date(1704438758000)/",13100,900,29760100,385013000000,-200,false,-1.5
"HAG",141341,"/Date(1704438758000)/",13100,2000,29759200,385001000000,-200,false,-1.5
"HAG",141341,"/Date(1704438758000)/",13100,1700,29757200,384975000000,-200,false,-1.5
"HAG",141341,"/Date(1704438758000)/",13100,5400,29755500,384953000000,-200,false,-1.5
"HAG",141337,"/Date(1704438757000)/",13050,800,29750100,384882000000,-250,true,-1.88
"HAG",141337,"/Date(1704438757000)/",13050,300,29749300,384872000000,-250,true,-1.88
"HAG",141337,"/Date(1704438757000)/",13050,100,29749000,384868000000,-250,true,-1.88
"HAG",141337,"/Date(1704438757000)/",13050,800,29748900,384866000000,-250,true,-1.88
"HAG",141321,"/Date(1704438740000)/",13100,4300,29748100,384856000000,-200,false,-1.5
"HAG",141321,"/Date(1704438739000)/",13100,7300,29743800,384800000000,-200,false,-1.5
"HAG",141318,"/Date(1704438735000)/",13050,500,29736500,384704000000,-250,true,-1.88
"HAG",141318,"/Date(1704438735000)/",13050,10000,29736000,384698000000,-250,true,-1.88
"HAG",141318,"/Date(1704438735000)/",13050,1000,29726000,384567000000,-250,true,-1.88
"HAG",141318,"/Date(1704438735000)/",13050,100,29725000,384554000000,-250,true,-1.88
"HAG",141318,"/Date(1704438735000)/",13050,5000,29724900,384553000000,-250,true,-1.88
"HAG",141318,"/Date(1704438735000)/",13050,300,29719900,384487000000,-250,true,-1.88
"HAG",141318,"/Date(1704438735000)/",13050,300,29719600,384484000000,-250,true,-1.88
"HAG",141318,"/Date(1704438735000)/",13050,100,29719300,384480000000,-250,true,-1.88
"HAG",141318,"/Date(1704438735000)/",13050,20000,29719200,384478000000,-250,true,-1.88
"HAG",141318,"/Date(1704438735000)/",13050,1000,29699200,384217000000,-250,true,-1.88
"HAG",141318,"/Date(1704438735000)/",13050,1000,29698200,384204000000,-250,true,-1.88
"HAG",141318,"/Date(1704438735000)/",13050,20000,29697200,384191000000,-250,true,-1.88
"HAG",141318,"/Date(1704438735000)/",13050,15000,29677200,383930000000,-250,true,-1.88
"HAG",141318,"/Date(1704438735000)/",13050,5700,29662200,383734000000,-250,true,-1.88
"HAG",141315,"/Date(1704438735000)/",13100,200,29656500,383660000000,-200,false,-1.5
"HAG",141237,"/Date(1704438694000)/",13100,1000,29656300,383657000000,-200,false,-1.5
"HAG",141227,"/Date(1704438686000)/",13100,1800,29655300,383644000000,-200,false,-1.5
"HAG",141214,"/Date(1704438672000)/",13100,200,29653500,383621000000,-200,false,-1.5
"HAG",141214,"/Date(1704438672000)/",13100,700,29653300,383618000000,-200,false,-1.5
"HAG",141204,"/Date(1704438663000)/",13100,41600,29652600,383609000000,-200,false,-1.5
"HAG",141145,"/Date(1704438644000)/",13100,1000,29611000,383064000000,-200,false,-1.5
"HAG",141142,"/Date(1704438641000)/",13100,33000,29610000,383051000000,-200,false,-1.5
"HAG",141139,"/Date(1704438639000)/",13100,5000,29577000,382619000000,-200,false,-1.5
"HAG",141139,"/Date(1704438639000)/",13100,600,29572000,382553000000,-200,false,-1.5
"HAG",141139,"/Date(1704438639000)/",13100,11400,29571400,382545000000,-200,false,-1.5
"HAG",141116,"/Date(1704438617000)/",13100,1000,29560000,382396000000,-200,false,-1.5
"HAG",141113,"/Date(1704438614000)/",13100,500,29559000,382383000000,-200,true,-1.5
"HAG",141110,"/Date(1704438610000)/",13100,35600,29558500,382376000000,-200,true,-1.5
"HAG",141110,"/Date(1704438610000)/",13100,1000,29522900,381910000000,-200,true,-1.5
"HAG",141110,"/Date(1704438610000)/",13100,500,29521900,381897000000,-200,true,-1.5
"HAG",141100,"/Date(1704438599000)/",13100,1000,29521400,381890000000,-200,true,-1.5
"HAG",141100,"/Date(1704438599000)/",13100,100,29520400,381877000000,-200,true,-1.5
"HAG",141100,"/Date(1704438599000)/",13100,400,29520300,381876000000,-200,true,-1.5
"HAG",141048,"/Date(1704438587000)/",13100,4600,29519900,381871000000,-200,false,-1.5
"HAG",141048,"/Date(1704438587000)/",13100,10000,29515300,381810000000,-200,false,-1.5
"HAG",141048,"/Date(1704438587000)/",13100,100,29505300,381679000000,-200,false,-1.5
"HAG",141048,"/Date(1704438587000)/",13100,100,29505200,381678000000,-200,false,-1.5
"HAG",141048,"/Date(1704438587000)/",13100,200,29505100,381677000000,-200,false,-1.5
"HAG",141041,"/Date(1704438579000)/",13100,100,29504900,381674000000,-200,false,-1.5
"HAG",141015,"/Date(1704438554000)/",13100,700,29504800,381673000000,-200,false,-1.5
"HAG",141015,"/Date(1704438554000)/",13100,100,29504100,381664000000,-200,false,-1.5
"HAG",141015,"/Date(1704438554000)/",13100,200,29504000,381662000000,-200,false,-1.5
"HAG",141012,"/Date(1704438553000)/",13100,100,29503800,381660000000,-200,false,-1.5
"HAG",141012,"/Date(1704438553000)/",13100,200,29503700,381658000000,-200,false,-1.5
"HAG",141012,"/Date(1704438553000)/",13100,200,29503500,381656000000,-200,false,-1.5
"HAG",141012,"/Date(1704438553000)/",13100,500,29503300,381653000000,-200,false,-1.5
"HAG",141009,"/Date(1704438547000)/",13100,5500,29502800,381647000000,-200,false,-1.5
"HAG",141009,"/Date(1704438547000)/",13100,4500,29497300,381575000000,-200,false,-1.5
"HAG",140947,"/Date(1704438527000)/",13100,500,29492800,381516000000,-200,false,-1.5
"HAG",140940,"/Date(1704438520000)/",13100,300,29492300,381509000000,-200,false,-1.5
"HAG",140940,"/Date(1704438519000)/",13100,500,29492000,381505000000,-200,false,-1.5
"HAG",140934,"/Date(1704438514000)/",13100,1000,29491500,381499000000,-200,false,-1.5
"HAG",140931,"/Date(1704438511000)/",13100,6200,29490500,381485000000,-200,false,-1.5
"HAG",140924,"/Date(1704438505000)/",13100,100,29484300,381404000000,-200,false,-1.5
"HAG",140924,"/Date(1704438504000)/",13100,1900,29484200,381403000000,-200,false,-1.5
"HAG",140924,"/Date(1704438504000)/",13100,100,29482300,381378000000,-200,false,-1.5
"HAG",140924,"/Date(1704438504000)/",13100,100,29482200,381377000000,-200,false,-1.5
"HAG",140924,"/Date(1704438504000)/",13100,100,29482100,381375000000,-200,false,-1.5
"HAG",140924,"/Date(1704438504000)/",13100,1900,29482000,381374000000,-200,false,-1.5
"HAG",140921,"/Date(1704438501000)/",13100,100,29480100,381349000000,-200,false,-1.5
"HAG",140921,"/Date(1704438501000)/",13100,100,29480000,381348000000,-200,false,-1.5
"HAG",140921,"/Date(1704438499000)/",13100,1200,29479900,381347000000,-200,false,-1.5
"HAG",140915,"/Date(1704438494000)/",13100,100,29478700,381331000000,-200,false,-1.5
"HAG",140911,"/Date(1704438491000)/",13100,200,29478600,381330000000,-200,false,-1.5
"HAG",140911,"/Date(1704438490000)/",13050,100,29478400,381327000000,-250,true,-1.88
"HAG",140846,"/Date(1704438465000)/",13050,400,29478300,381326000000,-250,true,-1.88
"HAG",140836,"/Date(1704438456000)/",13100,900,29477900,381320000000,-200,false,-1.5
"HAG",140836,"/Date(1704438456000)/",13100,1000,29477000,381309000000,-200,false,-1.5
"HAG",140836,"/Date(1704438456000)/",13100,1300,29476000,381296000000,-200,false,-1.5
"HAG",140836,"/Date(1704438456000)/",13100,800,29474700,381279000000,-200,false,-1.5
"HAG",140820,"/Date(1704438440000)/",13100,100,29473900,381268000000,-200,false,-1.5
"HAG",140744,"/Date(1704438403000)/",13050,200,29473800,381267000000,-250,true,-1.88
"HAG",140738,"/Date(1704438397000)/",13100,100,29473600,381264000000,-200,false,-1.5
"HAG",140738,"/Date(1704438397000)/",13100,500,29473500,381263000000,-200,false,-1.5
"HAG",140738,"/Date(1704438397000)/",13100,300,29473000,381256000000,-200,false,-1.5
"HAG",140732,"/Date(1704438390000)/",13100,4700,29472700,381252000000,-200,false,-1.5
"HAG",140732,"/Date(1704438390000)/",13100,1000,29468000,381191000000,-200,false,-1.5
"HAG",140732,"/Date(1704438390000)/",13100,1000,29467000,381178000000,-200,false,-1.5
"HAG",140732,"/Date(1704438390000)/",13100,3300,29466000,381165000000,-200,false,-1.5
"HAG",140712,"/Date(1704438370000)/",13100,1700,29462700,381121000000,-200,false,-1.5
"HAG",140712,"/Date(1704438370000)/",13100,1000,29461000,381099000000,-200,false,-1.5
"HAG",140712,"/Date(1704438370000)/",13100,300,29460000,381086000000,-200,false,-1.5
"HAG",140712,"/Date(1704438370000)/",13100,100,29459700,381082000000,-200,false,-1.5
"HAG",140712,"/Date(1704438370000)/",13100,2800,29459600,381081000000,-200,false,-1.5
"HAG",140712,"/Date(1704438370000)/",13100,1000,29456800,381044000000,-200,false,-1.5
"HAG",140712,"/Date(1704438370000)/",13100,5000,29455800,381031000000,-200,false,-1.5
"HAG",140712,"/Date(1704438370000)/",13100,10000,29450800,380965000000,-200,false,-1.5
"HAG",140712,"/Date(1704438370000)/",13100,700,29440800,380834000000,-200,false,-1.5
"HAG",140712,"/Date(1704438370000)/",13100,15100,29440100,380825000000,-200,false,-1.5
"HAG",140643,"/Date(1704438341000)/",13100,100,29425000,380627000000,-200,false,-1.5
"HAG",140605,"/Date(1704438303000)/",13100,300,29424900,380626000000,-200,false,-1.5
"HAG",140526,"/Date(1704438266000)/",13100,200,29424600,380622000000,-200,false,-1.5
"HAG",140523,"/Date(1704438262000)/",13050,5000,29424400,380620000000,-250,true,-1.88
"HAG",140507,"/Date(1704438247000)/",13100,5400,29419400,380554000000,-200,false,-1.5
"HAG",140507,"/Date(1704438246000)/",13100,500,29414000,380484000000,-200,false,-1.5
"HAG",140504,"/Date(1704438245000)/",13100,300,29413500,380477000000,-200,false,-1.5
"HAG",140501,"/Date(1704438241000)/",13100,1700,29413200,380473000000,-200,false,-1.5
"HAG",140432,"/Date(1704438213000)/",13100,10000,29411500,380451000000,-200,false,-1.5
"HAG",140400,"/Date(1704438179000)/",13100,16400,29401500,380320000000,-200,false,-1.5
"HAG",140400,"/Date(1704438179000)/",13100,100,29385100,380105000000,-200,false,-1.5
"HAG",140400,"/Date(1704438179000)/",13100,500,29385000,380104000000,-200,false,-1.5
"HAG",140400,"/Date(1704438179000)/",13100,1000,29384500,380097000000,-200,false,-1.5
"HAG",140350,"/Date(1704438170000)/",13100,200,29383500,380084000000,-200,false,-1.5
"HAG",140337,"/Date(1704438159000)/",13100,100,29383300,380081000000,-200,false,-1.5
"HAG",140334,"/Date(1704438154000)/",13100,700,29383200,380080000000,-200,false,-1.5
"HAG",140334,"/Date(1704438154000)/",13100,500,29382500,380071000000,-200,false,-1.5
"HAG",140334,"/Date(1704438154000)/",13100,500,29382000,380064000000,-200,false,-1.5
"HAG",140334,"/Date(1704438154000)/",13100,2000,29381500,380058000000,-200,false,-1.5
"HAG",140334,"/Date(1704438154000)/",13100,900,29379500,380032000000,-200,false,-1.5
"HAG",140334,"/Date(1704438154000)/",13100,400,29378600,380020000000,-200,false,-1.5
"HAG",140331,"/Date(1704438150000)/",13100,100,29378200,380015000000,-200,false,-1.5
"HAG",140331,"/Date(1704438150000)/",13100,500,29378100,380013000000,-200,false,-1.5
"HAG",140331,"/Date(1704438150000)/",13100,500,29377600,380007000000,-200,false,-1.5
"HAG",140321,"/Date(1704438140000)/",13100,200,29377100,380000000000,-200,false,-1.5
"HAG",140315,"/Date(1704438136000)/",13100,200,29376900,379998000000,-200,false,-1.5
"HAG",140302,"/Date(1704438122000)/",13100,100,29376700,379995000000,-200,false,-1.5
"HAG",140302,"/Date(1704438122000)/",13100,700,29376600,379994000000,-200,false,-1.5
"HAG",140246,"/Date(1704438105000)/",13100,1300,29375900,379985000000,-200,false,-1.5
"HAG",140227,"/Date(1704438088000)/",13100,2000,29374600,379967000000,-200,false,-1.5
"HAG",140217,"/Date(1704438076000)/",13100,3300,29372600,379941000000,-200,false,-1.5
"HAG",140204,"/Date(1704438063000)/",13050,10000,29369300,379898000000,-250,true,-1.88
"HAG",140158,"/Date(1704438060000)/",13100,1700,29359300,379768000000,-200,false,-1.5
"HAG",140158,"/Date(1704438060000)/",13100,1100,29357600,379745000000,-200,false,-1.5
"HAG",140148,"/Date(1704438049000)/",13050,1000,29356500,379731000000,-250,true,-1.88
"HAG",140142,"/Date(1704438041000)/",13100,900,29355500,379718000000,-200,false,-1.5
"HAG",140110,"/Date(1704438010000)/",13050,50000,29354600,379706000000,-250,true,-1.88
"HAG",140041,"/Date(1704437982000)/",13050,1000,29304600,379054000000,-250,false,-1.88
"HAG",140041,"/Date(1704437982000)/",13050,26600,29303600,379040000000,-250,false,-1.88
"HAG",140038,"/Date(1704437978000)/",13050,100,29277000,378693000000,-250,false,-1.88
"HAG",140031,"/Date(1704437971000)/",13050,2000,29276900,378692000000,-250,false,-1.88
"HAG",140028,"/Date(1704437970000)/",13050,300,29274900,378666000000,-250,false,-1.88
"HAG",140028,"/Date(1704437969000)/",13050,900,29274600,378662000000,-250,false,-1.88
"HAG",140028,"/Date(1704437969000)/",13050,3000,29273700,378650000000,-250,false,-1.88
"HAG",140028,"/Date(1704437969000)/",13050,100,29270700,378611000000,-250,false,-1.88
"HAG",140028,"/Date(1704437969000)/",13050,8000,29270600,378610000000,-250,false,-1.88
"HAG",140028,"/Date(1704437968000)/",13050,8400,29262600,378505000000,-250,false,-1.88
"HAG",140021,"/Date(1704437963000)/",13050,20000,29254200,378396000000,-250,false,-1.88
"HAG",140015,"/Date(1704437955000)/",13050,5000,29234200,378135000000,-250,false,-1.88
"HAG",140012,"/Date(1704437952000)/",13000,30000,29229200,378070000000,-300,true,-2.26
"HAG",140012,"/Date(1704437952000)/",13050,500,29199200,377680000000,-250,false,-1.88
"HAG",140002,"/Date(1704437944000)/",13050,1000,29198700,377673000000,-250,false,-1.88
"HAG",135959,"/Date(1704437940000)/",13050,10000,29197700,377660000000,-250,false,-1.88
"HAG",135949,"/Date(1704437929000)/",13050,20000,29187700,377529000000,-250,false,-1.88
"HAG",135946,"/Date(1704437928000)/",13050,1000,29167700,377268000000,-250,false,-1.88
"HAG",135943,"/Date(1704437925000)/",13050,100,29166700,377255000000,-250,false,-1.88
"HAG",135940,"/Date(1704437919000)/",13050,3000,29166600,377254000000,-250,false,-1.88
"HAG",135933,"/Date(1704437916000)/",13050,10000,29163600,377215000000,-250,false,-1.88
"HAG",135933,"/Date(1704437915000)/",13050,300,29153600,377084000000,-250,false,-1.88
"HAG",135933,"/Date(1704437915000)/",13050,2000,29153300,377081000000,-250,false,-1.88
"HAG",135927,"/Date(1704437906000)/",13050,900,29151300,377054000000,-250,false,-1.88
"HAG",135924,"/Date(1704437905000)/",13050,5000,29150400,377043000000,-250,false,-1.88
"HAG",135920,"/Date(1704437900000)/",13050,4800,29145400,376977000000,-250,false,-1.88
"HAG",135920,"/Date(1704437900000)/",13050,100,29140600,376915000000,-250,false,-1.88
"HAG",135920,"/Date(1704437900000)/",13050,9000,29140500,376914000000,-250,false,-1.88
"HAG",135920,"/Date(1704437900000)/",13050,300,29131500,376796000000,-250,false,-1.88
"HAG",135920,"/Date(1704437900000)/",13050,5800,29131200,376792000000,-250,false,-1.88
"HAG",135917,"/Date(1704437898000)/",13050,7600,29125400,376716000000,-250,false,-1.88
"HAG",135911,"/Date(1704437892000)/",13050,12000,29117800,376617000000,-250,false,-1.88
"HAG",135901,"/Date(1704437881000)/",13050,20000,29105800,376461000000,-250,false,-1.88
"HAG",135845,"/Date(1704437867000)/",13050,8000,29085800,376200000000,-250,false,-1.88
"HAG",135845,"/Date(1704437865000)/",13050,100,29077800,376095000000,-250,false,-1.88
"HAG",135842,"/Date(1704437864000)/",13000,100,29077700,376094000000,-300,true,-2.26
"HAG",135810,"/Date(1704437830000)/",13000,1000,29077600,376093000000,-300,true,-2.26
"HAG",135810,"/Date(1704437830000)/",13050,100,29076600,376080000000,-250,false,-1.88
"HAG",135800,"/Date(1704437822000)/",13000,2500,29076500,376078000000,-300,true,-2.26
"HAG",135757,"/Date(1704437818000)/",13000,8200,29074000,376046000000,-300,true,-2.26
"HAG",135757,"/Date(1704437817000)/",13000,2500,29065800,375939000000,-300,true,-2.26
"HAG",135757,"/Date(1704437817000)/",13000,200,29063300,375907000000,-300,true,-2.26
"HAG",135757,"/Date(1704437817000)/",13000,800,29063100,375904000000,-300,true,-2.26
"HAG",135754,"/Date(1704437816000)/",13050,100,29062300,375894000000,-250,false,-1.88
"HAG",135751,"/Date(1704437811000)/",13050,200,29062200,375892000000,-250,false,-1.88
"HAG",135751,"/Date(1704437811000)/",13050,100,29062000,375890000000,-250,false,-1.88
"HAG",135751,"/Date(1704437811000)/",13050,200,29061900,375889000000,-250,false,-1.88
"HAG",135751,"/Date(1704437811000)/",13050,700,29061700,375886000000,-250,false,-1.88
"HAG",135751,"/Date(1704437811000)/",13050,600,29061000,375877000000,-250,false,-1.88
"HAG",135751,"/Date(1704437811000)/",13050,2000,29060400,375869000000,-250,false,-1.88
"HAG",135751,"/Date(1704437811000)/",13050,400,29058400,375843000000,-250,false,-1.88
"HAG",135751,"/Date(1704437811000)/",13050,100,29058000,375838000000,-250,false,-1.88
"HAG",135751,"/Date(1704437811000)/",13050,1500,29057900,375836000000,-250,false,-1.88
"HAG",135751,"/Date(1704437811000)/",13050,100,29056400,375817000000,-250,false,-1.88
"HAG",135751,"/Date(1704437811000)/",13050,800,29056300,375815000000,-250,false,-1.88
"HAG",135751,"/Date(1704437811000)/",13050,100,29055500,375805000000,-250,false,-1.88
"HAG",135751,"/Date(1704437811000)/",13050,500,29055400,375804000000,-250,false,-1.88
"HAG",135751,"/Date(1704437811000)/",13050,100,29054900,375797000000,-250,false,-1.88
"HAG",135751,"/Date(1704437811000)/",13050,1000,29054800,375796000000,-250,false,-1.88
"HAG",135751,"/Date(1704437811000)/",13050,100,29053800,375783000000,-250,false,-1.88
"HAG",135751,"/Date(1704437811000)/",13050,100,29053700,375782000000,-250,false,-1.88
"HAG",135751,"/Date(1704437811000)/",13050,1000,29053600,375780000000,-250,false,-1.88
"HAG",135751,"/Date(1704437811000)/",13050,200000,29052600,375767000000,-250,false,-1.88
"HAG",135751,"/Date(1704437811000)/",13050,100,28852600,373157000000,-250,false,-1.88
"HAG",135751,"/Date(1704437811000)/",13050,1000,28852500,373156000000,-250,false,-1.88
"HAG",135751,"/Date(1704437811000)/",13050,10000,28851500,373143000000,-250,false,-1.88
"HAG",135751,"/Date(1704437811000)/",13050,100,28841500,373012000000,-250,false,-1.88
"HAG",135751,"/Date(1704437811000)/",13050,300,28841400,373011000000,-250,false,-1.88
"HAG",135751,"/Date(1704437811000)/",13050,20000,28841100,373007000000,-250,false,-1.88
"HAG",135751,"/Date(1704437811000)/",13050,400,28821100,372746000000,-250,false,-1.88
"HAG",135751,"/Date(1704437811000)/",13050,3000,28820700,372741000000,-250,false,-1.88
"HAG",135751,"/Date(1704437811000)/",13050,101800,28817700,372702000000,-250,false,-1.88
"HAG",135751,"/Date(1704437811000)/",13050,100,28715900,371373000000,-250,false,-1.88
"HAG",135744,"/Date(1704437806000)/",13050,190000,28715800,371372000000,-250,true,-1.88
"HAG",135741,"/Date(1704437803000)/",13050,8100,28525800,368892000000,-250,true,-1.88
"HAG",135741,"/Date(1704437803000)/",13050,900,28517700,368787000000,-250,true,-1.88
"HAG",135741,"/Date(1704437803000)/",13050,2000,28516800,368775000000,-250,true,-1.88
"HAG",135741,"/Date(1704437803000)/",13050,2000,28514800,368749000000,-250,true,-1.88
"HAG",135741,"/Date(1704437803000)/",13050,20300,28512800,368723000000,-250,true,-1.88
"HAG",135741,"/Date(1704437803000)/",13050,15000,28492500,368458000000,-250,true,-1.88
"HAG",135741,"/Date(1704437803000)/",13050,800,28477500,368262000000,-250,true,-1.88
"HAG",135741,"/Date(1704437803000)/",13050,100,28476700,368252000000,-250,true,-1.88
"HAG",135741,"/Date(1704437803000)/",13050,1300,28476600,368250000000,-250,true,-1.88
"HAG",135712,"/Date(1704437775000)/",13050,100,28475300,368233000000,-250,true,-1.88
"HAG",135709,"/Date(1704437770000)/",13050,500,28475200,368232000000,-250,true,-1.88
"HAG",135640,"/Date(1704437740000)/",13050,100,28474700,368226000000,-250,true,-1.88
"HAG",135640,"/Date(1704437740000)/",13050,800,28474600,368224000000,-250,true,-1.88
"HAG",135640,"/Date(1704437740000)/",13050,100,28473800,368214000000,-250,true,-1.88
"HAG",135640,"/Date(1704437740000)/",13050,9000,28473700,368213000000,-250,true,-1.88
"HAG",135640,"/Date(1704437740000)/",13050,1000,28464700,368095000000,-250,true,-1.88
"HAG",135630,"/Date(1704437731000)/",13050,100,28463700,368082000000,-250,true,-1.88
"HAG",135630,"/Date(1704437730000)/",13100,100,28463600,368081000000,-200,false,-1.5
"HAG",135627,"/Date(1704437727000)/",13100,5000,28463500,368079000000,-200,false,-1.5
"HAG",135627,"/Date(1704437727000)/",13100,100,28458500,368014000000,-200,false,-1.5
"HAG",135627,"/Date(1704437727000)/",13100,100,28458400,368013000000,-200,false,-1.5
"HAG",135627,"/Date(1704437727000)/",13100,1000,28458300,368011000000,-200,false,-1.5
"HAG",135627,"/Date(1704437727000)/",13100,1800,28457300,367998000000,-200,false,-1.5
"HAG",135611,"/Date(1704437713000)/",13100,4000,28455500,367975000000,-200,false,-1.5
"HAG",135605,"/Date(1704437705000)/",13100,4200,28451500,367922000000,-200,false,-1.5
"HAG",135605,"/Date(1704437705000)/",13100,1000,28447300,367867000000,-200,false,-1.5
"HAG",135605,"/Date(1704437705000)/",13100,800,28446300,367854000000,-200,false,-1.5
"HAG",135555,"/Date(1704437697000)/",13050,500,28445500,367844000000,-250,true,-1.88
"HAG",135555,"/Date(1704437696000)/",13100,400,28445000,367837000000,-200,false,-1.5
"HAG",135555,"/Date(1704437696000)/",13100,1600,28444600,367832000000,-200,false,-1.5
"HAG",135549,"/Date(1704437690000)/",13100,400,28443000,367811000000,-200,false,-1.5
"HAG",135549,"/Date(1704437690000)/",13100,2600,28442600,367806000000,-200,false,-1.5
"HAG",135546,"/Date(1704437687000)/",13050,1000,28440000,367772000000,-250,true,-1.88
"HAG",135542,"/Date(1704437684000)/",13100,5000,28439000,367759000000,-200,false,-1.5
"HAG",135530,"/Date(1704437672000)/",13100,4000,28434000,367693000000,-200,false,-1.5
"HAG",135523,"/Date(1704437663000)/",13100,7000,28430000,367641000000,-200,false,-1.5
"HAG",135514,"/Date(1704437656000)/",13100,2300,28423000,367549000000,-200,false,-1.5
"HAG",135504,"/Date(1704437646000)/",13100,300,28420700,367519000000,-200,false,-1.5
"HAG",135501,"/Date(1704437642000)/",13100,10000,28420400,367515000000,-200,false,-1.5
"HAG",135454,"/Date(1704437636000)/",13100,6000,28410400,367384000000,-200,false,-1.5
"HAG",135454,"/Date(1704437636000)/",13050,8900,28404400,367305000000,-250,true,-1.88
"HAG",135454,"/Date(1704437635000)/",13100,4200,28395500,367189000000,-200,false,-1.5
"HAG",135409,"/Date(1704437590000)/",13100,1000,28391300,367134000000,-200,false,-1.5
"HAG",135403,"/Date(1704437583000)/",13050,1000,28390300,367121000000,-250,true,-1.88
"HAG",135356,"/Date(1704437577000)/",13100,4800,28389300,367108000000,-200,false,-1.5
"HAG",135321,"/Date(1704437543000)/",13050,10000,28384500,367045000000,-250,true,-1.88
"HAG",135239,"/Date(1704437502000)/",13100,1000,28374500,366915000000,-200,false,-1.5
"HAG",135139,"/Date(1704437441000)/",13100,200,28373500,366901000000,-200,false,-1.5
"HAG",135116,"/Date(1704437419000)/",13100,200,28373300,366899000000,-200,false,-1.5
"HAG",135116,"/Date(1704437419000)/",13100,100,28373100,366896000000,-200,false,-1.5
"HAG",135103,"/Date(1704437406000)/",13100,300,28373000,366895000000,-200,false,-1.5
"HAG",135054,"/Date(1704437394000)/",13100,500,28372700,366891000000,-200,true,-1.5
"HAG",135054,"/Date(1704437394000)/",13100,500,28372200,366884000000,-200,true,-1.5
"HAG",135044,"/Date(1704437387000)/",13100,400,28371700,366878000000,-200,true,-1.5
"HAG",135044,"/Date(1704437386000)/",13100,1200,28371300,366873000000,-200,true,-1.5
"HAG",135044,"/Date(1704437386000)/",13100,900,28370100,366857000000,-200,true,-1.5
"HAG",135044,"/Date(1704437386000)/",13100,100,28369200,366845000000,-200,true,-1.5
"HAG",135038,"/Date(1704437381000)/",13100,100,28369100,366844000000,-200,true,-1.5
"HAG",135038,"/Date(1704437381000)/",13100,100,28369000,366843000000,-200,true,-1.5
"HAG",135034,"/Date(1704437375000)/",13100,100,28368900,366841000000,-200,true,-1.5
"HAG",135034,"/Date(1704437375000)/",13100,700,28368800,366840000000,-200,true,-1.5
"HAG",135034,"/Date(1704437375000)/",13100,100,28368100,366831000000,-200,true,-1.5
"HAG",135034,"/Date(1704437375000)/",13100,1100,28368000,366829000000,-200,true,-1.5
"HAG",135025,"/Date(1704437366000)/",13100,2000,28366900,366815000000,-200,true,-1.5
"HAG",135022,"/Date(1704437363000)/",13100,300,28364900,366789000000,-200,true,-1.5
"HAG",135015,"/Date(1704437357000)/",13100,1500,28364600,366785000000,-200,true,-1.5
"HAG",135002,"/Date(1704437344000)/",13100,2000,28363100,366765000000,-200,true,-1.5
"HAG",134953,"/Date(1704437336000)/",13100,200,28361100,366739000000,-200,true,-1.5
"HAG",134940,"/Date(1704437321000)/",13100,500,28360900,366736000000,-200,true,-1.5
"HAG",134918,"/Date(1704437298000)/",13100,2400,28360400,366730000000,-200,true,-1.5
"HAG",134918,"/Date(1704437298000)/",13100,1000,28358000,366698000000,-200,true,-1.5
"HAG",134918,"/Date(1704437298000)/",13100,600,28357000,366685000000,-200,true,-1.5
"HAG",134905,"/Date(1704437286000)/",13100,900,28356400,366677000000,-200,true,-1.5
"HAG",134905,"/Date(1704437286000)/",13100,1000,28355500,366666000000,-200,true,-1.5
"HAG",134905,"/Date(1704437286000)/",13100,100,28354500,366653000000,-200,true,-1.5
"HAG",134849,"/Date(1704437269000)/",13100,6100,28354400,366651000000,-200,true,-1.5
"HAG",134849,"/Date(1704437269000)/",13100,600,28348300,366571000000,-200,true,-1.5
"HAG",134849,"/Date(1704437269000)/",13100,5300,28347700,366564000000,-200,true,-1.5
"HAG",134845,"/Date(1704437269000)/",13100,100,28342400,366494000000,-200,true,-1.5
"HAG",134842,"/Date(1704437264000)/",13100,200,28342300,366493000000,-200,true,-1.5
"HAG",134810,"/Date(1704437233000)/",13100,100,28342100,366490000000,-200,true,-1.5
"HAG",134810,"/Date(1704437233000)/",13100,4300,28342000,366489000000,-200,true,-1.5
"HAG",134757,"/Date(1704437219000)/",13100,700,28337700,366433000000,-200,false,-1.5
"HAG",134757,"/Date(1704437219000)/",13100,1000,28337000,366423000000,-200,false,-1.5
"HAG",134757,"/Date(1704437219000)/",13100,300,28336000,366410000000,-200,false,-1.5
"HAG",134728,"/Date(1704437190000)/",13100,4700,28335700,366406000000,-200,false,-1.5
"HAG",134728,"/Date(1704437190000)/",13100,300,28331000,366345000000,-200,false,-1.5
"HAG",134725,"/Date(1704437188000)/",13100,700,28330700,366341000000,-200,false,-1.5
"HAG",134725,"/Date(1704437188000)/",13100,100,28330000,366332000000,-200,false,-1.5
"HAG",134725,"/Date(1704437188000)/",13100,300,28329900,366330000000,-200,false,-1.5
"HAG",134725,"/Date(1704437188000)/",13100,1100,28329600,366326000000,-200,false,-1.5
"HAG",134722,"/Date(1704437185000)/",13100,700,28328500,366312000000,-200,false,-1.5
"HAG",134719,"/Date(1704437181000)/",13100,200,28327800,366303000000,-200,false,-1.5
"HAG",134719,"/Date(1704437181000)/",13100,2000,28327600,366300000000,-200,false,-1.5
"HAG",134719,"/Date(1704437181000)/",13100,1000,28325600,366274000000,-200,false,-1.5
"HAG",134719,"/Date(1704437181000)/",13100,1000,28324600,366261000000,-200,false,-1.5
"HAG",134719,"/Date(1704437181000)/",13100,600,28323600,366248000000,-200,false,-1.5
"HAG",134713,"/Date(1704437176000)/",13100,400,28323000,366240000000,-200,false,-1.5
"HAG",134713,"/Date(1704437176000)/",13100,1600,28322600,366235000000,-200,false,-1.5
"HAG",134709,"/Date(1704437172000)/",13100,400,28321000,366214000000,-200,false,-1.5
"HAG",134709,"/Date(1704437172000)/",13100,5000,28320600,366209000000,-200,false,-1.5
"HAG",134709,"/Date(1704437172000)/",13100,2000,28315600,366143000000,-200,false,-1.5
"HAG",134709,"/Date(1704437172000)/",13100,1600,28313600,366117000000,-200,false,-1.5
"HAG",134703,"/Date(1704437166000)/",13100,3400,28312000,366096000000,-200,false,-1.5
"HAG",134703,"/Date(1704437166000)/",13100,14500,28308600,366051000000,-200,false,-1.5
"HAG",134657,"/Date(1704437158000)/",13100,3000,28294100,365861000000,-200,false,-1.5
"HAG",134625,"/Date(1704437128000)/",13100,200,28291100,365822000000,-200,false,-1.5
"HAG",134621,"/Date(1704437123000)/",13100,7500,28290900,365819000000,-200,false,-1.5
"HAG",134612,"/Date(1704437115000)/",13100,5000,28283400,365721000000,-200,false,-1.5
"HAG",134605,"/Date(1704437107000)/",13100,1000,28278400,365656000000,-200,false,-1.5
"HAG",134549,"/Date(1704437093000)/",13100,4000,28277400,365643000000,-200,false,-1.5
"HAG",134451,"/Date(1704437036000)/",13100,300,28273400,365590000000,-200,false,-1.5
"HAG",134442,"/Date(1704437024000)/",13100,200,28273100,365586000000,-200,false,-1.5
"HAG",134442,"/Date(1704437024000)/",13100,800,28272900,365584000000,-200,false,-1.5
"HAG",134439,"/Date(1704437021000)/",13100,100,28272100,365573000000,-200,false,-1.5
"HAG",134429,"/Date(1704437010000)/",13100,13400,28272000,365572000000,-200,false,-1.5
"HAG",134429,"/Date(1704437010000)/",13100,200,28258600,365396000000,-200,false,-1.5
"HAG",134429,"/Date(1704437010000)/",13100,1400,28258400,365394000000,-200,false,-1.5
"HAG",134413,"/Date(1704436995000)/",13100,100,28257000,365375000000,-200,false,-1.5
"HAG",134403,"/Date(1704436986000)/",13100,1300,28256900,365374000000,-200,false,-1.5
"HAG",134347,"/Date(1704436969000)/",13100,1200,28255600,365357000000,-200,false,-1.5
"HAG",134347,"/Date(1704436969000)/",13100,1000,28254400,365341000000,-200,false,-1.5
"HAG",134347,"/Date(1704436969000)/",13100,2800,28253400,365328000000,-200,false,-1.5
"HAG",134234,"/Date(1704436897000)/",13100,2000,28250600,365292000000,-200,false,-1.5
"HAG",134224,"/Date(1704436886000)/",13100,2000,28248600,365265000000,-200,false,-1.5
"HAG",134224,"/Date(1704436886000)/",13100,100,28246600,365239000000,-200,false,-1.5
"HAG",134221,"/Date(1704436884000)/",13100,200,28246500,365238000000,-200,true,-1.5
"HAG",134221,"/Date(1704436884000)/",13100,300,28246300,365235000000,-200,true,-1.5
"HAG",134221,"/Date(1704436884000)/",13100,200,28246000,365231000000,-200,true,-1.5
"HAG",134221,"/Date(1704436884000)/",13100,1000,28245800,365229000000,-200,true,-1.5
"HAG",134221,"/Date(1704436884000)/",13100,100,28244800,365216000000,-200,true,-1.5
"HAG",134221,"/Date(1704436884000)/",13100,2200,28244700,365214000000,-200,true,-1.5
"HAG",134218,"/Date(1704436881000)/",13100,400,28242500,365185000000,-200,true,-1.5
"HAG",134218,"/Date(1704436880000)/",13100,500,28242100,365180000000,-200,true,-1.5
"HAG",134218,"/Date(1704436880000)/",13100,600,28241600,365174000000,-200,true,-1.5
"HAG",134218,"/Date(1704436880000)/",13100,1200,28241000,365166000000,-200,true,-1.5
"HAG",134218,"/Date(1704436880000)/",13100,8200,28239800,365150000000,-200,true,-1.5
"HAG",134214,"/Date(1704436879000)/",13100,1800,28231600,365043000000,-200,true,-1.5
"HAG",134214,"/Date(1704436879000)/",13100,5000,28229800,365019000000,-200,true,-1.5
"HAG",134214,"/Date(1704436879000)/",13100,100,28224800,364954000000,-200,true,-1.5
"HAG",134214,"/Date(1704436879000)/",13100,5000,28224700,364952000000,-200,true,-1.5
"HAG",134214,"/Date(1704436879000)/",13100,600,28219700,364887000000,-200,true,-1.5
"HAG",134214,"/Date(1704436879000)/",13100,500,28219100,364879000000,-200,true,-1.5
"HAG",134214,"/Date(1704436879000)/",13100,2700,28218600,364872000000,-200,true,-1.5
"HAG",134214,"/Date(1704436878000)/",13100,100,28215900,364837000000,-200,true,-1.5
"HAG",134214,"/Date(1704436878000)/",13100,100,28215800,364836000000,-200,true,-1.5
"HAG",134214,"/Date(1704436878000)/",13100,300,28215700,364834000000,-200,true,-1.5
"HAG",134214,"/Date(1704436878000)/",13100,3100,28215400,364830000000,-200,true,-1.5
"HAG",134214,"/Date(1704436878000)/",13100,12600,28212300,364790000000,-200,true,-1.5
"HAG",134214,"/Date(1704436877000)/",13100,5000,28199700,364625000000,-200,true,-1.5
"HAG",134211,"/Date(1704436873000)/",13100,5000,28194700,364559000000,-200,true,-1.5
"HAG",134208,"/Date(1704436872000)/",13100,8500,28189700,364494000000,-200,true,-1.5
"HAG",134205,"/Date(1704436867000)/",13100,10000,28181200,364382000000,-200,true,-1.5
"HAG",134155,"/Date(1704436859000)/",13100,200,28171200,364251000000,-200,true,-1.5
"HAG",134149,"/Date(1704436851000)/",13100,1000,28171000,364249000000,-200,true,-1.5
"HAG",134146,"/Date(1704436850000)/",13100,25000,28170000,364236000000,-200,true,-1.5
"HAG",134133,"/Date(1704436836000)/",13100,100,28145000,363908000000,-200,true,-1.5
"HAG",134058,"/Date(1704436800000)/",13100,3000,28144900,363907000000,-200,true,-1.5
"HAG",134054,"/Date(1704436797000)/",13150,5000,28141900,363868000000,-150,false,-1.13
"HAG",134051,"/Date(1704436794000)/",13100,2000,28136900,363802000000,-200,true,-1.5
"HAG",134045,"/Date(1704436787000)/",13100,5000,28134900,363776000000,-200,true,-1.5
"HAG",134032,"/Date(1704436775000)/",13100,400,28129900,363710000000,-200,true,-1.5
"HAG",134009,"/Date(1704436753000)/",13150,1000,28129500,363705000000,-150,false,-1.13
"HAG",134006,"/Date(1704436749000)/",13150,100,28128500,363692000000,-150,false,-1.13
"HAG",134006,"/Date(1704436749000)/",13150,700,28128400,363690000000,-150,false,-1.13
"HAG",133953,"/Date(1704436738000)/",13150,5000,28127700,363681000000,-150,false,-1.13
"HAG",133928,"/Date(1704436711000)/",13100,500,28122700,363615000000,-200,true,-1.5
"HAG",133912,"/Date(1704436696000)/",13100,2000,28122200,363609000000,-200,true,-1.5
"HAG",133912,"/Date(1704436694000)/",13100,500,28120200,363583000000,-200,true,-1.5
"HAG",133912,"/Date(1704436694000)/",13100,12900,28119700,363576000000,-200,true,-1.5
"HAG",133824,"/Date(1704436647000)/",13100,6300,28106800,363407000000,-200,true,-1.5
"HAG",133824,"/Date(1704436647000)/",13100,2200,28100500,363325000000,-200,true,-1.5
"HAG",133824,"/Date(1704436647000)/",13100,200,28098300,363296000000,-200,true,-1.5
"HAG",133824,"/Date(1704436647000)/",13100,200,28098100,363293000000,-200,true,-1.5
"HAG",133824,"/Date(1704436647000)/",13100,1100,28097900,363291000000,-200,true,-1.5
"HAG",133804,"/Date(1704436628000)/",13100,900,28096800,363276000000,-200,true,-1.5
"HAG",133804,"/Date(1704436628000)/",13100,100,28095900,363264000000,-200,true,-1.5
"HAG",133801,"/Date(1704436624000)/",13150,500,28095800,363263000000,-150,false,-1.13
"HAG",133735,"/Date(1704436598000)/",13150,100,28095300,363256000000,-150,false,-1.13
"HAG",133732,"/Date(1704436597000)/",13150,3000,28095200,363255000000,-150,false,-1.13
"HAG",133710,"/Date(1704436574000)/",13150,500,28092200,363216000000,-150,true,-1.13
"HAG",133710,"/Date(1704436574000)/",13150,1000,28091700,363209000000,-150,true,-1.13
"HAG",133710,"/Date(1704436574000)/",13150,4000,28090700,363196000000,-150,true,-1.13
"HAG",133710,"/Date(1704436574000)/",13150,300,28086700,363143000000,-150,true,-1.13
"HAG",133710,"/Date(1704436574000)/",13150,4000,28086400,363139000000,-150,true,-1.13
"HAG",133710,"/Date(1704436574000)/",13150,500,28082400,363087000000,-150,true,-1.13
"HAG",133710,"/Date(1704436573000)/",13150,300,28081900,363080000000,-150,true,-1.13
"HAG",133700,"/Date(1704436565000)/",13150,500,28081600,363076000000,-150,true,-1.13
"HAG",133657,"/Date(1704436560000)/",13150,400,28081100,363070000000,-150,true,-1.13
"HAG",133654,"/Date(1704436558000)/",13150,200,28080700,363064000000,-150,true,-1.13
"HAG",133641,"/Date(1704436546000)/",13150,4700,28080500,363062000000,-150,true,-1.13
"HAG",133641,"/Date(1704436546000)/",13150,100,28075800,363000000000,-150,true,-1.13
"HAG",133641,"/Date(1704436546000)/",13150,200,28075700,362999000000,-150,true,-1.13
"HAG",133625,"/Date(1704436530000)/",13150,800,28075500,362996000000,-150,true,-1.13
"HAG",133619,"/Date(1704436523000)/",13150,500,28074700,362986000000,-150,true,-1.13
"HAG",133606,"/Date(1704436510000)/",13150,600,28074200,362979000000,-150,true,-1.13
"HAG",133606,"/Date(1704436510000)/",13150,1400,28073600,362971000000,-150,true,-1.13
"HAG",133603,"/Date(1704436506000)/",13150,1100,28072200,362953000000,-150,true,-1.13
"HAG",133603,"/Date(1704436506000)/",13150,1900,28071100,362938000000,-150,true,-1.13
"HAG",133559,"/Date(1704436504000)/",13200,100000,28069200,362913000000,-100,false,-0.75
"HAG",133553,"/Date(1704436497000)/",13150,3100,27969200,361593000000,-150,true,-1.13
"HAG",133550,"/Date(1704436495000)/",13150,500,27966100,361552000000,-150,true,-1.13
"HAG",133550,"/Date(1704436495000)/",13150,400,27965600,361546000000,-150,true,-1.13
"HAG",133550,"/Date(1704436493000)/",13150,100,27965200,361541000000,-150,true,-1.13
"HAG",133547,"/Date(1704436490000)/",13200,30000,27965100,361539000000,-100,false,-0.75
"HAG",133543,"/Date(1704436488000)/",13200,200,27935100,361143000000,-100,false,-0.75
"HAG",133537,"/Date(1704436481000)/",13200,1000,27934900,361141000000,-100,false,-0.75
"HAG",133534,"/Date(1704436479000)/",13200,47600,27933900,361127000000,-100,false,-0.75
"HAG",133534,"/Date(1704436479000)/",13200,1000,27886300,360499000000,-100,false,-0.75
"HAG",133534,"/Date(1704436479000)/",13200,500,27885300,360486000000,-100,false,-0.75
"HAG",133534,"/Date(1704436479000)/",13200,900,27884800,360479000000,-100,false,-0.75
"HAG",133531,"/Date(1704436475000)/",13200,100,27883900,360467000000,-100,false,-0.75
"HAG",133531,"/Date(1704436475000)/",13200,500,27883800,360466000000,-100,false,-0.75
"HAG",133531,"/Date(1704436475000)/",13200,300,27883300,360460000000,-100,false,-0.75
"HAG",133531,"/Date(1704436474000)/",13200,100,27883000,360456000000,-100,false,-0.75
"HAG",133524,"/Date(1704436468000)/",13200,17800,27882900,360454000000,-100,false,-0.75
"HAG",133524,"/Date(1704436468000)/",13150,400,27865100,360219000000,-150,true,-1.13
"HAG",133524,"/Date(1704436468000)/",13150,1400,27864700,360214000000,-150,true,-1.13
"HAG",133524,"/Date(1704436468000)/",13150,400,27863300,360196000000,-150,true,-1.13
"HAG",133521,"/Date(1704436464000)/",13150,700,27862900,360190000000,-150,false,-1.13
"HAG",133511,"/Date(1704436454000)/",13150,900,27862200,360181000000,-150,false,-1.13
"HAG",133505,"/Date(1704436449000)/",13150,100,27861300,360169000000,-150,true,-1.13
"HAG",133505,"/Date(1704436449000)/",13150,2000,27861200,360168000000,-150,true,-1.13
"HAG",133455,"/Date(1704436441000)/",13200,1800,27859200,360142000000,-100,false,-0.75
"HAG",133455,"/Date(1704436441000)/",13200,20000,27857400,360118000000,-100,false,-0.75
"HAG",133455,"/Date(1704436441000)/",13200,3000,27837400,359854000000,-100,false,-0.75
"HAG",133455,"/Date(1704436441000)/",13200,1000,27834400,359814000000,-100,false,-0.75
"HAG",133455,"/Date(1704436441000)/",13200,300,27833400,359801000000,-100,false,-0.75
"HAG",133455,"/Date(1704436441000)/",13200,100,27833100,359797000000,-100,false,-0.75
"HAG",133455,"/Date(1704436441000)/",13200,1000,27833000,359796000000,-100,false,-0.75
"HAG",133455,"/Date(1704436441000)/",13200,400,27832000,359783000000,-100,false,-0.75
"HAG",133455,"/Date(1704436441000)/",13200,1000,27831600,359777000000,-100,false,-0.75
"HAG",133455,"/Date(1704436441000)/",13200,500,27830600,359764000000,-100,false,-0.75
"HAG",133455,"/Date(1704436441000)/",13200,500,27830100,359758000000,-100,false,-0.75
"HAG",133455,"/Date(1704436441000)/",13200,1200,27829600,359751000000,-100,false,-0.75
"HAG",133455,"/Date(1704436441000)/",13200,25000,27828400,359735000000,-100,false,-0.75
"HAG",133455,"/Date(1704436441000)/",13200,10000,27803400,359405000000,-100,false,-0.75
"HAG",133455,"/Date(1704436441000)/",13200,15000,27793400,359273000000,-100,false,-0.75
"HAG",133455,"/Date(1704436441000)/",13200,2000,27778400,359075000000,-100,false,-0.75
"HAG",133455,"/Date(1704436441000)/",13200,14000,27776400,359049000000,-100,false,-0.75
"HAG",133455,"/Date(1704436441000)/",13200,600,27762400,358864000000,-100,false,-0.75
"HAG",133455,"/Date(1704436441000)/",13200,100,27761800,358856000000,-100,false,-0.75
"HAG",133455,"/Date(1704436441000)/",13200,100,27761700,358855000000,-100,false,-0.75
"HAG",133455,"/Date(1704436441000)/",13200,1000,27761600,358853000000,-100,false,-0.75
"HAG",133455,"/Date(1704436441000)/",13200,300,27760600,358840000000,-100,false,-0.75
"HAG",133455,"/Date(1704436441000)/",13200,100,27760300,358836000000,-100,false,-0.75
"HAG",133455,"/Date(1704436441000)/",13200,200,27760200,358835000000,-100,false,-0.75
"HAG",133455,"/Date(1704436441000)/",13200,2000,27760000,358832000000,-100,false,-0.75
"HAG",133455,"/Date(1704436441000)/",13200,1200,27758000,358806000000,-100,false,-0.75
"HAG",133455,"/Date(1704436441000)/",13200,100,27756800,358790000000,-100,false,-0.75
"HAG",133455,"/Date(1704436441000)/",13200,200,27756700,358789000000,-100,false,-0.75
"HAG",133455,"/Date(1704436441000)/",13200,2500,27756500,358786000000,-100,false,-0.75
"HAG",133455,"/Date(1704436441000)/",13200,1500,27754000,358753000000,-100,false,-0.75
"HAG",133455,"/Date(1704436441000)/",13200,11900,27752500,358733000000,-100,false,-0.75
"HAG",133455,"/Date(1704436441000)/",13200,500,27740600,358576000000,-100,false,-0.75
"HAG",133455,"/Date(1704436441000)/",13200,8300,27740100,358570000000,-100,false,-0.75
"HAG",133455,"/Date(1704436441000)/",13200,100000,27731800,358460000000,-100,false,-0.75
"HAG",133455,"/Date(1704436441000)/",13200,50100,27631800,357140000000,-100,false,-0.75
"HAG",133455,"/Date(1704436441000)/",13150,1000,27581700,356479000000,-150,false,-1.13
"HAG",133455,"/Date(1704436441000)/",13150,20000,27580700,356466000000,-150,false,-1.13
"HAG",133455,"/Date(1704436441000)/",13150,100,27560700,356203000000,-150,false,-1.13
"HAG",133455,"/Date(1704436441000)/",13150,1400,27560600,356201000000,-150,false,-1.13
"HAG",133442,"/Date(1704436425000)/",13150,600,27559200,356183000000,-150,false,-1.13
"HAG",133430,"/Date(1704436412000)/",13150,1000,27558600,356175000000,-150,false,-1.13
"HAG",133430,"/Date(1704436412000)/",13150,100,27557600,356162000000,-150,false,-1.13
"HAG",133430,"/Date(1704436412000)/",13150,1000,27557500,356161000000,-150,false,-1.13
"HAG",133430,"/Date(1704436412000)/",13150,500,27556500,356147000000,-150,false,-1.13
"HAG",133430,"/Date(1704436412000)/",13150,400,27556000,356141000000,-150,false,-1.13
"HAG",133430,"/Date(1704436412000)/",13150,1000,27555600,356136000000,-150,false,-1.13
"HAG",133430,"/Date(1704436412000)/",13150,7900,27554600,356122000000,-150,false,-1.13
"HAG",133430,"/Date(1704436412000)/",13150,400,27546700,356018000000,-150,false,-1.13
"HAG",133430,"/Date(1704436412000)/",13150,2000,27546300,356013000000,-150,false,-1.13
"HAG",133430,"/Date(1704436412000)/",13150,3000,27544300,355987000000,-150,false,-1.13
"HAG",133430,"/Date(1704436412000)/",13150,500,27541300,355947000000,-150,false,-1.13
"HAG",133430,"/Date(1704436412000)/",13150,1000,27540800,355941000000,-150,false,-1.13
"HAG",133430,"/Date(1704436412000)/",13150,3000,27539800,355928000000,-150,false,-1.13
"HAG",133430,"/Date(1704436412000)/",13150,2000,27536800,355888000000,-150,false,-1.13
"HAG",133430,"/Date(1704436412000)/",13150,1000,27534800,355862000000,-150,false,-1.13
"HAG",133430,"/Date(1704436412000)/",13150,100,27533800,355849000000,-150,false,-1.13
"HAG",133430,"/Date(1704436412000)/",13150,20000,27533700,355848000000,-150,false,-1.13
"HAG",133430,"/Date(1704436412000)/",13150,5000,27513700,355585000000,-150,false,-1.13
"HAG",133430,"/Date(1704436412000)/",13150,11000,27508700,355519000000,-150,false,-1.13
"HAG",133430,"/Date(1704436412000)/",13150,1000,27497700,355374000000,-150,false,-1.13
"HAG",133430,"/Date(1704436412000)/",13150,4000,27496700,355361000000,-150,false,-1.13
"HAG",133430,"/Date(1704436412000)/",13150,5000,27492700,355308000000,-150,false,-1.13
"HAG",133430,"/Date(1704436412000)/",13150,1000,27487700,355243000000,-150,false,-1.13
"HAG",133430,"/Date(1704436412000)/",13150,400,27486700,355229000000,-150,false,-1.13
"HAG",133430,"/Date(1704436412000)/",13150,1000,27486300,355224000000,-150,false,-1.13
"HAG",133430,"/Date(1704436412000)/",13150,12000,27485300,355211000000,-150,false,-1.13
"HAG",133430,"/Date(1704436412000)/",13150,10000,27473300,355053000000,-150,false,-1.13
"HAG",133430,"/Date(1704436412000)/",13150,2000,27463300,354922000000,-150,false,-1.13
"HAG",133426,"/Date(1704436412000)/",13150,200,27461300,354895000000,-150,false,-1.13
"HAG",133426,"/Date(1704436412000)/",13150,1900,27461100,354893000000,-150,false,-1.13
"HAG",133338,"/Date(1704436364000)/",13150,8100,27459200,354868000000,-150,false,-1.13
"HAG",133338,"/Date(1704436364000)/",13150,500,27451100,354761000000,-150,false,-1.13
"HAG",133338,"/Date(1704436364000)/",13150,8800,27450600,354755000000,-150,false,-1.13
"HAG",133338,"/Date(1704436364000)/",13100,200,27441800,354639000000,-200,false,-1.5
"HAG",133338,"/Date(1704436364000)/",13100,2400,27441600,354636000000,-200,false,-1.5
"HAG",133335,"/Date(1704436358000)/",13100,100,27439200,354605000000,-200,false,-1.5
"HAG",133329,"/Date(1704436353000)/",13100,100,27439100,354604000000,-200,true,-1.5
"HAG",133329,"/Date(1704436353000)/",13100,100,27439000,354602000000,-200,true,-1.5
"HAG",133326,"/Date(1704436349000)/",13100,900,27438900,354601000000,-200,true,-1.5
"HAG",133326,"/Date(1704436349000)/",13100,100,27438000,354589000000,-200,true,-1.5
"HAG",133300,"/Date(1704436325000)/",13150,1200,27437900,354588000000,-150,false,-1.13
"HAG",133300,"/Date(1704436325000)/",13150,300,27436700,354572000000,-150,false,-1.13
"HAG",133300,"/Date(1704436325000)/",13150,100,27436400,354568000000,-150,false,-1.13
"HAG",133300,"/Date(1704436325000)/",13150,2000,27436300,354567000000,-150,false,-1.13
"HAG",133300,"/Date(1704436325000)/",13150,200,27434300,354541000000,-150,false,-1.13
"HAG",133300,"/Date(1704436325000)/",13150,100,27434100,354538000000,-150,false,-1.13
"HAG",133300,"/Date(1704436325000)/",13150,1100,27434000,354537000000,-150,false,-1.13
"HAG",133250,"/Date(1704436316000)/",13150,4500,27432900,354522000000,-150,false,-1.13
"HAG",133250,"/Date(1704436316000)/",13100,500,27428400,354463000000,-200,false,-1.5
"HAG",133234,"/Date(1704436299000)/",13150,1700,27427900,354456000000,-150,false,-1.13
"HAG",133228,"/Date(1704436293000)/",13150,2700,27426200,354434000000,-150,false,-1.13
"HAG",133228,"/Date(1704436293000)/",13150,1000,27423500,354399000000,-150,false,-1.13
"HAG",133228,"/Date(1704436293000)/",13150,1000,27422500,354385000000,-150,false,-1.13
"HAG",133228,"/Date(1704436293000)/",13150,100,27421500,354372000000,-150,false,-1.13
"HAG",133228,"/Date(1704436293000)/",13150,500,27421400,354371000000,-150,false,-1.13
"HAG",133228,"/Date(1704436293000)/",13150,1300,27420900,354364000000,-150,false,-1.13
"HAG",133228,"/Date(1704436293000)/",13150,1000,27419600,354347000000,-150,false,-1.13
"HAG",133228,"/Date(1704436293000)/",13150,100,27418600,354334000000,-150,false,-1.13
"HAG",133228,"/Date(1704436293000)/",13150,400,27418500,354333000000,-150,false,-1.13
"HAG",133228,"/Date(1704436293000)/",13150,1200,27418100,354328000000,-150,false,-1.13
"HAG",133228,"/Date(1704436293000)/",13100,1000,27416900,354312000000,-200,false,-1.5
"HAG",133228,"/Date(1704436293000)/",13100,1000,27415900,354299000000,-200,false,-1.5
"HAG",133225,"/Date(1704436290000)/",13100,100,27414900,354286000000,-200,false,-1.5
"HAG",133225,"/Date(1704436288000)/",13100,1000,27414800,354284000000,-200,false,-1.5
"HAG",133225,"/Date(1704436288000)/",13100,1000,27413800,354271000000,-200,false,-1.5
"HAG",133225,"/Date(1704436288000)/",13100,2300,27412800,354258000000,-200,false,-1.5
"HAG",133225,"/Date(1704436288000)/",13100,4600,27410500,354228000000,-200,false,-1.5
"HAG",133212,"/Date(1704436276000)/",13100,1900,27405900,354168000000,-200,true,-1.5
"HAG",133212,"/Date(1704436276000)/",13100,1000,27404000,354143000000,-200,true,-1.5
"HAG",133212,"/Date(1704436276000)/",13100,1000,27403000,354130000000,-200,true,-1.5
"HAG",133212,"/Date(1704436276000)/",13100,300,27402000,354117000000,-200,true,-1.5
"HAG",133212,"/Date(1704436276000)/",13100,1000,27401700,354113000000,-200,true,-1.5
"HAG",133212,"/Date(1704436276000)/",13100,200,27400700,354100000000,-200,true,-1.5
"HAG",133212,"/Date(1704436276000)/",13100,700,27400500,354097000000,-200,true,-1.5
"HAG",133212,"/Date(1704436276000)/",13100,600,27399800,354088000000,-200,true,-1.5
"HAG",133212,"/Date(1704436276000)/",13100,1000,27399200,354080000000,-200,true,-1.5
"HAG",133212,"/Date(1704436276000)/",13100,100,27398200,354067000000,-200,true,-1.5
"HAG",133212,"/Date(1704436276000)/",13100,600,27398100,354066000000,-200,true,-1.5
"HAG",133212,"/Date(1704436276000)/",13100,1000,27397500,354058000000,-200,true,-1.5
"HAG",133212,"/Date(1704436276000)/",13100,5000,27396500,354045000000,-200,true,-1.5
"HAG",133212,"/Date(1704436276000)/",13100,1000,27391500,353979000000,-200,true,-1.5
"HAG",133212,"/Date(1704436276000)/",13100,1000,27390500,353966000000,-200,true,-1.5
"HAG",133212,"/Date(1704436276000)/",13100,100,27389500,353953000000,-200,true,-1.5
"HAG",133212,"/Date(1704436276000)/",13100,13500,27389400,353952000000,-200,true,-1.5
"HAG",133212,"/Date(1704436275000)/",13100,1000,27375900,353775000000,-200,true,-1.5
"HAG",133202,"/Date(1704436268000)/",13150,15000,27374900,353762000000,-150,false,-1.13
"HAG",133202,"/Date(1704436267000)/",13100,3000,27359900,353564000000,-200,true,-1.5
"HAG",133156,"/Date(1704436261000)/",13150,2000,27356900,353525000000,-150,false,-1.13
"HAG",133153,"/Date(1704436256000)/",13100,1000,27354900,353499000000,-200,true,-1.5
"HAG",133149,"/Date(1704436253000)/",13150,1000,27353900,353486000000,-150,false,-1.13
"HAG",133146,"/Date(1704436252000)/",13100,3700,27352900,353473000000,-200,true,-1.5
"HAG",133146,"/Date(1704436250000)/",13150,12000,27349200,353424000000,-150,false,-1.13
"HAG",133146,"/Date(1704436250000)/",13100,100,27337200,353266000000,-200,true,-1.5
"HAG",133140,"/Date(1704436245000)/",13100,100,27337100,353265000000,-200,true,-1.5
"HAG",133133,"/Date(1704436237000)/",13150,5000,27337000,353264000000,-150,false,-1.13
"HAG",133124,"/Date(1704436227000)/",13100,10000,27332000,353198000000,-200,true,-1.5
"HAG",133121,"/Date(1704436225000)/",13100,100,27322000,353067000000,-200,true,-1.5
"HAG",133117,"/Date(1704436221000)/",13100,1000,27321900,353066000000,-200,true,-1.5
"HAG",133114,"/Date(1704436221000)/",13150,20000,27320900,353052000000,-150,false,-1.13
"HAG",133105,"/Date(1704436210000)/",13100,1500,27300900,352789000000,-200,true,-1.5
"HAG",133105,"/Date(1704436210000)/",13100,1000,27299400,352770000000,-200,true,-1.5
"HAG",133058,"/Date(1704436202000)/",13100,500,27298400,352757000000,-200,true,-1.5
"HAG",133055,"/Date(1704436201000)/",13150,30000,27297900,352750000000,-150,false,-1.13
"HAG",133042,"/Date(1704436186000)/",13100,200,27267900,352356000000,-200,true,-1.5
"HAG",133042,"/Date(1704436186000)/",13150,13800,27267700,352353000000,-150,false,-1.13
"HAG",133042,"/Date(1704436186000)/",13150,2000,27253900,352172000000,-150,false,-1.13
"HAG",133042,"/Date(1704436186000)/",13150,100,27251900,352145000000,-150,false,-1.13
"HAG",133042,"/Date(1704436186000)/",13150,4100,27251800,352144000000,-150,false,-1.13
"HAG",133023,"/Date(1704436169000)/",13150,15000,27247700,352090000000,-150,false,-1.13
"HAG",133016,"/Date(1704436160000)/",13100,300,27232700,351893000000,-200,true,-1.5
"HAG",133016,"/Date(1704436160000)/",13100,500,27232400,351889000000,-200,true,-1.5
"HAG",133010,"/Date(1704436155000)/",13150,10900,27231900,351882000000,-150,false,-1.13
"HAG",133010,"/Date(1704436155000)/",13150,1200,27221000,351739000000,-150,false,-1.13
"HAG",133010,"/Date(1704436155000)/",13150,100,27219800,351723000000,-150,false,-1.13
"HAG",133010,"/Date(1704436155000)/",13150,2000,27219700,351722000000,-150,false,-1.13
"HAG",133010,"/Date(1704436155000)/",13150,100,27217700,351696000000,-150,false,-1.13
"HAG",133010,"/Date(1704436155000)/",13150,4000,27217600,351694000000,-150,false,-1.13
"HAG",133010,"/Date(1704436155000)/",13150,300,27213600,351642000000,-150,false,-1.13
"HAG",133010,"/Date(1704436155000)/",13150,100,27213300,351638000000,-150,false,-1.13
"HAG",133010,"/Date(1704436155000)/",13150,1000,27213200,351636000000,-150,false,-1.13
"HAG",133010,"/Date(1704436155000)/",13150,300,27212200,351623000000,-150,false,-1.13
"HAG",133007,"/Date(1704436153000)/",13100,200,27211900,351619000000,-200,true,-1.5
"HAG",132957,"/Date(1704436143000)/",13100,100,27211700,351617000000,-200,true,-1.5
"HAG",132954,"/Date(1704436140000)/",13150,200,27211600,351615000000,-150,false,-1.13
"HAG",132954,"/Date(1704436140000)/",13150,500,27211400,351613000000,-150,false,-1.13
"HAG",132954,"/Date(1704436140000)/",13150,10000,27210900,351606000000,-150,false,-1.13
"HAG",132954,"/Date(1704436140000)/",13150,200,27200900,351475000000,-150,false,-1.13
"HAG",132954,"/Date(1704436140000)/",13150,500,27200700,351472000000,-150,false,-1.13
"HAG",132954,"/Date(1704436140000)/",13150,100,27200200,351466000000,-150,false,-1.13
"HAG",132954,"/Date(1704436140000)/",13150,100,27200100,351464000000,-150,false,-1.13
"HAG",132954,"/Date(1704436140000)/",13150,300,27200000,351463000000,-150,false,-1.13
"HAG",132954,"/Date(1704436140000)/",13150,2000,27199700,351459000000,-150,false,-1.13
"HAG",132954,"/Date(1704436140000)/",13100,3600,27197700,351433000000,-200,false,-1.5
"HAG",132954,"/Date(1704436140000)/",13100,2500,27194100,351385000000,-200,false,-1.5
"HAG",132954,"/Date(1704436138000)/",13100,400,27191600,351353000000,-200,false,-1.5
"HAG",132954,"/Date(1704436138000)/",13100,300,27191200,351347000000,-200,false,-1.5
"HAG",132954,"/Date(1704436138000)/",13100,100,27190900,351344000000,-200,false,-1.5
"HAG",132954,"/Date(1704436138000)/",13100,200,27190800,351342000000,-200,false,-1.5
"HAG",132941,"/Date(1704436127000)/",13100,100,27190600,351340000000,-200,false,-1.5
"HAG",132935,"/Date(1704436121000)/",13100,100,27190500,351338000000,-200,false,-1.5
"HAG",132932,"/Date(1704436116000)/",13050,5000,27190400,351337000000,-250,true,-1.88
"HAG",132916,"/Date(1704436099000)/",13100,100,27185400,351272000000,-200,false,-1.5
"HAG",132912,"/Date(1704436097000)/",13100,500,27185300,351270000000,-200,false,-1.5
"HAG",132912,"/Date(1704436097000)/",13100,1000,27184800,351264000000,-200,false,-1.5
"HAG",132912,"/Date(1704436097000)/",13100,200,27183800,351251000000,-200,false,-1.5
"HAG",132912,"/Date(1704436097000)/",13100,600,27183600,351248000000,-200,false,-1.5
"HAG",132912,"/Date(1704436097000)/",13100,2000,27183000,351240000000,-200,false,-1.5
"HAG",132912,"/Date(1704436097000)/",13100,1000,27181000,351214000000,-200,false,-1.5
"HAG",132912,"/Date(1704436097000)/",13100,200,27180000,351201000000,-200,false,-1.5
"HAG",132909,"/Date(1704436096000)/",13100,800,27179800,351198000000,-200,false,-1.5
"HAG",132909,"/Date(1704436096000)/",13100,200,27179000,351188000000,-200,false,-1.5
"HAG",132909,"/Date(1704436096000)/",13100,2000,27178800,351185000000,-200,false,-1.5
"HAG",132909,"/Date(1704436096000)/",13100,300,27176800,351159000000,-200,false,-1.5
"HAG",132909,"/Date(1704436096000)/",13100,600,27176500,351155000000,-200,false,-1.5
"HAG",132909,"/Date(1704436096000)/",13100,2000,27175900,351147000000,-200,false,-1.5
"HAG",132909,"/Date(1704436096000)/",13100,4100,27173900,351121000000,-200,false,-1.5
"HAG",132906,"/Date(1704436092000)/",13100,700,27169800,351067000000,-200,false,-1.5
"HAG",132906,"/Date(1704436090000)/",13100,1600,27169100,351058000000,-200,false,-1.5
"HAG",132906,"/Date(1704436090000)/",13100,100,27167500,351037000000,-200,false,-1.5
"HAG",132856,"/Date(1704436080000)/",13100,100,27167400,351036000000,-200,false,-1.5
"HAG",132850,"/Date(1704436074000)/",13100,1000,27167300,351035000000,-200,false,-1.5
"HAG",132846,"/Date(1704436071000)/",13100,100,27166300,351022000000,-200,false,-1.5
"HAG",132846,"/Date(1704436071000)/",13100,5000,27166200,351020000000,-200,false,-1.5
"HAG",132846,"/Date(1704436071000)/",13100,5000,27161200,350955000000,-200,false,-1.5
"HAG",132837,"/Date(1704436061000)/",13100,100,27156200,350889000000,-200,false,-1.5
"HAG",132834,"/Date(1704436060000)/",13100,500,27156100,350888000000,-200,false,-1.5
"HAG",132827,"/Date(1704436052000)/",13100,400,27155600,350881000000,-200,false,-1.5
"HAG",132827,"/Date(1704436052000)/",13100,5000,27155200,350876000000,-200,false,-1.5
"HAG",132827,"/Date(1704436052000)/",13100,500,27150200,350811000000,-200,false,-1.5
"HAG",132824,"/Date(1704436048000)/",13050,800,27149700,350804000000,-250,true,-1.88
"HAG",132818,"/Date(1704436044000)/",13100,1000,27148900,350794000000,-200,false,-1.5
"HAG",132818,"/Date(1704436042000)/",13100,8500,27147900,350781000000,-200,false,-1.5
"HAG",132818,"/Date(1704436042000)/",13100,2200,27139400,350669000000,-200,false,-1.5
"HAG",132818,"/Date(1704436042000)/",13100,5000,27137200,350640000000,-200,false,-1.5
"HAG",132818,"/Date(1704436042000)/",13100,2000,27132200,350575000000,-200,false,-1.5
"HAG",132818,"/Date(1704436042000)/",13100,1000,27130200,350549000000,-200,false,-1.5
"HAG",132818,"/Date(1704436042000)/",13100,2000,27129200,350536000000,-200,false,-1.5
"HAG",132818,"/Date(1704436042000)/",13100,100,27127200,350509000000,-200,false,-1.5
"HAG",132818,"/Date(1704436042000)/",13100,200,27127100,350508000000,-200,false,-1.5
"HAG",132818,"/Date(1704436042000)/",13100,1000,27126900,350505000000,-200,false,-1.5
"HAG",132818,"/Date(1704436042000)/",13100,100,27125900,350492000000,-200,false,-1.5
"HAG",132818,"/Date(1704436042000)/",13100,100,27125800,350491000000,-200,false,-1.5
"HAG",132818,"/Date(1704436042000)/",13100,1000,27125700,350490000000,-200,false,-1.5
"HAG",132818,"/Date(1704436042000)/",13100,900,27124700,350477000000,-200,false,-1.5
"HAG",132818,"/Date(1704436042000)/",13100,400,27123800,350465000000,-200,false,-1.5
"HAG",132818,"/Date(1704436042000)/",13100,2000,27123400,350460000000,-200,false,-1.5
"HAG",132818,"/Date(1704436042000)/",13100,100,27121400,350433000000,-200,false,-1.5
"HAG",132818,"/Date(1704436042000)/",13100,100,27121300,350432000000,-200,false,-1.5
"HAG",132818,"/Date(1704436042000)/",13100,500,27121200,350431000000,-200,false,-1.5
"HAG",132818,"/Date(1704436042000)/",13100,2000,27120700,350424000000,-200,false,-1.5
"HAG",132818,"/Date(1704436042000)/",13100,2700,27118700,350398000000,-200,false,-1.5
"HAG",132818,"/Date(1704436042000)/",13100,3100,27116000,350363000000,-200,false,-1.5
"HAG",132808,"/Date(1704436032000)/",13100,4300,27112900,350322000000,-200,false,-1.5
"HAG",132755,"/Date(1704436021000)/",13100,300,27108600,350266000000,-200,false,-1.5
"HAG",132742,"/Date(1704436008000)/",13100,30000,27108300,350262000000,-200,false,-1.5
"HAG",132739,"/Date(1704436003000)/",13100,300,27078300,349869000000,-200,false,-1.5
"HAG",132739,"/Date(1704436003000)/",13100,1000,27078000,349865000000,-200,false,-1.5
"HAG",132739,"/Date(1704436003000)/",13100,900,27077000,349852000000,-200,false,-1.5
"HAG",132739,"/Date(1704436003000)/",13100,2000,27076100,349840000000,-200,false,-1.5
"HAG",132739,"/Date(1704436003000)/",13100,600,27074100,349814000000,-200,false,-1.5
"HAG",132736,"/Date(1704436000000)/",13100,300,27073500,349806000000,-200,false,-1.5
"HAG",132710,"/Date(1704435975000)/",13100,1800,27073200,349802000000,-200,false,-1.5
"HAG",132707,"/Date(1704435974000)/",13100,7300,27071400,349778000000,-200,false,-1.5
"HAG",132707,"/Date(1704435974000)/",13100,22700,27064100,349683000000,-200,false,-1.5
"HAG",132657,"/Date(1704435963000)/",13100,200,27041400,349385000000,-200,false,-1.5
"HAG",132651,"/Date(1704435957000)/",13100,500,27041200,349383000000,-200,false,-1.5
"HAG",132648,"/Date(1704435953000)/",13100,2600,27040700,349376000000,-200,false,-1.5
"HAG",132648,"/Date(1704435953000)/",13100,5000,27038100,349342000000,-200,false,-1.5
"HAG",132648,"/Date(1704435953000)/",13100,500,27033100,349277000000,-200,false,-1.5
"HAG",132648,"/Date(1704435953000)/",13100,10000,27032600,349270000000,-200,false,-1.5
"HAG",132648,"/Date(1704435953000)/",13100,1900,27022600,349139000000,-200,false,-1.5
"HAG",132641,"/Date(1704435948000)/",13100,400,27020700,349114000000,-200,false,-1.5
"HAG",132641,"/Date(1704435947000)/",13050,4900,27020300,349109000000,-250,true,-1.88
"HAG",132622,"/Date(1704435927000)/",13100,2700,27015400,349045000000,-200,false,-1.5
"HAG",132622,"/Date(1704435927000)/",13100,5000,27012700,349010000000,-200,false,-1.5
"HAG",132622,"/Date(1704435927000)/",13100,1200,27007700,348944000000,-200,false,-1.5
"HAG",132622,"/Date(1704435927000)/",13100,300,27006500,348928000000,-200,false,-1.5
"HAG",132622,"/Date(1704435927000)/",13100,500,27006200,348925000000,-200,false,-1.5
"HAG",132622,"/Date(1704435927000)/",13100,1000,27005700,348918000000,-200,false,-1.5
"HAG",132622,"/Date(1704435927000)/",13100,1000,27004700,348905000000,-200,false,-1.5
"HAG",132622,"/Date(1704435927000)/",13100,23300,27003700,348892000000,-200,false,-1.5
"HAG",132616,"/Date(1704435922000)/",13050,100,26980400,348587000000,-250,true,-1.88
"HAG",132616,"/Date(1704435919000)/",13050,10000,26980300,348585000000,-250,true,-1.88
"HAG",132609,"/Date(1704435916000)/",13050,10000,26970300,348455000000,-250,true,-1.88
"HAG",132600,"/Date(1704435907000)/",13050,300,26960300,348324000000,-250,true,-1.88
"HAG",132600,"/Date(1704435906000)/",13100,5000,26960000,348320000000,-200,false,-1.5
"HAG",132553,"/Date(1704435899000)/",13100,15000,26955000,348255000000,-200,false,-1.5
"HAG",132550,"/Date(1704435897000)/",13100,1000,26940000,348058000000,-200,false,-1.5
"HAG",132550,"/Date(1704435896000)/",13100,600,26939000,348045000000,-200,false,-1.5
"HAG",132550,"/Date(1704435895000)/",13100,5000,26938400,348037000000,-200,false,-1.5
"HAG",132540,"/Date(1704435887000)/",13100,5000,26933400,347972000000,-200,false,-1.5
"HAG",132540,"/Date(1704435886000)/",13100,30000,26928400,347906000000,-200,false,-1.5
"HAG",132531,"/Date(1704435876000)/",13100,1000,26898400,347513000000,-200,false,-1.5
"HAG",132531,"/Date(1704435875000)/",13100,9000,26897400,347500000000,-200,false,-1.5
"HAG",132531,"/Date(1704435875000)/",13100,10000,26888400,347382000000,-200,false,-1.5
"HAG",132531,"/Date(1704435875000)/",13100,100,26878400,347251000000,-200,false,-1.5
"HAG",132531,"/Date(1704435875000)/",13100,900,26878300,347250000000,-200,false,-1.5
"HAG",132518,"/Date(1704435863000)/",13100,1100,26877400,347238000000,-200,false,-1.5
"HAG",132518,"/Date(1704435863000)/",13100,1000,26876300,347224000000,-200,false,-1.5
"HAG",132518,"/Date(1704435863000)/",13100,200,26875300,347211000000,-200,false,-1.5
"HAG",132518,"/Date(1704435863000)/",13100,200,26875100,347208000000,-200,false,-1.5
"HAG",132502,"/Date(1704435847000)/",13100,3000,26874900,347206000000,-200,false,-1.5
"HAG",132459,"/Date(1704435844000)/",13050,500,26871900,347166000000,-250,false,-1.88
"HAG",132459,"/Date(1704435844000)/",13050,1000,26871400,347160000000,-250,false,-1.88
"HAG",132459,"/Date(1704435844000)/",13050,3900,26870400,347147000000,-250,false,-1.88
"HAG",132459,"/Date(1704435844000)/",13050,500,26866500,347096000000,-250,false,-1.88
"HAG",132459,"/Date(1704435844000)/",13050,2700,26866000,347089000000,-250,false,-1.88
"HAG",132459,"/Date(1704435844000)/",13050,400,26863300,347054000000,-250,false,-1.88
"HAG",132459,"/Date(1704435844000)/",13050,100,26862900,347049000000,-250,false,-1.88
"HAG",132459,"/Date(1704435844000)/",13050,1000,26862800,347047000000,-250,false,-1.88
"HAG",132459,"/Date(1704435844000)/",13050,13500,26861800,347034000000,-250,false,-1.88
"HAG",132459,"/Date(1704435844000)/",13050,100,26848300,346858000000,-250,false,-1.88
"HAG",132459,"/Date(1704435844000)/",13050,10000,26848200,346857000000,-250,false,-1.88
"HAG",132459,"/Date(1704435844000)/",13050,100,26838200,346726000000,-250,false,-1.88
"HAG",132459,"/Date(1704435844000)/",13050,3600,26838100,346725000000,-250,false,-1.88
"HAG",132456,"/Date(1704435841000)/",13050,46400,26834500,346678000000,-250,false,-1.88
"HAG",132456,"/Date(1704435841000)/",13050,5000,26788100,346073000000,-250,false,-1.88
"HAG",132456,"/Date(1704435841000)/",13050,5000,26783100,346007000000,-250,false,-1.88
"HAG",132456,"/Date(1704435841000)/",13050,1000,26778100,345942000000,-250,false,-1.88
"HAG",132456,"/Date(1704435841000)/",13050,100,26777100,345929000000,-250,false,-1.88
"HAG",132456,"/Date(1704435841000)/",13050,400,26777000,345928000000,-250,false,-1.88
"HAG",132456,"/Date(1704435841000)/",13050,500,26776600,345923000000,-250,false,-1.88
"HAG",132456,"/Date(1704435841000)/",13050,200,26776100,345916000000,-250,false,-1.88
