"Stockcode","Package","TradingDate","Price","Vol","TotalVol","TotalVal","Change","IsBuy","PerChange"
"HNG",144609,"/Date(1704440700000)/",5330,564400,16804200,86849000000,170,false,3.29
"HNG",143100,"/Date(1704439797000)/",5310,1000,16239800,83844000000,150,false,2.91
"HNG",143100,"/Date(1704439797000)/",5310,100,16238800,83838000000,150,false,2.91
"HNG",143100,"/Date(1704439797000)/",5310,100,16238700,83838000000,150,false,2.91
"HNG",143100,"/Date(1704439797000)/",5310,2400,16238600,83837000000,150,false,2.91
"HNG",143100,"/Date(1704439796000)/",5310,8600,16236200,83825000000,150,false,2.91
"HNG",143100,"/Date(1704439796000)/",5310,1000,16227600,83779000000,150,false,2.91
"HNG",143100,"/Date(1704439796000)/",5310,2400,16226600,83774000000,150,false,2.91
"HNG",143100,"/Date(1704439795000)/",5310,1700,16224200,83761000000,150,false,2.91
"HNG",143057,"/Date(1704439794000)/",5310,5900,16222500,83752000000,150,true,2.91
"HNG",143057,"/Date(1704439794000)/",5310,100,16216600,83720000000,150,true,2.91
"HNG",143057,"/Date(1704439794000)/",5310,4000,16216500,83720000000,150,true,2.91
"HNG",143050,"/Date(1704439786000)/",5310,10500,16212500,83699000000,150,true,2.91
"HNG",143047,"/Date(1704439784000)/",5310,3000,16202000,83643000000,150,true,2.91
"HNG",143047,"/Date(1704439783000)/",5310,300,16199000,83627000000,150,true,2.91
"HNG",143044,"/Date(1704439781000)/",5310,200,16198700,83625000000,150,true,2.91
"HNG",143044,"/Date(1704439780000)/",5310,2000,16198500,83624000000,150,true,2.91
"HNG",143044,"/Date(1704439780000)/",5310,3000,16196500,83614000000,150,true,2.91
"HNG",143031,"/Date(1704439768000)/",5320,900,16193500,83598000000,160,false,3.1
"HNG",143031,"/Date(1704439767000)/",5320,100,16192600,83593000000,160,false,3.1
"HNG",143031,"/Date(1704439767000)/",5320,100,16192500,83592000000,160,false,3.1
"HNG",143031,"/Date(1704439767000)/",5320,500,16192400,83592000000,160,false,3.1
"HNG",143028,"/Date(1704439764000)/",5320,100,16191900,83589000000,160,false,3.1
"HNG",143025,"/Date(1704439762000)/",5320,800,16191800,83589000000,160,false,3.1
"HNG",143018,"/Date(1704439756000)/",5320,1000,16191000,83584000000,160,false,3.1
"HNG",143018,"/Date(1704439755000)/",5320,2000,16190000,83579000000,160,false,3.1
"HNG",143012,"/Date(1704439747000)/",5330,200,16188000,83569000000,170,false,3.29
"HNG",143012,"/Date(1704439747000)/",5330,500,16187800,83567000000,170,false,3.29
"HNG",143012,"/Date(1704439747000)/",5330,400,16187300,83565000000,170,false,3.29
"HNG",143012,"/Date(1704439747000)/",5330,100,16186900,83563000000,170,false,3.29
"HNG",143012,"/Date(1704439747000)/",5320,800,16186800,83562000000,160,true,3.1
"HNG",143012,"/Date(1704439747000)/",5320,500,16186000,83558000000,160,true,3.1
"HNG",143012,"/Date(1704439747000)/",5320,500,16185500,83555000000,160,true,3.1
"HNG",143012,"/Date(1704439747000)/",5320,500,16185000,83553000000,160,true,3.1
"HNG",143012,"/Date(1704439747000)/",5320,1300,16184500,83550000000,160,true,3.1
"HNG",143012,"/Date(1704439747000)/",5320,500,16183200,83543000000,160,true,3.1
"HNG",143002,"/Date(1704439739000)/",5330,300,16182700,83540000000,170,false,3.29
"HNG",143002,"/Date(1704439737000)/",5330,1600,16182400,83539000000,170,false,3.29
"HNG",143002,"/Date(1704439737000)/",5330,100,16180800,83530000000,170,false,3.29
"HNG",143002,"/Date(1704439737000)/",5330,700,16180700,83530000000,170,false,3.29
"HNG",142953,"/Date(1704439728000)/",5330,1000,16180000,83526000000,170,false,3.29
"HNG",142950,"/Date(1704439727000)/",5330,300,16179000,83521000000,170,false,3.29
"HNG",142950,"/Date(1704439727000)/",5330,9700,16178700,83519000000,170,false,3.29
"HNG",142950,"/Date(1704439725000)/",5330,600,16169000,83467000000,170,false,3.29
"HNG",142946,"/Date(1704439723000)/",5330,1000,16168400,83464000000,170,false,3.29
"HNG",142940,"/Date(1704439716000)/",5330,5000,16167400,83459000000,170,false,3.29
"HNG",142937,"/Date(1704439713000)/",5330,300,16162400,83432000000,170,false,3.29
"HNG",142927,"/Date(1704439702000)/",5330,400,16162100,83431000000,170,false,3.29
"HNG",142914,"/Date(1704439692000)/",5330,2000,16161700,83428000000,170,false,3.29
"HNG",142911,"/Date(1704439688000)/",5300,6500,16159700,83418000000,140,true,2.71
"HNG",142911,"/Date(1704439688000)/",5300,10000,16153200,83383000000,140,true,2.71
"HNG",142911,"/Date(1704439688000)/",5300,200,16143200,83330000000,140,true,2.71
"HNG",142911,"/Date(1704439688000)/",5300,1900,16143000,83329000000,140,true,2.71
"HNG",142911,"/Date(1704439688000)/",5310,500,16141100,83319000000,150,true,2.91
"HNG",142911,"/Date(1704439688000)/",5310,900,16140600,83317000000,150,true,2.91
"HNG",142911,"/Date(1704439688000)/",5310,100,16139700,83312000000,150,true,2.91
"HNG",142911,"/Date(1704439688000)/",5330,2000,16139600,83311000000,170,true,3.29
"HNG",142911,"/Date(1704439688000)/",5330,5000,16137600,83301000000,170,true,3.29
"HNG",142911,"/Date(1704439688000)/",5330,22900,16132600,83274000000,170,true,3.29
"HNG",142911,"/Date(1704439686000)/",5330,8000,16109700,83152000000,170,true,3.29
"HNG",142908,"/Date(1704439685000)/",5330,500,16101700,83109000000,170,true,3.29
"HNG",142905,"/Date(1704439682000)/",5330,7000,16101200,83107000000,170,true,3.29
"HNG",142858,"/Date(1704439675000)/",5350,29100,16094200,83069000000,190,false,3.68
"HNG",142858,"/Date(1704439675000)/",5350,1900,16065100,82914000000,190,false,3.68
"HNG",142858,"/Date(1704439675000)/",5340,500,16063200,82903000000,180,false,3.49
"HNG",142858,"/Date(1704439675000)/",5340,4000,16062700,82901000000,180,false,3.49
"HNG",142858,"/Date(1704439675000)/",5340,1000,16058700,82879000000,180,false,3.49
"HNG",142858,"/Date(1704439675000)/",5340,200,16057700,82874000000,180,false,3.49
"HNG",142858,"/Date(1704439675000)/",5340,700,16057500,82873000000,180,false,3.49
"HNG",142858,"/Date(1704439675000)/",5330,1000,16056800,82869000000,170,false,3.29
"HNG",142858,"/Date(1704439675000)/",5330,10000,16055800,82864000000,170,false,3.29
"HNG",142858,"/Date(1704439675000)/",5330,500,16045800,82811000000,170,false,3.29
"HNG",142858,"/Date(1704439675000)/",5330,500,16045300,82808000000,170,false,3.29
"HNG",142858,"/Date(1704439675000)/",5330,600,16044800,82805000000,170,false,3.29
"HNG",142855,"/Date(1704439671000)/",5330,600,16044200,82802000000,170,false,3.29
"HNG",142852,"/Date(1704439668000)/",5330,100,16043600,82799000000,170,false,3.29
"HNG",142848,"/Date(1704439665000)/",5330,700,16043500,82798000000,170,false,3.29
"HNG",142848,"/Date(1704439665000)/",5330,100,16042800,82795000000,170,false,3.29
"HNG",142848,"/Date(1704439665000)/",5330,4200,16042700,82794000000,170,false,3.29
"HNG",142839,"/Date(1704439655000)/",5330,500,16038500,82772000000,170,false,3.29
"HNG",142839,"/Date(1704439655000)/",5300,29600,16038000,82769000000,140,true,2.71
"HNG",142839,"/Date(1704439655000)/",5310,7300,16008400,82612000000,150,false,2.91
"HNG",142836,"/Date(1704439653000)/",5330,1200,16001100,82573000000,170,false,3.29
"HNG",142836,"/Date(1704439651000)/",5300,8500,15999900,82567000000,140,true,2.71
"HNG",142836,"/Date(1704439651000)/",5300,1000,15991400,82522000000,140,true,2.71
"HNG",142836,"/Date(1704439651000)/",5310,20000,15990400,82517000000,150,true,2.91
"HNG",142836,"/Date(1704439651000)/",5310,300,15970400,82410000000,150,true,2.91
"HNG",142836,"/Date(1704439651000)/",5310,3000,15970100,82409000000,150,true,2.91
"HNG",142836,"/Date(1704439651000)/",5310,400,15967100,82393000000,150,true,2.91
"HNG",142836,"/Date(1704439651000)/",5310,1000,15966700,82391000000,150,true,2.91
"HNG",142836,"/Date(1704439651000)/",5310,1000,15965700,82385000000,150,true,2.91
"HNG",142836,"/Date(1704439651000)/",5310,2000,15964700,82380000000,150,true,2.91
"HNG",142836,"/Date(1704439651000)/",5310,500,15962700,82370000000,150,true,2.91
"HNG",142836,"/Date(1704439651000)/",5310,1000,15962200,82367000000,150,true,2.91
"HNG",142836,"/Date(1704439651000)/",5310,100,15961200,82362000000,150,true,2.91
"HNG",142836,"/Date(1704439651000)/",5320,1000,15961100,82361000000,160,true,3.1
"HNG",142836,"/Date(1704439651000)/",5320,3000,15960100,82356000000,160,true,3.1
"HNG",142836,"/Date(1704439651000)/",5320,400,15957100,82340000000,160,true,3.1
"HNG",142836,"/Date(1704439651000)/",5320,5000,15956700,82338000000,160,true,3.1
"HNG",142836,"/Date(1704439651000)/",5320,200,15951700,82311000000,160,true,3.1
"HNG",142836,"/Date(1704439651000)/",5320,500,15951500,82310000000,160,true,3.1
"HNG",142836,"/Date(1704439651000)/",5320,600,15951000,82307000000,160,true,3.1
"HNG",142836,"/Date(1704439651000)/",5320,200,15950400,82304000000,160,true,3.1
"HNG",142836,"/Date(1704439651000)/",5320,300,15950200,82303000000,160,true,3.1
"HNG",142832,"/Date(1704439649000)/",5330,3000,15949900,82301000000,170,true,3.29
"HNG",142832,"/Date(1704439649000)/",5330,1100,15946900,82285000000,170,true,3.29
"HNG",142832,"/Date(1704439649000)/",5350,5000,15945800,82280000000,190,false,3.68
"HNG",142829,"/Date(1704439647000)/",5340,100,15940800,82253000000,180,false,3.49
"HNG",142829,"/Date(1704439646000)/",5330,7900,15940700,82252000000,170,true,3.29
"HNG",142829,"/Date(1704439646000)/",5330,400,15932800,82210000000,170,true,3.29
"HNG",142829,"/Date(1704439646000)/",5330,1200,15932400,82208000000,170,true,3.29
"HNG",142829,"/Date(1704439646000)/",5340,500,15931200,82202000000,180,false,3.49
"HNG",142826,"/Date(1704439642000)/",5330,1800,15930700,82199000000,170,true,3.29
"HNG",142826,"/Date(1704439642000)/",5330,200,15928900,82189000000,170,true,3.29
"HNG",142813,"/Date(1704439630000)/",5330,5000,15928700,82188000000,170,true,3.29
"HNG",142813,"/Date(1704439628000)/",5330,2000,15923700,82162000000,170,true,3.29
"HNG",142810,"/Date(1704439626000)/",5330,1000,15921700,82151000000,170,true,3.29
"HNG",142810,"/Date(1704439625000)/",5330,1000,15920700,82146000000,170,true,3.29
"HNG",142810,"/Date(1704439625000)/",5330,9000,15919700,82140000000,170,true,3.29
"HNG",142803,"/Date(1704439618000)/",5350,300,15910700,82092000000,190,false,3.68
"HNG",142757,"/Date(1704439612000)/",5330,1000,15910400,82091000000,170,true,3.29
"HNG",142754,"/Date(1704439611000)/",5350,300,15909400,82085000000,190,false,3.68
"HNG",142741,"/Date(1704439599000)/",5350,100,15909100,82084000000,190,false,3.68
"HNG",142738,"/Date(1704439594000)/",5350,400,15909000,82083000000,190,false,3.68
"HNG",142735,"/Date(1704439591000)/",5350,2000,15908600,82081000000,190,false,3.68
"HNG",142731,"/Date(1704439588000)/",5360,200,15906600,82070000000,200,false,3.88
"HNG",142731,"/Date(1704439587000)/",5360,2600,15906400,82069000000,200,false,3.88
"HNG",142731,"/Date(1704439587000)/",5350,7400,15903800,82055000000,190,false,3.68
"HNG",142728,"/Date(1704439584000)/",5350,8000,15896400,82016000000,190,false,3.68
"HNG",142728,"/Date(1704439584000)/",5360,4600,15888400,81973000000,200,false,3.88
"HNG",142728,"/Date(1704439584000)/",5360,1000,15883800,81948000000,200,false,3.88
"HNG",142728,"/Date(1704439584000)/",5360,4400,15882800,81943000000,200,false,3.88
"HNG",142728,"/Date(1704439583000)/",5350,3000,15878400,81919000000,190,false,3.68
"HNG",142728,"/Date(1704439583000)/",5350,2000,15875400,81903000000,190,false,3.68
"HNG",142728,"/Date(1704439583000)/",5350,5000,15873400,81893000000,190,false,3.68
"HNG",142728,"/Date(1704439583000)/",5350,4000,15868400,81866000000,190,false,3.68
"HNG",142725,"/Date(1704439582000)/",5320,100,15864400,81845000000,160,true,3.1
"HNG",142725,"/Date(1704439582000)/",5320,100,15864300,81844000000,160,true,3.1
"HNG",142722,"/Date(1704439577000)/",5320,500,15864200,81844000000,160,true,3.1
"HNG",142706,"/Date(1704439562000)/",5310,14300,15863700,81841000000,150,true,2.91
"HNG",142706,"/Date(1704439562000)/",5320,700,15849400,81765000000,160,false,3.1
"HNG",142706,"/Date(1704439562000)/",5320,5000,15848700,81761000000,160,false,3.1
"HNG",142706,"/Date(1704439561000)/",5360,200,15843700,81735000000,200,false,3.88
"HNG",142702,"/Date(1704439557000)/",5310,200,15843500,81734000000,150,true,2.91
"HNG",142659,"/Date(1704439554000)/",5320,100,15843300,81732000000,160,false,3.1
"HNG",142656,"/Date(1704439552000)/",5360,400,15843200,81732000000,200,false,3.88
"HNG",142656,"/Date(1704439551000)/",5320,100,15842800,81730000000,160,true,3.1
"HNG",142653,"/Date(1704439549000)/",5310,3000,15842700,81729000000,150,true,2.91
"HNG",142646,"/Date(1704439544000)/",5310,1000,15839700,81713000000,150,true,2.91
"HNG",142637,"/Date(1704439534000)/",5310,1800,15838700,81708000000,150,true,2.91
"HNG",142637,"/Date(1704439534000)/",5310,200,15836900,81698000000,150,true,2.91
"HNG",142634,"/Date(1704439532000)/",5310,300,15836700,81697000000,150,false,2.91
"HNG",142634,"/Date(1704439532000)/",5320,5000,15836400,81696000000,160,false,3.1
"HNG",142634,"/Date(1704439532000)/",5340,100,15831400,81669000000,180,true,3.49
"HNG",142634,"/Date(1704439532000)/",5340,400,15831300,81669000000,180,true,3.49
"HNG",142634,"/Date(1704439532000)/",5350,500,15830900,81667000000,190,true,3.68
"HNG",142634,"/Date(1704439532000)/",5360,1000,15830400,81664000000,200,true,3.88
"HNG",142634,"/Date(1704439532000)/",5360,7700,15829400,81658000000,200,true,3.88
"HNG",142634,"/Date(1704439531000)/",5360,2300,15821700,81617000000,200,true,3.88
"HNG",142634,"/Date(1704439531000)/",5360,500,15819400,81605000000,200,true,3.88
"HNG",142634,"/Date(1704439531000)/",5360,200,15818900,81602000000,200,true,3.88
"HNG",142634,"/Date(1704439531000)/",5390,6800,15818700,81601000000,230,false,4.46
"HNG",142634,"/Date(1704439531000)/",5390,1900,15811900,81564000000,230,false,4.46
"HNG",142634,"/Date(1704439531000)/",5370,1300,15810000,81554000000,210,false,4.07
"HNG",142634,"/Date(1704439530000)/",5360,500,15808700,81547000000,200,true,3.88
"HNG",142634,"/Date(1704439530000)/",5370,300,15808200,81545000000,210,false,4.07
"HNG",142630,"/Date(1704439526000)/",5370,100,15807900,81543000000,210,false,4.07
"HNG",142630,"/Date(1704439526000)/",5370,3000,15807800,81542000000,210,false,4.07
"HNG",142630,"/Date(1704439526000)/",5370,300,15804800,81526000000,210,false,4.07
"HNG",142627,"/Date(1704439523000)/",5390,100,15804500,81525000000,230,false,4.46
"HNG",142627,"/Date(1704439522000)/",5370,100,15804400,81524000000,210,true,4.07
"HNG",142621,"/Date(1704439518000)/",5370,1000,15804300,81524000000,210,true,4.07
"HNG",142621,"/Date(1704439516000)/",5370,8600,15803300,81518000000,210,true,4.07
"HNG",142621,"/Date(1704439516000)/",5370,1000,15794700,81472000000,210,true,4.07
"HNG",142621,"/Date(1704439516000)/",5380,100,15793700,81467000000,220,true,4.26
"HNG",142621,"/Date(1704439516000)/",5380,8000,15793600,81466000000,220,true,4.26
"HNG",142621,"/Date(1704439516000)/",5380,1100,15785600,81423000000,220,true,4.26
"HNG",142621,"/Date(1704439516000)/",5390,1000,15784500,81417000000,230,true,4.46
"HNG",142621,"/Date(1704439516000)/",5390,2600,15783500,81412000000,230,true,4.46
"HNG",142621,"/Date(1704439516000)/",5390,1000,15780900,81398000000,230,true,4.46
"HNG",142621,"/Date(1704439516000)/",5390,10000,15779900,81392000000,230,true,4.46
"HNG",142621,"/Date(1704439516000)/",5390,16600,15769900,81339000000,230,true,4.46
"HNG",142621,"/Date(1704439516000)/",5390,2000,15753300,81249000000,230,true,4.46
"HNG",142614,"/Date(1704439510000)/",5400,100,15751300,81238000000,240,false,4.65
"HNG",142611,"/Date(1704439508000)/",5390,100,15751200,81238000000,230,true,4.46
"HNG",142608,"/Date(1704439506000)/",5400,10000,15751100,81237000000,240,false,4.65
"HNG",142608,"/Date(1704439506000)/",5400,5000,15741100,81183000000,240,false,4.65
"HNG",142608,"/Date(1704439506000)/",5400,17600,15736100,81156000000,240,false,4.65
"HNG",142608,"/Date(1704439506000)/",5400,2000,15718500,81061000000,240,false,4.65
"HNG",142608,"/Date(1704439506000)/",5400,200,15716500,81050000000,240,false,4.65
"HNG",142608,"/Date(1704439506000)/",5400,100,15716300,81049000000,240,false,4.65
"HNG",142605,"/Date(1704439503000)/",5400,1400,15716200,81049000000,240,true,4.65
"HNG",142605,"/Date(1704439503000)/",5400,8600,15714800,81041000000,240,true,4.65
"HNG",142605,"/Date(1704439502000)/",5410,100,15706200,80995000000,250,false,4.84
"HNG",142605,"/Date(1704439502000)/",5410,2000,15706100,80994000000,250,false,4.84
"HNG",142605,"/Date(1704439502000)/",5410,300,15704100,80983000000,250,false,4.84
"HNG",142602,"/Date(1704439499000)/",5410,500,15703800,80982000000,250,false,4.84
"HNG",142602,"/Date(1704439499000)/",5420,500,15703300,80979000000,260,false,5.04
"HNG",142602,"/Date(1704439499000)/",5420,2000,15702800,80976000000,260,false,5.04
"HNG",142555,"/Date(1704439493000)/",5430,400,15700800,80965000000,270,false,5.23
"HNG",142552,"/Date(1704439488000)/",5440,6700,15700400,80963000000,280,false,5.43
"HNG",142552,"/Date(1704439488000)/",5430,3300,15693700,80927000000,270,false,5.23
"HNG",142549,"/Date(1704439486000)/",5430,400,15690400,80909000000,270,false,5.23
"HNG",142549,"/Date(1704439486000)/",5420,600,15690000,80907000000,260,false,5.04
"HNG",142549,"/Date(1704439485000)/",5420,11600,15689400,80904000000,260,false,5.04
"HNG",142549,"/Date(1704439485000)/",5410,2400,15677800,80841000000,250,true,4.84
"HNG",142549,"/Date(1704439484000)/",5410,100,15675400,80828000000,250,true,4.84
"HNG",142549,"/Date(1704439484000)/",5410,2000,15675300,80827000000,250,true,4.84
"HNG",142549,"/Date(1704439484000)/",5410,800,15673300,80816000000,250,true,4.84
"HNG",142549,"/Date(1704439484000)/",5410,1000,15672500,80812000000,250,true,4.84
"HNG",142549,"/Date(1704439484000)/",5410,10000,15671500,80807000000,250,true,4.84
"HNG",142549,"/Date(1704439484000)/",5410,10000,15661500,80752000000,250,true,4.84
"HNG",142549,"/Date(1704439484000)/",5410,3700,15651500,80698000000,250,true,4.84
"HNG",142546,"/Date(1704439482000)/",5420,3400,15647800,80678000000,260,false,5.04
"HNG",142542,"/Date(1704439479000)/",5420,2800,15644400,80660000000,260,true,5.04
"HNG",142542,"/Date(1704439479000)/",5420,1600,15641600,80645000000,260,true,5.04
"HNG",142542,"/Date(1704439478000)/",5430,1000,15640000,80636000000,270,false,5.23
"HNG",142536,"/Date(1704439474000)/",5420,400,15639000,80631000000,260,true,5.04
"HNG",142536,"/Date(1704439474000)/",5420,2000,15638600,80628000000,260,true,5.04
"HNG",142536,"/Date(1704439474000)/",5420,100,15636600,80618000000,260,true,5.04
"HNG",142536,"/Date(1704439474000)/",5420,500,15636500,80617000000,260,true,5.04
"HNG",142536,"/Date(1704439474000)/",5430,2000,15636000,80614000000,270,true,5.23
"HNG",142533,"/Date(1704439471000)/",5440,15000,15634000,80604000000,280,false,5.43
"HNG",142526,"/Date(1704439464000)/",5440,9700,15619000,80522000000,280,false,5.43
"HNG",142526,"/Date(1704439464000)/",5440,3000,15609300,80469000000,280,false,5.43
"HNG",142526,"/Date(1704439464000)/",5440,5000,15606300,80453000000,280,false,5.43
"HNG",142526,"/Date(1704439464000)/",5430,2300,15601300,80426000000,270,false,5.23
"HNG",142523,"/Date(1704439461000)/",5420,200,15599000,80413000000,260,false,5.04
"HNG",142523,"/Date(1704439460000)/",5420,1200,15598800,80412000000,260,false,5.04
"HNG",142517,"/Date(1704439455000)/",5420,300,15597600,80406000000,260,false,5.04
"HNG",142517,"/Date(1704439455000)/",5410,3100,15597300,80404000000,250,true,4.84
"HNG",142517,"/Date(1704439455000)/",5410,1900,15594200,80387000000,250,true,4.84
"HNG",142517,"/Date(1704439454000)/",5410,800,15592300,80377000000,250,true,4.84
"HNG",142517,"/Date(1704439454000)/",5420,200,15591500,80373000000,260,false,5.04
"HNG",142514,"/Date(1704439451000)/",5450,25400,15591300,80371000000,290,false,5.62
"HNG",142514,"/Date(1704439451000)/",5440,2000,15565900,80233000000,280,false,5.43
"HNG",142514,"/Date(1704439451000)/",5420,1000,15563900,80222000000,260,false,5.04
"HNG",142514,"/Date(1704439451000)/",5420,3900,15562900,80217000000,260,false,5.04
"HNG",142510,"/Date(1704439446000)/",5420,5000,15559000,80196000000,260,true,5.04
"HNG",142510,"/Date(1704439446000)/",5420,100,15554000,80169000000,260,true,5.04
"HNG",142510,"/Date(1704439446000)/",5420,10000,15553900,80168000000,260,true,5.04
"HNG",142510,"/Date(1704439446000)/",5420,200,15543900,80114000000,260,true,5.04
"HNG",142510,"/Date(1704439446000)/",5420,500,15543700,80113000000,260,true,5.04
"HNG",142510,"/Date(1704439446000)/",5420,400,15543200,80110000000,260,true,5.04
"HNG",142510,"/Date(1704439446000)/",5420,5000,15542800,80108000000,260,true,5.04
"HNG",142510,"/Date(1704439446000)/",5420,10000,15537800,80081000000,260,true,5.04
"HNG",142510,"/Date(1704439446000)/",5420,2000,15527800,80027000000,260,true,5.04
"HNG",142510,"/Date(1704439446000)/",5420,1000,15525800,80016000000,260,true,5.04
"HNG",142510,"/Date(1704439446000)/",5440,800,15524800,80010000000,280,true,5.43
"HNG",142507,"/Date(1704439443000)/",5440,7800,15524000,80006000000,280,true,5.43
"HNG",142507,"/Date(1704439442000)/",5440,2200,15516200,79963000000,280,true,5.43
"HNG",142504,"/Date(1704439442000)/",5450,1200,15514000,79951000000,290,false,5.62
"HNG",142504,"/Date(1704439442000)/",5440,500,15512800,79945000000,280,false,5.43
"HNG",142504,"/Date(1704439442000)/",5430,500,15512300,79942000000,270,false,5.23
"HNG",142504,"/Date(1704439442000)/",5430,500,15511800,79940000000,270,false,5.23
"HNG",142501,"/Date(1704439437000)/",5450,25500,15511300,79937000000,290,false,5.62
"HNG",142501,"/Date(1704439437000)/",5450,2600,15485800,79798000000,290,false,5.62
"HNG",142501,"/Date(1704439437000)/",5440,300,15483200,79784000000,280,false,5.43
"HNG",142501,"/Date(1704439437000)/",5440,7900,15482900,79782000000,280,false,5.43
"HNG",142501,"/Date(1704439437000)/",5430,2700,15475000,79739000000,270,false,5.23
"HNG",142501,"/Date(1704439437000)/",5430,100,15472300,79724000000,270,false,5.23
"HNG",142501,"/Date(1704439437000)/",5430,500,15472200,79724000000,270,false,5.23
"HNG",142501,"/Date(1704439437000)/",5430,1300,15471700,79721000000,270,false,5.23
"HNG",142458,"/Date(1704439434000)/",5440,700,15470400,79714000000,280,false,5.43
"HNG",142454,"/Date(1704439432000)/",5430,2000,15469700,79710000000,270,true,5.23
"HNG",142454,"/Date(1704439431000)/",5440,400,15467700,79699000000,280,false,5.43
"HNG",142454,"/Date(1704439431000)/",5440,1200,15467300,79697000000,280,false,5.43
"HNG",142454,"/Date(1704439431000)/",5430,5200,15466100,79691000000,270,true,5.23
"HNG",142454,"/Date(1704439431000)/",5430,500,15460900,79662000000,270,true,5.23
"HNG",142454,"/Date(1704439431000)/",5430,300,15460400,79660000000,270,true,5.23
"HNG",142454,"/Date(1704439430000)/",5440,10800,15460100,79658000000,280,false,5.43
"HNG",142454,"/Date(1704439430000)/",5440,9000,15449300,79599000000,280,false,5.43
"HNG",142454,"/Date(1704439430000)/",5440,500,15440300,79550000000,280,false,5.43
"HNG",142451,"/Date(1704439428000)/",5430,500,15439800,79548000000,270,true,5.23
"HNG",142451,"/Date(1704439427000)/",5430,5000,15439300,79545000000,270,true,5.23
"HNG",142448,"/Date(1704439424000)/",5450,8000,15434300,79518000000,290,false,5.62
"HNG",142448,"/Date(1704439424000)/",5450,200,15426300,79474000000,290,false,5.62
"HNG",142448,"/Date(1704439424000)/",5450,1000,15426100,79473000000,290,false,5.62
"HNG",142448,"/Date(1704439424000)/",5450,2000,15425100,79468000000,290,false,5.62
"HNG",142448,"/Date(1704439424000)/",5450,3000,15423100,79457000000,290,false,5.62
"HNG",142448,"/Date(1704439424000)/",5450,2000,15420100,79440000000,290,false,5.62
"HNG",142448,"/Date(1704439424000)/",5450,2000,15418100,79430000000,290,false,5.62
"HNG",142448,"/Date(1704439424000)/",5440,500,15416100,79419000000,280,false,5.43
"HNG",142448,"/Date(1704439424000)/",5440,500,15415600,79416000000,280,false,5.43
"HNG",142448,"/Date(1704439424000)/",5440,6800,15415100,79413000000,280,false,5.43
"HNG",142448,"/Date(1704439424000)/",5440,1800,15408300,79376000000,280,false,5.43
"HNG",142445,"/Date(1704439421000)/",5440,1400,15406500,79366000000,280,false,5.43
"HNG",142445,"/Date(1704439421000)/",5440,1600,15405100,79359000000,280,false,5.43
"HNG",142445,"/Date(1704439420000)/",5440,1000,15403500,79350000000,280,false,5.43
"HNG",142441,"/Date(1704439418000)/",5440,600,15402500,79345000000,280,false,5.43
"HNG",142441,"/Date(1704439417000)/",5440,1800,15401900,79341000000,280,false,5.43
"HNG",142441,"/Date(1704439417000)/",5440,1000,15400100,79332000000,280,false,5.43
"HNG",142441,"/Date(1704439417000)/",5440,200,15399100,79326000000,280,false,5.43
"HNG",142441,"/Date(1704439417000)/",5440,800,15398900,79325000000,280,false,5.43
"HNG",142441,"/Date(1704439417000)/",5440,1200,15398100,79321000000,280,false,5.43
"HNG",142438,"/Date(1704439414000)/",5440,200,15396900,79314000000,280,false,5.43
"HNG",142432,"/Date(1704439409000)/",5440,100,15396700,79313000000,280,false,5.43
"HNG",142429,"/Date(1704439406000)/",5420,1000,15396600,79313000000,260,true,5.04
"HNG",142429,"/Date(1704439406000)/",5420,1000,15395600,79307000000,260,true,5.04
"HNG",142425,"/Date(1704439401000)/",5440,500,15394600,79302000000,280,false,5.43
"HNG",142425,"/Date(1704439401000)/",5430,9000,15394100,79299000000,270,false,5.23
"HNG",142425,"/Date(1704439401000)/",5430,200,15385100,79250000000,270,false,5.23
"HNG",142425,"/Date(1704439401000)/",5430,300,15384900,79249000000,270,false,5.23
"HNG",142425,"/Date(1704439401000)/",5430,200,15384600,79247000000,270,false,5.23
"HNG",142425,"/Date(1704439401000)/",5430,200,15384400,79246000000,270,false,5.23
"HNG",142422,"/Date(1704439398000)/",5420,9000,15384200,79245000000,260,true,5.04
"HNG",142419,"/Date(1704439395000)/",5430,1800,15375200,79196000000,270,false,5.23
"HNG",142419,"/Date(1704439394000)/",5420,500,15373400,79187000000,260,true,5.04
"HNG",142419,"/Date(1704439394000)/",5410,7300,15372900,79184000000,250,true,4.84
"HNG",142419,"/Date(1704439394000)/",5410,700,15365600,79144000000,250,true,4.84
"HNG",142416,"/Date(1704439392000)/",5420,500,15364900,79141000000,260,false,5.04
"HNG",142416,"/Date(1704439391000)/",5420,200,15364400,79138000000,260,false,5.04
"HNG",142416,"/Date(1704439391000)/",5420,200,15364200,79137000000,260,false,5.04
"HNG",142416,"/Date(1704439391000)/",5420,100,15364000,79136000000,260,false,5.04
"HNG",142413,"/Date(1704439389000)/",5420,1000,15363900,79135000000,260,false,5.04
"HNG",142413,"/Date(1704439389000)/",5420,2000,15362900,79130000000,260,false,5.04
"HNG",142409,"/Date(1704439387000)/",5420,4000,15360900,79119000000,260,false,5.04
"HNG",142409,"/Date(1704439386000)/",5420,1000,15356900,79097000000,260,false,5.04
"HNG",142409,"/Date(1704439386000)/",5410,200,15355900,79092000000,250,true,4.84
"HNG",142406,"/Date(1704439385000)/",5410,1800,15355700,79091000000,250,false,4.84
"HNG",142406,"/Date(1704439383000)/",5410,10000,15353900,79081000000,250,false,4.84
"HNG",142406,"/Date(1704439383000)/",5410,1000,15343900,79027000000,250,false,4.84
"HNG",142406,"/Date(1704439383000)/",5410,900,15342900,79022000000,250,false,4.84
"HNG",142406,"/Date(1704439383000)/",5410,1300,15342000,79017000000,250,false,4.84
"HNG",142406,"/Date(1704439383000)/",5400,500,15340700,79010000000,240,true,4.65
"HNG",142403,"/Date(1704439380000)/",5410,700,15340200,79007000000,250,false,4.84
"HNG",142403,"/Date(1704439379000)/",5400,100,15339500,79003000000,240,true,4.65
"HNG",142400,"/Date(1704439377000)/",5400,10000,15339400,79003000000,240,true,4.65
"HNG",142400,"/Date(1704439377000)/",5400,600,15329400,78949000000,240,true,4.65
"HNG",142357,"/Date(1704439375000)/",5400,100,15328800,78945000000,240,false,4.65
"HNG",142357,"/Date(1704439374000)/",5400,1000,15328700,78945000000,240,false,4.65
"HNG",142357,"/Date(1704439374000)/",5400,400,15327700,78939000000,240,false,4.65
"HNG",142357,"/Date(1704439373000)/",5400,400,15327300,78937000000,240,false,4.65
"HNG",142357,"/Date(1704439372000)/",5400,2000,15326900,78935000000,240,false,4.65
"HNG",142357,"/Date(1704439372000)/",5400,500,15324900,78924000000,240,false,4.65
"HNG",142357,"/Date(1704439372000)/",5400,500,15324400,78922000000,240,false,4.65
"HNG",142357,"/Date(1704439372000)/",5400,10000,15323900,78919000000,240,false,4.65
"HNG",142357,"/Date(1704439372000)/",5400,3000,15313900,78865000000,240,false,4.65
"HNG",142357,"/Date(1704439372000)/",5400,33000,15310900,78849000000,240,false,4.65
"HNG",142357,"/Date(1704439372000)/",5400,1000,15277900,78671000000,240,false,4.65
"HNG",142357,"/Date(1704439372000)/",5400,3000,15276900,78665000000,240,false,4.65
"HNG",142357,"/Date(1704439372000)/",5400,2000,15273900,78649000000,240,false,4.65
"HNG",142357,"/Date(1704439372000)/",5400,19700,15271900,78638000000,240,false,4.65
"HNG",142357,"/Date(1704439372000)/",5400,3600,15252200,78532000000,240,false,4.65
"HNG",142353,"/Date(1704439371000)/",5400,100,15248600,78512000000,240,false,4.65
"HNG",142353,"/Date(1704439371000)/",5400,1700,15248500,78512000000,240,false,4.65
"HNG",142353,"/Date(1704439371000)/",5400,300,15246800,78503000000,240,false,4.65
"HNG",142353,"/Date(1704439371000)/",5400,2000,15246500,78501000000,240,false,4.65
"HNG",142353,"/Date(1704439371000)/",5400,1000,15244500,78490000000,240,false,4.65
"HNG",142353,"/Date(1704439371000)/",5400,200,15243500,78485000000,240,false,4.65
"HNG",142353,"/Date(1704439371000)/",5400,2500,15243300,78484000000,240,false,4.65
"HNG",142353,"/Date(1704439371000)/",5400,100,15240800,78470000000,240,false,4.65
"HNG",142353,"/Date(1704439371000)/",5400,200,15240700,78470000000,240,false,4.65
"HNG",142353,"/Date(1704439371000)/",5400,200,15240500,78469000000,240,false,4.65
"HNG",142353,"/Date(1704439371000)/",5400,2000,15240300,78468000000,240,false,4.65
"HNG",142353,"/Date(1704439371000)/",5400,100,15238300,78457000000,240,false,4.65
"HNG",142353,"/Date(1704439371000)/",5400,2000,15238200,78456000000,240,false,4.65
"HNG",142353,"/Date(1704439371000)/",5400,200,15236200,78445000000,240,false,4.65
"HNG",142353,"/Date(1704439371000)/",5400,700,15236000,78444000000,240,false,4.65
"HNG",142350,"/Date(1704439367000)/",5400,900,15235300,78441000000,240,false,4.65
"HNG",142350,"/Date(1704439366000)/",5400,900,15234400,78436000000,240,false,4.65
"HNG",142347,"/Date(1704439365000)/",5400,1400,15233500,78431000000,240,false,4.65
"HNG",142344,"/Date(1704439362000)/",5400,200,15232100,78423000000,240,false,4.65
"HNG",142341,"/Date(1704439357000)/",5400,600,15231900,78422000000,240,false,4.65
"HNG",142341,"/Date(1704439356000)/",5400,300,15231300,78419000000,240,false,4.65
"HNG",142341,"/Date(1704439356000)/",5400,200,15231000,78417000000,240,false,4.65
"HNG",142337,"/Date(1704439355000)/",5390,1300,15230800,78416000000,230,true,4.46
"HNG",142337,"/Date(1704439355000)/",5390,700,15229500,78409000000,230,true,4.46
"HNG",142337,"/Date(1704439355000)/",5390,1300,15228800,78405000000,230,true,4.46
"HNG",142337,"/Date(1704439355000)/",5390,600,15227500,78398000000,230,true,4.46
"HNG",142337,"/Date(1704439354000)/",5400,13300,15226900,78395000000,240,false,4.65
"HNG",142337,"/Date(1704439354000)/",5400,2000,15213600,78323000000,240,false,4.65
"HNG",142337,"/Date(1704439354000)/",5400,300,15211600,78313000000,240,false,4.65
"HNG",142337,"/Date(1704439354000)/",5400,500,15211300,78311000000,240,false,4.65
"HNG",142337,"/Date(1704439354000)/",5400,100,15210800,78308000000,240,false,4.65
"HNG",142337,"/Date(1704439354000)/",5400,30000,15210700,78308000000,240,false,4.65
"HNG",142337,"/Date(1704439354000)/",5400,1000,15180700,78146000000,240,false,4.65
"HNG",142337,"/Date(1704439354000)/",5400,100,15179700,78140000000,240,false,4.65
"HNG",142337,"/Date(1704439354000)/",5400,100,15179600,78140000000,240,false,4.65
"HNG",142337,"/Date(1704439354000)/",5400,1000,15179500,78139000000,240,false,4.65
"HNG",142337,"/Date(1704439354000)/",5400,800,15178500,78134000000,240,false,4.65
"HNG",142337,"/Date(1704439354000)/",5400,100,15177700,78130000000,240,false,4.65
"HNG",142337,"/Date(1704439354000)/",5400,7000,15177600,78129000000,240,false,4.65
"HNG",142337,"/Date(1704439354000)/",5400,10000,15170600,78091000000,240,false,4.65
"HNG",142337,"/Date(1704439354000)/",5400,5000,15160600,78037000000,240,false,4.65
"HNG",142337,"/Date(1704439354000)/",5400,200,15155600,78010000000,240,false,4.65
"HNG",142337,"/Date(1704439354000)/",5400,900,15155400,78009000000,240,false,4.65
"HNG",142337,"/Date(1704439354000)/",5400,20000,15154500,78004000000,240,false,4.65
"HNG",142337,"/Date(1704439354000)/",5400,5000,15134500,77896000000,240,false,4.65
"HNG",142337,"/Date(1704439354000)/",5400,200,15129500,77869000000,240,false,4.65
"HNG",142337,"/Date(1704439354000)/",5400,300,15129300,77868000000,240,false,4.65
"HNG",142337,"/Date(1704439354000)/",5400,200,15129000,77867000000,240,false,4.65
"HNG",142337,"/Date(1704439354000)/",5400,1900,15128800,77865000000,240,false,4.65
"HNG",142337,"/Date(1704439354000)/",5400,100,15126900,77855000000,240,false,4.65
"HNG",142337,"/Date(1704439354000)/",5400,3000,15126800,77855000000,240,false,4.65
"HNG",142337,"/Date(1704439354000)/",5400,200,15123800,77838000000,240,false,4.65
"HNG",142337,"/Date(1704439354000)/",5400,100,15123600,77837000000,240,false,4.65
"HNG",142337,"/Date(1704439354000)/",5400,1600,15123500,77837000000,240,false,4.65
"HNG",142334,"/Date(1704439353000)/",5390,1400,15121900,77828000000,230,true,4.46
"HNG",142334,"/Date(1704439353000)/",5390,100,15120500,77821000000,230,true,4.46
"HNG",142334,"/Date(1704439353000)/",5390,500,15120400,77820000000,230,true,4.46
"HNG",142334,"/Date(1704439353000)/",5390,3000,15119900,77817000000,230,true,4.46
"HNG",142334,"/Date(1704439352000)/",5390,1000,15116900,77801000000,230,true,4.46
"HNG",142334,"/Date(1704439351000)/",5390,100,15115900,77796000000,230,true,4.46
"HNG",142334,"/Date(1704439350000)/",5400,400,15115800,77795000000,240,false,4.65
"HNG",142334,"/Date(1704439350000)/",5400,200,15115400,77793000000,240,false,4.65
"HNG",142334,"/Date(1704439350000)/",5400,400,15115200,77792000000,240,false,4.65
"HNG",142334,"/Date(1704439350000)/",5400,100,15114800,77790000000,240,false,4.65
"HNG",142334,"/Date(1704439350000)/",5400,3000,15114700,77789000000,240,false,4.65
"HNG",142334,"/Date(1704439350000)/",5400,100,15111700,77773000000,240,false,4.65
"HNG",142334,"/Date(1704439350000)/",5400,100,15111600,77773000000,240,false,4.65
"HNG",142334,"/Date(1704439350000)/",5400,200,15111500,77772000000,240,false,4.65
"HNG",142334,"/Date(1704439350000)/",5400,100,15111300,77771000000,240,false,4.65
"HNG",142334,"/Date(1704439350000)/",5400,2000,15111200,77770000000,240,false,4.65
"HNG",142334,"/Date(1704439350000)/",5400,2000,15109200,77760000000,240,false,4.65
"HNG",142334,"/Date(1704439350000)/",5400,500,15107200,77749000000,240,false,4.65
"HNG",142334,"/Date(1704439350000)/",5400,200,15106700,77746000000,240,false,4.65
"HNG",142334,"/Date(1704439350000)/",5400,600,15106500,77745000000,240,false,4.65
"HNG",142334,"/Date(1704439350000)/",5400,1000,15105900,77742000000,240,false,4.65
"HNG",142334,"/Date(1704439350000)/",5400,2000,15104900,77736000000,240,false,4.65
"HNG",142334,"/Date(1704439350000)/",5400,100,15102900,77726000000,240,false,4.65
"HNG",142331,"/Date(1704439348000)/",5390,900,15102800,77725000000,230,true,4.46
"HNG",142331,"/Date(1704439348000)/",5390,100,15101900,77720000000,230,true,4.46
"HNG",142331,"/Date(1704439348000)/",5390,100,15101800,77720000000,230,true,4.46
"HNG",142331,"/Date(1704439346000)/",5400,200,15101700,77719000000,240,false,4.65
"HNG",142324,"/Date(1704439342000)/",5390,800,15101500,77718000000,230,false,4.46
"HNG",142324,"/Date(1704439342000)/",5390,1000,15100700,77714000000,230,false,4.46
"HNG",142324,"/Date(1704439342000)/",5390,200,15099700,77708000000,230,false,4.46
"HNG",142324,"/Date(1704439341000)/",5400,400,15099500,77707000000,240,false,4.65
"HNG",142324,"/Date(1704439341000)/",5400,1000,15099100,77705000000,240,false,4.65
"HNG",142324,"/Date(1704439341000)/",5400,500,15098100,77700000000,240,false,4.65
"HNG",142324,"/Date(1704439341000)/",5400,8200,15097600,77697000000,240,false,4.65
"HNG",142324,"/Date(1704439341000)/",5390,500,15089400,77653000000,230,false,4.46
"HNG",142324,"/Date(1704439341000)/",5390,9000,15088900,77650000000,230,false,4.46
"HNG",142324,"/Date(1704439341000)/",5390,300,15079900,77602000000,230,false,4.46
"HNG",142324,"/Date(1704439340000)/",5380,2000,15079600,77600000000,220,true,4.26
"HNG",142318,"/Date(1704439336000)/",5390,700,15077600,77589000000,230,false,4.46
"HNG",142318,"/Date(1704439336000)/",5390,300,15076900,77585000000,230,false,4.46
"HNG",142318,"/Date(1704439336000)/",5390,2200,15076600,77584000000,230,false,4.46
"HNG",142318,"/Date(1704439335000)/",5390,2500,15074400,77572000000,230,false,4.46
"HNG",142318,"/Date(1704439335000)/",5390,5500,15071900,77558000000,230,false,4.46
"HNG",142315,"/Date(1704439333000)/",5390,2000,15066400,77529000000,230,true,4.46
"HNG",142315,"/Date(1704439333000)/",5390,300,15064400,77518000000,230,true,4.46
"HNG",142315,"/Date(1704439333000)/",5390,1200,15064100,77516000000,230,true,4.46
"HNG",142312,"/Date(1704439329000)/",5400,500,15062900,77510000000,240,false,4.65
"HNG",142308,"/Date(1704439324000)/",5400,1300,15062400,77507000000,240,false,4.65
"HNG",142308,"/Date(1704439324000)/",5390,12000,15061100,77500000000,230,false,4.46
"HNG",142308,"/Date(1704439324000)/",5390,1000,15049100,77436000000,230,false,4.46
"HNG",142308,"/Date(1704439324000)/",5390,500,15048100,77430000000,230,false,4.46
"HNG",142308,"/Date(1704439324000)/",5390,200,15047600,77427000000,230,false,4.46
"HNG",142308,"/Date(1704439324000)/",5390,100,15047400,77426000000,230,false,4.46
"HNG",142308,"/Date(1704439324000)/",5390,300,15047300,77426000000,230,false,4.46
"HNG",142308,"/Date(1704439324000)/",5390,4600,15047000,77424000000,230,false,4.46
"HNG",142305,"/Date(1704439321000)/",5390,400,15042400,77399000000,230,false,4.46
"HNG",142305,"/Date(1704439321000)/",5390,400,15042000,77397000000,230,false,4.46
"HNG",142305,"/Date(1704439321000)/",5390,500,15041600,77395000000,230,false,4.46
"HNG",142305,"/Date(1704439321000)/",5390,700,15041100,77392000000,230,false,4.46
"HNG",142305,"/Date(1704439321000)/",5390,200,15040400,77389000000,230,false,4.46
"HNG",142305,"/Date(1704439321000)/",5390,1000,15040200,77388000000,230,false,4.46
"HNG",142305,"/Date(1704439321000)/",5390,100,15039200,77382000000,230,false,4.46
"HNG",142305,"/Date(1704439321000)/",5390,2000,15039100,77382000000,230,false,4.46
"HNG",142305,"/Date(1704439321000)/",5390,500,15037100,77371000000,230,false,4.46
"HNG",142305,"/Date(1704439321000)/",5390,1000,15036600,77368000000,230,false,4.46
"HNG",142305,"/Date(1704439321000)/",5390,3800,15035600,77363000000,230,false,4.46
"HNG",142305,"/Date(1704439321000)/",5380,6800,15031800,77342000000,220,true,4.26
"HNG",142305,"/Date(1704439321000)/",5380,11300,15025000,77306000000,220,true,4.26
"HNG",142305,"/Date(1704439321000)/",5380,200,15013700,77245000000,220,true,4.26
"HNG",142305,"/Date(1704439321000)/",5380,100,15013500,77244000000,220,true,4.26
"HNG",142305,"/Date(1704439321000)/",5380,21800,15013400,77243000000,220,true,4.26
"HNG",142302,"/Date(1704439319000)/",5390,1000,14991600,77126000000,230,false,4.46
"HNG",142302,"/Date(1704439318000)/",5380,2400,14990600,77121000000,220,true,4.26
"HNG",142302,"/Date(1704439318000)/",5390,200,14988200,77108000000,230,false,4.46
"HNG",142302,"/Date(1704439318000)/",5390,3000,14988000,77107000000,230,false,4.46
"HNG",142302,"/Date(1704439318000)/",5390,200,14985000,77090000000,230,false,4.46
"HNG",142259,"/Date(1704439317000)/",5390,4800,14984800,77089000000,230,false,4.46
"HNG",142259,"/Date(1704439317000)/",5390,2000,14980000,77064000000,230,false,4.46
"HNG",142259,"/Date(1704439317000)/",5390,1000,14978000,77053000000,230,false,4.46
"HNG",142259,"/Date(1704439317000)/",5380,1000,14977000,77047000000,220,false,4.26
"HNG",142259,"/Date(1704439317000)/",5380,1000,14976000,77042000000,220,false,4.26
"HNG",142259,"/Date(1704439317000)/",5380,200,14975000,77037000000,220,false,4.26
"HNG",142259,"/Date(1704439316000)/",5380,100,14974800,77036000000,220,false,4.26
"HNG",142259,"/Date(1704439316000)/",5380,500,14974700,77035000000,220,false,4.26
"HNG",142259,"/Date(1704439316000)/",5380,500,14974200,77032000000,220,false,4.26
"HNG",142259,"/Date(1704439316000)/",5380,1000,14973700,77030000000,220,false,4.26
"HNG",142259,"/Date(1704439316000)/",5380,3000,14972700,77024000000,220,false,4.26
"HNG",142259,"/Date(1704439316000)/",5380,700,14969700,77008000000,220,false,4.26
"HNG",142259,"/Date(1704439316000)/",5380,12400,14969000,77004000000,220,false,4.26
"HNG",142259,"/Date(1704439316000)/",5380,4600,14956600,76938000000,220,false,4.26
"HNG",142259,"/Date(1704439316000)/",5380,100,14952000,76913000000,220,false,4.26
"HNG",142256,"/Date(1704439313000)/",5380,800,14951900,76912000000,220,false,4.26
"HNG",142256,"/Date(1704439313000)/",5380,2000,14951100,76908000000,220,false,4.26
"HNG",142256,"/Date(1704439312000)/",5380,900,14949100,76897000000,220,false,4.26
"HNG",142256,"/Date(1704439311000)/",5380,1000,14948200,76892000000,220,false,4.26
"HNG",142252,"/Date(1704439310000)/",5380,5300,14947200,76887000000,220,false,4.26
"HNG",142249,"/Date(1704439307000)/",5380,1000,14941900,76859000000,220,false,4.26
"HNG",142249,"/Date(1704439305000)/",5380,11000,14940900,76853000000,220,false,4.26
"HNG",142246,"/Date(1704439304000)/",5370,2800,14929900,76794000000,210,true,4.07
"HNG",142246,"/Date(1704439304000)/",5370,6900,14927100,76779000000,210,true,4.07
"HNG",142246,"/Date(1704439304000)/",5370,300,14920200,76742000000,210,true,4.07
"HNG",142246,"/Date(1704439303000)/",5380,2200,14919900,76740000000,220,false,4.26
"HNG",142246,"/Date(1704439303000)/",5380,5000,14917700,76728000000,220,false,4.26
"HNG",142246,"/Date(1704439303000)/",5370,400,14912700,76702000000,210,true,4.07
"HNG",142246,"/Date(1704439303000)/",5380,500,14912300,76699000000,220,false,4.26
"HNG",142246,"/Date(1704439302000)/",5380,100,14911800,76697000000,220,false,4.26
"HNG",142243,"/Date(1704439301000)/",5370,300,14911700,76696000000,210,true,4.07
"HNG",142240,"/Date(1704439298000)/",5380,3100,14911400,76695000000,220,false,4.26
"HNG",142240,"/Date(1704439298000)/",5380,1800,14908300,76678000000,220,false,4.26
"HNG",142240,"/Date(1704439298000)/",5370,1100,14906500,76668000000,210,false,4.07
"HNG",142240,"/Date(1704439296000)/",5370,100,14905400,76662000000,210,false,4.07
"HNG",142240,"/Date(1704439296000)/",5370,500,14905300,76662000000,210,false,4.07
"HNG",142240,"/Date(1704439296000)/",5370,300,14904800,76659000000,210,false,4.07
"HNG",142233,"/Date(1704439291000)/",5380,1000,14904500,76657000000,220,false,4.26
"HNG",142233,"/Date(1704439291000)/",5380,7400,14903500,76652000000,220,false,4.26
"HNG",142233,"/Date(1704439291000)/",5380,1500,14896100,76612000000,220,false,4.26
"HNG",142233,"/Date(1704439291000)/",5380,1000,14894600,76604000000,220,false,4.26
"HNG",142233,"/Date(1704439291000)/",5370,100,14893600,76599000000,210,false,4.07
"HNG",142233,"/Date(1704439291000)/",5370,900,14893500,76598000000,210,false,4.07
"HNG",142233,"/Date(1704439291000)/",5370,3200,14892600,76593000000,210,false,4.07
"HNG",142233,"/Date(1704439291000)/",5370,100,14889400,76576000000,210,false,4.07
"HNG",142233,"/Date(1704439291000)/",5370,1800,14889300,76576000000,210,false,4.07
"HNG",142233,"/Date(1704439290000)/",5360,4300,14887500,76566000000,200,true,3.88
"HNG",142233,"/Date(1704439290000)/",5360,500,14883200,76543000000,200,true,3.88
"HNG",142233,"/Date(1704439290000)/",5360,4000,14882700,76540000000,200,true,3.88
"HNG",142233,"/Date(1704439290000)/",5360,10000,14878700,76519000000,200,true,3.88
"HNG",142233,"/Date(1704439290000)/",5360,5300,14868700,76465000000,200,true,3.88
"HNG",142233,"/Date(1704439290000)/",5360,4600,14863400,76437000000,200,true,3.88
"HNG",142233,"/Date(1704439290000)/",5360,1300,14858800,76412000000,200,true,3.88
"HNG",142230,"/Date(1704439287000)/",5370,200,14857500,76405000000,210,false,4.07
"HNG",142227,"/Date(1704439283000)/",5370,3000,14857300,76404000000,210,false,4.07
"HNG",142227,"/Date(1704439283000)/",5370,100,14854300,76388000000,210,false,4.07
"HNG",142227,"/Date(1704439283000)/",5370,200,14854200,76388000000,210,false,4.07
"HNG",142227,"/Date(1704439283000)/",5370,100,14854000,76386000000,210,false,4.07
"HNG",142227,"/Date(1704439283000)/",5370,5000,14853900,76386000000,210,false,4.07
"HNG",142227,"/Date(1704439283000)/",5370,800,14848900,76359000000,210,false,4.07
"HNG",142227,"/Date(1704439283000)/",5370,300,14848100,76355000000,210,false,4.07
"HNG",142227,"/Date(1704439283000)/",5370,500,14847800,76353000000,210,false,4.07
"HNG",142227,"/Date(1704439283000)/",5370,500,14847300,76350000000,210,false,4.07
"HNG",142223,"/Date(1704439281000)/",5360,100,14846800,76348000000,200,true,3.88
"HNG",142223,"/Date(1704439281000)/",5360,100,14846700,76347000000,200,true,3.88
"HNG",142223,"/Date(1704439281000)/",5360,3000,14846600,76347000000,200,true,3.88
"HNG",142223,"/Date(1704439281000)/",5360,200,14843600,76331000000,200,true,3.88
"HNG",142223,"/Date(1704439281000)/",5360,500,14843400,76330000000,200,true,3.88
"HNG",142223,"/Date(1704439281000)/",5360,6100,14842900,76327000000,200,true,3.88
"HNG",142223,"/Date(1704439281000)/",5360,22200,14836800,76294000000,200,true,3.88
"HNG",142223,"/Date(1704439280000)/",5360,5400,14814600,76175000000,200,true,3.88
"HNG",142223,"/Date(1704439280000)/",5360,4000,14809200,76146000000,200,true,3.88
"HNG",142223,"/Date(1704439280000)/",5360,5000,14805200,76125000000,200,true,3.88
"HNG",142223,"/Date(1704439280000)/",5360,7300,14800200,76098000000,200,true,3.88
"HNG",142223,"/Date(1704439280000)/",5360,200,14792900,76059000000,200,true,3.88
"HNG",142223,"/Date(1704439280000)/",5360,400,14792700,76058000000,200,true,3.88
"HNG",142223,"/Date(1704439280000)/",5360,1300,14792300,76056000000,200,true,3.88
"HNG",142223,"/Date(1704439280000)/",5360,5000,14791000,76049000000,200,true,3.88
"HNG",142223,"/Date(1704439280000)/",5360,3800,14786000,76022000000,200,true,3.88
"HNG",142223,"/Date(1704439279000)/",5360,400,14782200,76002000000,200,true,3.88
"HNG",142223,"/Date(1704439279000)/",5360,41000,14781800,75999000000,200,true,3.88
"HNG",142220,"/Date(1704439279000)/",5360,1000,14740800,75780000000,200,false,3.88
"HNG",142220,"/Date(1704439279000)/",5360,2700,14739800,75774000000,200,false,3.88
"HNG",142220,"/Date(1704439277000)/",5360,40000,14737100,75760000000,200,false,3.88
"HNG",142220,"/Date(1704439277000)/",5360,100,14697100,75545000000,200,false,3.88
"HNG",142220,"/Date(1704439277000)/",5360,1000,14697000,75545000000,200,false,3.88
"HNG",142217,"/Date(1704439274000)/",5360,500,14696000,75540000000,200,false,3.88
"HNG",142214,"/Date(1704439272000)/",5360,1000,14695500,75537000000,200,false,3.88
"HNG",142214,"/Date(1704439271000)/",5360,700,14694500,75531000000,200,false,3.88
"HNG",142214,"/Date(1704439271000)/",5360,1200,14693800,75528000000,200,false,3.88
"HNG",142214,"/Date(1704439271000)/",5360,2700,14692600,75521000000,200,false,3.88
"HNG",142214,"/Date(1704439269000)/",5360,500,14689900,75507000000,200,false,3.88
"HNG",142211,"/Date(1704439268000)/",5360,5000,14689400,75504000000,200,false,3.88
"HNG",142207,"/Date(1704439264000)/",5360,48400,14684400,75477000000,200,false,3.88
"HNG",142207,"/Date(1704439264000)/",5360,400,14636000,75218000000,200,false,3.88
"HNG",142207,"/Date(1704439264000)/",5360,500,14635600,75216000000,200,false,3.88
"HNG",142207,"/Date(1704439264000)/",5360,1300,14635100,75213000000,200,false,3.88
"HNG",142207,"/Date(1704439264000)/",5360,1000,14633800,75206000000,200,false,3.88
"HNG",142207,"/Date(1704439264000)/",5360,4000,14632800,75201000000,200,false,3.88
"HNG",142207,"/Date(1704439264000)/",5360,300,14628800,75179000000,200,false,3.88
"HNG",142207,"/Date(1704439264000)/",5360,100,14628500,75178000000,200,false,3.88
"HNG",142204,"/Date(1704439263000)/",5360,400,14628400,75177000000,200,false,3.88
"HNG",142201,"/Date(1704439258000)/",5350,1000,14628000,75175000000,190,true,3.68
"HNG",142158,"/Date(1704439256000)/",5360,500,14627000,75170000000,200,false,3.88
"HNG",142158,"/Date(1704439256000)/",5360,800,14626500,75167000000,200,false,3.88
"HNG",142158,"/Date(1704439256000)/",5360,2000,14625700,75163000000,200,false,3.88
"HNG",142158,"/Date(1704439256000)/",5360,300,14623700,75152000000,200,false,3.88
"HNG",142158,"/Date(1704439256000)/",5360,300,14623400,75150000000,200,false,3.88
"HNG",142158,"/Date(1704439256000)/",5360,25000,14623100,75149000000,200,false,3.88
"HNG",142158,"/Date(1704439256000)/",5360,100,14598100,75015000000,200,false,3.88
"HNG",142158,"/Date(1704439256000)/",5360,100,14598000,75014000000,200,false,3.88
"HNG",142158,"/Date(1704439256000)/",5360,1000,14597900,75014000000,200,false,3.88
"HNG",142158,"/Date(1704439256000)/",5360,13500,14596900,75008000000,200,false,3.88
"HNG",142158,"/Date(1704439256000)/",5360,100,14583400,74936000000,200,false,3.88
"HNG",142158,"/Date(1704439256000)/",5360,3000,14583300,74935000000,200,false,3.88
"HNG",142158,"/Date(1704439256000)/",5360,600,14580300,74919000000,200,false,3.88
"HNG",142158,"/Date(1704439256000)/",5360,300,14579700,74916000000,200,false,3.88
"HNG",142158,"/Date(1704439256000)/",5360,500,14579400,74915000000,200,false,3.88
"HNG",142158,"/Date(1704439256000)/",5360,400,14578900,74912000000,200,false,3.88
"HNG",142158,"/Date(1704439256000)/",5360,100,14578500,74910000000,200,false,3.88
"HNG",142158,"/Date(1704439256000)/",5350,50000,14578400,74909000000,190,false,3.68
"HNG",142158,"/Date(1704439256000)/",5350,5000,14528400,74642000000,190,false,3.68
"HNG",142158,"/Date(1704439256000)/",5350,100,14523400,74615000000,190,false,3.68
"HNG",142158,"/Date(1704439256000)/",5350,3000,14523300,74614000000,190,false,3.68
"HNG",142158,"/Date(1704439256000)/",5350,400,14520300,74598000000,190,false,3.68
"HNG",142158,"/Date(1704439256000)/",5350,5000,14519900,74596000000,190,false,3.68
"HNG",142158,"/Date(1704439256000)/",5350,2000,14514900,74569000000,190,false,3.68
"HNG",142158,"/Date(1704439256000)/",5350,7000,14512900,74559000000,190,false,3.68
"HNG",142158,"/Date(1704439256000)/",5350,1000,14505900,74521000000,190,false,3.68
"HNG",142158,"/Date(1704439256000)/",5350,3000,14504900,74516000000,190,false,3.68
"HNG",142158,"/Date(1704439256000)/",5350,1000,14501900,74500000000,190,false,3.68
"HNG",142158,"/Date(1704439256000)/",5350,5000,14500900,74495000000,190,false,3.68
"HNG",142158,"/Date(1704439256000)/",5350,2000,14495900,74468000000,190,false,3.68
"HNG",142158,"/Date(1704439256000)/",5350,2000,14493900,74457000000,190,false,3.68
"HNG",142158,"/Date(1704439256000)/",5350,1000,14491900,74446000000,190,false,3.68
"HNG",142158,"/Date(1704439256000)/",5350,800,14490900,74441000000,190,false,3.68
"HNG",142158,"/Date(1704439256000)/",5350,1300,14490100,74437000000,190,false,3.68
"HNG",142158,"/Date(1704439256000)/",5350,700,14488800,74430000000,190,false,3.68
"HNG",142158,"/Date(1704439256000)/",5350,2000,14488100,74426000000,190,false,3.68
"HNG",142158,"/Date(1704439256000)/",5350,5500,14486100,74415000000,190,false,3.68
"HNG",142158,"/Date(1704439256000)/",5350,1600,14480600,74386000000,190,false,3.68
"HNG",142158,"/Date(1704439256000)/",5340,1000,14479000,74377000000,180,true,3.49
"HNG",142158,"/Date(1704439255000)/",5350,1000,14478000,74372000000,190,false,3.68
"HNG",142158,"/Date(1704439255000)/",5350,900,14477000,74367000000,190,false,3.68
"HNG",142155,"/Date(1704439253000)/",5350,3000,14476100,74362000000,190,false,3.68
"HNG",142155,"/Date(1704439253000)/",5350,500,14473100,74346000000,190,false,3.68
"HNG",142155,"/Date(1704439253000)/",5350,3000,14472600,74343000000,190,false,3.68
"HNG",142155,"/Date(1704439253000)/",5350,2600,14469600,74327000000,190,false,3.68
"HNG",142155,"/Date(1704439253000)/",5340,2000,14467000,74313000000,180,true,3.49
"HNG",142155,"/Date(1704439252000)/",5350,5000,14465000,74303000000,190,false,3.68
"HNG",142155,"/Date(1704439252000)/",5350,5000,14460000,74276000000,190,false,3.68
"HNG",142155,"/Date(1704439251000)/",5350,2400,14455000,74249000000,190,false,3.68
"HNG",142155,"/Date(1704439251000)/",5350,300,14452600,74236000000,190,false,3.68
"HNG",142155,"/Date(1704439251000)/",5350,500,14452300,74235000000,190,false,3.68
"HNG",142155,"/Date(1704439251000)/",5350,400,14451800,74232000000,190,false,3.68
"HNG",142155,"/Date(1704439251000)/",5350,100,14451400,74230000000,190,false,3.68
"HNG",142151,"/Date(1704439250000)/",5350,2900,14451300,74229000000,190,false,3.68
"HNG",142151,"/Date(1704439250000)/",5350,2000,14448400,74214000000,190,false,3.68
"HNG",142151,"/Date(1704439250000)/",5350,1000,14446400,74203000000,190,false,3.68
"HNG",142151,"/Date(1704439250000)/",5350,5000,14445400,74198000000,190,false,3.68
"HNG",142151,"/Date(1704439250000)/",5350,100,14440400,74171000000,190,false,3.68
"HNG",142151,"/Date(1704439250000)/",5350,100,14440300,74170000000,190,false,3.68
"HNG",142151,"/Date(1704439250000)/",5350,500,14440200,74170000000,190,false,3.68
"HNG",142151,"/Date(1704439250000)/",5350,1000,14439700,74167000000,190,false,3.68
"HNG",142151,"/Date(1704439250000)/",5350,100,14438700,74162000000,190,false,3.68
"HNG",142151,"/Date(1704439250000)/",5350,200,14438600,74161000000,190,false,3.68
"HNG",142151,"/Date(1704439250000)/",5350,500,14438400,74160000000,190,false,3.68
"HNG",142151,"/Date(1704439250000)/",5350,1000,14437900,74158000000,190,false,3.68
"HNG",142151,"/Date(1704439250000)/",5350,1000,14436900,74152000000,190,false,3.68
"HNG",142151,"/Date(1704439250000)/",5350,2000,14435900,74147000000,190,false,3.68
"HNG",142151,"/Date(1704439250000)/",5350,100,14433900,74136000000,190,false,3.68
"HNG",142151,"/Date(1704439250000)/",5350,500,14433800,74136000000,190,false,3.68
"HNG",142151,"/Date(1704439250000)/",5350,2000,14433300,74133000000,190,false,3.68
"HNG",142151,"/Date(1704439248000)/",5350,2000,14431300,74122000000,190,false,3.68
"HNG",142151,"/Date(1704439248000)/",5350,5000,14429300,74112000000,190,false,3.68
"HNG",142148,"/Date(1704439247000)/",5350,100,14424300,74085000000,190,false,3.68
"HNG",142148,"/Date(1704439247000)/",5350,100,14424200,74084000000,190,false,3.68
"HNG",142148,"/Date(1704439247000)/",5350,100,14424100,74084000000,190,false,3.68
"HNG",142148,"/Date(1704439247000)/",5350,2000,14424000,74083000000,190,false,3.68
"HNG",142148,"/Date(1704439247000)/",5350,2700,14422000,74072000000,190,false,3.68
"HNG",142148,"/Date(1704439246000)/",5350,8000,14419300,74058000000,190,false,3.68
"HNG",142148,"/Date(1704439245000)/",5350,4000,14411300,74015000000,190,false,3.68
"HNG",142148,"/Date(1704439245000)/",5350,40000,14407300,73994000000,190,false,3.68
"HNG",142148,"/Date(1704439244000)/",5350,1700,14367300,73780000000,190,false,3.68
"HNG",142148,"/Date(1704439244000)/",5350,4000,14365600,73771000000,190,false,3.68
"HNG",142145,"/Date(1704439243000)/",5350,4900,14361600,73749000000,190,false,3.68
"HNG",142145,"/Date(1704439242000)/",5350,10000,14356700,73723000000,190,false,3.68
"HNG",142145,"/Date(1704439242000)/",5350,1000,14346700,73670000000,190,false,3.68
"HNG",142145,"/Date(1704439242000)/",5350,3400,14345700,73664000000,190,false,3.68
"HNG",142145,"/Date(1704439242000)/",5350,300,14342300,73646000000,190,false,3.68
"HNG",142145,"/Date(1704439242000)/",5350,100,14342000,73644000000,190,false,3.68
"HNG",142145,"/Date(1704439242000)/",5350,400,14341900,73644000000,190,false,3.68
"HNG",142145,"/Date(1704439242000)/",5350,600,14341500,73642000000,190,false,3.68
"HNG",142145,"/Date(1704439242000)/",5350,100,14340900,73639000000,190,false,3.68
"HNG",142145,"/Date(1704439242000)/",5350,300,14340800,73638000000,190,false,3.68
"HNG",142145,"/Date(1704439242000)/",5350,200,14340500,73636000000,190,false,3.68
"HNG",142145,"/Date(1704439242000)/",5350,500,14340300,73635000000,190,false,3.68
"HNG",142145,"/Date(1704439242000)/",5350,1300,14339800,73633000000,190,false,3.68
"HNG",142142,"/Date(1704439238000)/",5350,200,14338500,73626000000,190,false,3.68
"HNG",142139,"/Date(1704439237000)/",5350,900,14338300,73625000000,190,false,3.68
"HNG",142139,"/Date(1704439236000)/",5350,400,14337400,73620000000,190,false,3.68
"HNG",142139,"/Date(1704439236000)/",5340,500,14337000,73618000000,180,true,3.49
"HNG",142139,"/Date(1704439236000)/",5340,500,14336500,73615000000,180,true,3.49
"HNG",142139,"/Date(1704439235000)/",5340,1700,14336000,73612000000,180,true,3.49
"HNG",142132,"/Date(1704439230000)/",5340,2000,14334300,73603000000,180,true,3.49
"HNG",142132,"/Date(1704439230000)/",5340,500,14332300,73593000000,180,true,3.49
"HNG",142129,"/Date(1704439227000)/",5340,5000,14331800,73590000000,180,true,3.49
"HNG",142129,"/Date(1704439226000)/",5350,1000,14326800,73563000000,190,false,3.68
"HNG",142129,"/Date(1704439226000)/",5340,10000,14325800,73558000000,180,true,3.49
"HNG",142129,"/Date(1704439225000)/",5340,1600,14315800,73505000000,180,true,3.49
"HNG",142129,"/Date(1704439225000)/",5340,1400,14314200,73496000000,180,true,3.49
"HNG",142129,"/Date(1704439225000)/",5340,1600,14312800,73488000000,180,true,3.49
"HNG",142126,"/Date(1704439224000)/",5340,3000,14311200,73480000000,180,false,3.49
"HNG",142126,"/Date(1704439223000)/",5340,95400,14308200,73464000000,180,false,3.49
"HNG",142126,"/Date(1704439223000)/",5340,100,14212800,72954000000,180,false,3.49
"HNG",142126,"/Date(1704439223000)/",5340,400,14212700,72954000000,180,false,3.49
"HNG",142126,"/Date(1704439223000)/",5340,500,14212300,72952000000,180,false,3.49
"HNG",142126,"/Date(1704439223000)/",5340,100,14211800,72949000000,180,false,3.49
"HNG",142126,"/Date(1704439223000)/",5340,500,14211700,72949000000,180,false,3.49
"HNG",142126,"/Date(1704439223000)/",5340,500,14211200,72946000000,180,false,3.49
"HNG",142126,"/Date(1704439223000)/",5340,200,14210700,72943000000,180,false,3.49
"HNG",142126,"/Date(1704439223000)/",5340,200,14210500,72942000000,180,false,3.49
"HNG",142126,"/Date(1704439223000)/",5340,100,14210300,72941000000,180,false,3.49
"HNG",142126,"/Date(1704439223000)/",5340,100,14210200,72941000000,180,false,3.49
"HNG",142113,"/Date(1704439210000)/",5330,1000,14210100,72940000000,170,false,3.29
"HNG",142113,"/Date(1704439210000)/",5330,900,14209100,72935000000,170,false,3.29
"HNG",142113,"/Date(1704439210000)/",5330,100,14208200,72930000000,170,false,3.29
"HNG",142113,"/Date(1704439209000)/",5330,1200,14208100,72929000000,170,false,3.29
"HNG",142113,"/Date(1704439209000)/",5330,2000,14206900,72923000000,170,false,3.29
"HNG",142110,"/Date(1704439209000)/",5330,100,14204900,72912000000,170,false,3.29
"HNG",142110,"/Date(1704439209000)/",5330,3000,14204800,72912000000,170,false,3.29
"HNG",142110,"/Date(1704439209000)/",5330,3700,14201800,72896000000,170,false,3.29
"HNG",142110,"/Date(1704439207000)/",5330,600,14198100,72876000000,170,false,3.29
"HNG",142110,"/Date(1704439206000)/",5330,5700,14197500,72873000000,170,false,3.29
"HNG",142110,"/Date(1704439206000)/",5330,100,14191800,72843000000,170,false,3.29
"HNG",142110,"/Date(1704439206000)/",5330,800,14191700,72842000000,170,false,3.29
"HNG",142110,"/Date(1704439206000)/",5330,500,14190900,72838000000,170,false,3.29
"HNG",142110,"/Date(1704439206000)/",5330,100,14190400,72835000000,170,false,3.29
"HNG",142110,"/Date(1704439206000)/",5330,500,14190300,72835000000,170,false,3.29
"HNG",142110,"/Date(1704439206000)/",5330,500,14189800,72832000000,170,false,3.29
"HNG",142110,"/Date(1704439206000)/",5330,3800,14189300,72829000000,170,false,3.29
"HNG",142107,"/Date(1704439204000)/",5330,1000,14185500,72809000000,170,false,3.29
"HNG",142107,"/Date(1704439203000)/",5330,200,14184500,72804000000,170,false,3.29
"HNG",142100,"/Date(1704439199000)/",5320,100,14184300,72803000000,160,false,3.1
"HNG",142100,"/Date(1704439199000)/",5320,600,14184200,72802000000,160,false,3.1
"HNG",142100,"/Date(1704439199000)/",5320,400,14183600,72799000000,160,false,3.1
"HNG",142100,"/Date(1704439198000)/",5320,100,14183200,72797000000,160,false,3.1
"HNG",142100,"/Date(1704439197000)/",5320,300,14183100,72796000000,160,false,3.1
"HNG",142100,"/Date(1704439197000)/",5320,3000,14182800,72795000000,160,false,3.1
"HNG",142100,"/Date(1704439197000)/",5320,100,14179800,72779000000,160,false,3.1
"HNG",142100,"/Date(1704439197000)/",5320,1600,14179700,72778000000,160,false,3.1
"HNG",142100,"/Date(1704439197000)/",5320,2000,14178100,72770000000,160,false,3.1
"HNG",142100,"/Date(1704439196000)/",5320,1000,14176100,72759000000,160,false,3.1
"HNG",142057,"/Date(1704439194000)/",5320,1000,14175100,72754000000,160,false,3.1
"HNG",142057,"/Date(1704439194000)/",5320,4400,14174100,72748000000,160,false,3.1
"HNG",142057,"/Date(1704439194000)/",5320,500,14169700,72725000000,160,false,3.1
"HNG",142057,"/Date(1704439194000)/",5320,100,14169200,72722000000,160,false,3.1
"HNG",142057,"/Date(1704439193000)/",5310,1000,14169100,72722000000,150,true,2.91
"HNG",142054,"/Date(1704439192000)/",5320,400,14168100,72716000000,160,false,3.1
"HNG",142054,"/Date(1704439192000)/",5320,600,14167700,72714000000,160,false,3.1
"HNG",142054,"/Date(1704439192000)/",5320,600,14167100,72711000000,160,false,3.1
"HNG",142054,"/Date(1704439192000)/",5320,400,14166500,72708000000,160,false,3.1
"HNG",142051,"/Date(1704439187000)/",5320,1000,14166100,72706000000,160,false,3.1
"HNG",142047,"/Date(1704439185000)/",5310,100,14165100,72700000000,150,true,2.91
"HNG",142047,"/Date(1704439185000)/",5320,1700,14165000,72700000000,160,false,3.1
"HNG",142041,"/Date(1704439179000)/",5310,100,14163300,72691000000,150,true,2.91
"HNG",142038,"/Date(1704439174000)/",5310,1200,14163200,72690000000,150,true,2.91
"HNG",142038,"/Date(1704439174000)/",5310,200,14162000,72684000000,150,true,2.91
"HNG",142038,"/Date(1704439174000)/",5310,2000,14161800,72683000000,150,true,2.91
"HNG",142035,"/Date(1704439173000)/",5310,1000,14159800,72672000000,150,false,2.91
"HNG",142035,"/Date(1704439173000)/",5310,100,14158800,72667000000,150,false,2.91
"HNG",142035,"/Date(1704439173000)/",5310,200,14158700,72666000000,150,false,2.91
"HNG",142035,"/Date(1704439173000)/",5310,500,14158500,72665000000,150,false,2.91
"HNG",142035,"/Date(1704439173000)/",5310,500,14158000,72663000000,150,false,2.91
"HNG",142035,"/Date(1704439173000)/",5310,500,14157500,72660000000,150,false,2.91
"HNG",142035,"/Date(1704439173000)/",5310,1400,14157000,72657000000,150,false,2.91
"HNG",142035,"/Date(1704439171000)/",5310,500,14155600,72650000000,150,false,2.91
"HNG",142028,"/Date(1704439166000)/",5300,2800,14155100,72647000000,140,true,2.71
"HNG",142028,"/Date(1704439166000)/",5300,200,14152300,72632000000,140,true,2.71
"HNG",142028,"/Date(1704439164000)/",5300,400,14152100,72631000000,140,true,2.71
"HNG",142025,"/Date(1704439164000)/",5300,400,14151700,72629000000,140,true,2.71
"HNG",142025,"/Date(1704439164000)/",5300,1600,14151300,72627000000,140,true,2.71
"HNG",142025,"/Date(1704439164000)/",5300,400,14149700,72619000000,140,true,2.71
"HNG",142025,"/Date(1704439163000)/",5300,9600,14149300,72617000000,140,true,2.71
"HNG",142025,"/Date(1704439163000)/",5300,400,14139700,72566000000,140,true,2.71
"HNG",142025,"/Date(1704439163000)/",5300,100,14139300,72564000000,140,true,2.71
"HNG",142025,"/Date(1704439163000)/",5300,1500,14139200,72563000000,140,true,2.71
"HNG",142025,"/Date(1704439163000)/",5300,400,14137700,72555000000,140,true,2.71
"HNG",142025,"/Date(1704439162000)/",5300,100,14137300,72553000000,140,true,2.71
"HNG",142025,"/Date(1704439162000)/",5300,2000,14137200,72552000000,140,true,2.71
"HNG",142025,"/Date(1704439162000)/",5300,4500,14135200,72542000000,140,true,2.71
"HNG",142025,"/Date(1704439161000)/",5300,100,14130700,72518000000,140,true,2.71
"HNG",142025,"/Date(1704439161000)/",5300,1000,14130600,72517000000,140,true,2.71
"HNG",142025,"/Date(1704439161000)/",5300,4400,14129600,72512000000,140,true,2.71
"HNG",142025,"/Date(1704439161000)/",5300,5000,14125200,72489000000,140,true,2.71
"HNG",142025,"/Date(1704439161000)/",5300,500,14120200,72462000000,140,true,2.71
"HNG",142025,"/Date(1704439161000)/",5300,100,14119700,72460000000,140,true,2.71
"HNG",142025,"/Date(1704439161000)/",5300,100,14119600,72459000000,140,true,2.71
"HNG",142022,"/Date(1704439161000)/",5300,16000,14119500,72459000000,140,false,2.71
"HNG",142022,"/Date(1704439161000)/",5300,2700,14103500,72374000000,140,false,2.71
"HNG",142022,"/Date(1704439160000)/",5300,7300,14100800,72360000000,140,false,2.71
"HNG",142022,"/Date(1704439160000)/",5300,1000,14093500,72321000000,140,false,2.71
"HNG",142022,"/Date(1704439160000)/",5300,1700,14092500,72316000000,140,false,2.71
"HNG",142022,"/Date(1704439158000)/",5300,300,14090800,72307000000,140,false,2.71
"HNG",142022,"/Date(1704439158000)/",5300,5000,14090500,72305000000,140,false,2.71
"HNG",142022,"/Date(1704439158000)/",5300,500,14085500,72278000000,140,false,2.71
"HNG",142022,"/Date(1704439158000)/",5300,200,14085000,72276000000,140,false,2.71
"HNG",142022,"/Date(1704439158000)/",5300,300,14084800,72275000000,140,false,2.71
"HNG",142022,"/Date(1704439158000)/",5300,1000,14084500,72273000000,140,false,2.71
"HNG",142022,"/Date(1704439158000)/",5300,200,14083500,72268000000,140,false,2.71
"HNG",142022,"/Date(1704439158000)/",5300,5000,14083300,72267000000,140,false,2.71
"HNG",142022,"/Date(1704439158000)/",5300,100,14078300,72240000000,140,false,2.71
"HNG",142022,"/Date(1704439158000)/",5300,3000,14078200,72240000000,140,false,2.71
"HNG",142022,"/Date(1704439158000)/",5300,17000,14075200,72224000000,140,false,2.71
"HNG",142022,"/Date(1704439158000)/",5300,500,14058200,72134000000,140,false,2.71
"HNG",142022,"/Date(1704439158000)/",5300,100,14057700,72131000000,140,false,2.71
"HNG",142022,"/Date(1704439158000)/",5300,15000,14057600,72131000000,140,false,2.71
"HNG",142022,"/Date(1704439158000)/",5300,12000,14042600,72051000000,140,false,2.71
"HNG",142022,"/Date(1704439158000)/",5300,1000,14030600,71987000000,140,false,2.71
"HNG",142022,"/Date(1704439158000)/",5300,1000,14029600,71982000000,140,false,2.71
"HNG",142022,"/Date(1704439158000)/",5300,100,14028600,71977000000,140,false,2.71
"HNG",142022,"/Date(1704439158000)/",5300,1000,14028500,71976000000,140,false,2.71
"HNG",142022,"/Date(1704439158000)/",5300,600,14027500,71971000000,140,false,2.71
"HNG",142022,"/Date(1704439158000)/",5300,1000,14026900,71968000000,140,false,2.71
"HNG",142022,"/Date(1704439158000)/",5300,1000,14025900,71963000000,140,false,2.71
"HNG",142022,"/Date(1704439158000)/",5300,2000,14024900,71957000000,140,false,2.71
"HNG",142022,"/Date(1704439158000)/",5300,10000,14022900,71947000000,140,false,2.71
"HNG",142022,"/Date(1704439158000)/",5300,600,14012900,71894000000,140,false,2.71
"HNG",142022,"/Date(1704439158000)/",5300,500,14012300,71890000000,140,false,2.71
"HNG",142022,"/Date(1704439158000)/",5300,1000,14011800,71888000000,140,false,2.71
"HNG",142022,"/Date(1704439158000)/",5300,16900,14010800,71883000000,140,false,2.71
"HNG",142022,"/Date(1704439158000)/",5300,300,13993900,71793000000,140,false,2.71
"HNG",142022,"/Date(1704439158000)/",5300,300,13993600,71791000000,140,false,2.71
"HNG",142022,"/Date(1704439158000)/",5300,200,13993300,71790000000,140,false,2.71
"HNG",142022,"/Date(1704439158000)/",5300,2300,13993100,71789000000,140,false,2.71
"HNG",142019,"/Date(1704439157000)/",5300,1200,13990800,71777000000,140,false,2.71
"HNG",142019,"/Date(1704439157000)/",5300,3000,13989600,71770000000,140,false,2.71
"HNG",142019,"/Date(1704439156000)/",5300,2000,13986600,71754000000,140,false,2.71
"HNG",142019,"/Date(1704439155000)/",5300,2000,13984600,71744000000,140,false,2.71
"HNG",142015,"/Date(1704439154000)/",5300,900,13982600,71733000000,140,false,2.71
"HNG",142012,"/Date(1704439151000)/",5300,5000,13981700,71728000000,140,false,2.71
"HNG",142012,"/Date(1704439149000)/",5300,500,13976700,71702000000,140,false,2.71
"HNG",142009,"/Date(1704439148000)/",5290,500,13976200,71699000000,130,true,2.52
"HNG",142009,"/Date(1704439147000)/",5300,5000,13975700,71696000000,140,false,2.71
"HNG",142009,"/Date(1704439146000)/",5300,1000,13970700,71670000000,140,false,2.71
"HNG",142006,"/Date(1704439145000)/",5300,500,13969700,71665000000,140,false,2.71
"HNG",142006,"/Date(1704439142000)/",5290,1000,13969200,71662000000,130,true,2.52
"HNG",142006,"/Date(1704439142000)/",5300,5600,13968200,71657000000,140,false,2.71
"HNG",142006,"/Date(1704439142000)/",5300,5000,13962600,71627000000,140,false,2.71
"HNG",142006,"/Date(1704439142000)/",5300,100,13957600,71601000000,140,false,2.71
"HNG",142006,"/Date(1704439142000)/",5300,2200,13957500,71600000000,140,false,2.71
"HNG",142006,"/Date(1704439142000)/",5300,18100,13955300,71588000000,140,false,2.71
"HNG",142006,"/Date(1704439142000)/",5290,200,13937200,71492000000,130,true,2.52
"HNG",142006,"/Date(1704439142000)/",5290,300,13937000,71491000000,130,true,2.52
"HNG",142003,"/Date(1704439141000)/",5290,100,13936700,71490000000,130,true,2.52
"HNG",142003,"/Date(1704439140000)/",5300,200,13936600,71489000000,140,false,2.71
"HNG",142003,"/Date(1704439138000)/",5300,100,13936400,71488000000,140,false,2.71
"HNG",141959,"/Date(1704439138000)/",5300,200,13936300,71488000000,140,false,2.71
"HNG",141959,"/Date(1704439136000)/",5290,2000,13936100,71487000000,130,true,2.52
"HNG",141956,"/Date(1704439134000)/",5290,100,13934100,71476000000,130,true,2.52
"HNG",141956,"/Date(1704439134000)/",5300,1000,13934000,71476000000,140,false,2.71
"HNG",141953,"/Date(1704439132000)/",5300,1000,13933000,71470000000,140,false,2.71
"HNG",141953,"/Date(1704439131000)/",5290,500,13932000,71465000000,130,true,2.52
"HNG",141946,"/Date(1704439124000)/",5300,9400,13931500,71462000000,140,false,2.71
"HNG",141946,"/Date(1704439124000)/",5300,100,13922100,71412000000,140,false,2.71
"HNG",141946,"/Date(1704439124000)/",5300,500,13922000,71412000000,140,false,2.71
"HNG",141946,"/Date(1704439122000)/",5300,2500,13921500,71409000000,140,false,2.71
"HNG",141946,"/Date(1704439122000)/",5300,200,13919000,71396000000,140,false,2.71
"HNG",141946,"/Date(1704439122000)/",5300,1000,13918800,71395000000,140,false,2.71
"HNG",141946,"/Date(1704439122000)/",5300,500,13917800,71390000000,140,false,2.71
"HNG",141946,"/Date(1704439122000)/",5300,2000,13917300,71387000000,140,false,2.71
"HNG",141946,"/Date(1704439122000)/",5300,10000,13915300,71376000000,140,false,2.71
"HNG",141946,"/Date(1704439122000)/",5300,4000,13905300,71323000000,140,false,2.71
"HNG",141946,"/Date(1704439122000)/",5300,100,13901300,71302000000,140,false,2.71
"HNG",141946,"/Date(1704439122000)/",5300,1000,13901200,71302000000,140,false,2.71
"HNG",141946,"/Date(1704439122000)/",5300,3000,13900200,71296000000,140,false,2.71
"HNG",141946,"/Date(1704439122000)/",5300,2000,13897200,71280000000,140,false,2.71
"HNG",141946,"/Date(1704439122000)/",5300,200,13895200,71270000000,140,false,2.71
"HNG",141946,"/Date(1704439122000)/",5300,1000,13895000,71269000000,140,false,2.71
"HNG",141946,"/Date(1704439122000)/",5300,500,13894000,71264000000,140,false,2.71
"HNG",141946,"/Date(1704439122000)/",5300,200,13893500,71261000000,140,false,2.71
"HNG",141946,"/Date(1704439122000)/",5300,30000,13893300,71260000000,140,false,2.71
"HNG",141946,"/Date(1704439122000)/",5300,1000,13863300,71101000000,140,false,2.71
"HNG",141946,"/Date(1704439122000)/",5300,5800,13862300,71096000000,140,false,2.71
"HNG",141943,"/Date(1704439122000)/",5290,7000,13856500,71065000000,130,true,2.52
"HNG",141943,"/Date(1704439122000)/",5290,3000,13849500,71028000000,130,true,2.52
"HNG",141943,"/Date(1704439122000)/",5300,500,13846500,71012000000,140,false,2.71
"HNG",141943,"/Date(1704439120000)/",5300,100,13846000,71009000000,140,false,2.71
"HNG",141943,"/Date(1704439120000)/",5300,200,13845900,71009000000,140,false,2.71
"HNG",141943,"/Date(1704439120000)/",5300,100,13845700,71008000000,140,false,2.71
"HNG",141940,"/Date(1704439117000)/",5290,1500,13845600,71007000000,130,true,2.52
"HNG",141940,"/Date(1704439117000)/",5290,2000,13844100,70999000000,130,true,2.52
"HNG",141940,"/Date(1704439117000)/",5290,10000,13842100,70989000000,130,true,2.52
"HNG",141940,"/Date(1704439117000)/",5290,2000,13832100,70936000000,130,true,2.52
"HNG",141940,"/Date(1704439117000)/",5290,500,13830100,70925000000,130,true,2.52
"HNG",141937,"/Date(1704439115000)/",5290,200,13829600,70922000000,130,false,2.52
"HNG",141937,"/Date(1704439115000)/",5290,300,13829400,70921000000,130,false,2.52
"HNG",141930,"/Date(1704439109000)/",5290,600,13829100,70920000000,130,false,2.52
"HNG",141930,"/Date(1704439109000)/",5290,1000,13828500,70917000000,130,false,2.52
"HNG",141930,"/Date(1704439109000)/",5290,400,13827500,70911000000,130,false,2.52
"HNG",141930,"/Date(1704439107000)/",5290,100,13827100,70909000000,130,false,2.52
"HNG",141930,"/Date(1704439107000)/",5290,900,13827000,70909000000,130,false,2.52
"HNG",141924,"/Date(1704439102000)/",5280,5000,13826100,70904000000,120,true,2.33
"HNG",141924,"/Date(1704439101000)/",5290,2100,13821100,70878000000,130,false,2.52
"HNG",141924,"/Date(1704439101000)/",5290,500,13819000,70866000000,130,false,2.52
"HNG",141924,"/Date(1704439101000)/",5290,10000,13818500,70864000000,130,false,2.52
"HNG",141921,"/Date(1704439099000)/",5280,500,13808500,70811000000,120,false,2.33
"HNG",141921,"/Date(1704439099000)/",5280,2700,13808000,70808000000,120,false,2.33
"HNG",141921,"/Date(1704439097000)/",5280,300,13805300,70794000000,120,false,2.33
"HNG",141917,"/Date(1704439096000)/",5280,1000,13805000,70792000000,120,false,2.33
"HNG",141917,"/Date(1704439096000)/",5280,5000,13804000,70787000000,120,false,2.33
"HNG",141917,"/Date(1704439095000)/",5280,12000,13799000,70761000000,120,false,2.33
"HNG",141914,"/Date(1704439093000)/",5280,5000,13787000,70697000000,120,false,2.33
"HNG",141914,"/Date(1704439093000)/",5280,1000,13782000,70671000000,120,false,2.33
"HNG",141914,"/Date(1704439093000)/",5280,200,13781000,70666000000,120,false,2.33
"HNG",141914,"/Date(1704439093000)/",5280,4800,13780800,70665000000,120,false,2.33
"HNG",141914,"/Date(1704439093000)/",5280,5200,13776000,70639000000,120,false,2.33
"HNG",141914,"/Date(1704439090000)/",5270,100,13770800,70612000000,110,true,2.13
"HNG",141914,"/Date(1704439090000)/",5270,1400,13770700,70611000000,110,true,2.13
"HNG",141908,"/Date(1704439086000)/",5280,300,13769300,70604000000,120,false,2.33
"HNG",141908,"/Date(1704439086000)/",5280,5000,13769000,70602000000,120,false,2.33
"HNG",141908,"/Date(1704439086000)/",5280,3000,13764000,70576000000,120,false,2.33
"HNG",141901,"/Date(1704439080000)/",5270,400,13761000,70560000000,110,false,2.13
"HNG",141901,"/Date(1704439080000)/",5270,200,13760600,70558000000,110,false,2.13
"HNG",141901,"/Date(1704439078000)/",5270,800,13760400,70557000000,110,false,2.13
"HNG",141901,"/Date(1704439078000)/",5270,2000,13759600,70553000000,110,false,2.13
"HNG",141901,"/Date(1704439078000)/",5270,400,13757600,70542000000,110,false,2.13
"HNG",141901,"/Date(1704439078000)/",5270,1000,13757200,70540000000,110,false,2.13
"HNG",141901,"/Date(1704439078000)/",5270,500,13756200,70535000000,110,false,2.13
"HNG",141901,"/Date(1704439078000)/",5270,25000,13755700,70532000000,110,false,2.13
"HNG",141901,"/Date(1704439078000)/",5270,200,13730700,70400000000,110,false,2.13
"HNG",141901,"/Date(1704439078000)/",5270,100,13730500,70399000000,110,false,2.13
"HNG",141858,"/Date(1704439077000)/",5260,5000,13730400,70399000000,100,true,1.94
"HNG",141858,"/Date(1704439075000)/",5260,200,13725400,70373000000,100,true,1.94
"HNG",141858,"/Date(1704439075000)/",5260,500,13725200,70371000000,100,true,1.94
"HNG",141858,"/Date(1704439075000)/",5260,1000,13724700,70369000000,100,true,1.94
"HNG",141858,"/Date(1704439075000)/",5260,1600,13723700,70364000000,100,true,1.94
"HNG",141858,"/Date(1704439075000)/",5260,300,13722100,70355000000,100,true,1.94
"HNG",141852,"/Date(1704439068000)/",5260,100,13721800,70354000000,100,false,1.94
"HNG",141852,"/Date(1704439068000)/",5260,200,13721700,70353000000,100,false,1.94
"HNG",141852,"/Date(1704439068000)/",5260,200,13721500,70352000000,100,false,1.94
"HNG",141848,"/Date(1704439065000)/",5250,500,13721300,70351000000,90,false,1.74
"HNG",141848,"/Date(1704439065000)/",5250,1000,13720800,70348000000,90,false,1.74
"HNG",141848,"/Date(1704439065000)/",5250,5000,13719800,70343000000,90,false,1.74
"HNG",141848,"/Date(1704439065000)/",5250,200,13714800,70317000000,90,false,1.74
"HNG",141848,"/Date(1704439065000)/",5250,1000,13714600,70316000000,90,false,1.74
"HNG",141848,"/Date(1704439065000)/",5250,600,13713600,70311000000,90,false,1.74
"HNG",141848,"/Date(1704439065000)/",5250,500,13713000,70307000000,90,false,1.74
"HNG",141845,"/Date(1704439064000)/",5250,1800,13712500,70305000000,90,false,1.74
"HNG",141845,"/Date(1704439063000)/",5250,300,13710700,70295000000,90,false,1.74
"HNG",141845,"/Date(1704439062000)/",5250,5800,13710400,70294000000,90,false,1.74
"HNG",141845,"/Date(1704439062000)/",5250,2000,13704600,70263000000,90,false,1.74
"HNG",141845,"/Date(1704439062000)/",5250,2200,13702600,70253000000,90,false,1.74
"HNG",141842,"/Date(1704439061000)/",5250,100,13700400,70241000000,90,false,1.74
"HNG",141842,"/Date(1704439059000)/",5250,1000,13700300,70241000000,90,false,1.74
"HNG",141832,"/Date(1704439050000)/",5250,1700,13699300,70235000000,90,false,1.74
"HNG",141832,"/Date(1704439050000)/",5250,100,13697600,70227000000,90,false,1.74
"HNG",141832,"/Date(1704439050000)/",5250,2000,13697500,70226000000,90,false,1.74
"HNG",141832,"/Date(1704439050000)/",5250,3000,13695500,70216000000,90,false,1.74
"HNG",141832,"/Date(1704439050000)/",5250,200,13692500,70200000000,90,false,1.74
"HNG",141832,"/Date(1704439050000)/",5250,1000,13692300,70199000000,90,false,1.74
"HNG",141832,"/Date(1704439050000)/",5250,100,13691300,70193000000,90,false,1.74
"HNG",141832,"/Date(1704439050000)/",5250,10000,13691200,70193000000,90,false,1.74
"HNG",141832,"/Date(1704439050000)/",5250,600,13681200,70140000000,90,false,1.74
"HNG",141832,"/Date(1704439050000)/",5250,2000,13680600,70137000000,90,false,1.74
"HNG",141832,"/Date(1704439050000)/",5250,500,13678600,70127000000,90,false,1.74
"HNG",141832,"/Date(1704439050000)/",5250,1000,13678100,70124000000,90,false,1.74
"HNG",141832,"/Date(1704439050000)/",5250,500,13677100,70119000000,90,false,1.74
"HNG",141832,"/Date(1704439050000)/",5250,500,13676600,70116000000,90,false,1.74
"HNG",141832,"/Date(1704439050000)/",5250,100,13676100,70114000000,90,false,1.74
"HNG",141832,"/Date(1704439050000)/",5250,300,13676000,70113000000,90,false,1.74
"HNG",141832,"/Date(1704439050000)/",5240,400,13675700,70112000000,80,false,1.55
"HNG",141832,"/Date(1704439050000)/",5230,16000,13675300,70109000000,70,false,1.36
"HNG",141829,"/Date(1704439048000)/",5230,100,13659300,70026000000,70,false,1.36
"HNG",141829,"/Date(1704439048000)/",5230,900,13659200,70025000000,70,false,1.36
"HNG",141829,"/Date(1704439048000)/",5230,100,13658300,70021000000,70,false,1.36
"HNG",141823,"/Date(1704439041000)/",5220,100,13658200,70020000000,60,false,1.16
"HNG",141823,"/Date(1704439041000)/",5220,900,13658100,70020000000,60,false,1.16
"HNG",141819,"/Date(1704439037000)/",5220,100,13657200,70015000000,60,false,1.16
"HNG",141819,"/Date(1704439037000)/",5220,900,13657100,70014000000,60,false,1.16
"HNG",141819,"/Date(1704439036000)/",5220,2000,13656200,70010000000,60,false,1.16
"HNG",141816,"/Date(1704439036000)/",5220,100,13654200,69999000000,60,false,1.16
"HNG",141816,"/Date(1704439034000)/",5220,500,13654100,69999000000,60,false,1.16
"HNG",141816,"/Date(1704439033000)/",5220,500,13653600,69996000000,60,false,1.16
"HNG",141816,"/Date(1704439033000)/",5220,100,13653100,69993000000,60,false,1.16
"HNG",141813,"/Date(1704439030000)/",5210,1000,13653000,69993000000,50,true,0.97
"HNG",141813,"/Date(1704439030000)/",5220,100,13652000,69988000000,60,false,1.16
"HNG",141813,"/Date(1704439030000)/",5210,100,13651900,69987000000,50,true,0.97
"HNG",141807,"/Date(1704439024000)/",5220,400,13651800,69987000000,60,false,1.16
"HNG",141807,"/Date(1704439024000)/",5210,400,13651400,69985000000,50,false,0.97
"HNG",141807,"/Date(1704439024000)/",5210,4000,13651000,69982000000,50,false,0.97
"HNG",141803,"/Date(1704439023000)/",5210,5600,13647000,69962000000,50,false,0.97
"HNG",141803,"/Date(1704439022000)/",5210,2000,13641400,69932000000,50,false,0.97
"HNG",141800,"/Date(1704439019000)/",5210,1000,13639400,69922000000,50,false,0.97
"HNG",141800,"/Date(1704439016000)/",5210,2900,13638400,69917000000,50,false,0.97
"HNG",141800,"/Date(1704439016000)/",5210,1000,13635500,69902000000,50,false,0.97
"HNG",141800,"/Date(1704439016000)/",5210,1500,13634500,69897000000,50,false,0.97
"HNG",141800,"/Date(1704439016000)/",5210,200,13633000,69889000000,50,false,0.97
"HNG",141757,"/Date(1704439016000)/",5210,800,13632800,69888000000,50,false,0.97
"HNG",141757,"/Date(1704439014000)/",5200,200,13632000,69883000000,40,true,0.78
"HNG",141757,"/Date(1704439014000)/",5200,4000,13631800,69882000000,40,true,0.78
"HNG",141757,"/Date(1704439014000)/",5200,1000,13627800,69862000000,40,true,0.78
"HNG",141757,"/Date(1704439014000)/",5200,2000,13626800,69856000000,40,true,0.78
"HNG",141757,"/Date(1704439014000)/",5200,1800,13624800,69846000000,40,true,0.78
"HNG",141757,"/Date(1704439014000)/",5200,20000,13623000,69837000000,40,true,0.78
"HNG",141757,"/Date(1704439014000)/",5200,3000,13603000,69733000000,40,true,0.78
"HNG",141757,"/Date(1704439014000)/",5200,100,13600000,69717000000,40,true,0.78
"HNG",141757,"/Date(1704439014000)/",5200,100,13599900,69717000000,40,true,0.78
"HNG",141757,"/Date(1704439014000)/",5200,500,13599800,69716000000,40,true,0.78
"HNG",141757,"/Date(1704439014000)/",5200,200,13599300,69713000000,40,true,0.78
"HNG",141757,"/Date(1704439014000)/",5200,5000,13599100,69712000000,40,true,0.78
"HNG",141757,"/Date(1704439014000)/",5200,1000,13594100,69686000000,40,true,0.78
"HNG",141757,"/Date(1704439014000)/",5200,2000,13593100,69681000000,40,true,0.78
"HNG",141757,"/Date(1704439014000)/",5200,5000,13591100,69671000000,40,true,0.78
"HNG",141757,"/Date(1704439014000)/",5200,3100,13586100,69645000000,40,true,0.78
"HNG",141757,"/Date(1704439014000)/",5200,5000,13583000,69629000000,40,true,0.78
"HNG",141757,"/Date(1704439014000)/",5200,2000,13578000,69603000000,40,true,0.78
"HNG",141757,"/Date(1704439014000)/",5200,9900,13576000,69592000000,40,true,0.78
"HNG",141757,"/Date(1704439014000)/",5200,200,13566100,69541000000,40,true,0.78
"HNG",141757,"/Date(1704439014000)/",5200,5000,13565900,69540000000,40,true,0.78
"HNG",141757,"/Date(1704439014000)/",5200,2000,13560900,69514000000,40,true,0.78
"HNG",141757,"/Date(1704439014000)/",5200,1000,13558900,69503000000,40,true,0.78
"HNG",141757,"/Date(1704439014000)/",5200,1000,13557900,69498000000,40,true,0.78
"HNG",141757,"/Date(1704439014000)/",5200,6300,13556900,69493000000,40,true,0.78
"HNG",141757,"/Date(1704439014000)/",5200,5000,13550600,69460000000,40,true,0.78
"HNG",141757,"/Date(1704439014000)/",5200,500,13545600,69434000000,40,true,0.78
"HNG",141757,"/Date(1704439014000)/",5200,10000,13545100,69432000000,40,true,0.78
"HNG",141757,"/Date(1704439014000)/",5200,1000,13535100,69380000000,40,true,0.78
"HNG",141757,"/Date(1704439014000)/",5200,2000,13534100,69374000000,40,true,0.78
"HNG",141757,"/Date(1704439014000)/",5200,10100,13532100,69364000000,40,true,0.78
"HNG",141757,"/Date(1704439014000)/",5200,200,13522000,69311000000,40,true,0.78
"HNG",141757,"/Date(1704439014000)/",5200,2000,13521800,69310000000,40,true,0.78
"HNG",141757,"/Date(1704439014000)/",5200,1000,13519800,69300000000,40,true,0.78
"HNG",141757,"/Date(1704439014000)/",5200,2100,13518800,69295000000,40,true,0.78
"HNG",141757,"/Date(1704439014000)/",5200,2000,13516700,69284000000,40,true,0.78
"HNG",141757,"/Date(1704439014000)/",5200,2000,13514700,69274000000,40,true,0.78
"HNG",141757,"/Date(1704439014000)/",5200,500,13512700,69263000000,40,true,0.78
"HNG",141757,"/Date(1704439014000)/",5200,5000,13512200,69261000000,40,true,0.78
"HNG",141757,"/Date(1704439014000)/",5200,10000,13507200,69235000000,40,true,0.78
"HNG",141757,"/Date(1704439014000)/",5200,10000,13497200,69183000000,40,true,0.78
"HNG",141757,"/Date(1704439014000)/",5200,300,13487200,69131000000,40,true,0.78
"HNG",141757,"/Date(1704439014000)/",5200,500,13486900,69129000000,40,true,0.78
"HNG",141757,"/Date(1704439014000)/",5200,300,13486400,69126000000,40,true,0.78
"HNG",141757,"/Date(1704439014000)/",5200,2700,13486100,69125000000,40,true,0.78
"HNG",141754,"/Date(1704439013000)/",5190,300,13483400,69111000000,30,true,0.58
"HNG",141754,"/Date(1704439013000)/",5190,300,13483100,69109000000,30,true,0.58
"HNG",141754,"/Date(1704439010000)/",5190,9700,13482800,69108000000,30,true,0.58
"HNG",141754,"/Date(1704439010000)/",5190,200,13473100,69057000000,30,true,0.58
"HNG",141754,"/Date(1704439010000)/",5190,100,13472900,69056000000,30,true,0.58
"HNG",141751,"/Date(1704439007000)/",5200,200,13472800,69056000000,40,false,0.78
"HNG",141744,"/Date(1704439002000)/",5190,2400,13472600,69055000000,30,false,0.58
"HNG",141744,"/Date(1704439002000)/",5190,1900,13470200,69042000000,30,false,0.58
"HNG",141744,"/Date(1704439001000)/",5190,6000,13468300,69032000000,30,false,0.58
"HNG",141744,"/Date(1704439001000)/",5190,500,13462300,69001000000,30,false,0.58
"HNG",141744,"/Date(1704439001000)/",5190,1000,13461800,68999000000,30,false,0.58
"HNG",141741,"/Date(1704438998000)/",5190,600,13460800,68993000000,30,false,0.58
"HNG",141741,"/Date(1704438998000)/",5190,2400,13460200,68990000000,30,false,0.58
"HNG",141731,"/Date(1704438991000)/",5190,100,13457800,68978000000,30,false,0.58
"HNG",141731,"/Date(1704438990000)/",5190,2500,13457700,68977000000,30,false,0.58
"HNG",141731,"/Date(1704438990000)/",5190,100,13455200,68964000000,30,false,0.58
"HNG",141731,"/Date(1704438990000)/",5190,7400,13455100,68964000000,30,false,0.58
"HNG",141725,"/Date(1704438982000)/",5190,10000,13447700,68925000000,30,false,0.58
"HNG",141722,"/Date(1704438978000)/",5190,100,13437700,68874000000,30,false,0.58
"HNG",141709,"/Date(1704438967000)/",5180,9800,13437600,68873000000,20,true,0.39
"HNG",141709,"/Date(1704438967000)/",5180,10200,13427800,68822000000,20,true,0.39
"HNG",141702,"/Date(1704438962000)/",5180,3900,13417600,68769000000,20,false,0.39
"HNG",141702,"/Date(1704438961000)/",5180,2000,13413700,68749000000,20,false,0.39
"HNG",141659,"/Date(1704438956000)/",5180,1000,13411700,68739000000,20,false,0.39
"HNG",141659,"/Date(1704438956000)/",5180,2800,13410700,68734000000,20,false,0.39
"HNG",141650,"/Date(1704438948000)/",5180,300,13407900,68719000000,20,false,0.39
"HNG",141650,"/Date(1704438948000)/",5180,100,13407600,68718000000,20,false,0.39
"HNG",141650,"/Date(1704438948000)/",5180,100,13407500,68717000000,20,false,0.39
"HNG",141637,"/Date(1704438936000)/",5170,2000,13407400,68717000000,10,false,0.19
"HNG",141637,"/Date(1704438936000)/",5170,500,13405400,68706000000,10,false,0.19
"HNG",141637,"/Date(1704438936000)/",5170,400,13404900,68704000000,10,false,0.19
"HNG",141637,"/Date(1704438936000)/",5170,600,13404500,68702000000,10,false,0.19
"HNG",141637,"/Date(1704438936000)/",5170,500,13403900,68699000000,10,false,0.19
"HNG",141637,"/Date(1704438936000)/",5170,3200,13403400,68696000000,10,false,0.19
"HNG",141634,"/Date(1704438932000)/",5160,900,13400200,68679000000,0,true,0
"HNG",141634,"/Date(1704438932000)/",5160,100,13399300,68675000000,0,true,0
"HNG",141634,"/Date(1704438932000)/",5160,400,13399200,68674000000,0,true,0
"HNG",141634,"/Date(1704438932000)/",5160,800,13398800,68672000000,0,true,0
"HNG",141602,"/Date(1704438899000)/",5150,100,13398000,68668000000,-10,true,-0.19
"HNG",141558,"/Date(1704438897000)/",5170,800,13397900,68668000000,10,false,0.19
"HNG",141558,"/Date(1704438897000)/",5170,200,13397100,68663000000,10,false,0.19
"HNG",141549,"/Date(1704438888000)/",5150,9700,13396900,68662000000,-10,true,-0.19
"HNG",141549,"/Date(1704438888000)/",5150,300,13387200,68612000000,-10,true,-0.19
"HNG",141530,"/Date(1704438867000)/",5150,1200,13386900,68611000000,-10,true,-0.19
"HNG",141526,"/Date(1704438865000)/",5200,6900,13385700,68605000000,40,false,0.78
"HNG",141526,"/Date(1704438865000)/",5200,2000,13378800,68569000000,40,false,0.78
"HNG",141526,"/Date(1704438865000)/",5200,200,13376800,68558000000,40,false,0.78
"HNG",141526,"/Date(1704438865000)/",5200,1000,13376600,68557000000,40,false,0.78
"HNG",141526,"/Date(1704438865000)/",5190,1000,13375600,68552000000,30,false,0.58
"HNG",141526,"/Date(1704438865000)/",5190,200,13374600,68547000000,30,false,0.58
"HNG",141526,"/Date(1704438865000)/",5190,1000,13374400,68546000000,30,false,0.58
"HNG",141526,"/Date(1704438865000)/",5190,3000,13373400,68541000000,30,false,0.58
"HNG",141526,"/Date(1704438865000)/",5190,2000,13370400,68525000000,30,false,0.58
"HNG",141526,"/Date(1704438865000)/",5180,1000,13368400,68515000000,20,false,0.39
"HNG",141526,"/Date(1704438865000)/",5180,100,13367400,68510000000,20,false,0.39
"HNG",141526,"/Date(1704438865000)/",5180,100,13367300,68509000000,20,false,0.39
"HNG",141526,"/Date(1704438865000)/",5180,3000,13367200,68509000000,20,false,0.39
"HNG",141526,"/Date(1704438865000)/",5180,2000,13364200,68493000000,20,false,0.39
"HNG",141526,"/Date(1704438865000)/",5170,1000,13362200,68483000000,10,false,0.19
"HNG",141526,"/Date(1704438865000)/",5170,100,13361200,68478000000,10,false,0.19
"HNG",141526,"/Date(1704438865000)/",5170,2000,13361100,68477000000,10,false,0.19
"HNG",141526,"/Date(1704438865000)/",5170,1900,13359100,68467000000,10,false,0.19
"HNG",141526,"/Date(1704438865000)/",5160,9500,13357200,68457000000,0,false,0
"HNG",141523,"/Date(1704438860000)/",5150,500,13347700,68408000000,-10,true,-0.19
"HNG",141523,"/Date(1704438860000)/",5150,500,13347200,68405000000,-10,true,-0.19
"HNG",141520,"/Date(1704438857000)/",5160,1000,13346700,68403000000,0,false,0
"HNG",141510,"/Date(1704438850000)/",5160,100,13345700,68398000000,0,true,0
"HNG",141510,"/Date(1704438850000)/",5160,200,13345600,68397000000,0,true,0
"HNG",141510,"/Date(1704438850000)/",5160,500,13345400,68396000000,0,true,0
"HNG",141510,"/Date(1704438850000)/",5160,3000,13344900,68393000000,0,true,0
"HNG",141510,"/Date(1704438850000)/",5160,5000,13341900,68378000000,0,true,0
"HNG",141510,"/Date(1704438850000)/",5160,500,13336900,68352000000,0,true,0
"HNG",141510,"/Date(1704438850000)/",5160,8800,13336400,68350000000,0,true,0
"HNG",141510,"/Date(1704438850000)/",5160,1400,13327600,68304000000,0,true,0
"HNG",141510,"/Date(1704438850000)/",5170,1000,13326200,68297000000,10,false,0.19
"HNG",141504,"/Date(1704438843000)/",5170,100,13325200,68292000000,10,false,0.19
"HNG",141454,"/Date(1704438832000)/",5170,1800,13325100,68291000000,10,false,0.19
"HNG",141454,"/Date(1704438832000)/",5170,100,13323300,68282000000,10,false,0.19
"HNG",141454,"/Date(1704438832000)/",5170,100,13323200,68281000000,10,false,0.19
"HNG",141442,"/Date(1704438820000)/",5170,4900,13323100,68281000000,10,false,0.19
"HNG",141442,"/Date(1704438820000)/",5170,100,13318200,68256000000,10,false,0.19
"HNG",141435,"/Date(1704438813000)/",5170,100,13318100,68255000000,10,false,0.19
"HNG",141435,"/Date(1704438813000)/",5160,1000,13318000,68254000000,0,true,0
"HNG",141435,"/Date(1704438813000)/",5160,19300,13317000,68249000000,0,true,0
"HNG",141435,"/Date(1704438813000)/",5160,2000,13297700,68150000000,0,true,0
"HNG",141435,"/Date(1704438813000)/",5160,500,13295700,68139000000,0,true,0
"HNG",141435,"/Date(1704438813000)/",5160,1000,13295200,68137000000,0,true,0
"HNG",141435,"/Date(1704438813000)/",5160,200,13294200,68132000000,0,true,0
"HNG",141435,"/Date(1704438813000)/",5160,13000,13294000,68131000000,0,true,0
"HNG",141435,"/Date(1704438813000)/",5160,13000,13281000,68064000000,0,true,0
"HNG",141429,"/Date(1704438808000)/",5170,400,13268000,67996000000,10,false,0.19
"HNG",141429,"/Date(1704438808000)/",5170,600,13267600,67994000000,10,false,0.19
"HNG",141426,"/Date(1704438805000)/",5160,1000,13267000,67991000000,0,true,0
"HNG",141426,"/Date(1704438805000)/",5160,200,13266000,67986000000,0,true,0
"HNG",141426,"/Date(1704438805000)/",5160,500,13265800,67985000000,0,true,0
"HNG",141419,"/Date(1704438799000)/",5170,5000,13265300,67983000000,10,false,0.19
"HNG",141413,"/Date(1704438791000)/",5160,500,13260300,67957000000,0,true,0
"HNG",141413,"/Date(1704438791000)/",5160,500,13259800,67954000000,0,true,0
"HNG",141413,"/Date(1704438791000)/",5160,1000,13259300,67952000000,0,true,0
"HNG",141409,"/Date(1704438788000)/",5160,1500,13258300,67946000000,0,true,0
"HNG",141409,"/Date(1704438788000)/",5160,5000,13256800,67939000000,0,true,0
"HNG",141409,"/Date(1704438788000)/",5160,1000,13251800,67913000000,0,true,0
"HNG",141409,"/Date(1704438788000)/",5160,2500,13250800,67908000000,0,true,0
"HNG",141357,"/Date(1704438776000)/",5160,500,13248300,67895000000,0,true,0
"HNG",141357,"/Date(1704438776000)/",5160,800,13247800,67892000000,0,true,0
"HNG",141357,"/Date(1704438776000)/",5160,400,13247000,67888000000,0,true,0
"HNG",141357,"/Date(1704438776000)/",5160,3300,13246600,67886000000,0,true,0
"HNG",141350,"/Date(1704438770000)/",5160,100,13243300,67869000000,0,true,0
"HNG",141350,"/Date(1704438768000)/",5160,100,13243200,67868000000,0,true,0
"HNG",141350,"/Date(1704438768000)/",5160,300,13243100,67868000000,0,true,0
"HNG",141350,"/Date(1704438768000)/",5160,500,13242800,67866000000,0,true,0
"HNG",141350,"/Date(1704438768000)/",5160,100,13242300,67864000000,0,true,0
"HNG",141350,"/Date(1704438768000)/",5160,100,13242200,67863000000,0,true,0
"HNG",141344,"/Date(1704438764000)/",5160,100,13242100,67863000000,0,true,0
"HNG",141328,"/Date(1704438746000)/",5160,500,13242000,67862000000,0,true,0
"HNG",141325,"/Date(1704438743000)/",5160,400,13241500,67860000000,0,true,0
"HNG",141321,"/Date(1704438740000)/",5170,1000,13241100,67858000000,10,false,0.19
"HNG",141321,"/Date(1704438738000)/",5170,200,13240100,67852000000,10,false,0.19
"HNG",141318,"/Date(1704438738000)/",5170,200,13239900,67851000000,10,false,0.19
"HNG",141312,"/Date(1704438730000)/",5150,1200,13239700,67850000000,-10,true,-0.19
"HNG",141312,"/Date(1704438730000)/",5150,1000,13238500,67844000000,-10,true,-0.19
"HNG",141312,"/Date(1704438730000)/",5150,5000,13237500,67839000000,-10,true,-0.19
"HNG",141312,"/Date(1704438730000)/",5150,38800,13232500,67813000000,-10,true,-0.19
"HNG",141312,"/Date(1704438730000)/",5160,4000,13193700,67613000000,0,false,0
"HNG",141312,"/Date(1704438729000)/",5170,300,13189700,67593000000,10,false,0.19
"HNG",141309,"/Date(1704438727000)/",5160,1000,13189400,67591000000,0,true,0
"HNG",141305,"/Date(1704438723000)/",5170,17700,13188400,67586000000,10,false,0.19
"HNG",141305,"/Date(1704438723000)/",5160,1000,13170700,67495000000,0,true,0
"HNG",141305,"/Date(1704438723000)/",5160,1000,13169700,67489000000,0,true,0
"HNG",141305,"/Date(1704438723000)/",5160,5000,13168700,67484000000,0,true,0
"HNG",141305,"/Date(1704438723000)/",5160,300,13163700,67459000000,0,true,0
"HNG",141305,"/Date(1704438723000)/",5160,200,13163400,67457000000,0,true,0
"HNG",141302,"/Date(1704438721000)/",5160,500,13163200,67456000000,0,false,0
"HNG",141302,"/Date(1704438721000)/",5160,5700,13162700,67453000000,0,false,0
"HNG",141302,"/Date(1704438721000)/",5160,500,13157000,67424000000,0,false,0
"HNG",141302,"/Date(1704438721000)/",5160,500,13156500,67421000000,0,false,0
"HNG",141302,"/Date(1704438721000)/",5160,17300,13156000,67419000000,0,false,0
"HNG",141302,"/Date(1704438719000)/",5160,2700,13138700,67330000000,0,false,0
"HNG",141259,"/Date(1704438719000)/",5160,1000,13136000,67316000000,0,false,0
"HNG",141259,"/Date(1704438719000)/",5160,100,13135000,67310000000,0,false,0
"HNG",141259,"/Date(1704438719000)/",5160,1000,13134900,67310000000,0,false,0
"HNG",141259,"/Date(1704438719000)/",5160,200,13133900,67305000000,0,false,0
"HNG",141259,"/Date(1704438719000)/",5160,7600,13133700,67304000000,0,false,0
"HNG",141259,"/Date(1704438719000)/",5160,3500,13126100,67264000000,0,false,0
"HNG",141256,"/Date(1704438713000)/",5160,100,13122600,67246000000,0,false,0
"HNG",141243,"/Date(1704438703000)/",5150,100,13122500,67246000000,-10,true,-0.19
"HNG",141230,"/Date(1704438688000)/",5160,500,13122400,67245000000,0,false,0
"HNG",141227,"/Date(1704438685000)/",5150,500,13121900,67243000000,-10,false,-0.19
"HNG",141227,"/Date(1704438685000)/",5150,1100,13121400,67240000000,-10,false,-0.19
"HNG",141227,"/Date(1704438685000)/",5150,900,13120300,67235000000,-10,false,-0.19
"HNG",141227,"/Date(1704438685000)/",5150,3000,13119400,67230000000,-10,false,-0.19
"HNG",141227,"/Date(1704438685000)/",5150,5000,13116400,67214000000,-10,false,-0.19
"HNG",141227,"/Date(1704438685000)/",5150,500,13111400,67189000000,-10,false,-0.19
"HNG",141227,"/Date(1704438685000)/",5150,3600,13110900,67186000000,-10,false,-0.19
"HNG",141227,"/Date(1704438685000)/",5150,500,13107300,67168000000,-10,false,-0.19
"HNG",141227,"/Date(1704438685000)/",5150,10000,13106800,67165000000,-10,false,-0.19
"HNG",141227,"/Date(1704438685000)/",5150,500,13096800,67114000000,-10,false,-0.19
"HNG",141224,"/Date(1704438682000)/",5150,1500,13096300,67111000000,-10,false,-0.19
"HNG",141224,"/Date(1704438682000)/",5150,3700,13094800,67103000000,-10,false,-0.19
"HNG",141221,"/Date(1704438680000)/",5150,1300,13091100,67084000000,-10,false,-0.19
"HNG",141221,"/Date(1704438680000)/",5150,1300,13089800,67078000000,-10,false,-0.19
"HNG",141221,"/Date(1704438679000)/",5150,200,13088500,67071000000,-10,false,-0.19
"HNG",141221,"/Date(1704438679000)/",5150,100,13088300,67070000000,-10,false,-0.19
"HNG",141217,"/Date(1704438677000)/",5150,1000,13088200,67069000000,-10,false,-0.19
"HNG",141217,"/Date(1704438675000)/",5150,300,13087200,67064000000,-10,false,-0.19
"HNG",141211,"/Date(1704438670000)/",5150,500,13086900,67063000000,-10,false,-0.19
"HNG",141145,"/Date(1704438644000)/",5140,2200,13086400,67060000000,-20,true,-0.39
"HNG",141142,"/Date(1704438642000)/",5150,500,13084200,67049000000,-10,false,-0.19
"HNG",141139,"/Date(1704438638000)/",5150,1000,13083700,67046000000,-10,false,-0.19
"HNG",141139,"/Date(1704438636000)/",5140,1000,13082700,67041000000,-20,true,-0.39
"HNG",141136,"/Date(1704438635000)/",5150,100,13081700,67036000000,-10,false,-0.19
"HNG",141126,"/Date(1704438623000)/",5140,1000,13081600,67035000000,-20,true,-0.39
"HNG",141123,"/Date(1704438621000)/",5140,100,13080600,67030000000,-20,false,-0.39
"HNG",141123,"/Date(1704438621000)/",5140,1000,13080500,67030000000,-20,false,-0.39
"HNG",141123,"/Date(1704438621000)/",5140,500,13079500,67025000000,-20,false,-0.39
"HNG",141113,"/Date(1704438613000)/",5140,200,13079000,67022000000,-20,false,-0.39
"HNG",141110,"/Date(1704438609000)/",5140,800,13078800,67021000000,-20,false,-0.39
"HNG",141107,"/Date(1704438606000)/",5140,2000,13078000,67017000000,-20,false,-0.39
"HNG",141107,"/Date(1704438606000)/",5140,300,13076000,67007000000,-20,false,-0.39
"HNG",141104,"/Date(1704438604000)/",5140,300,13075700,67005000000,-20,false,-0.39
"HNG",141104,"/Date(1704438602000)/",5140,900,13075400,67003000000,-20,false,-0.39
"HNG",141041,"/Date(1704438580000)/",5130,5900,13074500,66999000000,-30,false,-0.58
"HNG",141041,"/Date(1704438579000)/",5120,500,13068600,66969000000,-40,true,-0.78
"HNG",141041,"/Date(1704438579000)/",5120,500,13068100,66966000000,-40,true,-0.78
"HNG",141035,"/Date(1704438572000)/",5130,4100,13067600,66963000000,-30,false,-0.58
"HNG",141035,"/Date(1704438572000)/",5130,3000,13063500,66942000000,-30,false,-0.58
"HNG",141035,"/Date(1704438572000)/",5130,100,13060500,66927000000,-30,false,-0.58
"HNG",141035,"/Date(1704438572000)/",5130,4000,13060400,66926000000,-30,false,-0.58
"HNG",141035,"/Date(1704438572000)/",5130,300,13056400,66906000000,-30,false,-0.58
"HNG",141035,"/Date(1704438572000)/",5130,100,13056100,66904000000,-30,false,-0.58
"HNG",141028,"/Date(1704438568000)/",5120,600,13056000,66904000000,-40,false,-0.78
"HNG",141025,"/Date(1704438565000)/",5120,1000,13055400,66901000000,-40,true,-0.78
"HNG",141025,"/Date(1704438565000)/",5120,2300,13054400,66896000000,-40,true,-0.78
"HNG",141025,"/Date(1704438565000)/",5120,1000,13052100,66884000000,-40,true,-0.78
"HNG",141025,"/Date(1704438565000)/",5120,200,13051100,66879000000,-40,true,-0.78
"HNG",141025,"/Date(1704438565000)/",5120,500,13050900,66878000000,-40,true,-0.78
"HNG",141025,"/Date(1704438565000)/",5120,10000,13050400,66875000000,-40,true,-0.78
"HNG",141025,"/Date(1704438565000)/",5120,1000,13040400,66824000000,-40,true,-0.78
"HNG",141025,"/Date(1704438565000)/",5120,500,13039400,66819000000,-40,true,-0.78
"HNG",141025,"/Date(1704438565000)/",5120,100,13038900,66816000000,-40,true,-0.78
"HNG",141025,"/Date(1704438565000)/",5120,500,13038800,66816000000,-40,true,-0.78
"HNG",141025,"/Date(1704438565000)/",5120,400,13038300,66813000000,-40,true,-0.78
