"Stockcode","Package","TradingDate","Price","Vol","TotalVol","TotalVal","Change","IsBuy","PerChange"
"MSN",144609,"/Date(1704440700000)/",67900,85800,3405400,229754000000,-200,false,-0.29
"MSN",143044,"/Date(1704439781000)/",68000,1900,3319600,223928000000,-100,false,-0.15
"MSN",143044,"/Date(1704439781000)/",68000,300,3317700,223799000000,-100,false,-0.15
"MSN",143044,"/Date(1704439781000)/",67900,500,3317400,223779000000,-200,false,-0.29
"MSN",143044,"/Date(1704439781000)/",67900,200,3316900,223745000000,-200,false,-0.29
"MSN",143044,"/Date(1704439781000)/",67900,2400,3316700,223731000000,-200,false,-0.29
"MSN",143044,"/Date(1704439781000)/",67900,200,3314300,223568000000,-200,false,-0.29
"MSN",143044,"/Date(1704439781000)/",67900,500,3314100,223555000000,-200,false,-0.29
"MSN",143044,"/Date(1704439781000)/",67800,500,3313600,223521000000,-300,false,-0.44
"MSN",143044,"/Date(1704439781000)/",67800,200,3313100,223487000000,-300,false,-0.44
"MSN",143044,"/Date(1704439781000)/",67800,200,3312900,223473000000,-300,false,-0.44
"MSN",143044,"/Date(1704439781000)/",67800,100,3312700,223460000000,-300,false,-0.44
"MSN",143044,"/Date(1704439781000)/",67800,100,3312600,223453000000,-300,false,-0.44
"MSN",143044,"/Date(1704439781000)/",67800,100,3312500,223446000000,-300,false,-0.44
"MSN",143044,"/Date(1704439781000)/",67800,300,3312400,223439000000,-300,false,-0.44
"MSN",143044,"/Date(1704439781000)/",67800,200,3312100,223419000000,-300,false,-0.44
"MSN",143044,"/Date(1704439781000)/",67800,1000,3311900,223405000000,-300,false,-0.44
"MSN",143044,"/Date(1704439781000)/",67800,300,3310900,223338000000,-300,false,-0.44
"MSN",143044,"/Date(1704439781000)/",67700,100,3310600,223317000000,-400,false,-0.59
"MSN",143044,"/Date(1704439781000)/",67700,200,3310500,223310000000,-400,false,-0.59
"MSN",143044,"/Date(1704439781000)/",67700,100,3310300,223297000000,-400,false,-0.59
"MSN",143044,"/Date(1704439781000)/",67700,100,3310200,223290000000,-400,false,-0.59
"MSN",143044,"/Date(1704439781000)/",67700,200,3310100,223283000000,-400,false,-0.59
"MSN",143044,"/Date(1704439781000)/",67700,100,3309900,223270000000,-400,false,-0.59
"MSN",143044,"/Date(1704439781000)/",67700,400,3309800,223263000000,-400,false,-0.59
"MSN",143044,"/Date(1704439781000)/",67700,100,3309400,223236000000,-400,false,-0.59
"MSN",143044,"/Date(1704439781000)/",67700,2000,3309300,223229000000,-400,false,-0.59
"MSN",143044,"/Date(1704439781000)/",67600,500,3307300,223094000000,-500,false,-0.73
"MSN",143044,"/Date(1704439781000)/",67600,100,3306800,223060000000,-500,false,-0.73
"MSN",143044,"/Date(1704439781000)/",67600,1000,3306700,223053000000,-500,false,-0.73
"MSN",143044,"/Date(1704439781000)/",67600,1300,3305700,222986000000,-500,false,-0.73
"MSN",143044,"/Date(1704439781000)/",67500,14800,3304400,222898000000,-600,false,-0.88
"MSN",143038,"/Date(1704439773000)/",67500,200,3289600,221899000000,-600,false,-0.88
"MSN",143028,"/Date(1704439764000)/",67600,600,3289400,221885000000,-500,false,-0.73
"MSN",143022,"/Date(1704439756000)/",67600,100,3288800,221845000000,-500,false,-0.73
"MSN",143009,"/Date(1704439744000)/",67600,3000,3288700,221838000000,-500,false,-0.73
"MSN",143009,"/Date(1704439744000)/",67600,200,3285700,221635000000,-500,false,-0.73
"MSN",143009,"/Date(1704439744000)/",67600,100,3285500,221622000000,-500,false,-0.73
"MSN",143009,"/Date(1704439744000)/",67600,500,3285400,221615000000,-500,false,-0.73
"MSN",143009,"/Date(1704439744000)/",67600,200,3284900,221581000000,-500,false,-0.73
"MSN",143009,"/Date(1704439744000)/",67600,500,3284700,221568000000,-500,false,-0.73
"MSN",143009,"/Date(1704439744000)/",67600,2400,3284200,221534000000,-500,false,-0.73
"MSN",143009,"/Date(1704439744000)/",67600,6100,3281800,221372000000,-500,false,-0.73
"MSN",142959,"/Date(1704439734000)/",67600,600,3275700,220959000000,-500,false,-0.73
"MSN",142959,"/Date(1704439734000)/",67600,100,3275100,220919000000,-500,false,-0.73
"MSN",142959,"/Date(1704439734000)/",67600,100,3275000,220912000000,-500,false,-0.73
"MSN",142959,"/Date(1704439734000)/",67600,1000,3274900,220905000000,-500,false,-0.73
"MSN",142959,"/Date(1704439734000)/",67600,1200,3273900,220838000000,-500,false,-0.73
"MSN",142959,"/Date(1704439734000)/",67500,200,3272700,220756000000,-600,false,-0.88
"MSN",142959,"/Date(1704439734000)/",67500,8100,3272500,220743000000,-600,false,-0.88
"MSN",142959,"/Date(1704439734000)/",67500,3000,3264400,220196000000,-600,false,-0.88
"MSN",142959,"/Date(1704439734000)/",67500,2200,3261400,219994000000,-600,false,-0.88
"MSN",142959,"/Date(1704439734000)/",67500,100,3259200,219845000000,-600,false,-0.88
"MSN",142959,"/Date(1704439734000)/",67500,1000,3259100,219838000000,-600,false,-0.88
"MSN",142950,"/Date(1704439724000)/",67400,500,3258100,219771000000,-700,true,-1.03
"MSN",142940,"/Date(1704439715000)/",67400,100,3257600,219737000000,-700,false,-1.03
"MSN",142937,"/Date(1704439713000)/",67400,500,3257500,219730000000,-700,false,-1.03
"MSN",142937,"/Date(1704439712000)/",67400,400,3257000,219697000000,-700,false,-1.03
"MSN",142937,"/Date(1704439712000)/",67400,1800,3256600,219670000000,-700,false,-1.03
"MSN",142933,"/Date(1704439711000)/",67400,2000,3254800,219548000000,-700,false,-1.03
"MSN",142930,"/Date(1704439705000)/",67400,1200,3252800,219414000000,-700,false,-1.03
"MSN",142930,"/Date(1704439705000)/",67400,1800,3251600,219333000000,-700,false,-1.03
"MSN",142924,"/Date(1704439701000)/",67400,700,3249800,219211000000,-700,false,-1.03
"MSN",142921,"/Date(1704439696000)/",67400,500,3249100,219164000000,-700,false,-1.03
"MSN",142911,"/Date(1704439686000)/",67400,1000,3248600,219131000000,-700,false,-1.03
"MSN",142858,"/Date(1704439676000)/",67400,2000,3247600,219063000000,-700,false,-1.03
"MSN",142852,"/Date(1704439668000)/",67400,1000,3245600,218928000000,-700,false,-1.03
"MSN",142845,"/Date(1704439662000)/",67400,3300,3244600,218861000000,-700,false,-1.03
"MSN",142845,"/Date(1704439661000)/",67200,100,3241300,218639000000,-900,true,-1.32
"MSN",142845,"/Date(1704439661000)/",67200,1000,3241200,218632000000,-900,true,-1.32
"MSN",142845,"/Date(1704439661000)/",67200,1000,3240200,218565000000,-900,true,-1.32
"MSN",142845,"/Date(1704439661000)/",67200,300,3239200,218497000000,-900,true,-1.32
"MSN",142845,"/Date(1704439661000)/",67200,500,3238900,218477000000,-900,true,-1.32
"MSN",142845,"/Date(1704439661000)/",67300,100,3238400,218444000000,-800,false,-1.17
"MSN",142845,"/Date(1704439661000)/",67300,5000,3238300,218437000000,-800,false,-1.17
"MSN",142845,"/Date(1704439661000)/",67300,300,3233300,218100000000,-800,false,-1.17
"MSN",142845,"/Date(1704439661000)/",67300,1000,3233000,218080000000,-800,false,-1.17
"MSN",142845,"/Date(1704439661000)/",67300,500,3232000,218013000000,-800,false,-1.17
"MSN",142845,"/Date(1704439661000)/",67300,100,3231500,217979000000,-800,false,-1.17
"MSN",142845,"/Date(1704439661000)/",67300,200,3231400,217973000000,-800,false,-1.17
"MSN",142845,"/Date(1704439661000)/",67300,100,3231200,217959000000,-800,false,-1.17
"MSN",142845,"/Date(1704439661000)/",67300,100,3231100,217952000000,-800,false,-1.17
"MSN",142845,"/Date(1704439661000)/",67300,500,3231000,217946000000,-800,false,-1.17
"MSN",142845,"/Date(1704439661000)/",67300,100,3230500,217912000000,-800,false,-1.17
"MSN",142845,"/Date(1704439661000)/",67300,1000,3230400,217905000000,-800,false,-1.17
"MSN",142845,"/Date(1704439660000)/",67400,1100,3229400,217838000000,-700,false,-1.03
"MSN",142845,"/Date(1704439660000)/",67400,100,3228300,217764000000,-700,false,-1.03
"MSN",142842,"/Date(1704439658000)/",67400,100,3228200,217757000000,-700,true,-1.03
"MSN",142842,"/Date(1704439658000)/",67400,100,3228100,217750000000,-700,true,-1.03
"MSN",142842,"/Date(1704439658000)/",67400,1000,3228000,217744000000,-700,true,-1.03
"MSN",142842,"/Date(1704439658000)/",67400,1900,3227000,217676000000,-700,true,-1.03
"MSN",142842,"/Date(1704439658000)/",67500,400,3225100,217548000000,-600,true,-0.88
"MSN",142839,"/Date(1704439655000)/",67500,600,3224700,217521000000,-600,false,-0.88
"MSN",142832,"/Date(1704439648000)/",67500,200,3224100,217481000000,-600,false,-0.88
"MSN",142832,"/Date(1704439647000)/",67500,100,3223900,217467000000,-600,false,-0.88
"MSN",142832,"/Date(1704439647000)/",67500,100,3223800,217460000000,-600,false,-0.88
"MSN",142829,"/Date(1704439647000)/",67500,900,3223700,217454000000,-600,false,-0.88
"MSN",142829,"/Date(1704439647000)/",67500,100,3222800,217393000000,-600,false,-0.88
"MSN",142829,"/Date(1704439644000)/",67500,100,3222700,217386000000,-600,false,-0.88
"MSN",142829,"/Date(1704439644000)/",67500,900,3222600,217379000000,-600,false,-0.88
"MSN",142826,"/Date(1704439642000)/",67500,100,3221700,217319000000,-600,false,-0.88
"MSN",142826,"/Date(1704439642000)/",67500,500,3221600,217312000000,-600,false,-0.88
"MSN",142826,"/Date(1704439642000)/",67500,700,3221100,217278000000,-600,false,-0.88
"MSN",142826,"/Date(1704439642000)/",67500,200,3220400,217231000000,-600,false,-0.88
"MSN",142826,"/Date(1704439642000)/",67500,1000,3220200,217217000000,-600,false,-0.88
"MSN",142826,"/Date(1704439642000)/",67500,900,3219200,217150000000,-600,false,-0.88
"MSN",142823,"/Date(1704439640000)/",67500,1100,3218300,217089000000,-600,false,-0.88
"MSN",142816,"/Date(1704439632000)/",67400,1100,3217200,217015000000,-700,true,-1.03
"MSN",142816,"/Date(1704439631000)/",67500,2600,3216100,216941000000,-600,false,-0.88
"MSN",142803,"/Date(1704439619000)/",67500,300,3213500,216765000000,-600,false,-0.88
"MSN",142803,"/Date(1704439619000)/",67500,100,3213200,216745000000,-600,false,-0.88
"MSN",142757,"/Date(1704439612000)/",67400,2000,3213100,216738000000,-700,true,-1.03
"MSN",142757,"/Date(1704439612000)/",67400,400,3211100,216603000000,-700,true,-1.03
"MSN",142754,"/Date(1704439610000)/",67400,100,3210700,216577000000,-700,false,-1.03
"MSN",142754,"/Date(1704439610000)/",67400,400,3210600,216570000000,-700,false,-1.03
"MSN",142751,"/Date(1704439606000)/",67400,10600,3210200,216543000000,-700,false,-1.03
"MSN",142738,"/Date(1704439595000)/",67300,1000,3199600,215828000000,-800,true,-1.17
"MSN",142738,"/Date(1704439595000)/",67300,1000,3198600,215761000000,-800,true,-1.17
"MSN",142719,"/Date(1704439575000)/",67300,100,3197600,215694000000,-800,true,-1.17
"MSN",142719,"/Date(1704439575000)/",67300,100,3197500,215687000000,-800,true,-1.17
"MSN",142719,"/Date(1704439575000)/",67300,100,3197400,215680000000,-800,true,-1.17
"MSN",142656,"/Date(1704439551000)/",67400,200,3197300,215674000000,-700,false,-1.03
"MSN",142656,"/Date(1704439551000)/",67400,100,3197100,215660000000,-700,false,-1.03
"MSN",142650,"/Date(1704439545000)/",67400,100,3197000,215653000000,-700,true,-1.03
"MSN",142650,"/Date(1704439545000)/",67400,200,3196900,215647000000,-700,true,-1.03
"MSN",142650,"/Date(1704439545000)/",67400,4000,3196700,215633000000,-700,true,-1.03
"MSN",142650,"/Date(1704439545000)/",67400,1000,3192700,215364000000,-700,true,-1.03
"MSN",142650,"/Date(1704439545000)/",67400,3400,3191700,215296000000,-700,true,-1.03
"MSN",142634,"/Date(1704439529000)/",67400,100,3188300,215067000000,-700,true,-1.03
"MSN",142634,"/Date(1704439529000)/",67400,100,3188200,215060000000,-700,true,-1.03
"MSN",142634,"/Date(1704439529000)/",67400,1400,3188100,215054000000,-700,true,-1.03
"MSN",142630,"/Date(1704439528000)/",67400,2000,3186700,214959000000,-700,false,-1.03
"MSN",142630,"/Date(1704439526000)/",67400,2000,3184700,214824000000,-700,false,-1.03
"MSN",142627,"/Date(1704439524000)/",67400,500,3182700,214690000000,-700,false,-1.03
"MSN",142608,"/Date(1704439504000)/",67400,3000,3182200,214656000000,-700,false,-1.03
"MSN",142605,"/Date(1704439502000)/",67400,200,3179200,214454000000,-700,false,-1.03
"MSN",142605,"/Date(1704439501000)/",67400,200,3179000,214440000000,-700,false,-1.03
"MSN",142558,"/Date(1704439495000)/",67400,3300,3178800,214427000000,-700,false,-1.03
"MSN",142558,"/Date(1704439494000)/",67400,1100,3175500,214204000000,-700,false,-1.03
"MSN",142552,"/Date(1704439488000)/",67400,100,3174400,214130000000,-700,false,-1.03
"MSN",142549,"/Date(1704439485000)/",67400,1200,3174300,214123000000,-700,false,-1.03
"MSN",142549,"/Date(1704439485000)/",67400,200,3173100,214043000000,-700,false,-1.03
"MSN",142549,"/Date(1704439485000)/",67400,1900,3172900,214029000000,-700,false,-1.03
"MSN",142542,"/Date(1704439479000)/",67400,200,3171000,213901000000,-700,false,-1.03
"MSN",142539,"/Date(1704439475000)/",67400,3300,3170800,213887000000,-700,false,-1.03
"MSN",142533,"/Date(1704439469000)/",67400,1000,3167500,213665000000,-700,false,-1.03
"MSN",142445,"/Date(1704439420000)/",67300,700,3166500,213598000000,-800,true,-1.17
"MSN",142441,"/Date(1704439419000)/",67300,200,3165800,213551000000,-800,false,-1.17
"MSN",142438,"/Date(1704439416000)/",67300,1000,3165600,213537000000,-800,false,-1.17
"MSN",142432,"/Date(1704439408000)/",67300,100,3164600,213470000000,-800,false,-1.17
"MSN",142403,"/Date(1704439379000)/",67400,200,3164500,213463000000,-700,false,-1.03
"MSN",142357,"/Date(1704439374000)/",67400,100,3164300,213450000000,-700,false,-1.03
"MSN",142357,"/Date(1704439373000)/",67200,2300,3164200,213443000000,-900,true,-1.32
"MSN",142357,"/Date(1704439373000)/",67200,3300,3161900,213288000000,-900,true,-1.32
"MSN",142357,"/Date(1704439373000)/",67300,1000,3158600,213067000000,-800,true,-1.17
"MSN",142357,"/Date(1704439373000)/",67300,200,3157600,212999000000,-800,true,-1.17
"MSN",142357,"/Date(1704439373000)/",67300,100,3157400,212986000000,-800,true,-1.17
"MSN",142357,"/Date(1704439373000)/",67300,1000,3157300,212979000000,-800,true,-1.17
"MSN",142357,"/Date(1704439373000)/",67300,1700,3156300,212912000000,-800,true,-1.17
"MSN",142350,"/Date(1704439368000)/",67300,100,3154600,212797000000,-800,true,-1.17
"MSN",142331,"/Date(1704439347000)/",67300,1600,3154500,212791000000,-800,true,-1.17
"MSN",142331,"/Date(1704439347000)/",67300,400,3152900,212683000000,-800,true,-1.17
"MSN",142328,"/Date(1704439343000)/",67300,600,3152500,212656000000,-800,true,-1.17
"MSN",142328,"/Date(1704439343000)/",67300,200,3151900,212616000000,-800,true,-1.17
"MSN",142328,"/Date(1704439343000)/",67300,1000,3151700,212602000000,-800,true,-1.17
"MSN",142328,"/Date(1704439343000)/",67300,200,3150700,212535000000,-800,true,-1.17
"MSN",142318,"/Date(1704439336000)/",67300,100,3150500,212521000000,-800,true,-1.17
"MSN",142315,"/Date(1704439332000)/",67300,200,3150400,212515000000,-800,true,-1.17
"MSN",142315,"/Date(1704439331000)/",67400,1100,3150200,212501000000,-700,false,-1.03
"MSN",142312,"/Date(1704439329000)/",67400,300,3149100,212427000000,-700,false,-1.03
"MSN",142256,"/Date(1704439312000)/",67400,900,3148800,212407000000,-700,false,-1.03
"MSN",142256,"/Date(1704439312000)/",67400,200,3147900,212346000000,-700,false,-1.03
"MSN",142252,"/Date(1704439308000)/",67300,5000,3147700,212333000000,-800,false,-1.17
"MSN",142252,"/Date(1704439308000)/",67300,100,3142700,211996000000,-800,false,-1.17
"MSN",142252,"/Date(1704439308000)/",67300,900,3142600,211989000000,-800,false,-1.17
"MSN",142246,"/Date(1704439304000)/",67300,200,3141700,211929000000,-800,false,-1.17
"MSN",142243,"/Date(1704439299000)/",67300,3300,3141500,211915000000,-800,false,-1.17
"MSN",142240,"/Date(1704439297000)/",67300,200,3138200,211693000000,-800,false,-1.17
"MSN",142233,"/Date(1704439291000)/",67300,400,3138000,211680000000,-800,false,-1.17
"MSN",142233,"/Date(1704439291000)/",67300,500,3137600,211653000000,-800,false,-1.17
"MSN",142233,"/Date(1704439291000)/",67300,1000,3137100,211619000000,-800,false,-1.17
"MSN",142233,"/Date(1704439291000)/",67300,300,3136100,211552000000,-800,false,-1.17
"MSN",142230,"/Date(1704439286000)/",67300,700,3135800,211532000000,-800,false,-1.17
"MSN",142230,"/Date(1704439286000)/",67300,10000,3135100,211485000000,-800,false,-1.17
"MSN",142230,"/Date(1704439286000)/",67300,1000,3125100,210812000000,-800,false,-1.17
"MSN",142230,"/Date(1704439286000)/",67300,500,3124100,210744000000,-800,false,-1.17
"MSN",142230,"/Date(1704439286000)/",67300,2200,3123600,210711000000,-800,false,-1.17
"MSN",142230,"/Date(1704439286000)/",67300,2100,3121400,210563000000,-800,false,-1.17
"MSN",142230,"/Date(1704439286000)/",67300,2500,3119300,210421000000,-800,false,-1.17
"MSN",142230,"/Date(1704439286000)/",67200,1000,3116800,210253000000,-900,true,-1.32
"MSN",142230,"/Date(1704439286000)/",67200,2000,3115800,210186000000,-900,true,-1.32
"MSN",142217,"/Date(1704439275000)/",67200,3300,3113800,210052000000,-900,true,-1.32
"MSN",142217,"/Date(1704439274000)/",67200,4500,3110500,209830000000,-900,true,-1.32
"MSN",142204,"/Date(1704439262000)/",67300,500,3106000,209527000000,-800,false,-1.17
"MSN",142204,"/Date(1704439262000)/",67300,1000,3105500,209494000000,-800,false,-1.17
"MSN",142204,"/Date(1704439262000)/",67300,1500,3104500,209426000000,-800,false,-1.17
"MSN",142204,"/Date(1704439262000)/",67300,300,3103000,209325000000,-800,false,-1.17
"MSN",142201,"/Date(1704439259000)/",67200,1000,3102700,209305000000,-900,true,-1.32
"MSN",142201,"/Date(1704439259000)/",67200,1000,3101700,209238000000,-900,true,-1.32
"MSN",142201,"/Date(1704439259000)/",67200,3500,3100700,209171000000,-900,true,-1.32
"MSN",142201,"/Date(1704439257000)/",67200,200,3097200,208936000000,-900,true,-1.32
"MSN",142158,"/Date(1704439254000)/",67200,1300,3097000,208922000000,-900,false,-1.32
"MSN",142158,"/Date(1704439254000)/",67200,600,3095700,208835000000,-900,false,-1.32
"MSN",142158,"/Date(1704439254000)/",67200,1000,3095100,208795000000,-900,false,-1.32
"MSN",142158,"/Date(1704439254000)/",67200,400,3094100,208727000000,-900,false,-1.32
"MSN",142148,"/Date(1704439246000)/",67200,100,3093700,208700000000,-900,false,-1.32
"MSN",142145,"/Date(1704439242000)/",67200,500,3093600,208694000000,-900,false,-1.32
"MSN",142132,"/Date(1704439230000)/",67100,100,3093100,208660000000,-1000,false,-1.47
"MSN",142132,"/Date(1704439230000)/",67100,1500,3093000,208653000000,-1000,false,-1.47
"MSN",142129,"/Date(1704439227000)/",67100,100,3091500,208553000000,-1000,false,-1.47
"MSN",142129,"/Date(1704439226000)/",67100,1900,3091400,208546000000,-1000,false,-1.47
"MSN",142129,"/Date(1704439226000)/",67100,700,3089500,208419000000,-1000,false,-1.47
"MSN",142129,"/Date(1704439226000)/",67100,400,3088800,208372000000,-1000,false,-1.47
"MSN",142119,"/Date(1704439218000)/",67100,100,3088400,208345000000,-1000,false,-1.47
"MSN",142119,"/Date(1704439218000)/",67100,100,3088300,208338000000,-1000,false,-1.47
"MSN",142113,"/Date(1704439211000)/",67100,100,3088200,208331000000,-1000,false,-1.47
"MSN",142113,"/Date(1704439210000)/",67100,100,3088100,208325000000,-1000,false,-1.47
"MSN",142110,"/Date(1704439206000)/",67100,100,3088000,208318000000,-1000,true,-1.47
"MSN",142110,"/Date(1704439206000)/",67100,1000,3087900,208311000000,-1000,true,-1.47
"MSN",142110,"/Date(1704439206000)/",67100,500,3086900,208244000000,-1000,true,-1.47
"MSN",142110,"/Date(1704439206000)/",67100,100,3086400,208211000000,-1000,true,-1.47
"MSN",142110,"/Date(1704439206000)/",67100,300,3086300,208204000000,-1000,true,-1.47
"MSN",142100,"/Date(1704439199000)/",67100,700,3086000,208184000000,-1000,true,-1.47
"MSN",142100,"/Date(1704439199000)/",67100,200,3085300,208137000000,-1000,true,-1.47
"MSN",142100,"/Date(1704439199000)/",67100,2600,3085100,208123000000,-1000,true,-1.47
"MSN",142100,"/Date(1704439199000)/",67100,500,3082500,207949000000,-1000,true,-1.47
"MSN",142100,"/Date(1704439199000)/",67100,700,3082000,207915000000,-1000,true,-1.47
"MSN",142100,"/Date(1704439199000)/",67100,200,3081300,207868000000,-1000,true,-1.47
"MSN",142100,"/Date(1704439199000)/",67100,100,3081100,207855000000,-1000,true,-1.47
"MSN",142057,"/Date(1704439195000)/",67100,100,3081000,207848000000,-1000,true,-1.47
"MSN",142051,"/Date(1704439187000)/",67100,200,3080900,207842000000,-1000,true,-1.47
"MSN",142031,"/Date(1704439169000)/",67100,300,3080700,207828000000,-1000,true,-1.47
"MSN",142022,"/Date(1704439160000)/",67100,300,3080400,207808000000,-1000,true,-1.47
"MSN",141946,"/Date(1704439125000)/",67100,100,3080100,207788000000,-1000,true,-1.47
"MSN",141946,"/Date(1704439124000)/",67100,200,3080000,207781000000,-1000,true,-1.47
"MSN",141937,"/Date(1704439114000)/",67100,1300,3079800,207768000000,-1000,true,-1.47
"MSN",141937,"/Date(1704439114000)/",67100,100,3078500,207681000000,-1000,true,-1.47
"MSN",141937,"/Date(1704439114000)/",67100,7300,3078400,207674000000,-1000,true,-1.47
"MSN",141921,"/Date(1704439097000)/",67100,400,3071100,207184000000,-1000,false,-1.47
"MSN",141917,"/Date(1704439095000)/",67100,8700,3070700,207157000000,-1000,false,-1.47
"MSN",141917,"/Date(1704439095000)/",67100,1300,3062000,206573000000,-1000,false,-1.47
"MSN",141911,"/Date(1704439089000)/",67100,100,3060700,206486000000,-1000,false,-1.47
"MSN",141855,"/Date(1704439074000)/",67000,1400,3060600,206479000000,-1100,true,-1.62
"MSN",141855,"/Date(1704439074000)/",67000,200,3059200,206386000000,-1100,true,-1.62
"MSN",141842,"/Date(1704439058000)/",67000,100,3059000,206372000000,-1100,true,-1.62
"MSN",141842,"/Date(1704439058000)/",67000,500,3058900,206366000000,-1100,true,-1.62
"MSN",141842,"/Date(1704439058000)/",67000,500,3058400,206332000000,-1100,true,-1.62
"MSN",141819,"/Date(1704439037000)/",67100,2000,3057900,206299000000,-1000,false,-1.47
"MSN",141813,"/Date(1704439031000)/",67100,2000,3055900,206164000000,-1000,true,-1.47
"MSN",141813,"/Date(1704439031000)/",67100,100,3053900,206030000000,-1000,true,-1.47
"MSN",141813,"/Date(1704439031000)/",67100,500,3053800,206023000000,-1000,true,-1.47
"MSN",141800,"/Date(1704439019000)/",67100,500,3053300,205990000000,-1000,true,-1.47
"MSN",141800,"/Date(1704439019000)/",67100,2000,3052800,205956000000,-1000,true,-1.47
"MSN",141800,"/Date(1704439019000)/",67100,1500,3050800,205822000000,-1000,true,-1.47
"MSN",141725,"/Date(1704438982000)/",67100,100,3049300,205721000000,-1000,true,-1.47
"MSN",141715,"/Date(1704438975000)/",67100,400,3049200,205715000000,-1000,false,-1.47
"MSN",141702,"/Date(1704438961000)/",67100,3100,3048800,205688000000,-1000,false,-1.47
"MSN",141702,"/Date(1704438961000)/",67100,500,3045700,205480000000,-1000,false,-1.47
"MSN",141702,"/Date(1704438961000)/",67100,700,3045200,205446000000,-1000,false,-1.47
"MSN",141702,"/Date(1704438961000)/",67100,300,3044500,205399000000,-1000,false,-1.47
"MSN",141702,"/Date(1704438961000)/",67100,5400,3044200,205379000000,-1000,false,-1.47
"MSN",141643,"/Date(1704438943000)/",67100,600,3038800,205017000000,-1000,false,-1.47
"MSN",141643,"/Date(1704438943000)/",67100,400,3038200,204977000000,-1000,false,-1.47
"MSN",141637,"/Date(1704438934000)/",67100,500,3037800,204950000000,-1000,true,-1.47
"MSN",141637,"/Date(1704438934000)/",67100,100,3037300,204916000000,-1000,true,-1.47
"MSN",141634,"/Date(1704438931000)/",67100,200,3037200,204910000000,-1000,true,-1.47
"MSN",141634,"/Date(1704438931000)/",67100,100,3037000,204896000000,-1000,true,-1.47
"MSN",141634,"/Date(1704438931000)/",67100,2000,3036900,204889000000,-1000,true,-1.47
"MSN",141634,"/Date(1704438931000)/",67100,200,3034900,204755000000,-1000,true,-1.47
"MSN",141634,"/Date(1704438931000)/",67100,10000,3034700,204742000000,-1000,true,-1.47
"MSN",141634,"/Date(1704438931000)/",67100,2000,3024700,204071000000,-1000,true,-1.47
"MSN",141634,"/Date(1704438931000)/",67100,200,3022700,203937000000,-1000,true,-1.47
"MSN",141634,"/Date(1704438931000)/",67100,4500,3022500,203923000000,-1000,true,-1.47
"MSN",141634,"/Date(1704438931000)/",67100,2000,3018000,203621000000,-1000,true,-1.47
"MSN",141634,"/Date(1704438931000)/",67100,300,3016000,203487000000,-1000,true,-1.47
"MSN",141634,"/Date(1704438931000)/",67100,1000,3015700,203467000000,-1000,true,-1.47
"MSN",141630,"/Date(1704438929000)/",67100,100,3014700,203400000000,-1000,true,-1.47
"MSN",141614,"/Date(1704438912000)/",67100,100,3014600,203393000000,-1000,true,-1.47
"MSN",141614,"/Date(1704438911000)/",67200,300,3014500,203386000000,-900,false,-1.32
"MSN",141611,"/Date(1704438909000)/",67200,200,3014200,203366000000,-900,true,-1.32
"MSN",141611,"/Date(1704438909000)/",67200,100,3014000,203353000000,-900,true,-1.32
"MSN",141611,"/Date(1704438909000)/",67200,100,3013900,203346000000,-900,true,-1.32
"MSN",141611,"/Date(1704438909000)/",67200,2000,3013800,203339000000,-900,true,-1.32
"MSN",141611,"/Date(1704438909000)/",67200,200,3011800,203205000000,-900,true,-1.32
"MSN",141608,"/Date(1704438905000)/",67200,1100,3011600,203192000000,-900,true,-1.32
"MSN",141605,"/Date(1704438903000)/",67200,200,3010500,203118000000,-900,true,-1.32
"MSN",141605,"/Date(1704438902000)/",67300,200,3010300,203104000000,-800,false,-1.17
"MSN",141520,"/Date(1704438858000)/",67300,500,3010100,203091000000,-800,false,-1.17
"MSN",141520,"/Date(1704438858000)/",67300,500,3009600,203057000000,-800,false,-1.17
"MSN",141517,"/Date(1704438856000)/",67200,700,3009100,203023000000,-900,false,-1.32
"MSN",141517,"/Date(1704438856000)/",67200,500,3008400,202976000000,-900,false,-1.32
"MSN",141517,"/Date(1704438856000)/",67200,400,3007900,202943000000,-900,false,-1.32
"MSN",141517,"/Date(1704438856000)/",67200,3700,3007500,202916000000,-900,false,-1.32
"MSN",141517,"/Date(1704438856000)/",67200,3200,3003800,202667000000,-900,false,-1.32
"MSN",141514,"/Date(1704438851000)/",67200,100,3000600,202452000000,-900,false,-1.32
"MSN",141514,"/Date(1704438851000)/",67200,500,3000500,202445000000,-900,false,-1.32
"MSN",141514,"/Date(1704438851000)/",67200,700,3000000,202412000000,-900,false,-1.32
"MSN",141514,"/Date(1704438851000)/",67200,100,2999300,202365000000,-900,false,-1.32
"MSN",141507,"/Date(1704438846000)/",67200,100,2999200,202358000000,-900,false,-1.32
"MSN",141435,"/Date(1704438815000)/",67200,600,2999100,202351000000,-900,false,-1.32
"MSN",141435,"/Date(1704438812000)/",67200,100,2998500,202311000000,-900,false,-1.32
"MSN",141435,"/Date(1704438812000)/",67200,700,2998400,202304000000,-900,false,-1.32
"MSN",141435,"/Date(1704438812000)/",67200,500,2997700,202257000000,-900,false,-1.32
"MSN",141435,"/Date(1704438812000)/",67200,100,2997200,202224000000,-900,false,-1.32
"MSN",141435,"/Date(1704438812000)/",67200,400,2997100,202217000000,-900,false,-1.32
"MSN",141435,"/Date(1704438812000)/",67200,200,2996700,202190000000,-900,false,-1.32
"MSN",141435,"/Date(1704438812000)/",67200,500,2996500,202177000000,-900,false,-1.32
"MSN",141435,"/Date(1704438812000)/",67200,1000,2996000,202143000000,-900,false,-1.32
"MSN",141435,"/Date(1704438812000)/",67200,2000,2995000,202076000000,-900,false,-1.32
"MSN",141435,"/Date(1704438812000)/",67200,3000,2993000,201941000000,-900,false,-1.32
"MSN",141435,"/Date(1704438812000)/",67200,100,2990000,201740000000,-900,false,-1.32
"MSN",141435,"/Date(1704438812000)/",67200,6500,2989900,201733000000,-900,false,-1.32
"MSN",141435,"/Date(1704438812000)/",67200,100,2983400,201296000000,-900,false,-1.32
"MSN",141435,"/Date(1704438812000)/",67200,2300,2983300,201290000000,-900,false,-1.32
"MSN",141435,"/Date(1704438812000)/",67200,100,2981000,201135000000,-900,false,-1.32
"MSN",141435,"/Date(1704438812000)/",67200,200,2980900,201128000000,-900,false,-1.32
"MSN",141435,"/Date(1704438812000)/",67200,1400,2980700,201115000000,-900,false,-1.32
"MSN",141419,"/Date(1704438796000)/",67200,1100,2979300,201021000000,-900,true,-1.32
"MSN",141419,"/Date(1704438796000)/",67200,200,2978200,200947000000,-900,true,-1.32
"MSN",141419,"/Date(1704438796000)/",67200,500,2978000,200933000000,-900,true,-1.32
"MSN",141419,"/Date(1704438796000)/",67200,1200,2977500,200900000000,-900,true,-1.32
"MSN",141413,"/Date(1704438790000)/",67300,1000,2976300,200819000000,-800,false,-1.17
"MSN",141413,"/Date(1704438790000)/",67300,2000,2975300,200752000000,-800,false,-1.17
"MSN",141413,"/Date(1704438790000)/",67300,200,2973300,200617000000,-800,false,-1.17
"MSN",141413,"/Date(1704438790000)/",67300,3000,2973100,200604000000,-800,false,-1.17
"MSN",141413,"/Date(1704438790000)/",67300,200,2970100,200402000000,-800,false,-1.17
"MSN",141413,"/Date(1704438790000)/",67300,100,2969900,200389000000,-800,false,-1.17
"MSN",141413,"/Date(1704438790000)/",67300,200,2969800,200382000000,-800,false,-1.17
"MSN",141413,"/Date(1704438790000)/",67300,13300,2969600,200368000000,-800,false,-1.17
"MSN",141406,"/Date(1704438785000)/",67300,500,2956300,199473000000,-800,false,-1.17
"MSN",141357,"/Date(1704438775000)/",67200,100,2955800,199440000000,-900,true,-1.32
"MSN",141350,"/Date(1704438770000)/",67300,1000,2955700,199433000000,-800,false,-1.17
"MSN",141334,"/Date(1704438752000)/",67200,1100,2954700,199366000000,-900,true,-1.32
"MSN",141331,"/Date(1704438748000)/",67300,200,2953600,199292000000,-800,false,-1.17
"MSN",141331,"/Date(1704438748000)/",67300,400,2953400,199278000000,-800,false,-1.17
"MSN",141325,"/Date(1704438744000)/",67200,1700,2953000,199251000000,-900,true,-1.32
"MSN",141318,"/Date(1704438738000)/",67200,900,2951300,199137000000,-900,true,-1.32
"MSN",141318,"/Date(1704438738000)/",67200,1100,2950400,199077000000,-900,true,-1.32
"MSN",141318,"/Date(1704438736000)/",67200,100,2949300,199003000000,-900,true,-1.32
"MSN",141318,"/Date(1704438736000)/",67200,1000,2949200,198996000000,-900,true,-1.32
"MSN",141224,"/Date(1704438683000)/",67200,100,2948200,198929000000,-900,true,-1.32
"MSN",141204,"/Date(1704438662000)/",67200,2000,2948100,198922000000,-900,true,-1.32
"MSN",141152,"/Date(1704438652000)/",67300,100,2946100,198788000000,-800,false,-1.17
"MSN",141120,"/Date(1704438620000)/",67200,500,2946000,198781000000,-900,true,-1.32
"MSN",141110,"/Date(1704438608000)/",67200,2000,2945500,198747000000,-900,false,-1.32
"MSN",141110,"/Date(1704438608000)/",67200,500,2943500,198613000000,-900,false,-1.32
"MSN",141110,"/Date(1704438608000)/",67200,1000,2943000,198579000000,-900,false,-1.32
"MSN",141110,"/Date(1704438608000)/",67200,1500,2942000,198512000000,-900,false,-1.32
"MSN",141110,"/Date(1704438608000)/",67200,1400,2940500,198411000000,-900,false,-1.32
"MSN",141057,"/Date(1704438595000)/",67200,100,2939100,198317000000,-900,true,-1.32
"MSN",141057,"/Date(1704438595000)/",67200,300,2939000,198310000000,-900,true,-1.32
"MSN",141057,"/Date(1704438595000)/",67200,200,2938700,198290000000,-900,true,-1.32
"MSN",141054,"/Date(1704438593000)/",67300,200,2938500,198277000000,-800,false,-1.17
"MSN",141051,"/Date(1704438590000)/",67200,500,2938300,198263000000,-900,true,-1.32
"MSN",141031,"/Date(1704438570000)/",67200,300,2937800,198230000000,-900,true,-1.32
"MSN",141031,"/Date(1704438570000)/",67200,700,2937500,198210000000,-900,true,-1.32
"MSN",141031,"/Date(1704438570000)/",67200,700,2936800,198163000000,-900,true,-1.32
"MSN",141031,"/Date(1704438569000)/",67200,100,2936100,198116000000,-900,true,-1.32
"MSN",141031,"/Date(1704438569000)/",67200,200,2936000,198109000000,-900,true,-1.32
"MSN",141025,"/Date(1704438563000)/",67200,100,2935800,198095000000,-900,true,-1.32
"MSN",141025,"/Date(1704438563000)/",67200,100,2935700,198089000000,-900,true,-1.32
"MSN",141025,"/Date(1704438563000)/",67200,3000,2935600,198082000000,-900,true,-1.32
"MSN",141025,"/Date(1704438563000)/",67200,1000,2932600,197880000000,-900,true,-1.32
"MSN",141025,"/Date(1704438563000)/",67200,300,2931600,197813000000,-900,true,-1.32
"MSN",141022,"/Date(1704438561000)/",67200,2000,2931300,197793000000,-900,true,-1.32
"MSN",141012,"/Date(1704438550000)/",67300,100,2929300,197659000000,-800,false,-1.17
"MSN",141009,"/Date(1704438547000)/",67200,2000,2929200,197652000000,-900,true,-1.32
"MSN",141006,"/Date(1704438544000)/",67300,300,2927200,197517000000,-800,false,-1.17
"MSN",140947,"/Date(1704438524000)/",67300,100,2926900,197497000000,-800,false,-1.17
"MSN",140934,"/Date(1704438512000)/",67300,300,2926800,197491000000,-800,true,-1.17
"MSN",140934,"/Date(1704438512000)/",67300,500,2926500,197470000000,-800,true,-1.17
"MSN",140934,"/Date(1704438512000)/",67300,1400,2926000,197437000000,-800,true,-1.17
"MSN",140934,"/Date(1704438512000)/",67300,400,2924600,197342000000,-800,true,-1.17
"MSN",140934,"/Date(1704438512000)/",67300,200,2924200,197316000000,-800,true,-1.17
"MSN",140934,"/Date(1704438512000)/",67300,300,2924000,197302000000,-800,true,-1.17
"MSN",140934,"/Date(1704438512000)/",67300,200,2923700,197282000000,-800,true,-1.17
"MSN",140934,"/Date(1704438512000)/",67300,500,2923500,197268000000,-800,true,-1.17
"MSN",140915,"/Date(1704438493000)/",67300,500,2923000,197235000000,-800,true,-1.17
"MSN",140911,"/Date(1704438489000)/",67300,1000,2922500,197201000000,-800,true,-1.17
"MSN",140905,"/Date(1704438485000)/",67300,100,2921500,197134000000,-800,true,-1.17
"MSN",140858,"/Date(1704438476000)/",67300,500,2921400,197127000000,-800,false,-1.17
"MSN",140858,"/Date(1704438476000)/",67300,100,2920900,197093000000,-800,false,-1.17
"MSN",140858,"/Date(1704438476000)/",67300,100,2920800,197087000000,-800,false,-1.17
"MSN",140858,"/Date(1704438476000)/",67300,500,2920700,197080000000,-800,false,-1.17
"MSN",140858,"/Date(1704438476000)/",67300,5000,2920200,197046000000,-800,false,-1.17
"MSN",140858,"/Date(1704438476000)/",67300,1000,2915200,196710000000,-800,false,-1.17
"MSN",140858,"/Date(1704438476000)/",67300,1300,2914200,196643000000,-800,false,-1.17
"MSN",140858,"/Date(1704438476000)/",67300,1000,2912900,196555000000,-800,false,-1.17
"MSN",140858,"/Date(1704438476000)/",67300,7000,2911900,196488000000,-800,false,-1.17
"MSN",140858,"/Date(1704438476000)/",67300,700,2904900,196017000000,-800,false,-1.17
"MSN",140858,"/Date(1704438476000)/",67300,700,2904200,195970000000,-800,false,-1.17
"MSN",140826,"/Date(1704438444000)/",67300,1000,2903500,195922000000,-800,false,-1.17
"MSN",140826,"/Date(1704438444000)/",67300,100,2902500,195855000000,-800,false,-1.17
"MSN",140823,"/Date(1704438443000)/",67300,300,2902400,195848000000,-800,false,-1.17
"MSN",140813,"/Date(1704438432000)/",67200,3100,2902100,195828000000,-900,false,-1.32
"MSN",140804,"/Date(1704438421000)/",67200,1900,2899000,195620000000,-900,false,-1.32
"MSN",140800,"/Date(1704438419000)/",67200,100,2897100,195492000000,-900,true,-1.32
"MSN",140754,"/Date(1704438413000)/",67200,2000,2897000,195486000000,-900,false,-1.32
"MSN",140709,"/Date(1704438365000)/",67300,100,2895000,195351000000,-800,false,-1.17
"MSN",140643,"/Date(1704438344000)/",67100,100,2894900,195344000000,-1000,true,-1.47
"MSN",140627,"/Date(1704438327000)/",67100,2000,2894800,195338000000,-1000,true,-1.47
"MSN",140605,"/Date(1704438304000)/",67000,400,2892800,195203000000,-1100,true,-1.62
"MSN",140605,"/Date(1704438304000)/",67100,1000,2892400,195177000000,-1000,true,-1.47
"MSN",140605,"/Date(1704438304000)/",67200,100,2891400,195110000000,-900,true,-1.32
"MSN",140549,"/Date(1704438288000)/",67200,2000,2891300,195103000000,-900,false,-1.32
"MSN",140536,"/Date(1704438275000)/",67200,4900,2889300,194968000000,-900,false,-1.32
"MSN",140536,"/Date(1704438275000)/",67200,600,2884400,194639000000,-900,false,-1.32
"MSN",140536,"/Date(1704438275000)/",67200,1100,2883800,194599000000,-900,false,-1.32
"MSN",140536,"/Date(1704438275000)/",67200,1400,2882700,194525000000,-900,false,-1.32
"MSN",140536,"/Date(1704438275000)/",67200,4400,2881300,194431000000,-900,false,-1.32
"MSN",140536,"/Date(1704438275000)/",67200,600,2876900,194135000000,-900,false,-1.32
"MSN",140536,"/Date(1704438275000)/",67200,300,2876300,194095000000,-900,false,-1.32
"MSN",140536,"/Date(1704438275000)/",67200,100,2876000,194075000000,-900,false,-1.32
"MSN",140536,"/Date(1704438275000)/",67200,5000,2875900,194068000000,-900,false,-1.32
"MSN",140536,"/Date(1704438275000)/",67200,1600,2870900,193732000000,-900,false,-1.32
"MSN",140533,"/Date(1704438273000)/",67000,100,2869300,193624000000,-1100,true,-1.62
"MSN",140530,"/Date(1704438269000)/",67000,700,2869200,193618000000,-1100,true,-1.62
"MSN",140523,"/Date(1704438264000)/",67100,400,2868500,193571000000,-1000,false,-1.47
"MSN",140523,"/Date(1704438264000)/",67100,1100,2868100,193544000000,-1000,false,-1.47
"MSN",140523,"/Date(1704438264000)/",67100,500,2867000,193470000000,-1000,false,-1.47
"MSN",140514,"/Date(1704438253000)/",67000,300,2866500,193437000000,-1100,true,-1.62
"MSN",140514,"/Date(1704438253000)/",67000,100,2866200,193417000000,-1100,true,-1.62
"MSN",140514,"/Date(1704438253000)/",67000,100,2866100,193410000000,-1100,true,-1.62
"MSN",140432,"/Date(1704438211000)/",67000,400,2866000,193403000000,-1100,true,-1.62
"MSN",140432,"/Date(1704438211000)/",67100,100,2865600,193376000000,-1000,true,-1.47
"MSN",140432,"/Date(1704438211000)/",67100,1000,2865500,193370000000,-1000,true,-1.47
"MSN",140419,"/Date(1704438199000)/",67200,100,2864500,193303000000,-900,false,-1.32
"MSN",140357,"/Date(1704438178000)/",67200,300,2864400,193296000000,-900,false,-1.32
"MSN",140328,"/Date(1704438147000)/",67000,100,2864100,193276000000,-1100,true,-1.62
"MSN",140328,"/Date(1704438147000)/",67000,200,2864000,193269000000,-1100,true,-1.62
"MSN",140328,"/Date(1704438147000)/",67000,800,2863800,193256000000,-1100,true,-1.62
"MSN",140328,"/Date(1704438147000)/",67100,1000,2863000,193202000000,-1000,false,-1.47
"MSN",140328,"/Date(1704438147000)/",67100,1000,2862000,193135000000,-1000,false,-1.47
"MSN",140328,"/Date(1704438147000)/",67200,100,2861000,193068000000,-900,false,-1.32
"MSN",140328,"/Date(1704438147000)/",67200,100,2860900,193061000000,-900,false,-1.32
"MSN",140328,"/Date(1704438147000)/",67200,200,2860800,193054000000,-900,false,-1.32
"MSN",140321,"/Date(1704438143000)/",67300,500,2860600,193041000000,-800,true,-1.17
"MSN",140321,"/Date(1704438140000)/",67300,2000,2860100,193007000000,-800,true,-1.17
"MSN",140321,"/Date(1704438140000)/",67300,100,2858100,192873000000,-800,true,-1.17
"MSN",140321,"/Date(1704438140000)/",67300,200,2858000,192866000000,-800,true,-1.17
"MSN",140312,"/Date(1704438131000)/",67300,100,2857800,192852000000,-800,true,-1.17
"MSN",140305,"/Date(1704438125000)/",67300,200,2857700,192846000000,-800,true,-1.17
"MSN",140305,"/Date(1704438125000)/",67300,100,2857500,192832000000,-800,true,-1.17
"MSN",140305,"/Date(1704438125000)/",67300,200,2857400,192826000000,-800,true,-1.17
"MSN",140249,"/Date(1704438108000)/",67300,2700,2857200,192812000000,-800,true,-1.17
"MSN",140246,"/Date(1704438106000)/",67300,1500,2854500,192630000000,-800,true,-1.17
"MSN",140243,"/Date(1704438104000)/",67300,500,2853000,192529000000,-800,false,-1.17
"MSN",140243,"/Date(1704438104000)/",67300,5300,2852500,192496000000,-800,false,-1.17
"MSN",140240,"/Date(1704438101000)/",67200,800,2847200,192139000000,-900,true,-1.32
"MSN",140240,"/Date(1704438101000)/",67200,200,2846400,192085000000,-900,true,-1.32
"MSN",140240,"/Date(1704438101000)/",67200,1000,2846200,192072000000,-900,true,-1.32
"MSN",140240,"/Date(1704438100000)/",67300,500,2845200,192005000000,-800,false,-1.17
"MSN",140240,"/Date(1704438100000)/",67300,200,2844700,191971000000,-800,false,-1.17
"MSN",140237,"/Date(1704438097000)/",67300,4000,2844500,191958000000,-800,false,-1.17
"MSN",140230,"/Date(1704438090000)/",67300,1000,2840500,191688000000,-800,false,-1.17
"MSN",140230,"/Date(1704438090000)/",67300,7000,2839500,191621000000,-800,false,-1.17
"MSN",140230,"/Date(1704438090000)/",67300,600,2832500,191150000000,-800,false,-1.17
"MSN",140230,"/Date(1704438090000)/",67300,1400,2831900,191110000000,-800,false,-1.17
"MSN",140230,"/Date(1704438090000)/",67300,500,2830500,191015000000,-800,false,-1.17
"MSN",140230,"/Date(1704438090000)/",67300,1500,2830000,190982000000,-800,false,-1.17
"MSN",140224,"/Date(1704438084000)/",67300,1800,2828500,190881000000,-800,false,-1.17
"MSN",140224,"/Date(1704438084000)/",67300,300,2826700,190760000000,-800,false,-1.17
"MSN",140224,"/Date(1704438084000)/",67300,700,2826400,190739000000,-800,false,-1.17
"MSN",140220,"/Date(1704438079000)/",67300,400,2825700,190692000000,-800,false,-1.17
"MSN",140220,"/Date(1704438079000)/",67300,100,2825300,190665000000,-800,false,-1.17
"MSN",140220,"/Date(1704438079000)/",67200,1000,2825200,190659000000,-900,true,-1.32
"MSN",140217,"/Date(1704438077000)/",67200,100,2824200,190591000000,-900,false,-1.32
"MSN",140208,"/Date(1704438066000)/",67200,2100,2824100,190585000000,-900,false,-1.32
"MSN",140208,"/Date(1704438066000)/",67200,300,2822000,190444000000,-900,false,-1.32
"MSN",140208,"/Date(1704438066000)/",67200,200,2821700,190423000000,-900,false,-1.32
"MSN",140208,"/Date(1704438066000)/",67200,100,2821500,190410000000,-900,false,-1.32
"MSN",140201,"/Date(1704438062000)/",67100,500,2821400,190403000000,-1000,true,-1.47
"MSN",140201,"/Date(1704438060000)/",67100,100,2820900,190370000000,-1000,true,-1.47
"MSN",140155,"/Date(1704438055000)/",67100,1000,2820800,190363000000,-1000,true,-1.47
"MSN",140145,"/Date(1704438044000)/",67100,1000,2819800,190296000000,-1000,false,-1.47
"MSN",140145,"/Date(1704438044000)/",67100,600,2818800,190229000000,-1000,false,-1.47
"MSN",140145,"/Date(1704438044000)/",67100,100,2818200,190189000000,-1000,false,-1.47
"MSN",140145,"/Date(1704438044000)/",67100,300,2818100,190182000000,-1000,false,-1.47
"MSN",140142,"/Date(1704438043000)/",67000,400,2817800,190162000000,-1100,true,-1.62
"MSN",140142,"/Date(1704438043000)/",67000,200,2817400,190135000000,-1100,true,-1.62
"MSN",140142,"/Date(1704438043000)/",67000,1000,2817200,190122000000,-1100,true,-1.62
"MSN",140142,"/Date(1704438043000)/",67000,1000,2816200,190055000000,-1100,true,-1.62
"MSN",140142,"/Date(1704438043000)/",67000,2000,2815200,189988000000,-1100,true,-1.62
"MSN",140142,"/Date(1704438043000)/",67000,100,2813200,189854000000,-1100,true,-1.62
"MSN",140142,"/Date(1704438043000)/",67000,600,2813100,189847000000,-1100,true,-1.62
"MSN",140142,"/Date(1704438043000)/",67000,2000,2812500,189807000000,-1100,true,-1.62
"MSN",140142,"/Date(1704438043000)/",67000,100,2810500,189673000000,-1100,true,-1.62
"MSN",140136,"/Date(1704438035000)/",67100,100,2810400,189666000000,-1000,false,-1.47
"MSN",140126,"/Date(1704438027000)/",67000,100,2810300,189659000000,-1100,false,-1.62
"MSN",140126,"/Date(1704438026000)/",67000,1400,2810200,189653000000,-1100,false,-1.62
"MSN",140126,"/Date(1704438025000)/",67000,600,2808800,189559000000,-1100,false,-1.62
"MSN",140126,"/Date(1704438025000)/",67000,400,2808200,189519000000,-1100,false,-1.62
"MSN",140126,"/Date(1704438025000)/",67000,300,2807800,189492000000,-1100,false,-1.62
"MSN",140126,"/Date(1704438025000)/",67000,300,2807500,189472000000,-1100,false,-1.62
"MSN",140126,"/Date(1704438025000)/",67000,800,2807200,189452000000,-1100,false,-1.62
"MSN",140126,"/Date(1704438025000)/",67000,100,2806400,189398000000,-1100,false,-1.62
"MSN",140126,"/Date(1704438025000)/",67000,1100,2806300,189391000000,-1100,false,-1.62
"MSN",140123,"/Date(1704438025000)/",67000,100,2805200,189318000000,-1100,false,-1.62
"MSN",140123,"/Date(1704438024000)/",67000,500,2805100,189311000000,-1100,false,-1.62
"MSN",140123,"/Date(1704438022000)/",67000,3300,2804600,189277000000,-1100,false,-1.62
"MSN",140123,"/Date(1704438022000)/",67000,200,2801300,189056000000,-1100,false,-1.62
"MSN",140123,"/Date(1704438022000)/",67000,600,2801100,189043000000,-1100,false,-1.62
"MSN",140123,"/Date(1704438022000)/",67000,900,2800500,189003000000,-1100,false,-1.62
"MSN",140120,"/Date(1704438018000)/",67000,100,2799600,188942000000,-1100,false,-1.62
"MSN",140120,"/Date(1704438018000)/",67000,500,2799500,188936000000,-1100,false,-1.62
"MSN",140120,"/Date(1704438018000)/",67000,200,2799000,188902000000,-1100,false,-1.62
"MSN",140120,"/Date(1704438018000)/",67000,1000,2798800,188889000000,-1100,false,-1.62
"MSN",140120,"/Date(1704438018000)/",67000,200,2797800,188822000000,-1100,false,-1.62
"MSN",140116,"/Date(1704438016000)/",67000,800,2797600,188808000000,-1100,false,-1.62
"MSN",140116,"/Date(1704438016000)/",67000,1100,2796800,188755000000,-1100,false,-1.62
"MSN",140116,"/Date(1704438016000)/",67000,100,2795700,188681000000,-1100,false,-1.62
"MSN",140050,"/Date(1704437989000)/",66900,100,2795600,188674000000,-1200,true,-1.76
"MSN",140031,"/Date(1704437970000)/",66900,5000,2795500,188668000000,-1200,true,-1.76
"MSN",140031,"/Date(1704437970000)/",66900,500,2790500,188333000000,-1200,true,-1.76
"MSN",140031,"/Date(1704437970000)/",66900,3400,2790000,188300000000,-1200,true,-1.76
"MSN",140031,"/Date(1704437970000)/",66900,700,2786600,188072000000,-1200,true,-1.76
"MSN",140031,"/Date(1704437970000)/",66900,400,2785900,188025000000,-1200,true,-1.76
"MSN",140031,"/Date(1704437970000)/",66900,500,2785500,187999000000,-1200,true,-1.76
"MSN",140031,"/Date(1704437970000)/",66900,600,2785000,187965000000,-1200,true,-1.76
"MSN",140031,"/Date(1704437970000)/",66900,6800,2784400,187925000000,-1200,true,-1.76
"MSN",140031,"/Date(1704437970000)/",66900,1100,2777600,187470000000,-1200,true,-1.76
"MSN",140031,"/Date(1704437970000)/",66900,1500,2776500,187397000000,-1200,true,-1.76
"MSN",140031,"/Date(1704437970000)/",66900,1000,2775000,187296000000,-1200,true,-1.76
"MSN",140031,"/Date(1704437970000)/",66900,500,2774000,187229000000,-1200,true,-1.76
"MSN",140031,"/Date(1704437970000)/",66900,2000,2773500,187196000000,-1200,true,-1.76
"MSN",140031,"/Date(1704437970000)/",66900,1000,2771500,187062000000,-1200,true,-1.76
"MSN",140031,"/Date(1704437970000)/",66900,3600,2770500,186995000000,-1200,true,-1.76
"MSN",140018,"/Date(1704437959000)/",66900,500,2766900,186754000000,-1200,false,-1.76
"MSN",140005,"/Date(1704437945000)/",66800,500,2766400,186721000000,-1300,true,-1.91
"MSN",135959,"/Date(1704437938000)/",66800,500,2765900,186687000000,-1300,true,-1.91
"MSN",135959,"/Date(1704437938000)/",66800,100,2765400,186654000000,-1300,true,-1.91
"MSN",135959,"/Date(1704437938000)/",66800,2400,2765300,186647000000,-1300,true,-1.91
"MSN",135953,"/Date(1704437933000)/",66800,2600,2762900,186487000000,-1300,true,-1.91
"MSN",135953,"/Date(1704437933000)/",66800,400,2760300,186313000000,-1300,true,-1.91
"MSN",135943,"/Date(1704437925000)/",66900,1000,2759900,186287000000,-1200,false,-1.76
"MSN",135937,"/Date(1704437918000)/",66800,100,2758900,186220000000,-1300,true,-1.91
"MSN",135937,"/Date(1704437917000)/",66800,1000,2758800,186213000000,-1300,true,-1.91
"MSN",135927,"/Date(1704437906000)/",66900,100,2757800,186146000000,-1200,false,-1.76
"MSN",135924,"/Date(1704437905000)/",66800,1800,2757700,186140000000,-1300,true,-1.91
"MSN",135924,"/Date(1704437905000)/",66800,500,2755900,186019000000,-1300,true,-1.91
"MSN",135924,"/Date(1704437905000)/",66800,700,2755400,185986000000,-1300,true,-1.91
"MSN",135924,"/Date(1704437905000)/",66800,200,2754700,185939000000,-1300,true,-1.91
"MSN",135920,"/Date(1704437902000)/",66900,1600,2754500,185926000000,-1200,false,-1.76
"MSN",135920,"/Date(1704437902000)/",66900,600,2752900,185819000000,-1200,false,-1.76
"MSN",135920,"/Date(1704437900000)/",66800,100,2752300,185779000000,-1300,true,-1.91
"MSN",135917,"/Date(1704437897000)/",66700,300,2752200,185772000000,-1400,true,-2.06
"MSN",135917,"/Date(1704437897000)/",66700,400,2751900,185752000000,-1400,true,-2.06
"MSN",135917,"/Date(1704437897000)/",66700,2000,2751500,185725000000,-1400,true,-2.06
"MSN",135917,"/Date(1704437897000)/",66700,700,2749500,185592000000,-1400,true,-2.06
"MSN",135917,"/Date(1704437897000)/",66700,800,2748800,185545000000,-1400,true,-2.06
"MSN",135917,"/Date(1704437897000)/",66700,100,2748000,185492000000,-1400,true,-2.06
"MSN",135917,"/Date(1704437897000)/",66700,100,2747900,185485000000,-1400,true,-2.06
"MSN",135917,"/Date(1704437897000)/",66700,100,2747800,185478000000,-1400,true,-2.06
"MSN",135917,"/Date(1704437897000)/",66800,1000,2747700,185472000000,-1300,true,-1.91
"MSN",135917,"/Date(1704437897000)/",66800,2700,2746700,185405000000,-1300,true,-1.91
"MSN",135914,"/Date(1704437896000)/",66800,100,2744000,185225000000,-1300,true,-1.91
"MSN",135908,"/Date(1704437888000)/",66800,900,2743900,185218000000,-1300,false,-1.91
"MSN",135908,"/Date(1704437888000)/",66800,700,2743000,185158000000,-1300,false,-1.91
"MSN",135908,"/Date(1704437888000)/",66800,200,2742300,185111000000,-1300,false,-1.91
"MSN",135908,"/Date(1704437888000)/",66800,400,2742100,185098000000,-1300,false,-1.91
"MSN",135908,"/Date(1704437888000)/",66800,300,2741700,185071000000,-1300,false,-1.91
"MSN",135908,"/Date(1704437888000)/",66800,100,2741400,185051000000,-1300,false,-1.91
"MSN",135908,"/Date(1704437888000)/",66800,100,2741300,185044000000,-1300,false,-1.91
"MSN",135908,"/Date(1704437888000)/",66800,6300,2741200,185038000000,-1300,false,-1.91
"MSN",135908,"/Date(1704437888000)/",66800,300,2734900,184617000000,-1300,false,-1.91
"MSN",135908,"/Date(1704437888000)/",66800,3400,2734600,184597000000,-1300,false,-1.91
"MSN",135908,"/Date(1704437888000)/",66800,500,2731200,184370000000,-1300,false,-1.91
"MSN",135908,"/Date(1704437888000)/",66800,800,2730700,184336000000,-1300,false,-1.91
"MSN",135908,"/Date(1704437888000)/",66800,2000,2729900,184283000000,-1300,false,-1.91
"MSN",135908,"/Date(1704437888000)/",66800,1000,2727900,184149000000,-1300,false,-1.91
"MSN",135908,"/Date(1704437888000)/",66800,5200,2726900,184082000000,-1300,false,-1.91
"MSN",135858,"/Date(1704437879000)/",66700,400,2721700,183735000000,-1400,true,-2.06
"MSN",135858,"/Date(1704437879000)/",66700,100,2721300,183708000000,-1400,true,-2.06
"MSN",135858,"/Date(1704437878000)/",66700,100,2721200,183702000000,-1400,true,-2.06
"MSN",135855,"/Date(1704437876000)/",66700,1000,2721100,183695000000,-1400,false,-2.06
"MSN",135852,"/Date(1704437873000)/",66700,200,2720100,183628000000,-1400,true,-2.06
"MSN",135852,"/Date(1704437873000)/",66700,1500,2719900,183615000000,-1400,true,-2.06
"MSN",135852,"/Date(1704437871000)/",66800,1100,2718400,183515000000,-1300,false,-1.91
"MSN",135848,"/Date(1704437870000)/",66700,200,2717300,183441000000,-1400,false,-2.06
"MSN",135848,"/Date(1704437869000)/",66700,100,2717100,183428000000,-1400,false,-2.06
"MSN",135848,"/Date(1704437868000)/",66700,100,2717000,183421000000,-1400,false,-2.06
"MSN",135848,"/Date(1704437868000)/",66700,100,2716900,183415000000,-1400,false,-2.06
"MSN",135842,"/Date(1704437864000)/",66700,800,2716800,183408000000,-1400,false,-2.06
"MSN",135842,"/Date(1704437862000)/",66700,200,2716000,183355000000,-1400,false,-2.06
"MSN",135842,"/Date(1704437861000)/",66700,500,2715800,183341000000,-1400,false,-2.06
"MSN",135839,"/Date(1704437861000)/",66700,300,2715300,183308000000,-1400,false,-2.06
"MSN",135839,"/Date(1704437861000)/",66700,200,2715000,183288000000,-1400,false,-2.06
"MSN",135839,"/Date(1704437859000)/",66700,100,2714800,183275000000,-1400,false,-2.06
"MSN",135836,"/Date(1704437857000)/",66700,200,2714700,183268000000,-1400,false,-2.06
"MSN",135836,"/Date(1704437857000)/",66700,3400,2714500,183255000000,-1400,false,-2.06
"MSN",135836,"/Date(1704437857000)/",66700,300,2711100,183028000000,-1400,false,-2.06
"MSN",135836,"/Date(1704437857000)/",66700,800,2710800,183008000000,-1400,false,-2.06
"MSN",135836,"/Date(1704437857000)/",66700,5300,2710000,182955000000,-1400,false,-2.06
"MSN",135826,"/Date(1704437848000)/",66700,500,2704700,182601000000,-1400,false,-2.06
"MSN",135826,"/Date(1704437847000)/",66600,100,2704200,182568000000,-1500,true,-2.2
"MSN",135826,"/Date(1704437846000)/",66600,1800,2704100,182561000000,-1500,true,-2.2
"MSN",135826,"/Date(1704437845000)/",66700,500,2702300,182441000000,-1400,false,-2.06
"MSN",135823,"/Date(1704437843000)/",66700,1000,2701800,182408000000,-1400,false,-2.06
"MSN",135823,"/Date(1704437842000)/",66700,100,2700800,182341000000,-1400,false,-2.06
"MSN",135820,"/Date(1704437841000)/",66600,500,2700700,182334000000,-1500,true,-2.2
"MSN",135820,"/Date(1704437841000)/",66700,900,2700200,182301000000,-1400,false,-2.06
"MSN",135820,"/Date(1704437840000)/",66700,200,2699300,182241000000,-1400,false,-2.06
"MSN",135820,"/Date(1704437840000)/",66700,100,2699100,182228000000,-1400,false,-2.06
"MSN",135820,"/Date(1704437840000)/",66700,200,2699000,182221000000,-1400,false,-2.06
"MSN",135820,"/Date(1704437840000)/",66700,300,2698800,182208000000,-1400,false,-2.06
"MSN",135820,"/Date(1704437840000)/",66700,900,2698500,182188000000,-1400,false,-2.06
"MSN",135813,"/Date(1704437835000)/",66700,3500,2697600,182128000000,-1400,false,-2.06
"MSN",135813,"/Date(1704437835000)/",66700,300,2694100,181894000000,-1400,false,-2.06
"MSN",135813,"/Date(1704437835000)/",66700,3000,2693800,181874000000,-1400,false,-2.06
"MSN",135813,"/Date(1704437835000)/",66700,2300,2690800,181674000000,-1400,false,-2.06
"MSN",135813,"/Date(1704437833000)/",66600,200,2688500,181521000000,-1500,true,-2.2
"MSN",135813,"/Date(1704437832000)/",66600,400,2688300,181507000000,-1500,true,-2.2
"MSN",135813,"/Date(1704437832000)/",66600,100,2687900,181481000000,-1500,true,-2.2
"MSN",135813,"/Date(1704437832000)/",66600,100,2687800,181474000000,-1500,true,-2.2
"MSN",135813,"/Date(1704437832000)/",66600,100,2687700,181467000000,-1500,true,-2.2
"MSN",135813,"/Date(1704437832000)/",66600,100,2687600,181461000000,-1500,true,-2.2
"MSN",135813,"/Date(1704437832000)/",66600,100,2687500,181454000000,-1500,true,-2.2
"MSN",135813,"/Date(1704437832000)/",66600,100,2687400,181447000000,-1500,true,-2.2
"MSN",135810,"/Date(1704437832000)/",66700,200,2687300,181441000000,-1400,false,-2.06
"MSN",135800,"/Date(1704437822000)/",66700,500,2687100,181427000000,-1400,false,-2.06
"MSN",135800,"/Date(1704437821000)/",66700,200,2686600,181394000000,-1400,false,-2.06
"MSN",135757,"/Date(1704437817000)/",66700,2700,2686400,181381000000,-1400,false,-2.06
"MSN",135757,"/Date(1704437817000)/",66700,500,2683700,181201000000,-1400,false,-2.06
"MSN",135757,"/Date(1704437817000)/",66700,6800,2683200,181167000000,-1400,false,-2.06
"MSN",135754,"/Date(1704437816000)/",66700,600,2676400,180714000000,-1400,false,-2.06
"MSN",135754,"/Date(1704437815000)/",66700,100,2675800,180674000000,-1400,false,-2.06
"MSN",135754,"/Date(1704437815000)/",66700,1000,2675700,180667000000,-1400,false,-2.06
"MSN",135754,"/Date(1704437814000)/",66700,100,2674700,180600000000,-1400,false,-2.06
"MSN",135751,"/Date(1704437810000)/",66700,100,2674600,180594000000,-1400,false,-2.06
"MSN",135751,"/Date(1704437810000)/",66700,100,2674500,180587000000,-1400,false,-2.06
"MSN",135751,"/Date(1704437810000)/",66700,500,2674400,180580000000,-1400,false,-2.06
"MSN",135751,"/Date(1704437810000)/",66700,500,2673900,180547000000,-1400,false,-2.06
"MSN",135751,"/Date(1704437810000)/",66700,200,2673400,180514000000,-1400,false,-2.06
"MSN",135748,"/Date(1704437810000)/",66700,5000,2673200,180500000000,-1400,true,-2.06
"MSN",135744,"/Date(1704437805000)/",66700,2900,2668200,180167000000,-1400,true,-2.06
"MSN",135744,"/Date(1704437805000)/",66700,1900,2665300,179973000000,-1400,true,-2.06
"MSN",135744,"/Date(1704437805000)/",66700,100,2663400,179847000000,-1400,true,-2.06
"MSN",135744,"/Date(1704437805000)/",66700,100,2663300,179840000000,-1400,true,-2.06
"MSN",135744,"/Date(1704437804000)/",66700,300,2663200,179833000000,-1400,true,-2.06
"MSN",135744,"/Date(1704437804000)/",66700,1000,2662900,179813000000,-1400,true,-2.06
"MSN",135744,"/Date(1704437804000)/",66700,2000,2661900,179747000000,-1400,true,-2.06
"MSN",135744,"/Date(1704437804000)/",66700,200,2659900,179613000000,-1400,true,-2.06
"MSN",135744,"/Date(1704437804000)/",66700,100,2659700,179600000000,-1400,true,-2.06
"MSN",135744,"/Date(1704437804000)/",66700,1000,2659600,179593000000,-1400,true,-2.06
"MSN",135744,"/Date(1704437804000)/",66700,300,2658600,179526000000,-1400,true,-2.06
"MSN",135744,"/Date(1704437804000)/",66700,5000,2658300,179506000000,-1400,true,-2.06
"MSN",135744,"/Date(1704437804000)/",66700,5000,2653300,179173000000,-1400,true,-2.06
"MSN",135744,"/Date(1704437804000)/",66700,100,2648300,178839000000,-1400,true,-2.06
"MSN",135738,"/Date(1704437800000)/",66700,100,2648200,178833000000,-1400,true,-2.06
"MSN",135738,"/Date(1704437800000)/",66700,200,2648100,178826000000,-1400,true,-2.06
"MSN",135738,"/Date(1704437800000)/",66700,200,2647900,178813000000,-1400,true,-2.06
"MSN",135738,"/Date(1704437800000)/",66700,500,2647700,178799000000,-1400,true,-2.06
"MSN",135738,"/Date(1704437800000)/",66800,100,2647200,178766000000,-1300,false,-1.91
"MSN",135735,"/Date(1704437796000)/",66800,400,2647100,178759000000,-1300,false,-1.91
"MSN",135735,"/Date(1704437796000)/",66800,600,2646700,178733000000,-1300,false,-1.91
"MSN",135735,"/Date(1704437794000)/",66700,1500,2646100,178693000000,-1400,true,-2.06
"MSN",135735,"/Date(1704437794000)/",66700,200,2644600,178593000000,-1400,true,-2.06
"MSN",135735,"/Date(1704437794000)/",66700,300,2644400,178579000000,-1400,true,-2.06
"MSN",135735,"/Date(1704437794000)/",66700,100,2644100,178559000000,-1400,true,-2.06
"MSN",135735,"/Date(1704437794000)/",66700,500,2644000,178553000000,-1400,true,-2.06
"MSN",135735,"/Date(1704437794000)/",66700,1000,2643500,178519000000,-1400,true,-2.06
"MSN",135735,"/Date(1704437794000)/",66700,4000,2642500,178453000000,-1400,true,-2.06
"MSN",135735,"/Date(1704437794000)/",66700,100,2638500,178186000000,-1400,true,-2.06
"MSN",135735,"/Date(1704437794000)/",66700,200,2638400,178179000000,-1400,true,-2.06
"MSN",135735,"/Date(1704437794000)/",66700,100,2638200,178166000000,-1400,true,-2.06
"MSN",135735,"/Date(1704437794000)/",66700,300,2638100,178159000000,-1400,true,-2.06
"MSN",135735,"/Date(1704437794000)/",66700,200,2637800,178139000000,-1400,true,-2.06
"MSN",135735,"/Date(1704437794000)/",66700,100,2637600,178126000000,-1400,true,-2.06
"MSN",135735,"/Date(1704437794000)/",66700,100,2637500,178119000000,-1400,true,-2.06
"MSN",135735,"/Date(1704437794000)/",66700,600,2637400,178112000000,-1400,true,-2.06
"MSN",135735,"/Date(1704437794000)/",66700,1000,2636800,178072000000,-1400,true,-2.06
"MSN",135735,"/Date(1704437794000)/",66700,200,2635800,178006000000,-1400,true,-2.06
"MSN",135735,"/Date(1704437794000)/",66700,1200,2635600,177992000000,-1400,true,-2.06
"MSN",135735,"/Date(1704437794000)/",66700,100,2634400,177912000000,-1400,true,-2.06
"MSN",135735,"/Date(1704437794000)/",66700,100,2634300,177906000000,-1400,true,-2.06
"MSN",135735,"/Date(1704437794000)/",66700,500,2634200,177899000000,-1400,true,-2.06
"MSN",135735,"/Date(1704437794000)/",66700,3300,2633700,177866000000,-1400,true,-2.06
"MSN",135735,"/Date(1704437794000)/",66700,1300,2630400,177645000000,-1400,true,-2.06
"MSN",135735,"/Date(1704437794000)/",66700,3000,2629100,177559000000,-1400,true,-2.06
"MSN",135728,"/Date(1704437788000)/",66800,100,2626100,177359000000,-1300,false,-1.91
"MSN",135728,"/Date(1704437788000)/",66800,800,2626000,177352000000,-1300,false,-1.91
"MSN",135725,"/Date(1704437785000)/",66700,200,2625200,177299000000,-1400,true,-2.06
"MSN",135722,"/Date(1704437783000)/",66700,2000,2625000,177285000000,-1400,true,-2.06
"MSN",135719,"/Date(1704437778000)/",66700,7400,2623000,177152000000,-1400,true,-2.06
"MSN",135715,"/Date(1704437776000)/",66700,100,2615600,176658000000,-1400,true,-2.06
"MSN",135653,"/Date(1704437755000)/",66700,200,2615500,176652000000,-1400,true,-2.06
"MSN",135650,"/Date(1704437752000)/",66800,700,2615300,176638000000,-1300,false,-1.91
"MSN",135650,"/Date(1704437752000)/",66800,300,2614600,176591000000,-1300,false,-1.91
"MSN",135643,"/Date(1704437746000)/",66700,600,2614300,176571000000,-1400,true,-2.06
"MSN",135643,"/Date(1704437746000)/",66700,1900,2613700,176531000000,-1400,true,-2.06
"MSN",135643,"/Date(1704437746000)/",66700,100,2611800,176405000000,-1400,true,-2.06
"MSN",135643,"/Date(1704437746000)/",66700,100,2611700,176398000000,-1400,true,-2.06
"MSN",135643,"/Date(1704437746000)/",66700,500,2611600,176391000000,-1400,true,-2.06
"MSN",135643,"/Date(1704437746000)/",66700,100,2611100,176358000000,-1400,true,-2.06
"MSN",135643,"/Date(1704437746000)/",66700,100,2611000,176351000000,-1400,true,-2.06
"MSN",135643,"/Date(1704437746000)/",66700,500,2610900,176345000000,-1400,true,-2.06
"MSN",135643,"/Date(1704437746000)/",66700,200,2610400,176311000000,-1400,true,-2.06
"MSN",135643,"/Date(1704437746000)/",66700,1000,2610200,176298000000,-1400,true,-2.06
"MSN",135643,"/Date(1704437746000)/",66700,300,2609200,176231000000,-1400,true,-2.06
"MSN",135643,"/Date(1704437746000)/",66700,2000,2608900,176211000000,-1400,true,-2.06
"MSN",135643,"/Date(1704437746000)/",66700,1000,2606900,176078000000,-1400,true,-2.06
"MSN",135643,"/Date(1704437746000)/",66700,100,2605900,176011000000,-1400,true,-2.06
"MSN",135643,"/Date(1704437746000)/",66700,200,2605800,176004000000,-1400,true,-2.06
"MSN",135643,"/Date(1704437746000)/",66700,100,2605600,175991000000,-1400,true,-2.06
"MSN",135643,"/Date(1704437746000)/",66700,300,2605500,175984000000,-1400,true,-2.06
"MSN",135643,"/Date(1704437746000)/",66700,100,2605200,175964000000,-1400,true,-2.06
"MSN",135643,"/Date(1704437746000)/",66700,500,2605100,175958000000,-1400,true,-2.06
"MSN",135643,"/Date(1704437746000)/",66700,100,2604600,175924000000,-1400,true,-2.06
"MSN",135643,"/Date(1704437746000)/",66700,200,2604500,175918000000,-1400,true,-2.06
"MSN",135643,"/Date(1704437743000)/",66700,2000,2604300,175904000000,-1400,true,-2.06
"MSN",135634,"/Date(1704437735000)/",66700,1800,2602300,175771000000,-1400,true,-2.06
"MSN",135634,"/Date(1704437735000)/",66700,300,2600500,175651000000,-1400,true,-2.06
"MSN",135634,"/Date(1704437735000)/",66700,100,2600200,175631000000,-1400,true,-2.06
"MSN",135634,"/Date(1704437735000)/",66700,100,2600100,175624000000,-1400,true,-2.06
"MSN",135634,"/Date(1704437735000)/",66700,700,2600000,175618000000,-1400,true,-2.06
"MSN",135634,"/Date(1704437735000)/",66700,100,2599300,175571000000,-1400,true,-2.06
"MSN",135634,"/Date(1704437735000)/",66700,100,2599200,175564000000,-1400,true,-2.06
"MSN",135634,"/Date(1704437735000)/",66700,100,2599100,175558000000,-1400,true,-2.06
"MSN",135634,"/Date(1704437733000)/",66800,200,2599000,175551000000,-1300,false,-1.91
"MSN",135630,"/Date(1704437731000)/",66700,100,2598800,175538000000,-1400,true,-2.06
"MSN",135630,"/Date(1704437731000)/",66700,100,2598700,175531000000,-1400,true,-2.06
"MSN",135618,"/Date(1704437718000)/",66700,200,2598600,175524000000,-1400,true,-2.06
"MSN",135618,"/Date(1704437718000)/",66700,100,2598400,175511000000,-1400,true,-2.06
"MSN",135618,"/Date(1704437718000)/",66700,100,2598300,175504000000,-1400,true,-2.06
"MSN",135608,"/Date(1704437709000)/",66800,200,2598200,175497000000,-1300,false,-1.91
"MSN",135605,"/Date(1704437705000)/",66700,100,2598000,175484000000,-1400,true,-2.06
"MSN",135558,"/Date(1704437700000)/",66700,900,2597900,175477000000,-1400,true,-2.06
"MSN",135558,"/Date(1704437700000)/",66700,100,2597000,175417000000,-1400,true,-2.06
"MSN",135558,"/Date(1704437700000)/",66700,100,2596900,175411000000,-1400,true,-2.06
"MSN",135552,"/Date(1704437694000)/",66800,600,2596800,175404000000,-1300,false,-1.91
"MSN",135549,"/Date(1704437688000)/",66800,500,2596200,175364000000,-1300,false,-1.91
"MSN",135539,"/Date(1704437681000)/",66700,100,2595700,175331000000,-1400,true,-2.06
"MSN",135536,"/Date(1704437678000)/",66800,500,2595600,175324000000,-1300,false,-1.91
"MSN",135536,"/Date(1704437678000)/",66800,100,2595100,175291000000,-1300,false,-1.91
"MSN",135536,"/Date(1704437676000)/",66800,100,2595000,175284000000,-1300,false,-1.91
"MSN",135533,"/Date(1704437673000)/",66800,100,2594900,175277000000,-1300,false,-1.91
"MSN",135523,"/Date(1704437664000)/",66800,200,2594800,175270000000,-1300,false,-1.91
"MSN",135514,"/Date(1704437654000)/",66800,200,2594600,175257000000,-1300,false,-1.91
"MSN",135504,"/Date(1704437647000)/",66800,100,2594400,175244000000,-1300,false,-1.91
"MSN",135504,"/Date(1704437645000)/",66800,100,2594300,175237000000,-1300,false,-1.91
"MSN",135504,"/Date(1704437645000)/",66800,200,2594200,175230000000,-1300,false,-1.91
"MSN",135504,"/Date(1704437645000)/",66800,300,2594000,175217000000,-1300,false,-1.91
"MSN",135454,"/Date(1704437635000)/",66800,200,2593700,175197000000,-1300,false,-1.91
"MSN",135454,"/Date(1704437635000)/",66800,300,2593500,175184000000,-1300,false,-1.91
"MSN",135454,"/Date(1704437634000)/",66800,500,2593200,175164000000,-1300,false,-1.91
"MSN",135448,"/Date(1704437630000)/",66800,200,2592700,175130000000,-1300,false,-1.91
"MSN",135441,"/Date(1704437624000)/",66800,100,2592500,175117000000,-1300,false,-1.91
"MSN",135441,"/Date(1704437624000)/",66800,100,2592400,175110000000,-1300,false,-1.91
"MSN",135441,"/Date(1704437623000)/",66800,100,2592300,175103000000,-1300,false,-1.91
"MSN",135441,"/Date(1704437623000)/",66800,100,2592200,175097000000,-1300,false,-1.91
"MSN",135435,"/Date(1704437616000)/",66800,5000,2592100,175090000000,-1300,false,-1.91
"MSN",135425,"/Date(1704437607000)/",66800,100,2587100,174756000000,-1300,false,-1.91
"MSN",135416,"/Date(1704437596000)/",66800,100,2587000,174749000000,-1300,true,-1.91
"MSN",135416,"/Date(1704437596000)/",66800,300,2586900,174743000000,-1300,true,-1.91
"MSN",135416,"/Date(1704437596000)/",66800,1000,2586600,174723000000,-1300,true,-1.91
"MSN",135416,"/Date(1704437596000)/",66800,500,2585600,174656000000,-1300,true,-1.91
"MSN",135416,"/Date(1704437596000)/",66800,300,2585100,174623000000,-1300,true,-1.91
"MSN",135416,"/Date(1704437596000)/",66800,100,2584800,174602000000,-1300,true,-1.91
"MSN",135416,"/Date(1704437596000)/",66800,100,2584700,174596000000,-1300,true,-1.91
"MSN",135416,"/Date(1704437596000)/",66800,100,2584600,174589000000,-1300,true,-1.91
"MSN",135416,"/Date(1704437596000)/",66800,2000,2584500,174582000000,-1300,true,-1.91
"MSN",135416,"/Date(1704437596000)/",66800,500,2582500,174449000000,-1300,true,-1.91
"MSN",135416,"/Date(1704437596000)/",66800,300,2582000,174415000000,-1300,true,-1.91
"MSN",135416,"/Date(1704437596000)/",66800,5000,2581700,174395000000,-1300,true,-1.91
"MSN",135416,"/Date(1704437596000)/",66800,100,2576700,174061000000,-1300,true,-1.91
"MSN",135416,"/Date(1704437596000)/",66800,100,2576600,174055000000,-1300,true,-1.91
"MSN",135416,"/Date(1704437596000)/",66800,200,2576500,174048000000,-1300,true,-1.91
"MSN",135416,"/Date(1704437596000)/",66800,500,2576300,174035000000,-1300,true,-1.91
"MSN",135416,"/Date(1704437596000)/",66800,200,2575800,174001000000,-1300,true,-1.91
"MSN",135416,"/Date(1704437596000)/",66800,400,2575600,173988000000,-1300,true,-1.91
"MSN",135416,"/Date(1704437596000)/",66800,1500,2575200,173961000000,-1300,true,-1.91
"MSN",135416,"/Date(1704437596000)/",66800,100,2573700,173861000000,-1300,true,-1.91
"MSN",135416,"/Date(1704437596000)/",66800,100,2573600,173854000000,-1300,true,-1.91
"MSN",135416,"/Date(1704437596000)/",66800,100,2573500,173848000000,-1300,true,-1.91
"MSN",135416,"/Date(1704437596000)/",66800,100,2573400,173841000000,-1300,true,-1.91
"MSN",135416,"/Date(1704437596000)/",66800,100,2573300,173834000000,-1300,true,-1.91
"MSN",135416,"/Date(1704437596000)/",66800,1000,2573200,173828000000,-1300,true,-1.91
"MSN",135416,"/Date(1704437596000)/",66800,100,2572200,173761000000,-1300,true,-1.91
"MSN",135416,"/Date(1704437596000)/",66800,200,2572100,173754000000,-1300,true,-1.91
"MSN",135416,"/Date(1704437596000)/",66800,300,2571900,173741000000,-1300,true,-1.91
"MSN",135416,"/Date(1704437596000)/",66800,300,2571600,173721000000,-1300,true,-1.91
"MSN",135416,"/Date(1704437596000)/",66800,100,2571300,173701000000,-1300,true,-1.91
"MSN",135416,"/Date(1704437596000)/",66800,100,2571200,173694000000,-1300,true,-1.91
"MSN",135416,"/Date(1704437596000)/",66800,100,2571100,173687000000,-1300,true,-1.91
"MSN",135416,"/Date(1704437596000)/",66800,500,2571000,173681000000,-1300,true,-1.91
"MSN",135416,"/Date(1704437596000)/",66800,100,2570500,173647000000,-1300,true,-1.91
"MSN",135416,"/Date(1704437596000)/",66800,500,2570400,173641000000,-1300,true,-1.91
"MSN",135416,"/Date(1704437596000)/",66800,100,2569900,173607000000,-1300,true,-1.91
"MSN",135416,"/Date(1704437596000)/",66800,100,2569800,173600000000,-1300,true,-1.91
"MSN",135416,"/Date(1704437596000)/",66800,500,2569700,173594000000,-1300,true,-1.91
"MSN",135416,"/Date(1704437596000)/",66800,500,2569200,173560000000,-1300,true,-1.91
"MSN",135416,"/Date(1704437596000)/",66800,1000,2568700,173527000000,-1300,true,-1.91
"MSN",135416,"/Date(1704437596000)/",66800,100,2567700,173460000000,-1300,true,-1.91
"MSN",135416,"/Date(1704437596000)/",66800,300,2567600,173454000000,-1300,true,-1.91
"MSN",135416,"/Date(1704437596000)/",66800,500,2567300,173433000000,-1300,true,-1.91
"MSN",135416,"/Date(1704437596000)/",66800,2500,2566800,173400000000,-1300,true,-1.91
"MSN",135416,"/Date(1704437596000)/",66800,100,2564300,173233000000,-1300,true,-1.91
"MSN",135416,"/Date(1704437596000)/",66800,500,2564200,173226000000,-1300,true,-1.91
"MSN",135416,"/Date(1704437596000)/",66800,100,2563700,173193000000,-1300,true,-1.91
"MSN",135416,"/Date(1704437596000)/",66800,200,2563600,173186000000,-1300,true,-1.91
"MSN",135416,"/Date(1704437596000)/",66800,100,2563400,173173000000,-1300,true,-1.91
"MSN",135416,"/Date(1704437596000)/",66800,100,2563300,173166000000,-1300,true,-1.91
"MSN",135416,"/Date(1704437596000)/",66800,1000,2563200,173160000000,-1300,true,-1.91
"MSN",135416,"/Date(1704437596000)/",66800,100,2562200,173093000000,-1300,true,-1.91
"MSN",135416,"/Date(1704437596000)/",66800,100,2562100,173086000000,-1300,true,-1.91
"MSN",135416,"/Date(1704437596000)/",66800,300,2562000,173079000000,-1300,true,-1.91
"MSN",135416,"/Date(1704437596000)/",66800,400,2561700,173059000000,-1300,true,-1.91
"MSN",135416,"/Date(1704437596000)/",66800,1000,2561300,173033000000,-1300,true,-1.91
"MSN",135416,"/Date(1704437596000)/",66800,200,2560300,172966000000,-1300,true,-1.91
"MSN",135416,"/Date(1704437596000)/",66800,100,2560100,172953000000,-1300,true,-1.91
"MSN",135416,"/Date(1704437596000)/",66800,1500,2560000,172946000000,-1300,true,-1.91
"MSN",135416,"/Date(1704437596000)/",66800,2200,2558500,172846000000,-1300,true,-1.91
"MSN",135413,"/Date(1704437594000)/",66900,100,2556300,172699000000,-1200,false,-1.76
"MSN",135413,"/Date(1704437594000)/",66800,800,2556200,172692000000,-1300,true,-1.91
"MSN",135413,"/Date(1704437593000)/",66900,100,2555400,172639000000,-1200,false,-1.76
"MSN",135347,"/Date(1704437569000)/",66900,200,2555300,172632000000,-1200,false,-1.76
"MSN",135347,"/Date(1704437568000)/",66900,100,2555100,172618000000,-1200,false,-1.76
"MSN",135344,"/Date(1704437566000)/",66800,2000,2555000,172612000000,-1300,true,-1.91
"MSN",135344,"/Date(1704437565000)/",66900,200,2553000,172478000000,-1200,true,-1.76
"MSN",135344,"/Date(1704437565000)/",66900,100,2552800,172465000000,-1200,true,-1.76
"MSN",135344,"/Date(1704437565000)/",66900,800,2552700,172458000000,-1200,true,-1.76
"MSN",135344,"/Date(1704437564000)/",66900,100,2551900,172405000000,-1200,true,-1.76
"MSN",135344,"/Date(1704437564000)/",66900,100,2551800,172398000000,-1200,true,-1.76
"MSN",135340,"/Date(1704437561000)/",66900,500,2551700,172391000000,-1200,true,-1.76
"MSN",135337,"/Date(1704437559000)/",66900,100,2551200,172358000000,-1200,true,-1.76
"MSN",135337,"/Date(1704437559000)/",66900,500,2551100,172351000000,-1200,true,-1.76
"MSN",135337,"/Date(1704437559000)/",66900,400,2550600,172318000000,-1200,true,-1.76
"MSN",135334,"/Date(1704437557000)/",66900,100,2550200,172291000000,-1200,true,-1.76
"MSN",135334,"/Date(1704437557000)/",66900,200,2550100,172284000000,-1200,true,-1.76
"MSN",135334,"/Date(1704437557000)/",66900,300,2549900,172271000000,-1200,true,-1.76
"MSN",135334,"/Date(1704437557000)/",66900,200,2549600,172251000000,-1200,true,-1.76
"MSN",135334,"/Date(1704437557000)/",66900,100,2549400,172237000000,-1200,true,-1.76
"MSN",135334,"/Date(1704437557000)/",66900,100,2549300,172231000000,-1200,true,-1.76
"MSN",135334,"/Date(1704437557000)/",66900,2200,2549200,172224000000,-1200,true,-1.76
"MSN",135334,"/Date(1704437557000)/",66900,500,2547000,172077000000,-1200,true,-1.76
"MSN",135334,"/Date(1704437557000)/",66900,100,2546500,172043000000,-1200,true,-1.76
"MSN",135334,"/Date(1704437557000)/",66900,100,2546400,172037000000,-1200,true,-1.76
"MSN",135334,"/Date(1704437557000)/",66900,1000,2546300,172030000000,-1200,true,-1.76
"MSN",135334,"/Date(1704437557000)/",66900,100,2545300,171963000000,-1200,true,-1.76
"MSN",135334,"/Date(1704437557000)/",66900,2400,2545200,171956000000,-1200,true,-1.76
"MSN",135334,"/Date(1704437557000)/",66900,1100,2542800,171796000000,-1200,true,-1.76
"MSN",135334,"/Date(1704437557000)/",66900,1500,2541700,171722000000,-1200,true,-1.76
"MSN",135328,"/Date(1704437549000)/",66900,400,2540200,171622000000,-1200,true,-1.76
"MSN",135328,"/Date(1704437548000)/",66900,1200,2539800,171595000000,-1200,true,-1.76
"MSN",135321,"/Date(1704437544000)/",66900,1400,2538600,171515000000,-1200,true,-1.76
"MSN",135321,"/Date(1704437544000)/",66900,500,2537200,171421000000,-1200,true,-1.76
"MSN",135321,"/Date(1704437544000)/",66900,200,2536700,171388000000,-1200,true,-1.76
"MSN",135321,"/Date(1704437544000)/",66900,100,2536500,171374000000,-1200,true,-1.76
"MSN",135321,"/Date(1704437544000)/",66900,1000,2536400,171368000000,-1200,true,-1.76
"MSN",135321,"/Date(1704437544000)/",66900,100,2535400,171301000000,-1200,true,-1.76
"MSN",135321,"/Date(1704437544000)/",66900,1000,2535300,171294000000,-1200,true,-1.76
"MSN",135321,"/Date(1704437544000)/",66900,800,2534300,171227000000,-1200,true,-1.76
"MSN",135321,"/Date(1704437544000)/",66900,500,2533500,171174000000,-1200,true,-1.76
"MSN",135321,"/Date(1704437544000)/",66900,2000,2533000,171140000000,-1200,true,-1.76
"MSN",135321,"/Date(1704437544000)/",66900,700,2531000,171006000000,-1200,true,-1.76
"MSN",135321,"/Date(1704437544000)/",66900,100,2530300,170960000000,-1200,true,-1.76
"MSN",135321,"/Date(1704437544000)/",66900,500,2530200,170953000000,-1200,true,-1.76
"MSN",135321,"/Date(1704437544000)/",66900,1000,2529700,170919000000,-1200,true,-1.76
"MSN",135321,"/Date(1704437544000)/",66900,100,2528700,170853000000,-1200,true,-1.76
"MSN",135321,"/Date(1704437544000)/",66900,4000,2528600,170846000000,-1200,true,-1.76
"MSN",135252,"/Date(1704437513000)/",66900,200,2524600,170578000000,-1200,true,-1.76
"MSN",135252,"/Date(1704437513000)/",66900,100,2524400,170565000000,-1200,true,-1.76
"MSN",135252,"/Date(1704437513000)/",66900,1000,2524300,170558000000,-1200,true,-1.76
"MSN",135252,"/Date(1704437513000)/",66900,300,2523300,170491000000,-1200,true,-1.76
"MSN",135252,"/Date(1704437513000)/",66900,2500,2523000,170471000000,-1200,true,-1.76
"MSN",135252,"/Date(1704437513000)/",66900,100,2520500,170304000000,-1200,true,-1.76
"MSN",135252,"/Date(1704437513000)/",66900,500,2520400,170297000000,-1200,true,-1.76
"MSN",135252,"/Date(1704437513000)/",66900,500,2519900,170264000000,-1200,true,-1.76
"MSN",135252,"/Date(1704437513000)/",66900,100,2519400,170230000000,-1200,true,-1.76
"MSN",135252,"/Date(1704437513000)/",66900,1000,2519300,170224000000,-1200,true,-1.76
"MSN",135252,"/Date(1704437513000)/",66900,500,2518300,170157000000,-1200,true,-1.76
"MSN",135252,"/Date(1704437513000)/",66900,3200,2517800,170123000000,-1200,true,-1.76
"MSN",135252,"/Date(1704437512000)/",66900,200,2514600,169909000000,-1200,true,-1.76
"MSN",135201,"/Date(1704437464000)/",66900,1000,2514400,169896000000,-1200,true,-1.76
"MSN",135132,"/Date(1704437433000)/",66900,5600,2513400,169829000000,-1200,true,-1.76
"MSN",135132,"/Date(1704437433000)/",66900,100,2507800,169454000000,-1200,true,-1.76
"MSN",135132,"/Date(1704437433000)/",66900,300,2507700,169448000000,-1200,true,-1.76
"MSN",135132,"/Date(1704437433000)/",66900,700,2507400,169428000000,-1200,true,-1.76
"MSN",135132,"/Date(1704437433000)/",66900,200,2506700,169381000000,-1200,true,-1.76
"MSN",135132,"/Date(1704437433000)/",66900,100,2506500,169367000000,-1200,true,-1.76
"MSN",135129,"/Date(1704437432000)/",66900,300,2506400,169361000000,-1200,true,-1.76
"MSN",135129,"/Date(1704437432000)/",66900,100,2506100,169341000000,-1200,true,-1.76
"MSN",135129,"/Date(1704437432000)/",66900,100,2506000,169334000000,-1200,true,-1.76
"MSN",135129,"/Date(1704437432000)/",66900,100,2505900,169327000000,-1200,true,-1.76
"MSN",135129,"/Date(1704437432000)/",66900,1400,2505800,169321000000,-1200,true,-1.76
"MSN",135129,"/Date(1704437430000)/",67000,200,2504400,169227000000,-1100,false,-1.62
"MSN",135123,"/Date(1704437424000)/",67000,200,2504200,169213000000,-1100,false,-1.62
"MSN",135110,"/Date(1704437411000)/",66900,1100,2504000,169200000000,-1200,true,-1.76
"MSN",135103,"/Date(1704437406000)/",67000,100,2502900,169126000000,-1100,false,-1.62
"MSN",135103,"/Date(1704437406000)/",67000,800,2502800,169120000000,-1100,false,-1.62
"MSN",135103,"/Date(1704437406000)/",67000,100,2502000,169066000000,-1100,false,-1.62
"MSN",135103,"/Date(1704437406000)/",67000,100,2501900,169059000000,-1100,false,-1.62
"MSN",135047,"/Date(1704437388000)/",66900,600,2501800,169053000000,-1200,true,-1.76
"MSN",135025,"/Date(1704437367000)/",66900,900,2501200,169013000000,-1200,true,-1.76
"MSN",135025,"/Date(1704437367000)/",66900,200,2500300,168952000000,-1200,true,-1.76
"MSN",135025,"/Date(1704437367000)/",66900,100,2500100,168939000000,-1200,true,-1.76
"MSN",135025,"/Date(1704437367000)/",66900,100,2500000,168932000000,-1200,true,-1.76
"MSN",135025,"/Date(1704437367000)/",66900,100,2499900,168926000000,-1200,true,-1.76
"MSN",135025,"/Date(1704437367000)/",66900,600,2499800,168919000000,-1200,true,-1.76
"MSN",135025,"/Date(1704437366000)/",66900,5000,2499200,168879000000,-1200,true,-1.76
"MSN",135012,"/Date(1704437353000)/",66900,200,2494200,168544000000,-1200,true,-1.76
"MSN",134959,"/Date(1704437342000)/",66900,2600,2494000,168531000000,-1200,true,-1.76
"MSN",134959,"/Date(1704437342000)/",66900,100,2491400,168357000000,-1200,true,-1.76
"MSN",134946,"/Date(1704437329000)/",66900,500,2491300,168350000000,-1200,true,-1.76
"MSN",134946,"/Date(1704437328000)/",67000,400,2490800,168317000000,-1100,false,-1.62
"MSN",134946,"/Date(1704437328000)/",67000,600,2490400,168290000000,-1100,false,-1.62
"MSN",134927,"/Date(1704437310000)/",66900,200,2489800,168250000000,-1200,true,-1.76
"MSN",134918,"/Date(1704437300000)/",66900,800,2489600,168236000000,-1200,true,-1.76
"MSN",134918,"/Date(1704437300000)/",66900,100,2488800,168183000000,-1200,true,-1.76
"MSN",134918,"/Date(1704437300000)/",66900,100,2488700,168176000000,-1200,true,-1.76
"MSN",134918,"/Date(1704437300000)/",66900,100,2488600,168170000000,-1200,true,-1.76
"MSN",134918,"/Date(1704437300000)/",66900,200,2488500,168163000000,-1200,true,-1.76
"MSN",134918,"/Date(1704437300000)/",66900,200,2488300,168150000000,-1200,true,-1.76
"MSN",134918,"/Date(1704437300000)/",66900,200,2488100,168136000000,-1200,true,-1.76
"MSN",134918,"/Date(1704437300000)/",66900,600,2487900,168123000000,-1200,true,-1.76
"MSN",134918,"/Date(1704437300000)/",66900,700,2487300,168083000000,-1200,true,-1.76
"MSN",134905,"/Date(1704437287000)/",66900,300,2486600,168036000000,-1200,true,-1.76
"MSN",134905,"/Date(1704437287000)/",66900,100,2486300,168016000000,-1200,true,-1.76
"MSN",134905,"/Date(1704437287000)/",66900,200,2486200,168009000000,-1200,true,-1.76
"MSN",134905,"/Date(1704437287000)/",66900,100,2486000,167996000000,-1200,true,-1.76
"MSN",134905,"/Date(1704437287000)/",66900,800,2485900,167989000000,-1200,true,-1.76
"MSN",134905,"/Date(1704437287000)/",66900,100,2485100,167935000000,-1200,true,-1.76
"MSN",134905,"/Date(1704437287000)/",66900,100,2485000,167929000000,-1200,true,-1.76
"MSN",134905,"/Date(1704437287000)/",66900,200,2484900,167922000000,-1200,true,-1.76
"MSN",134905,"/Date(1704437287000)/",66900,100,2484700,167909000000,-1200,true,-1.76
"MSN",134905,"/Date(1704437287000)/",66900,300,2484600,167902000000,-1200,true,-1.76
"MSN",134858,"/Date(1704437282000)/",67000,100,2484300,167882000000,-1100,false,-1.62
"MSN",134852,"/Date(1704437276000)/",67000,100,2484200,167875000000,-1100,false,-1.62
"MSN",134842,"/Date(1704437266000)/",67000,100,2484100,167869000000,-1100,false,-1.62
"MSN",134842,"/Date(1704437264000)/",66900,200,2484000,167862000000,-1200,true,-1.76
"MSN",134842,"/Date(1704437264000)/",66900,2000,2483800,167848000000,-1200,true,-1.76
"MSN",134842,"/Date(1704437264000)/",66900,2700,2481800,167715000000,-1200,true,-1.76
"MSN",134842,"/Date(1704437264000)/",66900,100,2479100,167534000000,-1200,true,-1.76
"MSN",134839,"/Date(1704437261000)/",67000,7000,2479000,167527000000,-1100,false,-1.62
"MSN",134836,"/Date(1704437259000)/",66900,1600,2472000,167058000000,-1200,true,-1.76
"MSN",134826,"/Date(1704437248000)/",66900,400,2470400,166951000000,-1200,true,-1.76
"MSN",134823,"/Date(1704437246000)/",67000,200,2470000,166925000000,-1100,false,-1.62
"MSN",134817,"/Date(1704437239000)/",67000,100,2469800,166911000000,-1100,false,-1.62
"MSN",134801,"/Date(1704437223000)/",66900,5000,2469700,166904000000,-1200,true,-1.76
"MSN",134757,"/Date(1704437219000)/",67000,100,2464700,166570000000,-1100,false,-1.62
"MSN",134751,"/Date(1704437212000)/",67000,500,2464600,166563000000,-1100,false,-1.62
"MSN",134741,"/Date(1704437203000)/",66900,100,2464100,166530000000,-1200,true,-1.76
"MSN",134735,"/Date(1704437196000)/",67000,200,2464000,166523000000,-1100,false,-1.62
"MSN",134735,"/Date(1704437196000)/",67000,300,2463800,166510000000,-1100,false,-1.62
"MSN",134719,"/Date(1704437183000)/",66900,1000,2463500,166490000000,-1200,true,-1.76
"MSN",134719,"/Date(1704437182000)/",67000,100,2462500,166423000000,-1100,false,-1.62
"MSN",134706,"/Date(1704437168000)/",66900,600,2462400,166416000000,-1200,false,-1.76
"MSN",134706,"/Date(1704437168000)/",66900,1200,2461800,166376000000,-1200,false,-1.76
"MSN",134706,"/Date(1704437167000)/",66900,100,2460600,166296000000,-1200,false,-1.76
"MSN",134703,"/Date(1704437166000)/",66900,100,2460500,166289000000,-1200,false,-1.76
"MSN",134700,"/Date(1704437161000)/",66900,100,2460400,166282000000,-1200,true,-1.76
"MSN",134700,"/Date(1704437161000)/",66900,100,2460300,166275000000,-1200,true,-1.76
"MSN",134700,"/Date(1704437161000)/",66900,200,2460200,166269000000,-1200,true,-1.76
"MSN",134700,"/Date(1704437161000)/",66900,2000,2460000,166255000000,-1200,true,-1.76
"MSN",134700,"/Date(1704437161000)/",66900,100,2458000,166122000000,-1200,true,-1.76
"MSN",134700,"/Date(1704437161000)/",66900,600,2457900,166115000000,-1200,true,-1.76
"MSN",134700,"/Date(1704437161000)/",66900,100,2457300,166075000000,-1200,true,-1.76
"MSN",134700,"/Date(1704437161000)/",66900,2200,2457200,166068000000,-1200,true,-1.76
"MSN",134700,"/Date(1704437161000)/",66900,1100,2455000,165921000000,-1200,true,-1.76
"MSN",134700,"/Date(1704437161000)/",66900,1500,2453900,165847000000,-1200,true,-1.76
"MSN",134657,"/Date(1704437160000)/",66900,200,2452400,165747000000,-1200,true,-1.76
"MSN",134657,"/Date(1704437160000)/",66900,600,2452200,165734000000,-1200,true,-1.76
"MSN",134657,"/Date(1704437160000)/",66900,1000,2451600,165693000000,-1200,true,-1.76
"MSN",134657,"/Date(1704437160000)/",66900,500,2450600,165627000000,-1200,true,-1.76
"MSN",134657,"/Date(1704437160000)/",66900,1000,2450100,165593000000,-1200,true,-1.76
"MSN",134657,"/Date(1704437160000)/",66900,100,2449100,165526000000,-1200,true,-1.76
"MSN",134657,"/Date(1704437160000)/",66900,100,2449000,165519000000,-1200,true,-1.76
"MSN",134657,"/Date(1704437160000)/",66900,200,2448900,165513000000,-1200,true,-1.76
"MSN",134657,"/Date(1704437160000)/",66900,100,2448700,165499000000,-1200,true,-1.76
"MSN",134657,"/Date(1704437160000)/",66900,200,2448600,165493000000,-1200,true,-1.76
"MSN",134653,"/Date(1704437156000)/",66900,100,2448400,165479000000,-1200,true,-1.76
"MSN",134644,"/Date(1704437148000)/",66900,500,2448300,165473000000,-1200,true,-1.76
"MSN",134631,"/Date(1704437134000)/",66900,4400,2447800,165439000000,-1200,true,-1.76
"MSN",134631,"/Date(1704437134000)/",66900,100,2443400,165145000000,-1200,true,-1.76
"MSN",134631,"/Date(1704437134000)/",66900,100,2443300,165138000000,-1200,true,-1.76
"MSN",134631,"/Date(1704437134000)/",66900,100,2443200,165131000000,-1200,true,-1.76
"MSN",134631,"/Date(1704437134000)/",66900,300,2443100,165125000000,-1200,true,-1.76
"MSN",134621,"/Date(1704437122000)/",66900,200,2442800,165105000000,-1200,true,-1.76
"MSN",134618,"/Date(1704437120000)/",66900,100,2442600,165091000000,-1200,true,-1.76
"MSN",134615,"/Date(1704437119000)/",66900,2000,2442500,165085000000,-1200,true,-1.76
"MSN",134605,"/Date(1704437108000)/",66900,500,2440500,164951000000,-1200,true,-1.76
"MSN",134605,"/Date(1704437108000)/",67000,100,2440000,164917000000,-1100,false,-1.62
"MSN",134605,"/Date(1704437107000)/",66900,100,2439900,164911000000,-1200,true,-1.76
"MSN",134549,"/Date(1704437091000)/",66900,1800,2439800,164904000000,-1200,true,-1.76
"MSN",134549,"/Date(1704437091000)/",66900,200,2438000,164784000000,-1200,true,-1.76
"MSN",134549,"/Date(1704437091000)/",66900,100,2437800,164770000000,-1200,true,-1.76
"MSN",134549,"/Date(1704437091000)/",66900,100,2437700,164763000000,-1200,true,-1.76
"MSN",134549,"/Date(1704437091000)/",66900,100,2437600,164757000000,-1200,true,-1.76
"MSN",134549,"/Date(1704437091000)/",66900,100,2437500,164750000000,-1200,true,-1.76
"MSN",134549,"/Date(1704437091000)/",66900,100,2437400,164743000000,-1200,true,-1.76
"MSN",134549,"/Date(1704437091000)/",66900,100,2437300,164737000000,-1200,true,-1.76
"MSN",134549,"/Date(1704437091000)/",66900,300,2437200,164730000000,-1200,true,-1.76
"MSN",134549,"/Date(1704437091000)/",66900,100,2436900,164710000000,-1200,true,-1.76
"MSN",134549,"/Date(1704437091000)/",66900,2000,2436800,164703000000,-1200,true,-1.76
"MSN",134549,"/Date(1704437091000)/",67000,200,2434800,164569000000,-1100,false,-1.62
"MSN",134549,"/Date(1704437091000)/",67000,200,2434600,164556000000,-1100,false,-1.62
"MSN",134546,"/Date(1704437089000)/",67000,900,2434400,164543000000,-1100,false,-1.62
"MSN",134546,"/Date(1704437087000)/",66900,2500,2433500,164482000000,-1200,true,-1.76
"MSN",134543,"/Date(1704437087000)/",66900,600,2431000,164315000000,-1200,true,-1.76
"MSN",134540,"/Date(1704437083000)/",66900,200,2430400,164275000000,-1200,true,-1.76
"MSN",134530,"/Date(1704437073000)/",67000,300,2430200,164262000000,-1100,false,-1.62
"MSN",134530,"/Date(1704437072000)/",67000,100,2429900,164242000000,-1100,false,-1.62
"MSN",134530,"/Date(1704437072000)/",67000,400,2429800,164235000000,-1100,false,-1.62
"MSN",134524,"/Date(1704437067000)/",67000,3500,2429400,164208000000,-1100,false,-1.62
"MSN",134524,"/Date(1704437067000)/",67000,400,2425900,163974000000,-1100,false,-1.62
"MSN",134524,"/Date(1704437067000)/",67000,2400,2425500,163947000000,-1100,false,-1.62
"MSN",134524,"/Date(1704437066000)/",66900,4700,2423100,163786000000,-1200,true,-1.76
"MSN",134524,"/Date(1704437066000)/",66900,4000,2418400,163471000000,-1200,true,-1.76
"MSN",134524,"/Date(1704437066000)/",66900,300,2414400,163204000000,-1200,true,-1.76
"MSN",134514,"/Date(1704437055000)/",67000,1000,2414100,163184000000,-1100,false,-1.62
"MSN",134508,"/Date(1704437051000)/",66900,700,2413100,163117000000,-1200,true,-1.76
"MSN",134508,"/Date(1704437051000)/",66900,200,2412400,163070000000,-1200,true,-1.76
"MSN",134508,"/Date(1704437051000)/",66900,800,2412200,163057000000,-1200,true,-1.76
"MSN",134508,"/Date(1704437051000)/",67000,1000,2411400,163003000000,-1100,false,-1.62
"MSN",134508,"/Date(1704437050000)/",66900,200,2410400,162936000000,-1200,true,-1.76
"MSN",134508,"/Date(1704437050000)/",66900,100,2410200,162923000000,-1200,true,-1.76
"MSN",134508,"/Date(1704437050000)/",66900,100,2410100,162916000000,-1200,true,-1.76
"MSN",134508,"/Date(1704437050000)/",66900,100,2410000,162909000000,-1200,true,-1.76
"MSN",134508,"/Date(1704437050000)/",66900,300,2409900,162903000000,-1200,true,-1.76
"MSN",134508,"/Date(1704437050000)/",66900,200,2409600,162883000000,-1200,true,-1.76
"MSN",134508,"/Date(1704437050000)/",66900,800,2409400,162869000000,-1200,true,-1.76
"MSN",134508,"/Date(1704437050000)/",66900,100,2408600,162816000000,-1200,true,-1.76
"MSN",134508,"/Date(1704437050000)/",66900,100,2408500,162809000000,-1200,true,-1.76
"MSN",134508,"/Date(1704437049000)/",66900,200,2408400,162802000000,-1200,true,-1.76
"MSN",134508,"/Date(1704437049000)/",66900,100,2408200,162789000000,-1200,true,-1.76
"MSN",134508,"/Date(1704437049000)/",66900,100,2408100,162782000000,-1200,true,-1.76
"MSN",134508,"/Date(1704437049000)/",66900,500,2408000,162776000000,-1200,true,-1.76
"MSN",134508,"/Date(1704437049000)/",66900,1000,2407500,162742000000,-1200,true,-1.76
"MSN",134508,"/Date(1704437049000)/",66900,200,2406500,162675000000,-1200,true,-1.76
"MSN",134508,"/Date(1704437049000)/",66900,100,2406300,162662000000,-1200,true,-1.76
"MSN",134508,"/Date(1704437049000)/",66900,200,2406200,162655000000,-1200,true,-1.76
"MSN",134508,"/Date(1704437049000)/",66900,100,2406000,162642000000,-1200,true,-1.76
"MSN",134508,"/Date(1704437049000)/",66900,1000,2405900,162635000000,-1200,true,-1.76
"MSN",134508,"/Date(1704437049000)/",66900,200,2404900,162568000000,-1200,true,-1.76
"MSN",134508,"/Date(1704437049000)/",66900,100,2404700,162555000000,-1200,true,-1.76
"MSN",134508,"/Date(1704437049000)/",66900,2000,2404600,162548000000,-1200,true,-1.76
"MSN",134508,"/Date(1704437049000)/",66900,200,2402600,162414000000,-1200,true,-1.76
"MSN",134508,"/Date(1704437049000)/",66900,800,2402400,162401000000,-1200,true,-1.76
"MSN",134508,"/Date(1704437049000)/",66900,200,2401600,162347000000,-1200,true,-1.76
"MSN",134508,"/Date(1704437049000)/",66900,100,2401400,162334000000,-1200,true,-1.76
"MSN",134508,"/Date(1704437049000)/",66900,600,2401300,162327000000,-1200,true,-1.76
"MSN",134508,"/Date(1704437049000)/",66900,300,2400700,162287000000,-1200,true,-1.76
"MSN",134504,"/Date(1704437048000)/",67000,200,2400400,162267000000,-1100,true,-1.62
"MSN",134504,"/Date(1704437048000)/",67000,100,2400200,162254000000,-1100,true,-1.62
"MSN",134504,"/Date(1704437048000)/",67000,200,2400100,162247000000,-1100,true,-1.62
"MSN",134504,"/Date(1704437048000)/",67000,200,2399900,162234000000,-1100,true,-1.62
"MSN",134504,"/Date(1704437048000)/",67000,100,2399700,162220000000,-1100,true,-1.62
"MSN",134504,"/Date(1704437048000)/",67000,100,2399600,162213000000,-1100,true,-1.62
"MSN",134504,"/Date(1704437048000)/",67000,800,2399500,162207000000,-1100,true,-1.62
"MSN",134504,"/Date(1704437048000)/",67000,500,2398700,162153000000,-1100,true,-1.62
"MSN",134504,"/Date(1704437048000)/",67000,300,2398200,162120000000,-1100,true,-1.62
"MSN",134504,"/Date(1704437048000)/",67000,200,2397900,162100000000,-1100,true,-1.62
"MSN",134504,"/Date(1704437048000)/",67000,100,2397700,162086000000,-1100,true,-1.62
"MSN",134504,"/Date(1704437048000)/",67000,100,2397600,162079000000,-1100,true,-1.62
"MSN",134504,"/Date(1704437048000)/",67000,200,2397500,162073000000,-1100,true,-1.62
"MSN",134504,"/Date(1704437048000)/",67000,100,2397300,162059000000,-1100,true,-1.62
"MSN",134504,"/Date(1704437048000)/",67000,100,2397200,162053000000,-1100,true,-1.62
"MSN",134504,"/Date(1704437048000)/",67000,100,2397100,162046000000,-1100,true,-1.62
"MSN",134504,"/Date(1704437048000)/",67000,500,2397000,162039000000,-1100,true,-1.62
"MSN",134504,"/Date(1704437048000)/",67000,3000,2396500,162006000000,-1100,true,-1.62
"MSN",134504,"/Date(1704437048000)/",67000,100,2393500,161805000000,-1100,true,-1.62
"MSN",134504,"/Date(1704437048000)/",67000,100,2393400,161798000000,-1100,true,-1.62
"MSN",134504,"/Date(1704437048000)/",67000,1700,2393300,161791000000,-1100,true,-1.62
"MSN",134504,"/Date(1704437048000)/",67000,500,2391600,161677000000,-1100,true,-1.62
"MSN",134504,"/Date(1704437048000)/",67000,500,2391100,161644000000,-1100,true,-1.62
"MSN",134504,"/Date(1704437048000)/",67000,500,2390600,161610000000,-1100,true,-1.62
"MSN",134504,"/Date(1704437047000)/",67000,900,2390100,161577000000,-1100,true,-1.62
"MSN",134504,"/Date(1704437046000)/",67000,600,2389200,161517000000,-1100,true,-1.62
"MSN",134504,"/Date(1704437046000)/",67000,100,2388600,161476000000,-1100,true,-1.62
"MSN",134504,"/Date(1704437046000)/",67000,400,2388500,161470000000,-1100,true,-1.62
"MSN",134504,"/Date(1704437046000)/",67000,600,2388100,161443000000,-1100,true,-1.62
"MSN",134504,"/Date(1704437046000)/",67000,200,2387500,161403000000,-1100,true,-1.62
"MSN",134504,"/Date(1704437046000)/",67000,1000,2387300,161389000000,-1100,true,-1.62
"MSN",134504,"/Date(1704437046000)/",67000,300,2386300,161322000000,-1100,true,-1.62
"MSN",134504,"/Date(1704437046000)/",67000,4600,2386000,161302000000,-1100,true,-1.62
"MSN",134504,"/Date(1704437046000)/",67000,1100,2381400,160994000000,-1100,true,-1.62
"MSN",134504,"/Date(1704437046000)/",67000,1500,2380300,160920000000,-1100,true,-1.62
"MSN",134501,"/Date(1704437043000)/",67000,5000,2378800,160820000000,-1100,true,-1.62
"MSN",134455,"/Date(1704437038000)/",67000,800,2373800,160485000000,-1100,true,-1.62
"MSN",134455,"/Date(1704437038000)/",67000,3000,2373000,160431000000,-1100,true,-1.62
"MSN",134455,"/Date(1704437037000)/",67000,4000,2370000,160230000000,-1100,true,-1.62
"MSN",134455,"/Date(1704437037000)/",67000,100,2366000,159962000000,-1100,true,-1.62
"MSN",134455,"/Date(1704437037000)/",67000,500,2365900,159956000000,-1100,true,-1.62
"MSN",134455,"/Date(1704437037000)/",67000,400,2365400,159922000000,-1100,true,-1.62
"MSN",134455,"/Date(1704437037000)/",67000,600,2365000,159895000000,-1100,true,-1.62
"MSN",134455,"/Date(1704437037000)/",67000,100,2364400,159855000000,-1100,true,-1.62
"MSN",134455,"/Date(1704437037000)/",67000,100,2364300,159848000000,-1100,true,-1.62
"MSN",134455,"/Date(1704437036000)/",67000,200,2364200,159842000000,-1100,true,-1.62
"MSN",134455,"/Date(1704437036000)/",67000,900,2364000,159828000000,-1100,true,-1.62
"MSN",134455,"/Date(1704437036000)/",67000,100,2363100,159768000000,-1100,true,-1.62
"MSN",134455,"/Date(1704437036000)/",67000,100,2363000,159761000000,-1100,true,-1.62
"MSN",134455,"/Date(1704437036000)/",67000,100,2362900,159755000000,-1100,true,-1.62
"MSN",134455,"/Date(1704437036000)/",67000,300,2362800,159748000000,-1100,true,-1.62
"MSN",134451,"/Date(1704437035000)/",67000,200,2362500,159728000000,-1100,true,-1.62
"MSN",134451,"/Date(1704437035000)/",67000,400,2362300,159714000000,-1100,true,-1.62
"MSN",134451,"/Date(1704437035000)/",67000,600,2361900,159688000000,-1100,true,-1.62
"MSN",134451,"/Date(1704437035000)/",67000,200,2361300,159647000000,-1100,true,-1.62
"MSN",134451,"/Date(1704437035000)/",67000,500,2361100,159634000000,-1100,true,-1.62
"MSN",134451,"/Date(1704437035000)/",67000,300,2360600,159600000000,-1100,true,-1.62
"MSN",134451,"/Date(1704437035000)/",67000,100,2360300,159580000000,-1100,true,-1.62
"MSN",134451,"/Date(1704437035000)/",67000,100,2360200,159574000000,-1100,true,-1.62
"MSN",134451,"/Date(1704437035000)/",67000,500,2360100,159567000000,-1100,true,-1.62
"MSN",134451,"/Date(1704437035000)/",67000,200,2359600,159533000000,-1100,true,-1.62
"MSN",134448,"/Date(1704437031000)/",67000,800,2359400,159520000000,-1100,true,-1.62
"MSN",134448,"/Date(1704437031000)/",67000,100,2358600,159466000000,-1100,true,-1.62
"MSN",134448,"/Date(1704437031000)/",67000,1000,2358500,159460000000,-1100,true,-1.62
"MSN",134448,"/Date(1704437031000)/",67000,200,2357500,159393000000,-1100,true,-1.62
"MSN",134448,"/Date(1704437031000)/",67000,100,2357300,159379000000,-1100,true,-1.62
"MSN",134448,"/Date(1704437031000)/",67000,100,2357200,159373000000,-1100,true,-1.62
"MSN",134448,"/Date(1704437031000)/",67000,200,2357100,159366000000,-1100,true,-1.62
"MSN",134448,"/Date(1704437031000)/",67000,800,2356900,159353000000,-1100,true,-1.62
"MSN",134448,"/Date(1704437031000)/",67000,300,2356100,159299000000,-1100,true,-1.62
"MSN",134448,"/Date(1704437031000)/",67000,300,2355800,159279000000,-1100,true,-1.62
"MSN",134448,"/Date(1704437030000)/",67100,1000,2355500,159259000000,-1000,false,-1.47
"MSN",134445,"/Date(1704437027000)/",67000,200,2354500,159192000000,-1100,true,-1.62
"MSN",134445,"/Date(1704437027000)/",67000,500,2354300,159178000000,-1100,true,-1.62
"MSN",134445,"/Date(1704437027000)/",67000,1000,2353800,159145000000,-1100,true,-1.62
"MSN",134445,"/Date(1704437027000)/",67000,500,2352800,159078000000,-1100,true,-1.62
"MSN",134445,"/Date(1704437027000)/",67000,100,2352300,159044000000,-1100,true,-1.62
"MSN",134445,"/Date(1704437027000)/",67000,200,2352200,159038000000,-1100,true,-1.62
"MSN",134445,"/Date(1704437027000)/",67000,5000,2352000,159024000000,-1100,true,-1.62
"MSN",134445,"/Date(1704437027000)/",67000,400,2347000,158689000000,-1100,true,-1.62
"MSN",134445,"/Date(1704437027000)/",67000,1000,2346600,158662000000,-1100,true,-1.62
"MSN",134445,"/Date(1704437027000)/",67000,200,2345600,158595000000,-1100,true,-1.62
"MSN",134445,"/Date(1704437027000)/",67000,1800,2345400,158582000000,-1100,true,-1.62
"MSN",134445,"/Date(1704437027000)/",67000,3200,2343600,158461000000,-1100,true,-1.62
"MSN",134445,"/Date(1704437027000)/",67000,1000,2340400,158247000000,-1100,true,-1.62
"MSN",134445,"/Date(1704437027000)/",67000,4100,2339400,158180000000,-1100,true,-1.62
"MSN",134445,"/Date(1704437027000)/",67000,200,2335300,157905000000,-1100,true,-1.62
"MSN",134445,"/Date(1704437027000)/",67000,1000,2335100,157892000000,-1100,true,-1.62
"MSN",134445,"/Date(1704437027000)/",67000,100,2334100,157825000000,-1100,true,-1.62
"MSN",134445,"/Date(1704437027000)/",67000,500,2334000,157818000000,-1100,true,-1.62
"MSN",134445,"/Date(1704437027000)/",67000,300,2333500,157785000000,-1100,true,-1.62
"MSN",134445,"/Date(1704437027000)/",67000,200,2333200,157765000000,-1100,true,-1.62
"MSN",134445,"/Date(1704437027000)/",67000,400,2333000,157751000000,-1100,true,-1.62
"MSN",134445,"/Date(1704437026000)/",67000,100,2332600,157724000000,-1100,true,-1.62
"MSN",134445,"/Date(1704437026000)/",67000,400,2332500,157718000000,-1100,true,-1.62
"MSN",134445,"/Date(1704437026000)/",67000,500,2332100,157691000000,-1100,true,-1.62
"MSN",134445,"/Date(1704437026000)/",67000,100,2331600,157657000000,-1100,true,-1.62
"MSN",134445,"/Date(1704437026000)/",67000,200,2331500,157651000000,-1100,true,-1.62
"MSN",134445,"/Date(1704437026000)/",67000,300,2331300,157637000000,-1100,true,-1.62
"MSN",134445,"/Date(1704437026000)/",67000,3000,2331000,157617000000,-1100,true,-1.62
"MSN",134445,"/Date(1704437026000)/",67000,100,2328000,157416000000,-1100,true,-1.62
"MSN",134445,"/Date(1704437026000)/",67000,500,2327900,157409000000,-1100,true,-1.62
"MSN",134445,"/Date(1704437026000)/",67000,100,2327400,157376000000,-1100,true,-1.62
"MSN",134445,"/Date(1704437026000)/",67000,100,2327300,157369000000,-1100,true,-1.62
"MSN",134445,"/Date(1704437026000)/",67000,100,2327200,157363000000,-1100,true,-1.62
"MSN",134445,"/Date(1704437026000)/",67000,100,2327100,157356000000,-1100,true,-1.62
"MSN",134445,"/Date(1704437026000)/",67000,1000,2327000,157349000000,-1100,true,-1.62
"MSN",134445,"/Date(1704437026000)/",67000,1100,2326000,157282000000,-1100,true,-1.62
"MSN",134445,"/Date(1704437026000)/",67000,500,2324900,157208000000,-1100,true,-1.62
"MSN",134445,"/Date(1704437026000)/",67000,100,2324400,157175000000,-1100,true,-1.62
"MSN",134445,"/Date(1704437026000)/",67000,100,2324300,157168000000,-1100,true,-1.62
"MSN",134445,"/Date(1704437026000)/",67000,100,2324200,157162000000,-1100,true,-1.62
"MSN",134445,"/Date(1704437026000)/",67000,200,2324100,157155000000,-1100,true,-1.62
"MSN",134445,"/Date(1704437026000)/",67000,300,2323900,157141000000,-1100,true,-1.62
"MSN",134445,"/Date(1704437026000)/",67000,200,2323600,157121000000,-1100,true,-1.62
"MSN",134445,"/Date(1704437026000)/",67000,1000,2323400,157108000000,-1100,true,-1.62
"MSN",134445,"/Date(1704437026000)/",67000,1000,2322400,157041000000,-1100,true,-1.62
"MSN",134445,"/Date(1704437026000)/",67000,1000,2321400,156974000000,-1100,true,-1.62
"MSN",134445,"/Date(1704437026000)/",67000,500,2320400,156907000000,-1100,true,-1.62
"MSN",134445,"/Date(1704437026000)/",67000,1000,2319900,156873000000,-1100,true,-1.62
"MSN",134445,"/Date(1704437026000)/",67000,600,2318900,156806000000,-1100,true,-1.62
"MSN",134445,"/Date(1704437026000)/",67000,500,2318300,156766000000,-1100,true,-1.62
"MSN",134445,"/Date(1704437026000)/",67000,100,2317800,156733000000,-1100,true,-1.62
"MSN",134445,"/Date(1704437026000)/",67000,200,2317700,156726000000,-1100,true,-1.62
"MSN",134445,"/Date(1704437026000)/",67000,100,2317500,156713000000,-1100,true,-1.62
"MSN",134445,"/Date(1704437026000)/",67000,100,2317400,156706000000,-1100,true,-1.62
"MSN",134445,"/Date(1704437026000)/",67000,3000,2317300,156699000000,-1100,true,-1.62
"MSN",134445,"/Date(1704437026000)/",67000,500,2314300,156498000000,-1100,true,-1.62
