"Stockcode","Package","TradingDate","Price","Vol","TotalVol","TotalVal","Change","IsBuy","PerChange"
"POM",144612,"/Date(1704440701000)/",5480,105000,2556500,13799000000,170,true,3.2
"POM",143100,"/Date(1704439795000)/",5490,400,2451500,13224000000,180,false,3.39
"POM",143050,"/Date(1704439786000)/",5490,100,2451100,13221000000,180,true,3.39
"POM",143047,"/Date(1704439782000)/",5490,500,2451000,13221000000,180,false,3.39
"POM",143038,"/Date(1704439775000)/",5500,1000,2450500,13218000000,190,false,3.58
"POM",143038,"/Date(1704439774000)/",5490,300,2449500,13213000000,180,false,3.39
"POM",143038,"/Date(1704439772000)/",5490,200,2449200,13211000000,180,false,3.39
"POM",143031,"/Date(1704439768000)/",5490,300,2449000,13210000000,180,true,3.39
"POM",143028,"/Date(1704439765000)/",5490,1000,2448700,13208000000,180,false,3.39
"POM",143022,"/Date(1704439756000)/",5480,4800,2447700,13203000000,170,true,3.2
"POM",143022,"/Date(1704439756000)/",5480,200,2442900,13176000000,170,true,3.2
"POM",142959,"/Date(1704439735000)/",5480,100,2442700,13175000000,170,true,3.2
"POM",142950,"/Date(1704439727000)/",5500,2100,2442600,13175000000,190,false,3.58
"POM",142946,"/Date(1704439724000)/",5480,800,2440500,13163000000,170,false,3.2
"POM",142946,"/Date(1704439724000)/",5480,3000,2439700,13159000000,170,false,3.2
"POM",142946,"/Date(1704439724000)/",5480,900,2436700,13142000000,170,false,3.2
"POM",142943,"/Date(1704439719000)/",5480,1000,2435800,13137000000,170,false,3.2
"POM",142937,"/Date(1704439714000)/",5480,100,2434800,13132000000,170,false,3.2
"POM",142937,"/Date(1704439712000)/",5500,5200,2434700,13131000000,190,false,3.58
"POM",142937,"/Date(1704439712000)/",5500,1000,2429500,13103000000,190,false,3.58
"POM",142937,"/Date(1704439712000)/",5500,500,2428500,13097000000,190,false,3.58
"POM",142937,"/Date(1704439712000)/",5500,2000,2428000,13095000000,190,false,3.58
"POM",142937,"/Date(1704439712000)/",5500,1000,2426000,13084000000,190,false,3.58
"POM",142937,"/Date(1704439712000)/",5500,3000,2425000,13078000000,190,false,3.58
"POM",142937,"/Date(1704439712000)/",5500,1200,2422000,13062000000,190,false,3.58
"POM",142937,"/Date(1704439712000)/",5500,200,2420800,13055000000,190,false,3.58
"POM",142937,"/Date(1704439712000)/",5500,500,2420600,13054000000,190,false,3.58
"POM",142937,"/Date(1704439712000)/",5500,200,2420100,13051000000,190,false,3.58
"POM",142937,"/Date(1704439712000)/",5500,2000,2419900,13050000000,190,false,3.58
"POM",142937,"/Date(1704439712000)/",5500,100,2417900,13039000000,190,false,3.58
"POM",142937,"/Date(1704439712000)/",5500,100,2417800,13038000000,190,false,3.58
"POM",142937,"/Date(1704439712000)/",5500,1000,2417700,13038000000,190,false,3.58
"POM",142937,"/Date(1704439712000)/",5500,500,2416700,13032000000,190,false,3.58
"POM",142937,"/Date(1704439712000)/",5500,7100,2416200,13030000000,190,false,3.58
"POM",142937,"/Date(1704439712000)/",5490,600,2409100,12991000000,180,false,3.39
"POM",142937,"/Date(1704439712000)/",5490,5000,2408500,12987000000,180,false,3.39
"POM",142937,"/Date(1704439712000)/",5490,10000,2403500,12960000000,180,false,3.39
"POM",142937,"/Date(1704439712000)/",5490,1000,2393500,12905000000,180,false,3.39
"POM",142937,"/Date(1704439712000)/",5490,500,2392500,12900000000,180,false,3.39
"POM",142937,"/Date(1704439712000)/",5490,1000,2392000,12897000000,180,false,3.39
"POM",142937,"/Date(1704439712000)/",5490,100,2391000,12891000000,180,false,3.39
"POM",142937,"/Date(1704439712000)/",5490,6500,2390900,12891000000,180,false,3.39
"POM",142937,"/Date(1704439712000)/",5480,200,2384400,12855000000,170,false,3.2
"POM",142937,"/Date(1704439712000)/",5480,10000,2384200,12854000000,170,false,3.2
"POM",142937,"/Date(1704439712000)/",5480,2000,2374200,12799000000,170,false,3.2
"POM",142937,"/Date(1704439712000)/",5480,600,2372200,12788000000,170,false,3.2
"POM",142937,"/Date(1704439712000)/",5480,2000,2371600,12785000000,170,false,3.2
"POM",142937,"/Date(1704439712000)/",5480,3900,2369600,12774000000,170,false,3.2
"POM",142924,"/Date(1704439701000)/",5480,500,2365700,12753000000,170,false,3.2
"POM",142852,"/Date(1704439666000)/",5480,1600,2365200,12750000000,170,false,3.2
"POM",142848,"/Date(1704439666000)/",5490,500,2363600,12741000000,180,false,3.39
"POM",142836,"/Date(1704439653000)/",5480,1000,2363100,12738000000,170,true,3.2
"POM",142836,"/Date(1704439651000)/",5480,1000,2362100,12733000000,170,true,3.2
"POM",142826,"/Date(1704439643000)/",5480,7500,2361100,12727000000,170,true,3.2
"POM",142826,"/Date(1704439643000)/",5480,2800,2353600,12686000000,170,true,3.2
"POM",142826,"/Date(1704439643000)/",5480,4000,2350800,12671000000,170,true,3.2
"POM",142826,"/Date(1704439643000)/",5480,1000,2346800,12649000000,170,true,3.2
"POM",142826,"/Date(1704439643000)/",5480,1000,2345800,12644000000,170,true,3.2
"POM",142826,"/Date(1704439643000)/",5480,600,2344800,12638000000,170,true,3.2
"POM",142826,"/Date(1704439643000)/",5480,2000,2344200,12635000000,170,true,3.2
"POM",142826,"/Date(1704439643000)/",5480,200,2342200,12624000000,170,true,3.2
"POM",142826,"/Date(1704439643000)/",5480,500,2342000,12623000000,170,true,3.2
"POM",142826,"/Date(1704439643000)/",5480,1700,2341500,12620000000,170,true,3.2
"POM",142826,"/Date(1704439643000)/",5480,100,2339800,12611000000,170,true,3.2
"POM",142826,"/Date(1704439641000)/",5480,300,2339700,12610000000,170,true,3.2
"POM",142823,"/Date(1704439639000)/",5410,3000,2339400,12608000000,100,true,1.88
"POM",142820,"/Date(1704439635000)/",5480,600,2336400,12592000000,170,false,3.2
"POM",142820,"/Date(1704439635000)/",5480,400,2335800,12589000000,170,false,3.2
"POM",142719,"/Date(1704439575000)/",5480,100,2335400,12587000000,170,false,3.2
"POM",142719,"/Date(1704439575000)/",5480,100,2335300,12586000000,170,false,3.2
"POM",142709,"/Date(1704439566000)/",5480,100,2335200,12586000000,170,false,3.2
"POM",142709,"/Date(1704439566000)/",5480,300,2335100,12585000000,170,false,3.2
"POM",142640,"/Date(1704439537000)/",5480,300,2334800,12583000000,170,false,3.2
"POM",142637,"/Date(1704439534000)/",5490,500,2334500,12582000000,180,false,3.39
"POM",142630,"/Date(1704439526000)/",5490,100,2334000,12579000000,180,false,3.39
"POM",142627,"/Date(1704439524000)/",5490,2400,2333900,12579000000,180,false,3.39
"POM",142618,"/Date(1704439515000)/",5490,100,2331500,12565000000,180,true,3.39
"POM",142618,"/Date(1704439514000)/",5500,1000,2331400,12565000000,190,false,3.58
"POM",142618,"/Date(1704439513000)/",5500,100,2330400,12559000000,190,false,3.58
"POM",142608,"/Date(1704439504000)/",5490,300,2330300,12559000000,180,true,3.39
"POM",142558,"/Date(1704439496000)/",5490,500,2330000,12557000000,180,true,3.39
"POM",142555,"/Date(1704439493000)/",5500,200,2329500,12554000000,190,false,3.58
"POM",142552,"/Date(1704439489000)/",5500,1600,2329300,12553000000,190,false,3.58
"POM",142552,"/Date(1704439489000)/",5500,1000,2327700,12544000000,190,false,3.58
"POM",142552,"/Date(1704439489000)/",5500,100,2326700,12539000000,190,false,3.58
"POM",142552,"/Date(1704439489000)/",5500,300,2326600,12538000000,190,false,3.58
"POM",142549,"/Date(1704439484000)/",5500,200,2326300,12537000000,190,false,3.58
"POM",142549,"/Date(1704439484000)/",5500,100,2326100,12536000000,190,false,3.58
"POM",142549,"/Date(1704439484000)/",5500,1000,2326000,12535000000,190,false,3.58
"POM",142549,"/Date(1704439484000)/",5500,200,2325000,12530000000,190,false,3.58
"POM",142536,"/Date(1704439472000)/",5490,1000,2324800,12528000000,180,true,3.39
"POM",142530,"/Date(1704439466000)/",5490,100,2323800,12523000000,180,true,3.39
"POM",142520,"/Date(1704439458000)/",5490,1100,2323700,12522000000,180,false,3.39
"POM",142520,"/Date(1704439458000)/",5480,500,2322600,12516000000,170,false,3.2
"POM",142517,"/Date(1704439452000)/",5490,1900,2322100,12514000000,180,false,3.39
"POM",142517,"/Date(1704439452000)/",5490,1800,2320200,12503000000,180,false,3.39
"POM",142517,"/Date(1704439452000)/",5480,100,2318400,12493000000,170,false,3.2
"POM",142517,"/Date(1704439452000)/",5480,1000,2318300,12493000000,170,false,3.2
"POM",142517,"/Date(1704439452000)/",5450,200,2317300,12487000000,140,false,2.64
"POM",142501,"/Date(1704439438000)/",5480,17900,2317100,12486000000,170,false,3.2
"POM",142501,"/Date(1704439438000)/",5480,1000,2299200,12388000000,170,false,3.2
"POM",142501,"/Date(1704439438000)/",5460,5000,2298200,12383000000,150,false,2.82
"POM",142501,"/Date(1704439438000)/",5450,100,2293200,12355000000,140,false,2.64
"POM",142501,"/Date(1704439438000)/",5450,500,2293100,12355000000,140,false,2.64
"POM",142501,"/Date(1704439438000)/",5450,500,2292600,12352000000,140,false,2.64
"POM",142501,"/Date(1704439438000)/",5430,5000,2292100,12349000000,120,false,2.26
"POM",142501,"/Date(1704439438000)/",5430,1000,2287100,12322000000,120,false,2.26
"POM",142501,"/Date(1704439438000)/",5430,100,2286100,12317000000,120,false,2.26
"POM",142501,"/Date(1704439438000)/",5430,2000,2286000,12316000000,120,false,2.26
"POM",142501,"/Date(1704439438000)/",5430,300,2284000,12305000000,120,false,2.26
"POM",142501,"/Date(1704439438000)/",5420,100,2283700,12304000000,110,false,2.07
"POM",142501,"/Date(1704439438000)/",5410,2000,2283600,12303000000,100,false,1.88
"POM",142501,"/Date(1704439438000)/",5410,500,2281600,12292000000,100,false,1.88
"POM",142501,"/Date(1704439438000)/",5410,1000,2281100,12290000000,100,false,1.88
"POM",142501,"/Date(1704439438000)/",5410,1000,2280100,12284000000,100,false,1.88
"POM",142438,"/Date(1704439416000)/",5410,400,2279100,12279000000,100,false,1.88
"POM",142435,"/Date(1704439411000)/",5410,3600,2278700,12277000000,100,false,1.88
"POM",142435,"/Date(1704439411000)/",5410,1400,2275100,12257000000,100,false,1.88
"POM",142429,"/Date(1704439404000)/",5400,20000,2273700,12250000000,90,false,1.69
"POM",142429,"/Date(1704439404000)/",5400,500,2253700,12142000000,90,false,1.69
"POM",142429,"/Date(1704439404000)/",5400,9000,2253200,12139000000,90,false,1.69
"POM",142429,"/Date(1704439404000)/",5400,400,2244200,12090000000,90,false,1.69
"POM",142429,"/Date(1704439404000)/",5400,1000,2243800,12088000000,90,false,1.69
"POM",142429,"/Date(1704439404000)/",5400,300,2242800,12083000000,90,false,1.69
"POM",142429,"/Date(1704439404000)/",5400,200,2242500,12081000000,90,false,1.69
"POM",142429,"/Date(1704439404000)/",5400,300,2242300,12080000000,90,false,1.69
"POM",142429,"/Date(1704439404000)/",5400,8500,2242000,12078000000,90,false,1.69
"POM",142429,"/Date(1704439404000)/",5400,200,2233500,12033000000,90,false,1.69
"POM",142429,"/Date(1704439404000)/",5400,200,2233300,12031000000,90,false,1.69
"POM",142429,"/Date(1704439404000)/",5400,400,2233100,12030000000,90,false,1.69
"POM",142429,"/Date(1704439404000)/",5400,9200,2232700,12028000000,90,false,1.69
"POM",142429,"/Date(1704439404000)/",5400,10000,2223500,11979000000,90,false,1.69
"POM",142422,"/Date(1704439399000)/",5390,1000,2213500,11925000000,80,false,1.51
"POM",142422,"/Date(1704439399000)/",5390,12600,2212500,11919000000,80,false,1.51
"POM",142416,"/Date(1704439393000)/",5390,400,2199900,11851000000,80,false,1.51
"POM",142406,"/Date(1704439383000)/",5390,1000,2199500,11849000000,80,false,1.51
"POM",142406,"/Date(1704439383000)/",5390,100,2198500,11844000000,80,false,1.51
"POM",142406,"/Date(1704439383000)/",5390,100,2198400,11843000000,80,false,1.51
"POM",142406,"/Date(1704439383000)/",5390,1000,2198300,11843000000,80,false,1.51
"POM",142406,"/Date(1704439383000)/",5390,2800,2197300,11837000000,80,false,1.51
"POM",142403,"/Date(1704439380000)/",5390,200,2194500,11822000000,80,false,1.51
"POM",142403,"/Date(1704439380000)/",5390,200,2194300,11821000000,80,false,1.51
"POM",142315,"/Date(1704439333000)/",5380,1900,2194100,11820000000,70,false,1.32
"POM",142315,"/Date(1704439333000)/",5380,4600,2192200,11810000000,70,false,1.32
"POM",142305,"/Date(1704439322000)/",5380,200,2187600,11785000000,70,false,1.32
"POM",142259,"/Date(1704439315000)/",5380,200,2187400,11784000000,70,false,1.32
"POM",142259,"/Date(1704439315000)/",5370,300,2187200,11783000000,60,true,1.13
"POM",142249,"/Date(1704439305000)/",5380,5000,2186900,11781000000,70,false,1.32
"POM",142249,"/Date(1704439305000)/",5380,500,2181900,11754000000,70,false,1.32
"POM",142240,"/Date(1704439295000)/",5380,8500,2181400,11752000000,70,false,1.32
"POM",142158,"/Date(1704439256000)/",5370,1000,2172900,11706000000,60,true,1.13
"POM",142145,"/Date(1704439243000)/",5370,2000,2171900,11701000000,60,false,1.13
"POM",142142,"/Date(1704439238000)/",5370,2500,2169900,11690000000,60,true,1.13
"POM",142057,"/Date(1704439195000)/",5370,2500,2167400,11676000000,60,true,1.13
"POM",142054,"/Date(1704439192000)/",5370,1500,2164900,11663000000,60,false,1.13
"POM",142054,"/Date(1704439192000)/",5370,2000,2163400,11655000000,60,false,1.13
"POM",142054,"/Date(1704439192000)/",5370,1000,2161400,11644000000,60,false,1.13
"POM",142054,"/Date(1704439192000)/",5370,1300,2160400,11639000000,60,false,1.13
"POM",142038,"/Date(1704439175000)/",5370,100,2159100,11632000000,60,false,1.13
"POM",142038,"/Date(1704439174000)/",5370,300,2159000,11631000000,60,false,1.13
"POM",142025,"/Date(1704439163000)/",5370,100,2158700,11630000000,60,false,1.13
"POM",142025,"/Date(1704439163000)/",5370,4000,2158600,11629000000,60,false,1.13
"POM",141950,"/Date(1704439126000)/",5360,1200,2154600,11608000000,50,false,0.94
"POM",141934,"/Date(1704439111000)/",5360,2200,2153400,11601000000,50,false,0.94
"POM",141927,"/Date(1704439104000)/",5360,200,2151200,11589000000,50,false,0.94
"POM",141927,"/Date(1704439104000)/",5360,400,2151000,11588000000,50,false,0.94
"POM",141927,"/Date(1704439104000)/",5360,4000,2150600,11586000000,50,false,0.94
"POM",141927,"/Date(1704439104000)/",5360,7000,2146600,11565000000,50,false,0.94
"POM",141855,"/Date(1704439072000)/",5370,100,2139600,11527000000,60,false,1.13
"POM",141813,"/Date(1704439030000)/",5370,100,2139500,11527000000,60,false,1.13
"POM",141803,"/Date(1704439020000)/",5370,500,2139400,11526000000,60,false,1.13
"POM",141725,"/Date(1704438982000)/",5360,200,2138900,11524000000,50,true,0.94
"POM",141442,"/Date(1704438820000)/",5360,1000,2138700,11522000000,50,false,0.94
"POM",141438,"/Date(1704438816000)/",5360,200,2137700,11517000000,50,false,0.94
"POM",141426,"/Date(1704438805000)/",5360,1000,2137500,11516000000,50,false,0.94
"POM",141419,"/Date(1704438797000)/",5360,200,2136500,11511000000,50,true,0.94
"POM",141416,"/Date(1704438794000)/",5370,1800,2136300,11510000000,60,false,1.13
"POM",141413,"/Date(1704438791000)/",5370,200,2134500,11500000000,60,false,1.13
"POM",141403,"/Date(1704438780000)/",5370,1500,2134300,11499000000,60,true,1.13
"POM",141400,"/Date(1704438779000)/",5370,5600,2132800,11491000000,60,true,1.13
"POM",141400,"/Date(1704438779000)/",5370,100,2127200,11461000000,60,true,1.13
"POM",141400,"/Date(1704438779000)/",5370,4300,2127100,11460000000,60,true,1.13
"POM",141357,"/Date(1704438775000)/",5380,1000,2122800,11437000000,70,false,1.32
"POM",141312,"/Date(1704438732000)/",5370,700,2121800,11432000000,60,true,1.13
"POM",141312,"/Date(1704438731000)/",5370,1000,2121100,11428000000,60,true,1.13
"POM",141312,"/Date(1704438731000)/",5370,600,2120100,11423000000,60,true,1.13
"POM",141309,"/Date(1704438728000)/",5370,600,2119500,11419000000,60,false,1.13
"POM",141243,"/Date(1704438701000)/",5370,8800,2118900,11416000000,60,false,1.13
"POM",141214,"/Date(1704438672000)/",5360,500,2110100,11369000000,50,true,0.94
"POM",141214,"/Date(1704438672000)/",5360,100,2109600,11366000000,50,true,0.94
"POM",141214,"/Date(1704438672000)/",5360,6000,2109500,11366000000,50,true,0.94
"POM",141214,"/Date(1704438672000)/",5360,3500,2103500,11334000000,50,true,0.94
"POM",141110,"/Date(1704438609000)/",5360,1000,2100000,11315000000,50,false,0.94
"POM",140855,"/Date(1704438473000)/",5360,400,2099000,11309000000,50,false,0.94
"POM",140810,"/Date(1704438430000)/",5360,300,2098600,11307000000,50,false,0.94
"POM",140748,"/Date(1704438407000)/",5360,4800,2098300,11306000000,50,false,0.94
"POM",140748,"/Date(1704438407000)/",5360,5200,2093500,11280000000,50,false,0.94
"POM",140621,"/Date(1704438321000)/",5330,6100,2088300,11252000000,20,false,0.38
"POM",140602,"/Date(1704438302000)/",5330,8600,2082200,11220000000,20,true,0.38
"POM",140602,"/Date(1704438302000)/",5330,200,2073600,11174000000,20,true,0.38
"POM",140602,"/Date(1704438302000)/",5330,1000,2073400,11173000000,20,true,0.38
"POM",140602,"/Date(1704438302000)/",5330,300,2072400,11167000000,20,true,0.38
"POM",140602,"/Date(1704438302000)/",5330,100,2072100,11166000000,20,true,0.38
"POM",140602,"/Date(1704438302000)/",5330,100,2072000,11165000000,20,true,0.38
"POM",140602,"/Date(1704438302000)/",5340,300,2071900,11165000000,30,true,0.56
"POM",140204,"/Date(1704438066000)/",5320,1000,2071600,11163000000,10,true,0.19
"POM",140204,"/Date(1704438066000)/",5320,100,2070600,11158000000,10,true,0.19
"POM",140204,"/Date(1704438066000)/",5330,100,2070500,11157000000,20,true,0.38
"POM",140038,"/Date(1704437977000)/",5320,300,2070400,11157000000,10,false,0.19
"POM",140025,"/Date(1704437964000)/",5320,500,2070100,11155000000,10,false,0.19
"POM",140025,"/Date(1704437964000)/",5320,5400,2069600,11152000000,10,false,0.19
"POM",140025,"/Date(1704437964000)/",5320,3000,2064200,11124000000,10,false,0.19
"POM",140025,"/Date(1704437964000)/",5320,300,2061200,11108000000,10,false,0.19
"POM",140025,"/Date(1704437964000)/",5330,100,2060900,11106000000,20,false,0.38
"POM",140025,"/Date(1704437964000)/",5330,300,2060800,11106000000,20,false,0.38
"POM",140025,"/Date(1704437964000)/",5340,100,2060500,11104000000,30,false,0.56
"POM",140025,"/Date(1704437963000)/",5360,100,2060400,11103000000,50,false,0.94
"POM",135937,"/Date(1704437917000)/",5350,100,2060300,11103000000,40,false,0.75
"POM",135842,"/Date(1704437863000)/",5340,100,2060200,11102000000,30,true,0.56
"POM",135804,"/Date(1704437825000)/",5330,4700,2060100,11102000000,20,true,0.38
"POM",135804,"/Date(1704437825000)/",5330,100,2055400,11077000000,20,true,0.38
"POM",135804,"/Date(1704437825000)/",5330,1300,2055300,11076000000,20,true,0.38
"POM",135804,"/Date(1704437825000)/",5340,5100,2054000,11069000000,30,true,0.56
"POM",135804,"/Date(1704437825000)/",5350,500,2048900,11042000000,40,true,0.75
"POM",135804,"/Date(1704437825000)/",5350,200,2048400,11039000000,40,true,0.75
"POM",135804,"/Date(1704437825000)/",5350,3100,2048200,11038000000,40,true,0.75
"POM",135728,"/Date(1704437789000)/",5360,4700,2045100,11022000000,50,true,0.94
"POM",135722,"/Date(1704437784000)/",5360,200,2040400,10997000000,50,false,0.94
"POM",135722,"/Date(1704437784000)/",5360,5000,2040200,10995000000,50,false,0.94
"POM",135722,"/Date(1704437784000)/",5360,6100,2035200,10969000000,50,false,0.94
"POM",135715,"/Date(1704437777000)/",5350,600,2029100,10936000000,40,true,0.75
"POM",135709,"/Date(1704437771000)/",5360,800,2028500,10933000000,50,false,0.94
"POM",135634,"/Date(1704437736000)/",5360,3100,2027700,10928000000,50,false,0.94
"POM",135634,"/Date(1704437736000)/",5360,4800,2024600,10912000000,50,false,0.94
"POM",135627,"/Date(1704437728000)/",5360,15200,2019800,10886000000,50,false,0.94
"POM",135614,"/Date(1704437717000)/",5360,10000,2004600,10805000000,50,true,0.94
"POM",135614,"/Date(1704437717000)/",5360,4800,1994600,10751000000,50,true,0.94
"POM",135614,"/Date(1704437715000)/",5350,400,1989800,10725000000,40,true,0.75
"POM",135614,"/Date(1704437715000)/",5350,200,1989400,10723000000,40,true,0.75
"POM",135536,"/Date(1704437676000)/",5360,4900,1989200,10722000000,50,false,0.94
"POM",135530,"/Date(1704437671000)/",5360,100,1984300,10696000000,50,true,0.94
"POM",135308,"/Date(1704437530000)/",5360,1000,1984200,10695000000,50,false,0.94
"POM",135230,"/Date(1704437492000)/",5360,2000,1983200,10690000000,50,false,0.94
"POM",135227,"/Date(1704437489000)/",5350,2000,1981200,10679000000,40,true,0.75
"POM",135223,"/Date(1704437486000)/",5350,500,1979200,10669000000,40,false,0.75
"POM",135223,"/Date(1704437486000)/",5350,300,1978700,10666000000,40,false,0.75
"POM",135223,"/Date(1704437485000)/",5350,4000,1978400,10664000000,40,false,0.75
"POM",135223,"/Date(1704437485000)/",5350,1200,1974400,10643000000,40,false,0.75
"POM",135223,"/Date(1704437485000)/",5350,100,1973200,10636000000,40,false,0.75
"POM",135223,"/Date(1704437485000)/",5350,100,1973100,10636000000,40,false,0.75
"POM",135223,"/Date(1704437485000)/",5350,5000,1973000,10635000000,40,false,0.75
"POM",135223,"/Date(1704437485000)/",5350,100,1968000,10609000000,40,false,0.75
"POM",135223,"/Date(1704437485000)/",5350,1500,1967900,10608000000,40,false,0.75
"POM",135139,"/Date(1704437441000)/",5340,4900,1966400,10600000000,30,true,0.56
"POM",135139,"/Date(1704437441000)/",5340,1000,1961500,10574000000,30,true,0.56
"POM",135139,"/Date(1704437441000)/",5340,1700,1960500,10569000000,30,true,0.56
"POM",135139,"/Date(1704437441000)/",5340,2400,1958800,10559000000,30,true,0.56
"POM",135006,"/Date(1704437347000)/",5340,1500,1956400,10547000000,30,true,0.56
"POM",134845,"/Date(1704437267000)/",5340,1800,1954900,10539000000,30,true,0.56
"POM",134751,"/Date(1704437214000)/",5340,200,1953100,10529000000,30,true,0.56
"POM",134751,"/Date(1704437214000)/",5340,500,1952900,10528000000,30,true,0.56
"POM",134751,"/Date(1704437214000)/",5340,300,1952400,10525000000,30,true,0.56
"POM",134722,"/Date(1704437184000)/",5350,500,1952100,10524000000,40,false,0.75
"POM",134618,"/Date(1704437121000)/",5340,200,1951600,10521000000,30,true,0.56
"POM",134504,"/Date(1704437048000)/",5340,500,1951400,10520000000,30,true,0.56
"POM",134400,"/Date(1704436983000)/",5340,100,1950900,10517000000,30,false,0.56
"POM",134341,"/Date(1704436964000)/",5340,500,1950800,10517000000,30,false,0.56
"POM",134259,"/Date(1704436922000)/",5340,7400,1950300,10514000000,30,false,0.56
"POM",134259,"/Date(1704436922000)/",5340,1000,1942900,10475000000,30,false,0.56
"POM",134259,"/Date(1704436922000)/",5340,200,1941900,10469000000,30,false,0.56
"POM",134259,"/Date(1704436922000)/",5340,2900,1941700,10468000000,30,false,0.56
"POM",134259,"/Date(1704436922000)/",5340,500,1938800,10453000000,30,false,0.56
"POM",134250,"/Date(1704436911000)/",5330,500,1938300,10450000000,20,true,0.38
"POM",134104,"/Date(1704436809000)/",5330,1200,1937800,10447000000,20,false,0.38
"POM",134104,"/Date(1704436809000)/",5330,4000,1936600,10441000000,20,false,0.38
"POM",134104,"/Date(1704436809000)/",5330,3000,1932600,10420000000,20,false,0.38
"POM",134058,"/Date(1704436801000)/",5330,5000,1929600,10404000000,20,false,0.38
"POM",134041,"/Date(1704436783000)/",5330,600,1924600,10377000000,20,true,0.38
"POM",134041,"/Date(1704436783000)/",5330,1200,1924000,10374000000,20,true,0.38
"POM",133840,"/Date(1704436663000)/",5330,100,1922800,10367000000,20,true,0.38
"POM",133742,"/Date(1704436604000)/",5330,1000,1922700,10367000000,20,true,0.38
"POM",133742,"/Date(1704436604000)/",5330,5300,1921700,10362000000,20,true,0.38
"POM",133742,"/Date(1704436604000)/",5320,2400,1916400,10333000000,10,false,0.19
"POM",133559,"/Date(1704436504000)/",5330,100,1914000,10321000000,20,false,0.38
"POM",133430,"/Date(1704436414000)/",5310,6100,1913900,10320000000,0,true,0
"POM",133430,"/Date(1704436414000)/",5310,500,1907800,10288000000,0,true,0
"POM",133430,"/Date(1704436414000)/",5310,600,1907300,10285000000,0,true,0
"POM",133430,"/Date(1704436414000)/",5310,8000,1906700,10282000000,0,true,0
"POM",133430,"/Date(1704436414000)/",5310,100,1898700,10239000000,0,true,0
"POM",133430,"/Date(1704436414000)/",5310,2700,1898600,10239000000,0,true,0
"POM",133430,"/Date(1704436414000)/",5320,1600,1895900,10224000000,10,true,0.19
"POM",133410,"/Date(1704436395000)/",5320,900,1894300,10216000000,10,true,0.19
"POM",133410,"/Date(1704436395000)/",5320,2500,1893400,10211000000,10,true,0.19
"POM",133404,"/Date(1704436388000)/",5320,1000,1890900,10198000000,10,true,0.19
"POM",133351,"/Date(1704436376000)/",5330,500,1889900,10192000000,20,false,0.38
"POM",133241,"/Date(1704436306000)/",5330,200,1889400,10190000000,20,false,0.38
"POM",133105,"/Date(1704436211000)/",5330,1000,1889200,10189000000,20,true,0.38
"POM",133101,"/Date(1704436205000)/",5330,300,1888200,10183000000,20,true,0.38
"POM",133010,"/Date(1704436155000)/",5330,300,1887900,10182000000,20,false,0.38
"POM",133010,"/Date(1704436155000)/",5330,2000,1887600,10180000000,20,false,0.38
"POM",133010,"/Date(1704436155000)/",5330,200,1885600,10170000000,20,false,0.38
"POM",133010,"/Date(1704436155000)/",5330,200,1885400,10169000000,20,false,0.38
"POM",133000,"/Date(1704436145000)/",5330,300,1885200,10167000000,20,false,0.38
"POM",132947,"/Date(1704436132000)/",5330,100,1884900,10166000000,20,false,0.38
"POM",132944,"/Date(1704436129000)/",5330,1500,1884800,10165000000,20,false,0.38
"POM",132922,"/Date(1704436106000)/",5330,200,1883300,10157000000,20,false,0.38
"POM",132912,"/Date(1704436097000)/",5330,500,1883100,10156000000,20,false,0.38
"POM",132456,"/Date(1704435842000)/",5310,700,1882600,10154000000,0,true,0
"POM",132436,"/Date(1704435821000)/",5310,100,1881900,10150000000,0,true,0
"POM",132358,"/Date(1704435785000)/",5300,2000,1881800,10149000000,-10,false,-0.19
"POM",132355,"/Date(1704435780000)/",5300,300,1879800,10139000000,-10,false,-0.19
"POM",132348,"/Date(1704435775000)/",5300,100,1879500,10137000000,-10,false,-0.19
"POM",132345,"/Date(1704435771000)/",5300,5000,1879400,10137000000,-10,true,-0.19
"POM",132345,"/Date(1704435770000)/",5300,200,1874400,10110000000,-10,true,-0.19
"POM",132345,"/Date(1704435770000)/",5300,2000,1874200,10109000000,-10,true,-0.19
"POM",132345,"/Date(1704435770000)/",5300,2000,1872200,10098000000,-10,true,-0.19
"POM",132345,"/Date(1704435770000)/",5300,32000,1870200,10088000000,-10,true,-0.19
"POM",132345,"/Date(1704435770000)/",5310,6400,1838200,9918000000,0,true,0
"POM",132342,"/Date(1704435768000)/",5310,300,1831800,9884000000,0,false,0
"POM",132342,"/Date(1704435768000)/",5310,3300,1831500,9883000000,0,false,0
"POM",132326,"/Date(1704435751000)/",5310,100,1828200,9865000000,0,false,0
"POM",132248,"/Date(1704435714000)/",5310,500,1828100,9865000000,0,false,0
"POM",132232,"/Date(1704435698000)/",5310,1500,1827600,9862000000,0,false,0
"POM",132209,"/Date(1704435675000)/",5310,2000,1826100,9854000000,0,false,0
"POM",132121,"/Date(1704435628000)/",5290,200,1824100,9843000000,-20,true,-0.38
"POM",132121,"/Date(1704435628000)/",5290,300,1823900,9842000000,-20,true,-0.38
"POM",132115,"/Date(1704435622000)/",5300,1000,1823600,9841000000,-10,false,-0.19
"POM",132108,"/Date(1704435616000)/",5300,100,1822600,9835000000,-10,false,-0.19
"POM",132108,"/Date(1704435614000)/",5300,1000,1822500,9835000000,-10,false,-0.19
"POM",132108,"/Date(1704435614000)/",5300,500,1821500,9830000000,-10,false,-0.19
"POM",132059,"/Date(1704435606000)/",5300,200,1821000,9827000000,-10,false,-0.19
"POM",132056,"/Date(1704435601000)/",5300,500,1820800,9826000000,-10,false,-0.19
"POM",132046,"/Date(1704435594000)/",5300,500,1820300,9823000000,-10,true,-0.19
"POM",132046,"/Date(1704435593000)/",5300,5000,1819800,9821000000,-10,true,-0.19
"POM",132046,"/Date(1704435593000)/",5300,100,1814800,9794000000,-10,true,-0.19
"POM",132046,"/Date(1704435593000)/",5300,100,1814700,9794000000,-10,true,-0.19
"POM",132046,"/Date(1704435593000)/",5300,100,1814600,9793000000,-10,true,-0.19
"POM",132046,"/Date(1704435593000)/",5300,100,1814500,9793000000,-10,true,-0.19
"POM",132046,"/Date(1704435593000)/",5300,100,1814400,9792000000,-10,true,-0.19
"POM",132046,"/Date(1704435593000)/",5300,100,1814300,9791000000,-10,true,-0.19
"POM",132046,"/Date(1704435593000)/",5300,100,1814200,9791000000,-10,true,-0.19
"POM",132046,"/Date(1704435593000)/",5300,100,1814100,9790000000,-10,true,-0.19
"POM",132046,"/Date(1704435593000)/",5300,1700,1814000,9790000000,-10,true,-0.19
"POM",132046,"/Date(1704435593000)/",5300,600,1812300,9781000000,-10,true,-0.19
"POM",132046,"/Date(1704435593000)/",5300,500,1811700,9778000000,-10,true,-0.19
"POM",132046,"/Date(1704435593000)/",5300,5600,1811200,9775000000,-10,true,-0.19
"POM",132046,"/Date(1704435593000)/",5300,1900,1805600,9745000000,-10,true,-0.19
"POM",132046,"/Date(1704435593000)/",5300,100,1803700,9735000000,-10,true,-0.19
"POM",132046,"/Date(1704435593000)/",5300,100,1803600,9735000000,-10,true,-0.19
"POM",132046,"/Date(1704435593000)/",5300,1000,1803500,9734000000,-10,true,-0.19
"POM",132046,"/Date(1704435593000)/",5300,3000,1802500,9729000000,-10,true,-0.19
"POM",132046,"/Date(1704435593000)/",5300,500,1799500,9713000000,-10,true,-0.19
"POM",132046,"/Date(1704435593000)/",5300,2000,1799000,9710000000,-10,true,-0.19
"POM",132046,"/Date(1704435593000)/",5300,1000,1797000,9700000000,-10,true,-0.19
"POM",132046,"/Date(1704435593000)/",5300,20000,1796000,9694000000,-10,true,-0.19
"POM",132046,"/Date(1704435593000)/",5300,300,1776000,9588000000,-10,true,-0.19
"POM",132046,"/Date(1704435593000)/",5300,100,1775700,9587000000,-10,true,-0.19
"POM",132046,"/Date(1704435593000)/",5300,2000,1775600,9586000000,-10,true,-0.19
"POM",132024,"/Date(1704435571000)/",5300,1000,1773600,9576000000,-10,true,-0.19
"POM",132024,"/Date(1704435571000)/",5300,500,1772600,9570000000,-10,true,-0.19
"POM",132024,"/Date(1704435570000)/",5300,1000,1772100,9568000000,-10,true,-0.19
"POM",132024,"/Date(1704435569000)/",5310,20000,1771100,9562000000,0,false,0
"POM",132014,"/Date(1704435562000)/",5310,100,1751100,9456000000,0,false,0
"POM",132005,"/Date(1704435550000)/",5310,100,1751000,9456000000,0,false,0
"POM",131949,"/Date(1704435536000)/",5310,3000,1750900,9455000000,0,false,0
"POM",131949,"/Date(1704435536000)/",5310,1500,1747900,9439000000,0,false,0
"POM",131949,"/Date(1704435536000)/",5310,5000,1746400,9431000000,0,false,0
"POM",131949,"/Date(1704435536000)/",5310,500,1741400,9405000000,0,false,0
"POM",131949,"/Date(1704435536000)/",5310,100,1740900,9402000000,0,false,0
"POM",131949,"/Date(1704435536000)/",5310,200,1740800,9402000000,0,false,0
"POM",131949,"/Date(1704435536000)/",5310,5000,1740600,9401000000,0,false,0
"POM",131949,"/Date(1704435536000)/",5320,100,1735600,9374000000,10,false,0.19
"POM",131949,"/Date(1704435536000)/",5320,100,1735500,9373000000,10,false,0.19
"POM",131949,"/Date(1704435536000)/",5320,1000,1735400,9373000000,10,false,0.19
"POM",131949,"/Date(1704435536000)/",5320,5900,1734400,9368000000,10,false,0.19
"POM",131848,"/Date(1704435475000)/",5320,24100,1728500,9336000000,10,true,0.19
"POM",131848,"/Date(1704435475000)/",5320,10000,1704400,9208000000,10,true,0.19
"POM",131848,"/Date(1704435475000)/",5320,200,1694400,9155000000,10,true,0.19
"POM",131848,"/Date(1704435475000)/",5320,500,1694200,9154000000,10,true,0.19
"POM",131848,"/Date(1704435475000)/",5320,13000,1693700,9151000000,10,true,0.19
"POM",131848,"/Date(1704435475000)/",5320,1900,1680700,9082000000,10,true,0.19
"POM",131848,"/Date(1704435475000)/",5320,2000,1678800,9072000000,10,true,0.19
"POM",131848,"/Date(1704435475000)/",5320,2000,1676800,9061000000,10,true,0.19
"POM",131848,"/Date(1704435475000)/",5320,100,1674800,9051000000,10,true,0.19
"POM",131848,"/Date(1704435475000)/",5320,600,1674700,9050000000,10,true,0.19
"POM",131848,"/Date(1704435475000)/",5320,3000,1674100,9047000000,10,true,0.19
"POM",131848,"/Date(1704435475000)/",5330,1700,1671100,9031000000,20,true,0.38
"POM",131848,"/Date(1704435475000)/",5330,1000,1669400,9022000000,20,true,0.38
"POM",131848,"/Date(1704435475000)/",5330,1700,1668400,9016000000,20,true,0.38
"POM",131838,"/Date(1704435464000)/",5330,200,1666700,9007000000,20,true,0.38
"POM",131832,"/Date(1704435458000)/",5330,100,1666500,9006000000,20,true,0.38
"POM",131744,"/Date(1704435410000)/",5330,100,1666400,9006000000,20,false,0.38
"POM",131737,"/Date(1704435405000)/",5330,100,1666300,9005000000,20,true,0.38
"POM",131656,"/Date(1704435362000)/",5330,500,1666200,9005000000,20,true,0.38
"POM",131633,"/Date(1704435340000)/",5340,500,1665700,9002000000,30,false,0.56
"POM",131601,"/Date(1704435307000)/",5340,600,1665200,8999000000,30,false,0.56
"POM",131549,"/Date(1704435297000)/",5340,4500,1664600,8996000000,30,false,0.56
"POM",131542,"/Date(1704435289000)/",5330,1400,1660100,8972000000,20,true,0.38
"POM",131542,"/Date(1704435289000)/",5330,2000,1658700,8965000000,20,true,0.38
"POM",131542,"/Date(1704435289000)/",5330,5000,1656700,8954000000,20,true,0.38
"POM",131542,"/Date(1704435289000)/",5330,1600,1651700,8927000000,20,true,0.38
"POM",131529,"/Date(1704435275000)/",5330,7400,1650100,8919000000,20,true,0.38
"POM",131529,"/Date(1704435275000)/",5330,10000,1642700,8879000000,20,true,0.38
"POM",131529,"/Date(1704435275000)/",5330,200,1632700,8826000000,20,true,0.38
"POM",131529,"/Date(1704435275000)/",5330,1000,1632500,8825000000,20,true,0.38
"POM",131529,"/Date(1704435275000)/",5330,1400,1631500,8820000000,20,true,0.38
"POM",131526,"/Date(1704435273000)/",5330,100,1630100,8812000000,20,true,0.38
"POM",131513,"/Date(1704435259000)/",5340,1000,1630000,8812000000,30,true,0.56
"POM",131513,"/Date(1704435259000)/",5340,100,1629000,8806000000,30,true,0.56
"POM",131513,"/Date(1704435259000)/",5340,9600,1628900,8806000000,30,true,0.56
"POM",131513,"/Date(1704435259000)/",5340,3200,1619300,8755000000,30,true,0.56
"POM",131513,"/Date(1704435259000)/",5340,1400,1616100,8738000000,30,true,0.56
"POM",131513,"/Date(1704435259000)/",5340,100,1614700,8730000000,30,true,0.56
"POM",131513,"/Date(1704435259000)/",5340,200,1614600,8729000000,30,true,0.56
"POM",131513,"/Date(1704435259000)/",5340,100,1614400,8728000000,30,true,0.56
"POM",131513,"/Date(1704435259000)/",5340,100,1614300,8728000000,30,true,0.56
"POM",131513,"/Date(1704435259000)/",5340,1000,1614200,8727000000,30,true,0.56
"POM",131513,"/Date(1704435259000)/",5340,400,1613200,8722000000,30,true,0.56
"POM",131513,"/Date(1704435259000)/",5340,900,1612800,8720000000,30,true,0.56
"POM",131432,"/Date(1704435219000)/",5340,3800,1611900,8715000000,30,true,0.56
"POM",131334,"/Date(1704435163000)/",5340,5000,1608100,8695000000,30,true,0.56
"POM",131243,"/Date(1704435112000)/",5350,1900,1603100,8668000000,40,false,0.75
"POM",131126,"/Date(1704435033000)/",5350,600,1601200,8658000000,40,false,0.75
"POM",131057,"/Date(1704435005000)/",5340,100,1600600,8655000000,30,true,0.56
"POM",131048,"/Date(1704434997000)/",5350,700,1600500,8654000000,40,false,0.75
"POM",131041,"/Date(1704434988000)/",5350,500,1599800,8650000000,40,false,0.75
"POM",131041,"/Date(1704434988000)/",5350,1400,1599300,8648000000,40,false,0.75
"POM",131035,"/Date(1704434983000)/",5370,100,1597900,8640000000,60,false,1.13
"POM",131016,"/Date(1704434963000)/",5350,3300,1597800,8640000000,40,true,0.75
"POM",130947,"/Date(1704434935000)/",5370,100,1594500,8622000000,60,false,1.13
"POM",130947,"/Date(1704434934000)/",5350,2600,1594400,8622000000,40,true,0.75
"POM",130944,"/Date(1704434931000)/",5350,300,1591800,8608000000,40,false,0.75
"POM",130944,"/Date(1704434931000)/",5350,100,1591500,8606000000,40,false,0.75
"POM",130944,"/Date(1704434931000)/",5350,900,1591400,8605000000,40,false,0.75
"POM",130944,"/Date(1704434931000)/",5350,1400,1590500,8601000000,40,false,0.75
"POM",130905,"/Date(1704434895000)/",5350,1000,1589100,8593000000,40,false,0.75
"POM",130808,"/Date(1704434837000)/",5340,3000,1588100,8588000000,30,true,0.56
"POM",130808,"/Date(1704434837000)/",5340,3300,1585100,8572000000,30,true,0.56
"POM",130726,"/Date(1704434795000)/",5340,3900,1581800,8554000000,30,true,0.56
"POM",130726,"/Date(1704434795000)/",5340,100,1577900,8533000000,30,true,0.56
"POM",130726,"/Date(1704434795000)/",5340,100,1577800,8533000000,30,true,0.56
"POM",130726,"/Date(1704434795000)/",5340,2000,1577700,8532000000,30,true,0.56
"POM",130726,"/Date(1704434795000)/",5340,3800,1575700,8522000000,30,true,0.56
"POM",130726,"/Date(1704434795000)/",5340,100,1571900,8501000000,30,true,0.56
"POM",130710,"/Date(1704434777000)/",5340,500,1571800,8501000000,30,true,0.56
"POM",130553,"/Date(1704434702000)/",5350,2600,1571300,8498000000,40,false,0.75
"POM",130553,"/Date(1704434702000)/",5350,6400,1568700,8484000000,40,false,0.75
"POM",130553,"/Date(1704434702000)/",5350,1000,1562300,8450000000,40,false,0.75
"POM",130547,"/Date(1704434697000)/",5340,1400,1561300,8445000000,30,true,0.56
"POM",130547,"/Date(1704434697000)/",5340,4600,1559900,8437000000,30,true,0.56
"POM",130440,"/Date(1704434629000)/",5350,20000,1555300,8413000000,40,true,0.75
"POM",130440,"/Date(1704434629000)/",5350,10000,1535300,8306000000,40,true,0.75
"POM",130342,"/Date(1704434569000)/",5370,3600,1525300,8252000000,60,false,1.13
"POM",130241,"/Date(1704434510000)/",5370,5000,1521700,8233000000,60,true,1.13
"POM",130219,"/Date(1704434490000)/",5370,1400,1516700,8206000000,60,false,1.13
"POM",130147,"/Date(1704434456000)/",5360,10000,1515300,8198000000,50,false,0.94
"POM",130125,"/Date(1704434420000)/",5370,2000,1505300,8145000000,60,false,1.13
"POM",130121,"/Date(1704434418000)/",5340,2000,1503300,8134000000,30,true,0.56
"POM",130118,"/Date(1704434412000)/",5370,4200,1501300,8123000000,60,false,1.13
"POM",130115,"/Date(1704434408000)/",5370,5800,1497100,8101000000,60,true,1.13
"POM",130115,"/Date(1704434408000)/",5370,100,1491300,8070000000,60,true,1.13
"POM",130109,"/Date(1704434402000)/",5380,500,1491200,8069000000,70,true,1.32
"POM",130109,"/Date(1704434402000)/",5380,1000,1490700,8066000000,70,true,1.32
"POM",130105,"/Date(1704434401000)/",5380,5000,1489700,8061000000,70,false,1.32
"POM",130105,"/Date(1704434401000)/",5380,100,1484700,8034000000,70,false,1.32
"POM",130105,"/Date(1704434401000)/",5380,100,1484600,8034000000,70,false,1.32
"POM",130105,"/Date(1704434401000)/",5380,8400,1484500,8033000000,70,false,1.32
"POM",130105,"/Date(1704434401000)/",5370,1700,1476100,7988000000,60,false,1.13
"POM",130105,"/Date(1704434401000)/",5370,10000,1474400,7979000000,60,false,1.13
"POM",130105,"/Date(1704434401000)/",5370,1000,1464400,7925000000,60,false,1.13
"POM",130102,"/Date(1704434401000)/",5340,4700,1463400,7920000000,30,true,0.56
"POM",130102,"/Date(1704434401000)/",5350,2000,1458700,7895000000,40,true,0.75
"POM",130102,"/Date(1704434401000)/",5350,3400,1456700,7884000000,40,true,0.75
"POM",130102,"/Date(1704434401000)/",5350,1900,1453300,7866000000,40,true,0.75
"POM",130102,"/Date(1704434401000)/",5360,300,1451400,7856000000,50,true,0.94
"POM",130102,"/Date(1704434401000)/",5360,7700,1451100,7854000000,50,true,0.94
"POM",113032,"/Date(1704428993000)/",5370,1000,1443400,7813000000,60,false,1.13
"POM",113016,"/Date(1704428979000)/",5370,300,1442400,7807000000,60,false,1.13
"POM",112947,"/Date(1704428951000)/",5370,300,1442100,7806000000,60,false,1.13
"POM",112934,"/Date(1704428936000)/",5370,1300,1441800,7804000000,60,false,1.13
"POM",112905,"/Date(1704428910000)/",5370,500,1440500,7797000000,60,false,1.13
"POM",112824,"/Date(1704428868000)/",5360,2300,1440000,7794000000,50,false,0.94
"POM",112805,"/Date(1704428848000)/",5360,600,1437700,7782000000,50,false,0.94
"POM",112736,"/Date(1704428820000)/",5360,2000,1437100,7779000000,50,false,0.94
"POM",112729,"/Date(1704428813000)/",5360,2000,1435100,7768000000,50,false,0.94
"POM",112645,"/Date(1704428768000)/",5360,1500,1433100,7757000000,50,false,0.94
"POM",112638,"/Date(1704428762000)/",5360,600,1431600,7749000000,50,true,0.94
"POM",112638,"/Date(1704428762000)/",5360,500,1431000,7746000000,50,true,0.94
"POM",112638,"/Date(1704428762000)/",5360,500,1430500,7743000000,50,true,0.94
"POM",112502,"/Date(1704428666000)/",5370,300,1430000,7741000000,60,false,1.13
"POM",112430,"/Date(1704428634000)/",5370,100,1429700,7739000000,60,false,1.13
"POM",112411,"/Date(1704428616000)/",5370,2000,1429600,7739000000,60,false,1.13
"POM",112320,"/Date(1704428564000)/",5360,1600,1427600,7728000000,50,false,0.94
"POM",112310,"/Date(1704428555000)/",5360,500,1426000,7719000000,50,false,0.94
"POM",112254,"/Date(1704428537000)/",5360,2900,1425500,7717000000,50,false,0.94
"POM",112254,"/Date(1704428537000)/",5360,100,1422600,7701000000,50,false,0.94
"POM",112254,"/Date(1704428537000)/",5360,3000,1422500,7701000000,50,false,0.94
"POM",112254,"/Date(1704428537000)/",5360,1000,1419500,7684000000,50,false,0.94
"POM",112254,"/Date(1704428537000)/",5360,13000,1418500,7679000000,50,false,0.94
"POM",112137,"/Date(1704428462000)/",5350,100,1405500,7609000000,40,true,0.75
"POM",112134,"/Date(1704428458000)/",5350,1000,1405400,7609000000,40,false,0.75
"POM",112109,"/Date(1704428433000)/",5350,300,1404400,7604000000,40,false,0.75
"POM",112102,"/Date(1704428426000)/",5350,2000,1404100,7602000000,40,false,0.75
"POM",112037,"/Date(1704428403000)/",5350,200,1402100,7591000000,40,false,0.75
"POM",112014,"/Date(1704428378000)/",5350,500,1401900,7590000000,40,false,0.75
"POM",112014,"/Date(1704428378000)/",5350,900,1401400,7588000000,40,false,0.75
"POM",111926,"/Date(1704428330000)/",5350,1100,1400500,7583000000,40,false,0.75
"POM",111917,"/Date(1704428322000)/",5350,500,1399400,7577000000,40,false,0.75
"POM",111913,"/Date(1704428318000)/",5350,2000,1398900,7574000000,40,false,0.75
"POM",111832,"/Date(1704428275000)/",5350,1400,1396900,7563000000,40,true,0.75
"POM",111832,"/Date(1704428275000)/",5350,2000,1395500,7556000000,40,true,0.75
"POM",111832,"/Date(1704428275000)/",5350,2000,1393500,7545000000,40,true,0.75
"POM",111832,"/Date(1704428275000)/",5350,1000,1391500,7535000000,40,true,0.75
"POM",111734,"/Date(1704428220000)/",5350,1000,1390500,7529000000,40,false,0.75
"POM",111734,"/Date(1704428220000)/",5350,1000,1389500,7524000000,40,false,0.75
"POM",111734,"/Date(1704428220000)/",5350,1000,1388500,7518000000,40,false,0.75
"POM",111731,"/Date(1704428215000)/",5350,2000,1387500,7513000000,40,false,0.75
"POM",111725,"/Date(1704428209000)/",5350,2000,1385500,7502000000,40,false,0.75
"POM",111659,"/Date(1704428183000)/",5360,100,1383500,7492000000,50,false,0.94
"POM",111643,"/Date(1704428169000)/",5350,300,1383400,7491000000,40,true,0.75
"POM",111643,"/Date(1704428169000)/",5350,1000,1383100,7490000000,40,true,0.75
"POM",111643,"/Date(1704428169000)/",5350,1000,1382100,7484000000,40,true,0.75
"POM",111643,"/Date(1704428169000)/",5350,2000,1381100,7479000000,40,true,0.75
"POM",111643,"/Date(1704428169000)/",5350,5700,1379100,7468000000,40,true,0.75
"POM",111617,"/Date(1704428143000)/",5350,2000,1373400,7438000000,40,true,0.75
"POM",111608,"/Date(1704428134000)/",5350,10000,1371400,7427000000,40,true,0.75
"POM",111546,"/Date(1704428110000)/",5350,1000,1361400,7374000000,40,true,0.75
"POM",111530,"/Date(1704428095000)/",5350,1200,1360400,7368000000,40,true,0.75
"POM",111513,"/Date(1704428079000)/",5350,100,1359200,7362000000,40,true,0.75
"POM",111350,"/Date(1704427995000)/",5350,5000,1359100,7361000000,40,false,0.75
"POM",111344,"/Date(1704427990000)/",5350,2000,1354100,7334000000,40,false,0.75
"POM",111344,"/Date(1704427990000)/",5350,2000,1352100,7324000000,40,false,0.75
"POM",111344,"/Date(1704427990000)/",5350,1000,1350100,7313000000,40,false,0.75
"POM",111337,"/Date(1704427982000)/",5360,500,1349100,7308000000,50,false,0.94
"POM",111321,"/Date(1704427967000)/",5360,500,1348600,7305000000,50,false,0.94
"POM",111158,"/Date(1704427882000)/",5340,5600,1348100,7302000000,30,true,0.56
"POM",111158,"/Date(1704427882000)/",5340,300,1342500,7272000000,30,true,0.56
"POM",111158,"/Date(1704427882000)/",5350,300,1342200,7271000000,40,true,0.75
"POM",111158,"/Date(1704427882000)/",5350,3000,1341900,7269000000,40,true,0.75
"POM",111158,"/Date(1704427882000)/",5350,800,1338900,7253000000,40,true,0.75
"POM",111139,"/Date(1704427865000)/",5350,600,1338100,7249000000,40,true,0.75
"POM",111132,"/Date(1704427857000)/",5350,1500,1337500,7246000000,40,false,0.75
"POM",111129,"/Date(1704427856000)/",5350,100,1336000,7238000000,40,false,0.75
"POM",111126,"/Date(1704427851000)/",5350,1600,1335900,7237000000,40,false,0.75
"POM",111120,"/Date(1704427844000)/",5350,1200,1334300,7229000000,40,false,0.75
"POM",111120,"/Date(1704427844000)/",5350,400,1333100,7222000000,40,false,0.75
"POM",111107,"/Date(1704427831000)/",5350,100,1332700,7220000000,40,false,0.75
"POM",111054,"/Date(1704427820000)/",5350,300,1332600,7219000000,40,false,0.75
"POM",111051,"/Date(1704427818000)/",5350,1500,1332300,7218000000,40,false,0.75
"POM",111048,"/Date(1704427813000)/",5350,1500,1330800,7210000000,40,false,0.75
"POM",111048,"/Date(1704427812000)/",5350,100,1329300,7202000000,40,false,0.75
"POM",111038,"/Date(1704427804000)/",5350,1200,1329200,7201000000,40,false,0.75
"POM",111012,"/Date(1704427779000)/",5350,100,1328000,7195000000,40,true,0.75
"POM",111012,"/Date(1704427778000)/",5350,900,1327900,7194000000,40,true,0.75
"POM",111012,"/Date(1704427778000)/",5350,100,1327000,7190000000,40,true,0.75
"POM",111000,"/Date(1704427766000)/",5350,100,1326900,7189000000,40,true,0.75
"POM",110811,"/Date(1704427658000)/",5350,1300,1326800,7188000000,40,false,0.75
"POM",110758,"/Date(1704427644000)/",5350,700,1325500,7181000000,40,true,0.75
"POM",110752,"/Date(1704427639000)/",5350,1300,1324800,7178000000,40,false,0.75
"POM",110638,"/Date(1704427566000)/",5350,1000,1323500,7171000000,40,false,0.75
"POM",110613,"/Date(1704427540000)/",5350,600,1322500,7165000000,40,false,0.75
"POM",110528,"/Date(1704427496000)/",5350,100,1321900,7162000000,40,false,0.75
"POM",110528,"/Date(1704427496000)/",5350,100,1321800,7162000000,40,false,0.75
"POM",110528,"/Date(1704427496000)/",5350,200,1321700,7161000000,40,false,0.75
"POM",110528,"/Date(1704427496000)/",5350,500,1321500,7160000000,40,false,0.75
"POM",110528,"/Date(1704427496000)/",5350,100,1321000,7157000000,40,false,0.75
"POM",110528,"/Date(1704427496000)/",5350,100,1320900,7157000000,40,false,0.75
"POM",110528,"/Date(1704427496000)/",5350,8200,1320800,7156000000,40,false,0.75
"POM",110528,"/Date(1704427496000)/",5350,700,1312600,7112000000,40,false,0.75
"POM",110519,"/Date(1704427484000)/",5350,300,1311900,7109000000,40,false,0.75
"POM",110519,"/Date(1704427484000)/",5350,700,1311600,7107000000,40,false,0.75
"POM",110414,"/Date(1704427422000)/",5350,1000,1310900,7103000000,40,false,0.75
"POM",110336,"/Date(1704427384000)/",5350,100,1309900,7098000000,40,false,0.75
"POM",110326,"/Date(1704427374000)/",5340,100,1309800,7098000000,30,true,0.56
"POM",110317,"/Date(1704427363000)/",5350,300,1309700,7097000000,40,false,0.75
"POM",110251,"/Date(1704427338000)/",5340,100,1309400,7095000000,30,true,0.56
"POM",110251,"/Date(1704427338000)/",5340,400,1309300,7095000000,30,true,0.56
"POM",110109,"/Date(1704427237000)/",5350,1000,1308900,7093000000,40,false,0.75
"POM",105910,"/Date(1704427118000)/",5340,600,1307900,7087000000,30,true,0.56
"POM",105851,"/Date(1704427097000)/",5350,500,1307300,7084000000,40,false,0.75
"POM",105825,"/Date(1704427073000)/",5340,400,1306800,7081000000,30,false,0.56
"POM",105825,"/Date(1704427073000)/",5340,1400,1306400,7079000000,30,false,0.56
"POM",105809,"/Date(1704427058000)/",5340,1000,1305000,7072000000,30,false,0.56
"POM",105757,"/Date(1704427043000)/",5340,1000,1304000,7067000000,30,false,0.56
"POM",105737,"/Date(1704427025000)/",5330,3500,1303000,7061000000,20,false,0.38
"POM",105702,"/Date(1704426990000)/",5330,1500,1299500,7043000000,20,false,0.38
"POM",105702,"/Date(1704426990000)/",5330,500,1298000,7035000000,20,false,0.38
"POM",105659,"/Date(1704426988000)/",5330,900,1297500,7032000000,20,false,0.38
"POM",105640,"/Date(1704426969000)/",5330,100,1296600,7027000000,20,false,0.38
"POM",105608,"/Date(1704426936000)/",5330,2000,1296500,7027000000,20,false,0.38
"POM",105601,"/Date(1704426928000)/",5340,10000,1294500,7016000000,30,false,0.56
"POM",105533,"/Date(1704426901000)/",5340,800,1284500,6962000000,30,false,0.56
"POM",105533,"/Date(1704426901000)/",5330,800,1283700,6958000000,20,false,0.38
"POM",105526,"/Date(1704426895000)/",5320,3000,1282900,6954000000,10,true,0.19
"POM",105526,"/Date(1704426895000)/",5320,2000,1279900,6938000000,10,true,0.19
"POM",105523,"/Date(1704426892000)/",5330,5000,1277900,6927000000,20,false,0.38
"POM",105416,"/Date(1704426825000)/",5340,2400,1272900,6901000000,30,false,0.56
"POM",105416,"/Date(1704426825000)/",5330,600,1270500,6888000000,20,false,0.38
"POM",105412,"/Date(1704426821000)/",5330,400,1269900,6885000000,20,true,0.38
"POM",105403,"/Date(1704426812000)/",5330,10000,1269500,6883000000,20,true,0.38
"POM",105353,"/Date(1704426803000)/",5330,4600,1259500,6829000000,20,true,0.38
"POM",105353,"/Date(1704426803000)/",5330,2000,1254900,6805000000,20,true,0.38
"POM",105353,"/Date(1704426803000)/",5330,100,1252900,6794000000,20,true,0.38
"POM",105353,"/Date(1704426803000)/",5330,300,1252800,6794000000,20,true,0.38
"POM",105353,"/Date(1704426803000)/",5330,200,1252500,6792000000,20,true,0.38
"POM",105344,"/Date(1704426794000)/",5340,5000,1252300,6791000000,30,false,0.56
"POM",105315,"/Date(1704426764000)/",5340,5000,1247300,6764000000,30,true,0.56
"POM",105253,"/Date(1704426740000)/",5350,500,1242300,6737000000,40,false,0.75
"POM",105145,"/Date(1704426674000)/",5350,13700,1241800,6735000000,40,false,0.75
"POM",105142,"/Date(1704426671000)/",5350,1300,1228100,6661000000,40,true,0.75
"POM",105142,"/Date(1704426671000)/",5350,3000,1226800,6655000000,40,true,0.75
"POM",105142,"/Date(1704426671000)/",5350,5700,1223800,6638000000,40,true,0.75
"POM",105136,"/Date(1704426663000)/",5350,1300,1218100,6608000000,40,true,0.75
"POM",105136,"/Date(1704426663000)/",5350,1000,1216800,6601000000,40,true,0.75
"POM",105136,"/Date(1704426663000)/",5350,4000,1215800,6596000000,40,true,0.75
"POM",105136,"/Date(1704426663000)/",5350,100,1211800,6574000000,40,true,0.75
"POM",105126,"/Date(1704426654000)/",5350,1200,1211700,6574000000,40,true,0.75
"POM",105101,"/Date(1704426629000)/",5350,600,1210500,6567000000,40,true,0.75
"POM",105101,"/Date(1704426629000)/",5350,200,1209900,6564000000,40,true,0.75
"POM",105101,"/Date(1704426629000)/",5350,400,1209700,6563000000,40,true,0.75
"POM",105101,"/Date(1704426629000)/",5350,900,1209300,6561000000,40,true,0.75
"POM",105051,"/Date(1704426619000)/",5350,100,1208400,6556000000,40,true,0.75
"POM",105051,"/Date(1704426619000)/",5350,1000,1208300,6556000000,40,true,0.75
"POM",105051,"/Date(1704426619000)/",5350,1000,1207300,6550000000,40,true,0.75
"POM",105051,"/Date(1704426619000)/",5350,500,1206300,6545000000,40,true,0.75
"POM",105051,"/Date(1704426619000)/",5350,2000,1205800,6542000000,40,true,0.75
"POM",105051,"/Date(1704426619000)/",5350,100,1203800,6531000000,40,true,0.75
"POM",105051,"/Date(1704426619000)/",5350,500,1203700,6531000000,40,true,0.75
"POM",105051,"/Date(1704426619000)/",5350,200,1203200,6528000000,40,true,0.75
"POM",105051,"/Date(1704426619000)/",5350,200,1203000,6527000000,40,true,0.75
"POM",105051,"/Date(1704426619000)/",5350,100,1202800,6526000000,40,true,0.75
"POM",105051,"/Date(1704426619000)/",5350,300,1202700,6526000000,40,true,0.75
"POM",105051,"/Date(1704426619000)/",5350,2000,1202400,6524000000,40,true,0.75
"POM",105051,"/Date(1704426619000)/",5350,2000,1200400,6513000000,40,true,0.75
"POM",105045,"/Date(1704426613000)/",5350,100,1198400,6503000000,40,true,0.75
"POM",105029,"/Date(1704426598000)/",5350,1900,1198300,6502000000,40,true,0.75
"POM",105029,"/Date(1704426598000)/",5350,200,1196400,6492000000,40,true,0.75
"POM",105029,"/Date(1704426598000)/",5350,1900,1196200,6491000000,40,true,0.75
"POM",104947,"/Date(1704426556000)/",5360,1000,1194300,6481000000,50,false,0.94
"POM",104902,"/Date(1704426512000)/",5360,100,1193300,6475000000,50,false,0.94
"POM",104853,"/Date(1704426500000)/",5360,4800,1193200,6475000000,50,false,0.94
"POM",104853,"/Date(1704426500000)/",5360,200,1188400,6449000000,50,false,0.94
"POM",104821,"/Date(1704426471000)/",5360,200,1188200,6448000000,50,false,0.94
"POM",104717,"/Date(1704426406000)/",5360,5000,1188000,6447000000,50,false,0.94
"POM",104651,"/Date(1704426380000)/",5360,1300,1183000,6420000000,50,false,0.94
"POM",104629,"/Date(1704426357000)/",5360,2900,1181700,6413000000,50,false,0.94
"POM",104629,"/Date(1704426357000)/",5360,800,1178800,6398000000,50,false,0.94
"POM",104613,"/Date(1704426341000)/",5360,2000,1178000,6393000000,50,false,0.94
"POM",104557,"/Date(1704426327000)/",5350,500,1176000,6383000000,40,true,0.75
"POM",104557,"/Date(1704426325000)/",5350,2000,1175500,6380000000,40,true,0.75
"POM",104443,"/Date(1704426254000)/",5360,300,1173500,6369000000,50,false,0.94
"POM",104437,"/Date(1704426247000)/",5360,15000,1173200,6368000000,50,true,0.94
"POM",104437,"/Date(1704426247000)/",5360,500,1158200,6287000000,50,true,0.94
"POM",104437,"/Date(1704426247000)/",5360,1400,1157700,6285000000,50,true,0.94
"POM",104414,"/Date(1704426225000)/",5370,200,1156300,6277000000,60,false,1.13
"POM",104414,"/Date(1704426225000)/",5370,5000,1156100,6276000000,60,false,1.13
"POM",104317,"/Date(1704426167000)/",5370,100,1151100,6249000000,60,true,1.13
"POM",104257,"/Date(1704426147000)/",5370,4900,1151000,6249000000,60,false,1.13
"POM",104235,"/Date(1704426125000)/",5370,2100,1146100,6222000000,60,false,1.13
"POM",104235,"/Date(1704426125000)/",5370,1300,1144000,6211000000,60,false,1.13
"POM",104235,"/Date(1704426125000)/",5370,5500,1142700,6204000000,60,false,1.13
"POM",104235,"/Date(1704426125000)/",5370,1100,1137200,6174000000,60,false,1.13
"POM",104229,"/Date(1704426120000)/",5370,500,1136100,6169000000,60,false,1.13
"POM",104141,"/Date(1704426071000)/",5370,200,1135600,6166000000,60,false,1.13
"POM",103942,"/Date(1704425952000)/",5370,1000,1135400,6165000000,60,false,1.13
"POM",103929,"/Date(1704425939000)/",5370,7200,1134400,6159000000,60,true,1.13
"POM",103857,"/Date(1704425908000)/",5370,1000,1127200,6121000000,60,true,1.13
"POM",103854,"/Date(1704425905000)/",5370,1500,1126200,6115000000,60,true,1.13
"POM",103753,"/Date(1704425843000)/",5380,1600,1124700,6107000000,70,true,1.32
"POM",103731,"/Date(1704425822000)/",5380,3800,1123100,6099000000,70,true,1.32
"POM",103721,"/Date(1704425813000)/",5380,1500,1119300,6078000000,70,false,1.32
"POM",103721,"/Date(1704425813000)/",5380,200,1117800,6070000000,70,false,1.32
"POM",103721,"/Date(1704425813000)/",5380,2900,1117600,6069000000,70,false,1.32
"POM",103721,"/Date(1704425811000)/",5380,4600,1114700,6054000000,70,false,1.32
"POM",103611,"/Date(1704425743000)/",5370,300,1110100,6029000000,60,true,1.13
"POM",103608,"/Date(1704425738000)/",5360,1100,1109800,6027000000,50,true,0.94
"POM",103608,"/Date(1704425738000)/",5360,1000,1108700,6021000000,50,true,0.94
"POM",103608,"/Date(1704425738000)/",5360,2000,1107700,6016000000,50,true,0.94
"POM",103608,"/Date(1704425738000)/",5360,900,1105700,6005000000,50,true,0.94
"POM",103552,"/Date(1704425723000)/",5370,500,1104800,6000000000,60,false,1.13
"POM",103536,"/Date(1704425708000)/",5370,1000,1104300,5998000000,60,false,1.13
"POM",103504,"/Date(1704425676000)/",5360,2000,1103300,5992000000,50,true,0.94
"POM",103441,"/Date(1704425652000)/",5370,2200,1101300,5982000000,60,true,1.13
"POM",103432,"/Date(1704425643000)/",5380,500,1099100,5970000000,70,false,1.32
"POM",103416,"/Date(1704425627000)/",5380,2000,1098600,5967000000,70,false,1.32
"POM",103409,"/Date(1704425622000)/",5370,1400,1096600,5956000000,60,true,1.13
"POM",103406,"/Date(1704425618000)/",5370,5300,1095200,5949000000,60,true,1.13
"POM",103406,"/Date(1704425618000)/",5370,200,1089900,5920000000,60,true,1.13
"POM",103406,"/Date(1704425618000)/",5370,4300,1089700,5919000000,60,true,1.13
"POM",102928,"/Date(1704425339000)/",5390,100,1085400,5896000000,80,false,1.51
"POM",102859,"/Date(1704425313000)/",5390,200,1085300,5896000000,80,false,1.51
"POM",102714,"/Date(1704425207000)/",5390,500,1085100,5895000000,80,false,1.51
"POM",102600,"/Date(1704425133000)/",5390,2100,1084600,5892000000,80,false,1.51
"POM",102528,"/Date(1704425102000)/",5390,20000,1082500,5881000000,80,true,1.51
"POM",102528,"/Date(1704425102000)/",5380,7900,1062500,5773000000,70,false,1.32
"POM",102518,"/Date(1704425090000)/",5370,700,1054600,5730000000,60,false,1.13
"POM",102431,"/Date(1704425044000)/",5360,100,1053900,5726000000,50,true,0.94
"POM",102431,"/Date(1704425044000)/",5360,2000,1053800,5726000000,50,true,0.94
"POM",102431,"/Date(1704425044000)/",5360,100,1051800,5715000000,50,true,0.94
"POM",102431,"/Date(1704425044000)/",5360,300,1051700,5715000000,50,true,0.94
"POM",102431,"/Date(1704425044000)/",5360,100,1051400,5713000000,50,true,0.94
"POM",102431,"/Date(1704425044000)/",5360,100,1051300,5713000000,50,true,0.94
"POM",102431,"/Date(1704425044000)/",5360,7300,1051200,5712000000,50,true,0.94
"POM",102405,"/Date(1704425017000)/",5370,500,1043900,5673000000,60,false,1.13
"POM",102339,"/Date(1704424991000)/",5370,500,1043400,5670000000,60,false,1.13
"POM",102314,"/Date(1704424968000)/",5370,500,1042900,5668000000,60,false,1.13
"POM",102229,"/Date(1704424921000)/",5370,2000,1042400,5665000000,60,false,1.13
"POM",102031,"/Date(1704424805000)/",5370,100,1040400,5654000000,60,true,1.13
"POM",102031,"/Date(1704424805000)/",5370,400,1040300,5654000000,60,true,1.13
"POM",102031,"/Date(1704424805000)/",5370,5000,1039900,5651000000,60,true,1.13
"POM",102031,"/Date(1704424805000)/",5370,300,1034900,5625000000,60,true,1.13
"POM",102015,"/Date(1704424789000)/",5370,500,1034600,5623000000,60,true,1.13
"POM",102002,"/Date(1704424776000)/",5370,200,1034100,5620000000,60,true,1.13
"POM",102002,"/Date(1704424776000)/",5370,200,1033900,5619000000,60,true,1.13
"POM",102002,"/Date(1704424776000)/",5370,600,1033700,5618000000,60,true,1.13
"POM",101930,"/Date(1704424743000)/",5380,400,1033100,5615000000,70,true,1.32
"POM",101930,"/Date(1704424743000)/",5380,1000,1032700,5613000000,70,true,1.32
"POM",101930,"/Date(1704424743000)/",5380,700,1031700,5607000000,70,true,1.32
"POM",101748,"/Date(1704424641000)/",5390,4300,1031000,5604000000,80,false,1.51
"POM",101716,"/Date(1704424609000)/",5390,1200,1026700,5580000000,80,false,1.51
"POM",101543,"/Date(1704424518000)/",5390,1000,1025500,5574000000,80,false,1.51
"POM",101543,"/Date(1704424518000)/",5390,4000,1024500,5569000000,80,false,1.51
"POM",101407,"/Date(1704424423000)/",5390,1000,1020500,5547000000,80,false,1.51
"POM",101355,"/Date(1704424408000)/",5390,500,1019500,5542000000,80,false,1.51
"POM",101352,"/Date(1704424406000)/",5390,2000,1019000,5539000000,80,false,1.51
"POM",101345,"/Date(1704424398000)/",5390,200,1017000,5528000000,80,false,1.51
"POM",101332,"/Date(1704424386000)/",5390,1000,1016800,5527000000,80,false,1.51
"POM",101316,"/Date(1704424372000)/",5390,1000,1015800,5522000000,80,false,1.51
"POM",101257,"/Date(1704424350000)/",5390,200,1014800,5516000000,80,true,1.51
"POM",101254,"/Date(1704424349000)/",5390,6000,1014600,5515000000,80,true,1.51
"POM",101244,"/Date(1704424341000)/",5400,300,1008600,5483000000,90,false,1.69
"POM",101244,"/Date(1704424340000)/",5400,6900,1008300,5481000000,90,false,1.69
"POM",101244,"/Date(1704424340000)/",5400,3100,1001400,5444000000,90,false,1.69
"POM",101241,"/Date(1704424336000)/",5390,2000,998300,5427000000,80,true,1.51
"POM",101238,"/Date(1704424333000)/",5390,9300,996300,5416000000,80,true,1.51
"POM",101141,"/Date(1704424274000)/",5400,500,987000,5366000000,90,false,1.69
"POM",101134,"/Date(1704424270000)/",5400,500,986500,5364000000,90,false,1.69
"POM",101121,"/Date(1704424255000)/",5400,900,986000,5361000000,90,false,1.69
"POM",101121,"/Date(1704424255000)/",5400,100,985100,5356000000,90,false,1.69
"POM",101109,"/Date(1704424243000)/",5400,500,985000,5356000000,90,false,1.69
"POM",101056,"/Date(1704424231000)/",5400,1000,984500,5353000000,90,false,1.69
"POM",101040,"/Date(1704424215000)/",5400,500,983500,5347000000,90,false,1.69
"POM",101017,"/Date(1704424191000)/",5400,400,983000,5345000000,90,false,1.69
"POM",101014,"/Date(1704424189000)/",5400,1000,982600,5343000000,90,false,1.69
"POM",101001,"/Date(1704424178000)/",5400,500,981600,5337000000,90,false,1.69
"POM",100952,"/Date(1704424168000)/",5390,3000,981100,5334000000,80,false,1.51
"POM",100952,"/Date(1704424168000)/",5390,400,978100,5318000000,80,false,1.51
"POM",100952,"/Date(1704424168000)/",5390,5000,977700,5316000000,80,false,1.51
"POM",100952,"/Date(1704424168000)/",5380,5000,972700,5289000000,70,true,1.32
"POM",100952,"/Date(1704424168000)/",5380,5000,967700,5262000000,70,true,1.32
"POM",100825,"/Date(1704424082000)/",5390,300,962700,5235000000,80,false,1.51
"POM",100728,"/Date(1704424024000)/",5390,1100,962400,5234000000,80,false,1.51
"POM",100725,"/Date(1704424021000)/",5390,100,961300,5228000000,80,false,1.51
"POM",100643,"/Date(1704423980000)/",5390,100,961200,5227000000,80,false,1.51
"POM",100643,"/Date(1704423978000)/",5390,100,961100,5227000000,80,false,1.51
"POM",100624,"/Date(1704423959000)/",5390,200,961000,5226000000,80,false,1.51
"POM",100552,"/Date(1704423927000)/",5370,1000,960800,5225000000,60,true,1.13
"POM",100439,"/Date(1704423854000)/",5370,300,959800,5220000000,60,true,1.13
"POM",100432,"/Date(1704423849000)/",5370,200,959500,5218000000,60,false,1.13
"POM",100256,"/Date(1704423754000)/",5360,3000,959300,5217000000,50,false,0.94
"POM",100256,"/Date(1704423754000)/",5360,4700,956300,5201000000,50,false,0.94
"POM",100228,"/Date(1704423723000)/",5360,2000,951600,5176000000,50,false,0.94
"POM",100225,"/Date(1704423720000)/",5360,1900,949600,5165000000,50,false,0.94
"POM",100215,"/Date(1704423710000)/",5360,200,947700,5155000000,50,false,0.94
"POM",100124,"/Date(1704423662000)/",5350,3500,947500,5154000000,40,false,0.75
"POM",100120,"/Date(1704423658000)/",5350,500,944000,5135000000,40,false,0.75
"POM",100111,"/Date(1704423646000)/",5350,2000,943500,5132000000,40,false,0.75
"POM",100052,"/Date(1704423627000)/",5350,2000,941500,5122000000,40,false,0.75
"POM",100033,"/Date(1704423610000)/",5350,2000,939500,5111000000,40,false,0.75
"POM",100033,"/Date(1704423608000)/",5350,4000,937500,5100000000,40,false,0.75
"POM",100004,"/Date(1704423581000)/",5350,5000,933500,5079000000,40,false,0.75
"POM",100004,"/Date(1704423581000)/",5350,100,928500,5052000000,40,false,0.75
"POM",100001,"/Date(1704423577000)/",5360,30000,928400,5052000000,50,false,0.94
"POM",95951,"/Date(1704423567000)/",5360,200,898400,4891000000,50,true,0.94
"POM",95951,"/Date(1704423567000)/",5360,1000,898200,4890000000,50,true,0.94
"POM",95951,"/Date(1704423567000)/",5370,1800,897200,4884000000,60,true,1.13
"POM",95951,"/Date(1704423567000)/",5370,200,895400,4875000000,60,true,1.13
"POM",95951,"/Date(1704423567000)/",5370,4000,895200,4874000000,60,true,1.13
"POM",95951,"/Date(1704423567000)/",5380,700,891200,4852000000,70,true,1.32
"POM",95812,"/Date(1704423468000)/",5380,1300,890500,4848000000,70,true,1.32
"POM",95756,"/Date(1704423454000)/",5380,3000,889200,4841000000,70,true,1.32
"POM",95756,"/Date(1704423454000)/",5380,500,886200,4825000000,70,true,1.32
"POM",95756,"/Date(1704423454000)/",5380,200,885700,4823000000,70,true,1.32
"POM",95727,"/Date(1704423425000)/",5380,300,885500,4822000000,70,true,1.32
"POM",95724,"/Date(1704423420000)/",5380,300,885200,4820000000,70,true,1.32
"POM",95646,"/Date(1704423384000)/",5390,100,884900,4818000000,80,true,1.51
"POM",95646,"/Date(1704423384000)/",5390,3000,884800,4818000000,80,true,1.51
"POM",95555,"/Date(1704423333000)/",5390,200,881800,4802000000,80,true,1.51
"POM",95545,"/Date(1704423323000)/",5390,800,881600,4801000000,80,true,1.51
"POM",95438,"/Date(1704423256000)/",5390,500,880800,4796000000,80,false,1.51
"POM",95438,"/Date(1704423255000)/",5390,300,880300,4794000000,80,false,1.51
"POM",95425,"/Date(1704423242000)/",5390,500,880000,4792000000,80,false,1.51
"POM",95400,"/Date(1704423217000)/",5390,300,879500,4789000000,80,true,1.51
"POM",95324,"/Date(1704423183000)/",5390,100,879200,4788000000,80,true,1.51
"POM",95302,"/Date(1704423161000)/",5390,100,879100,4787000000,80,false,1.51
"POM",95240,"/Date(1704423136000)/",5400,100,879000,4787000000,90,false,1.69
"POM",95240,"/Date(1704423136000)/",5390,400,878900,4786000000,80,false,1.51
"POM",95227,"/Date(1704423126000)/",5400,200,878500,4784000000,90,false,1.69
"POM",95214,"/Date(1704423113000)/",5400,1000,878300,4783000000,90,false,1.69
"POM",95214,"/Date(1704423113000)/",5400,400,877300,4777000000,90,false,1.69
"POM",95214,"/Date(1704423113000)/",5400,10000,876900,4775000000,90,false,1.69
"POM",95214,"/Date(1704423113000)/",5400,10000,866900,4721000000,90,false,1.69
"POM",95214,"/Date(1704423113000)/",5400,27800,856900,4667000000,90,false,1.69
"POM",95214,"/Date(1704423113000)/",5390,3800,829100,4517000000,80,true,1.51
"POM",95214,"/Date(1704423112000)/",5390,3000,825300,4497000000,80,true,1.51
"POM",95214,"/Date(1704423112000)/",5390,2000,822300,4480000000,80,true,1.51
"POM",95214,"/Date(1704423112000)/",5390,100,820300,4470000000,80,true,1.51
"POM",95214,"/Date(1704423112000)/",5390,1000,820200,4469000000,80,true,1.51
"POM",95214,"/Date(1704423112000)/",5390,100,819200,4464000000,80,true,1.51
"POM",95133,"/Date(1704423070000)/",5390,200,819100,4463000000,80,true,1.51
"POM",95107,"/Date(1704423046000)/",5400,100,818900,4462000000,90,false,1.69
"POM",95058,"/Date(1704423037000)/",5400,500,818800,4462000000,90,false,1.69
"POM",95058,"/Date(1704423034000)/",5400,400,818300,4459000000,90,false,1.69
"POM",95058,"/Date(1704423034000)/",5400,500,817900,4457000000,90,false,1.69
"POM",95058,"/Date(1704423034000)/",5400,100,817400,4454000000,90,false,1.69
"POM",95006,"/Date(1704422983000)/",5400,900,817300,4453000000,90,false,1.69
"POM",95006,"/Date(1704422983000)/",5400,2000,816400,4449000000,90,false,1.69
"POM",95006,"/Date(1704422983000)/",5400,2100,814400,4438000000,90,false,1.69
"POM",94950,"/Date(1704422969000)/",5400,7900,812300,4426000000,90,true,1.69
"POM",94944,"/Date(1704422961000)/",5400,2100,804400,4384000000,90,false,1.69
"POM",94937,"/Date(1704422957000)/",5400,900,802300,4372000000,90,false,1.69
"POM",94931,"/Date(1704422950000)/",5400,7000,801400,4368000000,90,true,1.69
"POM",94931,"/Date(1704422949000)/",5400,8600,794400,4330000000,90,true,1.69
"POM",94931,"/Date(1704422949000)/",5400,11400,785800,4283000000,90,true,1.69
"POM",94931,"/Date(1704422948000)/",5400,5000,774400,4222000000,90,true,1.69
"POM",94925,"/Date(1704422942000)/",5410,500,769400,4195000000,100,false,1.88
"POM",94902,"/Date(1704422921000)/",5400,4700,768900,4192000000,90,true,1.69
"POM",94902,"/Date(1704422921000)/",5400,8900,764200,4167000000,90,true,1.69
"POM",94843,"/Date(1704422903000)/",5400,1100,755300,4119000000,90,true,1.69
"POM",94840,"/Date(1704422899000)/",5400,3900,754200,4113000000,90,true,1.69
"POM",94811,"/Date(1704422868000)/",5400,6100,750300,4092000000,90,false,1.69
"POM",94759,"/Date(1704422855000)/",5400,2000,744200,4059000000,90,true,1.69
"POM",94759,"/Date(1704422855000)/",5400,10000,742200,4048000000,90,true,1.69
"POM",94759,"/Date(1704422855000)/",5400,11900,732200,3994000000,90,true,1.69
"POM",94636,"/Date(1704422774000)/",5400,4800,720300,3930000000,90,false,1.69
"POM",94636,"/Date(1704422774000)/",5400,3300,715500,3904000000,90,false,1.69
"POM",94633,"/Date(1704422772000)/",5400,10000,712200,3886000000,90,true,1.69
"POM",94623,"/Date(1704422763000)/",5410,100,702200,3832000000,100,false,1.88
"POM",94623,"/Date(1704422761000)/",5400,3000,702100,3831000000,90,true,1.69
"POM",94557,"/Date(1704422737000)/",5400,2000,699100,3815000000,90,true,1.69
"POM",94557,"/Date(1704422737000)/",5400,5700,697100,3804000000,90,true,1.69
"POM",94545,"/Date(1704422724000)/",5390,1700,691400,3774000000,80,true,1.51
"POM",94545,"/Date(1704422724000)/",5390,1000,689700,3764000000,80,true,1.51
"POM",94545,"/Date(1704422724000)/",5390,300,688700,3759000000,80,true,1.51
"POM",94545,"/Date(1704422724000)/",5390,1000,688400,3757000000,80,true,1.51
"POM",94538,"/Date(1704422719000)/",5400,500,687400,3752000000,90,false,1.69
"POM",94535,"/Date(1704422714000)/",5400,500,686900,3749000000,90,false,1.69
"POM",94513,"/Date(1704422690000)/",5400,1000,686400,3747000000,90,false,1.69
"POM",94513,"/Date(1704422690000)/",5400,2300,685400,3741000000,90,false,1.69
"POM",94454,"/Date(1704422672000)/",5400,200,683100,3729000000,90,true,1.69
"POM",94454,"/Date(1704422671000)/",5400,10000,682900,3728000000,90,true,1.69
"POM",94454,"/Date(1704422671000)/",5400,1000,672900,3674000000,90,true,1.69
"POM",94454,"/Date(1704422671000)/",5400,200,671900,3668000000,90,true,1.69
"POM",94454,"/Date(1704422671000)/",5400,500,671700,3667000000,90,true,1.69
"POM",94454,"/Date(1704422671000)/",5400,200,671200,3665000000,90,true,1.69
"POM",94454,"/Date(1704422671000)/",5400,5600,671000,3663000000,90,true,1.69
"POM",94438,"/Date(1704422656000)/",5400,4400,665400,3633000000,90,false,1.69
"POM",94438,"/Date(1704422656000)/",5400,600,661000,3609000000,90,false,1.69
"POM",94428,"/Date(1704422648000)/",5390,3000,660400,3606000000,80,true,1.51
"POM",94415,"/Date(1704422634000)/",5390,300,657400,3590000000,80,true,1.51
"POM",94331,"/Date(1704422589000)/",5400,400,657100,3588000000,90,false,1.69
"POM",94331,"/Date(1704422589000)/",5400,2600,656700,3586000000,90,false,1.69
"POM",94324,"/Date(1704422583000)/",5390,1000,654100,3572000000,80,true,1.51
"POM",94321,"/Date(1704422581000)/",5400,400,653100,3567000000,90,false,1.69
"POM",94321,"/Date(1704422581000)/",5400,5000,652700,3565000000,90,false,1.69
"POM",94321,"/Date(1704422581000)/",5400,1900,647700,3538000000,90,false,1.69
"POM",94321,"/Date(1704422581000)/",5400,2700,645800,3527000000,90,false,1.69
"POM",94318,"/Date(1704422577000)/",5400,7300,643100,3513000000,90,false,1.69
"POM",94318,"/Date(1704422577000)/",5400,2700,635800,3473000000,90,false,1.69
"POM",94308,"/Date(1704422569000)/",5390,3000,633100,3459000000,80,true,1.51
"POM",94237,"/Date(1704422535000)/",5400,1200,630100,3443000000,90,false,1.69
"POM",94233,"/Date(1704422532000)/",5400,1100,628900,3436000000,90,false,1.69
"POM",94211,"/Date(1704422511000)/",5400,500,627800,3430000000,90,true,1.69
"POM",94208,"/Date(1704422508000)/",5400,3000,627300,3428000000,90,true,1.69
"POM",94208,"/Date(1704422508000)/",5400,400,624300,3411000000,90,true,1.69
"POM",94208,"/Date(1704422506000)/",5390,1700,623900,3409000000,80,true,1.51
"POM",94202,"/Date(1704422500000)/",5400,1000,622200,3400000000,90,false,1.69
"POM",94155,"/Date(1704422496000)/",5400,200,621200,3395000000,90,true,1.69
"POM",94155,"/Date(1704422496000)/",5400,200,621000,3394000000,90,true,1.69
"POM",94155,"/Date(1704422496000)/",5400,100,620800,3392000000,90,true,1.69
"POM",94155,"/Date(1704422496000)/",5400,7400,620700,3392000000,90,true,1.69
"POM",94155,"/Date(1704422496000)/",5400,700,613300,3352000000,90,true,1.69
"POM",94139,"/Date(1704422480000)/",5410,300,612600,3348000000,100,false,1.88
"POM",94126,"/Date(1704422466000)/",5410,15000,612300,3347000000,100,true,1.88
"POM",94117,"/Date(1704422455000)/",5410,1700,597300,3265000000,100,false,1.88
"POM",94117,"/Date(1704422455000)/",5410,500,595600,3256000000,100,false,1.88
"POM",94117,"/Date(1704422455000)/",5410,500,595100,3254000000,100,false,1.88
"POM",94117,"/Date(1704422455000)/",5410,2300,594600,3251000000,100,false,1.88
"POM",94110,"/Date(1704422449000)/",5400,16400,592300,3238000000,90,true,1.69
"POM",94110,"/Date(1704422449000)/",5400,2000,575900,3150000000,90,true,1.69
"POM",94110,"/Date(1704422449000)/",5400,6000,573900,3139000000,90,true,1.69
"POM",94110,"/Date(1704422449000)/",5400,100,567900,3107000000,90,true,1.69
"POM",94110,"/Date(1704422449000)/",5400,500,567800,3106000000,90,true,1.69
"POM",94045,"/Date(1704422423000)/",5410,500,567300,3103000000,100,false,1.88
"POM",94029,"/Date(1704422409000)/",5410,500,566800,3101000000,100,false,1.88
"POM",94019,"/Date(1704422397000)/",5410,1000,566300,3098000000,100,false,1.88
"POM",94016,"/Date(1704422396000)/",5410,100,565300,3093000000,100,false,1.88
"POM",93954,"/Date(1704422374000)/",5410,500,565200,3092000000,100,false,1.88
"POM",93947,"/Date(1704422367000)/",5410,1500,564700,3089000000,100,true,1.88
"POM",93938,"/Date(1704422356000)/",5410,10000,563200,3081000000,100,true,1.88
"POM",93919,"/Date(1704422338000)/",5410,4200,553200,3027000000,100,true,1.88
"POM",93834,"/Date(1704422293000)/",5410,1000,549000,3004000000,100,true,1.88
"POM",93834,"/Date(1704422292000)/",5410,1000,548000,2999000000,100,true,1.88
"POM",93831,"/Date(1704422292000)/",5410,1000,547000,2994000000,100,true,1.88
"POM",93828,"/Date(1704422286000)/",5410,800,546000,2988000000,100,true,1.88
"POM",93828,"/Date(1704422286000)/",5410,100,545200,2984000000,100,true,1.88
"POM",93828,"/Date(1704422286000)/",5410,100,545100,2983000000,100,true,1.88
"POM",93821,"/Date(1704422280000)/",5430,100,545000,2983000000,120,false,2.26
"POM",93805,"/Date(1704422266000)/",5430,9600,544900,2982000000,120,false,2.26
"POM",93759,"/Date(1704422258000)/",5430,400,535300,2930000000,120,false,2.26
"POM",93756,"/Date(1704422257000)/",5430,200,534900,2928000000,120,true,2.26
"POM",93749,"/Date(1704422250000)/",5430,200,534700,2927000000,120,true,2.26
"POM",93740,"/Date(1704422240000)/",5430,500,534500,2926000000,120,true,2.26
"POM",93724,"/Date(1704422223000)/",5430,100,534000,2923000000,120,false,2.26
"POM",93617,"/Date(1704422158000)/",5450,300,533900,2922000000,140,true,2.64
"POM",93617,"/Date(1704422158000)/",5450,3000,533600,2921000000,140,true,2.64
"POM",93607,"/Date(1704422148000)/",5460,14300,530600,2904000000,150,true,2.82
"POM",93607,"/Date(1704422146000)/",5460,3900,516300,2826000000,150,true,2.82
"POM",93604,"/Date(1704422145000)/",5470,1000,512400,2805000000,160,false,3.01
"POM",93548,"/Date(1704422127000)/",5470,1000,511400,2800000000,160,false,3.01
"POM",93539,"/Date(1704422119000)/",5460,1800,510400,2794000000,150,true,2.82
"POM",93539,"/Date(1704422119000)/",5460,200,508600,2784000000,150,true,2.82
"POM",93526,"/Date(1704422107000)/",5470,2000,508400,2783000000,160,false,3.01
"POM",93526,"/Date(1704422107000)/",5470,5000,506400,2772000000,160,false,3.01
"POM",93526,"/Date(1704422107000)/",5470,6800,501400,2745000000,160,false,3.01
"POM",93523,"/Date(1704422102000)/",5470,1000,494600,2708000000,160,true,3.01
"POM",93519,"/Date(1704422099000)/",5470,5000,493600,2702000000,160,true,3.01
"POM",93504,"/Date(1704422083000)/",5470,1000,488600,2675000000,160,true,3.01
"POM",93428,"/Date(1704422050000)/",5470,5000,487600,2669000000,160,true,3.01
"POM",93416,"/Date(1704422037000)/",5470,1100,482600,2642000000,160,true,3.01
"POM",93416,"/Date(1704422035000)/",5470,100,481500,2636000000,160,true,3.01
"POM",93406,"/Date(1704422025000)/",5460,3000,481400,2636000000,150,true,2.82
"POM",93400,"/Date(1704422022000)/",5480,5000,478400,2619000000,170,false,3.2
"POM",93338,"/Date(1704421997000)/",5480,600,473400,2592000000,170,false,3.2
"POM",93334,"/Date(1704421994000)/",5480,300,472800,2588000000,170,false,3.2
"POM",93334,"/Date(1704421994000)/",5480,100,472500,2587000000,170,false,3.2
"POM",93331,"/Date(1704421991000)/",5460,300,472400,2586000000,150,true,2.82
"POM",93322,"/Date(1704421980000)/",5460,500,472100,2585000000,150,true,2.82
"POM",93318,"/Date(1704421980000)/",5460,1000,471600,2582000000,150,false,2.82
"POM",93318,"/Date(1704421980000)/",5460,2000,470600,2576000000,150,false,2.82
"POM",93318,"/Date(1704421980000)/",5460,3000,468600,2566000000,150,false,2.82
"POM",93303,"/Date(1704421964000)/",5460,1000,465600,2549000000,150,false,2.82
"POM",93303,"/Date(1704421964000)/",5460,1000,464600,2544000000,150,false,2.82
"POM",93303,"/Date(1704421964000)/",5460,500,463600,2538000000,150,false,2.82
"POM",93250,"/Date(1704421950000)/",5460,400,463100,2535000000,150,false,2.82
"POM",93240,"/Date(1704421940000)/",5460,500,462700,2533000000,150,false,2.82
"POM",93234,"/Date(1704421935000)/",5460,100,462200,2531000000,150,false,2.82
"POM",93202,"/Date(1704421904000)/",5460,500,462100,2530000000,150,false,2.82
"POM",93202,"/Date(1704421904000)/",5460,100,461600,2527000000,150,false,2.82
"POM",93202,"/Date(1704421904000)/",5460,400,461500,2527000000,150,false,2.82
"POM",93146,"/Date(1704421886000)/",5460,1000,461100,2525000000,150,false,2.82
"POM",93114,"/Date(1704421857000)/",5460,600,460100,2519000000,150,false,2.82
"POM",93114,"/Date(1704421857000)/",5460,400,459500,2516000000,150,false,2.82
"POM",93058,"/Date(1704421839000)/",5460,5000,459100,2514000000,150,false,2.82
"POM",93055,"/Date(1704421837000)/",5460,3000,454100,2486000000,150,false,2.82
"POM",93055,"/Date(1704421837000)/",5460,1600,451100,2470000000,150,false,2.82
"POM",93049,"/Date(1704421830000)/",5460,300,449500,2461000000,150,false,2.82
"POM",93049,"/Date(1704421829000)/",5460,100,449200,2460000000,150,false,2.82
"POM",93027,"/Date(1704421809000)/",5460,9300,449100,2459000000,150,true,2.82
"POM",93027,"/Date(1704421807000)/",5460,500,439800,2408000000,150,true,2.82
"POM",93023,"/Date(1704421805000)/",5460,200,439300,2406000000,150,true,2.82
"POM",92938,"/Date(1704421759000)/",5460,4300,439100,2404000000,150,true,2.82
"POM",92938,"/Date(1704421759000)/",5480,300,434800,2381000000,170,false,3.2
"POM",92938,"/Date(1704421759000)/",5480,400,434500,2379000000,170,false,3.2
"POM",92932,"/Date(1704421754000)/",5480,200,434100,2377000000,170,true,3.2
"POM",92922,"/Date(1704421744000)/",5480,600,433900,2376000000,170,true,3.2
"POM",92919,"/Date(1704421739000)/",5490,200,433300,2373000000,180,false,3.39
"POM",92900,"/Date(1704421722000)/",5480,1500,433100,2372000000,170,true,3.2
"POM",92844,"/Date(1704421706000)/",5490,1000,431600,2363000000,180,true,3.39
"POM",92831,"/Date(1704421691000)/",5490,3000,430600,2358000000,180,true,3.39
"POM",92828,"/Date(1704421688000)/",5490,1000,427600,2341000000,180,true,3.39
"POM",92825,"/Date(1704421685000)/",5490,300,426600,2336000000,180,true,3.39
"POM",92800,"/Date(1704421660000)/",5490,4700,426300,2334000000,180,true,3.39
"POM",92800,"/Date(1704421660000)/",5490,900,421600,2309000000,180,true,3.39
"POM",92728,"/Date(1704421628000)/",5490,1000,420700,2304000000,180,true,3.39
"POM",92728,"/Date(1704421628000)/",5490,100,419700,2298000000,180,true,3.39
"POM",92709,"/Date(1704421611000)/",5500,300,419600,2298000000,190,false,3.58
"POM",92709,"/Date(1704421611000)/",5500,100,419300,2296000000,190,false,3.58
"POM",92709,"/Date(1704421611000)/",5500,900,419200,2295000000,190,false,3.58
"POM",92709,"/Date(1704421611000)/",5490,2000,418300,2290000000,180,false,3.39
"POM",92656,"/Date(1704421597000)/",5480,2300,416300,2279000000,170,true,3.2
"POM",92656,"/Date(1704421597000)/",5480,6000,414000,2267000000,170,true,3.2
"POM",92634,"/Date(1704421576000)/",5480,4000,408000,2234000000,170,true,3.2
"POM",92634,"/Date(1704421574000)/",5470,10000,404000,2212000000,160,false,3.01
"POM",92624,"/Date(1704421566000)/",5480,10000,394000,2157000000,170,false,3.2
"POM",92621,"/Date(1704421564000)/",5480,1000,384000,2103000000,170,false,3.2
"POM",92621,"/Date(1704421564000)/",5480,5000,383000,2097000000,170,false,3.2
"POM",92608,"/Date(1704421551000)/",5500,100,378000,2070000000,190,false,3.58
"POM",92605,"/Date(1704421548000)/",5500,2000,377900,2069000000,190,false,3.58
"POM",92602,"/Date(1704421542000)/",5500,1000,375900,2058000000,190,true,3.58
"POM",92559,"/Date(1704421540000)/",5500,500,374900,2053000000,190,true,3.58
"POM",92559,"/Date(1704421540000)/",5500,5000,374400,2050000000,190,true,3.58
"POM",92559,"/Date(1704421540000)/",5500,1500,369400,2022000000,190,true,3.58
"POM",92559,"/Date(1704421540000)/",5490,100,367900,2014000000,180,false,3.39
"POM",92540,"/Date(1704421522000)/",5500,100,367800,2014000000,190,true,3.58
"POM",92540,"/Date(1704421522000)/",5500,200,367700,2013000000,190,true,3.58
"POM",92540,"/Date(1704421522000)/",5500,3200,367500,2012000000,190,true,3.58
"POM",92518,"/Date(1704421500000)/",5500,2000,364300,1994000000,190,true,3.58
"POM",92508,"/Date(1704421489000)/",5520,200,362300,1983000000,210,true,3.95
"POM",92508,"/Date(1704421489000)/",5520,600,362100,1982000000,210,true,3.95
"POM",92508,"/Date(1704421489000)/",5520,1500,361500,1979000000,210,true,3.95
"POM",92508,"/Date(1704421489000)/",5520,6400,360000,1971000000,210,true,3.95
"POM",92505,"/Date(1704421488000)/",5530,1300,353600,1935000000,220,false,4.14
"POM",92505,"/Date(1704421488000)/",5530,1000,352300,1928000000,220,false,4.14
"POM",92505,"/Date(1704421488000)/",5530,400,351300,1923000000,220,false,4.14
"POM",92505,"/Date(1704421488000)/",5530,10000,350900,1920000000,220,false,4.14
"POM",92505,"/Date(1704421488000)/",5530,7300,340900,1865000000,220,false,4.14
"POM",92452,"/Date(1704421473000)/",5520,800,333600,1825000000,210,true,3.95
"POM",92439,"/Date(1704421461000)/",5520,1000,332800,1820000000,210,true,3.95
"POM",92433,"/Date(1704421454000)/",5530,100,331800,1815000000,220,false,4.14
"POM",92417,"/Date(1704421439000)/",5530,10000,331700,1814000000,220,false,4.14
"POM",92417,"/Date(1704421439000)/",5530,100,321700,1759000000,220,false,4.14
"POM",92401,"/Date(1704421422000)/",5530,2500,321600,1758000000,220,false,4.14
"POM",92401,"/Date(1704421422000)/",5530,100,319100,1745000000,220,false,4.14
"POM",92401,"/Date(1704421422000)/",5530,100,319000,1744000000,220,false,4.14
"POM",92358,"/Date(1704421421000)/",5520,1300,318900,1743000000,210,true,3.95
"POM",92345,"/Date(1704421407000)/",5520,500,317600,1736000000,210,true,3.95
"POM",92342,"/Date(1704421405000)/",5520,500,317100,1733000000,210,false,3.95
"POM",92342,"/Date(1704421405000)/",5520,2000,316600,1731000000,210,false,3.95
"POM",92342,"/Date(1704421405000)/",5520,3000,314600,1720000000,210,false,3.95
"POM",92342,"/Date(1704421405000)/",5520,500,311600,1703000000,210,false,3.95
"POM",92342,"/Date(1704421405000)/",5520,2000,311100,1700000000,210,false,3.95
"POM",92336,"/Date(1704421399000)/",5500,500,309100,1689000000,190,true,3.58
"POM",92333,"/Date(1704421395000)/",5500,100,308600,1687000000,190,true,3.58
"POM",92320,"/Date(1704421381000)/",5500,100,308500,1686000000,190,false,3.58
"POM",92320,"/Date(1704421381000)/",5500,200,308400,1685000000,190,false,3.58
"POM",92320,"/Date(1704421381000)/",5500,500,308200,1684000000,190,false,3.58
"POM",92320,"/Date(1704421381000)/",5500,400,307700,1682000000,190,false,3.58
"POM",92320,"/Date(1704421381000)/",5500,2000,307300,1679000000,190,false,3.58
"POM",92320,"/Date(1704421381000)/",5500,1000,305300,1668000000,190,false,3.58
"POM",92317,"/Date(1704421379000)/",5500,10000,304300,1663000000,190,false,3.58
"POM",92314,"/Date(1704421376000)/",5500,10000,294300,1608000000,190,false,3.58
"POM",92310,"/Date(1704421373000)/",5500,4000,284300,1553000000,190,false,3.58
"POM",92310,"/Date(1704421373000)/",5500,2000,280300,1531000000,190,false,3.58
"POM",92310,"/Date(1704421373000)/",5500,1000,278300,1520000000,190,false,3.58
"POM",92310,"/Date(1704421373000)/",5500,500,277300,1514000000,190,false,3.58
"POM",92310,"/Date(1704421373000)/",5500,2500,276800,1512000000,190,false,3.58
"POM",92310,"/Date(1704421372000)/",5490,500,274300,1498000000,180,true,3.39
"POM",92307,"/Date(1704421369000)/",5490,1000,273800,1495000000,180,true,3.39
"POM",92307,"/Date(1704421368000)/",5490,1900,272800,1490000000,180,true,3.39
"POM",92255,"/Date(1704421358000)/",5500,4900,270900,1479000000,190,false,3.58
"POM",92255,"/Date(1704421357000)/",5490,2000,266000,1452000000,180,false,3.39
"POM",92255,"/Date(1704421357000)/",5490,100,264000,1441000000,180,false,3.39
"POM",92255,"/Date(1704421357000)/",5490,1800,263900,1441000000,180,false,3.39
"POM",92255,"/Date(1704421357000)/",5490,200,262100,1431000000,180,false,3.39
"POM",92255,"/Date(1704421357000)/",5490,300,261900,1430000000,180,false,3.39
"POM",92242,"/Date(1704421345000)/",5490,300,261600,1428000000,180,false,3.39
"POM",92216,"/Date(1704421318000)/",5500,10000,261300,1426000000,190,true,3.58
"POM",92216,"/Date(1704421318000)/",5500,200,251300,1371000000,190,true,3.58
"POM",92216,"/Date(1704421318000)/",5500,14600,251100,1370000000,190,true,3.58
"POM",92207,"/Date(1704421310000)/",5500,5000,236500,1290000000,190,true,3.58
"POM",92201,"/Date(1704421302000)/",5500,20000,231500,1263000000,190,false,3.58
"POM",92201,"/Date(1704421302000)/",5500,2000,211500,1153000000,190,false,3.58
"POM",92201,"/Date(1704421302000)/",5500,500,209500,1142000000,190,false,3.58
"POM",92201,"/Date(1704421302000)/",5500,1700,209000,1139000000,190,false,3.58
"POM",92201,"/Date(1704421302000)/",5490,6200,207300,1129000000,180,false,3.39
"POM",92154,"/Date(1704421296000)/",5490,200,201100,1095000000,180,false,3.39
"POM",92145,"/Date(1704421286000)/",5490,4000,200900,1094000000,180,true,3.39
"POM",92145,"/Date(1704421286000)/",5490,5000,196900,1072000000,180,true,3.39
"POM",92145,"/Date(1704421286000)/",5490,100,191900,1045000000,180,true,3.39
"POM",92145,"/Date(1704421286000)/",5490,100,191800,1044000000,180,true,3.39
"POM",92145,"/Date(1704421286000)/",5490,4400,191700,1044000000,180,true,3.39
"POM",92141,"/Date(1704421284000)/",5500,400,187300,1020000000,190,false,3.58
"POM",92135,"/Date(1704421277000)/",5500,2800,186900,1017000000,190,false,3.58
"POM",92126,"/Date(1704421267000)/",5500,1200,184100,1002000000,190,false,3.58
"POM",92126,"/Date(1704421267000)/",5500,100,182900,995000000,190,false,3.58
"POM",92126,"/Date(1704421267000)/",5500,1500,182800,995000000,190,false,3.58
"POM",92126,"/Date(1704421267000)/",5500,5000,181300,987000000,190,false,3.58
"POM",92126,"/Date(1704421267000)/",5500,100,176300,959000000,190,false,3.58
"POM",92126,"/Date(1704421267000)/",5500,8000,176200,959000000,190,false,3.58
"POM",92126,"/Date(1704421267000)/",5500,9500,168200,915000000,190,false,3.58
"POM",92126,"/Date(1704421267000)/",5500,100,158700,862000000,190,false,3.58
"POM",92126,"/Date(1704421267000)/",5500,2500,158600,862000000,190,false,3.58
"POM",92126,"/Date(1704421267000)/",5500,2000,156100,848000000,190,false,3.58
"POM",92113,"/Date(1704421255000)/",5490,100,154100,837000000,180,false,3.39
"POM",92113,"/Date(1704421255000)/",5490,2500,154000,837000000,180,false,3.39
"POM",92110,"/Date(1704421253000)/",5490,2000,151500,823000000,180,false,3.39
"POM",92110,"/Date(1704421251000)/",5490,3000,149500,812000000,180,false,3.39
"POM",92107,"/Date(1704421250000)/",5480,100,146500,795000000,170,true,3.2
"POM",92048,"/Date(1704421231000)/",5490,200,146400,795000000,180,false,3.39
"POM",92048,"/Date(1704421229000)/",5480,100,146200,794000000,170,true,3.2
"POM",92044,"/Date(1704421224000)/",5490,1300,146100,793000000,180,false,3.39
"POM",92044,"/Date(1704421224000)/",5490,100,144800,786000000,180,false,3.39
"POM",92016,"/Date(1704421199000)/",5480,7000,144700,785000000,170,true,3.2
"POM",92003,"/Date(1704421185000)/",5480,13000,137700,747000000,170,false,3.2
"POM",92003,"/Date(1704421185000)/",5480,100,124700,676000000,170,false,3.2
"POM",92003,"/Date(1704421185000)/",5470,20000,124600,675000000,160,false,3.01
"POM",92003,"/Date(1704421185000)/",5460,3300,104600,566000000,150,false,2.82
"POM",92003,"/Date(1704421185000)/",5460,3600,101300,548000000,150,false,2.82
"POM",92000,"/Date(1704421182000)/",5460,3000,97700,528000000,150,false,2.82
"POM",91957,"/Date(1704421178000)/",5460,500,94700,512000000,150,false,2.82
"POM",91950,"/Date(1704421172000)/",5460,3000,94200,509000000,150,false,2.82
"POM",91938,"/Date(1704421159000)/",5460,19900,91200,493000000,150,false,2.82
"POM",91938,"/Date(1704421159000)/",5460,100,71300,384000000,150,false,2.82
"POM",91931,"/Date(1704421155000)/",5450,5700,71200,384000000,140,false,2.64
"POM",91919,"/Date(1704421141000)/",5450,9200,65500,353000000,140,false,2.64
"POM",91915,"/Date(1704421138000)/",5450,100,56300,302000000,140,false,2.64
"POM",91906,"/Date(1704421128000)/",5450,5000,56200,302000000,140,false,2.64
"POM",91906,"/Date(1704421128000)/",5450,500,51200,275000000,140,false,2.64
"POM",91906,"/Date(1704421128000)/",5450,100,50700,272000000,140,false,2.64
"POM",91906,"/Date(1704421128000)/",5450,500,50600,271000000,140,false,2.64
"POM",91906,"/Date(1704421128000)/",5450,3900,50100,269000000,140,false,2.64
"POM",91903,"/Date(1704421124000)/",5450,100,46200,247000000,140,false,2.64
"POM",91831,"/Date(1704421093000)/",5450,1000,46100,247000000,140,false,2.64
"POM",91831,"/Date(1704421093000)/",5450,100,45100,241000000,140,false,2.64
"POM",91831,"/Date(1704421093000)/",5450,5000,45000,241000000,140,false,2.64
"POM",91831,"/Date(1704421093000)/",5450,1000,40000,214000000,140,false,2.64
"POM",91831,"/Date(1704421093000)/",5440,2800,39000,208000000,130,false,2.45
"POM",91831,"/Date(1704421093000)/",5440,100,36200,193000000,130,false,2.45
"POM",91744,"/Date(1704421045000)/",5400,100,36100,192000000,90,false,1.69
"POM",91744,"/Date(1704421045000)/",5400,100,36000,192000000,90,false,1.69
"POM",91744,"/Date(1704421045000)/",5400,400,35900,191000000,90,false,1.69
"POM",91744,"/Date(1704421045000)/",5400,2000,35500,189000000,90,false,1.69
"POM",91744,"/Date(1704421045000)/",5390,100,33500,178000000,80,false,1.51
"POM",91744,"/Date(1704421045000)/",5390,1000,33400,178000000,80,false,1.51
"POM",91718,"/Date(1704421021000)/",5390,1000,32400,172000000,80,false,1.51
"POM",91553,"/Date(1704420934000)/",5340,100,31400,167000000,30,false,0.56
"POM",91537,"/Date(1704420921000)/",5350,1900,31300,166000000,40,false,0.75
"POM",91537,"/Date(1704420919000)/",5350,100,29400,156000000,40,false,0.75
"POM",91537,"/Date(1704420919000)/",5350,1000,29300,156000000,40,false,0.75
"POM",91537,"/Date(1704420919000)/",5340,500,28300,150000000,30,false,0.56
"POM",91537,"/Date(1704420919000)/",5340,1500,27800,148000000,30,false,0.56
"POM",91521,"/Date(1704420900000)/",5330,26300,26300,140000000,20,true,0.38
