"Stockcode","Package","TradingDate","Price","Vol","TotalVol","TotalVal","Change","IsBuy","PerChange"
"TPB",144612,"/Date(1704440701000)/",18000,319800,11024500,197583000000,100,true,0.56
"TPB",143100,"/Date(1704439795000)/",17950,1000,10704700,191826000000,50,true,0.28
"TPB",143057,"/Date(1704439793000)/",18000,9500,10703700,191808000000,100,false,0.56
"TPB",143057,"/Date(1704439793000)/",18000,100,10694200,191637000000,100,false,0.56
"TPB",143057,"/Date(1704439793000)/",18000,200,10694100,191636000000,100,false,0.56
"TPB",143057,"/Date(1704439793000)/",18000,200,10693900,191632000000,100,false,0.56
"TPB",143057,"/Date(1704439793000)/",18000,10000,10693700,191628000000,100,false,0.56
"TPB",143054,"/Date(1704439790000)/",18000,3000,10683700,191448000000,100,false,0.56
"TPB",143054,"/Date(1704439790000)/",18000,1000,10680700,191394000000,100,false,0.56
"TPB",143050,"/Date(1704439786000)/",18000,3700,10679700,191376000000,100,false,0.56
"TPB",143050,"/Date(1704439786000)/",18000,1800,10676000,191310000000,100,false,0.56
"TPB",143047,"/Date(1704439785000)/",18000,100,10674200,191277000000,100,false,0.56
"TPB",143047,"/Date(1704439782000)/",18000,1000,10674100,191276000000,100,false,0.56
"TPB",143047,"/Date(1704439782000)/",18000,10000,10673100,191258000000,100,false,0.56
"TPB",143044,"/Date(1704439781000)/",18000,7000,10663100,191078000000,100,false,0.56
"TPB",143041,"/Date(1704439778000)/",18000,1000,10656100,190952000000,100,false,0.56
"TPB",143041,"/Date(1704439777000)/",18000,5000,10655100,190934000000,100,true,0.56
"TPB",143041,"/Date(1704439777000)/",18000,200,10650100,190844000000,100,true,0.56
"TPB",143041,"/Date(1704439777000)/",18000,1500,10649900,190840000000,100,true,0.56
"TPB",143041,"/Date(1704439777000)/",18000,1400,10648400,190813000000,100,true,0.56
"TPB",143041,"/Date(1704439777000)/",18000,500,10647000,190788000000,100,true,0.56
"TPB",143041,"/Date(1704439777000)/",18000,400,10646500,190779000000,100,true,0.56
"TPB",143041,"/Date(1704439777000)/",18000,2400,10646100,190772000000,100,true,0.56
"TPB",143031,"/Date(1704439768000)/",18000,2000,10643700,190728000000,100,true,0.56
"TPB",143031,"/Date(1704439767000)/",18000,200,10641700,190692000000,100,true,0.56
"TPB",143028,"/Date(1704439765000)/",18000,5400,10641500,190689000000,100,true,0.56
"TPB",143028,"/Date(1704439765000)/",18000,10000,10636100,190592000000,100,true,0.56
"TPB",143028,"/Date(1704439765000)/",18000,4600,10626100,190412000000,100,true,0.56
"TPB",143028,"/Date(1704439763000)/",18000,900,10621500,190329000000,100,true,0.56
"TPB",143018,"/Date(1704439754000)/",18000,10000,10620600,190313000000,100,true,0.56
"TPB",143015,"/Date(1704439751000)/",18000,2400,10610600,190133000000,100,true,0.56
"TPB",143015,"/Date(1704439751000)/",18000,100,10608200,190089000000,100,true,0.56
"TPB",143015,"/Date(1704439751000)/",18000,2000,10608100,190088000000,100,true,0.56
"TPB",143015,"/Date(1704439751000)/",18000,15000,10606100,190052000000,100,true,0.56
"TPB",143015,"/Date(1704439751000)/",18000,500,10591100,189782000000,100,true,0.56
"TPB",143015,"/Date(1704439751000)/",18000,100,10590600,189773000000,100,true,0.56
"TPB",143015,"/Date(1704439750000)/",18000,100,10590500,189771000000,100,true,0.56
"TPB",143012,"/Date(1704439749000)/",18000,100,10590400,189769000000,100,true,0.56
"TPB",143002,"/Date(1704439738000)/",18000,200,10590300,189767000000,100,true,0.56
"TPB",142959,"/Date(1704439736000)/",18050,1900,10590100,189764000000,150,false,0.84
"TPB",142959,"/Date(1704439736000)/",18050,100,10588200,189729000000,150,false,0.84
"TPB",142959,"/Date(1704439736000)/",18050,17900,10588100,189727000000,150,false,0.84
"TPB",142959,"/Date(1704439736000)/",18000,1000,10570200,189404000000,100,false,0.56
"TPB",142959,"/Date(1704439736000)/",18000,17100,10569200,189386000000,100,false,0.56
"TPB",142950,"/Date(1704439724000)/",18000,200,10552100,189079000000,100,false,0.56
"TPB",142946,"/Date(1704439721000)/",18000,100,10551900,189075000000,100,false,0.56
"TPB",142940,"/Date(1704439717000)/",18000,2800,10551800,189073000000,100,false,0.56
"TPB",142937,"/Date(1704439714000)/",18000,5000,10549000,189023000000,100,true,0.56
"TPB",142937,"/Date(1704439714000)/",18000,200,10544000,188933000000,100,true,0.56
"TPB",142937,"/Date(1704439714000)/",18000,1000,10543800,188929000000,100,true,0.56
"TPB",142937,"/Date(1704439714000)/",18000,2000,10542800,188911000000,100,true,0.56
"TPB",142937,"/Date(1704439714000)/",18000,1000,10540800,188875000000,100,true,0.56
"TPB",142937,"/Date(1704439714000)/",18000,1000,10539800,188857000000,100,true,0.56
"TPB",142937,"/Date(1704439714000)/",18000,200,10538800,188839000000,100,true,0.56
"TPB",142937,"/Date(1704439714000)/",18000,200,10538600,188836000000,100,true,0.56
"TPB",142937,"/Date(1704439714000)/",18000,11000,10538400,188832000000,100,true,0.56
"TPB",142937,"/Date(1704439714000)/",18000,1000,10527400,188634000000,100,true,0.56
"TPB",142937,"/Date(1704439714000)/",18000,300,10526400,188616000000,100,true,0.56
"TPB",142937,"/Date(1704439714000)/",18000,300,10526100,188611000000,100,true,0.56
"TPB",142937,"/Date(1704439714000)/",18000,2000,10525800,188605000000,100,true,0.56
"TPB",142937,"/Date(1704439714000)/",18000,2000,10523800,188569000000,100,true,0.56
"TPB",142937,"/Date(1704439714000)/",18000,1000,10521800,188533000000,100,true,0.56
"TPB",142937,"/Date(1704439714000)/",18000,600,10520800,188515000000,100,true,0.56
"TPB",142937,"/Date(1704439714000)/",18000,1000,10520200,188504000000,100,true,0.56
"TPB",142933,"/Date(1704439711000)/",18000,500,10519200,188486000000,100,true,0.56
"TPB",142930,"/Date(1704439707000)/",18000,500,10518700,188477000000,100,true,0.56
"TPB",142911,"/Date(1704439688000)/",18050,4000,10518200,188468000000,150,false,0.84
"TPB",142911,"/Date(1704439687000)/",18000,3000,10514200,188396000000,100,true,0.56
"TPB",142911,"/Date(1704439687000)/",18000,8000,10511200,188342000000,100,true,0.56
"TPB",142908,"/Date(1704439684000)/",18050,300,10503200,188198000000,150,false,0.84
"TPB",142905,"/Date(1704439682000)/",18000,1000,10502900,188193000000,100,true,0.56
"TPB",142905,"/Date(1704439681000)/",18050,300,10501900,188175000000,150,false,0.84
"TPB",142845,"/Date(1704439662000)/",18050,6600,10501600,188169000000,150,false,0.84
"TPB",142845,"/Date(1704439661000)/",18050,2200,10495000,188050000000,150,false,0.84
"TPB",142826,"/Date(1704439642000)/",18050,6600,10492800,188010000000,150,false,0.84
"TPB",142826,"/Date(1704439642000)/",18000,800,10486200,187891000000,100,true,0.56
"TPB",142826,"/Date(1704439642000)/",18000,200,10485400,187877000000,100,true,0.56
"TPB",142826,"/Date(1704439642000)/",18000,300,10485200,187873000000,100,true,0.56
"TPB",142826,"/Date(1704439642000)/",18000,100,10484900,187868000000,100,true,0.56
"TPB",142826,"/Date(1704439642000)/",18000,100,10484800,187866000000,100,true,0.56
"TPB",142826,"/Date(1704439641000)/",18000,100,10484700,187864000000,100,true,0.56
"TPB",142823,"/Date(1704439639000)/",18000,300,10484600,187863000000,100,false,0.56
"TPB",142823,"/Date(1704439639000)/",18000,1000,10484300,187857000000,100,false,0.56
"TPB",142823,"/Date(1704439639000)/",18000,700,10483300,187839000000,100,false,0.56
"TPB",142823,"/Date(1704439639000)/",18000,1300,10482600,187827000000,100,false,0.56
"TPB",142823,"/Date(1704439639000)/",18000,38700,10481300,187803000000,100,false,0.56
"TPB",142823,"/Date(1704439639000)/",18000,300,10442600,187107000000,100,false,0.56
"TPB",142823,"/Date(1704439637000)/",18000,2200,10442300,187101000000,100,false,0.56
"TPB",142820,"/Date(1704439636000)/",18000,5000,10440100,187062000000,100,false,0.56
"TPB",142816,"/Date(1704439634000)/",18000,100,10435100,186972000000,100,false,0.56
"TPB",142816,"/Date(1704439633000)/",18000,500,10435000,186970000000,100,false,0.56
"TPB",142816,"/Date(1704439633000)/",18000,1000,10434500,186961000000,100,false,0.56
"TPB",142816,"/Date(1704439632000)/",18000,3500,10433500,186943000000,100,false,0.56
"TPB",142813,"/Date(1704439628000)/",18000,1000,10430000,186880000000,100,false,0.56
"TPB",142810,"/Date(1704439625000)/",18000,100,10429000,186862000000,100,false,0.56
"TPB",142807,"/Date(1704439624000)/",18000,2000,10428900,186860000000,100,false,0.56
"TPB",142807,"/Date(1704439623000)/",17950,900,10426900,186824000000,50,true,0.28
"TPB",142803,"/Date(1704439621000)/",18000,1000,10426000,186808000000,100,false,0.56
"TPB",142757,"/Date(1704439613000)/",18000,2000,10425000,186790000000,100,false,0.56
"TPB",142754,"/Date(1704439610000)/",18000,2000,10423000,186754000000,100,false,0.56
"TPB",142751,"/Date(1704439607000)/",18000,100,10421000,186718000000,100,false,0.56
"TPB",142747,"/Date(1704439605000)/",18000,1000,10420900,186716000000,100,false,0.56
"TPB",142747,"/Date(1704439604000)/",18000,6500,10419900,186698000000,100,false,0.56
"TPB",142747,"/Date(1704439603000)/",18000,10000,10413400,186581000000,100,false,0.56
"TPB",142747,"/Date(1704439603000)/",18000,2000,10403400,186401000000,100,false,0.56
"TPB",142744,"/Date(1704439599000)/",18000,1000,10401400,186365000000,100,false,0.56
"TPB",142738,"/Date(1704439593000)/",18000,1000,10400400,186347000000,100,false,0.56
"TPB",142735,"/Date(1704439592000)/",18000,10000,10399400,186329000000,100,false,0.56
"TPB",142735,"/Date(1704439591000)/",18000,500,10389400,186149000000,100,false,0.56
"TPB",142735,"/Date(1704439590000)/",18000,1000,10388900,186140000000,100,false,0.56
"TPB",142731,"/Date(1704439589000)/",18000,7500,10387900,186122000000,100,false,0.56
"TPB",142731,"/Date(1704439589000)/",18000,2000,10380400,185987000000,100,false,0.56
"TPB",142731,"/Date(1704439589000)/",18000,500,10378400,185951000000,100,false,0.56
"TPB",142731,"/Date(1704439587000)/",18000,100,10377900,185942000000,100,false,0.56
"TPB",142728,"/Date(1704439586000)/",18000,1000,10377800,185940000000,100,false,0.56
"TPB",142728,"/Date(1704439584000)/",18000,11000,10376800,185922000000,100,false,0.56
"TPB",142725,"/Date(1704439582000)/",18000,200,10365800,185724000000,100,false,0.56
"TPB",142722,"/Date(1704439578000)/",18000,600,10365600,185721000000,100,false,0.56
"TPB",142719,"/Date(1704439574000)/",18000,1000,10365000,185710000000,100,false,0.56
"TPB",142719,"/Date(1704439574000)/",18000,100,10364000,185692000000,100,false,0.56
"TPB",142715,"/Date(1704439572000)/",18000,2400,10363900,185690000000,100,true,0.56
"TPB",142715,"/Date(1704439572000)/",18000,1000,10361500,185647000000,100,true,0.56
"TPB",142715,"/Date(1704439571000)/",18000,200,10360500,185629000000,100,true,0.56
"TPB",142715,"/Date(1704439571000)/",18000,1000,10360300,185625000000,100,true,0.56
"TPB",142715,"/Date(1704439571000)/",18000,2000,10359300,185607000000,100,true,0.56
"TPB",142715,"/Date(1704439571000)/",18000,100,10357300,185571000000,100,true,0.56
"TPB",142715,"/Date(1704439571000)/",18000,5000,10357200,185569000000,100,true,0.56
"TPB",142715,"/Date(1704439571000)/",18000,1000,10352200,185479000000,100,true,0.56
"TPB",142715,"/Date(1704439571000)/",18000,300,10351200,185461000000,100,true,0.56
"TPB",142715,"/Date(1704439571000)/",18000,10000,10350900,185456000000,100,true,0.56
"TPB",142715,"/Date(1704439571000)/",18000,1500,10340900,185276000000,100,true,0.56
"TPB",142715,"/Date(1704439571000)/",18000,500,10339400,185249000000,100,true,0.56
"TPB",142715,"/Date(1704439571000)/",18000,5000,10338900,185240000000,100,true,0.56
"TPB",142715,"/Date(1704439571000)/",18000,500,10333900,185150000000,100,true,0.56
"TPB",142715,"/Date(1704439571000)/",18000,100,10333400,185141000000,100,true,0.56
"TPB",142715,"/Date(1704439571000)/",18000,4900,10333300,185139000000,100,true,0.56
"TPB",142712,"/Date(1704439569000)/",18050,1000,10328400,185051000000,150,false,0.84
"TPB",142650,"/Date(1704439546000)/",18000,100,10327400,185033000000,100,false,0.56
"TPB",142650,"/Date(1704439546000)/",18000,2000,10327300,185031000000,100,false,0.56
"TPB",142646,"/Date(1704439543000)/",18000,100,10325300,184995000000,100,false,0.56
"TPB",142646,"/Date(1704439542000)/",18000,1500,10325200,184993000000,100,false,0.56
"TPB",142646,"/Date(1704439542000)/",18000,10000,10323700,184966000000,100,false,0.56
"TPB",142643,"/Date(1704439540000)/",18000,2000,10313700,184786000000,100,true,0.56
"TPB",142643,"/Date(1704439540000)/",18000,100,10311700,184750000000,100,true,0.56
"TPB",142643,"/Date(1704439539000)/",18000,5000,10311600,184749000000,100,true,0.56
"TPB",142643,"/Date(1704439539000)/",18000,300,10306600,184659000000,100,true,0.56
"TPB",142643,"/Date(1704439539000)/",18000,100,10306300,184653000000,100,true,0.56
"TPB",142643,"/Date(1704439539000)/",18000,20000,10306200,184651000000,100,true,0.56
"TPB",142643,"/Date(1704439539000)/",18000,1000,10286200,184291000000,100,true,0.56
"TPB",142643,"/Date(1704439539000)/",18000,2600,10285200,184273000000,100,true,0.56
"TPB",142643,"/Date(1704439539000)/",18000,2000,10282600,184227000000,100,true,0.56
"TPB",142643,"/Date(1704439539000)/",18000,3200,10280600,184191000000,100,true,0.56
"TPB",142640,"/Date(1704439536000)/",18050,100,10277400,184133000000,150,false,0.84
"TPB",142640,"/Date(1704439536000)/",18050,100,10277300,184131000000,150,false,0.84
"TPB",142640,"/Date(1704439536000)/",18050,900,10277200,184129000000,150,false,0.84
"TPB",142634,"/Date(1704439530000)/",18050,1000,10276300,184113000000,150,true,0.84
"TPB",142634,"/Date(1704439529000)/",18050,100,10275300,184095000000,150,true,0.84
"TPB",142630,"/Date(1704439528000)/",18000,6800,10275200,184093000000,100,true,0.56
"TPB",142630,"/Date(1704439527000)/",18000,800,10268400,183971000000,100,true,0.56
"TPB",142630,"/Date(1704439527000)/",18000,1200,10267600,183956000000,100,true,0.56
"TPB",142630,"/Date(1704439527000)/",18000,1000,10266400,183935000000,100,true,0.56
"TPB",142627,"/Date(1704439525000)/",18000,2000,10265400,183917000000,100,false,0.56
"TPB",142627,"/Date(1704439525000)/",18000,10000,10263400,183881000000,100,false,0.56
"TPB",142627,"/Date(1704439524000)/",18000,2000,10253400,183701000000,100,false,0.56
"TPB",142627,"/Date(1704439524000)/",18000,1000,10251400,183665000000,100,false,0.56
"TPB",142627,"/Date(1704439524000)/",18000,100,10250400,183647000000,100,false,0.56
"TPB",142627,"/Date(1704439524000)/",18000,3000,10250300,183645000000,100,false,0.56
"TPB",142627,"/Date(1704439524000)/",18000,1000,10247300,183591000000,100,false,0.56
"TPB",142627,"/Date(1704439524000)/",18000,1500,10246300,183573000000,100,false,0.56
"TPB",142627,"/Date(1704439524000)/",18000,1000,10244800,183546000000,100,false,0.56
"TPB",142627,"/Date(1704439524000)/",18000,1000,10243800,183528000000,100,false,0.56
"TPB",142627,"/Date(1704439524000)/",18000,10000,10242800,183510000000,100,false,0.56
"TPB",142627,"/Date(1704439524000)/",18000,1000,10232800,183330000000,100,false,0.56
"TPB",142627,"/Date(1704439524000)/",18000,100,10231800,183312000000,100,false,0.56
"TPB",142627,"/Date(1704439524000)/",18000,500,10231700,183310000000,100,false,0.56
"TPB",142627,"/Date(1704439524000)/",18000,1500,10231200,183301000000,100,false,0.56
"TPB",142627,"/Date(1704439524000)/",18050,1700,10229700,183274000000,150,false,0.84
"TPB",142627,"/Date(1704439524000)/",18050,100,10228000,183244000000,150,false,0.84
"TPB",142627,"/Date(1704439524000)/",18050,100,10227900,183242000000,150,false,0.84
"TPB",142627,"/Date(1704439524000)/",18050,2600,10227800,183240000000,150,false,0.84
"TPB",142624,"/Date(1704439519000)/",18050,3000,10225200,183193000000,150,true,0.84
"TPB",142621,"/Date(1704439517000)/",18050,2000,10222200,183139000000,150,true,0.84
"TPB",142614,"/Date(1704439510000)/",18050,2400,10220200,183103000000,150,false,0.84
"TPB",142614,"/Date(1704439509000)/",18050,100,10217800,183059000000,150,false,0.84
"TPB",142611,"/Date(1704439508000)/",18050,500,10217700,183058000000,150,false,0.84
"TPB",142611,"/Date(1704439508000)/",18050,500,10217200,183049000000,150,false,0.84
"TPB",142608,"/Date(1704439506000)/",18000,900,10216700,183040000000,100,true,0.56
"TPB",142608,"/Date(1704439506000)/",18000,200,10215800,183023000000,100,true,0.56
"TPB",142608,"/Date(1704439506000)/",18000,200,10215600,183020000000,100,true,0.56
"TPB",142608,"/Date(1704439506000)/",18000,100,10215400,183016000000,100,true,0.56
"TPB",142608,"/Date(1704439506000)/",18000,20000,10215300,183014000000,100,true,0.56
"TPB",142608,"/Date(1704439506000)/",18000,2000,10195300,182654000000,100,true,0.56
"TPB",142608,"/Date(1704439506000)/",18000,20000,10193300,182618000000,100,true,0.56
"TPB",142608,"/Date(1704439506000)/",18000,3000,10173300,182258000000,100,true,0.56
"TPB",142608,"/Date(1704439506000)/",18000,700,10170300,182204000000,100,true,0.56
"TPB",142608,"/Date(1704439506000)/",18000,1500,10169600,182192000000,100,true,0.56
"TPB",142608,"/Date(1704439506000)/",18000,1400,10168100,182165000000,100,true,0.56
"TPB",142605,"/Date(1704439502000)/",18050,700,10166700,182140000000,150,false,0.84
"TPB",142605,"/Date(1704439502000)/",18050,900,10166000,182127000000,150,false,0.84
"TPB",142605,"/Date(1704439502000)/",18050,4900,10165100,182111000000,150,false,0.84
"TPB",142602,"/Date(1704439498000)/",18050,100,10160200,182022000000,150,true,0.84
"TPB",142558,"/Date(1704439496000)/",18100,6600,10160100,182020000000,200,false,1.12
"TPB",142558,"/Date(1704439494000)/",18100,2200,10153500,181901000000,200,false,1.12
"TPB",142552,"/Date(1704439487000)/",18050,600,10151300,181861000000,150,true,0.84
"TPB",142549,"/Date(1704439486000)/",18050,1000,10150700,181850000000,150,false,0.84
"TPB",142549,"/Date(1704439484000)/",18000,600,10149700,181832000000,100,false,0.56
"TPB",142546,"/Date(1704439483000)/",18000,10000,10149100,181821000000,100,false,0.56
"TPB",142546,"/Date(1704439483000)/",18000,100,10139100,181641000000,100,false,0.56
"TPB",142546,"/Date(1704439482000)/",18000,300,10139000,181640000000,100,false,0.56
"TPB",142546,"/Date(1704439482000)/",18000,600,10138700,181634000000,100,false,0.56
"TPB",142546,"/Date(1704439481000)/",18000,2000,10138100,181623000000,100,false,0.56
"TPB",142546,"/Date(1704439481000)/",18000,100,10136100,181587000000,100,false,0.56
"TPB",142542,"/Date(1704439479000)/",18000,200,10136000,181586000000,100,true,0.56
"TPB",142542,"/Date(1704439477000)/",18000,2000,10135800,181582000000,100,true,0.56
"TPB",142542,"/Date(1704439477000)/",18000,2000,10133800,181546000000,100,true,0.56
"TPB",142542,"/Date(1704439477000)/",18000,200,10131800,181510000000,100,true,0.56
"TPB",142542,"/Date(1704439477000)/",18000,2000,10131600,181506000000,100,true,0.56
"TPB",142542,"/Date(1704439477000)/",18000,19400,10129600,181470000000,100,true,0.56
"TPB",142542,"/Date(1704439477000)/",18050,500,10110200,181121000000,150,true,0.84
"TPB",142539,"/Date(1704439476000)/",18050,6100,10109700,181112000000,150,false,0.84
"TPB",142536,"/Date(1704439472000)/",18000,10600,10103600,181002000000,100,false,0.56
"TPB",142536,"/Date(1704439472000)/",18000,10000,10093000,180811000000,100,false,0.56
"TPB",142536,"/Date(1704439472000)/",18000,6000,10083000,180631000000,100,false,0.56
"TPB",142533,"/Date(1704439471000)/",18000,200,10077000,180523000000,100,false,0.56
"TPB",142530,"/Date(1704439467000)/",18000,200,10076800,180520000000,100,false,0.56
"TPB",142526,"/Date(1704439464000)/",18000,1000,10076600,180516000000,100,false,0.56
"TPB",142526,"/Date(1704439464000)/",18000,100,10075600,180498000000,100,false,0.56
"TPB",142526,"/Date(1704439464000)/",18000,1900,10075500,180496000000,100,false,0.56
"TPB",142526,"/Date(1704439463000)/",18000,3000,10073600,180462000000,100,false,0.56
"TPB",142526,"/Date(1704439462000)/",18000,500,10070600,180408000000,100,false,0.56
"TPB",142523,"/Date(1704439460000)/",18000,2000,10070100,180399000000,100,false,0.56
"TPB",142523,"/Date(1704439460000)/",18000,1100,10068100,180363000000,100,false,0.56
"TPB",142523,"/Date(1704439460000)/",18000,2000,10067000,180343000000,100,false,0.56
"TPB",142523,"/Date(1704439458000)/",18000,2000,10065000,180307000000,100,false,0.56
"TPB",142520,"/Date(1704439457000)/",18000,2000,10063000,180271000000,100,true,0.56
"TPB",142520,"/Date(1704439457000)/",18000,100,10061000,180235000000,100,true,0.56
"TPB",142520,"/Date(1704439457000)/",18000,1900,10060900,180234000000,100,true,0.56
"TPB",142520,"/Date(1704439457000)/",18000,1000,10059000,180199000000,100,true,0.56
"TPB",142520,"/Date(1704439457000)/",18000,600,10058000,180181000000,100,true,0.56
"TPB",142520,"/Date(1704439457000)/",18000,2000,10057400,180171000000,100,true,0.56
"TPB",142520,"/Date(1704439457000)/",18000,200,10055400,180135000000,100,true,0.56
"TPB",142520,"/Date(1704439457000)/",18000,200,10055200,180131000000,100,true,0.56
"TPB",142520,"/Date(1704439457000)/",18000,10000,10055000,180127000000,100,true,0.56
"TPB",142520,"/Date(1704439457000)/",18000,100,10045000,179947000000,100,true,0.56
"TPB",142520,"/Date(1704439457000)/",18000,200,10044900,179946000000,100,true,0.56
"TPB",142520,"/Date(1704439457000)/",18000,200,10044700,179942000000,100,true,0.56
"TPB",142520,"/Date(1704439457000)/",18000,2000,10044500,179938000000,100,true,0.56
"TPB",142520,"/Date(1704439457000)/",18000,5000,10042500,179902000000,100,true,0.56
"TPB",142520,"/Date(1704439457000)/",18000,1000,10037500,179812000000,100,true,0.56
"TPB",142520,"/Date(1704439457000)/",18000,10000,10036500,179794000000,100,true,0.56
"TPB",142520,"/Date(1704439457000)/",18000,100,10026500,179614000000,100,true,0.56
"TPB",142520,"/Date(1704439457000)/",18000,800,10026400,179613000000,100,true,0.56
"TPB",142520,"/Date(1704439457000)/",18000,1800,10025600,179598000000,100,true,0.56
"TPB",142520,"/Date(1704439457000)/",18000,200,10023800,179566000000,100,true,0.56
"TPB",142520,"/Date(1704439457000)/",18000,500,10023600,179562000000,100,true,0.56
"TPB",142520,"/Date(1704439457000)/",18000,400,10023100,179553000000,100,true,0.56
"TPB",142520,"/Date(1704439457000)/",18000,300,10022700,179546000000,100,true,0.56
"TPB",142520,"/Date(1704439457000)/",18000,7000,10022400,179541000000,100,true,0.56
"TPB",142520,"/Date(1704439457000)/",18000,200,10015400,179415000000,100,true,0.56
"TPB",142520,"/Date(1704439457000)/",18000,1000,10015200,179411000000,100,true,0.56
"TPB",142520,"/Date(1704439457000)/",18000,300,10014200,179393000000,100,true,0.56
"TPB",142520,"/Date(1704439457000)/",18000,200,10013900,179388000000,100,true,0.56
"TPB",142520,"/Date(1704439457000)/",18000,1500,10013700,179384000000,100,true,0.56
"TPB",142520,"/Date(1704439457000)/",18000,1000,10012200,179357000000,100,true,0.56
"TPB",142520,"/Date(1704439457000)/",18000,98600,10011200,179339000000,100,true,0.56
"TPB",142520,"/Date(1704439457000)/",18000,100,9912600,177564000000,100,true,0.56
"TPB",142520,"/Date(1704439457000)/",18000,2000,9912500,177562000000,100,true,0.56
"TPB",142520,"/Date(1704439457000)/",18000,1900,9910500,177526000000,100,true,0.56
"TPB",142520,"/Date(1704439457000)/",18000,1000,9908600,177492000000,100,true,0.56
"TPB",142520,"/Date(1704439457000)/",18000,1000,9907600,177474000000,100,true,0.56
"TPB",142520,"/Date(1704439457000)/",18000,1300,9906600,177456000000,100,true,0.56
"TPB",142520,"/Date(1704439457000)/",18050,1700,9905300,177433000000,150,false,0.84
"TPB",142520,"/Date(1704439456000)/",18050,900,9903600,177402000000,150,false,0.84
"TPB",142520,"/Date(1704439456000)/",18050,100,9902700,177386000000,150,false,0.84
"TPB",142520,"/Date(1704439455000)/",18050,300,9902600,177384000000,150,false,0.84
"TPB",142517,"/Date(1704439454000)/",18050,2000,9902300,177379000000,150,false,0.84
"TPB",142517,"/Date(1704439453000)/",18050,1000,9900300,177342000000,150,false,0.84
"TPB",142514,"/Date(1704439451000)/",18050,500,9899300,177324000000,150,false,0.84
"TPB",142514,"/Date(1704439449000)/",18050,100,9898800,177315000000,150,false,0.84
"TPB",142510,"/Date(1704439447000)/",18050,1000,9898700,177314000000,150,true,0.84
"TPB",142510,"/Date(1704439447000)/",18050,4000,9897700,177296000000,150,true,0.84
"TPB",142510,"/Date(1704439447000)/",18050,500,9893700,177223000000,150,true,0.84
"TPB",142510,"/Date(1704439447000)/",18050,600,9893200,177214000000,150,true,0.84
"TPB",142504,"/Date(1704439441000)/",18100,700,9892600,177204000000,200,false,1.12
"TPB",142504,"/Date(1704439441000)/",18100,1000,9891900,177191000000,200,false,1.12
"TPB",142504,"/Date(1704439441000)/",18100,100,9890900,177173000000,200,false,1.12
"TPB",142504,"/Date(1704439441000)/",18100,500,9890800,177171000000,200,false,1.12
"TPB",142504,"/Date(1704439441000)/",18100,500,9890300,177162000000,200,false,1.12
"TPB",142504,"/Date(1704439441000)/",18100,2700,9889800,177153000000,200,false,1.12
"TPB",142454,"/Date(1704439432000)/",18100,300,9887100,177104000000,200,false,1.12
"TPB",142454,"/Date(1704439432000)/",18100,4100,9886800,177099000000,200,false,1.12
"TPB",142454,"/Date(1704439432000)/",18100,300,9882700,177024000000,200,false,1.12
"TPB",142454,"/Date(1704439432000)/",18100,500,9882400,177019000000,200,false,1.12
"TPB",142454,"/Date(1704439432000)/",18100,200,9881900,177010000000,200,false,1.12
"TPB",142454,"/Date(1704439432000)/",18100,1300,9881700,177006000000,200,false,1.12
"TPB",142454,"/Date(1704439432000)/",18100,1000,9880400,176983000000,200,false,1.12
"TPB",142454,"/Date(1704439432000)/",18100,700,9879400,176965000000,200,false,1.12
"TPB",142454,"/Date(1704439432000)/",18100,200,9878700,176952000000,200,false,1.12
"TPB",142454,"/Date(1704439432000)/",18100,5000,9878500,176948000000,200,false,1.12
"TPB",142454,"/Date(1704439432000)/",18100,100,9873500,176858000000,200,false,1.12
"TPB",142454,"/Date(1704439432000)/",18100,200,9873400,176856000000,200,false,1.12
"TPB",142454,"/Date(1704439432000)/",18100,10000,9873200,176852000000,200,false,1.12
"TPB",142454,"/Date(1704439432000)/",18100,500,9863200,176671000000,200,false,1.12
"TPB",142454,"/Date(1704439432000)/",18100,500,9862700,176662000000,200,false,1.12
"TPB",142454,"/Date(1704439432000)/",18100,1000,9862200,176653000000,200,false,1.12
"TPB",142454,"/Date(1704439432000)/",18100,400,9861200,176635000000,200,false,1.12
"TPB",142454,"/Date(1704439432000)/",18100,200,9860800,176628000000,200,false,1.12
"TPB",142454,"/Date(1704439432000)/",18100,200,9860600,176624000000,200,false,1.12
"TPB",142454,"/Date(1704439432000)/",18100,1000,9860400,176621000000,200,false,1.12
"TPB",142454,"/Date(1704439432000)/",18100,200,9859400,176603000000,200,false,1.12
"TPB",142454,"/Date(1704439432000)/",18100,300,9859200,176599000000,200,false,1.12
"TPB",142454,"/Date(1704439432000)/",18100,2000,9858900,176594000000,200,false,1.12
"TPB",142454,"/Date(1704439432000)/",18100,900,9856900,176557000000,200,false,1.12
"TPB",142454,"/Date(1704439432000)/",18100,200,9856000,176541000000,200,false,1.12
"TPB",142454,"/Date(1704439432000)/",18100,200,9855800,176537000000,200,false,1.12
"TPB",142454,"/Date(1704439432000)/",18100,300,9855600,176534000000,200,false,1.12
"TPB",142454,"/Date(1704439432000)/",18100,100,9855300,176528000000,200,false,1.12
"TPB",142454,"/Date(1704439432000)/",18100,100,9855200,176527000000,200,false,1.12
"TPB",142454,"/Date(1704439432000)/",18100,900,9855100,176525000000,200,false,1.12
"TPB",142454,"/Date(1704439432000)/",18100,200,9854200,176508000000,200,false,1.12
"TPB",142454,"/Date(1704439432000)/",18100,2000,9854000,176505000000,200,false,1.12
"TPB",142454,"/Date(1704439432000)/",18100,500,9852000,176469000000,200,false,1.12
"TPB",142454,"/Date(1704439432000)/",18100,1900,9851500,176460000000,200,false,1.12
"TPB",142454,"/Date(1704439432000)/",18100,100,9849600,176425000000,200,false,1.12
"TPB",142454,"/Date(1704439432000)/",18100,500,9849500,176423000000,200,false,1.12
"TPB",142454,"/Date(1704439432000)/",18100,100,9849000,176414000000,200,false,1.12
"TPB",142454,"/Date(1704439432000)/",18100,500,9848900,176413000000,200,false,1.12
"TPB",142454,"/Date(1704439432000)/",18100,500,9848400,176403000000,200,false,1.12
"TPB",142454,"/Date(1704439432000)/",18100,1000,9847900,176394000000,200,false,1.12
"TPB",142454,"/Date(1704439432000)/",18100,300,9846900,176376000000,200,false,1.12
"TPB",142454,"/Date(1704439432000)/",18100,3000,9846600,176371000000,200,false,1.12
"TPB",142454,"/Date(1704439432000)/",18100,100,9843600,176317000000,200,false,1.12
"TPB",142454,"/Date(1704439432000)/",18100,200,9843500,176315000000,200,false,1.12
"TPB",142454,"/Date(1704439432000)/",18100,1000,9843300,176311000000,200,false,1.12
"TPB",142454,"/Date(1704439432000)/",18100,3000,9842300,176293000000,200,false,1.12
"TPB",142454,"/Date(1704439432000)/",18100,200,9839300,176239000000,200,false,1.12
"TPB",142454,"/Date(1704439432000)/",18100,1000,9839100,176235000000,200,false,1.12
"TPB",142454,"/Date(1704439432000)/",18100,2000,9838100,176217000000,200,false,1.12
"TPB",142454,"/Date(1704439432000)/",18100,1500,9836100,176181000000,200,false,1.12
"TPB",142454,"/Date(1704439432000)/",18050,200,9834600,176154000000,150,false,0.84
"TPB",142454,"/Date(1704439432000)/",18050,5000,9834400,176150000000,150,false,0.84
"TPB",142454,"/Date(1704439432000)/",18050,5000,9829400,176060000000,150,false,0.84
"TPB",142454,"/Date(1704439432000)/",18050,100,9824400,175970000000,150,false,0.84
"TPB",142454,"/Date(1704439432000)/",18050,100,9824300,175968000000,150,false,0.84
"TPB",142454,"/Date(1704439432000)/",18050,200,9824200,175966000000,150,false,0.84
"TPB",142454,"/Date(1704439432000)/",18050,200,9824000,175962000000,150,false,0.84
"TPB",142454,"/Date(1704439432000)/",18050,1000,9823800,175959000000,150,false,0.84
"TPB",142454,"/Date(1704439432000)/",18050,600,9822800,175941000000,150,false,0.84
"TPB",142454,"/Date(1704439432000)/",18050,100,9822200,175930000000,150,false,0.84
"TPB",142454,"/Date(1704439432000)/",18050,100,9822100,175928000000,150,false,0.84
"TPB",142454,"/Date(1704439432000)/",18050,100,9822000,175926000000,150,false,0.84
"TPB",142454,"/Date(1704439432000)/",18050,1000,9821900,175924000000,150,false,0.84
"TPB",142454,"/Date(1704439432000)/",18050,100,9820900,175906000000,150,false,0.84
"TPB",142454,"/Date(1704439432000)/",18050,100,9820800,175905000000,150,false,0.84
"TPB",142454,"/Date(1704439432000)/",18050,1500,9820700,175903000000,150,false,0.84
"TPB",142454,"/Date(1704439432000)/",18050,100,9819200,175876000000,150,false,0.84
"TPB",142454,"/Date(1704439432000)/",18050,2100,9819100,175874000000,150,false,0.84
"TPB",142454,"/Date(1704439432000)/",18050,600,9817000,175836000000,150,false,0.84
"TPB",142454,"/Date(1704439432000)/",18050,100,9816400,175825000000,150,false,0.84
"TPB",142454,"/Date(1704439432000)/",18050,1000,9816300,175823000000,150,false,0.84
"TPB",142454,"/Date(1704439432000)/",18050,300,9815300,175805000000,150,false,0.84
"TPB",142454,"/Date(1704439432000)/",18050,200,9815000,175800000000,150,false,0.84
"TPB",142454,"/Date(1704439432000)/",18050,100,9814800,175796000000,150,false,0.84
"TPB",142454,"/Date(1704439432000)/",18050,200,9814700,175795000000,150,false,0.84
"TPB",142454,"/Date(1704439432000)/",18050,200,9814500,175791000000,150,false,0.84
"TPB",142454,"/Date(1704439432000)/",18050,500,9814300,175787000000,150,false,0.84
"TPB",142454,"/Date(1704439432000)/",18050,100,9813800,175778000000,150,false,0.84
"TPB",142454,"/Date(1704439432000)/",18050,300,9813700,175776000000,150,false,0.84
"TPB",142454,"/Date(1704439432000)/",18050,100,9813400,175771000000,150,false,0.84
"TPB",142454,"/Date(1704439432000)/",18050,1200,9813300,175769000000,150,false,0.84
"TPB",142451,"/Date(1704439427000)/",18050,200,9812100,175748000000,150,false,0.84
"TPB",142448,"/Date(1704439426000)/",18000,1000,9811900,175744000000,100,true,0.56
"TPB",142448,"/Date(1704439426000)/",18000,7700,9810900,175726000000,100,true,0.56
"TPB",142448,"/Date(1704439425000)/",18000,2300,9803200,175587000000,100,true,0.56
"TPB",142448,"/Date(1704439425000)/",18000,200,9800900,175546000000,100,true,0.56
"TPB",142448,"/Date(1704439425000)/",18000,500,9800700,175542000000,100,true,0.56
"TPB",142448,"/Date(1704439425000)/",18000,500,9800200,175533000000,100,true,0.56
"TPB",142448,"/Date(1704439424000)/",18000,100,9799700,175524000000,100,true,0.56
"TPB",142448,"/Date(1704439424000)/",18000,900,9799600,175523000000,100,true,0.56
"TPB",142448,"/Date(1704439424000)/",18000,200,9798700,175506000000,100,true,0.56
"TPB",142448,"/Date(1704439424000)/",18000,600,9798500,175503000000,100,true,0.56
"TPB",142448,"/Date(1704439424000)/",18000,2300,9797900,175492000000,100,true,0.56
"TPB",142448,"/Date(1704439424000)/",18000,4800,9795600,175451000000,100,true,0.56
"TPB",142448,"/Date(1704439424000)/",18000,1400,9790800,175364000000,100,true,0.56
"TPB",142448,"/Date(1704439424000)/",18000,2800,9789400,175339000000,100,true,0.56
"TPB",142448,"/Date(1704439424000)/",18000,20000,9786600,175289000000,100,true,0.56
"TPB",142448,"/Date(1704439424000)/",18000,500,9766600,174929000000,100,true,0.56
"TPB",142448,"/Date(1704439423000)/",18000,3000,9766100,174920000000,100,true,0.56
"TPB",142445,"/Date(1704439423000)/",18000,10000,9763100,174866000000,100,false,0.56
"TPB",142445,"/Date(1704439422000)/",18000,100,9753100,174686000000,100,false,0.56
"TPB",142445,"/Date(1704439422000)/",18000,10000,9753000,174684000000,100,false,0.56
"TPB",142445,"/Date(1704439422000)/",18000,2000,9743000,174504000000,100,false,0.56
"TPB",142445,"/Date(1704439422000)/",18000,3500,9741000,174468000000,100,false,0.56
"TPB",142445,"/Date(1704439422000)/",18000,100,9737500,174405000000,100,false,0.56
"TPB",142445,"/Date(1704439421000)/",18000,500,9737400,174403000000,100,false,0.56
"TPB",142445,"/Date(1704439421000)/",18000,500,9736900,174394000000,100,false,0.56
"TPB",142445,"/Date(1704439421000)/",18000,500,9736400,174385000000,100,false,0.56
"TPB",142445,"/Date(1704439421000)/",18000,1000,9735900,174376000000,100,false,0.56
"TPB",142445,"/Date(1704439421000)/",18000,500,9734900,174358000000,100,false,0.56
"TPB",142445,"/Date(1704439420000)/",18000,4400,9734400,174349000000,100,false,0.56
"TPB",142445,"/Date(1704439420000)/",18000,2000,9730000,174270000000,100,false,0.56
"TPB",142445,"/Date(1704439420000)/",18000,30000,9728000,174234000000,100,false,0.56
"TPB",142445,"/Date(1704439420000)/",18000,200,9698000,173694000000,100,false,0.56
"TPB",142441,"/Date(1704439419000)/",18000,2000,9697800,173690000000,100,false,0.56
"TPB",142441,"/Date(1704439419000)/",18000,10000,9695800,173654000000,100,false,0.56
"TPB",142441,"/Date(1704439419000)/",18000,700,9685800,173474000000,100,false,0.56
"TPB",142441,"/Date(1704439419000)/",18000,2000,9685100,173462000000,100,false,0.56
"TPB",142441,"/Date(1704439419000)/",18000,100,9683100,173426000000,100,false,0.56
"TPB",142441,"/Date(1704439418000)/",18000,2000,9683000,173424000000,100,false,0.56
"TPB",142441,"/Date(1704439418000)/",18000,20000,9681000,173388000000,100,false,0.56
"TPB",142441,"/Date(1704439418000)/",18000,10000,9661000,173028000000,100,false,0.56
"TPB",142441,"/Date(1704439418000)/",18000,20000,9651000,172848000000,100,false,0.56
"TPB",142441,"/Date(1704439418000)/",18000,400,9631000,172488000000,100,false,0.56
"TPB",142438,"/Date(1704439416000)/",18000,200,9630600,172481000000,100,false,0.56
"TPB",142438,"/Date(1704439416000)/",18000,10000,9630400,172477000000,100,false,0.56
"TPB",142438,"/Date(1704439416000)/",18000,100,9620400,172297000000,100,false,0.56
"TPB",142438,"/Date(1704439416000)/",18000,20000,9620300,172295000000,100,false,0.56
"TPB",142438,"/Date(1704439416000)/",18000,2000,9600300,171935000000,100,false,0.56
"TPB",142438,"/Date(1704439416000)/",18000,600,9598300,171899000000,100,false,0.56
"TPB",142438,"/Date(1704439416000)/",18000,2000,9597700,171888000000,100,false,0.56
"TPB",142438,"/Date(1704439415000)/",18000,1000,9595700,171852000000,100,false,0.56
"TPB",142438,"/Date(1704439415000)/",18000,800,9594700,171834000000,100,false,0.56
"TPB",142438,"/Date(1704439415000)/",18000,100,9593900,171820000000,100,false,0.56
"TPB",142438,"/Date(1704439414000)/",18000,2000,9593800,171818000000,100,false,0.56
"TPB",142438,"/Date(1704439414000)/",18000,300,9591800,171782000000,100,false,0.56
"TPB",142438,"/Date(1704439414000)/",18000,1000,9591500,171777000000,100,false,0.56
"TPB",142438,"/Date(1704439414000)/",18000,400,9590500,171759000000,100,false,0.56
"TPB",142435,"/Date(1704439413000)/",18000,2000,9590100,171752000000,100,false,0.56
"TPB",142435,"/Date(1704439413000)/",18000,20000,9588100,171716000000,100,false,0.56
"TPB",142435,"/Date(1704439413000)/",18000,1000,9568100,171356000000,100,false,0.56
"TPB",142435,"/Date(1704439412000)/",18000,5500,9567100,171338000000,100,false,0.56
"TPB",142435,"/Date(1704439411000)/",18000,300,9561600,171239000000,100,false,0.56
"TPB",142435,"/Date(1704439411000)/",18000,100,9561300,171233000000,100,false,0.56
"TPB",142435,"/Date(1704439411000)/",18000,10000,9561200,171231000000,100,false,0.56
"TPB",142435,"/Date(1704439411000)/",18000,50000,9551200,171051000000,100,false,0.56
"TPB",142435,"/Date(1704439411000)/",18000,2000,9501200,170151000000,100,false,0.56
"TPB",142435,"/Date(1704439411000)/",18000,2000,9499200,170115000000,100,false,0.56
"TPB",142435,"/Date(1704439411000)/",18000,100,9497200,170079000000,100,false,0.56
"TPB",142432,"/Date(1704439410000)/",18000,1000,9497100,170078000000,100,false,0.56
"TPB",142432,"/Date(1704439409000)/",18000,400,9496100,170060000000,100,false,0.56
"TPB",142432,"/Date(1704439409000)/",18000,100,9495700,170052000000,100,false,0.56
"TPB",142432,"/Date(1704439409000)/",18000,300,9495600,170051000000,100,false,0.56
"TPB",142432,"/Date(1704439409000)/",18000,100,9495300,170045000000,100,false,0.56
"TPB",142432,"/Date(1704439409000)/",18000,3200,9495200,170043000000,100,false,0.56
"TPB",142432,"/Date(1704439409000)/",18000,300,9492000,169986000000,100,false,0.56
"TPB",142432,"/Date(1704439409000)/",18000,200,9491700,169980000000,100,false,0.56
"TPB",142432,"/Date(1704439409000)/",18000,400,9491500,169977000000,100,false,0.56
"TPB",142432,"/Date(1704439409000)/",18000,200,9491100,169970000000,100,false,0.56
"TPB",142432,"/Date(1704439409000)/",18000,1500,9490900,169966000000,100,false,0.56
"TPB",142432,"/Date(1704439409000)/",18000,300,9489400,169939000000,100,false,0.56
"TPB",142432,"/Date(1704439408000)/",18000,200,9489100,169934000000,100,false,0.56
"TPB",142432,"/Date(1704439408000)/",18000,200,9488900,169930000000,100,false,0.56
"TPB",142432,"/Date(1704439408000)/",18000,500,9488700,169926000000,100,false,0.56
"TPB",142432,"/Date(1704439408000)/",18000,200,9488200,169917000000,100,false,0.56
"TPB",142432,"/Date(1704439408000)/",18000,900,9488000,169914000000,100,false,0.56
"TPB",142432,"/Date(1704439408000)/",18000,2100,9487100,169898000000,100,false,0.56
"TPB",142432,"/Date(1704439408000)/",18000,2000,9485000,169860000000,100,false,0.56
"TPB",142432,"/Date(1704439408000)/",18000,200,9483000,169824000000,100,false,0.56
"TPB",142432,"/Date(1704439408000)/",18000,100,9482800,169820000000,100,false,0.56
"TPB",142432,"/Date(1704439408000)/",18000,4900,9482700,169818000000,100,false,0.56
"TPB",142432,"/Date(1704439408000)/",18000,500,9477800,169730000000,100,false,0.56
"TPB",142432,"/Date(1704439408000)/",18000,200,9477300,169721000000,100,false,0.56
"TPB",142432,"/Date(1704439408000)/",18000,100,9477100,169718000000,100,false,0.56
"TPB",142432,"/Date(1704439408000)/",18000,900,9477000,169716000000,100,false,0.56
"TPB",142432,"/Date(1704439407000)/",18000,100,9476100,169700000000,100,false,0.56
"TPB",142432,"/Date(1704439407000)/",18000,1700,9476000,169698000000,100,false,0.56
"TPB",142432,"/Date(1704439407000)/",18000,100,9474300,169667000000,100,false,0.56
"TPB",142432,"/Date(1704439407000)/",18000,1000,9474200,169665000000,100,false,0.56
"TPB",142432,"/Date(1704439407000)/",18000,5000,9473200,169647000000,100,false,0.56
"TPB",142432,"/Date(1704439407000)/",18000,12100,9468200,169557000000,100,false,0.56
"TPB",142432,"/Date(1704439407000)/",18000,200,9456100,169340000000,100,false,0.56
"TPB",142432,"/Date(1704439407000)/",18000,100,9455900,169336000000,100,false,0.56
"TPB",142432,"/Date(1704439407000)/",18000,200,9455800,169334000000,100,false,0.56
"TPB",142432,"/Date(1704439407000)/",18000,1000,9455600,169331000000,100,false,0.56
"TPB",142432,"/Date(1704439407000)/",18000,2900,9454600,169313000000,100,false,0.56
"TPB",142432,"/Date(1704439407000)/",18000,5000,9451700,169260000000,100,false,0.56
"TPB",142429,"/Date(1704439405000)/",18000,20000,9446700,169170000000,100,false,0.56
"TPB",142429,"/Date(1704439405000)/",18000,100,9426700,168810000000,100,false,0.56
"TPB",142429,"/Date(1704439405000)/",18000,2000,9426600,168809000000,100,false,0.56
"TPB",142429,"/Date(1704439405000)/",18000,5000,9424600,168773000000,100,false,0.56
"TPB",142429,"/Date(1704439405000)/",18000,30000,9419600,168683000000,100,false,0.56
"TPB",142429,"/Date(1704439405000)/",18000,600,9389600,168143000000,100,false,0.56
"TPB",142429,"/Date(1704439404000)/",18000,10000,9389000,168132000000,100,false,0.56
"TPB",142425,"/Date(1704439404000)/",18000,400,9379000,167952000000,100,false,0.56
"TPB",142425,"/Date(1704439403000)/",18000,3000,9378600,167945000000,100,false,0.56
"TPB",142425,"/Date(1704439403000)/",18000,1300,9375600,167891000000,100,false,0.56
"TPB",142425,"/Date(1704439403000)/",18000,100,9374300,167867000000,100,false,0.56
"TPB",142425,"/Date(1704439402000)/",18000,50000,9374200,167865000000,100,false,0.56
"TPB",142425,"/Date(1704439402000)/",18000,10000,9324200,166965000000,100,false,0.56
"TPB",142425,"/Date(1704439402000)/",18000,5000,9314200,166785000000,100,false,0.56
"TPB",142425,"/Date(1704439402000)/",18000,1000,9309200,166695000000,100,false,0.56
"TPB",142425,"/Date(1704439401000)/",18000,2000,9308200,166677000000,100,false,0.56
"TPB",142422,"/Date(1704439401000)/",18000,1700,9306200,166641000000,100,false,0.56
"TPB",142422,"/Date(1704439400000)/",18000,7000,9304500,166611000000,100,false,0.56
"TPB",142422,"/Date(1704439400000)/",18000,25000,9297500,166485000000,100,false,0.56
"TPB",142422,"/Date(1704439399000)/",18000,400,9272500,166035000000,100,false,0.56
"TPB",142422,"/Date(1704439399000)/",18000,1500,9272100,166028000000,100,false,0.56
"TPB",142422,"/Date(1704439399000)/",18000,2500,9270600,166001000000,100,false,0.56
"TPB",142422,"/Date(1704439398000)/",18000,1600,9268100,165956000000,100,false,0.56
"TPB",142422,"/Date(1704439398000)/",18000,3000,9266500,165927000000,100,false,0.56
"TPB",142422,"/Date(1704439398000)/",18000,7000,9263500,165873000000,100,false,0.56
"TPB",142422,"/Date(1704439398000)/",18000,300,9256500,165747000000,100,false,0.56
"TPB",142419,"/Date(1704439397000)/",18000,2000,9256200,165741000000,100,false,0.56
"TPB",142419,"/Date(1704439397000)/",18000,10000,9254200,165705000000,100,false,0.56
"TPB",142419,"/Date(1704439397000)/",18000,4000,9244200,165525000000,100,false,0.56
"TPB",142419,"/Date(1704439396000)/",18000,1000,9240200,165453000000,100,false,0.56
"TPB",142419,"/Date(1704439396000)/",18000,500,9239200,165435000000,100,false,0.56
"TPB",142419,"/Date(1704439396000)/",18000,2000,9238700,165426000000,100,false,0.56
"TPB",142419,"/Date(1704439395000)/",18000,3000,9236700,165390000000,100,false,0.56
"TPB",142419,"/Date(1704439395000)/",18000,4000,9233700,165336000000,100,false,0.56
"TPB",142419,"/Date(1704439395000)/",18000,60000,9229700,165264000000,100,false,0.56
"TPB",142419,"/Date(1704439394000)/",18000,500,9169700,164184000000,100,false,0.56
"TPB",142416,"/Date(1704439394000)/",18000,1000,9169200,164175000000,100,false,0.56
"TPB",142416,"/Date(1704439394000)/",18000,15000,9168200,164157000000,100,false,0.56
"TPB",142416,"/Date(1704439393000)/",18000,13200,9153200,163887000000,100,false,0.56
"TPB",142416,"/Date(1704439393000)/",18000,3000,9140000,163650000000,100,false,0.56
"TPB",142416,"/Date(1704439393000)/",18000,3000,9137000,163596000000,100,false,0.56
"TPB",142416,"/Date(1704439392000)/",18000,100,9134000,163542000000,100,false,0.56
"TPB",142416,"/Date(1704439392000)/",18000,1000,9133900,163540000000,100,false,0.56
"TPB",142416,"/Date(1704439392000)/",18000,500,9132900,163522000000,100,false,0.56
"TPB",142416,"/Date(1704439391000)/",18000,21000,9132400,163513000000,100,false,0.56
"TPB",142416,"/Date(1704439391000)/",18000,32000,9111400,163135000000,100,false,0.56
"TPB",142413,"/Date(1704439391000)/",18000,6700,9079400,162559000000,100,false,0.56
"TPB",142413,"/Date(1704439391000)/",18000,300,9072700,162438000000,100,false,0.56
"TPB",142413,"/Date(1704439390000)/",18000,1000,9072400,162433000000,100,false,0.56
"TPB",142413,"/Date(1704439390000)/",18000,1900,9071400,162415000000,100,false,0.56
"TPB",142413,"/Date(1704439390000)/",18000,3000,9069500,162381000000,100,false,0.56
"TPB",142413,"/Date(1704439390000)/",18000,10000,9066500,162327000000,100,false,0.56
"TPB",142413,"/Date(1704439390000)/",17950,300,9056500,162147000000,50,true,0.28
"TPB",142413,"/Date(1704439389000)/",18000,6000,9056200,162141000000,100,false,0.56
"TPB",142413,"/Date(1704439389000)/",18000,5000,9050200,162033000000,100,false,0.56
"TPB",142413,"/Date(1704439389000)/",18000,13000,9045200,161943000000,100,false,0.56
"TPB",142413,"/Date(1704439388000)/",18000,3000,9032200,161709000000,100,false,0.56
"TPB",142413,"/Date(1704439388000)/",18000,5000,9029200,161655000000,100,false,0.56
"TPB",142409,"/Date(1704439388000)/",18000,10000,9024200,161565000000,100,false,0.56
"TPB",142409,"/Date(1704439387000)/",18000,10000,9014200,161385000000,100,false,0.56
"TPB",142409,"/Date(1704439387000)/",18000,10000,9004200,161205000000,100,false,0.56
"TPB",142409,"/Date(1704439387000)/",18000,100,8994200,161025000000,100,false,0.56
"TPB",142409,"/Date(1704439385000)/",18000,80000,8994100,161024000000,100,false,0.56
"TPB",142409,"/Date(1704439385000)/",18000,13400,8914100,159584000000,100,false,0.56
"TPB",142409,"/Date(1704439385000)/",18000,10900,8900700,159342000000,100,false,0.56
"TPB",142406,"/Date(1704439384000)/",18000,5000,8889800,159146000000,100,false,0.56
"TPB",142406,"/Date(1704439384000)/",18000,1000,8884800,159056000000,100,false,0.56
"TPB",142406,"/Date(1704439384000)/",18000,200,8883800,159038000000,100,false,0.56
"TPB",142406,"/Date(1704439383000)/",18000,300,8883600,159035000000,100,false,0.56
"TPB",142406,"/Date(1704439383000)/",18000,15400,8883300,159029000000,100,false,0.56
"TPB",142406,"/Date(1704439383000)/",18000,184600,8867900,158752000000,100,false,0.56
"TPB",142406,"/Date(1704439382000)/",18000,30000,8683300,155429000000,100,false,0.56
"TPB",142403,"/Date(1704439381000)/",18000,1000,8653300,154889000000,100,false,0.56
"TPB",142403,"/Date(1704439379000)/",18000,10000,8652300,154871000000,100,false,0.56
"TPB",142400,"/Date(1704439378000)/",18000,200,8642300,154691000000,100,false,0.56
"TPB",142400,"/Date(1704439378000)/",18000,74200,8642100,154688000000,100,false,0.56
"TPB",142400,"/Date(1704439378000)/",18000,500,8567900,153352000000,100,false,0.56
"TPB",142400,"/Date(1704439378000)/",18000,4000,8567400,153343000000,100,false,0.56
"TPB",142400,"/Date(1704439378000)/",18000,300,8563400,153271000000,100,false,0.56
"TPB",142400,"/Date(1704439378000)/",18000,100,8563100,153266000000,100,false,0.56
"TPB",142400,"/Date(1704439378000)/",18000,100,8563000,153264000000,100,false,0.56
"TPB",142400,"/Date(1704439378000)/",18000,1000,8562900,153262000000,100,false,0.56
"TPB",142400,"/Date(1704439378000)/",18000,200,8561900,153244000000,100,false,0.56
"TPB",142400,"/Date(1704439378000)/",18000,1300,8561700,153240000000,100,false,0.56
"TPB",142400,"/Date(1704439378000)/",18000,300,8560400,153217000000,100,false,0.56
"TPB",142400,"/Date(1704439378000)/",18000,1000,8560100,153212000000,100,false,0.56
"TPB",142400,"/Date(1704439378000)/",18000,700,8559100,153194000000,100,false,0.56
"TPB",142400,"/Date(1704439377000)/",18000,9300,8558400,153181000000,100,false,0.56
"TPB",142400,"/Date(1704439377000)/",18000,3000,8549100,153014000000,100,false,0.56
"TPB",142400,"/Date(1704439377000)/",18000,500,8546100,152960000000,100,false,0.56
"TPB",142400,"/Date(1704439377000)/",18000,5000,8545600,152951000000,100,false,0.56
"TPB",142400,"/Date(1704439377000)/",18000,2200,8540600,152861000000,100,false,0.56
"TPB",142400,"/Date(1704439377000)/",18000,1100,8538400,152821000000,100,false,0.56
"TPB",142357,"/Date(1704439374000)/",18000,500,8537300,152801000000,100,false,0.56
"TPB",142357,"/Date(1704439374000)/",18000,1200,8536800,152792000000,100,false,0.56
"TPB",142357,"/Date(1704439374000)/",18000,100,8535600,152771000000,100,false,0.56
"TPB",142357,"/Date(1704439374000)/",18000,100,8535500,152769000000,100,false,0.56
"TPB",142357,"/Date(1704439374000)/",18000,1000,8535400,152767000000,100,false,0.56
"TPB",142357,"/Date(1704439374000)/",18000,200,8534400,152749000000,100,false,0.56
"TPB",142357,"/Date(1704439374000)/",18000,200,8534200,152745000000,100,false,0.56
"TPB",142357,"/Date(1704439374000)/",18000,200,8534000,152742000000,100,false,0.56
"TPB",142357,"/Date(1704439374000)/",18000,200,8533800,152738000000,100,false,0.56
"TPB",142357,"/Date(1704439374000)/",18000,500,8533600,152735000000,100,false,0.56
"TPB",142357,"/Date(1704439374000)/",18000,500,8533100,152726000000,100,false,0.56
"TPB",142357,"/Date(1704439374000)/",18000,15800,8532600,152717000000,100,false,0.56
"TPB",142353,"/Date(1704439370000)/",18000,1000,8516800,152432000000,100,false,0.56
"TPB",142353,"/Date(1704439370000)/",18000,3000,8515800,152414000000,100,false,0.56
"TPB",142353,"/Date(1704439369000)/",18000,20800,8512800,152360000000,100,false,0.56
"TPB",142353,"/Date(1704439369000)/",18000,800,8492000,151986000000,100,false,0.56
"TPB",142353,"/Date(1704439369000)/",18000,100,8491200,151971000000,100,false,0.56
"TPB",142353,"/Date(1704439369000)/",18000,500,8491100,151970000000,100,false,0.56
"TPB",142353,"/Date(1704439369000)/",18000,5000,8490600,151961000000,100,false,0.56
"TPB",142353,"/Date(1704439369000)/",18000,1000,8485600,151871000000,100,false,0.56
"TPB",142353,"/Date(1704439369000)/",18000,500,8484600,151853000000,100,false,0.56
"TPB",142353,"/Date(1704439369000)/",18000,1000,8484100,151844000000,100,false,0.56
"TPB",142353,"/Date(1704439369000)/",18000,500,8483100,151826000000,100,false,0.56
"TPB",142353,"/Date(1704439369000)/",18000,100,8482600,151817000000,100,false,0.56
"TPB",142353,"/Date(1704439369000)/",18000,600,8482500,151815000000,100,false,0.56
"TPB",142353,"/Date(1704439369000)/",18000,1000,8481900,151804000000,100,false,0.56
"TPB",142353,"/Date(1704439369000)/",18000,500,8480900,151786000000,100,false,0.56
"TPB",142353,"/Date(1704439369000)/",18000,600,8480400,151777000000,100,false,0.56
"TPB",142353,"/Date(1704439369000)/",18000,500,8479800,151766000000,100,false,0.56
"TPB",142353,"/Date(1704439369000)/",18000,100,8479300,151757000000,100,false,0.56
"TPB",142353,"/Date(1704439369000)/",18000,100,8479200,151755000000,100,false,0.56
"TPB",142353,"/Date(1704439369000)/",18000,1000,8479100,151754000000,100,false,0.56
"TPB",142353,"/Date(1704439369000)/",18000,3000,8478100,151736000000,100,false,0.56
"TPB",142353,"/Date(1704439369000)/",18000,1000,8475100,151682000000,100,false,0.56
"TPB",142353,"/Date(1704439369000)/",18000,1000,8474100,151664000000,100,false,0.56
"TPB",142353,"/Date(1704439369000)/",18000,300,8473100,151646000000,100,false,0.56
"TPB",142350,"/Date(1704439369000)/",18000,300,8472800,151640000000,100,false,0.56
"TPB",142350,"/Date(1704439369000)/",18000,500,8472500,151635000000,100,false,0.56
"TPB",142350,"/Date(1704439369000)/",18000,200,8472000,151626000000,100,false,0.56
"TPB",142350,"/Date(1704439369000)/",18000,100,8471800,151622000000,100,false,0.56
"TPB",142350,"/Date(1704439369000)/",18000,400,8471700,151620000000,100,false,0.56
"TPB",142350,"/Date(1704439369000)/",18000,500,8471300,151613000000,100,false,0.56
"TPB",142350,"/Date(1704439369000)/",18000,3000,8470800,151604000000,100,false,0.56
"TPB",142350,"/Date(1704439368000)/",18000,1000,8467800,151550000000,100,false,0.56
"TPB",142350,"/Date(1704439368000)/",18000,100,8466800,151532000000,100,false,0.56
"TPB",142350,"/Date(1704439368000)/",18000,200,8466700,151530000000,100,false,0.56
"TPB",142350,"/Date(1704439368000)/",18000,200,8466500,151527000000,100,false,0.56
"TPB",142350,"/Date(1704439368000)/",18000,500,8466300,151523000000,100,false,0.56
"TPB",142350,"/Date(1704439367000)/",18000,100,8465800,151514000000,100,false,0.56
"TPB",142350,"/Date(1704439366000)/",18000,100,8465700,151512000000,100,false,0.56
"TPB",142347,"/Date(1704439365000)/",18000,100,8465600,151511000000,100,false,0.56
"TPB",142347,"/Date(1704439365000)/",18000,100,8465500,151509000000,100,false,0.56
"TPB",142347,"/Date(1704439365000)/",18000,900,8465400,151507000000,100,false,0.56
"TPB",142347,"/Date(1704439365000)/",18000,1000,8464500,151491000000,100,false,0.56
"TPB",142347,"/Date(1704439365000)/",18000,100,8463500,151473000000,100,false,0.56
"TPB",142347,"/Date(1704439364000)/",18000,1000,8463400,151471000000,100,false,0.56
"TPB",142347,"/Date(1704439362000)/",18000,900,8462400,151453000000,100,false,0.56
"TPB",142347,"/Date(1704439362000)/",18000,100,8461500,151437000000,100,false,0.56
"TPB",142347,"/Date(1704439362000)/",18000,300,8461400,151435000000,100,false,0.56
"TPB",142347,"/Date(1704439362000)/",18000,200,8461100,151430000000,100,false,0.56
"TPB",142347,"/Date(1704439362000)/",18000,1000,8460900,151426000000,100,false,0.56
"TPB",142347,"/Date(1704439362000)/",18000,100,8459900,151408000000,100,false,0.56
"TPB",142347,"/Date(1704439362000)/",18000,2100,8459800,151406000000,100,false,0.56
"TPB",142347,"/Date(1704439362000)/",18000,1000,8457700,151368000000,100,false,0.56
"TPB",142347,"/Date(1704439362000)/",18000,200,8456700,151350000000,100,false,0.56
"TPB",142347,"/Date(1704439362000)/",18000,200,8456500,151347000000,100,false,0.56
"TPB",142347,"/Date(1704439362000)/",18000,5000,8456300,151343000000,100,false,0.56
"TPB",142347,"/Date(1704439362000)/",18000,1300,8451300,151253000000,100,false,0.56
"TPB",142347,"/Date(1704439362000)/",18000,100,8450000,151230000000,100,false,0.56
"TPB",142347,"/Date(1704439362000)/",18000,100,8449900,151228000000,100,false,0.56
"TPB",142347,"/Date(1704439362000)/",18000,600,8449800,151226000000,100,false,0.56
"TPB",142347,"/Date(1704439362000)/",18000,100,8449200,151215000000,100,false,0.56
"TPB",142347,"/Date(1704439362000)/",18000,200,8449100,151214000000,100,false,0.56
"TPB",142347,"/Date(1704439362000)/",18000,100,8448900,151210000000,100,false,0.56
"TPB",142347,"/Date(1704439362000)/",18000,100,8448800,151208000000,100,false,0.56
"TPB",142347,"/Date(1704439362000)/",18000,100,8448700,151206000000,100,false,0.56
"TPB",142347,"/Date(1704439362000)/",18000,42300,8448600,151205000000,100,false,0.56
"TPB",142347,"/Date(1704439362000)/",18000,5000,8406300,150443000000,100,false,0.56
"TPB",142347,"/Date(1704439362000)/",18000,38900,8401300,150353000000,100,false,0.56
"TPB",142341,"/Date(1704439356000)/",18000,5000,8362400,149653000000,100,false,0.56
"TPB",142341,"/Date(1704439356000)/",18000,22000,8357400,149563000000,100,false,0.56
"TPB",142334,"/Date(1704439351000)/",18000,15000,8335400,149167000000,100,false,0.56
"TPB",142331,"/Date(1704439348000)/",18000,1000,8320400,148897000000,100,false,0.56
"TPB",142331,"/Date(1704439346000)/",18000,1000,8319400,148879000000,100,false,0.56
"TPB",142324,"/Date(1704439342000)/",18000,1000,8318400,148861000000,100,false,0.56
"TPB",142324,"/Date(1704439342000)/",18000,1300,8317400,148843000000,100,false,0.56
"TPB",142324,"/Date(1704439342000)/",18000,2000,8316100,148820000000,100,false,0.56
"TPB",142324,"/Date(1704439342000)/",18000,200,8314100,148784000000,100,false,0.56
"TPB",142321,"/Date(1704439340000)/",18000,20000,8313900,148780000000,100,false,0.56
"TPB",142321,"/Date(1704439337000)/",18000,92600,8293900,148420000000,100,false,0.56
"TPB",142321,"/Date(1704439337000)/",18000,7400,8201300,146753000000,100,false,0.56
"TPB",142318,"/Date(1704439336000)/",17950,200,8193900,146620000000,50,true,0.28
"TPB",142315,"/Date(1704439331000)/",18000,10000,8193700,146616000000,100,false,0.56
"TPB",142315,"/Date(1704439331000)/",18000,2200,8183700,146436000000,100,false,0.56
"TPB",142315,"/Date(1704439331000)/",18000,2700,8181500,146397000000,100,false,0.56
"TPB",142315,"/Date(1704439331000)/",18000,23200,8178800,146348000000,100,false,0.56
"TPB",142312,"/Date(1704439330000)/",18000,10000,8155600,145931000000,100,false,0.56
"TPB",142312,"/Date(1704439330000)/",18000,100,8145600,145751000000,100,false,0.56
"TPB",142308,"/Date(1704439326000)/",17950,2500,8145500,145749000000,50,true,0.28
"TPB",142308,"/Date(1704439324000)/",18000,600,8143000,145704000000,100,false,0.56
"TPB",142305,"/Date(1704439324000)/",18000,20000,8142400,145693000000,100,false,0.56
"TPB",142302,"/Date(1704439319000)/",17950,14800,8122400,145333000000,50,true,0.28
"TPB",142256,"/Date(1704439312000)/",18000,2200,8107600,145067000000,100,false,0.56
"TPB",142249,"/Date(1704439308000)/",18000,1000,8105400,145028000000,100,false,0.56
"TPB",142246,"/Date(1704439304000)/",18000,100000,8104400,145010000000,100,false,0.56
"TPB",142243,"/Date(1704439301000)/",17950,500,8004400,143210000000,50,true,0.28
"TPB",142243,"/Date(1704439300000)/",18000,1000,8003900,143201000000,100,false,0.56
"TPB",142243,"/Date(1704439299000)/",18000,6600,8002900,143183000000,100,false,0.56
"TPB",142240,"/Date(1704439297000)/",18000,10000,7996300,143064000000,100,false,0.56
"TPB",142233,"/Date(1704439291000)/",18000,4400,7986300,142884000000,100,false,0.56
"TPB",142233,"/Date(1704439289000)/",18000,1000,7981900,142805000000,100,false,0.56
"TPB",142233,"/Date(1704439289000)/",18000,17600,7980900,142787000000,100,false,0.56
"TPB",142233,"/Date(1704439289000)/",18000,5000,7963300,142470000000,100,false,0.56
"TPB",142230,"/Date(1704439287000)/",18000,2500,7958300,142380000000,100,false,0.56
"TPB",142230,"/Date(1704439287000)/",18000,2900,7955800,142335000000,100,false,0.56
"TPB",142230,"/Date(1704439287000)/",18000,6600,7952900,142283000000,100,false,0.56
"TPB",142230,"/Date(1704439287000)/",18000,20000,7946300,142164000000,100,false,0.56
"TPB",142227,"/Date(1704439283000)/",18000,1000,7926300,141804000000,100,false,0.56
"TPB",142227,"/Date(1704439283000)/",18000,6800,7925300,141786000000,100,false,0.56
"TPB",142223,"/Date(1704439282000)/",18000,200,7918500,141664000000,100,false,0.56
"TPB",142223,"/Date(1704439280000)/",18000,10000,7918300,141660000000,100,false,0.56
"TPB",142223,"/Date(1704439279000)/",18000,2000,7908300,141480000000,100,false,0.56
"TPB",142223,"/Date(1704439279000)/",18000,6000,7906300,141444000000,100,false,0.56
"TPB",142220,"/Date(1704439278000)/",18000,20000,7900300,141336000000,100,false,0.56
"TPB",142220,"/Date(1704439276000)/",18000,3000,7880300,140976000000,100,false,0.56
"TPB",142220,"/Date(1704439276000)/",18000,19000,7877300,140922000000,100,false,0.56
"TPB",142217,"/Date(1704439275000)/",18000,4900,7858300,140580000000,100,false,0.56
"TPB",142217,"/Date(1704439275000)/",18000,1700,7853400,140492000000,100,false,0.56
"TPB",142217,"/Date(1704439274000)/",18000,200,7851700,140461000000,100,false,0.56
"TPB",142211,"/Date(1704439268000)/",18000,25000,7851500,140458000000,100,false,0.56
"TPB",142211,"/Date(1704439267000)/",18000,2000,7826500,140008000000,100,false,0.56
"TPB",142207,"/Date(1704439264000)/",18000,1000,7824500,139972000000,100,false,0.56
"TPB",142204,"/Date(1704439263000)/",17950,10000,7823500,139954000000,50,true,0.28
"TPB",142204,"/Date(1704439262000)/",18000,6600,7813500,139774000000,100,false,0.56
"TPB",142204,"/Date(1704439261000)/",18000,20000,7806900,139655000000,100,false,0.56
"TPB",142158,"/Date(1704439256000)/",18000,10000,7786900,139295000000,100,false,0.56
"TPB",142158,"/Date(1704439256000)/",18000,14100,7776900,139115000000,100,false,0.56
"TPB",142158,"/Date(1704439256000)/",18000,200,7762800,138862000000,100,false,0.56
"TPB",142158,"/Date(1704439254000)/",18000,6600,7762600,138858000000,100,false,0.56
"TPB",142155,"/Date(1704439253000)/",17950,100,7756000,138739000000,50,true,0.28
"TPB",142151,"/Date(1704439249000)/",18000,1500,7755900,138737000000,100,false,0.56
"TPB",142148,"/Date(1704439245000)/",18000,3000,7754400,138710000000,100,false,0.56
"TPB",142148,"/Date(1704439244000)/",18000,30000,7751400,138656000000,100,false,0.56
"TPB",142139,"/Date(1704439236000)/",18000,7600,7721400,138116000000,100,false,0.56
"TPB",142139,"/Date(1704439235000)/",17950,5000,7713800,137980000000,50,true,0.28
"TPB",142132,"/Date(1704439231000)/",18000,5000,7708800,137890000000,100,false,0.56
"TPB",142129,"/Date(1704439226000)/",17950,5000,7703800,137800000000,50,true,0.28
"TPB",142129,"/Date(1704439225000)/",18000,11800,7698800,137710000000,100,false,0.56
"TPB",142126,"/Date(1704439225000)/",18000,400,7687000,137498000000,100,false,0.56
"TPB",142126,"/Date(1704439224000)/",18000,10000,7686600,137490000000,100,false,0.56
"TPB",142113,"/Date(1704439212000)/",17950,500,7676600,137310000000,50,true,0.28
"TPB",142107,"/Date(1704439204000)/",18000,48500,7676100,137302000000,100,false,0.56
"TPB",142107,"/Date(1704439204000)/",18000,95000,7627600,136429000000,100,false,0.56
"TPB",142107,"/Date(1704439204000)/",18000,500,7532600,134719000000,100,false,0.56
"TPB",142107,"/Date(1704439204000)/",18000,500,7532100,134710000000,100,false,0.56
"TPB",142107,"/Date(1704439204000)/",18000,5000,7531600,134701000000,100,false,0.56
"TPB",142107,"/Date(1704439204000)/",18000,1000,7526600,134611000000,100,false,0.56
"TPB",142107,"/Date(1704439204000)/",18000,200,7525600,134593000000,100,false,0.56
"TPB",142107,"/Date(1704439204000)/",18000,300,7525400,134589000000,100,false,0.56
"TPB",142107,"/Date(1704439204000)/",18000,100,7525100,134584000000,100,false,0.56
"TPB",142107,"/Date(1704439204000)/",18000,5000,7525000,134582000000,100,false,0.56
"TPB",142107,"/Date(1704439204000)/",18000,5000,7520000,134492000000,100,false,0.56
"TPB",142107,"/Date(1704439204000)/",18000,10000,7515000,134402000000,100,false,0.56
"TPB",142107,"/Date(1704439204000)/",18000,2000,7505000,134222000000,100,false,0.56
"TPB",142107,"/Date(1704439204000)/",18000,7000,7503000,134186000000,100,false,0.56
"TPB",142107,"/Date(1704439204000)/",18000,200,7496000,134060000000,100,false,0.56
"TPB",142107,"/Date(1704439204000)/",18000,1000,7495800,134056000000,100,false,0.56
"TPB",142107,"/Date(1704439204000)/",18000,200,7494800,134038000000,100,false,0.56
"TPB",142107,"/Date(1704439204000)/",18000,4900,7494600,134035000000,100,false,0.56
"TPB",142107,"/Date(1704439204000)/",18000,100,7489700,133946000000,100,false,0.56
"TPB",142107,"/Date(1704439204000)/",18000,100,7489600,133945000000,100,false,0.56
"TPB",142107,"/Date(1704439204000)/",18000,5000,7489500,133943000000,100,false,0.56
"TPB",142107,"/Date(1704439204000)/",18000,1100,7484500,133853000000,100,false,0.56
"TPB",142107,"/Date(1704439204000)/",18000,7300,7483400,133833000000,100,false,0.56
"TPB",142107,"/Date(1704439203000)/",17950,100,7476100,133702000000,50,true,0.28
"TPB",142057,"/Date(1704439193000)/",17950,300,7476000,133700000000,50,true,0.28
"TPB",142051,"/Date(1704439190000)/",17950,1200,7475700,133694000000,50,true,0.28
"TPB",142044,"/Date(1704439182000)/",17950,7200,7474500,133673000000,50,true,0.28
"TPB",142041,"/Date(1704439178000)/",17950,300,7467300,133544000000,50,false,0.28
"TPB",142041,"/Date(1704439178000)/",17950,100,7467000,133538000000,50,false,0.28
"TPB",142041,"/Date(1704439178000)/",17950,1000,7466900,133536000000,50,false,0.28
"TPB",142041,"/Date(1704439178000)/",17950,1000,7465900,133518000000,50,false,0.28
"TPB",142041,"/Date(1704439178000)/",17950,2000,7464900,133500000000,50,false,0.28
"TPB",142038,"/Date(1704439175000)/",17950,100,7462900,133465000000,50,true,0.28
"TPB",142028,"/Date(1704439167000)/",18000,7700,7462800,133463000000,100,false,0.56
"TPB",142028,"/Date(1704439167000)/",18000,200,7455100,133324000000,100,false,0.56
"TPB",142028,"/Date(1704439167000)/",18000,2100,7454900,133321000000,100,false,0.56
"TPB",142025,"/Date(1704439162000)/",17950,900,7452800,133283000000,50,true,0.28
"TPB",142025,"/Date(1704439162000)/",17950,4100,7451900,133267000000,50,true,0.28
"TPB",142022,"/Date(1704439161000)/",17950,5000,7447800,133193000000,50,true,0.28
"TPB",142019,"/Date(1704439155000)/",17950,300,7442800,133103000000,50,true,0.28
"TPB",142015,"/Date(1704439152000)/",17950,500,7442500,133098000000,50,true,0.28
"TPB",142012,"/Date(1704439150000)/",17950,100,7442000,133089000000,50,true,0.28
"TPB",142009,"/Date(1704439148000)/",18000,2000,7441900,133087000000,100,false,0.56
"TPB",142009,"/Date(1704439146000)/",18000,800,7439900,133051000000,100,false,0.56
"TPB",142009,"/Date(1704439146000)/",18000,1000,7439100,133037000000,100,false,0.56
"TPB",142009,"/Date(1704439146000)/",18000,100,7438100,133019000000,100,false,0.56
"TPB",142009,"/Date(1704439146000)/",18000,200,7438000,133017000000,100,false,0.56
"TPB",142009,"/Date(1704439146000)/",18000,200,7437800,133013000000,100,false,0.56
"TPB",142009,"/Date(1704439146000)/",18000,1000,7437600,133010000000,100,false,0.56
"TPB",142009,"/Date(1704439146000)/",17950,100,7436600,132992000000,50,false,0.28
"TPB",142009,"/Date(1704439146000)/",17950,5600,7436500,132990000000,50,false,0.28
"TPB",142009,"/Date(1704439146000)/",17950,5000,7430900,132889000000,50,false,0.28
"TPB",142009,"/Date(1704439146000)/",17950,500,7425900,132800000000,50,false,0.28
"TPB",142009,"/Date(1704439146000)/",17950,2500,7425400,132791000000,50,false,0.28
"TPB",141956,"/Date(1704439133000)/",17950,300,7422900,132746000000,50,false,0.28
"TPB",141953,"/Date(1704439131000)/",17950,1000,7422600,132740000000,50,true,0.28
"TPB",141953,"/Date(1704439131000)/",17950,1200,7421600,132722000000,50,true,0.28
"TPB",141946,"/Date(1704439125000)/",17950,1000,7420400,132701000000,50,true,0.28
"TPB",141943,"/Date(1704439122000)/",17950,600,7419400,132683000000,50,true,0.28
"TPB",141943,"/Date(1704439122000)/",17950,500,7418800,132672000000,50,true,0.28
"TPB",141943,"/Date(1704439121000)/",17950,500,7418300,132663000000,50,true,0.28
"TPB",141943,"/Date(1704439121000)/",17950,200,7417800,132654000000,50,true,0.28
"TPB",141934,"/Date(1704439112000)/",17950,1000,7417600,132651000000,50,true,0.28
"TPB",141927,"/Date(1704439105000)/",17950,4200,7416600,132633000000,50,false,0.28
"TPB",141917,"/Date(1704439094000)/",17950,500,7412400,132557000000,50,true,0.28
"TPB",141914,"/Date(1704439090000)/",17950,100,7411900,132548000000,50,true,0.28
"TPB",141911,"/Date(1704439087000)/",17950,2000,7411800,132547000000,50,false,0.28
"TPB",141911,"/Date(1704439087000)/",17950,100,7409800,132511000000,50,false,0.28
"TPB",141911,"/Date(1704439087000)/",17950,3000,7409700,132509000000,50,false,0.28
"TPB",141911,"/Date(1704439087000)/",17950,300,7406700,132455000000,50,false,0.28
"TPB",141911,"/Date(1704439087000)/",17950,100,7406400,132450000000,50,false,0.28
"TPB",141911,"/Date(1704439087000)/",17950,200,7406300,132448000000,50,false,0.28
"TPB",141911,"/Date(1704439087000)/",17950,1200,7406100,132444000000,50,false,0.28
"TPB",141911,"/Date(1704439087000)/",17950,5000,7404900,132423000000,50,false,0.28
"TPB",141911,"/Date(1704439087000)/",17950,1000,7399900,132333000000,50,false,0.28
"TPB",141911,"/Date(1704439087000)/",17950,1000,7398900,132315000000,50,false,0.28
"TPB",141911,"/Date(1704439087000)/",17950,1000,7397900,132297000000,50,false,0.28
"TPB",141911,"/Date(1704439087000)/",17950,2000,7396900,132279000000,50,false,0.28
"TPB",141911,"/Date(1704439087000)/",17950,100,7394900,132243000000,50,false,0.28
"TPB",141911,"/Date(1704439087000)/",17950,200,7394800,132241000000,50,false,0.28
"TPB",141911,"/Date(1704439087000)/",17950,100,7394600,132238000000,50,false,0.28
"TPB",141911,"/Date(1704439087000)/",17950,1900,7394500,132236000000,50,false,0.28
"TPB",141908,"/Date(1704439087000)/",17950,8100,7392600,132202000000,50,false,0.28
"TPB",141908,"/Date(1704439087000)/",17950,100,7384500,132057000000,50,false,0.28
"TPB",141908,"/Date(1704439087000)/",17950,100,7384400,132055000000,50,false,0.28
"TPB",141908,"/Date(1704439087000)/",17950,400,7384300,132053000000,50,false,0.28
"TPB",141908,"/Date(1704439087000)/",17950,500,7383900,132046000000,50,false,0.28
"TPB",141908,"/Date(1704439087000)/",17950,1800,7383400,132037000000,50,false,0.28
"TPB",141908,"/Date(1704439085000)/",17950,2000,7381600,132004000000,50,false,0.28
"TPB",141901,"/Date(1704439078000)/",17950,1400,7379600,131969000000,50,false,0.28
"TPB",141858,"/Date(1704439076000)/",17950,2000,7378200,131943000000,50,false,0.28
"TPB",141858,"/Date(1704439076000)/",17900,5000,7376200,131908000000,0,true,0
"TPB",141858,"/Date(1704439076000)/",17950,2800,7371200,131818000000,50,false,0.28
"TPB",141858,"/Date(1704439076000)/",17950,500,7368400,131768000000,50,false,0.28
"TPB",141858,"/Date(1704439076000)/",17950,100,7367900,131759000000,50,false,0.28
"TPB",141858,"/Date(1704439076000)/",17950,1000,7367800,131757000000,50,false,0.28
"TPB",141858,"/Date(1704439076000)/",17950,100,7366800,131739000000,50,false,0.28
"TPB",141858,"/Date(1704439076000)/",17950,2000,7366700,131737000000,50,false,0.28
"TPB",141858,"/Date(1704439076000)/",17950,2000,7364700,131701000000,50,false,0.28
"TPB",141858,"/Date(1704439076000)/",17950,100,7362700,131665000000,50,false,0.28
"TPB",141858,"/Date(1704439076000)/",17950,100,7362600,131664000000,50,false,0.28
"TPB",141858,"/Date(1704439076000)/",17950,1000,7362500,131662000000,50,false,0.28
"TPB",141858,"/Date(1704439076000)/",17950,100,7361500,131644000000,50,false,0.28
"TPB",141858,"/Date(1704439076000)/",17950,100,7361400,131642000000,50,false,0.28
"TPB",141858,"/Date(1704439076000)/",17950,600,7361300,131640000000,50,false,0.28
"TPB",141858,"/Date(1704439075000)/",17950,100,7360700,131630000000,50,false,0.28
"TPB",141852,"/Date(1704439070000)/",17950,1300,7360600,131628000000,50,false,0.28
"TPB",141852,"/Date(1704439070000)/",17950,300,7359300,131604000000,50,false,0.28
"TPB",141852,"/Date(1704439070000)/",17950,300,7359000,131599000000,50,false,0.28
"TPB",141852,"/Date(1704439070000)/",17950,100,7358700,131594000000,50,false,0.28
"TPB",141845,"/Date(1704439062000)/",17950,100,7358600,131592000000,50,false,0.28
"TPB",141845,"/Date(1704439062000)/",17950,900,7358500,131590000000,50,false,0.28
"TPB",141845,"/Date(1704439062000)/",17950,100,7357600,131574000000,50,false,0.28
"TPB",141845,"/Date(1704439062000)/",17950,100,7357500,131572000000,50,false,0.28
"TPB",141845,"/Date(1704439062000)/",17950,500,7357400,131570000000,50,false,0.28
"TPB",141845,"/Date(1704439062000)/",17950,1000,7356900,131561000000,50,false,0.28
"TPB",141845,"/Date(1704439062000)/",17950,1300,7355900,131543000000,50,false,0.28
"TPB",141832,"/Date(1704439050000)/",17950,6000,7354600,131520000000,50,false,0.28
"TPB",141832,"/Date(1704439049000)/",17950,2700,7348600,131412000000,50,false,0.28
"TPB",141832,"/Date(1704439049000)/",17950,300,7345900,131364000000,50,false,0.28
"TPB",141832,"/Date(1704439049000)/",17950,600,7345600,131359000000,50,false,0.28
"TPB",141832,"/Date(1704439049000)/",17950,500,7345000,131348000000,50,false,0.28
"TPB",141832,"/Date(1704439049000)/",17950,200,7344500,131339000000,50,false,0.28
"TPB",141832,"/Date(1704439049000)/",17950,2000,7344300,131335000000,50,false,0.28
"TPB",141832,"/Date(1704439049000)/",17950,1000,7342300,131299000000,50,false,0.28
"TPB",141832,"/Date(1704439049000)/",17950,500,7341300,131281000000,50,false,0.28
"TPB",141832,"/Date(1704439049000)/",17950,100,7340800,131272000000,50,false,0.28
"TPB",141832,"/Date(1704439049000)/",17950,300,7340700,131271000000,50,false,0.28
"TPB",141832,"/Date(1704439049000)/",17950,600,7340400,131265000000,50,false,0.28
"TPB",141832,"/Date(1704439049000)/",17950,200,7339800,131254000000,50,false,0.28
"TPB",141832,"/Date(1704439049000)/",17950,900,7339600,131251000000,50,false,0.28
"TPB",141819,"/Date(1704439036000)/",17950,100,7338700,131235000000,50,false,0.28
"TPB",141819,"/Date(1704439036000)/",17950,2300,7338600,131233000000,50,false,0.28
"TPB",141819,"/Date(1704439036000)/",17950,100,7336300,131192000000,50,false,0.28
"TPB",141819,"/Date(1704439036000)/",17950,6700,7336200,131190000000,50,false,0.28
"TPB",141810,"/Date(1704439028000)/",17950,5000,7329500,131070000000,50,false,0.28
"TPB",141810,"/Date(1704439028000)/",17950,400,7324500,130980000000,50,false,0.28
"TPB",141810,"/Date(1704439028000)/",17950,500,7324100,130973000000,50,false,0.28
"TPB",141810,"/Date(1704439028000)/",17950,100,7323600,130964000000,50,false,0.28
"TPB",141810,"/Date(1704439028000)/",17950,4000,7323500,130962000000,50,false,0.28
"TPB",141757,"/Date(1704439016000)/",17900,100,7319500,130890000000,0,true,0
"TPB",141738,"/Date(1704438997000)/",17900,1000,7319400,130888000000,0,true,0
"TPB",141715,"/Date(1704438975000)/",17900,100,7318400,130870000000,0,false,0
"TPB",141715,"/Date(1704438975000)/",17900,17700,7318300,130869000000,0,false,0
"TPB",141715,"/Date(1704438975000)/",17900,100,7300600,130552000000,0,false,0
"TPB",141715,"/Date(1704438975000)/",17900,500,7300500,130550000000,0,false,0
"TPB",141715,"/Date(1704438975000)/",17900,100,7300000,130541000000,0,false,0
"TPB",141715,"/Date(1704438975000)/",17900,1000,7299900,130539000000,0,false,0
"TPB",141715,"/Date(1704438975000)/",17900,1500,7298900,130521000000,0,false,0
"TPB",141715,"/Date(1704438975000)/",17900,5000,7297400,130494000000,0,false,0
"TPB",141715,"/Date(1704438975000)/",17900,6600,7292400,130405000000,0,false,0
"TPB",141715,"/Date(1704438975000)/",17900,100,7285800,130287000000,0,false,0
"TPB",141715,"/Date(1704438975000)/",17900,200,7285700,130285000000,0,false,0
"TPB",141715,"/Date(1704438975000)/",17900,500,7285500,130281000000,0,false,0
"TPB",141715,"/Date(1704438975000)/",17900,100,7285000,130272000000,0,false,0
"TPB",141715,"/Date(1704438975000)/",17900,44300,7284900,130271000000,0,false,0
"TPB",141709,"/Date(1704438966000)/",17900,1000,7240600,129478000000,0,false,0
"TPB",141706,"/Date(1704438964000)/",17900,1500,7239600,129460000000,0,false,0
"TPB",141706,"/Date(1704438962000)/",17900,1000,7238100,129433000000,0,false,0
"TPB",141656,"/Date(1704438954000)/",17900,5600,7237100,129415000000,0,false,0
"TPB",141656,"/Date(1704438953000)/",17900,500,7231500,129315000000,0,false,0
"TPB",141653,"/Date(1704438951000)/",17900,300,7231000,129306000000,0,false,0
"TPB",141653,"/Date(1704438950000)/",17900,2000,7230700,129301000000,0,false,0
"TPB",141650,"/Date(1704438949000)/",17900,2700,7228700,129265000000,0,false,0
"TPB",141646,"/Date(1704438946000)/",17900,3000,7226000,129216000000,0,false,0
"TPB",141643,"/Date(1704438942000)/",17900,700,7223000,129163000000,0,false,0
"TPB",141643,"/Date(1704438942000)/",17900,300,7222300,129150000000,0,false,0
"TPB",141643,"/Date(1704438941000)/",17900,5000,7222000,129145000000,0,false,0
"TPB",141643,"/Date(1704438940000)/",17900,200,7217000,129055000000,0,false,0
"TPB",141640,"/Date(1704438938000)/",17900,3300,7216800,129052000000,0,false,0
"TPB",141640,"/Date(1704438937000)/",17900,1000,7213500,128993000000,0,false,0
"TPB",141637,"/Date(1704438936000)/",17900,20000,7212500,128975000000,0,false,0
"TPB",141637,"/Date(1704438935000)/",17900,5000,7192500,128617000000,0,false,0
"TPB",141634,"/Date(1704438933000)/",17900,5000,7187500,128527000000,0,false,0
"TPB",141634,"/Date(1704438931000)/",17900,3000,7182500,128438000000,0,false,0
"TPB",141634,"/Date(1704438930000)/",17900,17200,7179500,128384000000,0,false,0
"TPB",141630,"/Date(1704438930000)/",17900,500,7162300,128076000000,0,false,0
"TPB",141624,"/Date(1704438923000)/",17900,31400,7161800,128067000000,0,false,0
"TPB",141624,"/Date(1704438921000)/",17900,1000,7130400,127505000000,0,false,0
"TPB",141621,"/Date(1704438919000)/",17900,1000,7129400,127487000000,0,false,0
"TPB",141614,"/Date(1704438914000)/",17900,2000,7128400,127469000000,0,false,0
"TPB",141614,"/Date(1704438911000)/",17900,5000,7126400,127434000000,0,false,0
"TPB",141611,"/Date(1704438911000)/",17900,20000,7121400,127344000000,0,false,0
"TPB",141611,"/Date(1704438910000)/",17900,100,7101400,126986000000,0,false,0
"TPB",141611,"/Date(1704438908000)/",17900,300,7101300,126984000000,0,false,0
"TPB",141608,"/Date(1704438905000)/",17900,2000,7101000,126979000000,0,false,0
"TPB",141608,"/Date(1704438905000)/",17850,2200,7099000,126943000000,-50,true,-0.28
"TPB",141605,"/Date(1704438902000)/",17900,10000,7096800,126904000000,0,false,0
"TPB",141605,"/Date(1704438902000)/",17900,5000,7086800,126725000000,0,false,0
"TPB",141602,"/Date(1704438901000)/",17900,200,7081800,126635000000,0,false,0
"TPB",141602,"/Date(1704438899000)/",17900,1000,7081600,126632000000,0,false,0
"TPB",141602,"/Date(1704438898000)/",17900,200,7080600,126614000000,0,false,0
"TPB",141558,"/Date(1704438898000)/",17900,2000,7080400,126610000000,0,false,0
"TPB",141558,"/Date(1704438896000)/",17900,10000,7078400,126574000000,0,false,0
"TPB",141558,"/Date(1704438896000)/",17900,200,7068400,126395000000,0,false,0
"TPB",141555,"/Date(1704438892000)/",17900,2000,7068200,126392000000,0,false,0
"TPB",141552,"/Date(1704438890000)/",17900,5000,7066200,126356000000,0,false,0
"TPB",141549,"/Date(1704438887000)/",17900,3000,7061200,126267000000,0,false,0
"TPB",141542,"/Date(1704438879000)/",17900,5000,7058200,126213000000,0,false,0
"TPB",141539,"/Date(1704438878000)/",17900,900,7053200,126123000000,0,false,0
"TPB",141530,"/Date(1704438868000)/",17900,21700,7052300,126107000000,0,false,0
"TPB",141530,"/Date(1704438868000)/",17900,100,7030600,125719000000,0,false,0
"TPB",141530,"/Date(1704438868000)/",17900,100,7030500,125717000000,0,false,0
"TPB",141530,"/Date(1704438868000)/",17900,178100,7030400,125715000000,0,false,0
"TPB",141507,"/Date(1704438844000)/",17900,15200,6852300,122527000000,0,false,0
"TPB",141504,"/Date(1704438843000)/",17900,1000,6837100,122255000000,0,false,0
"TPB",141501,"/Date(1704438839000)/",17900,2700,6836100,122237000000,0,false,0
"TPB",141501,"/Date(1704438838000)/",17900,10000,6833400,122189000000,0,false,0
"TPB",141451,"/Date(1704438829000)/",17900,20000,6823400,122010000000,0,false,0
"TPB",141435,"/Date(1704438813000)/",17900,100,6803400,121652000000,0,false,0
"TPB",141432,"/Date(1704438811000)/",17900,20000,6803300,121650000000,0,false,0
"TPB",141422,"/Date(1704438802000)/",17900,5000,6783300,121292000000,0,false,0
"TPB",141422,"/Date(1704438802000)/",17900,200,6778300,121203000000,0,false,0
"TPB",141422,"/Date(1704438802000)/",17900,100,6778100,121199000000,0,false,0
"TPB",141422,"/Date(1704438802000)/",17900,9900,6778000,121197000000,0,false,0
"TPB",141419,"/Date(1704438798000)/",17900,500,6768100,121020000000,0,false,0
"TPB",141413,"/Date(1704438791000)/",17900,7100,6767600,121011000000,0,false,0
"TPB",141413,"/Date(1704438791000)/",17900,1000,6760500,120884000000,0,false,0
"TPB",141413,"/Date(1704438791000)/",17900,1000,6759500,120866000000,0,false,0
"TPB",141413,"/Date(1704438791000)/",17900,500,6758500,120848000000,0,false,0
"TPB",141413,"/Date(1704438791000)/",17900,100,6758000,120839000000,0,false,0
"TPB",141413,"/Date(1704438791000)/",17900,20000,6757900,120837000000,0,false,0
"TPB",141413,"/Date(1704438791000)/",17900,100,6737900,120479000000,0,false,0
"TPB",141413,"/Date(1704438791000)/",17900,200,6737800,120478000000,0,false,0
"TPB",141403,"/Date(1704438782000)/",17900,100,6737600,120474000000,0,false,0
"TPB",141403,"/Date(1704438782000)/",17900,1000,6737500,120472000000,0,false,0
"TPB",141403,"/Date(1704438782000)/",17900,7200,6736500,120454000000,0,false,0
"TPB",141403,"/Date(1704438782000)/",17900,8000,6729300,120326000000,0,false,0
"TPB",141403,"/Date(1704438782000)/",17900,2900,6721300,120182000000,0,false,0
"TPB",141357,"/Date(1704438775000)/",17900,1100,6718400,120130000000,0,false,0
"TPB",141357,"/Date(1704438775000)/",17900,200,6717300,120111000000,0,false,0
"TPB",141357,"/Date(1704438775000)/",17900,700,6717100,120107000000,0,false,0
"TPB",141354,"/Date(1704438773000)/",17900,1000,6716400,120095000000,0,false,0
"TPB",141354,"/Date(1704438773000)/",17900,1000,6715400,120077000000,0,false,0
"TPB",141347,"/Date(1704438766000)/",17900,4000,6714400,120059000000,0,false,0
"TPB",141347,"/Date(1704438766000)/",17900,1000,6710400,119987000000,0,false,0
"TPB",141347,"/Date(1704438766000)/",17900,1300,6709400,119969000000,0,false,0
"TPB",141347,"/Date(1704438766000)/",17900,1000,6708100,119946000000,0,false,0
"TPB",141347,"/Date(1704438766000)/",17900,100,6707100,119928000000,0,false,0
"TPB",141347,"/Date(1704438766000)/",17900,1800,6707000,119926000000,0,false,0
"TPB",141341,"/Date(1704438759000)/",17900,2200,6705200,119894000000,0,false,0
"TPB",141341,"/Date(1704438759000)/",17900,100,6703000,119855000000,0,false,0
"TPB",141341,"/Date(1704438759000)/",17900,100,6702900,119853000000,0,false,0
"TPB",141341,"/Date(1704438759000)/",17900,4000,6702800,119851000000,0,false,0
"TPB",141341,"/Date(1704438759000)/",17900,100,6698800,119780000000,0,false,0
"TPB",141341,"/Date(1704438759000)/",17900,3500,6698700,119778000000,0,false,0
"TPB",141341,"/Date(1704438759000)/",17850,700,6695200,119715000000,-50,true,-0.28
"TPB",141334,"/Date(1704438752000)/",17850,1500,6694500,119703000000,-50,true,-0.28
"TPB",141334,"/Date(1704438752000)/",17850,200,6693000,119676000000,-50,true,-0.28
"TPB",141334,"/Date(1704438752000)/",17850,500,6692800,119672000000,-50,true,-0.28
"TPB",141328,"/Date(1704438746000)/",17900,6200,6692300,119663000000,0,false,0
"TPB",141328,"/Date(1704438746000)/",17900,600,6686100,119552000000,0,false,0
"TPB",141328,"/Date(1704438745000)/",17900,200,6685500,119542000000,0,false,0
"TPB",141325,"/Date(1704438744000)/",17850,200,6685300,119538000000,-50,true,-0.28
"TPB",141321,"/Date(1704438741000)/",17900,1000,6685100,119535000000,0,false,0
"TPB",141318,"/Date(1704438736000)/",17850,2200,6684100,119517000000,-50,true,-0.28
"TPB",141312,"/Date(1704438730000)/",17900,200,6681900,119477000000,0,false,0
"TPB",141312,"/Date(1704438730000)/",17900,800,6681700,119474000000,0,false,0
"TPB",141259,"/Date(1704438719000)/",17900,200,6680900,119459000000,0,false,0
"TPB",141259,"/Date(1704438719000)/",17900,200,6680700,119456000000,0,false,0
"TPB",141259,"/Date(1704438719000)/",17900,100,6680500,119452000000,0,false,0
"TPB",141259,"/Date(1704438719000)/",17900,700,6680400,119451000000,0,false,0
"TPB",141256,"/Date(1704438714000)/",17900,200,6679700,119438000000,0,false,0
"TPB",141249,"/Date(1704438709000)/",17900,100,6679500,119434000000,0,false,0
"TPB",141249,"/Date(1704438709000)/",17900,7500,6679400,119433000000,0,false,0
"TPB",141240,"/Date(1704438699000)/",17900,2500,6671900,119298000000,0,false,0
"TPB",141240,"/Date(1704438699000)/",17900,100,6669400,119254000000,0,false,0
"TPB",141240,"/Date(1704438699000)/",17900,100,6669300,119252000000,0,false,0
"TPB",141240,"/Date(1704438699000)/",17900,1000,6669200,119250000000,0,false,0
"TPB",141240,"/Date(1704438699000)/",17900,8100,6668200,119232000000,0,false,0
"TPB",141233,"/Date(1704438693000)/",17900,1900,6660100,119087000000,0,false,0
"TPB",141233,"/Date(1704438693000)/",17900,1000,6658200,119053000000,0,false,0
"TPB",141233,"/Date(1704438693000)/",17900,100,6657200,119035000000,0,false,0
"TPB",141233,"/Date(1704438693000)/",17900,3000,6657100,119033000000,0,false,0
"TPB",141233,"/Date(1704438693000)/",17900,100,6654100,118980000000,0,false,0
"TPB",141233,"/Date(1704438693000)/",17900,6000,6654000,118978000000,0,false,0
"TPB",141233,"/Date(1704438693000)/",17900,2000,6648000,118871000000,0,false,0
"TPB",141221,"/Date(1704438680000)/",17850,100,6646000,118835000000,-50,false,-0.28
"TPB",141217,"/Date(1704438675000)/",17850,200,6645900,118833000000,-50,false,-0.28
"TPB",141214,"/Date(1704438673000)/",17850,6500,6645700,118829000000,-50,false,-0.28
"TPB",141214,"/Date(1704438671000)/",17850,1000,6639200,118713000000,-50,false,-0.28
"TPB",141204,"/Date(1704438662000)/",17850,7100,6638200,118696000000,-50,false,-0.28
"TPB",141201,"/Date(1704438659000)/",17850,3000,6631100,118569000000,-50,false,-0.28
"TPB",141155,"/Date(1704438654000)/",17850,200,6628100,118515000000,-50,false,-0.28
"TPB",141155,"/Date(1704438653000)/",17850,100,6627900,118512000000,-50,false,-0.28
"TPB",141148,"/Date(1704438646000)/",17850,2000,6627800,118510000000,-50,false,-0.28
"TPB",141145,"/Date(1704438645000)/",17850,200,6625800,118474000000,-50,false,-0.28
"TPB",141145,"/Date(1704438644000)/",17850,500,6625600,118471000000,-50,false,-0.28
"TPB",141142,"/Date(1704438641000)/",17850,100,6625100,118462000000,-50,false,-0.28
"TPB",141136,"/Date(1704438634000)/",17850,100,6625000,118460000000,-50,false,-0.28
"TPB",141136,"/Date(1704438633000)/",17850,3200,6624900,118458000000,-50,false,-0.28
"TPB",141132,"/Date(1704438630000)/",17850,500,6621700,118401000000,-50,false,-0.28
"TPB",141132,"/Date(1704438630000)/",17850,200,6621200,118392000000,-50,false,-0.28
"TPB",141132,"/Date(1704438630000)/",17850,5000,6621000,118389000000,-50,false,-0.28
"TPB",141132,"/Date(1704438630000)/",17850,200,6616000,118299000000,-50,false,-0.28
"TPB",141132,"/Date(1704438630000)/",17850,200,6615800,118296000000,-50,false,-0.28
"TPB",141132,"/Date(1704438630000)/",17850,200,6615600,118292000000,-50,false,-0.28
"TPB",141132,"/Date(1704438630000)/",17850,2500,6615400,118289000000,-50,false,-0.28
"TPB",141126,"/Date(1704438624000)/",17850,1000,6612900,118244000000,-50,true,-0.28
"TPB",141126,"/Date(1704438624000)/",17850,1000,6611900,118226000000,-50,true,-0.28
"TPB",141126,"/Date(1704438624000)/",17850,1000,6610900,118208000000,-50,true,-0.28
"TPB",141126,"/Date(1704438624000)/",17850,500,6609900,118190000000,-50,true,-0.28
"TPB",141057,"/Date(1704438597000)/",17850,2500,6609400,118181000000,-50,false,-0.28
"TPB",141054,"/Date(1704438592000)/",17850,1000,6606900,118137000000,-50,false,-0.28
"TPB",141051,"/Date(1704438590000)/",17850,100,6605900,118119000000,-50,false,-0.28
"TPB",141044,"/Date(1704438582000)/",17850,1200,6605800,118117000000,-50,false,-0.28
"TPB",141044,"/Date(1704438582000)/",17850,1000,6604600,118096000000,-50,false,-0.28
"TPB",141041,"/Date(1704438581000)/",17850,2000,6603600,118078000000,-50,true,-0.28
"TPB",141041,"/Date(1704438581000)/",17850,1000,6601600,118042000000,-50,true,-0.28
"TPB",141041,"/Date(1704438581000)/",17850,1200,6600600,118024000000,-50,true,-0.28
"TPB",141028,"/Date(1704438567000)/",17850,100,6599400,118003000000,-50,true,-0.28
"TPB",141022,"/Date(1704438562000)/",17850,400,6599300,118001000000,-50,true,-0.28
"TPB",141022,"/Date(1704438559000)/",17850,3300,6598900,117994000000,-50,true,-0.28
"TPB",141022,"/Date(1704438559000)/",17850,500,6595600,117935000000,-50,true,-0.28
"TPB",141006,"/Date(1704438545000)/",17850,1500,6595100,117926000000,-50,false,-0.28
"TPB",141003,"/Date(1704438542000)/",17850,500,6593600,117899000000,-50,false,-0.28
"TPB",140959,"/Date(1704438538000)/",17850,3300,6593100,117890000000,-50,false,-0.28
"TPB",140956,"/Date(1704438535000)/",17850,4700,6589800,117832000000,-50,false,-0.28
"TPB",140956,"/Date(1704438535000)/",17850,300,6585100,117748000000,-50,false,-0.28
"TPB",140956,"/Date(1704438535000)/",17850,4000,6584800,117742000000,-50,false,-0.28
"TPB",140953,"/Date(1704438532000)/",17850,4500,6580800,117671000000,-50,false,-0.28
"TPB",140953,"/Date(1704438531000)/",17850,300,6576300,117591000000,-50,false,-0.28
"TPB",140950,"/Date(1704438530000)/",17850,4000,6576000,117585000000,-50,false,-0.28
"TPB",140950,"/Date(1704438530000)/",17850,7400,6572000,117514000000,-50,false,-0.28
"TPB",140950,"/Date(1704438530000)/",17850,200,6564600,117382000000,-50,false,-0.28
"TPB",140950,"/Date(1704438530000)/",17850,300,6564400,117378000000,-50,false,-0.28
"TPB",140950,"/Date(1704438530000)/",17850,1000,6564100,117373000000,-50,false,-0.28
"TPB",140950,"/Date(1704438530000)/",17850,900,6563100,117355000000,-50,false,-0.28
"TPB",140950,"/Date(1704438530000)/",17850,200,6562200,117339000000,-50,false,-0.28
"TPB",140950,"/Date(1704438528000)/",17850,19800,6562000,117335000000,-50,false,-0.28
"TPB",140950,"/Date(1704438528000)/",17850,500,6542200,116982000000,-50,false,-0.28
"TPB",140950,"/Date(1704438528000)/",17850,1000,6541700,116973000000,-50,false,-0.28
"TPB",140950,"/Date(1704438528000)/",17850,400,6540700,116955000000,-50,false,-0.28
"TPB",140950,"/Date(1704438528000)/",17850,10000,6540300,116948000000,-50,false,-0.28
"TPB",140950,"/Date(1704438528000)/",17850,2000,6530300,116770000000,-50,false,-0.28
"TPB",140950,"/Date(1704438528000)/",17850,10000,6528300,116734000000,-50,false,-0.28
"TPB",140950,"/Date(1704438528000)/",17850,20000,6518300,116555000000,-50,false,-0.28
"TPB",140950,"/Date(1704438528000)/",17850,300,6498300,116198000000,-50,false,-0.28
"TPB",140950,"/Date(1704438528000)/",17850,1000,6498000,116193000000,-50,false,-0.28
"TPB",140931,"/Date(1704438511000)/",17800,3700,6497000,116175000000,-100,true,-0.56
"TPB",140931,"/Date(1704438511000)/",17800,2000,6493300,116109000000,-100,true,-0.56
"TPB",140931,"/Date(1704438511000)/",17800,5000,6491300,116074000000,-100,true,-0.56
"TPB",140931,"/Date(1704438511000)/",17800,300,6486300,115985000000,-100,true,-0.56
"TPB",140931,"/Date(1704438511000)/",17800,100,6486000,115979000000,-100,true,-0.56
"TPB",140931,"/Date(1704438511000)/",17800,12000,6485900,115978000000,-100,true,-0.56
"TPB",140931,"/Date(1704438511000)/",17800,500,6473900,115764000000,-100,true,-0.56
"TPB",140931,"/Date(1704438511000)/",17800,100,6473400,115755000000,-100,true,-0.56
"TPB",140931,"/Date(1704438511000)/",17800,100,6473300,115753000000,-100,true,-0.56
"TPB",140931,"/Date(1704438511000)/",17800,1000,6473200,115751000000,-100,true,-0.56
"TPB",140931,"/Date(1704438511000)/",17800,200,6472200,115734000000,-100,true,-0.56
"TPB",140830,"/Date(1704438450000)/",17800,300,6472000,115730000000,-100,false,-0.56
"TPB",140830,"/Date(1704438450000)/",17800,600,6471700,115725000000,-100,false,-0.56
"TPB",140826,"/Date(1704438445000)/",17800,100,6471100,115714000000,-100,false,-0.56
"TPB",140826,"/Date(1704438445000)/",17800,500,6471000,115712000000,-100,false,-0.56
"TPB",140823,"/Date(1704438443000)/",17800,5000,6470500,115703000000,-100,false,-0.56
"TPB",140823,"/Date(1704438441000)/",17800,100,6465500,115614000000,-100,false,-0.56
"TPB",140820,"/Date(1704438439000)/",17800,500,6465400,115613000000,-100,false,-0.56
"TPB",140817,"/Date(1704438436000)/",17800,1500,6464900,115604000000,-100,false,-0.56
"TPB",140817,"/Date(1704438435000)/",17800,100,6463400,115577000000,-100,false,-0.56
"TPB",140817,"/Date(1704438435000)/",17800,100,6463300,115575000000,-100,false,-0.56
"TPB",140813,"/Date(1704438433000)/",17800,400,6463200,115573000000,-100,false,-0.56
"TPB",140813,"/Date(1704438433000)/",17800,500,6462800,115566000000,-100,false,-0.56
"TPB",140813,"/Date(1704438432000)/",17800,500,6462300,115557000000,-100,false,-0.56
"TPB",140807,"/Date(1704438426000)/",17800,800,6461800,115549000000,-100,false,-0.56
"TPB",140804,"/Date(1704438423000)/",17800,1000,6461000,115534000000,-100,false,-0.56
"TPB",140800,"/Date(1704438421000)/",17800,1000,6460000,115517000000,-100,false,-0.56
"TPB",140800,"/Date(1704438419000)/",17800,3000,6459000,115499000000,-100,false,-0.56
"TPB",140800,"/Date(1704438418000)/",17800,2000,6456000,115445000000,-100,false,-0.56
"TPB",140757,"/Date(1704438416000)/",17800,5000,6454000,115410000000,-100,false,-0.56
"TPB",140757,"/Date(1704438416000)/",17800,500,6449000,115321000000,-100,false,-0.56
"TPB",140757,"/Date(1704438416000)/",17800,300,6448500,115312000000,-100,false,-0.56
"TPB",140757,"/Date(1704438416000)/",17800,500,6448200,115306000000,-100,false,-0.56
"TPB",140757,"/Date(1704438416000)/",17800,5000,6447700,115298000000,-100,false,-0.56
"TPB",140757,"/Date(1704438416000)/",17800,700,6442700,115209000000,-100,false,-0.56
"TPB",140738,"/Date(1704438398000)/",17800,100,6442000,115196000000,-100,true,-0.56
"TPB",140738,"/Date(1704438398000)/",17800,1200,6441900,115194000000,-100,true,-0.56
"TPB",140735,"/Date(1704438395000)/",17800,2000,6440700,115173000000,-100,false,-0.56
"TPB",140732,"/Date(1704438391000)/",17800,600,6438700,115137000000,-100,false,-0.56
"TPB",140732,"/Date(1704438391000)/",17800,2000,6438100,115127000000,-100,false,-0.56
"TPB",140732,"/Date(1704438390000)/",17800,1000,6436100,115091000000,-100,false,-0.56
"TPB",140728,"/Date(1704438388000)/",17800,400,6435100,115073000000,-100,false,-0.56
"TPB",140725,"/Date(1704438384000)/",17800,1000,6434700,115066000000,-100,false,-0.56
"TPB",140722,"/Date(1704438381000)/",17800,1000,6433700,115048000000,-100,false,-0.56
"TPB",140722,"/Date(1704438381000)/",17800,100,6432700,115031000000,-100,false,-0.56
"TPB",140719,"/Date(1704438377000)/",17800,300,6432600,115029000000,-100,false,-0.56
"TPB",140716,"/Date(1704438376000)/",17800,2000,6432300,115023000000,-100,false,-0.56
"TPB",140716,"/Date(1704438374000)/",17800,100,6430300,114988000000,-100,false,-0.56
"TPB",140709,"/Date(1704438368000)/",17800,100,6430200,114986000000,-100,false,-0.56
"TPB",140709,"/Date(1704438368000)/",17800,3200,6430100,114984000000,-100,false,-0.56
"TPB",140709,"/Date(1704438368000)/",17800,1800,6426900,114927000000,-100,false,-0.56
"TPB",140709,"/Date(1704438367000)/",17800,500,6425100,114895000000,-100,false,-0.56
"TPB",140709,"/Date(1704438366000)/",17800,100,6424600,114886000000,-100,false,-0.56
"TPB",140709,"/Date(1704438365000)/",17800,1000,6424500,114885000000,-100,false,-0.56
"TPB",140659,"/Date(1704438359000)/",17800,2000,6423500,114867000000,-100,false,-0.56
"TPB",140659,"/Date(1704438359000)/",17800,1000,6421500,114831000000,-100,false,-0.56
"TPB",140659,"/Date(1704438359000)/",17800,200,6420500,114813000000,-100,false,-0.56
"TPB",140656,"/Date(1704438357000)/",17800,100,6420300,114810000000,-100,false,-0.56
"TPB",140656,"/Date(1704438356000)/",17800,1000,6420200,114808000000,-100,false,-0.56
"TPB",140656,"/Date(1704438356000)/",17800,10000,6419200,114790000000,-100,false,-0.56
"TPB",140653,"/Date(1704438354000)/",17800,1000,6409200,114612000000,-100,false,-0.56
"TPB",140653,"/Date(1704438354000)/",17800,100,6408200,114594000000,-100,false,-0.56
"TPB",140653,"/Date(1704438353000)/",17800,1000,6408100,114593000000,-100,false,-0.56
"TPB",140653,"/Date(1704438351000)/",17800,200,6407100,114575000000,-100,false,-0.56
"TPB",140653,"/Date(1704438351000)/",17800,100,6406900,114571000000,-100,false,-0.56
"TPB",140650,"/Date(1704438351000)/",17800,100,6406800,114570000000,-100,false,-0.56
"TPB",140650,"/Date(1704438351000)/",17800,2000,6406700,114568000000,-100,false,-0.56
"TPB",140647,"/Date(1704438346000)/",17800,8000,6404700,114532000000,-100,false,-0.56
"TPB",140647,"/Date(1704438345000)/",17800,100,6396700,114390000000,-100,false,-0.56
"TPB",140640,"/Date(1704438341000)/",17800,500,6396600,114388000000,-100,false,-0.56
"TPB",140640,"/Date(1704438339000)/",17800,500,6396100,114379000000,-100,false,-0.56
"TPB",140631,"/Date(1704438331000)/",17800,100,6395600,114370000000,-100,false,-0.56
"TPB",140627,"/Date(1704438328000)/",17800,100,6395500,114368000000,-100,true,-0.56
"TPB",140627,"/Date(1704438328000)/",17800,500,6395400,114367000000,-100,true,-0.56
"TPB",140627,"/Date(1704438328000)/",17800,200,6394900,114358000000,-100,true,-0.56
"TPB",140627,"/Date(1704438328000)/",17800,600,6394700,114354000000,-100,true,-0.56
"TPB",140627,"/Date(1704438328000)/",17800,300,6394100,114343000000,-100,true,-0.56
"TPB",140627,"/Date(1704438328000)/",17800,1000,6393800,114338000000,-100,true,-0.56
"TPB",140627,"/Date(1704438328000)/",17800,200,6392800,114320000000,-100,true,-0.56
"TPB",140627,"/Date(1704438328000)/",17800,5000,6392600,114317000000,-100,true,-0.56
"TPB",140627,"/Date(1704438328000)/",17800,700,6387600,114228000000,-100,true,-0.56
"TPB",140627,"/Date(1704438327000)/",17850,500,6386900,114215000000,-50,false,-0.28
"TPB",140621,"/Date(1704438319000)/",17850,1000,6386400,114206000000,-50,false,-0.28
"TPB",140621,"/Date(1704438319000)/",17850,4500,6385400,114189000000,-50,false,-0.28
"TPB",140618,"/Date(1704438316000)/",17850,1000,6380900,114108000000,-50,false,-0.28
"TPB",140615,"/Date(1704438315000)/",17800,300,6379900,114090000000,-100,true,-0.56
"TPB",140615,"/Date(1704438315000)/",17800,100,6379600,114085000000,-100,true,-0.56
"TPB",140615,"/Date(1704438315000)/",17800,10000,6379500,114083000000,-100,true,-0.56
"TPB",140615,"/Date(1704438315000)/",17800,200,6369500,113905000000,-100,true,-0.56
"TPB",140615,"/Date(1704438315000)/",17800,5000,6369300,113902000000,-100,true,-0.56
"TPB",140615,"/Date(1704438315000)/",17800,4400,6364300,113813000000,-100,true,-0.56
"TPB",140602,"/Date(1704438301000)/",17800,2900,6359900,113734000000,-100,true,-0.56
"TPB",140555,"/Date(1704438296000)/",17800,2700,6357000,113683000000,-100,true,-0.56
"TPB",140555,"/Date(1704438295000)/",17800,1000,6354300,113635000000,-100,true,-0.56
"TPB",140555,"/Date(1704438294000)/",17800,100,6353300,113617000000,-100,true,-0.56
"TPB",140552,"/Date(1704438293000)/",17800,2000,6353200,113615000000,-100,false,-0.56
"TPB",140552,"/Date(1704438293000)/",17800,5000,6351200,113580000000,-100,false,-0.56
"TPB",140552,"/Date(1704438293000)/",17800,1000,6346200,113491000000,-100,false,-0.56
"TPB",140552,"/Date(1704438293000)/",17800,3000,6345200,113473000000,-100,false,-0.56
"TPB",140552,"/Date(1704438293000)/",17800,100,6342200,113419000000,-100,false,-0.56
"TPB",140552,"/Date(1704438293000)/",17800,3000,6342100,113418000000,-100,false,-0.56
"TPB",140552,"/Date(1704438293000)/",17800,1000,6339100,113364000000,-100,false,-0.56
"TPB",140552,"/Date(1704438293000)/",17800,1000,6338100,113346000000,-100,false,-0.56
"TPB",140552,"/Date(1704438293000)/",17800,100,6337100,113329000000,-100,false,-0.56
"TPB",140549,"/Date(1704438290000)/",17850,11800,6337000,113327000000,-50,false,-0.28
"TPB",140546,"/Date(1704438284000)/",17800,200,6325200,113116000000,-100,true,-0.56
"TPB",140542,"/Date(1704438284000)/",17850,7600,6325000,113113000000,-50,false,-0.28
"TPB",140539,"/Date(1704438279000)/",17850,6200,6317400,112977000000,-50,false,-0.28
"TPB",140539,"/Date(1704438279000)/",17850,100,6311200,112866000000,-50,false,-0.28
"TPB",140539,"/Date(1704438279000)/",17850,200,6311100,112864000000,-50,false,-0.28
"TPB",140539,"/Date(1704438279000)/",17850,3200,6310900,112861000000,-50,false,-0.28
"TPB",140539,"/Date(1704438279000)/",17800,4400,6307700,112804000000,-100,true,-0.56
"TPB",140539,"/Date(1704438279000)/",17800,6800,6303300,112725000000,-100,true,-0.56
"TPB",140539,"/Date(1704438279000)/",17800,500,6296500,112604000000,-100,true,-0.56
"TPB",140536,"/Date(1704438276000)/",17800,1000,6296000,112595000000,-100,true,-0.56
"TPB",140536,"/Date(1704438276000)/",17800,100,6295000,112578000000,-100,true,-0.56
"TPB",140536,"/Date(1704438276000)/",17800,1000,6294900,112576000000,-100,true,-0.56
"TPB",140536,"/Date(1704438276000)/",17800,100,6293900,112558000000,-100,true,-0.56
"TPB",140536,"/Date(1704438276000)/",17800,1000,6293800,112556000000,-100,true,-0.56
"TPB",140536,"/Date(1704438276000)/",17800,100,6292800,112539000000,-100,true,-0.56
"TPB",140536,"/Date(1704438276000)/",17800,200,6292700,112537000000,-100,true,-0.56
"TPB",140536,"/Date(1704438276000)/",17800,500,6292500,112533000000,-100,true,-0.56
"TPB",140536,"/Date(1704438276000)/",17800,4300,6292000,112524000000,-100,true,-0.56
"TPB",140533,"/Date(1704438271000)/",17800,2200,6287700,112448000000,-100,true,-0.56
"TPB",140533,"/Date(1704438271000)/",17800,2200,6285500,112409000000,-100,true,-0.56
"TPB",140530,"/Date(1704438268000)/",17800,1300,6283300,112369000000,-100,true,-0.56
"TPB",140530,"/Date(1704438268000)/",17800,900,6282000,112346000000,-100,true,-0.56
"TPB",140526,"/Date(1704438266000)/",17800,1100,6281100,112330000000,-100,true,-0.56
"TPB",140526,"/Date(1704438265000)/",17800,2000,6280000,112311000000,-100,true,-0.56
"TPB",140523,"/Date(1704438263000)/",17800,2000,6278000,112275000000,-100,false,-0.56
"TPB",140523,"/Date(1704438263000)/",17800,1000,6276000,112239000000,-100,false,-0.56
"TPB",140523,"/Date(1704438263000)/",17800,200,6275000,112222000000,-100,false,-0.56
"TPB",140523,"/Date(1704438263000)/",17800,1000,6274800,112218000000,-100,false,-0.56
"TPB",140523,"/Date(1704438263000)/",17800,500,6273800,112200000000,-100,false,-0.56
"TPB",140523,"/Date(1704438263000)/",17800,1000,6273300,112191000000,-100,false,-0.56
"TPB",140523,"/Date(1704438263000)/",17800,1000,6272300,112174000000,-100,false,-0.56
"TPB",140523,"/Date(1704438263000)/",17800,300,6271300,112156000000,-100,false,-0.56
"TPB",140523,"/Date(1704438263000)/",17800,8000,6271000,112150000000,-100,false,-0.56
"TPB",140523,"/Date(1704438263000)/",17800,500,6263000,112008000000,-100,false,-0.56
"TPB",140523,"/Date(1704438263000)/",17800,1000,6262500,111999000000,-100,false,-0.56
