"Stockcode","Package","TradingDate","Price","Vol","TotalVol","TotalVal","Change","IsBuy","PerChange"
"TTF",144616,"/Date(1704440701000)/",4500,86700,3222800,14521000000,-10,false,-0.22
"TTF",143054,"/Date(1704439791000)/",4510,1000,3136100,14131000000,0,false,0
"TTF",143054,"/Date(1704439790000)/",4510,800,3135100,14127000000,0,false,0
"TTF",143047,"/Date(1704439782000)/",4510,10000,3134300,14123000000,0,false,0
"TTF",143044,"/Date(1704439779000)/",4510,1000,3124300,14078000000,0,true,0
"TTF",143044,"/Date(1704439779000)/",4510,10000,3123300,14074000000,0,true,0
"TTF",143044,"/Date(1704439779000)/",4510,500,3113300,14028000000,0,true,0
"TTF",143044,"/Date(1704439779000)/",4510,10000,3112800,14026000000,0,true,0
"TTF",143044,"/Date(1704439779000)/",4510,4500,3102800,13981000000,0,true,0
"TTF",143044,"/Date(1704439779000)/",4510,2000,3098300,13961000000,0,true,0
"TTF",143044,"/Date(1704439779000)/",4510,5000,3096300,13952000000,0,true,0
"TTF",143044,"/Date(1704439779000)/",4510,11500,3091300,13929000000,0,true,0
"TTF",143018,"/Date(1704439756000)/",4510,200,3079800,13877000000,0,true,0
"TTF",143018,"/Date(1704439753000)/",4510,500,3079600,13876000000,0,true,0
"TTF",143002,"/Date(1704439737000)/",4510,7800,3079100,13874000000,0,true,0
"TTF",142959,"/Date(1704439734000)/",4510,2200,3071300,13839000000,0,false,0
"TTF",142959,"/Date(1704439734000)/",4510,10800,3069100,13829000000,0,false,0
"TTF",142959,"/Date(1704439734000)/",4510,900,3058300,13780000000,0,false,0
"TTF",142959,"/Date(1704439734000)/",4510,6100,3057400,13776000000,0,false,0
"TTF",142956,"/Date(1704439731000)/",4510,2000,3051300,13749000000,0,false,0
"TTF",142953,"/Date(1704439729000)/",4510,100,3049300,13740000000,0,false,0
"TTF",142950,"/Date(1704439725000)/",4510,5000,3049200,13739000000,0,false,0
"TTF",142950,"/Date(1704439724000)/",4510,10000,3044200,13717000000,0,false,0
"TTF",142937,"/Date(1704439711000)/",4510,9000,3034200,13672000000,0,false,0
"TTF",142933,"/Date(1704439709000)/",4510,300,3025200,13631000000,0,false,0
"TTF",142914,"/Date(1704439691000)/",4510,5000,3024900,13630000000,0,false,0
"TTF",142911,"/Date(1704439686000)/",4510,1000,3019900,13607000000,0,false,0
"TTF",142905,"/Date(1704439681000)/",4510,3000,3018900,13603000000,0,false,0
"TTF",142905,"/Date(1704439680000)/",4510,1500,3015900,13589000000,0,false,0
"TTF",142836,"/Date(1704439652000)/",4510,5000,3014400,13582000000,0,false,0
"TTF",142832,"/Date(1704439648000)/",4510,1000,3009400,13560000000,0,false,0
"TTF",142823,"/Date(1704439637000)/",4510,1000,3008400,13555000000,0,false,0
"TTF",142741,"/Date(1704439598000)/",4500,900,3007400,13551000000,-10,true,-0.22
"TTF",142741,"/Date(1704439598000)/",4500,2000,3006500,13547000000,-10,true,-0.22
"TTF",142741,"/Date(1704439598000)/",4500,1100,3004500,13538000000,-10,true,-0.22
"TTF",142741,"/Date(1704439598000)/",4510,500,3003400,13533000000,0,true,0
"TTF",142741,"/Date(1704439598000)/",4510,1000,3002900,13531000000,0,true,0
"TTF",142741,"/Date(1704439598000)/",4510,200,3001900,13526000000,0,true,0
"TTF",142741,"/Date(1704439598000)/",4510,300,3001700,13525000000,0,true,0
"TTF",142731,"/Date(1704439589000)/",4510,200,3001400,13524000000,0,false,0
"TTF",142731,"/Date(1704439588000)/",4510,2000,3001200,13523000000,0,false,0
"TTF",142715,"/Date(1704439572000)/",4510,200,2999200,13514000000,0,false,0
"TTF",142715,"/Date(1704439572000)/",4500,1200,2999000,13513000000,-10,true,-0.22
"TTF",142715,"/Date(1704439571000)/",4510,500,2997800,13508000000,0,false,0
"TTF",142712,"/Date(1704439568000)/",4510,100,2997300,13505000000,0,false,0
"TTF",142712,"/Date(1704439568000)/",4510,100,2997200,13505000000,0,false,0
"TTF",142712,"/Date(1704439568000)/",4510,800,2997100,13504000000,0,false,0
"TTF",142709,"/Date(1704439566000)/",4510,200,2996300,13501000000,0,false,0
"TTF",142656,"/Date(1704439553000)/",4500,1000,2996100,13500000000,-10,true,-0.22
"TTF",142656,"/Date(1704439553000)/",4500,200,2995100,13495000000,-10,true,-0.22
"TTF",142656,"/Date(1704439553000)/",4500,600,2994900,13495000000,-10,true,-0.22
"TTF",142656,"/Date(1704439553000)/",4500,900,2994300,13492000000,-10,true,-0.22
"TTF",142656,"/Date(1704439551000)/",4500,1000,2993400,13488000000,-10,true,-0.22
"TTF",142646,"/Date(1704439542000)/",4500,100,2992400,13483000000,-10,false,-0.22
"TTF",142646,"/Date(1704439542000)/",4500,900,2992300,13483000000,-10,false,-0.22
"TTF",142643,"/Date(1704439539000)/",4500,100,2991400,13479000000,-10,false,-0.22
"TTF",142640,"/Date(1704439537000)/",4500,800,2991300,13478000000,-10,false,-0.22
"TTF",142640,"/Date(1704439537000)/",4500,7200,2990500,13475000000,-10,false,-0.22
"TTF",142637,"/Date(1704439535000)/",4490,1500,2983300,13442000000,-20,true,-0.44
"TTF",142637,"/Date(1704439535000)/",4490,1600,2981800,13436000000,-20,true,-0.44
"TTF",142627,"/Date(1704439523000)/",4500,1500,2980200,13428000000,-10,false,-0.22
"TTF",142614,"/Date(1704439511000)/",4490,3300,2978700,13422000000,-20,false,-0.44
"TTF",142614,"/Date(1704439510000)/",4490,300,2975400,13407000000,-20,false,-0.44
"TTF",142614,"/Date(1704439510000)/",4490,1200,2975100,13405000000,-20,false,-0.44
"TTF",142605,"/Date(1704439501000)/",4490,16000,2973900,13400000000,-20,false,-0.44
"TTF",142555,"/Date(1704439491000)/",4480,1500,2957900,13328000000,-30,true,-0.67
"TTF",142552,"/Date(1704439490000)/",4490,100,2956400,13322000000,-20,false,-0.44
"TTF",142552,"/Date(1704439489000)/",4490,1000,2956300,13321000000,-20,false,-0.44
"TTF",142539,"/Date(1704439477000)/",4490,1000,2955300,13317000000,-20,false,-0.44
"TTF",142539,"/Date(1704439476000)/",4490,6000,2954300,13312000000,-20,false,-0.44
"TTF",142510,"/Date(1704439447000)/",4480,900,2948300,13285000000,-30,true,-0.67
"TTF",142510,"/Date(1704439447000)/",4480,1500,2947400,13281000000,-30,true,-0.67
"TTF",142510,"/Date(1704439447000)/",4480,500,2945900,13274000000,-30,true,-0.67
"TTF",142510,"/Date(1704439447000)/",4480,700,2945400,13272000000,-30,true,-0.67
"TTF",142510,"/Date(1704439447000)/",4480,100,2944700,13269000000,-30,true,-0.67
"TTF",142510,"/Date(1704439447000)/",4480,300,2944600,13269000000,-30,true,-0.67
"TTF",142438,"/Date(1704439416000)/",4480,700,2944300,13267000000,-30,true,-0.67
"TTF",142438,"/Date(1704439416000)/",4480,4700,2943600,13264000000,-30,true,-0.67
"TTF",142419,"/Date(1704439395000)/",4490,500,2938900,13243000000,-20,false,-0.44
"TTF",142409,"/Date(1704439388000)/",4490,1000,2938400,13241000000,-20,false,-0.44
"TTF",142409,"/Date(1704439385000)/",4490,100,2937400,13236000000,-20,false,-0.44
"TTF",142409,"/Date(1704439385000)/",4490,200,2937300,13236000000,-20,false,-0.44
"TTF",142409,"/Date(1704439385000)/",4490,5000,2937100,13235000000,-20,false,-0.44
"TTF",142409,"/Date(1704439385000)/",4490,2500,2932100,13213000000,-20,false,-0.44
"TTF",142409,"/Date(1704439385000)/",4490,500,2929600,13201000000,-20,false,-0.44
"TTF",142409,"/Date(1704439385000)/",4490,1000,2929100,13199000000,-20,false,-0.44
"TTF",142409,"/Date(1704439385000)/",4490,3000,2928100,13195000000,-20,false,-0.44
"TTF",142409,"/Date(1704439385000)/",4490,4000,2925100,13181000000,-20,false,-0.44
"TTF",142409,"/Date(1704439385000)/",4490,1000,2921100,13163000000,-20,false,-0.44
"TTF",142409,"/Date(1704439385000)/",4490,5000,2920100,13159000000,-20,false,-0.44
"TTF",142409,"/Date(1704439385000)/",4490,900,2915100,13136000000,-20,false,-0.44
"TTF",142337,"/Date(1704439355000)/",4490,1000,2914200,13132000000,-20,true,-0.44
"TTF",142305,"/Date(1704439324000)/",4490,100,2913200,13128000000,-20,false,-0.44
"TTF",142302,"/Date(1704439320000)/",4490,100,2913100,13127000000,-20,false,-0.44
"TTF",142252,"/Date(1704439311000)/",4490,500,2913000,13127000000,-20,false,-0.44
"TTF",142252,"/Date(1704439310000)/",4490,1000,2912500,13125000000,-20,false,-0.44
"TTF",142243,"/Date(1704439301000)/",4490,500,2911500,13120000000,-20,false,-0.44
"TTF",142240,"/Date(1704439295000)/",4490,5000,2911000,13118000000,-20,false,-0.44
"TTF",142233,"/Date(1704439289000)/",4490,100,2906000,13095000000,-20,false,-0.44
"TTF",142230,"/Date(1704439286000)/",4490,100,2905900,13095000000,-20,false,-0.44
"TTF",142223,"/Date(1704439280000)/",4490,100,2905800,13094000000,-20,false,-0.44
"TTF",142220,"/Date(1704439279000)/",4490,1000,2905700,13094000000,-20,false,-0.44
"TTF",142217,"/Date(1704439275000)/",4490,1100,2904700,13089000000,-20,false,-0.44
"TTF",142214,"/Date(1704439271000)/",4490,3000,2903600,13085000000,-20,true,-0.44
"TTF",142214,"/Date(1704439271000)/",4490,2000,2900600,13071000000,-20,true,-0.44
"TTF",142214,"/Date(1704439271000)/",4490,1000,2898600,13062000000,-20,true,-0.44
"TTF",142214,"/Date(1704439271000)/",4490,3000,2897600,13058000000,-20,true,-0.44
"TTF",142214,"/Date(1704439271000)/",4490,100,2894600,13044000000,-20,true,-0.44
"TTF",142214,"/Date(1704439271000)/",4490,1300,2894500,13044000000,-20,true,-0.44
"TTF",142135,"/Date(1704439234000)/",4500,300,2893200,13038000000,-10,false,-0.22
"TTF",142113,"/Date(1704439209000)/",4490,3700,2892900,13037000000,-20,false,-0.44
"TTF",142103,"/Date(1704439200000)/",4490,1000,2889200,13020000000,-20,false,-0.44
"TTF",142054,"/Date(1704439191000)/",4490,200,2888200,13015000000,-20,false,-0.44
"TTF",142054,"/Date(1704439191000)/",4490,500,2888000,13015000000,-20,false,-0.44
"TTF",142054,"/Date(1704439191000)/",4490,5000,2887500,13012000000,-20,false,-0.44
"TTF",142054,"/Date(1704439191000)/",4490,600,2882500,12990000000,-20,false,-0.44
"TTF",142041,"/Date(1704439180000)/",4490,400,2881900,12987000000,-20,false,-0.44
"TTF",142041,"/Date(1704439177000)/",4490,300,2881500,12985000000,-20,false,-0.44
"TTF",142038,"/Date(1704439176000)/",4490,3400,2881200,12984000000,-20,false,-0.44
"TTF",142038,"/Date(1704439176000)/",4490,1000,2877800,12969000000,-20,false,-0.44
"TTF",142038,"/Date(1704439176000)/",4490,10000,2876800,12964000000,-20,false,-0.44
"TTF",142035,"/Date(1704439172000)/",4500,10000,2866800,12919000000,-10,false,-0.22
"TTF",142009,"/Date(1704439146000)/",4490,1000,2856800,12874000000,-20,true,-0.44
"TTF",142009,"/Date(1704439146000)/",4490,100,2855800,12870000000,-20,true,-0.44
"TTF",142009,"/Date(1704439146000)/",4490,100,2855700,12869000000,-20,true,-0.44
"TTF",142009,"/Date(1704439146000)/",4490,7700,2855600,12869000000,-20,true,-0.44
"TTF",141956,"/Date(1704439134000)/",4490,2100,2847900,12834000000,-20,true,-0.44
"TTF",141943,"/Date(1704439119000)/",4490,200,2845800,12825000000,-20,true,-0.44
"TTF",141937,"/Date(1704439114000)/",4480,200,2845600,12824000000,-30,true,-0.67
"TTF",141927,"/Date(1704439106000)/",4480,5100,2845400,12823000000,-30,true,-0.67
"TTF",141927,"/Date(1704439106000)/",4480,2000,2840300,12800000000,-30,true,-0.67
"TTF",141927,"/Date(1704439106000)/",4480,200,2838300,12791000000,-30,true,-0.67
"TTF",141927,"/Date(1704439106000)/",4480,2000,2838100,12790000000,-30,true,-0.67
"TTF",141927,"/Date(1704439106000)/",4480,3000,2836100,12781000000,-30,true,-0.67
"TTF",141927,"/Date(1704439106000)/",4480,1000,2833100,12768000000,-30,true,-0.67
"TTF",141927,"/Date(1704439106000)/",4480,100,2832100,12764000000,-30,true,-0.67
"TTF",141927,"/Date(1704439106000)/",4480,1000,2832000,12763000000,-30,true,-0.67
"TTF",141927,"/Date(1704439106000)/",4480,5000,2831000,12759000000,-30,true,-0.67
"TTF",141927,"/Date(1704439106000)/",4480,100,2826000,12736000000,-30,true,-0.67
"TTF",141927,"/Date(1704439106000)/",4480,1000,2825900,12736000000,-30,true,-0.67
"TTF",141927,"/Date(1704439106000)/",4480,1000,2824900,12731000000,-30,true,-0.67
"TTF",141927,"/Date(1704439106000)/",4480,2000,2823900,12727000000,-30,true,-0.67
"TTF",141927,"/Date(1704439106000)/",4480,500,2821900,12718000000,-30,true,-0.67
"TTF",141927,"/Date(1704439106000)/",4480,1000,2821400,12716000000,-30,true,-0.67
"TTF",141927,"/Date(1704439106000)/",4480,5000,2820400,12711000000,-30,true,-0.67
"TTF",141924,"/Date(1704439100000)/",4480,25000,2815400,12689000000,-30,true,-0.67
"TTF",141924,"/Date(1704439100000)/",4480,100,2790400,12577000000,-30,true,-0.67
"TTF",141924,"/Date(1704439100000)/",4480,500,2790300,12576000000,-30,true,-0.67
"TTF",141924,"/Date(1704439100000)/",4480,4800,2789800,12574000000,-30,true,-0.67
"TTF",141924,"/Date(1704439100000)/",4490,500,2785000,12553000000,-20,false,-0.44
"TTF",141924,"/Date(1704439100000)/",4490,10000,2784500,12550000000,-20,false,-0.44
"TTF",141924,"/Date(1704439100000)/",4490,100,2774500,12505000000,-20,false,-0.44
"TTF",141924,"/Date(1704439100000)/",4490,1000,2774400,12505000000,-20,false,-0.44
"TTF",141924,"/Date(1704439100000)/",4490,1200,2773400,12500000000,-20,false,-0.44
"TTF",141924,"/Date(1704439100000)/",4490,1000,2772200,12495000000,-20,false,-0.44
"TTF",141924,"/Date(1704439100000)/",4490,39400,2771200,12491000000,-20,false,-0.44
"TTF",141917,"/Date(1704439095000)/",4500,100,2731800,12314000000,-10,false,-0.22
"TTF",141842,"/Date(1704439059000)/",4490,200,2731700,12313000000,-20,true,-0.44
"TTF",141839,"/Date(1704439055000)/",4500,1000,2731500,12312000000,-10,false,-0.22
"TTF",141836,"/Date(1704439053000)/",4500,1500,2730500,12308000000,-10,false,-0.22
"TTF",141832,"/Date(1704439051000)/",4490,10000,2729000,12301000000,-20,true,-0.44
"TTF",141829,"/Date(1704439046000)/",4490,400,2719000,12256000000,-20,true,-0.44
"TTF",141829,"/Date(1704439046000)/",4490,300,2718600,12254000000,-20,true,-0.44
"TTF",141829,"/Date(1704439046000)/",4490,500,2718300,12253000000,-20,true,-0.44
"TTF",141829,"/Date(1704439046000)/",4490,1000,2717800,12251000000,-20,true,-0.44
"TTF",141829,"/Date(1704439046000)/",4490,2000,2716800,12246000000,-20,true,-0.44
"TTF",141829,"/Date(1704439046000)/",4490,2100,2714800,12237000000,-20,true,-0.44
"TTF",141829,"/Date(1704439046000)/",4490,2700,2712700,12228000000,-20,true,-0.44
"TTF",141829,"/Date(1704439046000)/",4490,100,2710000,12216000000,-20,true,-0.44
"TTF",141823,"/Date(1704439040000)/",4490,3700,2709900,12215000000,-20,true,-0.44
"TTF",141735,"/Date(1704438993000)/",4490,100,2706200,12199000000,-20,true,-0.44
"TTF",141728,"/Date(1704438987000)/",4490,3400,2706100,12198000000,-20,true,-0.44
"TTF",141728,"/Date(1704438986000)/",4490,100,2702700,12183000000,-20,true,-0.44
"TTF",141728,"/Date(1704438985000)/",4490,7000,2702600,12183000000,-20,true,-0.44
"TTF",141728,"/Date(1704438985000)/",4490,500,2695600,12151000000,-20,true,-0.44
"TTF",141722,"/Date(1704438980000)/",4490,1000,2695100,12149000000,-20,false,-0.44
"TTF",141719,"/Date(1704438976000)/",4490,2100,2694100,12144000000,-20,false,-0.44
"TTF",141715,"/Date(1704438973000)/",4490,1000,2692000,12135000000,-20,false,-0.44
"TTF",141706,"/Date(1704438964000)/",4490,1000,2691000,12130000000,-20,false,-0.44
"TTF",141706,"/Date(1704438964000)/",4490,10000,2690000,12126000000,-20,false,-0.44
"TTF",141706,"/Date(1704438964000)/",4490,500,2680000,12081000000,-20,false,-0.44
"TTF",141706,"/Date(1704438964000)/",4490,1000,2679500,12079000000,-20,false,-0.44
"TTF",141706,"/Date(1704438964000)/",4490,500,2678500,12074000000,-20,false,-0.44
"TTF",141706,"/Date(1704438964000)/",4490,100,2678000,12072000000,-20,false,-0.44
"TTF",141706,"/Date(1704438964000)/",4490,1000,2677900,12072000000,-20,false,-0.44
"TTF",141706,"/Date(1704438964000)/",4490,5000,2676900,12067000000,-20,false,-0.44
"TTF",141706,"/Date(1704438964000)/",4490,5000,2671900,12045000000,-20,false,-0.44
"TTF",141706,"/Date(1704438964000)/",4490,200,2666900,12022000000,-20,false,-0.44
"TTF",141706,"/Date(1704438964000)/",4490,10600,2666700,12021000000,-20,false,-0.44
"TTF",141650,"/Date(1704438948000)/",4490,100,2656100,11974000000,-20,true,-0.44
"TTF",141621,"/Date(1704438920000)/",4490,9300,2656000,11973000000,-20,true,-0.44
"TTF",141621,"/Date(1704438920000)/",4490,200,2646700,11932000000,-20,true,-0.44
"TTF",141621,"/Date(1704438920000)/",4490,500,2646500,11931000000,-20,true,-0.44
"TTF",141542,"/Date(1704438880000)/",4500,200,2646000,11928000000,-10,false,-0.22
"TTF",141539,"/Date(1704438877000)/",4500,1000,2645800,11928000000,-10,false,-0.22
"TTF",141350,"/Date(1704438770000)/",4500,5500,2644800,11923000000,-10,false,-0.22
"TTF",141347,"/Date(1704438766000)/",4500,100,2639300,11898000000,-10,false,-0.22
"TTF",141331,"/Date(1704438749000)/",4490,500,2639200,11898000000,-20,true,-0.44
"TTF",141321,"/Date(1704438741000)/",4490,1000,2638700,11896000000,-20,true,-0.44
"TTF",141249,"/Date(1704438709000)/",4490,3000,2637700,11891000000,-20,true,-0.44
"TTF",141237,"/Date(1704438697000)/",4480,200,2634700,11878000000,-30,true,-0.67
"TTF",141237,"/Date(1704438697000)/",4480,3700,2634500,11877000000,-30,true,-0.67
"TTF",141211,"/Date(1704438671000)/",4480,400,2630800,11860000000,-30,true,-0.67
"TTF",141155,"/Date(1704438654000)/",4480,5900,2630400,11858000000,-30,false,-0.67
"TTF",141139,"/Date(1704438639000)/",4480,100,2624500,11832000000,-30,false,-0.67
"TTF",141139,"/Date(1704438639000)/",4480,100,2624400,11831000000,-30,false,-0.67
"TTF",141139,"/Date(1704438639000)/",4480,3900,2624300,11831000000,-30,false,-0.67
"TTF",141139,"/Date(1704438637000)/",4480,16100,2620400,11814000000,-30,false,-0.67
"TTF",141139,"/Date(1704438637000)/",4480,500,2604300,11741000000,-30,false,-0.67
"TTF",141139,"/Date(1704438637000)/",4480,200,2603800,11739000000,-30,false,-0.67
"TTF",141139,"/Date(1704438637000)/",4480,500,2603600,11738000000,-30,false,-0.67
"TTF",141139,"/Date(1704438637000)/",4480,2000,2603100,11736000000,-30,false,-0.67
"TTF",141139,"/Date(1704438637000)/",4480,8300,2601100,11727000000,-30,false,-0.67
"TTF",141139,"/Date(1704438637000)/",4480,500,2592800,11690000000,-30,false,-0.67
"TTF",141139,"/Date(1704438637000)/",4480,2000,2592300,11688000000,-30,false,-0.67
"TTF",141139,"/Date(1704438637000)/",4480,17000,2590300,11679000000,-30,false,-0.67
"TTF",141139,"/Date(1704438637000)/",4480,500,2573300,11603000000,-30,false,-0.67
"TTF",141139,"/Date(1704438637000)/",4480,100,2572800,11600000000,-30,false,-0.67
"TTF",141139,"/Date(1704438637000)/",4480,200,2572700,11600000000,-30,false,-0.67
"TTF",141139,"/Date(1704438637000)/",4480,2000,2572500,11599000000,-30,false,-0.67
"TTF",141139,"/Date(1704438637000)/",4480,100,2570500,11590000000,-30,false,-0.67
"TTF",141139,"/Date(1704438637000)/",4480,60000,2570400,11590000000,-30,false,-0.67
"TTF",141139,"/Date(1704438637000)/",4480,7000,2510400,11321000000,-30,false,-0.67
"TTF",141139,"/Date(1704438637000)/",4480,5000,2503400,11289000000,-30,false,-0.67
"TTF",141139,"/Date(1704438637000)/",4480,10000,2498400,11267000000,-30,false,-0.67
"TTF",141139,"/Date(1704438637000)/",4480,1000,2488400,11222000000,-30,false,-0.67
"TTF",141139,"/Date(1704438637000)/",4480,5000,2487400,11218000000,-30,false,-0.67
"TTF",141139,"/Date(1704438637000)/",4480,3000,2482400,11195000000,-30,false,-0.67
"TTF",141139,"/Date(1704438637000)/",4480,2000,2479400,11182000000,-30,false,-0.67
"TTF",141139,"/Date(1704438637000)/",4480,400,2477400,11173000000,-30,false,-0.67
"TTF",141139,"/Date(1704438637000)/",4480,500,2477000,11171000000,-30,false,-0.67
"TTF",141139,"/Date(1704438637000)/",4480,500,2476500,11169000000,-30,false,-0.67
"TTF",141139,"/Date(1704438637000)/",4480,1000,2476000,11167000000,-30,false,-0.67
"TTF",141139,"/Date(1704438637000)/",4480,7500,2475000,11162000000,-30,false,-0.67
"TTF",141139,"/Date(1704438637000)/",4480,1000,2467500,11129000000,-30,false,-0.67
"TTF",141139,"/Date(1704438637000)/",4480,3600,2466500,11124000000,-30,false,-0.67
"TTF",141139,"/Date(1704438637000)/",4480,100,2462900,11108000000,-30,false,-0.67
"TTF",141139,"/Date(1704438637000)/",4480,1000,2462800,11107000000,-30,false,-0.67
"TTF",141139,"/Date(1704438637000)/",4480,300,2461800,11103000000,-30,false,-0.67
"TTF",141139,"/Date(1704438637000)/",4480,1000,2461500,11102000000,-30,false,-0.67
"TTF",141139,"/Date(1704438637000)/",4480,300,2460500,11097000000,-30,false,-0.67
"TTF",141139,"/Date(1704438637000)/",4480,100,2460200,11096000000,-30,false,-0.67
"TTF",141139,"/Date(1704438637000)/",4480,100,2460100,11095000000,-30,false,-0.67
"TTF",141139,"/Date(1704438637000)/",4480,100,2460000,11095000000,-30,false,-0.67
"TTF",141139,"/Date(1704438637000)/",4480,200,2459900,11095000000,-30,false,-0.67
"TTF",141139,"/Date(1704438637000)/",4480,100,2459700,11094000000,-30,false,-0.67
"TTF",141139,"/Date(1704438637000)/",4480,100,2459600,11093000000,-30,false,-0.67
"TTF",141139,"/Date(1704438637000)/",4480,1000,2459500,11093000000,-30,false,-0.67
"TTF",141139,"/Date(1704438637000)/",4480,5000,2458500,11088000000,-30,false,-0.67
"TTF",141139,"/Date(1704438637000)/",4480,20000,2453500,11066000000,-30,false,-0.67
"TTF",141139,"/Date(1704438637000)/",4480,100,2433500,10976000000,-30,false,-0.67
"TTF",141139,"/Date(1704438637000)/",4480,24400,2433400,10976000000,-30,false,-0.67
"TTF",141139,"/Date(1704438637000)/",4490,100,2409000,10866000000,-20,false,-0.44
"TTF",141139,"/Date(1704438637000)/",4490,500,2408900,10866000000,-20,false,-0.44
"TTF",141139,"/Date(1704438637000)/",4490,500,2408400,10864000000,-20,false,-0.44
"TTF",141139,"/Date(1704438637000)/",4490,1000,2407900,10862000000,-20,false,-0.44
"TTF",141139,"/Date(1704438637000)/",4490,100,2406900,10857000000,-20,false,-0.44
"TTF",141139,"/Date(1704438637000)/",4490,1000,2406800,10857000000,-20,false,-0.44
"TTF",141139,"/Date(1704438637000)/",4490,100,2405800,10852000000,-20,false,-0.44
"TTF",141139,"/Date(1704438637000)/",4490,1000,2405700,10852000000,-20,false,-0.44
"TTF",141139,"/Date(1704438637000)/",4490,30000,2404700,10847000000,-20,false,-0.44
"TTF",141139,"/Date(1704438637000)/",4490,50000,2374700,10712000000,-20,false,-0.44
"TTF",141139,"/Date(1704438637000)/",4490,1000,2324700,10488000000,-20,false,-0.44
"TTF",141139,"/Date(1704438637000)/",4490,500,2323700,10483000000,-20,false,-0.44
"TTF",141139,"/Date(1704438637000)/",4490,500,2323200,10481000000,-20,false,-0.44
"TTF",141139,"/Date(1704438637000)/",4490,200,2322700,10479000000,-20,false,-0.44
"TTF",141139,"/Date(1704438637000)/",4500,100,2322500,10478000000,-10,false,-0.22
"TTF",141139,"/Date(1704438637000)/",4500,100,2322400,10478000000,-10,false,-0.22
"TTF",141139,"/Date(1704438637000)/",4500,800,2322300,10477000000,-10,false,-0.22
"TTF",141139,"/Date(1704438637000)/",4500,500,2321500,10474000000,-10,false,-0.22
"TTF",141139,"/Date(1704438637000)/",4500,5000,2321000,10471000000,-10,false,-0.22
"TTF",141139,"/Date(1704438637000)/",4500,5900,2316000,10449000000,-10,false,-0.22
"TTF",141139,"/Date(1704438637000)/",4500,500,2310100,10422000000,-10,false,-0.22
"TTF",141139,"/Date(1704438637000)/",4500,5000,2309600,10420000000,-10,false,-0.22
"TTF",141139,"/Date(1704438637000)/",4500,500,2304600,10398000000,-10,false,-0.22
"TTF",141139,"/Date(1704438637000)/",4500,100,2304100,10395000000,-10,false,-0.22
"TTF",141139,"/Date(1704438637000)/",4500,100,2304000,10395000000,-10,false,-0.22
"TTF",141139,"/Date(1704438637000)/",4500,2900,2303900,10394000000,-10,false,-0.22
"TTF",141139,"/Date(1704438637000)/",4500,5000,2301000,10381000000,-10,false,-0.22
"TTF",141139,"/Date(1704438637000)/",4500,5000,2296000,10359000000,-10,false,-0.22
"TTF",141139,"/Date(1704438637000)/",4500,5000,2291000,10336000000,-10,false,-0.22
"TTF",141139,"/Date(1704438637000)/",4500,500,2286000,10314000000,-10,false,-0.22
"TTF",141139,"/Date(1704438637000)/",4500,5000,2285500,10312000000,-10,false,-0.22
"TTF",141139,"/Date(1704438637000)/",4500,10000,2280500,10289000000,-10,false,-0.22
"TTF",141139,"/Date(1704438637000)/",4500,100,2270500,10244000000,-10,false,-0.22
"TTF",141136,"/Date(1704438635000)/",4500,1000,2270400,10244000000,-10,true,-0.22
"TTF",141107,"/Date(1704438605000)/",4510,500,2269400,10239000000,0,true,0
"TTF",141107,"/Date(1704438605000)/",4510,500,2268900,10237000000,0,true,0
"TTF",141107,"/Date(1704438605000)/",4510,5000,2268400,10235000000,0,true,0
"TTF",141107,"/Date(1704438605000)/",4510,100,2263400,10212000000,0,true,0
"TTF",141107,"/Date(1704438605000)/",4510,1000,2263300,10212000000,0,true,0
"TTF",141107,"/Date(1704438605000)/",4510,2000,2262300,10207000000,0,true,0
"TTF",141107,"/Date(1704438605000)/",4510,2400,2260300,10198000000,0,true,0
"TTF",140810,"/Date(1704438429000)/",4510,100,2257900,10187000000,0,true,0
"TTF",140748,"/Date(1704438405000)/",4510,2500,2257800,10187000000,0,true,0
"TTF",140748,"/Date(1704438405000)/",4510,300,2255300,10176000000,0,true,0
"TTF",140748,"/Date(1704438405000)/",4510,1200,2255000,10174000000,0,true,0
"TTF",140728,"/Date(1704438388000)/",4520,8200,2253800,10169000000,10,false,0.22
"TTF",140728,"/Date(1704438388000)/",4520,1800,2245600,10132000000,10,false,0.22
"TTF",140552,"/Date(1704438292000)/",4510,1500,2243800,10124000000,0,true,0
"TTF",140546,"/Date(1704438285000)/",4520,200,2242300,10117000000,10,false,0.22
"TTF",140546,"/Date(1704438285000)/",4520,3300,2242100,10116000000,10,false,0.22
"TTF",140546,"/Date(1704438285000)/",4520,200,2238800,10101000000,10,false,0.22
"TTF",140546,"/Date(1704438285000)/",4520,200,2238600,10100000000,10,false,0.22
"TTF",140448,"/Date(1704438227000)/",4510,300,2238400,10099000000,0,true,0
"TTF",140442,"/Date(1704438221000)/",4510,3000,2238100,10098000000,0,false,0
"TTF",140438,"/Date(1704438218000)/",4510,5000,2235100,10084000000,0,false,0
"TTF",140403,"/Date(1704438183000)/",4510,4000,2230100,10062000000,0,false,0
"TTF",140334,"/Date(1704438153000)/",4500,3900,2226100,10044000000,-10,true,-0.22
"TTF",140334,"/Date(1704438153000)/",4500,100,2222200,10026000000,-10,true,-0.22
"TTF",140259,"/Date(1704438119000)/",4510,100,2222100,10026000000,0,false,0
"TTF",140256,"/Date(1704438116000)/",4510,1000,2222000,10025000000,0,false,0
"TTF",140224,"/Date(1704438084000)/",4500,100,2221000,10021000000,-10,true,-0.22
"TTF",140224,"/Date(1704438084000)/",4500,200,2220900,10020000000,-10,true,-0.22
"TTF",140224,"/Date(1704438084000)/",4500,2000,2220700,10019000000,-10,true,-0.22
"TTF",140224,"/Date(1704438084000)/",4500,2200,2218700,10010000000,-10,true,-0.22
"TTF",140201,"/Date(1704438060000)/",4500,500,2216500,10001000000,-10,true,-0.22
"TTF",140129,"/Date(1704438030000)/",4500,400,2216000,9998000000,-10,false,-0.22
"TTF",140129,"/Date(1704438030000)/",4500,4900,2215600,9996000000,-10,false,-0.22
"TTF",140123,"/Date(1704438024000)/",4500,20000,2210700,9974000000,-10,false,-0.22
"TTF",140120,"/Date(1704438019000)/",4500,100,2190700,9884000000,-10,false,-0.22
"TTF",140116,"/Date(1704438015000)/",4490,2000,2190600,9884000000,-20,true,-0.44
"TTF",140113,"/Date(1704438014000)/",4500,1000,2188600,9875000000,-10,false,-0.22
"TTF",140103,"/Date(1704438003000)/",4500,500,2187600,9870000000,-10,false,-0.22
"TTF",140100,"/Date(1704437999000)/",4500,100,2187100,9868000000,-10,false,-0.22
"TTF",140054,"/Date(1704437995000)/",4500,1000,2187000,9868000000,-10,false,-0.22
"TTF",135943,"/Date(1704437922000)/",4480,800,2186000,9863000000,-30,true,-0.67
"TTF",135943,"/Date(1704437922000)/",4490,1000,2185200,9860000000,-20,true,-0.44
"TTF",135943,"/Date(1704437922000)/",4490,200,2184200,9855000000,-20,true,-0.44
"TTF",135911,"/Date(1704437892000)/",4480,1800,2184000,9854000000,-30,true,-0.67
"TTF",135911,"/Date(1704437892000)/",4490,100,2182200,9846000000,-20,true,-0.44
"TTF",135911,"/Date(1704437892000)/",4490,100,2182100,9846000000,-20,true,-0.44
"TTF",135904,"/Date(1704437884000)/",4490,200,2182000,9845000000,-20,true,-0.44
"TTF",135904,"/Date(1704437884000)/",4490,200,2181800,9844000000,-20,true,-0.44
"TTF",135904,"/Date(1704437884000)/",4490,100,2181600,9844000000,-20,true,-0.44
"TTF",135904,"/Date(1704437884000)/",4490,500,2181500,9843000000,-20,true,-0.44
"TTF",135904,"/Date(1704437884000)/",4490,1000,2181000,9841000000,-20,true,-0.44
"TTF",135845,"/Date(1704437865000)/",4490,5000,2180000,9836000000,-20,false,-0.44
"TTF",135845,"/Date(1704437865000)/",4490,14000,2175000,9814000000,-20,false,-0.44
"TTF",135842,"/Date(1704437863000)/",4480,10000,2161000,9751000000,-30,true,-0.67
"TTF",135842,"/Date(1704437862000)/",4480,3000,2151000,9706000000,-30,true,-0.67
"TTF",135839,"/Date(1704437861000)/",4490,500,2148000,9693000000,-20,false,-0.44
"TTF",135839,"/Date(1704437858000)/",4490,2000,2147500,9691000000,-20,false,-0.44
"TTF",135816,"/Date(1704437838000)/",4490,3600,2145500,9682000000,-20,false,-0.44
"TTF",135813,"/Date(1704437833000)/",4490,100,2141900,9665000000,-20,false,-0.44
"TTF",135810,"/Date(1704437832000)/",4490,1000,2141800,9665000000,-20,false,-0.44
"TTF",135804,"/Date(1704437824000)/",4490,2000,2140800,9660000000,-20,false,-0.44
"TTF",135804,"/Date(1704437823000)/",4490,1000,2138800,9652000000,-20,false,-0.44
"TTF",135757,"/Date(1704437817000)/",4490,100,2137800,9647000000,-20,false,-0.44
"TTF",135754,"/Date(1704437813000)/",4490,100,2137700,9647000000,-20,true,-0.44
"TTF",135754,"/Date(1704437813000)/",4490,400,2137600,9646000000,-20,true,-0.44
"TTF",135754,"/Date(1704437813000)/",4490,2200,2137200,9644000000,-20,true,-0.44
"TTF",135748,"/Date(1704437807000)/",4490,800,2135000,9634000000,-20,true,-0.44
"TTF",135748,"/Date(1704437807000)/",4490,1000,2134200,9631000000,-20,true,-0.44
"TTF",135741,"/Date(1704437801000)/",4490,1000,2133200,9626000000,-20,true,-0.44
"TTF",135741,"/Date(1704437801000)/",4490,200,2132200,9622000000,-20,true,-0.44
"TTF",135741,"/Date(1704437801000)/",4490,200,2132000,9621000000,-20,true,-0.44
"TTF",135741,"/Date(1704437801000)/",4490,500,2131800,9620000000,-20,true,-0.44
"TTF",135741,"/Date(1704437801000)/",4490,3000,2131300,9618000000,-20,true,-0.44
"TTF",135741,"/Date(1704437801000)/",4490,500,2128300,9604000000,-20,true,-0.44
"TTF",135741,"/Date(1704437801000)/",4490,1000,2127800,9602000000,-20,true,-0.44
"TTF",135741,"/Date(1704437801000)/",4490,100,2126800,9598000000,-20,true,-0.44
"TTF",135741,"/Date(1704437801000)/",4490,100,2126700,9597000000,-20,true,-0.44
"TTF",135741,"/Date(1704437801000)/",4490,100,2126600,9597000000,-20,true,-0.44
"TTF",135741,"/Date(1704437801000)/",4490,9000,2126500,9596000000,-20,true,-0.44
"TTF",135741,"/Date(1704437801000)/",4490,4000,2117500,9556000000,-20,true,-0.44
"TTF",135741,"/Date(1704437801000)/",4490,500,2113500,9538000000,-20,true,-0.44
"TTF",135741,"/Date(1704437801000)/",4490,200,2113000,9536000000,-20,true,-0.44
"TTF",135741,"/Date(1704437801000)/",4490,2000,2112800,9535000000,-20,true,-0.44
"TTF",135741,"/Date(1704437801000)/",4490,10000,2110800,9526000000,-20,true,-0.44
"TTF",135741,"/Date(1704437801000)/",4490,10000,2100800,9481000000,-20,true,-0.44
"TTF",135741,"/Date(1704437801000)/",4490,7000,2090800,9436000000,-20,true,-0.44
"TTF",135741,"/Date(1704437801000)/",4490,1000,2083800,9405000000,-20,true,-0.44
"TTF",135741,"/Date(1704437801000)/",4490,200,2082800,9400000000,-20,true,-0.44
"TTF",135741,"/Date(1704437801000)/",4490,14700,2082600,9399000000,-20,true,-0.44
"TTF",135735,"/Date(1704437794000)/",4490,5200,2067900,9333000000,-20,true,-0.44
"TTF",135709,"/Date(1704437769000)/",4490,100,2062700,9310000000,-20,true,-0.44
"TTF",135709,"/Date(1704437769000)/",4490,100,2062600,9309000000,-20,true,-0.44
"TTF",135653,"/Date(1704437755000)/",4500,700,2062500,9309000000,-10,false,-0.22
"TTF",135643,"/Date(1704437744000)/",4490,500,2061800,9306000000,-20,true,-0.44
"TTF",135611,"/Date(1704437712000)/",4500,2700,2061300,9304000000,-10,false,-0.22
"TTF",135555,"/Date(1704437695000)/",4500,700,2058600,9291000000,-10,false,-0.22
"TTF",135555,"/Date(1704437695000)/",4500,5000,2057900,9288000000,-10,false,-0.22
"TTF",135555,"/Date(1704437695000)/",4500,200,2052900,9266000000,-10,false,-0.22
"TTF",135555,"/Date(1704437695000)/",4500,300,2052700,9265000000,-10,false,-0.22
"TTF",135555,"/Date(1704437695000)/",4500,200,2052400,9263000000,-10,false,-0.22
"TTF",135555,"/Date(1704437695000)/",4500,100,2052200,9263000000,-10,false,-0.22
"TTF",135555,"/Date(1704437695000)/",4500,200,2052100,9262000000,-10,false,-0.22
"TTF",135555,"/Date(1704437695000)/",4500,6900,2051900,9261000000,-10,false,-0.22
"TTF",135555,"/Date(1704437695000)/",4500,10000,2045000,9230000000,-10,false,-0.22
"TTF",135555,"/Date(1704437695000)/",4500,1000,2035000,9185000000,-10,false,-0.22
"TTF",135555,"/Date(1704437695000)/",4500,5900,2034000,9181000000,-10,false,-0.22
"TTF",135533,"/Date(1704437674000)/",4500,2000,2028100,9154000000,-10,true,-0.22
"TTF",135435,"/Date(1704437618000)/",4500,600,2026100,9145000000,-10,true,-0.22
"TTF",135435,"/Date(1704437618000)/",4500,1300,2025500,9142000000,-10,true,-0.22
"TTF",135435,"/Date(1704437618000)/",4500,5000,2024200,9137000000,-10,true,-0.22
"TTF",135435,"/Date(1704437618000)/",4500,3100,2019200,9114000000,-10,true,-0.22
"TTF",135435,"/Date(1704437617000)/",4500,100,2016100,9100000000,-10,true,-0.22
"TTF",135413,"/Date(1704437594000)/",4500,1000,2016000,9100000000,-10,true,-0.22
"TTF",135328,"/Date(1704437548000)/",4500,300,2015000,9095000000,-10,true,-0.22
"TTF",135315,"/Date(1704437536000)/",4500,500,2014700,9094000000,-10,false,-0.22
"TTF",135305,"/Date(1704437528000)/",4500,1000,2014200,9092000000,-10,false,-0.22
"TTF",135302,"/Date(1704437524000)/",4500,1000,2013200,9087000000,-10,false,-0.22
"TTF",135302,"/Date(1704437522000)/",4500,2500,2012200,9083000000,-10,false,-0.22
"TTF",135302,"/Date(1704437522000)/",4500,900,2009700,9071000000,-10,false,-0.22
"TTF",135302,"/Date(1704437522000)/",4500,200,2008800,9067000000,-10,false,-0.22
"TTF",135302,"/Date(1704437522000)/",4500,1100,2008600,9066000000,-10,false,-0.22
"TTF",135302,"/Date(1704437522000)/",4500,300,2007500,9061000000,-10,false,-0.22
"TTF",135249,"/Date(1704437510000)/",4500,1000,2007200,9060000000,-10,false,-0.22
"TTF",135239,"/Date(1704437501000)/",4500,3200,2006200,9056000000,-10,false,-0.22
"TTF",135239,"/Date(1704437501000)/",4500,9500,2003000,9041000000,-10,false,-0.22
"TTF",135236,"/Date(1704437496000)/",4500,500,1993500,8998000000,-10,false,-0.22
"TTF",135236,"/Date(1704437496000)/",4500,500,1993000,8996000000,-10,false,-0.22
"TTF",135151,"/Date(1704437453000)/",4500,100,1992500,8994000000,-10,false,-0.22
"TTF",135126,"/Date(1704437426000)/",4500,2000,1992400,8993000000,-10,false,-0.22
"TTF",135110,"/Date(1704437411000)/",4500,1800,1990400,8984000000,-10,false,-0.22
"TTF",135057,"/Date(1704437398000)/",4500,1100,1988600,8976000000,-10,false,-0.22
"TTF",135054,"/Date(1704437397000)/",4500,100,1987500,8971000000,-10,true,-0.22
"TTF",135054,"/Date(1704437397000)/",4500,2400,1987400,8971000000,-10,true,-0.22
"TTF",135054,"/Date(1704437397000)/",4500,10000,1985000,8960000000,-10,true,-0.22
"TTF",135054,"/Date(1704437397000)/",4500,3000,1975000,8915000000,-10,true,-0.22
"TTF",135054,"/Date(1704437397000)/",4500,200,1972000,8902000000,-10,true,-0.22
"TTF",135054,"/Date(1704437397000)/",4500,2000,1971800,8901000000,-10,true,-0.22
"TTF",135054,"/Date(1704437397000)/",4500,500,1969800,8892000000,-10,true,-0.22
"TTF",135025,"/Date(1704437367000)/",4500,5400,1969300,8890000000,-10,true,-0.22
"TTF",135022,"/Date(1704437363000)/",4500,100,1963900,8865000000,-10,true,-0.22
"TTF",135018,"/Date(1704437360000)/",4500,4000,1963800,8865000000,-10,true,-0.22
"TTF",135018,"/Date(1704437360000)/",4500,100,1959800,8847000000,-10,true,-0.22
"TTF",135018,"/Date(1704437360000)/",4500,5000,1959700,8846000000,-10,true,-0.22
"TTF",135018,"/Date(1704437360000)/",4500,500,1954700,8824000000,-10,true,-0.22
"TTF",135018,"/Date(1704437360000)/",4500,1000,1954200,8822000000,-10,true,-0.22
"TTF",135018,"/Date(1704437360000)/",4500,200,1953200,8817000000,-10,true,-0.22
"TTF",135018,"/Date(1704437360000)/",4500,1000,1953000,8816000000,-10,true,-0.22
"TTF",135018,"/Date(1704437360000)/",4500,10000,1952000,8812000000,-10,true,-0.22
"TTF",135018,"/Date(1704437360000)/",4500,1800,1942000,8767000000,-10,true,-0.22
"TTF",135018,"/Date(1704437360000)/",4500,38000,1940200,8759000000,-10,true,-0.22
"TTF",135018,"/Date(1704437360000)/",4500,1000,1902200,8588000000,-10,true,-0.22
"TTF",135018,"/Date(1704437360000)/",4500,1000,1901200,8583000000,-10,true,-0.22
"TTF",135018,"/Date(1704437360000)/",4500,500,1900200,8579000000,-10,true,-0.22
"TTF",135018,"/Date(1704437360000)/",4500,3000,1899700,8576000000,-10,true,-0.22
"TTF",135018,"/Date(1704437360000)/",4500,4400,1896700,8563000000,-10,true,-0.22
"TTF",135018,"/Date(1704437360000)/",4500,700,1892300,8543000000,-10,true,-0.22
"TTF",135018,"/Date(1704437360000)/",4500,100,1891600,8540000000,-10,true,-0.22
"TTF",135018,"/Date(1704437360000)/",4500,1000,1891500,8539000000,-10,true,-0.22
"TTF",135018,"/Date(1704437360000)/",4500,10000,1890500,8535000000,-10,true,-0.22
"TTF",135018,"/Date(1704437360000)/",4500,3000,1880500,8490000000,-10,true,-0.22
"TTF",134930,"/Date(1704437314000)/",4510,200,1877500,8476000000,0,true,0
"TTF",134930,"/Date(1704437314000)/",4510,200,1877300,8476000000,0,true,0
"TTF",134930,"/Date(1704437314000)/",4510,1000,1877100,8475000000,0,true,0
"TTF",134930,"/Date(1704437314000)/",4510,400,1876100,8470000000,0,true,0
"TTF",134930,"/Date(1704437314000)/",4510,2100,1875700,8468000000,0,true,0
"TTF",134930,"/Date(1704437314000)/",4510,10000,1873600,8459000000,0,true,0
"TTF",134930,"/Date(1704437314000)/",4510,5000,1863600,8414000000,0,true,0
"TTF",134930,"/Date(1704437314000)/",4510,1000,1858600,8391000000,0,true,0
"TTF",134930,"/Date(1704437314000)/",4510,200,1857600,8387000000,0,true,0
"TTF",134930,"/Date(1704437314000)/",4510,1000,1857400,8386000000,0,true,0
"TTF",134930,"/Date(1704437314000)/",4510,2000,1856400,8381000000,0,true,0
"TTF",134930,"/Date(1704437314000)/",4510,3500,1854400,8372000000,0,true,0
"TTF",134855,"/Date(1704437277000)/",4510,2500,1850900,8356000000,0,true,0
"TTF",134855,"/Date(1704437277000)/",4510,100,1848400,8345000000,0,true,0
"TTF",134855,"/Date(1704437277000)/",4510,900,1848300,8345000000,0,true,0
"TTF",134845,"/Date(1704437268000)/",4510,100,1847400,8341000000,0,true,0
"TTF",134845,"/Date(1704437268000)/",4510,4900,1847300,8340000000,0,true,0
"TTF",134813,"/Date(1704437235000)/",4510,1000,1842400,8318000000,0,true,0
"TTF",134738,"/Date(1704437200000)/",4510,500,1841400,8314000000,0,true,0
"TTF",134738,"/Date(1704437200000)/",4520,100,1840900,8311000000,10,false,0.22
"TTF",134725,"/Date(1704437188000)/",4510,3600,1840800,8311000000,0,true,0
"TTF",134725,"/Date(1704437188000)/",4510,500,1837200,8295000000,0,true,0
"TTF",134650,"/Date(1704437152000)/",4520,2700,1836700,8292000000,10,true,0.22
"TTF",134618,"/Date(1704437120000)/",4520,700,1834000,8280000000,10,true,0.22
"TTF",134615,"/Date(1704437119000)/",4520,1100,1833300,8277000000,10,true,0.22
"TTF",134540,"/Date(1704437082000)/",4520,2200,1832200,8272000000,10,false,0.22
"TTF",134540,"/Date(1704437082000)/",4520,3000,1830000,8262000000,10,false,0.22
"TTF",134540,"/Date(1704437082000)/",4520,100,1827000,8249000000,10,false,0.22
"TTF",134540,"/Date(1704437082000)/",4520,200,1826900,8248000000,10,false,0.22
"TTF",134501,"/Date(1704437045000)/",4520,300,1826700,8247000000,10,false,0.22
"TTF",134435,"/Date(1704437020000)/",4520,500,1826400,8246000000,10,false,0.22
"TTF",134435,"/Date(1704437020000)/",4520,100,1825900,8244000000,10,false,0.22
"TTF",134435,"/Date(1704437020000)/",4520,100,1825800,8243000000,10,false,0.22
"TTF",134435,"/Date(1704437020000)/",4520,2300,1825700,8243000000,10,false,0.22
"TTF",134432,"/Date(1704437016000)/",4520,700,1823400,8232000000,10,false,0.22
"TTF",134432,"/Date(1704437016000)/",4520,1100,1822700,8229000000,10,false,0.22
"TTF",134416,"/Date(1704436999000)/",4520,500,1821600,8224000000,10,false,0.22
"TTF",134416,"/Date(1704436999000)/",4520,100,1821100,8222000000,10,false,0.22
"TTF",134416,"/Date(1704436999000)/",4520,3400,1821000,8221000000,10,false,0.22
"TTF",134338,"/Date(1704436962000)/",4520,5000,1817600,8206000000,10,false,0.22
"TTF",134117,"/Date(1704436822000)/",4520,5000,1812600,8183000000,10,true,0.22
"TTF",134117,"/Date(1704436822000)/",4520,4300,1807600,8161000000,10,true,0.22
"TTF",134117,"/Date(1704436822000)/",4520,2300,1803300,8141000000,10,true,0.22
"TTF",134114,"/Date(1704436818000)/",4520,100,1801000,8131000000,10,true,0.22
"TTF",134006,"/Date(1704436750000)/",4520,200,1800900,8131000000,10,true,0.22
"TTF",133953,"/Date(1704436738000)/",4520,500,1800700,8130000000,10,true,0.22
"TTF",133902,"/Date(1704436687000)/",4520,500,1800200,8127000000,10,true,0.22
"TTF",133849,"/Date(1704436674000)/",4520,2300,1799700,8125000000,10,true,0.22
"TTF",133827,"/Date(1704436651000)/",4520,200,1797400,8115000000,10,true,0.22
"TTF",133824,"/Date(1704436646000)/",4520,3900,1797200,8114000000,10,true,0.22
"TTF",133808,"/Date(1704436631000)/",4520,700,1793300,8096000000,10,false,0.22
"TTF",133808,"/Date(1704436631000)/",4520,300,1792600,8093000000,10,false,0.22
"TTF",133808,"/Date(1704436631000)/",4520,1000,1792300,8092000000,10,false,0.22
"TTF",133808,"/Date(1704436631000)/",4520,100,1791300,8087000000,10,false,0.22
"TTF",133808,"/Date(1704436631000)/",4520,4000,1791200,8087000000,10,false,0.22
"TTF",133739,"/Date(1704436603000)/",4530,500,1787200,8069000000,20,false,0.44
"TTF",133726,"/Date(1704436589000)/",4530,2500,1786700,8066000000,20,false,0.44
"TTF",133726,"/Date(1704436589000)/",4530,500,1784200,8055000000,20,false,0.44
"TTF",133651,"/Date(1704436553000)/",4520,200,1783700,8053000000,10,true,0.22
"TTF",133547,"/Date(1704436490000)/",4520,100,1783500,8052000000,10,true,0.22
"TTF",133531,"/Date(1704436475000)/",4520,2000,1783400,8051000000,10,true,0.22
"TTF",133521,"/Date(1704436464000)/",4520,3500,1781400,8042000000,10,true,0.22
"TTF",133521,"/Date(1704436464000)/",4520,800,1777900,8027000000,10,true,0.22
"TTF",133502,"/Date(1704436446000)/",4520,100,1777100,8023000000,10,false,0.22
"TTF",133455,"/Date(1704436441000)/",4520,1100,1777000,8023000000,10,false,0.22
"TTF",133455,"/Date(1704436441000)/",4520,10000,1775900,8018000000,10,false,0.22
"TTF",133455,"/Date(1704436441000)/",4520,1000,1765900,7972000000,10,false,0.22
"TTF",133455,"/Date(1704436441000)/",4520,100,1764900,7968000000,10,false,0.22
"TTF",133455,"/Date(1704436441000)/",4520,1300,1764800,7967000000,10,false,0.22
"TTF",133257,"/Date(1704436321000)/",4520,100,1763500,7962000000,10,false,0.22
"TTF",133257,"/Date(1704436321000)/",4520,100,1763400,7961000000,10,false,0.22
"TTF",133257,"/Date(1704436321000)/",4520,500,1763300,7961000000,10,false,0.22
"TTF",133221,"/Date(1704436285000)/",4520,2000,1762800,7958000000,10,false,0.22
"TTF",133143,"/Date(1704436247000)/",4530,2000,1760800,7949000000,20,false,0.44
"TTF",133143,"/Date(1704436247000)/",4530,5000,1758800,7940000000,20,false,0.44
"TTF",133143,"/Date(1704436247000)/",4530,25000,1753800,7918000000,20,false,0.44
"TTF",133143,"/Date(1704436247000)/",4530,700,1728800,7804000000,20,false,0.44
"TTF",133143,"/Date(1704436247000)/",4520,10000,1728100,7801000000,10,false,0.22
"TTF",133143,"/Date(1704436247000)/",4520,1300,1718100,7756000000,10,false,0.22
"TTF",133130,"/Date(1704436234000)/",4520,700,1716800,7750000000,10,false,0.22
"TTF",133130,"/Date(1704436234000)/",4520,100,1716100,7747000000,10,false,0.22
"TTF",133130,"/Date(1704436234000)/",4520,200,1716000,7746000000,10,false,0.22
"TTF",133124,"/Date(1704436227000)/",4520,900,1715800,7746000000,10,false,0.22
"TTF",133036,"/Date(1704436182000)/",4520,200,1714900,7742000000,10,false,0.22
"TTF",133036,"/Date(1704436182000)/",4520,300,1714700,7741000000,10,false,0.22
"TTF",132944,"/Date(1704436129000)/",4520,100,1714400,7739000000,10,true,0.22
"TTF",132944,"/Date(1704436129000)/",4520,100,1714300,7739000000,10,true,0.22
"TTF",132932,"/Date(1704436116000)/",4520,400,1714200,7738000000,10,true,0.22
"TTF",132928,"/Date(1704436113000)/",4520,14500,1713800,7737000000,10,true,0.22
"TTF",132928,"/Date(1704436113000)/",4520,1000,1699300,7671000000,10,true,0.22
"TTF",132928,"/Date(1704436113000)/",4520,200,1698300,7666000000,10,true,0.22
"TTF",132928,"/Date(1704436113000)/",4520,300,1698100,7666000000,10,true,0.22
"TTF",132909,"/Date(1704436093000)/",4520,2700,1697800,7664000000,10,true,0.22
"TTF",132909,"/Date(1704436093000)/",4520,2300,1695100,7652000000,10,true,0.22
"TTF",132856,"/Date(1704436080000)/",4520,100,1692800,7642000000,10,true,0.22
"TTF",132840,"/Date(1704436064000)/",4520,2000,1692700,7641000000,10,true,0.22
"TTF",132821,"/Date(1704436046000)/",4520,600,1690700,7632000000,10,false,0.22
"TTF",132814,"/Date(1704436040000)/",4520,5000,1690100,7629000000,10,false,0.22
"TTF",132749,"/Date(1704436013000)/",4520,4400,1685100,7607000000,10,false,0.22
"TTF",132749,"/Date(1704436013000)/",4520,600,1680700,7587000000,10,false,0.22
"TTF",132746,"/Date(1704436011000)/",4520,200,1680100,7584000000,10,false,0.22
"TTF",132723,"/Date(1704435988000)/",4520,1200,1679900,7583000000,10,false,0.22
"TTF",132723,"/Date(1704435988000)/",4520,800,1678700,7578000000,10,false,0.22
"TTF",132651,"/Date(1704435957000)/",4520,300,1677900,7574000000,10,false,0.22
"TTF",132648,"/Date(1704435953000)/",4520,1000,1677600,7573000000,10,false,0.22
"TTF",132622,"/Date(1704435926000)/",4520,2900,1676600,7568000000,10,false,0.22
"TTF",132622,"/Date(1704435926000)/",4520,100,1673700,7555000000,10,false,0.22
"TTF",132622,"/Date(1704435926000)/",4520,500,1673600,7555000000,10,false,0.22
"TTF",132619,"/Date(1704435925000)/",4520,5000,1673100,7553000000,10,false,0.22
"TTF",132616,"/Date(1704435920000)/",4520,4500,1668100,7530000000,10,false,0.22
"TTF",132616,"/Date(1704435920000)/",4520,5500,1663600,7510000000,10,false,0.22
"TTF",132524,"/Date(1704435871000)/",4520,100,1658100,7485000000,10,false,0.22
"TTF",132508,"/Date(1704435852000)/",4520,4400,1658000,7484000000,10,false,0.22
"TTF",132508,"/Date(1704435852000)/",4520,3000,1653600,7464000000,10,false,0.22
"TTF",132508,"/Date(1704435852000)/",4520,100,1650600,7451000000,10,false,0.22
"TTF",132508,"/Date(1704435852000)/",4520,100,1650500,7450000000,10,false,0.22
"TTF",132508,"/Date(1704435852000)/",4520,300,1650400,7450000000,10,false,0.22
"TTF",132414,"/Date(1704435798000)/",4510,900,1650100,7449000000,0,true,0
"TTF",132414,"/Date(1704435798000)/",4510,100,1649200,7445000000,0,true,0
"TTF",132411,"/Date(1704435797000)/",4520,600,1649100,7444000000,10,false,0.22
"TTF",132348,"/Date(1704435773000)/",4520,100,1648500,7441000000,10,false,0.22
"TTF",132307,"/Date(1704435732000)/",4510,900,1648400,7441000000,0,true,0
"TTF",132307,"/Date(1704435732000)/",4510,300,1647500,7437000000,0,true,0
"TTF",132219,"/Date(1704435686000)/",4510,100,1647200,7436000000,0,true,0
"TTF",132156,"/Date(1704435664000)/",4510,100,1647100,7435000000,0,true,0
"TTF",132147,"/Date(1704435654000)/",4500,300,1647000,7435000000,-10,true,-0.22
"TTF",132137,"/Date(1704435642000)/",4510,1000,1646700,7433000000,0,false,0
"TTF",132124,"/Date(1704435632000)/",4510,1000,1645700,7429000000,0,false,0
"TTF",132059,"/Date(1704435607000)/",4510,500,1644700,7424000000,0,false,0
"TTF",132052,"/Date(1704435597000)/",4510,100,1644200,7422000000,0,false,0
"TTF",132046,"/Date(1704435591000)/",4510,200,1644100,7422000000,0,false,0
"TTF",132043,"/Date(1704435590000)/",4510,100,1643900,7421000000,0,false,0
"TTF",131854,"/Date(1704435482000)/",4500,1500,1643800,7420000000,-10,false,-0.22
"TTF",131854,"/Date(1704435482000)/",4500,1500,1642300,7413000000,-10,false,-0.22
"TTF",131854,"/Date(1704435482000)/",4500,500,1640800,7407000000,-10,false,-0.22
"TTF",131854,"/Date(1704435482000)/",4500,1000,1640300,7404000000,-10,false,-0.22
"TTF",131854,"/Date(1704435482000)/",4500,1000,1639300,7400000000,-10,false,-0.22
"TTF",131854,"/Date(1704435482000)/",4500,7000,1638300,7395000000,-10,false,-0.22
"TTF",131854,"/Date(1704435482000)/",4500,200,1631300,7364000000,-10,false,-0.22
"TTF",131854,"/Date(1704435482000)/",4500,2000,1631100,7363000000,-10,false,-0.22
"TTF",131854,"/Date(1704435482000)/",4500,2000,1629100,7354000000,-10,false,-0.22
"TTF",131854,"/Date(1704435482000)/",4500,2900,1627100,7345000000,-10,false,-0.22
"TTF",131854,"/Date(1704435481000)/",4500,300,1624200,7332000000,-10,false,-0.22
"TTF",131845,"/Date(1704435473000)/",4500,5000,1623900,7331000000,-10,false,-0.22
"TTF",131829,"/Date(1704435454000)/",4500,100,1618900,7308000000,-10,false,-0.22
"TTF",131813,"/Date(1704435440000)/",4500,1000,1618800,7308000000,-10,false,-0.22
"TTF",131753,"/Date(1704435422000)/",4500,2400,1617800,7303000000,-10,false,-0.22
"TTF",131744,"/Date(1704435411000)/",4500,3000,1615400,7292000000,-10,false,-0.22
"TTF",131744,"/Date(1704435410000)/",4500,300,1612400,7279000000,-10,false,-0.22
"TTF",131712,"/Date(1704435380000)/",4500,200,1612100,7278000000,-10,false,-0.22
"TTF",131702,"/Date(1704435371000)/",4500,100,1611900,7277000000,-10,false,-0.22
"TTF",131656,"/Date(1704435364000)/",4500,200,1611800,7276000000,-10,false,-0.22
"TTF",131656,"/Date(1704435363000)/",4500,100,1611600,7275000000,-10,false,-0.22
"TTF",131656,"/Date(1704435362000)/",4500,1000,1611500,7275000000,-10,false,-0.22
"TTF",131643,"/Date(1704435351000)/",4490,200,1610500,7270000000,-20,true,-0.44
"TTF",131643,"/Date(1704435351000)/",4490,100,1610300,7269000000,-20,true,-0.44
"TTF",131614,"/Date(1704435321000)/",4500,100,1610200,7269000000,-10,false,-0.22
"TTF",131608,"/Date(1704435314000)/",4490,900,1610100,7269000000,-20,true,-0.44
"TTF",131608,"/Date(1704435314000)/",4490,700,1609200,7265000000,-20,true,-0.44
"TTF",131608,"/Date(1704435314000)/",4490,400,1608500,7261000000,-20,true,-0.44
"TTF",131552,"/Date(1704435299000)/",4490,600,1608100,7260000000,-20,true,-0.44
"TTF",131545,"/Date(1704435292000)/",4490,2000,1607500,7257000000,-20,false,-0.44
"TTF",131545,"/Date(1704435292000)/",4490,200,1605500,7248000000,-20,false,-0.44
"TTF",131545,"/Date(1704435292000)/",4490,5000,1605300,7247000000,-20,false,-0.44
"TTF",131545,"/Date(1704435292000)/",4490,1000,1600300,7225000000,-20,false,-0.44
"TTF",131545,"/Date(1704435292000)/",4490,200,1599300,7220000000,-20,false,-0.44
"TTF",131545,"/Date(1704435292000)/",4490,500,1599100,7219000000,-20,false,-0.44
"TTF",131545,"/Date(1704435292000)/",4490,1000,1598600,7217000000,-20,false,-0.44
"TTF",131545,"/Date(1704435292000)/",4490,1000,1597600,7212000000,-20,false,-0.44
"TTF",131545,"/Date(1704435292000)/",4490,100,1596600,7208000000,-20,false,-0.44
"TTF",131545,"/Date(1704435292000)/",4490,500,1596500,7207000000,-20,false,-0.44
"TTF",131545,"/Date(1704435292000)/",4490,7000,1596000,7205000000,-20,false,-0.44
"TTF",131545,"/Date(1704435292000)/",4490,100,1589000,7174000000,-20,false,-0.44
"TTF",131545,"/Date(1704435292000)/",4490,500,1588900,7173000000,-20,false,-0.44
"TTF",131545,"/Date(1704435292000)/",4490,300,1588400,7171000000,-20,false,-0.44
"TTF",131529,"/Date(1704435277000)/",4500,200,1588100,7170000000,-10,false,-0.22
"TTF",131529,"/Date(1704435276000)/",4500,200,1587900,7169000000,-10,false,-0.22
"TTF",131435,"/Date(1704435222000)/",4490,500,1587700,7168000000,-20,true,-0.44
"TTF",131425,"/Date(1704435211000)/",4490,2000,1587200,7166000000,-20,true,-0.44
"TTF",131357,"/Date(1704435183000)/",4500,4800,1585200,7157000000,-10,false,-0.22
"TTF",131350,"/Date(1704435176000)/",4490,2100,1580400,7135000000,-20,true,-0.44
"TTF",131347,"/Date(1704435174000)/",4490,1000,1578300,7126000000,-20,false,-0.44
"TTF",131341,"/Date(1704435168000)/",4490,8500,1577300,7121000000,-20,true,-0.44
"TTF",131341,"/Date(1704435168000)/",4490,100,1568800,7083000000,-20,true,-0.44
"TTF",131341,"/Date(1704435168000)/",4490,2000,1568700,7083000000,-20,true,-0.44
"TTF",131341,"/Date(1704435168000)/",4490,200,1566700,7074000000,-20,true,-0.44
"TTF",131341,"/Date(1704435168000)/",4490,6100,1566500,7073000000,-20,true,-0.44
"TTF",131338,"/Date(1704435165000)/",4490,1000,1560400,7045000000,-20,true,-0.44
"TTF",131322,"/Date(1704435150000)/",4490,900,1559400,7041000000,-20,true,-0.44
"TTF",131322,"/Date(1704435148000)/",4490,200,1558500,7037000000,-20,true,-0.44
"TTF",131322,"/Date(1704435148000)/",4490,1000,1558300,7036000000,-20,true,-0.44
"TTF",131318,"/Date(1704435145000)/",4490,1500,1557300,7031000000,-20,false,-0.44
"TTF",131315,"/Date(1704435141000)/",4490,4400,1555800,7025000000,-20,false,-0.44
"TTF",131315,"/Date(1704435141000)/",4490,600,1551400,7005000000,-20,false,-0.44
"TTF",131309,"/Date(1704435137000)/",4490,100,1550800,7002000000,-20,false,-0.44
"TTF",131250,"/Date(1704435119000)/",4490,200,1550700,7002000000,-20,false,-0.44
"TTF",131246,"/Date(1704435114000)/",4490,400,1550500,7001000000,-20,false,-0.44
"TTF",131246,"/Date(1704435114000)/",4490,600,1550100,6999000000,-20,false,-0.44
"TTF",131243,"/Date(1704435109000)/",4490,8000,1549500,6996000000,-20,false,-0.44
"TTF",131230,"/Date(1704435099000)/",4490,1000,1541500,6960000000,-20,false,-0.44
"TTF",131227,"/Date(1704435096000)/",4490,500,1540500,6956000000,-20,false,-0.44
"TTF",131221,"/Date(1704435089000)/",4490,1000,1540000,6954000000,-20,true,-0.44
"TTF",131221,"/Date(1704435089000)/",4490,5000,1539000,6949000000,-20,true,-0.44
"TTF",131221,"/Date(1704435089000)/",4490,100,1534000,6927000000,-20,true,-0.44
"TTF",131221,"/Date(1704435089000)/",4490,100,1533900,6926000000,-20,true,-0.44
"TTF",131221,"/Date(1704435089000)/",4490,200,1533800,6926000000,-20,true,-0.44
"TTF",131221,"/Date(1704435089000)/",4490,500,1533600,6925000000,-20,true,-0.44
"TTF",131221,"/Date(1704435089000)/",4490,1000,1533100,6923000000,-20,true,-0.44
"TTF",131221,"/Date(1704435089000)/",4490,100,1532100,6918000000,-20,true,-0.44
"TTF",131221,"/Date(1704435089000)/",4490,300,1532000,6918000000,-20,true,-0.44
"TTF",131221,"/Date(1704435089000)/",4490,10000,1531700,6916000000,-20,true,-0.44
"TTF",131221,"/Date(1704435089000)/",4490,1000,1521700,6872000000,-20,true,-0.44
"TTF",131221,"/Date(1704435089000)/",4490,3000,1520700,6867000000,-20,true,-0.44
"TTF",131221,"/Date(1704435089000)/",4490,7600,1517700,6854000000,-20,true,-0.44
"TTF",131214,"/Date(1704435082000)/",4490,2400,1510100,6820000000,-20,true,-0.44
"TTF",131214,"/Date(1704435082000)/",4490,1000,1507700,6809000000,-20,true,-0.44
"TTF",131214,"/Date(1704435082000)/",4490,200,1506700,6804000000,-20,true,-0.44
"TTF",131214,"/Date(1704435082000)/",4490,1000,1506500,6803000000,-20,true,-0.44
"TTF",131214,"/Date(1704435082000)/",4490,300,1505500,6799000000,-20,true,-0.44
"TTF",131214,"/Date(1704435082000)/",4490,200,1505200,6797000000,-20,true,-0.44
"TTF",131214,"/Date(1704435082000)/",4490,100,1505000,6797000000,-20,true,-0.44
"TTF",131214,"/Date(1704435082000)/",4490,200,1504900,6796000000,-20,true,-0.44
"TTF",131214,"/Date(1704435082000)/",4490,500,1504700,6795000000,-20,true,-0.44
"TTF",131214,"/Date(1704435082000)/",4490,4100,1504200,6793000000,-20,true,-0.44
"TTF",131211,"/Date(1704435079000)/",4490,100,1500100,6775000000,-20,true,-0.44
"TTF",131205,"/Date(1704435073000)/",4490,5000,1500000,6774000000,-20,true,-0.44
"TTF",131202,"/Date(1704435070000)/",4490,200,1495000,6752000000,-20,true,-0.44
"TTF",131155,"/Date(1704435064000)/",4500,800,1494800,6751000000,-10,false,-0.22
"TTF",131146,"/Date(1704435053000)/",4490,2000,1494000,6747000000,-20,true,-0.44
"TTF",131139,"/Date(1704435048000)/",4490,4000,1492000,6738000000,-20,true,-0.44
"TTF",131120,"/Date(1704435029000)/",4490,100,1488000,6720000000,-20,true,-0.44
"TTF",131120,"/Date(1704435029000)/",4500,200,1487900,6720000000,-10,false,-0.22
"TTF",131113,"/Date(1704435022000)/",4490,4500,1487700,6719000000,-20,true,-0.44
"TTF",131113,"/Date(1704435022000)/",4490,200,1483200,6699000000,-20,true,-0.44
"TTF",131113,"/Date(1704435022000)/",4490,500,1483000,6698000000,-20,true,-0.44
"TTF",131113,"/Date(1704435022000)/",4490,2000,1482500,6696000000,-20,true,-0.44
"TTF",131113,"/Date(1704435022000)/",4490,1000,1480500,6687000000,-20,true,-0.44
"TTF",131113,"/Date(1704435022000)/",4490,1600,1479500,6682000000,-20,true,-0.44
"TTF",131110,"/Date(1704435017000)/",4490,400,1477900,6675000000,-20,true,-0.44
"TTF",131110,"/Date(1704435017000)/",4490,100,1477500,6673000000,-20,true,-0.44
"TTF",131057,"/Date(1704435005000)/",4500,100,1477400,6673000000,-10,false,-0.22
"TTF",131038,"/Date(1704434986000)/",4500,5000,1477300,6672000000,-10,false,-0.22
"TTF",131032,"/Date(1704434980000)/",4490,200,1472300,6650000000,-20,true,-0.44
"TTF",131032,"/Date(1704434980000)/",4490,100,1472100,6649000000,-20,true,-0.44
"TTF",131032,"/Date(1704434980000)/",4490,500,1472000,6648000000,-20,true,-0.44
"TTF",131032,"/Date(1704434980000)/",4490,3000,1471500,6646000000,-20,true,-0.44
"TTF",131032,"/Date(1704434980000)/",4490,10000,1468500,6633000000,-20,true,-0.44
"TTF",131032,"/Date(1704434980000)/",4490,1000,1458500,6588000000,-20,true,-0.44
"TTF",131032,"/Date(1704434980000)/",4490,5000,1457500,6583000000,-20,true,-0.44
"TTF",131032,"/Date(1704434980000)/",4490,100,1452500,6561000000,-20,true,-0.44
"TTF",131032,"/Date(1704434980000)/",4490,5000,1452400,6560000000,-20,true,-0.44
"TTF",131032,"/Date(1704434980000)/",4490,100,1447400,6538000000,-20,true,-0.44
"TTF",131032,"/Date(1704434980000)/",4490,400,1447300,6537000000,-20,true,-0.44
"TTF",131032,"/Date(1704434980000)/",4490,3000,1446900,6536000000,-20,true,-0.44
"TTF",131032,"/Date(1704434980000)/",4490,2900,1443900,6522000000,-20,true,-0.44
"TTF",131032,"/Date(1704434980000)/",4490,10000,1441000,6509000000,-20,true,-0.44
"TTF",131032,"/Date(1704434980000)/",4490,5000,1431000,6464000000,-20,true,-0.44
"TTF",131032,"/Date(1704434980000)/",4490,100,1426000,6442000000,-20,true,-0.44
"TTF",131032,"/Date(1704434980000)/",4490,500,1425900,6441000000,-20,true,-0.44
"TTF",131032,"/Date(1704434980000)/",4490,1400,1425400,6439000000,-20,true,-0.44
"TTF",131032,"/Date(1704434980000)/",4490,100,1424000,6433000000,-20,true,-0.44
"TTF",131032,"/Date(1704434980000)/",4490,500,1423900,6432000000,-20,true,-0.44
"TTF",131032,"/Date(1704434980000)/",4490,1000,1423400,6430000000,-20,true,-0.44
"TTF",131032,"/Date(1704434980000)/",4490,100,1422400,6426000000,-20,true,-0.44
"TTF",131029,"/Date(1704434978000)/",4500,400,1422300,6425000000,-10,false,-0.22
"TTF",131025,"/Date(1704434974000)/",4490,400,1421900,6423000000,-20,true,-0.44
"TTF",131025,"/Date(1704434974000)/",4490,200,1421500,6422000000,-20,true,-0.44
"TTF",131025,"/Date(1704434974000)/",4490,400,1421300,6421000000,-20,true,-0.44
"TTF",131022,"/Date(1704434971000)/",4500,10000,1420900,6419000000,-10,false,-0.22
"TTF",130859,"/Date(1704434888000)/",4500,500,1410900,6374000000,-10,true,-0.22
"TTF",130859,"/Date(1704434888000)/",4500,5100,1410400,6372000000,-10,true,-0.22
"TTF",130859,"/Date(1704434888000)/",4500,100,1405300,6349000000,-10,true,-0.22
"TTF",130859,"/Date(1704434888000)/",4500,1000,1405200,6348000000,-10,true,-0.22
"TTF",130859,"/Date(1704434888000)/",4500,1000,1404200,6344000000,-10,true,-0.22
"TTF",130859,"/Date(1704434888000)/",4500,3900,1403200,6339000000,-10,true,-0.22
"TTF",130856,"/Date(1704434882000)/",4500,100,1399300,6322000000,-10,true,-0.22
"TTF",130846,"/Date(1704434873000)/",4500,700,1399200,6321000000,-10,true,-0.22
"TTF",130833,"/Date(1704434863000)/",4500,300,1398500,6318000000,-10,true,-0.22
"TTF",130833,"/Date(1704434863000)/",4500,4700,1398200,6317000000,-10,true,-0.22
"TTF",130752,"/Date(1704434821000)/",4500,300,1393500,6296000000,-10,false,-0.22
"TTF",130752,"/Date(1704434820000)/",4500,3000,1393200,6294000000,-10,false,-0.22
"TTF",130745,"/Date(1704434814000)/",4500,2700,1390200,6281000000,-10,true,-0.22
"TTF",130729,"/Date(1704434797000)/",4500,300,1387500,6269000000,-10,false,-0.22
"TTF",130726,"/Date(1704434796000)/",4500,1000,1387200,6267000000,-10,false,-0.22
"TTF",130720,"/Date(1704434790000)/",4500,200,1386200,6263000000,-10,true,-0.22
"TTF",130720,"/Date(1704434790000)/",4500,500,1386000,6262000000,-10,true,-0.22
"TTF",130713,"/Date(1704434783000)/",4500,2000,1385500,6260000000,-10,true,-0.22
"TTF",130654,"/Date(1704434764000)/",4500,100,1383500,6251000000,-10,false,-0.22
"TTF",130645,"/Date(1704434753000)/",4500,200,1383400,6250000000,-10,false,-0.22
"TTF",130641,"/Date(1704434750000)/",4500,100,1383200,6249000000,-10,false,-0.22
"TTF",130609,"/Date(1704434719000)/",4500,1000,1383100,6249000000,-10,false,-0.22
"TTF",130609,"/Date(1704434717000)/",4490,600,1382100,6244000000,-20,true,-0.44
"TTF",130609,"/Date(1704434717000)/",4490,100,1381500,6242000000,-20,true,-0.44
"TTF",130606,"/Date(1704434715000)/",4500,900,1381400,6241000000,-10,false,-0.22
"TTF",130606,"/Date(1704434715000)/",4500,1100,1380500,6237000000,-10,false,-0.22
"TTF",130553,"/Date(1704434703000)/",4500,500,1379400,6232000000,-10,false,-0.22
"TTF",130550,"/Date(1704434700000)/",4500,5000,1378900,6230000000,-10,false,-0.22
"TTF",130525,"/Date(1704434674000)/",4500,2000,1373900,6207000000,-10,true,-0.22
"TTF",130525,"/Date(1704434674000)/",4500,2000,1371900,6198000000,-10,true,-0.22
"TTF",130502,"/Date(1704434652000)/",4500,1000,1369900,6189000000,-10,true,-0.22
"TTF",130502,"/Date(1704434652000)/",4500,200,1368900,6185000000,-10,true,-0.22
"TTF",130502,"/Date(1704434652000)/",4500,1400,1368700,6184000000,-10,true,-0.22
"TTF",130502,"/Date(1704434652000)/",4500,2000,1367300,6178000000,-10,true,-0.22
"TTF",130502,"/Date(1704434652000)/",4500,500,1365300,6169000000,-10,true,-0.22
"TTF",130502,"/Date(1704434652000)/",4500,300,1364800,6166000000,-10,true,-0.22
"TTF",130502,"/Date(1704434652000)/",4500,500,1364500,6165000000,-10,true,-0.22
"TTF",130502,"/Date(1704434652000)/",4500,100,1364000,6163000000,-10,true,-0.22
"TTF",130502,"/Date(1704434652000)/",4500,100,1363900,6162000000,-10,true,-0.22
"TTF",130502,"/Date(1704434652000)/",4500,500,1363800,6162000000,-10,true,-0.22
"TTF",130502,"/Date(1704434652000)/",4500,100,1363300,6160000000,-10,true,-0.22
"TTF",130502,"/Date(1704434652000)/",4500,500,1363200,6159000000,-10,true,-0.22
"TTF",130502,"/Date(1704434652000)/",4500,300,1362700,6157000000,-10,true,-0.22
"TTF",130502,"/Date(1704434652000)/",4500,100,1362400,6156000000,-10,true,-0.22
"TTF",130502,"/Date(1704434652000)/",4500,1900,1362300,6155000000,-10,true,-0.22
"TTF",130502,"/Date(1704434652000)/",4510,500,1360400,6147000000,0,true,0
"TTF",130459,"/Date(1704434648000)/",4500,1100,1359900,6144000000,-10,true,-0.22
"TTF",130459,"/Date(1704434648000)/",4500,200,1358800,6139000000,-10,true,-0.22
"TTF",130459,"/Date(1704434648000)/",4500,100,1358600,6139000000,-10,true,-0.22
"TTF",130459,"/Date(1704434648000)/",4500,300,1358500,6138000000,-10,true,-0.22
"TTF",130459,"/Date(1704434648000)/",4500,1000,1358200,6137000000,-10,true,-0.22
"TTF",130459,"/Date(1704434648000)/",4500,4000,1357200,6132000000,-10,true,-0.22
"TTF",130459,"/Date(1704434648000)/",4500,5000,1353200,6114000000,-10,true,-0.22
"TTF",130459,"/Date(1704434648000)/",4500,5000,1348200,6092000000,-10,true,-0.22
"TTF",130459,"/Date(1704434648000)/",4500,2500,1343200,6069000000,-10,true,-0.22
"TTF",130459,"/Date(1704434648000)/",4500,100,1340700,6058000000,-10,true,-0.22
"TTF",130459,"/Date(1704434648000)/",4500,100,1340600,6058000000,-10,true,-0.22
"TTF",130459,"/Date(1704434648000)/",4500,100,1340500,6057000000,-10,true,-0.22
"TTF",130459,"/Date(1704434648000)/",4500,10000,1340400,6057000000,-10,true,-0.22
"TTF",130459,"/Date(1704434648000)/",4500,2000,1330400,6012000000,-10,true,-0.22
"TTF",130459,"/Date(1704434648000)/",4500,1000,1328400,6003000000,-10,true,-0.22
"TTF",130459,"/Date(1704434648000)/",4500,1000,1327400,5998000000,-10,true,-0.22
"TTF",130459,"/Date(1704434648000)/",4500,4600,1326400,5994000000,-10,true,-0.22
"TTF",130459,"/Date(1704434648000)/",4500,1000,1321800,5973000000,-10,true,-0.22
"TTF",130459,"/Date(1704434648000)/",4500,1500,1320800,5968000000,-10,true,-0.22
"TTF",130459,"/Date(1704434648000)/",4500,100,1319300,5962000000,-10,true,-0.22
"TTF",130459,"/Date(1704434648000)/",4500,1900,1319200,5961000000,-10,true,-0.22
"TTF",130459,"/Date(1704434648000)/",4500,200,1317300,5953000000,-10,true,-0.22
"TTF",130459,"/Date(1704434648000)/",4500,1000,1317100,5952000000,-10,true,-0.22
"TTF",130459,"/Date(1704434648000)/",4500,8000,1316100,5947000000,-10,true,-0.22
"TTF",130459,"/Date(1704434648000)/",4500,1000,1308100,5911000000,-10,true,-0.22
"TTF",130459,"/Date(1704434648000)/",4500,500,1307100,5907000000,-10,true,-0.22
"TTF",130459,"/Date(1704434648000)/",4500,5600,1306600,5905000000,-10,true,-0.22
"TTF",130459,"/Date(1704434648000)/",4510,200,1301000,5879000000,0,true,0
"TTF",130459,"/Date(1704434648000)/",4510,100,1300800,5878000000,0,true,0
"TTF",130459,"/Date(1704434648000)/",4510,800,1300700,5878000000,0,true,0
"TTF",130421,"/Date(1704434609000)/",4510,200,1299900,5874000000,0,true,0
"TTF",130421,"/Date(1704434609000)/",4510,100,1299700,5874000000,0,true,0
"TTF",130352,"/Date(1704434582000)/",4520,200,1299600,5873000000,10,false,0.22
"TTF",130352,"/Date(1704434578000)/",4510,500,1299400,5872000000,0,true,0
"TTF",130352,"/Date(1704434576000)/",4510,2100,1298900,5870000000,0,true,0
"TTF",130352,"/Date(1704434576000)/",4510,200,1296800,5860000000,0,true,0
"TTF",130352,"/Date(1704434576000)/",4510,100,1296600,5860000000,0,true,0
"TTF",130352,"/Date(1704434576000)/",4510,1600,1296500,5859000000,0,true,0
"TTF",130342,"/Date(1704434568000)/",4510,200,1294900,5852000000,0,true,0
"TTF",130342,"/Date(1704434568000)/",4510,1000,1294700,5851000000,0,true,0
"TTF",130342,"/Date(1704434568000)/",4510,5000,1293700,5846000000,0,true,0
"TTF",130342,"/Date(1704434568000)/",4510,3000,1288700,5824000000,0,true,0
"TTF",130342,"/Date(1704434568000)/",4510,100,1285700,5810000000,0,true,0
"TTF",130342,"/Date(1704434568000)/",4510,700,1285600,5810000000,0,true,0
"TTF",130329,"/Date(1704434558000)/",4510,2300,1284900,5807000000,0,true,0
"TTF",130329,"/Date(1704434558000)/",4510,2200,1282600,5796000000,0,true,0
"TTF",130317,"/Date(1704434544000)/",4510,800,1280400,5786000000,0,true,0
"TTF",130248,"/Date(1704434518000)/",4510,2000,1279600,5783000000,0,true,0
"TTF",130248,"/Date(1704434518000)/",4510,23000,1277600,5774000000,0,true,0
"TTF",130225,"/Date(1704434493000)/",4520,300,1254600,5670000000,10,false,0.22
"TTF",130222,"/Date(1704434491000)/",4520,200,1254300,5669000000,10,false,0.22
"TTF",130216,"/Date(1704434484000)/",4520,1500,1254100,5668000000,10,true,0.22
"TTF",130118,"/Date(1704434412000)/",4520,200,1252600,5661000000,10,true,0.22
"TTF",130118,"/Date(1704434409000)/",4520,100,1252400,5660000000,10,true,0.22
"TTF",130115,"/Date(1704434407000)/",4510,1000,1252300,5660000000,0,true,0
"TTF",130115,"/Date(1704434407000)/",4510,1000,1251300,5655000000,0,true,0
"TTF",130115,"/Date(1704434407000)/",4510,1000,1250300,5651000000,0,true,0
"TTF",130115,"/Date(1704434406000)/",4510,6400,1249300,5646000000,0,true,0
"TTF",130115,"/Date(1704434406000)/",4520,1000,1242900,5617000000,10,false,0.22
"TTF",130115,"/Date(1704434406000)/",4520,2600,1241900,5613000000,10,false,0.22
"TTF",130112,"/Date(1704434404000)/",4520,400,1239300,5601000000,10,true,0.22
"TTF",130109,"/Date(1704434402000)/",4520,5000,1238900,5599000000,10,true,0.22
"TTF",130109,"/Date(1704434402000)/",4530,1000,1233900,5577000000,20,false,0.44
"TTF",130109,"/Date(1704434402000)/",4520,3000,1232900,5572000000,10,true,0.22
"TTF",130105,"/Date(1704434401000)/",4520,300,1229900,5559000000,10,false,0.22
"TTF",130105,"/Date(1704434401000)/",4520,200,1229600,5557000000,10,false,0.22
"TTF",130105,"/Date(1704434401000)/",4520,4000,1229400,5556000000,10,false,0.22
"TTF",130105,"/Date(1704434401000)/",4520,7000,1225400,5538000000,10,false,0.22
"TTF",130105,"/Date(1704434401000)/",4510,5300,1218400,5507000000,0,true,0
"TTF",130102,"/Date(1704434401000)/",4510,500,1213100,5483000000,0,true,0
"TTF",130102,"/Date(1704434401000)/",4510,1000,1212600,5480000000,0,true,0
"TTF",113009,"/Date(1704428971000)/",4520,1000,1211600,5476000000,10,false,0.22
"TTF",112717,"/Date(1704428800000)/",4520,2000,1210600,5471000000,10,false,0.22
"TTF",112707,"/Date(1704428790000)/",4520,1000,1208600,5462000000,10,true,0.22
"TTF",112707,"/Date(1704428790000)/",4520,500,1207600,5458000000,10,true,0.22
"TTF",112707,"/Date(1704428790000)/",4520,500,1207100,5456000000,10,true,0.22
"TTF",112707,"/Date(1704428790000)/",4520,6000,1206600,5453000000,10,true,0.22
"TTF",112541,"/Date(1704428705000)/",4520,2000,1200600,5426000000,10,true,0.22
"TTF",112459,"/Date(1704428663000)/",4520,2000,1198600,5417000000,10,false,0.22
"TTF",112453,"/Date(1704428656000)/",4520,2000,1196600,5408000000,10,false,0.22
"TTF",112417,"/Date(1704428622000)/",4520,5000,1194600,5399000000,10,false,0.22
"TTF",112417,"/Date(1704428622000)/",4520,1000,1189600,5376000000,10,false,0.22
"TTF",112405,"/Date(1704428609000)/",4520,8700,1188600,5372000000,10,true,0.22
"TTF",112232,"/Date(1704428516000)/",4510,9800,1179900,5333000000,0,false,0
"TTF",112213,"/Date(1704428498000)/",4510,2200,1170100,5288000000,0,true,0
"TTF",112150,"/Date(1704428474000)/",4510,300,1167900,5279000000,0,true,0
"TTF",112147,"/Date(1704428471000)/",4510,600,1167600,5277000000,0,false,0
"TTF",112125,"/Date(1704428447000)/",4510,300,1167000,5274000000,0,false,0
"TTF",112125,"/Date(1704428447000)/",4510,200,1166700,5273000000,0,false,0
"TTF",112118,"/Date(1704428444000)/",4500,500,1166500,5272000000,-10,true,-0.22
"TTF",112059,"/Date(1704428423000)/",4510,5000,1166000,5270000000,0,false,0
"TTF",112046,"/Date(1704428411000)/",4510,500,1161000,5247000000,0,false,0
"TTF",112046,"/Date(1704428411000)/",4510,300,1160500,5245000000,0,false,0
"TTF",112046,"/Date(1704428411000)/",4510,1000,1160200,5244000000,0,false,0
"TTF",112043,"/Date(1704428409000)/",4510,1000,1159200,5239000000,0,true,0
"TTF",112043,"/Date(1704428409000)/",4510,1100,1158200,5235000000,0,true,0
"TTF",112040,"/Date(1704428404000)/",4510,900,1157100,5230000000,0,true,0
"TTF",112040,"/Date(1704428404000)/",4510,1000,1156200,5226000000,0,true,0
"TTF",111939,"/Date(1704428342000)/",4510,1000,1155200,5221000000,0,true,0
"TTF",111939,"/Date(1704428342000)/",4510,2000,1154200,5217000000,0,true,0
"TTF",111939,"/Date(1704428342000)/",4510,1000,1152200,5208000000,0,true,0
"TTF",111939,"/Date(1704428342000)/",4510,4000,1151200,5203000000,0,true,0
"TTF",111926,"/Date(1704428330000)/",4510,9300,1147200,5185000000,0,true,0
"TTF",111809,"/Date(1704428253000)/",4520,1300,1137900,5143000000,10,true,0.22
"TTF",111806,"/Date(1704428251000)/",4520,10000,1136600,5137000000,10,true,0.22
"TTF",111734,"/Date(1704428221000)/",4520,100,1126600,5092000000,10,false,0.22
"TTF",111715,"/Date(1704428199000)/",4520,1900,1126500,5092000000,10,true,0.22
"TTF",111533,"/Date(1704428097000)/",4520,1100,1124600,5083000000,10,true,0.22
"TTF",111533,"/Date(1704428097000)/",4520,900,1123500,5078000000,10,true,0.22
"TTF",111428,"/Date(1704428035000)/",4520,100,1122600,5074000000,10,true,0.22
"TTF",111428,"/Date(1704428035000)/",4520,4900,1122500,5074000000,10,true,0.22
"TTF",111422,"/Date(1704428029000)/",4520,1400,1117600,5051000000,10,true,0.22
"TTF",111422,"/Date(1704428029000)/",4520,200,1116200,5045000000,10,true,0.22
"TTF",111422,"/Date(1704428029000)/",4520,400,1116000,5044000000,10,true,0.22
"TTF",111350,"/Date(1704427997000)/",4520,500,1115600,5042000000,10,true,0.22
"TTF",111321,"/Date(1704427967000)/",4530,1300,1115100,5040000000,20,false,0.44
"TTF",111305,"/Date(1704427950000)/",4530,2000,1113800,5034000000,20,true,0.44
"TTF",111259,"/Date(1704427944000)/",4530,2000,1111800,5025000000,20,true,0.44
"TTF",111051,"/Date(1704427817000)/",4530,4000,1109800,5016000000,20,false,0.44
"TTF",111051,"/Date(1704427817000)/",4530,700,1105800,4998000000,20,false,0.44
"TTF",111016,"/Date(1704427780000)/",4530,1100,1105100,4995000000,20,false,0.44
"TTF",110931,"/Date(1704427736000)/",4530,2100,1104000,4990000000,20,false,0.44
"TTF",110921,"/Date(1704427728000)/",4530,100,1101900,4980000000,20,true,0.44
"TTF",110717,"/Date(1704427602000)/",4530,100,1101800,4980000000,20,false,0.44
"TTF",110710,"/Date(1704427597000)/",4530,800,1101700,4979000000,20,true,0.44
"TTF",110710,"/Date(1704427597000)/",4530,200,1100900,4976000000,20,true,0.44
"TTF",110707,"/Date(1704427594000)/",4530,100,1100700,4975000000,20,true,0.44
"TTF",110622,"/Date(1704427548000)/",4530,100,1100600,4974000000,20,true,0.44
"TTF",110535,"/Date(1704427501000)/",4530,300,1100500,4974000000,20,true,0.44
"TTF",110443,"/Date(1704427450000)/",4540,1500,1100200,4973000000,30,false,0.67
"TTF",110443,"/Date(1704427450000)/",4540,500,1098700,4966000000,30,false,0.67
"TTF",110248,"/Date(1704427336000)/",4540,400,1098200,4964000000,30,false,0.67
"TTF",110248,"/Date(1704427336000)/",4540,100,1097800,4962000000,30,false,0.67
"TTF",110157,"/Date(1704427284000)/",4550,400,1097700,4961000000,40,false,0.89
"TTF",110157,"/Date(1704427284000)/",4550,500,1097300,4959000000,40,false,0.89
"TTF",110157,"/Date(1704427284000)/",4550,4100,1096800,4957000000,40,false,0.89
"TTF",110153,"/Date(1704427280000)/",4550,1900,1092700,4939000000,40,false,0.89
"TTF",110153,"/Date(1704427280000)/",4550,500,1090800,4930000000,40,false,0.89
"TTF",110153,"/Date(1704427280000)/",4550,1000,1090300,4928000000,40,false,0.89
"TTF",110153,"/Date(1704427280000)/",4550,1000,1089300,4923000000,40,false,0.89
"TTF",110153,"/Date(1704427280000)/",4550,3000,1088300,4919000000,40,false,0.89
"TTF",110153,"/Date(1704427280000)/",4550,600,1085300,4905000000,40,false,0.89
"TTF",110153,"/Date(1704427280000)/",4550,2000,1084700,4902000000,40,false,0.89
"TTF",110144,"/Date(1704427271000)/",4550,1000,1082700,4893000000,40,false,0.89
"TTF",110141,"/Date(1704427269000)/",4550,200,1081700,4889000000,40,false,0.89
"TTF",110137,"/Date(1704427264000)/",4550,1800,1081500,4888000000,40,false,0.89
"TTF",110137,"/Date(1704427264000)/",4550,3200,1079700,4879000000,40,false,0.89
"TTF",110137,"/Date(1704427264000)/",4550,600,1076500,4865000000,40,false,0.89
"TTF",110137,"/Date(1704427264000)/",4550,3000,1075900,4862000000,40,false,0.89
"TTF",110137,"/Date(1704427264000)/",4550,1400,1072900,4848000000,40,false,0.89
"TTF",110128,"/Date(1704427257000)/",4550,3600,1071500,4842000000,40,false,0.89
"TTF",110128,"/Date(1704427257000)/",4550,100,1067900,4826000000,40,false,0.89
"TTF",110128,"/Date(1704427257000)/",4550,2500,1067800,4825000000,40,false,0.89
"TTF",110128,"/Date(1704427257000)/",4540,1000,1065300,4814000000,30,false,0.67
"TTF",110128,"/Date(1704427257000)/",4540,700,1064300,4809000000,30,false,0.67
"TTF",110128,"/Date(1704427257000)/",4540,100,1063600,4806000000,30,false,0.67
"TTF",110128,"/Date(1704427257000)/",4540,2000,1063500,4806000000,30,false,0.67
"TTF",110037,"/Date(1704427204000)/",4530,200,1061500,4797000000,20,true,0.44
"TTF",110033,"/Date(1704427199000)/",4530,1900,1061300,4796000000,20,true,0.44
"TTF",110033,"/Date(1704427199000)/",4530,200,1059400,4787000000,20,true,0.44
"TTF",110027,"/Date(1704427194000)/",4530,100,1059200,4786000000,20,false,0.44
"TTF",105851,"/Date(1704427097000)/",4520,1300,1059100,4786000000,10,false,0.22
"TTF",105851,"/Date(1704427097000)/",4520,600,1057800,4780000000,10,false,0.22
"TTF",105851,"/Date(1704427097000)/",4520,200,1057200,4777000000,10,false,0.22
"TTF",105851,"/Date(1704427097000)/",4520,900,1057000,4776000000,10,false,0.22
"TTF",105825,"/Date(1704427073000)/",4510,200,1056100,4772000000,0,false,0
"TTF",105825,"/Date(1704427073000)/",4510,1000,1055900,4771000000,0,false,0
"TTF",105825,"/Date(1704427073000)/",4510,1000,1054900,4767000000,0,false,0
"TTF",105825,"/Date(1704427073000)/",4510,4500,1053900,4762000000,0,false,0
"TTF",105822,"/Date(1704427071000)/",4510,200,1049400,4742000000,0,false,0
"TTF",105819,"/Date(1704427065000)/",4500,100,1049200,4741000000,-10,true,-0.22
"TTF",105800,"/Date(1704427048000)/",4510,1000,1049100,4741000000,0,false,0
"TTF",105757,"/Date(1704427045000)/",4510,20000,1048100,4736000000,0,false,0
"TTF",105741,"/Date(1704427029000)/",4510,2000,1028100,4646000000,0,false,0
"TTF",105728,"/Date(1704427014000)/",4510,200,1026100,4637000000,0,false,0
"TTF",105721,"/Date(1704427010000)/",4510,200,1025900,4636000000,0,false,0
"TTF",105646,"/Date(1704426975000)/",4500,5000,1025700,4635000000,-10,true,-0.22
"TTF",105611,"/Date(1704426938000)/",4500,1500,1020700,4613000000,-10,true,-0.22
"TTF",105545,"/Date(1704426914000)/",4500,22300,1019200,4606000000,-10,false,-0.22
"TTF",105526,"/Date(1704426895000)/",4500,100,996900,4505000000,-10,false,-0.22
"TTF",105517,"/Date(1704426883000)/",4500,400,996800,4505000000,-10,true,-0.22
"TTF",105517,"/Date(1704426883000)/",4500,1000,996400,4503000000,-10,true,-0.22
"TTF",105517,"/Date(1704426883000)/",4500,200,995400,4499000000,-10,true,-0.22
"TTF",105517,"/Date(1704426883000)/",4500,100,995200,4498000000,-10,true,-0.22
"TTF",105517,"/Date(1704426883000)/",4500,15000,995100,4497000000,-10,true,-0.22
"TTF",105517,"/Date(1704426883000)/",4500,5000,980100,4430000000,-10,true,-0.22
"TTF",105517,"/Date(1704426883000)/",4500,3000,975100,4407000000,-10,true,-0.22
"TTF",105517,"/Date(1704426883000)/",4500,2000,972100,4394000000,-10,true,-0.22
"TTF",105517,"/Date(1704426883000)/",4500,100,970100,4385000000,-10,true,-0.22
"TTF",105517,"/Date(1704426883000)/",4500,2000,970000,4384000000,-10,true,-0.22
"TTF",105517,"/Date(1704426883000)/",4500,100,968000,4375000000,-10,true,-0.22
"TTF",105517,"/Date(1704426883000)/",4500,1000,967900,4375000000,-10,true,-0.22
"TTF",105517,"/Date(1704426883000)/",4500,200,966900,4370000000,-10,true,-0.22
"TTF",105517,"/Date(1704426883000)/",4500,100,966700,4370000000,-10,true,-0.22
"TTF",105517,"/Date(1704426883000)/",4500,2000,966600,4369000000,-10,true,-0.22
"TTF",105517,"/Date(1704426883000)/",4500,2000,964600,4360000000,-10,true,-0.22
"TTF",105517,"/Date(1704426883000)/",4500,500,962600,4351000000,-10,true,-0.22
"TTF",105517,"/Date(1704426883000)/",4500,2900,962100,4349000000,-10,true,-0.22
"TTF",105507,"/Date(1704426874000)/",4500,2100,959200,4336000000,-10,true,-0.22
"TTF",105507,"/Date(1704426874000)/",4500,4400,957100,4326000000,-10,true,-0.22
"TTF",105504,"/Date(1704426873000)/",4510,10000,952700,4307000000,0,false,0
"TTF",105504,"/Date(1704426872000)/",4500,600,942700,4261000000,-10,true,-0.22
"TTF",105504,"/Date(1704426872000)/",4500,600,942100,4259000000,-10,true,-0.22
"TTF",105432,"/Date(1704426841000)/",4510,1500,941500,4256000000,0,false,0
"TTF",105428,"/Date(1704426836000)/",4500,5000,940000,4249000000,-10,true,-0.22
"TTF",105416,"/Date(1704426823000)/",4500,200,935000,4227000000,-10,true,-0.22
"TTF",105350,"/Date(1704426799000)/",4500,500,934800,4226000000,-10,true,-0.22
"TTF",105312,"/Date(1704426759000)/",4500,3700,934300,4224000000,-10,true,-0.22
"TTF",105312,"/Date(1704426759000)/",4500,800,930600,4207000000,-10,true,-0.22
"TTF",105246,"/Date(1704426736000)/",4500,200,929800,4203000000,-10,true,-0.22
"TTF",105246,"/Date(1704426736000)/",4500,1800,929600,4203000000,-10,true,-0.22
"TTF",105233,"/Date(1704426720000)/",4500,400,927800,4194000000,-10,true,-0.22
"TTF",105233,"/Date(1704426720000)/",4500,2000,927400,4193000000,-10,true,-0.22
"TTF",105233,"/Date(1704426720000)/",4500,3000,925400,4184000000,-10,true,-0.22
"TTF",105233,"/Date(1704426720000)/",4500,2400,922400,4170000000,-10,true,-0.22
"TTF",105233,"/Date(1704426720000)/",4500,7000,920000,4159000000,-10,true,-0.22
"TTF",105233,"/Date(1704426720000)/",4500,5200,913000,4128000000,-10,true,-0.22
"TTF",105217,"/Date(1704426707000)/",4500,200,907800,4104000000,-10,true,-0.22
"TTF",105158,"/Date(1704426686000)/",4500,1800,907600,4104000000,-10,true,-0.22
"TTF",105158,"/Date(1704426686000)/",4510,500,905800,4095000000,0,false,0
"TTF",105149,"/Date(1704426677000)/",4500,2800,905300,4093000000,-10,true,-0.22
"TTF",105149,"/Date(1704426677000)/",4500,100,902500,4081000000,-10,true,-0.22
"TTF",105142,"/Date(1704426670000)/",4500,100,902400,4080000000,-10,true,-0.22
"TTF",105142,"/Date(1704426670000)/",4500,2400,902300,4080000000,-10,true,-0.22
"TTF",105133,"/Date(1704426660000)/",4510,12900,899900,4069000000,0,false,0
"TTF",105133,"/Date(1704426660000)/",4510,7100,887000,4011000000,0,false,0
"TTF",105104,"/Date(1704426631000)/",4510,1000,879900,3979000000,0,false,0
"TTF",104824,"/Date(1704426474000)/",4510,500,878900,3974000000,0,false,0
"TTF",104720,"/Date(1704426408000)/",4500,200,878400,3972000000,-10,true,-0.22
"TTF",104710,"/Date(1704426398000)/",4510,200,878200,3971000000,0,false,0
"TTF",104553,"/Date(1704426323000)/",4510,2000,878000,3970000000,0,false,0
"TTF",104411,"/Date(1704426221000)/",4510,10000,876000,3961000000,0,false,0
"TTF",104336,"/Date(1704426186000)/",4500,1000,866000,3916000000,-10,true,-0.22
"TTF",104257,"/Date(1704426149000)/",4500,4900,865000,3911000000,-10,true,-0.22
"TTF",104235,"/Date(1704426124000)/",4500,1500,860100,3889000000,-10,true,-0.22
"TTF",104235,"/Date(1704426124000)/",4500,1000,858600,3883000000,-10,true,-0.22
"TTF",104235,"/Date(1704426124000)/",4500,100,857600,3878000000,-10,true,-0.22
"TTF",104235,"/Date(1704426124000)/",4500,1000,857500,3878000000,-10,true,-0.22
"TTF",104235,"/Date(1704426124000)/",4500,500,856500,3873000000,-10,true,-0.22
"TTF",104235,"/Date(1704426124000)/",4500,100,856000,3871000000,-10,true,-0.22
"TTF",104235,"/Date(1704426124000)/",4500,1000,855900,3871000000,-10,true,-0.22
"TTF",104235,"/Date(1704426124000)/",4500,500,854900,3866000000,-10,true,-0.22
"TTF",104235,"/Date(1704426124000)/",4500,100,854400,3864000000,-10,true,-0.22
"TTF",104235,"/Date(1704426124000)/",4500,200,854300,3863000000,-10,true,-0.22
"TTF",104235,"/Date(1704426124000)/",4500,100,854100,3862000000,-10,true,-0.22
"TTF",104235,"/Date(1704426124000)/",4500,1000,854000,3862000000,-10,true,-0.22
"TTF",104235,"/Date(1704426124000)/",4500,2000,853000,3857000000,-10,true,-0.22
"TTF",104235,"/Date(1704426124000)/",4500,100,851000,3848000000,-10,true,-0.22
"TTF",104235,"/Date(1704426124000)/",4500,1500,850900,3848000000,-10,true,-0.22
"TTF",104235,"/Date(1704426124000)/",4500,5000,849400,3841000000,-10,true,-0.22
"TTF",104235,"/Date(1704426124000)/",4500,100,844400,3819000000,-10,true,-0.22
"TTF",104235,"/Date(1704426124000)/",4500,5000,844300,3818000000,-10,true,-0.22
"TTF",104235,"/Date(1704426124000)/",4500,1000,839300,3796000000,-10,true,-0.22
"TTF",104235,"/Date(1704426124000)/",4500,1000,838300,3791000000,-10,true,-0.22
"TTF",104235,"/Date(1704426124000)/",4500,200,837300,3787000000,-10,true,-0.22
"TTF",104235,"/Date(1704426124000)/",4500,300,837100,3786000000,-10,true,-0.22
"TTF",104235,"/Date(1704426124000)/",4500,7700,836800,3785000000,-10,true,-0.22
"TTF",104235,"/Date(1704426124000)/",4500,5000,829100,3750000000,-10,true,-0.22
"TTF",104235,"/Date(1704426124000)/",4500,100,824100,3727000000,-10,true,-0.22
"TTF",104235,"/Date(1704426124000)/",4500,200,824000,3727000000,-10,true,-0.22
"TTF",104235,"/Date(1704426124000)/",4500,1000,823800,3726000000,-10,true,-0.22
"TTF",104235,"/Date(1704426124000)/",4500,1000,822800,3722000000,-10,true,-0.22
"TTF",104235,"/Date(1704426124000)/",4500,400,821800,3717000000,-10,true,-0.22
"TTF",104235,"/Date(1704426124000)/",4500,100,821400,3715000000,-10,true,-0.22
"TTF",104235,"/Date(1704426124000)/",4500,1000,821300,3715000000,-10,true,-0.22
"TTF",104235,"/Date(1704426124000)/",4500,100,820300,3710000000,-10,true,-0.22
"TTF",104235,"/Date(1704426124000)/",4500,1000,820200,3710000000,-10,true,-0.22
"TTF",104235,"/Date(1704426124000)/",4500,100,819200,3705000000,-10,true,-0.22
"TTF",104235,"/Date(1704426124000)/",4500,1000,819100,3705000000,-10,true,-0.22
"TTF",104235,"/Date(1704426124000)/",4500,6300,818100,3700000000,-10,true,-0.22
"TTF",104235,"/Date(1704426124000)/",4500,500,811800,3672000000,-10,true,-0.22
"TTF",104235,"/Date(1704426124000)/",4500,2000,811300,3670000000,-10,true,-0.22
"TTF",104235,"/Date(1704426124000)/",4500,500,809300,3661000000,-10,true,-0.22
"TTF",104235,"/Date(1704426124000)/",4500,1000,808800,3659000000,-10,true,-0.22
"TTF",104235,"/Date(1704426124000)/",4500,1000,807800,3654000000,-10,true,-0.22
"TTF",104235,"/Date(1704426124000)/",4500,5000,806800,3650000000,-10,true,-0.22
"TTF",104235,"/Date(1704426124000)/",4500,2200,801800,3627000000,-10,true,-0.22
"TTF",104147,"/Date(1704426077000)/",4500,2800,799600,3617000000,-10,true,-0.22
"TTF",104147,"/Date(1704426077000)/",4500,1200,796800,3605000000,-10,true,-0.22
"TTF",104138,"/Date(1704426068000)/",4500,1200,795600,3599000000,-10,true,-0.22
"TTF",104118,"/Date(1704426050000)/",4510,100,794400,3594000000,0,true,0
"TTF",104118,"/Date(1704426050000)/",4510,1000,794300,3593000000,0,true,0
"TTF",104118,"/Date(1704426050000)/",4510,300,793300,3589000000,0,true,0
"TTF",104118,"/Date(1704426050000)/",4510,10000,793000,3587000000,0,true,0
"TTF",104118,"/Date(1704426050000)/",4510,1000,783000,3542000000,0,true,0
"TTF",104118,"/Date(1704426050000)/",4510,500,782000,3538000000,0,true,0
"TTF",104118,"/Date(1704426050000)/",4510,5000,781500,3536000000,0,true,0
"TTF",104118,"/Date(1704426050000)/",4510,5000,776500,3513000000,0,true,0
"TTF",104118,"/Date(1704426050000)/",4510,500,771500,3491000000,0,true,0
"TTF",104118,"/Date(1704426050000)/",4510,1600,771000,3488000000,0,true,0
"TTF",104118,"/Date(1704426050000)/",4510,200,769400,3481000000,0,true,0
"TTF",104118,"/Date(1704426050000)/",4510,5000,769200,3480000000,0,true,0
"TTF",104118,"/Date(1704426050000)/",4510,1000,764200,3458000000,0,true,0
"TTF",104118,"/Date(1704426050000)/",4510,500,763200,3453000000,0,true,0
"TTF",104118,"/Date(1704426050000)/",4510,5000,762700,3451000000,0,true,0
"TTF",104118,"/Date(1704426050000)/",4510,500,757700,3428000000,0,true,0
"TTF",104118,"/Date(1704426050000)/",4510,2000,757200,3426000000,0,true,0
"TTF",104043,"/Date(1704426013000)/",4520,2000,755200,3417000000,10,false,0.22
"TTF",104043,"/Date(1704426013000)/",4520,300,753200,3408000000,10,false,0.22
"TTF",104043,"/Date(1704426013000)/",4520,5400,752900,3407000000,10,false,0.22
"TTF",104043,"/Date(1704426013000)/",4520,1000,747500,3382000000,10,false,0.22
"TTF",104043,"/Date(1704426013000)/",4520,1000,746500,3378000000,10,false,0.22
"TTF",104043,"/Date(1704426013000)/",4520,2600,745500,3373000000,10,false,0.22
"TTF",104043,"/Date(1704426013000)/",4520,3000,742900,3361000000,10,false,0.22
"TTF",104043,"/Date(1704426013000)/",4520,10000,739900,3348000000,10,false,0.22
"TTF",104043,"/Date(1704426013000)/",4520,100,729900,3303000000,10,false,0.22
"TTF",104043,"/Date(1704426013000)/",4520,500,729800,3302000000,10,false,0.22
"TTF",104043,"/Date(1704426013000)/",4520,500,729300,3300000000,10,false,0.22
"TTF",104043,"/Date(1704426013000)/",4530,1000,728800,3298000000,20,false,0.44
"TTF",104043,"/Date(1704426013000)/",4530,300,727800,3293000000,20,false,0.44
"TTF",104043,"/Date(1704426013000)/",4530,1000,727500,3292000000,20,false,0.44
"TTF",104043,"/Date(1704426013000)/",4530,800,726500,3287000000,20,false,0.44
"TTF",104011,"/Date(1704425982000)/",4530,200,725700,3284000000,20,true,0.44
"TTF",104011,"/Date(1704425982000)/",4530,4800,725500,3283000000,20,true,0.44
"TTF",103948,"/Date(1704425959000)/",4530,2000,720700,3261000000,20,true,0.44
"TTF",103932,"/Date(1704425943000)/",4530,3200,718700,3252000000,20,true,0.44
"TTF",103932,"/Date(1704425943000)/",4530,400,715500,3237000000,20,true,0.44
"TTF",103932,"/Date(1704425943000)/",4530,400,715100,3236000000,20,true,0.44
"TTF",103841,"/Date(1704425892000)/",4530,600,714700,3234000000,20,true,0.44
"TTF",103841,"/Date(1704425892000)/",4530,400,714100,3231000000,20,true,0.44
"TTF",103708,"/Date(1704425798000)/",4530,9600,713700,3229000000,20,true,0.44
"TTF",103708,"/Date(1704425798000)/",4530,900,704100,3186000000,20,true,0.44
"TTF",103708,"/Date(1704425798000)/",4530,9500,703200,3182000000,20,true,0.44
"TTF",103646,"/Date(1704425776000)/",4530,500,693700,3139000000,20,true,0.44
"TTF",103646,"/Date(1704425776000)/",4530,500,693200,3136000000,20,true,0.44
"TTF",103422,"/Date(1704425635000)/",4530,500,692700,3134000000,20,true,0.44
"TTF",103409,"/Date(1704425620000)/",4550,100,692200,3132000000,40,false,0.89
"TTF",103340,"/Date(1704425593000)/",4540,400,692100,3131000000,30,false,0.67
"TTF",103340,"/Date(1704425593000)/",4540,5000,691700,3130000000,30,false,0.67
"TTF",103340,"/Date(1704425593000)/",4540,5000,686700,3107000000,30,false,0.67
"TTF",103340,"/Date(1704425593000)/",4540,6100,681700,3084000000,30,false,0.67
"TTF",103340,"/Date(1704425593000)/",4530,3500,675600,3057000000,20,false,0.44
"TTF",103340,"/Date(1704425591000)/",4520,2100,672100,3041000000,10,true,0.22
"TTF",103340,"/Date(1704425591000)/",4520,2400,670000,3031000000,10,true,0.22
"TTF",103337,"/Date(1704425590000)/",4520,500,667600,3020000000,10,true,0.22
"TTF",103334,"/Date(1704425586000)/",4530,2600,667100,3018000000,20,false,0.44
"TTF",103318,"/Date(1704425568000)/",4530,66000,664500,3006000000,20,false,0.44
"TTF",103256,"/Date(1704425546000)/",4520,1000,598500,2707000000,10,true,0.22
"TTF",103051,"/Date(1704425424000)/",4520,6100,597500,2703000000,10,false,0.22
"TTF",103028,"/Date(1704425401000)/",4510,1000,591400,2675000000,0,true,0
"TTF",102934,"/Date(1704425347000)/",4520,5000,590400,2671000000,10,true,0.22
"TTF",102934,"/Date(1704425347000)/",4520,1000,585400,2648000000,10,true,0.22
"TTF",102934,"/Date(1704425347000)/",4520,5000,584400,2644000000,10,true,0.22
"TTF",102934,"/Date(1704425347000)/",4520,1900,579400,2621000000,10,true,0.22
"TTF",102934,"/Date(1704425347000)/",4520,1000,577500,2612000000,10,true,0.22
"TTF",102931,"/Date(1704425344000)/",4530,1000,576500,2608000000,20,false,0.44
"TTF",102906,"/Date(1704425316000)/",4530,5000,575500,2603000000,20,true,0.44
"TTF",102906,"/Date(1704425316000)/",4530,2500,570500,2581000000,20,true,0.44
"TTF",102906,"/Date(1704425316000)/",4530,11400,568000,2569000000,20,true,0.44
"TTF",102824,"/Date(1704425278000)/",4540,1000,556600,2518000000,30,false,0.67
"TTF",102821,"/Date(1704425273000)/",4540,2900,555600,2513000000,30,false,0.67
"TTF",102811,"/Date(1704425263000)/",4540,900,552700,2500000000,30,false,0.67
"TTF",102811,"/Date(1704425263000)/",4540,1300,551800,2496000000,30,false,0.67
"TTF",102811,"/Date(1704425263000)/",4540,1800,550500,2490000000,30,false,0.67
"TTF",102805,"/Date(1704425256000)/",4540,400,548700,2482000000,30,false,0.67
"TTF",102752,"/Date(1704425245000)/",4540,800,548300,2480000000,30,false,0.67
"TTF",102752,"/Date(1704425245000)/",4540,200,547500,2476000000,30,false,0.67
"TTF",102723,"/Date(1704425215000)/",4530,1500,547300,2475000000,20,true,0.44
"TTF",102704,"/Date(1704425196000)/",4530,200,545800,2469000000,20,true,0.44
"TTF",102648,"/Date(1704425181000)/",4530,2000,545600,2468000000,20,true,0.44
"TTF",102642,"/Date(1704425174000)/",4530,200,543600,2459000000,20,true,0.44
"TTF",102622,"/Date(1704425157000)/",4530,300,543400,2458000000,20,false,0.44
"TTF",102622,"/Date(1704425157000)/",4520,100,543100,2456000000,10,false,0.22
"TTF",102622,"/Date(1704425157000)/",4520,4300,543000,2456000000,10,false,0.22
"TTF",102619,"/Date(1704425152000)/",4520,500,538700,2437000000,10,false,0.22
"TTF",102613,"/Date(1704425146000)/",4520,5000,538200,2434000000,10,false,0.22
"TTF",102613,"/Date(1704425146000)/",4520,1000,533200,2412000000,10,false,0.22
"TTF",102613,"/Date(1704425146000)/",4520,5000,532200,2407000000,10,false,0.22
"TTF",102613,"/Date(1704425146000)/",4520,5000,527200,2385000000,10,false,0.22
"TTF",102613,"/Date(1704425146000)/",4520,20000,522200,2362000000,10,false,0.22
"TTF",102613,"/Date(1704425146000)/",4520,100,502200,2272000000,10,false,0.22
"TTF",102613,"/Date(1704425146000)/",4520,2000,502100,2271000000,10,false,0.22
"TTF",102613,"/Date(1704425146000)/",4520,300,500100,2262000000,10,false,0.22
"TTF",102613,"/Date(1704425146000)/",4520,600,499800,2261000000,10,false,0.22
"TTF",102613,"/Date(1704425146000)/",4520,5000,499200,2258000000,10,false,0.22
"TTF",102613,"/Date(1704425146000)/",4520,1000,494200,2235000000,10,false,0.22
"TTF",102613,"/Date(1704425146000)/",4520,100,493200,2231000000,10,false,0.22
"TTF",102613,"/Date(1704425146000)/",4520,100,493100,2230000000,10,false,0.22
"TTF",102405,"/Date(1704425019000)/",4530,2000,493000,2230000000,20,false,0.44
"TTF",102359,"/Date(1704425010000)/",4530,400,491000,2221000000,20,false,0.44
"TTF",102330,"/Date(1704424983000)/",4530,100,490600,2219000000,20,false,0.44
"TTF",102317,"/Date(1704424969000)/",4530,1000,490500,2219000000,20,false,0.44
"TTF",102255,"/Date(1704424948000)/",4530,5000,489500,2214000000,20,true,0.44
"TTF",102255,"/Date(1704424948000)/",4530,5000,484500,2192000000,20,true,0.44
"TTF",102255,"/Date(1704424948000)/",4530,2000,479500,2169000000,20,true,0.44
"TTF",102255,"/Date(1704424948000)/",4530,1000,477500,2160000000,20,true,0.44
"TTF",102255,"/Date(1704424948000)/",4530,500,476500,2155000000,20,true,0.44
"TTF",102255,"/Date(1704424948000)/",4530,2700,476000,2153000000,20,true,0.44
"TTF",102005,"/Date(1704424778000)/",4540,1000,473300,2141000000,30,true,0.67
"TTF",102005,"/Date(1704424778000)/",4540,3700,472300,2136000000,30,true,0.67
"TTF",102005,"/Date(1704424778000)/",4540,100,468600,2119000000,30,true,0.67
"TTF",101920,"/Date(1704424732000)/",4540,500,468500,2119000000,30,true,0.67
"TTF",101917,"/Date(1704424731000)/",4540,400,468000,2117000000,30,true,0.67
"TTF",101914,"/Date(1704424729000)/",4540,100,467600,2115000000,30,false,0.67
"TTF",101914,"/Date(1704424729000)/",4540,400,467500,2114000000,30,false,0.67
"TTF",101845,"/Date(1704424698000)/",4540,100,467100,2113000000,30,false,0.67
"TTF",101833,"/Date(1704424688000)/",4540,500,467000,2112000000,30,false,0.67
"TTF",101833,"/Date(1704424688000)/",4540,3000,466500,2110000000,30,false,0.67
"TTF",101833,"/Date(1704424688000)/",4540,1500,463500,2096000000,30,false,0.67
"TTF",101829,"/Date(1704424683000)/",4540,2000,462000,2089000000,30,false,0.67
"TTF",101751,"/Date(1704424644000)/",4540,4000,460000,2080000000,30,false,0.67
"TTF",101738,"/Date(1704424632000)/",4540,2000,456000,2062000000,30,false,0.67
"TTF",101455,"/Date(1704424469000)/",4540,500,454000,2053000000,30,false,0.67
"TTF",101411,"/Date(1704424425000)/",4530,500,453500,2051000000,20,false,0.44
"TTF",101411,"/Date(1704424425000)/",4530,1000,453000,2049000000,20,false,0.44
"TTF",101411,"/Date(1704424425000)/",4530,800,452000,2044000000,20,false,0.44
"TTF",101352,"/Date(1704424405000)/",4530,1000,451200,2040000000,20,false,0.44
"TTF",101336,"/Date(1704424389000)/",4530,100,450200,2036000000,20,false,0.44
"TTF",101248,"/Date(1704424341000)/",4530,2200,450100,2035000000,20,false,0.44
"TTF",101021,"/Date(1704424197000)/",4530,5000,447900,2026000000,20,true,0.44
"TTF",101021,"/Date(1704424197000)/",4530,900,442900,2003000000,20,true,0.44
"TTF",100917,"/Date(1704424132000)/",4550,2700,442000,1999000000,40,false,0.89
"TTF",100854,"/Date(1704424109000)/",4550,4900,439300,1987000000,40,false,0.89
"TTF",100854,"/Date(1704424109000)/",4550,3700,434400,1964000000,40,false,0.89
"TTF",100854,"/Date(1704424109000)/",4550,500,430700,1947000000,40,false,0.89
"TTF",100854,"/Date(1704424109000)/",4550,1000,430200,1945000000,40,false,0.89
"TTF",100854,"/Date(1704424109000)/",4550,2000,429200,1941000000,40,false,0.89
"TTF",100854,"/Date(1704424109000)/",4540,2900,427200,1931000000,30,false,0.67
"TTF",100854,"/Date(1704424109000)/",4540,8700,424300,1918000000,30,false,0.67
"TTF",100854,"/Date(1704424109000)/",4540,700,415600,1879000000,30,false,0.67
"TTF",100854,"/Date(1704424109000)/",4540,5000,414900,1876000000,30,false,0.67
"TTF",100854,"/Date(1704424109000)/",4540,1000,409900,1853000000,30,false,0.67
"TTF",100854,"/Date(1704424109000)/",4540,4600,408900,1848000000,30,false,0.67
"TTF",100822,"/Date(1704424078000)/",4530,1000,404300,1827000000,20,false,0.44
"TTF",100822,"/Date(1704424078000)/",4530,1000,403300,1823000000,20,false,0.44
"TTF",100822,"/Date(1704424077000)/",4520,900,402300,1818000000,10,false,0.22
"TTF",100816,"/Date(1704424071000)/",4510,400,401400,1814000000,0,true,0
"TTF",100816,"/Date(1704424071000)/",4510,100,401000,1813000000,0,true,0
"TTF",100816,"/Date(1704424071000)/",4510,500,400900,1812000000,0,true,0
"TTF",100813,"/Date(1704424067000)/",4520,1000,400400,1810000000,10,false,0.22
"TTF",100806,"/Date(1704424063000)/",4520,100,399400,1805000000,10,false,0.22
"TTF",100806,"/Date(1704424063000)/",4520,400,399300,1805000000,10,false,0.22
"TTF",100803,"/Date(1704424057000)/",4520,1000,398900,1803000000,10,false,0.22
"TTF",100747,"/Date(1704424043000)/",4520,2000,397900,1799000000,10,false,0.22
"TTF",100744,"/Date(1704424039000)/",4520,5000,395900,1790000000,10,false,0.22
"TTF",100555,"/Date(1704423931000)/",4520,2100,390900,1767000000,10,false,0.22
"TTF",100555,"/Date(1704423931000)/",4520,3000,388800,1757000000,10,false,0.22
"TTF",100555,"/Date(1704423931000)/",4520,3000,385800,1744000000,10,false,0.22
"TTF",100555,"/Date(1704423931000)/",4520,600,382800,1730000000,10,false,0.22
"TTF",100555,"/Date(1704423931000)/",4520,1300,382200,1728000000,10,false,0.22
"TTF",100439,"/Date(1704423856000)/",4510,2000,380900,1722000000,0,true,0
"TTF",100407,"/Date(1704423822000)/",4520,2200,378900,1713000000,10,false,0.22
"TTF",100159,"/Date(1704423696000)/",4500,300,376700,1703000000,-10,false,-0.22
"TTF",100159,"/Date(1704423696000)/",4500,300,376400,1701000000,-10,false,-0.22
"TTF",100159,"/Date(1704423696000)/",4500,100,376100,1700000000,-10,false,-0.22
"TTF",100159,"/Date(1704423696000)/",4500,1900,376000,1700000000,-10,false,-0.22
"TTF",100149,"/Date(1704423686000)/",4500,200,374100,1691000000,-10,false,-0.22
"TTF",100101,"/Date(1704423637000)/",4500,100,373900,1690000000,-10,false,-0.22
"TTF",95938,"/Date(1704423546000)/",4490,300,373800,1690000000,-20,true,-0.44
"TTF",95938,"/Date(1704423546000)/",4490,1500,373500,1688000000,-20,true,-0.44
"TTF",95938,"/Date(1704423546000)/",4490,1000,372000,1682000000,-20,true,-0.44
"TTF",95938,"/Date(1704423546000)/",4490,300,371000,1677000000,-20,true,-0.44
"TTF",95938,"/Date(1704423546000)/",4490,100,370700,1676000000,-20,true,-0.44
"TTF",95938,"/Date(1704423546000)/",4490,200,370600,1675000000,-20,true,-0.44
"TTF",95938,"/Date(1704423546000)/",4490,2000,370400,1674000000,-20,true,-0.44
"TTF",95938,"/Date(1704423546000)/",4490,500,368400,1665000000,-20,true,-0.44
"TTF",95938,"/Date(1704423546000)/",4490,500,367900,1663000000,-20,true,-0.44
"TTF",95938,"/Date(1704423546000)/",4490,100,367400,1661000000,-20,true,-0.44
"TTF",95938,"/Date(1704423546000)/",4490,100,367300,1661000000,-20,true,-0.44
"TTF",95938,"/Date(1704423546000)/",4490,2000,367200,1660000000,-20,true,-0.44
"TTF",95938,"/Date(1704423546000)/",4490,2000,365200,1651000000,-20,true,-0.44
"TTF",95938,"/Date(1704423546000)/",4490,2200,363200,1642000000,-20,true,-0.44
"TTF",95938,"/Date(1704423546000)/",4490,100,361000,1632000000,-20,true,-0.44
"TTF",95938,"/Date(1704423546000)/",4490,500,360900,1632000000,-20,true,-0.44
"TTF",95938,"/Date(1704423546000)/",4490,100,360400,1630000000,-20,true,-0.44
"TTF",95938,"/Date(1704423546000)/",4490,4200,360300,1629000000,-20,true,-0.44
"TTF",95910,"/Date(1704423528000)/",4500,3000,356100,1610000000,-10,false,-0.22
"TTF",95851,"/Date(1704423507000)/",4500,1500,353100,1597000000,-10,false,-0.22
"TTF",95851,"/Date(1704423507000)/",4500,100,351600,1590000000,-10,false,-0.22
"TTF",95819,"/Date(1704423475000)/",4500,1000,351500,1590000000,-10,false,-0.22
"TTF",95803,"/Date(1704423459000)/",4500,3000,350500,1585000000,-10,false,-0.22
"TTF",95803,"/Date(1704423459000)/",4500,100,347500,1572000000,-10,false,-0.22
"TTF",95803,"/Date(1704423459000)/",4500,200,347400,1571000000,-10,false,-0.22
"TTF",95803,"/Date(1704423459000)/",4500,100,347200,1570000000,-10,false,-0.22
"TTF",95803,"/Date(1704423459000)/",4500,5100,347100,1570000000,-10,false,-0.22
"TTF",95803,"/Date(1704423459000)/",4500,5000,342000,1547000000,-10,false,-0.22
"TTF",95803,"/Date(1704423459000)/",4500,600,337000,1524000000,-10,false,-0.22
"TTF",95803,"/Date(1704423459000)/",4500,1000,336400,1522000000,-10,false,-0.22
"TTF",95803,"/Date(1704423459000)/",4500,10000,335400,1517000000,-10,false,-0.22
"TTF",95803,"/Date(1704423459000)/",4500,2000,325400,1472000000,-10,false,-0.22
"TTF",95803,"/Date(1704423459000)/",4500,1000,323400,1463000000,-10,false,-0.22
"TTF",95803,"/Date(1704423459000)/",4500,2000,322400,1459000000,-10,false,-0.22
"TTF",95803,"/Date(1704423459000)/",4500,6000,320400,1450000000,-10,false,-0.22
"TTF",95803,"/Date(1704423459000)/",4500,2000,314400,1423000000,-10,false,-0.22
"TTF",95803,"/Date(1704423459000)/",4500,200,312400,1414000000,-10,false,-0.22
"TTF",95803,"/Date(1704423459000)/",4500,500,312200,1413000000,-10,false,-0.22
"TTF",95803,"/Date(1704423459000)/",4500,100,311700,1410000000,-10,false,-0.22
"TTF",95803,"/Date(1704423459000)/",4500,100,311600,1410000000,-10,false,-0.22
"TTF",95803,"/Date(1704423459000)/",4500,100,311500,1410000000,-10,false,-0.22
"TTF",95803,"/Date(1704423459000)/",4500,100,311400,1409000000,-10,false,-0.22
"TTF",95803,"/Date(1704423459000)/",4500,9600,311300,1409000000,-10,false,-0.22
"TTF",95803,"/Date(1704423459000)/",4510,200,301700,1365000000,0,false,0
"TTF",95737,"/Date(1704423433000)/",4520,1000,301500,1365000000,10,false,0.22
