"price","change","match_qtty","side","time","total_vol"
32.3,-0.3,97000,"","14:45:01",2859300
32.3,-0.3,1500,"sd","14:29:41",2762300
32.3,-0.3,10000,"sd","14:29:40",2760800
32.3,-0.3,10000,"sd","14:29:10",2750800
32.3,-0.3,5500,"sd","14:29:07",2740800
32.35,-0.25,400,"bu","14:29:03",2735300
32.35,-0.25,1300,"bu","14:28:56",2734900
32.35,-0.25,300,"bu","14:28:50",2733600
32.35,-0.25,1000,"bu","14:28:42",2733300
32.35,-0.25,100,"bu","14:28:37",2732300
32.35,-0.25,100,"bu","14:28:33",2732200
32.35,-0.25,100,"bu","14:28:21",2732100
32.3,-0.3,14000,"sd","14:28:19",2732000
32.3,-0.3,1000,"sd","14:28:16",2718000
32.3,-0.3,2000,"sd","14:28:02",2717000
32.3,-0.3,800,"sd","14:27:34",2715000
32.3,-0.3,1000,"sd","14:27:00",2714200
32.25,-0.35,200,"sd","14:26:43",2713200
32.3,-0.3,200,"sd","14:26:43",2713000
32.25,-0.35,10000,"sd","14:26:25",2712800
32.3,-0.3,1000,"bu","14:26:25",2702800
32.3,-0.3,1000,"bu","14:26:25",2701800
32.3,-0.3,1500,"bu","14:26:10",2700800
32.3,-0.3,200,"bu","14:26:08",2699300
32.3,-0.3,100,"bu","14:25:58",2699100
32.3,-0.3,100,"bu","14:25:54",2699000
32.3,-0.3,1600,"bu","14:25:52",2698900
32.3,-0.3,12000,"sd","14:25:36",2697300
32.3,-0.3,15000,"sd","14:25:15",2685300
32.3,-0.3,300,"sd","14:25:13",2670300
32.3,-0.3,5000,"sd","14:24:36",2670000
32.35,-0.25,5000,"bu","14:24:36",2665000
32.3,-0.3,1000,"sd","14:24:26",2660000
32.35,-0.25,1000,"bu","14:24:17",2659000
32.3,-0.3,10000,"sd","14:24:01",2658000
32.35,-0.25,700,"bu","14:23:59",2648000
32.3,-0.3,1200,"bu","14:23:47",2647300
32.3,-0.3,1700,"bu","14:23:47",2646100
32.3,-0.3,1000,"bu","14:23:46",2644400
32.3,-0.3,500,"bu","14:23:45",2643400
32.3,-0.3,100,"bu","14:23:44",2642900
32.3,-0.3,1000,"bu","14:23:43",2642800
32.3,-0.3,300,"bu","14:23:40",2641800
32.3,-0.3,100,"bu","14:23:27",2641500
32.3,-0.3,100,"bu","14:23:21",2641400
32.3,-0.3,500,"bu","14:23:13",2641300
32.25,-0.35,10000,"sd","14:23:02",2640800
32.25,-0.35,100,"sd","14:22:44",2630800
32.3,-0.3,100,"bu","14:22:43",2630700
32.3,-0.3,200,"bu","14:22:42",2630600
32.3,-0.3,300,"bu","14:22:39",2630400
32.3,-0.3,500,"bu","14:22:25",2630100
32.3,-0.3,300,"bu","14:22:20",2629600
32.25,-0.35,3000,"sd","14:22:09",2629300
32.3,-0.3,500,"bu","14:22:06",2626300
32.3,-0.3,500,"bu","14:21:57",2625800
32.3,-0.3,100,"bu","14:21:49",2625300
32.3,-0.3,1000,"bu","14:21:44",2625200
32.3,-0.3,200,"sd","14:21:22",2624200
32.25,-0.35,700,"sd","14:21:17",2624000
32.3,-0.3,1000,"sd","14:21:17",2623300
32.3,-0.3,1000,"sd","14:21:12",2622300
32.3,-0.3,400,"bu","14:20:58",2621300
32.3,-0.3,100,"bu","14:20:50",2620900
32.3,-0.3,500,"bu","14:20:45",2620800
32.3,-0.3,10000,"bu","14:20:44",2620300
32.3,-0.3,400,"sd","14:20:36",2610300
32.3,-0.3,600,"bu","14:20:35",2609900
32.3,-0.3,500,"bu","14:20:34",2609300
32.3,-0.3,5000,"bu","14:20:21",2608800
32.3,-0.3,300,"bu","14:20:11",2603800
32.25,-0.35,10200,"sd","14:20:02",2603500
32.25,-0.35,2000,"sd","14:19:47",2593300
32.3,-0.3,1000,"bu","14:19:41",2591300
32.3,-0.3,600,"sd","14:19:24",2590300
32.35,-0.25,300,"bu","14:19:22",2589700
32.3,-0.3,1000,"sd","14:19:19",2589400
32.3,-0.3,1100,"sd","14:19:17",2588400
32.3,-0.3,2000,"sd","14:19:13",2587300
32.3,-0.3,8000,"sd","14:19:09",2585300
32.3,-0.3,4000,"sd","14:19:05",2577300
32.3,-0.3,300,"sd","14:19:04",2573300
32.3,-0.3,3000,"sd","14:19:03",2573000
32.3,-0.3,20000,"sd","14:19:03",2570000
32.3,-0.3,3500,"sd","14:18:50",2550000
32.3,-0.3,10000,"sd","14:18:49",2546500
32.35,-0.25,23400,"sd","14:18:36",2536500
32.4,-0.2,1500,"bu","14:18:05",2513100
32.35,-0.25,400,"sd","14:18:01",2511600
32.4,-0.2,900,"sd","14:17:48",2511200
32.4,-0.2,3000,"sd","14:17:47",2510300
32.4,-0.2,500,"sd","14:17:43",2507300
32.4,-0.2,5500,"sd","14:17:42",2506800
32.4,-0.2,900,"sd","14:17:37",2501300
32.4,-0.2,20000,"sd","14:17:32",2500400
32.4,-0.2,7300,"sd","14:17:28",2480400
32.4,-0.2,8000,"sd","14:17:28",2473100
32.4,-0.2,2000,"sd","14:17:27",2465100
32.45,-0.15,300,"bu","14:17:20",2463100
32.4,-0.2,1000,"sd","14:17:13",2462800
32.45,-0.15,300,"bu","14:17:12",2461800
32.4,-0.2,3000,"sd","14:17:08",2461500
32.45,-0.15,300,"bu","14:16:48",2458500
32.45,-0.15,9000,"sd","14:16:18",2458200
32.45,-0.15,5000,"sd","14:15:50",2449200
32.5,-0.1,700,"sd","14:15:47",2444200
32.45,-0.15,200,"sd","14:15:38",2443500
32.5,-0.1,1800,"sd","14:15:38",2443300
32.5,-0.1,300,"sd","14:15:35",2441500
32.5,-0.1,5800,"bu","14:15:23",2441200
32.45,-0.15,500,"sd","14:15:20",2435400
32.45,-0.15,200,"sd","14:14:41",2434900
32.45,-0.15,2500,"sd","14:14:20",2434700
32.45,-0.15,500,"sd","14:14:07",2432200
32.5,-0.1,200,"bu","14:14:07",2431700
32.5,-0.1,100,"bu","14:13:46",2431500
32.5,-0.1,100,"bu","14:13:24",2431400
32.5,-0.1,200,"sd","14:13:06",2431300
32.5,-0.1,200,"sd","14:13:01",2431100
32.5,-0.1,400,"sd","14:13:00",2430900
32.5,-0.1,9200,"bu","14:12:49",2430500
32.5,-0.1,1000,"bu","14:11:33",2421300
32.5,-0.1,3200,"sd","14:11:24",2420300
32.55,-0.05,100,"bu","14:11:24",2417100
32.55,-0.05,300,"bu","14:11:09",2417000
32.55,-0.05,100,"bu","14:11:02",2416700
32.55,-0.05,1200,"sd","14:10:21",2416600
32.55,-0.05,100,"sd","14:10:04",2415400
32.55,-0.05,600,"sd","14:09:55",2415300
32.55,-0.05,2000,"sd","14:09:47",2414700
32.55,-0.05,1300,"bu","14:09:27",2412700
32.55,-0.05,100,"bu","14:09:20",2411400
32.55,-0.05,7200,"bu","14:08:56",2411300
32.5,-0.1,2000,"sd","14:08:45",2404100
32.5,-0.1,200,"sd","14:08:41",2402100
32.5,-0.1,2700,"bu","14:08:09",2401900
32.5,-0.1,1000,"bu","14:07:39",2399200
32.5,-0.1,2000,"bu","14:07:38",2398200
32.5,-0.1,100,"bu","14:07:30",2396200
32.5,-0.1,500,"bu","14:07:30",2396100
32.5,-0.1,10000,"bu","14:07:17",2395600
32.5,-0.1,500,"bu","14:07:15",2385600
32.5,-0.1,200,"bu","14:07:00",2385100
32.5,-0.1,100,"bu","14:06:39",2384900
32.5,-0.1,1000,"bu","14:06:24",2384800
32.5,-0.1,100,"bu","14:06:18",2383800
32.5,-0.1,300,"bu","14:05:29",2383700
32.5,-0.1,100,"bu","14:05:18",2383400
32.5,-0.1,100,"bu","14:04:53",2383300
32.5,-0.1,900,"bu","14:03:09",2383200
32.5,-0.1,300,"bu","14:02:33",2382300
32.45,-0.15,500,"sd","14:02:01",2382000
32.5,-0.1,5000,"bu","14:01:39",2381500
32.5,-0.1,100,"bu","14:01:18",2376500
32.45,-0.15,100,"sd","14:01:11",2376400
32.45,-0.15,1000,"sd","14:00:48",2376300
32.45,-0.15,2100,"bu","14:00:37",2375300
32.4,-0.2,100,"sd","14:00:34",2373200
32.45,-0.15,200,"bu","14:00:24",2373100
32.45,-0.15,1000,"bu","14:00:15",2372900
32.45,-0.15,800,"bu","13:59:59",2371900
32.45,-0.15,2000,"bu","13:59:57",2371100
32.45,-0.15,1600,"bu","13:59:37",2369100
32.4,-0.2,300,"sd","13:59:18",2367500
32.45,-0.15,16500,"sd","13:58:48",2367200
32.45,-0.15,3000,"sd","13:58:24",2350700
32.45,-0.15,300,"sd","13:57:05",2347700
32.45,-0.15,2500,"sd","13:56:58",2347400
32.45,-0.15,3000,"sd","13:55:55",2344900
32.45,-0.15,500,"sd","13:55:17",2341900
32.45,-0.15,500,"sd","13:55:12",2341400
32.45,-0.15,500,"sd","13:54:59",2340900
32.45,-0.15,5600,"bu","13:54:39",2340400
32.45,-0.15,400,"bu","13:54:27",2334800
32.45,-0.15,5000,"bu","13:54:03",2334400
32.45,-0.15,100,"bu","13:53:51",2329400
32.45,-0.15,300,"bu","13:53:32",2329300
32.45,-0.15,2600,"sd","13:53:25",2329000
32.45,-0.15,400,"bu","13:53:05",2326400
32.45,-0.15,100,"bu","13:52:55",2326000
32.45,-0.15,400,"bu","13:52:47",2325900
32.45,-0.15,5000,"bu","13:52:15",2325500
32.45,-0.15,600,"sd","13:51:28",2320500
32.45,-0.15,100,"sd","13:50:36",2319900
32.45,-0.15,200,"sd","13:50:29",2319800
32.45,-0.15,5000,"sd","13:50:01",2319600
32.45,-0.15,500,"sd","13:49:56",2314600
32.45,-0.15,300,"sd","13:49:46",2314100
32.45,-0.15,200,"sd","13:49:40",2313800
32.45,-0.15,2000,"sd","13:49:32",2313600
32.45,-0.15,100,"sd","13:48:33",2311600
32.5,-0.1,100,"bu","13:48:27",2311500
32.45,-0.15,400,"sd","13:48:19",2311400
32.45,-0.15,100,"sd","13:48:17",2311000
32.45,-0.15,500,"sd","13:47:21",2310900
32.45,-0.15,100,"bu","13:46:25",2310400
32.45,-0.15,100,"bu","13:46:05",2310300
32.45,-0.15,400,"bu","13:46:03",2310200
32.45,-0.15,1000,"bu","13:45:56",2309800
32.45,-0.15,100,"bu","13:45:37",2308800
32.45,-0.15,100,"bu","13:45:22",2308700
32.4,-0.2,9300,"sd","13:44:46",2308600
32.45,-0.15,100,"bu","13:44:42",2299300
32.45,-0.15,100,"bu","13:44:21",2299200
32.45,-0.15,500,"bu","13:44:15",2299100
32.45,-0.15,300,"bu","13:43:56",2298600
32.45,-0.15,800,"sd","13:43:54",2298300
32.45,-0.15,100,"sd","13:43:41",2297500
32.45,-0.15,300,"bu","13:43:00",2297400
32.4,-0.2,1000,"sd","13:42:49",2297100
32.4,-0.2,900,"sd","13:42:33",2296100
32.4,-0.2,500,"sd","13:42:12",2295200
32.4,-0.2,2500,"sd","13:41:34",2294700
32.4,-0.2,800,"bu","13:41:17",2292200
32.4,-0.2,4200,"sd","13:41:11",2291400
32.4,-0.2,7200,"bu","13:39:30",2287200
32.4,-0.2,300,"bu","13:39:24",2280000
32.4,-0.2,1600,"bu","13:39:15",2279700
32.4,-0.2,100,"bu","13:39:08",2278100
32.35,-0.25,500,"sd","13:38:57",2278000
32.35,-0.25,200,"sd","13:38:38",2277500
32.35,-0.25,1400,"sd","13:38:34",2277300
32.35,-0.25,10000,"sd","13:38:09",2275900
32.4,-0.2,3000,"bu","13:38:08",2265900
32.4,-0.2,3500,"sd","13:37:35",2262900
32.45,-0.15,5800,"sd","13:37:35",2259400
32.5,-0.1,300,"bu","13:37:05",2253600
32.5,-0.1,200,"bu","13:36:46",2253300
32.5,-0.1,500,"bu","13:36:13",2253100
32.5,-0.1,100,"bu","13:36:03",2252600
32.5,-0.1,800,"sd","13:35:25",2252500
32.5,-0.1,1600,"bu","13:34:34",2251700
32.5,-0.1,100,"bu","13:34:18",2250100
32.5,-0.1,300,"bu","13:34:07",2250000
32.5,-0.1,2000,"bu","13:32:38",2249700
32.5,-0.1,3000,"bu","13:32:32",2247700
32.45,-0.15,100,"sd","13:32:31",2244700
32.45,-0.15,100,"sd","13:32:06",2244600
32.45,-0.15,100,"sd","13:32:01",2244500
32.5,-0.1,3000,"bu","13:31:59",2244400
32.45,-0.15,500,"bu","13:31:40",2241400
32.45,-0.15,100,"bu","13:31:34",2240900
32.45,-0.15,400,"bu","13:31:27",2240800
32.45,-0.15,1800,"bu","13:31:26",2240400
32.45,-0.15,200,"bu","13:31:01",2238600
32.4,-0.2,1000,"sd","13:30:50",2238400
32.45,-0.15,1000,"bu","13:30:45",2237400
32.45,-0.15,1000,"bu","13:30:36",2236400
32.45,-0.15,3000,"bu","13:30:34",2235400
32.4,-0.2,1600,"bu","13:30:07",2232400
32.4,-0.2,1000,"bu","13:30:05",2230800
32.4,-0.2,300,"bu","13:29:55",2229800
32.4,-0.2,300,"bu","13:29:53",2229500
32.4,-0.2,1000,"bu","13:29:50",2229200
32.4,-0.2,1000,"bu","13:29:50",2228200
32.4,-0.2,100,"bu","13:29:47",2227200
32.4,-0.2,200,"bu","13:29:39",2227100
32.4,-0.2,7200,"bu","13:29:27",2226900
32.4,-0.2,100,"bu","13:29:24",2219700
32.4,-0.2,2900,"bu","13:29:20",2219600
32.4,-0.2,200,"bu","13:29:09",2216700
32.4,-0.2,1400,"bu","13:29:07",2216500
32.4,-0.2,400,"bu","13:29:06",2215100
32.4,-0.2,100,"bu","13:29:04",2214700
32.4,-0.2,1300,"bu","13:29:03",2214600
32.4,-0.2,3000,"bu","13:28:58",2213300
32.35,-0.25,1000,"sd","13:28:58",2210300
32.4,-0.2,1000,"bu","13:28:54",2209300
32.4,-0.2,300,"bu","13:28:37",2208300
32.4,-0.2,1000,"bu","13:28:36",2208000
32.4,-0.2,200,"bu","13:28:30",2207000
32.4,-0.2,1000,"bu","13:28:14",2206800
32.4,-0.2,200,"bu","13:28:13",2205800
32.4,-0.2,200,"bu","13:27:56",2205600
32.4,-0.2,300,"bu","13:27:52",2205400
32.4,-0.2,100,"bu","13:27:23",2205100
32.4,-0.2,1000,"bu","13:27:17",2205000
32.4,-0.2,500,"bu","13:27:11",2204000
32.35,-0.25,2000,"sd","13:27:08",2203500
32.4,-0.2,200,"bu","13:27:06",2201500
32.4,-0.2,100,"bu","13:26:47",2201300
32.35,-0.25,1500,"sd","13:26:42",2201200
32.4,-0.2,200,"bu","13:26:29",2199700
32.35,-0.25,500,"sd","13:26:26",2199500
32.35,-0.25,100,"sd","13:26:10",2199000
32.35,-0.25,100,"bu","13:25:57",2198900
32.35,-0.25,2000,"bu","13:25:56",2198800
32.35,-0.25,100,"bu","13:25:50",2196800
32.35,-0.25,1000,"bu","13:25:43",2196700
32.35,-0.25,1000,"bu","13:25:41",2195700
32.35,-0.25,100,"bu","13:25:23",2194700
32.35,-0.25,100,"bu","13:25:01",2194600
32.35,-0.25,300,"bu","13:24:56",2194500
32.35,-0.25,1500,"bu","13:24:52",2194200
32.35,-0.25,300,"bu","13:24:49",2192700
32.35,-0.25,200,"sd","13:24:44",2192400
32.35,-0.25,800,"sd","13:24:41",2192200
32.35,-0.25,5000,"sd","13:24:37",2191400
32.35,-0.25,1000,"sd","13:24:31",2186400
32.35,-0.25,20000,"sd","13:24:15",2185400
32.35,-0.25,100,"sd","13:24:05",2165400
32.35,-0.25,300,"sd","13:23:57",2165300
32.35,-0.25,3300,"bu","13:23:55",2165000
32.35,-0.25,500,"bu","13:23:54",2161700
32.35,-0.25,300,"bu","13:23:48",2161200
32.35,-0.25,100,"bu","13:23:46",2160900
32.35,-0.25,1000,"bu","13:23:39",2160800
32.3,-0.3,1000,"sd","13:23:33",2159800
32.3,-0.3,2000,"sd","13:23:23",2158800
32.3,-0.3,10000,"sd","13:23:17",2156800
32.3,-0.3,1500,"sd","13:23:10",2146800
32.35,-0.25,2000,"bu","13:22:51",2145300
32.3,-0.3,2000,"sd","13:22:48",2143300
32.3,-0.3,400,"sd","13:22:47",2141300
32.35,-0.25,100,"sd","13:22:41",2140900
32.35,-0.25,1000,"bu","13:22:39",2140800
32.3,-0.3,4800,"sd","13:22:36",2139800
32.35,-0.25,200,"sd","13:22:36",2135000
32.35,-0.25,5000,"sd","13:22:34",2134800
32.4,-0.2,100,"bu","13:22:02",2129800
32.4,-0.2,100,"bu","13:21:49",2129700
32.35,-0.25,400,"sd","13:21:45",2129600
32.35,-0.25,3300,"sd","13:21:37",2129200
32.35,-0.25,600,"sd","13:21:31",2125900
32.35,-0.25,200,"sd","13:21:23",2125300
32.4,-0.2,100,"sd","13:21:23",2125100
32.4,-0.2,1100,"sd","13:21:21",2125000
32.4,-0.2,1000,"sd","13:21:20",2123900
32.4,-0.2,5600,"sd","13:21:17",2122900
32.4,-0.2,500,"sd","13:21:06",2117300
32.4,-0.2,1000,"sd","13:21:02",2116800
32.4,-0.2,4900,"sd","13:20:58",2115800
32.4,-0.2,10000,"sd","13:20:54",2110900
32.4,-0.2,100,"sd","13:20:45",2100900
32.4,-0.2,1000,"sd","13:20:41",2100800
32.4,-0.2,2000,"sd","13:20:36",2099800
32.4,-0.2,2000,"sd","13:20:30",2097800
32.4,-0.2,300,"sd","13:20:19",2095800
32.4,-0.2,100,"sd","13:20:04",2095500
32.45,-0.15,100,"sd","13:20:04",2095400
32.4,-0.2,2600,"sd","13:19:29",2095300
32.45,-0.15,2400,"sd","13:19:29",2092700
32.45,-0.15,6000,"sd","13:19:21",2090300
32.45,-0.15,2000,"sd","13:18:55",2084300
32.45,-0.15,100,"sd","13:18:50",2082300
32.45,-0.15,5000,"sd","13:18:35",2082200
32.5,-0.1,100,"bu","13:18:23",2077200
32.5,-0.1,2800,"sd","13:18:17",2077100
32.5,-0.1,7300,"bu","13:18:05",2074300
32.5,-0.1,100,"bu","13:17:45",2067000
32.5,-0.1,300,"sd","13:17:33",2066900
32.5,-0.1,200,"sd","13:17:29",2066600
32.5,-0.1,5000,"sd","13:17:28",2066400
32.5,-0.1,3700,"sd","13:17:23",2061400
32.5,-0.1,1100,"sd","13:17:17",2057700
32.5,-0.1,500,"sd","13:17:15",2056600
32.5,-0.1,10000,"sd","13:17:12",2056100
32.5,-0.1,1500,"sd","13:17:03",2046100
32.5,-0.1,500,"sd","13:16:59",2044600
32.5,-0.1,1000,"sd","13:16:55",2044100
32.5,-0.1,2500,"sd","13:16:43",2043100
32.5,-0.1,200,"sd","13:16:40",2040600
32.5,-0.1,100,"sd","13:16:36",2040400
32.5,-0.1,400,"sd","13:16:32",2040300
32.5,-0.1,200,"sd","13:16:06",2039900
32.5,-0.1,3000,"sd","13:16:04",2039700
32.55,-0.05,500,"bu","13:15:55",2036700
32.55,-0.05,1000,"sd","13:15:45",2036200
32.55,-0.05,5000,"sd","13:15:44",2035200
32.55,-0.05,8000,"sd","13:15:41",2030200
32.55,-0.05,1000,"sd","13:15:37",2022200
32.55,-0.05,100,"sd","13:15:30",2021200
32.55,-0.05,7900,"sd","13:15:21",2021100
32.55,-0.05,500,"sd","13:14:47",2013200
32.6,0,300,"bu","13:14:35",2012700
32.6,0,100,"bu","13:12:46",2012400
32.55,-0.05,500,"sd","13:11:53",2012300
32.55,-0.05,800,"sd","13:11:19",2011800
32.55,-0.05,200,"sd","13:10:53",2011000
32.55,-0.05,100,"sd","13:10:51",2010800
32.55,-0.05,2000,"sd","13:10:43",2010700
32.55,-0.05,3200,"sd","13:10:23",2008700
32.55,-0.05,100,"sd","13:10:09",2005500
32.55,-0.05,1000,"sd","13:09:42",2005400
32.55,-0.05,4300,"bu","13:09:37",2004400
32.55,-0.05,1000,"bu","13:09:31",2000100
32.55,-0.05,100,"bu","13:09:03",1999100
32.55,-0.05,1000,"bu","13:08:51",1999000
32.5,-0.1,36500,"sd","13:08:34",1998000
32.5,-0.1,2000,"sd","13:07:37",1961500
32.5,-0.1,1000,"sd","13:07:36",1959500
32.5,-0.1,100,"sd","13:07:25",1958500
32.5,-0.1,100,"sd","13:07:21",1958400
32.5,-0.1,4000,"sd","13:07:09",1958300
32.5,-0.1,3000,"sd","13:06:57",1954300
32.5,-0.1,10000,"sd","13:06:42",1951300
32.5,-0.1,400,"sd","13:06:24",1941300
32.55,-0.05,200,"bu","13:06:22",1940900
32.55,-0.05,200,"bu","13:06:16",1940700
32.5,-0.1,100,"sd","13:06:14",1940500
32.55,-0.05,5600,"bu","13:06:12",1940400
32.55,-0.05,800,"bu","13:06:10",1934800
32.55,-0.05,3000,"bu","13:05:53",1934000
32.5,-0.1,1200,"sd","13:05:48",1931000
32.55,-0.05,5000,"bu","13:05:46",1929800
32.55,-0.05,100,"bu","13:05:10",1924800
32.55,-0.05,500,"bu","13:04:29",1924700
32.55,-0.05,4500,"sd","13:04:05",1924200
32.55,-0.05,1000,"sd","13:04:02",1919700
32.55,-0.05,1500,"sd","13:03:32",1918700
32.55,-0.05,3000,"sd","13:03:26",1917200
32.6,0,3000,"bu","13:03:25",1914200
32.55,-0.05,3000,"sd","13:03:21",1911200
32.55,-0.05,2400,"sd","13:03:15",1908200
32.55,-0.05,600,"bu","13:03:14",1905800
32.55,-0.05,500,"bu","13:03:13",1905200
32.55,-0.05,10000,"bu","13:03:02",1904700
32.5,-0.1,1500,"sd","13:02:25",1894700
32.5,-0.1,500,"sd","13:02:24",1893200
32.55,-0.05,2700,"bu","13:02:21",1892700
32.5,-0.1,200,"sd","13:02:21",1890000
32.5,-0.1,5000,"sd","13:02:17",1889800
32.5,-0.1,200,"sd","13:02:15",1884800
32.5,-0.1,9500,"sd","13:02:14",1884600
32.5,-0.1,300,"sd","13:02:13",1875100
32.5,-0.1,3000,"sd","13:02:01",1874800
32.5,-0.1,5000,"sd","13:01:57",1871800
32.5,-0.1,500,"sd","13:01:55",1866800
32.5,-0.1,600,"sd","13:01:44",1866300
32.5,-0.1,1500,"sd","13:01:41",1865700
32.5,-0.1,100,"sd","13:01:39",1864200
32.5,-0.1,1000,"sd","13:01:26",1864100
32.55,-0.05,1000,"bu","13:00:59",1863100
32.55,-0.05,500,"bu","13:00:48",1862100
32.55,-0.05,3500,"bu","13:00:43",1861600
32.55,-0.05,100,"bu","13:00:36",1858100
32.55,-0.05,100,"bu","13:00:32",1858000
32.55,-0.05,300,"sd","13:00:31",1857900
32.6,0,100,"bu","13:00:27",1857600
32.55,-0.05,1100,"bu","13:00:26",1857500
32.55,-0.05,100,"bu","13:00:05",1856400
32.5,-0.1,900,"sd","13:00:05",1856300
32.55,-0.05,100,"sd","13:00:04",1855400
32.55,-0.05,9600,"sd","13:00:04",1855300
32.55,-0.05,100,"sd","13:00:03",1845700
32.6,0,100,"bu","13:00:01",1845600
32.6,0,1100,"bu","13:00:00",1845500
32.55,-0.05,2200,"sd","13:00:00",1844400
32.6,0,100,"bu","11:29:52",1842200
32.6,0,600,"bu","11:29:34",1842100
32.55,-0.05,400,"sd","11:29:21",1841500
32.55,-0.05,100,"sd","11:28:41",1841100
32.55,-0.05,200,"sd","11:28:27",1841000
32.55,-0.05,7500,"sd","11:28:03",1840800
32.55,-0.05,300,"sd","11:27:08",1833300
32.55,-0.05,400,"sd","11:26:55",1833000
32.6,0,300,"bu","11:26:20",1832600
32.6,0,2000,"bu","11:25:35",1832300
32.6,0,1200,"sd","11:25:16",1830300
32.6,0,200,"sd","11:25:09",1829100
32.6,0,300,"sd","11:24:59",1828900
32.6,0,100,"sd","11:24:54",1828600
32.6,0,3800,"sd","11:24:52",1828500
32.6,0,20000,"sd","11:24:43",1824700
32.6,0,4200,"sd","11:24:33",1804700
32.6,0,4800,"sd","11:24:27",1800500
32.6,0,1000,"sd","11:24:25",1795700
32.6,0,14600,"sd","11:24:19",1794700
32.6,0,5400,"sd","11:24:19",1780100
32.6,0,3000,"sd","11:24:07",1774700
32.6,0,200,"sd","11:24:05",1771700
32.6,0,20000,"sd","11:23:51",1771500
32.65,0.05,100,"bu","11:23:45",1751500
32.65,0.05,100,"sd","11:23:13",1751400
32.65,0.05,200,"sd","11:22:57",1751300
32.65,0.05,500,"sd","11:22:46",1751100
32.65,0.05,1600,"bu","11:22:31",1750600
32.65,0.05,500,"bu","11:22:13",1749000
32.65,0.05,100,"bu","11:22:00",1748500
32.65,0.05,100,"bu","11:21:56",1748400
32.65,0.05,100,"bu","11:21:54",1748300
32.65,0.05,100,"bu","11:21:49",1748200
32.65,0.05,1000,"bu","11:21:48",1748100
32.65,0.05,300,"bu","11:21:08",1747100
32.65,0.05,1000,"bu","11:20:58",1746800
32.65,0.05,200,"bu","11:20:56",1745800
32.65,0.05,500,"bu","11:20:32",1745600
32.6,0,1100,"sd","11:18:24",1745100
32.6,0,1700,"sd","11:18:24",1744000
32.6,0,20000,"sd","11:17:24",1742300
32.6,0,1000,"sd","11:17:20",1722300
32.65,0.05,600,"sd","11:16:12",1721300
32.65,0.05,500,"sd","11:16:08",1720700
32.65,0.05,500,"bu","11:14:55",1720200
32.65,0.05,300,"bu","11:14:21",1719700
32.65,0.05,100,"bu","11:14:18",1719400
32.65,0.05,1200,"bu","11:14:01",1719300
32.65,0.05,7900,"sd","11:13:49",1718100
32.65,0.05,5000,"sd","11:13:42",1710200
32.65,0.05,5000,"sd","11:13:15",1705200
32.65,0.05,500,"sd","11:12:28",1700200
32.65,0.05,200,"sd","11:11:39",1699700
32.65,0.05,100,"sd","11:11:33",1699500
32.65,0.05,300,"sd","11:11:03",1699400
32.65,0.05,1000,"sd","11:11:01",1699100
32.65,0.05,100,"sd","11:10:27",1698100
32.65,0.05,5000,"sd","11:09:22",1698000
32.65,0.05,500,"sd","11:08:35",1693000
32.7,0.1,1000,"bu","11:07:40",1692500
32.65,0.05,900,"sd","11:06:49",1691500
32.65,0.05,100,"sd","11:06:37",1690600
32.65,0.05,1000,"sd","11:04:57",1690500
32.65,0.05,200,"sd","11:03:21",1689500
32.7,0.1,300,"bu","11:02:15",1689300
32.7,0.1,100,"bu","11:01:47",1689000
32.7,0.1,1000,"bu","11:01:08",1688900
32.7,0.1,100,"bu","11:00:36",1687900
32.7,0.1,200,"bu","11:00:12",1687800
32.7,0.1,200,"bu","11:00:02",1687600
32.7,0.1,2300,"sd","10:59:48",1687400
32.7,0.1,6200,"sd","10:59:34",1685100
32.7,0.1,6200,"sd","10:59:22",1678900
32.7,0.1,16800,"sd","10:58:54",1672700
32.7,0.1,300,"sd","10:58:46",1655900
32.75,0.15,200,"bu","10:58:33",1655600
32.75,0.15,3000,"bu","10:58:16",1655400
32.7,0.1,50000,"sd","10:58:06",1652400
32.75,0.15,200,"bu","10:57:42",1602400
32.75,0.15,1000,"bu","10:57:24",1602200
32.7,0.1,100,"sd","10:57:24",1601200
32.75,0.15,200,"sd","10:55:21",1601100
32.75,0.15,200,"sd","10:55:19",1600900
32.75,0.15,800,"sd","10:55:08",1600700
32.75,0.15,1700,"sd","10:54:59",1599900
32.75,0.15,200,"sd","10:54:29",1598200
32.75,0.15,8000,"sd","10:54:26",1598000
32.75,0.15,5600,"sd","10:54:10",1590000
32.75,0.15,1500,"sd","10:53:30",1584400
32.75,0.15,800,"sd","10:53:06",1582900
32.75,0.15,100,"sd","10:53:02",1582100
32.75,0.15,5000,"sd","10:52:51",1582000
32.75,0.15,200,"sd","10:52:01",1577000
32.75,0.15,3800,"sd","10:51:54",1576800
32.75,0.15,300,"sd","10:51:52",1573000
32.75,0.15,3300,"sd","10:51:00",1572700
32.75,0.15,8400,"sd","10:50:40",1569400
32.8,0.2,100,"bu","10:50:34",1561000
32.75,0.15,10700,"sd","10:50:04",1560900
32.8,0.2,1000,"bu","10:49:52",1550200
32.8,0.2,500,"bu","10:49:39",1549200
32.8,0.2,300,"bu","10:49:37",1548700
32.8,0.2,2000,"bu","10:49:06",1548400
32.8,0.2,200,"bu","10:48:43",1546400
32.8,0.2,500,"bu","10:48:42",1546200
32.8,0.2,36400,"sd","10:48:05",1545700
32.8,0.2,500,"sd","10:47:53",1509300
32.8,0.2,21000,"sd","10:47:42",1508800
32.85,0.25,3000,"bu","10:46:51",1487800
32.85,0.25,1700,"bu","10:45:37",1484800
32.85,0.25,2800,"sd","10:45:24",1483100
32.85,0.25,100,"sd","10:45:14",1480300
32.85,0.25,4600,"bu","10:44:52",1480200
32.85,0.25,500,"bu","10:44:44",1475600
32.85,0.25,10000,"bu","10:44:32",1475100
32.85,0.25,2100,"bu","10:44:18",1465100
32.8,0.2,200,"sd","10:43:57",1463000
32.85,0.25,2000,"bu","10:43:40",1462800
32.85,0.25,500,"bu","10:43:38",1460800
32.8,0.2,1000,"sd","10:43:28",1460300
32.8,0.2,29300,"sd","10:42:47",1459300
32.85,0.25,500,"bu","10:42:36",1430000
32.85,0.25,1000,"bu","10:42:32",1429500
32.85,0.25,1100,"bu","10:42:28",1428500
32.85,0.25,1900,"bu","10:42:07",1427400
32.85,0.25,3000,"bu","10:42:00",1425500
32.85,0.25,100,"bu","10:41:38",1422500
32.85,0.25,2000,"bu","10:41:03",1422400
32.85,0.25,500,"bu","10:41:00",1420400
32.85,0.25,600,"bu","10:40:46",1419900
32.85,0.25,1200,"bu","10:40:39",1419300
32.85,0.25,800,"bu","10:40:38",1418100
32.85,0.25,200,"bu","10:40:24",1417300
32.85,0.25,5000,"bu","10:39:57",1417100
32.85,0.25,100,"bu","10:39:51",1412100
32.8,0.2,2000,"sd","10:38:38",1412000
32.8,0.2,4700,"sd","10:38:26",1410000
32.85,0.25,500,"bu","10:38:22",1405300
32.85,0.25,4200,"sd","10:37:31",1404800
32.85,0.25,200,"sd","10:37:28",1400600
32.85,0.25,1600,"sd","10:37:26",1400400
32.85,0.25,1000,"bu","10:37:25",1398800
32.85,0.25,1900,"sd","10:36:58",1397800
32.85,0.25,5000,"sd","10:36:49",1395900
32.85,0.25,500,"sd","10:36:47",1390900
32.85,0.25,14900,"sd","10:36:42",1390400
32.85,0.25,14900,"sd","10:36:37",1375500
32.85,0.25,5000,"sd","10:36:35",1360600
32.9,0.3,2000,"bu","10:36:34",1355600
32.85,0.25,5000,"sd","10:36:26",1353600
32.85,0.25,4000,"sd","10:36:26",1348600
32.85,0.25,4000,"sd","10:36:20",1344600
32.85,0.25,20000,"sd","10:36:06",1340600
32.85,0.25,3000,"sd","10:36:04",1320600
32.85,0.25,1000,"sd","10:35:58",1317600
32.85,0.25,500,"sd","10:35:52",1316600
32.85,0.25,10000,"sd","10:35:38",1316100
32.85,0.25,20000,"sd","10:35:31",1306100
32.85,0.25,2000,"sd","10:35:17",1286100
32.85,0.25,200,"sd","10:35:10",1284100
32.9,0.3,500,"bu","10:35:10",1283900
32.85,0.25,300,"sd","10:34:57",1283400
32.85,0.25,100,"sd","10:34:56",1283100
32.85,0.25,500,"sd","10:34:36",1283000
32.85,0.25,3000,"sd","10:34:15",1282500
32.85,0.25,400,"sd","10:33:54",1279500
32.85,0.25,300,"sd","10:33:17",1279100
32.9,0.3,5000,"bu","10:32:41",1278800
32.85,0.25,100,"sd","10:32:36",1273800
32.85,0.25,5000,"sd","10:32:19",1273700
32.9,0.3,100,"bu","10:32:19",1268700
32.85,0.25,2000,"sd","10:31:32",1268600
32.9,0.3,1000,"bu","10:31:21",1266600
32.85,0.25,100,"sd","10:30:54",1265600
32.85,0.25,100,"sd","10:30:38",1265500
32.85,0.25,100,"sd","10:30:32",1265400
32.85,0.25,100,"sd","10:30:23",1265300
32.85,0.25,1000,"sd","10:30:00",1265200
32.85,0.25,5000,"sd","10:29:23",1264200
32.85,0.25,300,"sd","10:29:17",1259200
32.9,0.3,2000,"bu","10:29:10",1258900
32.85,0.25,1000,"sd","10:28:25",1256900
32.9,0.3,1000,"bu","10:27:47",1255900
32.9,0.3,1000,"bu","10:27:30",1254900
32.85,0.25,300,"sd","10:27:28",1253900
32.9,0.3,14000,"bu","10:27:20",1253600
32.9,0.3,600,"bu","10:27:12",1239600
32.9,0.3,500,"bu","10:26:42",1239000
32.9,0.3,5000,"bu","10:25:33",1238500
32.9,0.3,2000,"bu","10:24:56",1233500
32.9,0.3,1000,"bu","10:24:27",1231500
32.9,0.3,35000,"bu","10:24:21",1230500
32.85,0.25,100,"sd","10:23:27",1195500
32.85,0.25,200,"sd","10:23:24",1195400
32.85,0.25,1000,"sd","10:23:07",1195200
32.9,0.3,500,"bu","10:22:54",1194200
32.85,0.25,1000,"sd","10:22:32",1193700
32.85,0.25,2200,"sd","10:22:26",1192700
32.9,0.3,500,"bu","10:22:18",1190500
32.9,0.3,100,"bu","10:21:41",1190000
32.9,0.3,500,"bu","10:21:06",1189900
32.85,0.25,500,"sd","10:21:01",1189400
32.85,0.25,7800,"sd","10:20:53",1188900
32.9,0.3,1000,"bu","10:20:35",1181100
32.9,0.3,6000,"bu","10:19:46",1180100
32.85,0.25,100,"sd","10:19:43",1174100
32.9,0.3,500,"bu","10:19:32",1174000
32.9,0.3,100,"bu","10:19:26",1173500
32.9,0.3,800,"sd","10:18:45",1173400
32.9,0.3,100,"sd","10:18:41",1172600
32.9,0.3,200,"sd","10:18:38",1172500
32.9,0.3,5000,"sd","10:18:37",1172300
32.9,0.3,1300,"sd","10:18:35",1167300
32.9,0.3,1000,"sd","10:18:31",1166000
32.9,0.3,3000,"sd","10:18:19",1165000
32.9,0.3,500,"sd","10:18:18",1162000
32.9,0.3,200,"sd","10:18:09",1161500
32.9,0.3,600,"sd","10:18:07",1161300
32.9,0.3,500,"sd","10:18:05",1160700
32.9,0.3,200,"sd","10:17:55",1160200
32.9,0.3,10000,"sd","10:17:52",1160000
32.9,0.3,100,"sd","10:17:46",1150000
32.9,0.3,1000,"sd","10:17:40",1149900
32.9,0.3,3000,"sd","10:17:39",1148900
32.9,0.3,1000,"sd","10:17:37",1145900
32.9,0.3,4000,"bu","10:17:30",1144900
32.9,0.3,800,"sd","10:17:23",1140900
32.9,0.3,500,"sd","10:17:22",1140100
32.9,0.3,16200,"sd","10:17:14",1139600
32.9,0.3,3300,"sd","10:17:13",1123400
32.9,0.3,1300,"sd","10:17:12",1120100
32.9,0.3,20000,"sd","10:17:07",1118800
32.9,0.3,500,"sd","10:17:05",1098800
32.9,0.3,2000,"sd","10:16:59",1098300
32.9,0.3,300,"sd","10:16:56",1096300
32.9,0.3,2000,"sd","10:16:50",1096000
32.9,0.3,2000,"sd","10:16:48",1094000
32.9,0.3,5000,"sd","10:16:42",1092000
32.9,0.3,600,"sd","10:16:34",1087000
32.9,0.3,1000,"sd","10:16:28",1086400
32.95,0.35,100,"bu","10:16:26",1085400
32.9,0.3,500,"sd","10:16:23",1085300
32.9,0.3,500,"sd","10:16:14",1084800
32.9,0.3,1800,"sd","10:16:10",1084300
32.9,0.3,500,"sd","10:16:08",1082500
32.9,0.3,100,"sd","10:15:58",1082000
32.9,0.3,2000,"sd","10:15:53",1081900
32.9,0.3,4700,"sd","10:15:41",1079900
32.9,0.3,3000,"sd","10:15:39",1075200
32.95,0.35,1000,"bu","10:15:38",1072200
32.9,0.3,200,"sd","10:15:32",1071200
32.9,0.3,300,"sd","10:15:29",1071000
32.9,0.3,10000,"sd","10:15:17",1070700
32.9,0.3,2000,"sd","10:15:03",1060700
32.9,0.3,15800,"sd","10:15:01",1058700
32.9,0.3,100,"sd","10:14:34",1042900
32.95,0.35,1300,"bu","10:14:32",1042800
32.9,0.3,100,"sd","10:14:27",1041500
32.9,0.3,100,"sd","10:14:18",1041400
32.9,0.3,100,"sd","10:13:55",1041300
32.9,0.3,100,"sd","10:13:51",1041200
32.9,0.3,100,"sd","10:13:46",1041100
32.9,0.3,100,"sd","10:13:39",1041000
32.9,0.3,5000,"sd","10:13:18",1040900
32.9,0.3,2500,"sd","10:13:06",1035900
32.95,0.35,1000,"bu","10:13:02",1033400
32.9,0.3,11400,"sd","10:13:01",1032400
32.9,0.3,300,"sd","10:12:50",1021000
32.95,0.35,2000,"bu","10:12:35",1020700
32.95,0.35,2000,"bu","10:12:33",1018700
32.95,0.35,2000,"bu","10:12:27",1016700
32.95,0.35,500,"bu","10:11:16",1014700
32.95,0.35,2700,"bu","10:10:58",1014200
32.95,0.35,1000,"bu","10:10:18",1011500
32.9,0.3,500,"sd","10:10:08",1010500
32.9,0.3,4000,"bu","10:10:04",1010000
32.9,0.3,100,"bu","10:10:02",1006000
32.9,0.3,5000,"bu","10:09:48",1005900
32.9,0.3,3000,"bu","10:09:45",1000900
32.9,0.3,50000,"bu","10:09:33",997900
32.9,0.3,2400,"bu","10:09:30",947900
32.9,0.3,1000,"bu","10:09:20",945500
32.9,0.3,900,"bu","10:09:11",944500
32.85,0.25,1000,"sd","10:08:32",943600
32.85,0.25,100,"sd","10:08:30",942600
32.85,0.25,1000,"sd","10:08:26",942500
32.85,0.25,43000,"sd","10:07:52",941500
32.9,0.3,1100,"bu","10:07:09",898500
32.9,0.3,1000,"bu","10:07:07",897400
32.9,0.3,20000,"bu","10:06:51",896400
32.9,0.3,200,"bu","10:06:26",876400
32.9,0.3,300,"bu","10:06:22",876200
32.9,0.3,100,"bu","10:05:48",875900
32.9,0.3,500,"bu","10:05:31",875800
32.85,0.25,100,"sd","10:05:10",875300
32.85,0.25,200,"sd","10:05:05",875200
32.85,0.25,15000,"sd","10:04:57",875000
32.9,0.3,1000,"bu","10:04:49",860000
32.85,0.25,12400,"sd","10:04:02",859000
32.85,0.25,4000,"sd","10:02:55",846600
32.85,0.25,100,"sd","10:02:54",842600
32.85,0.25,1000,"sd","10:02:12",842500
32.85,0.25,1000,"sd","10:02:06",841500
32.85,0.25,10000,"sd","10:01:34",840500
32.85,0.25,300,"sd","10:01:27",830500
32.85,0.25,300,"sd","10:01:24",830200
32.9,0.3,600,"bu","10:01:17",829900
32.85,0.25,200,"sd","10:00:45",829300
32.9,0.3,2000,"bu","10:00:43",829100
32.85,0.25,100,"sd","10:00:34",827100
32.85,0.25,1000,"sd","10:00:03",827000
32.85,0.25,1000,"sd","09:59:28",826000
32.85,0.25,1000,"sd","09:59:10",825000
32.85,0.25,100,"sd","09:58:52",824000
32.85,0.25,3100,"sd","09:58:00",823900
32.85,0.25,300,"sd","09:57:56",820800
32.85,0.25,200,"sd","09:57:21",820500
32.85,0.25,1800,"sd","09:57:11",820300
32.85,0.25,200,"sd","09:56:42",818500
32.85,0.25,2000,"sd","09:56:18",818300
32.85,0.25,2000,"sd","09:55:50",816300
32.85,0.25,10000,"sd","09:55:29",814300
32.9,0.3,3000,"bu","09:55:28",804300
32.9,0.3,3000,"bu","09:55:17",801300
32.9,0.3,3000,"bu","09:55:00",798300
32.9,0.3,10000,"bu","09:54:58",795300
32.9,0.3,1000,"bu","09:54:34",785300
32.9,0.3,2000,"bu","09:54:19",784300
32.9,0.3,100,"bu","09:53:50",782300
32.9,0.3,3000,"bu","09:53:32",782200
32.9,0.3,8900,"bu","09:53:27",779200
32.9,0.3,1100,"bu","09:53:26",770300
32.9,0.3,2000,"bu","09:53:18",769200
32.9,0.3,2000,"bu","09:52:56",767200
32.9,0.3,2000,"bu","09:52:42",765200
32.9,0.3,900,"sd","09:52:29",763200
32.9,0.3,600,"sd","09:52:25",762300
32.9,0.3,2000,"sd","09:52:23",761700
32.9,0.3,300,"sd","09:52:22",759700
32.9,0.3,100,"sd","09:52:21",759400
32.9,0.3,900,"sd","09:52:20",759300
32.9,0.3,100,"sd","09:52:17",758300
32.9,0.3,5000,"sd","09:52:12",758200
32.9,0.3,300,"sd","09:52:11",753200
32.9,0.3,1000,"sd","09:52:05",752900
32.9,0.3,6000,"sd","09:52:04",751900
32.9,0.3,40000,"sd","09:51:59",745900
32.95,0.35,5000,"bu","09:51:58",705900
32.9,0.3,200,"sd","09:51:55",700900
32.9,0.3,100,"sd","09:51:51",700700
32.9,0.3,100,"sd","09:51:28",700600
32.9,0.3,2600,"sd","09:51:18",700500
32.9,0.3,300,"sd","09:51:18",697900
32.9,0.3,500,"sd","09:51:13",697600
32.9,0.3,100,"sd","09:51:04",697100
32.9,0.3,100,"sd","09:50:57",697000
32.9,0.3,100,"sd","09:50:47",696900
32.95,0.35,1500,"bu","09:50:39",696800
32.95,0.35,200,"bu","09:50:38",695300
32.9,0.3,5500,"sd","09:50:36",695100
32.95,0.35,100,"bu","09:50:30",689600
32.9,0.3,300,"sd","09:50:30",689500
32.9,0.3,10000,"sd","09:50:29",689200
32.95,0.35,400,"bu","09:50:07",679200
32.95,0.35,1400,"bu","09:49:40",678800
32.95,0.35,1000,"bu","09:49:10",677400
32.95,0.35,1100,"bu","09:49:04",676400
32.95,0.35,3000,"bu","09:48:51",675300
32.95,0.35,3000,"bu","09:48:46",672300
32.9,0.3,400,"sd","09:48:44",669300
32.9,0.3,100,"sd","09:48:35",668900
32.95,0.35,3000,"bu","09:48:32",668800
32.95,0.35,3000,"bu","09:48:30",665800
32.95,0.35,100,"bu","09:48:29",662800
32.95,0.35,7000,"bu","09:48:28",662700
32.95,0.35,5000,"bu","09:48:27",655700
32.95,0.35,16000,"bu","09:48:26",650700
32.95,0.35,600,"bu","09:48:24",634700
32.95,0.35,500,"bu","09:48:21",634100
32.95,0.35,1000,"bu","09:48:20",633600
32.95,0.35,7400,"bu","09:48:19",632600
32.95,0.35,300,"bu","09:48:16",625200
32.95,0.35,2300,"bu","09:48:15",624900
32.95,0.35,200,"bu","09:48:14",622600
32.95,0.35,300,"bu","09:48:14",622400
32.95,0.35,20000,"bu","09:48:13",622100
32.95,0.35,4900,"bu","09:48:13",602100
32.95,0.35,1000,"bu","09:48:10",597200
32.95,0.35,3000,"bu","09:48:10",596200
32.95,0.35,500,"bu","09:48:09",593200
32.95,0.35,4400,"bu","09:48:06",592700
32.95,0.35,1000,"bu","09:48:03",588300
32.9,0.3,10000,"sd","09:48:03",587300
32.95,0.35,1200,"bu","09:48:03",577300
32.95,0.35,2000,"bu","09:47:58",576100
32.95,0.35,5000,"bu","09:47:52",574100
32.95,0.35,200,"bu","09:47:48",569100
32.9,0.3,18700,"sd","09:47:41",568900
32.9,0.3,7100,"bu","09:47:35",550200
32.9,0.3,3400,"bu","09:47:34",543100
32.9,0.3,18000,"bu","09:47:33",539700
32.9,0.3,2000,"bu","09:47:31",521700
32.9,0.3,700,"bu","09:47:30",519700
32.9,0.3,1000,"bu","09:47:28",519000
32.9,0.3,10000,"bu","09:47:28",518000
32.9,0.3,3000,"bu","09:47:26",508000
32.9,0.3,30000,"bu","09:47:24",505000
32.9,0.3,100,"bu","09:47:16",475000
32.9,0.3,2000,"bu","09:47:11",474900
32.9,0.3,1600,"bu","09:47:06",472900
32.85,0.25,500,"sd","09:47:03",471300
32.9,0.3,20000,"bu","09:46:51",470800
32.9,0.3,100,"bu","09:46:48",450800
32.85,0.25,500,"sd","09:46:43",450700
32.85,0.25,500,"sd","09:46:36",450200
32.85,0.25,41100,"bu","09:46:31",449700
32.85,0.25,500,"bu","09:46:26",408600
32.85,0.25,100,"bu","09:46:12",408100
32.8,0.2,20000,"sd","09:45:53",408000
32.8,0.2,100,"sd","09:45:51",388000
32.8,0.2,1200,"sd","09:45:28",387900
32.8,0.2,1800,"sd","09:45:27",386700
32.8,0.2,300,"sd","09:45:10",384900
32.85,0.25,100,"bu","09:45:09",384600
32.8,0.2,300,"sd","09:45:05",384500
32.8,0.2,6000,"sd","09:44:52",384200
32.8,0.2,2000,"sd","09:44:30",378200
32.8,0.2,300,"sd","09:44:27",376200
32.8,0.2,300,"sd","09:44:15",375900
32.8,0.2,1000,"sd","09:43:45",375600
32.8,0.2,800,"sd","09:43:42",374600
32.8,0.2,17000,"bu","09:43:31",373800
32.8,0.2,1000,"bu","09:43:28",356800
32.8,0.2,3000,"bu","09:43:22",355800
32.8,0.2,21000,"bu","09:43:19",352800
32.8,0.2,5000,"bu","09:43:10",331800
32.8,0.2,1000,"bu","09:42:50",326800
32.8,0.2,10000,"bu","09:42:46",325800
32.8,0.2,2000,"bu","09:42:42",315800
32.8,0.2,200,"bu","09:42:35",313800
32.75,0.15,3000,"sd","09:42:27",313600
32.75,0.15,300,"sd","09:41:20",310600
32.8,0.2,1500,"bu","09:40:43",310300
32.8,0.2,100,"bu","09:39:30",308800
32.8,0.2,8000,"bu","09:39:25",308700
32.75,0.15,1000,"sd","09:38:18",300700
32.8,0.2,1500,"bu","09:37:58",299700
32.8,0.2,300,"bu","09:37:22",298200
32.8,0.2,5900,"bu","09:37:00",297900
32.75,0.15,100,"sd","09:36:23",292000
32.75,0.15,1000,"sd","09:36:02",291900
32.75,0.15,500,"sd","09:35:59",290900
32.75,0.15,200,"sd","09:35:59",290400
32.75,0.15,500,"sd","09:35:45",290200
32.75,0.15,500,"sd","09:35:41",289700
32.75,0.15,1000,"bu","09:35:24",289200
32.75,0.15,15000,"bu","09:35:08",288200
32.7,0.1,100,"sd","09:35:06",273200
32.7,0.1,200,"sd","09:34:52",273100
32.7,0.1,100,"sd","09:34:38",272900
32.75,0.15,900,"bu","09:34:38",272800
32.7,0.1,200,"sd","09:34:31",271900
32.7,0.1,500,"sd","09:34:10",271700
32.75,0.15,100,"bu","09:34:01",271200
32.7,0.1,600,"sd","09:33:56",271100
32.7,0.1,2000,"sd","09:33:47",270500
32.75,0.15,2000,"bu","09:33:42",268500
32.75,0.15,500,"bu","09:33:22",266500
32.75,0.15,6800,"sd","09:33:21",266000
32.8,0.2,100,"bu","09:33:10",259200
32.8,0.2,1000,"bu","09:32:52",259100
32.75,0.15,2200,"bu","09:32:40",258100
32.75,0.15,900,"bu","09:32:15",255900
32.75,0.15,5000,"bu","09:31:29",255000
32.7,0.1,4500,"sd","09:30:06",250000
32.75,0.15,400,"bu","09:30:00",245500
32.75,0.15,100,"bu","09:29:56",245100
32.75,0.15,6500,"sd","09:29:43",245000
32.75,0.15,300,"bu","09:29:36",238500
32.75,0.15,2000,"bu","09:29:14",238200
32.75,0.15,100,"bu","09:29:05",236200
32.75,0.15,200,"bu","09:28:42",236100
32.7,0.1,10000,"sd","09:28:41",235900
32.75,0.15,1700,"bu","09:28:26",225900
32.75,0.15,100,"bu","09:28:05",224200
32.75,0.15,200,"bu","09:28:01",224100
32.7,0.1,500,"sd","09:28:00",223900
32.75,0.15,2100,"sd","09:28:00",223400
32.75,0.15,300,"sd","09:27:56",221300
32.75,0.15,400,"sd","09:27:41",221000
32.75,0.15,700,"sd","09:27:39",220600
32.8,0.2,900,"sd","09:27:01",219900
32.8,0.2,100,"sd","09:27:00",219000
32.8,0.2,2300,"sd","09:26:58",218900
32.8,0.2,300,"sd","09:26:54",216600
32.8,0.2,500,"sd","09:26:53",216300
32.8,0.2,3000,"sd","09:26:52",215800
32.8,0.2,400,"sd","09:26:49",212800
32.8,0.2,200,"sd","09:26:46",212400
32.8,0.2,1000,"sd","09:26:43",212200
32.8,0.2,900,"sd","09:26:40",211200
32.8,0.2,5000,"sd","09:26:39",210300
32.8,0.2,100,"sd","09:26:37",205300
32.8,0.2,6500,"sd","09:26:35",205200
32.8,0.2,10000,"sd","09:26:23",198700
32.8,0.2,200,"sd","09:26:16",188700
32.8,0.2,100,"sd","09:26:13",188500
32.8,0.2,800,"sd","09:25:58",188400
32.8,0.2,2000,"sd","09:25:55",187600
32.85,0.25,200,"bu","09:25:55",185600
32.8,0.2,200,"sd","09:25:53",185400
32.8,0.2,1000,"sd","09:25:48",185200
32.8,0.2,100,"sd","09:25:32",184200
32.8,0.2,2000,"sd","09:25:31",184100
32.8,0.2,1100,"sd","09:25:29",182100
32.8,0.2,100,"sd","09:25:27",181000
32.8,0.2,100,"sd","09:25:20",180900
32.8,0.2,100,"sd","09:25:19",180800
32.8,0.2,2400,"sd","09:25:18",180700
32.8,0.2,1000,"sd","09:25:16",178300
32.8,0.2,100,"sd","09:25:13",177300
32.8,0.2,1000,"sd","09:25:12",177200
32.8,0.2,1000,"sd","09:25:10",176200
32.8,0.2,100,"sd","09:25:03",175200
32.8,0.2,100,"sd","09:24:54",175100
32.8,0.2,900,"sd","09:24:52",175000
32.8,0.2,100,"sd","09:24:45",174100
32.8,0.2,500,"sd","09:24:40",174000
32.85,0.25,500,"bu","09:24:40",173500
32.8,0.2,600,"sd","09:24:33",173000
32.8,0.2,300,"sd","09:24:31",172400
32.8,0.2,1000,"sd","09:24:28",172100
32.8,0.2,1000,"sd","09:23:52",171100
32.85,0.25,500,"bu","09:23:46",170100
32.85,0.25,100,"bu","09:23:34",169600
32.85,0.25,700,"bu","09:23:27",169500
32.85,0.25,300,"bu","09:23:15",168800
32.85,0.25,200,"sd","09:23:11",168500
32.85,0.25,1000,"sd","09:23:10",168300
32.85,0.25,5000,"sd","09:23:07",167300
32.85,0.25,2000,"sd","09:23:02",162300
32.85,0.25,1000,"sd","09:22:58",160300
32.85,0.25,100,"sd","09:22:50",159300
32.85,0.25,100,"sd","09:22:44",159200
32.85,0.25,1000,"sd","09:22:39",159100
32.9,0.3,400,"bu","09:22:31",158100
32.85,0.25,100,"sd","09:22:31",157700
32.85,0.25,500,"sd","09:22:27",157600
32.9,0.3,2000,"bu","09:22:03",157100
32.85,0.25,500,"sd","09:21:58",155100
32.85,0.25,600,"sd","09:21:51",154600
32.85,0.25,100,"sd","09:21:43",154000
32.85,0.25,500,"sd","09:21:42",153900
32.85,0.25,1000,"sd","09:21:41",153400
32.85,0.25,8000,"sd","09:21:40",152400
32.85,0.25,3000,"bu","09:21:26",144400
32.85,0.25,5000,"bu","09:21:25",141400
32.85,0.25,1000,"bu","09:21:22",136400
32.85,0.25,10000,"bu","09:21:10",135400
32.85,0.25,1500,"bu","09:21:07",125400
32.85,0.25,10300,"bu","09:21:05",123900
32.85,0.25,500,"bu","09:21:05",113600
32.85,0.25,500,"bu","09:20:56",113100
32.85,0.25,400,"bu","09:20:44",112600
32.85,0.25,100,"bu","09:20:35",112200
32.8,0.2,700,"sd","09:20:33",112100
32.85,0.25,1000,"bu","09:20:32",111400
32.85,0.25,300,"bu","09:20:31",110400
32.85,0.25,10000,"bu","09:20:29",110100
32.85,0.25,300,"bu","09:20:28",100100
32.8,0.2,300,"sd","09:20:27",99800
32.9,0.3,400,"bu","09:20:22",99500
32.9,0.3,1300,"bu","09:20:22",99100
32.85,0.25,600,"bu","09:20:22",97800
32.85,0.25,1400,"sd","09:20:19",97200
32.85,0.25,1000,"sd","09:20:17",95800
32.85,0.25,7600,"bu","09:20:14",94800
32.85,0.25,100,"bu","09:20:10",87200
32.85,0.25,1600,"bu","09:19:49",87100
32.8,0.2,1000,"sd","09:19:41",85500
32.8,0.2,100,"sd","09:19:38",84500
32.8,0.2,2000,"sd","09:19:34",84400
32.8,0.2,5000,"sd","09:19:20",82400
32.8,0.2,1800,"bu","09:19:06",77400
32.75,0.15,1500,"sd","09:18:58",75600
32.8,0.2,500,"bu","09:18:53",74100
32.8,0.2,500,"bu","09:18:52",73600
32.8,0.2,200,"bu","09:18:49",73100
32.8,0.2,5000,"bu","09:18:47",72900
32.8,0.2,100,"bu","09:18:38",67900
32.8,0.2,600,"bu","09:18:37",67800
32.8,0.2,1300,"sd","09:18:36",67200
32.9,0.3,900,"bu","09:18:24",65900
32.85,0.25,100,"bu","09:18:24",65000
32.9,0.3,100,"bu","09:18:19",64900
32.9,0.3,300,"bu","09:18:16",64800
32.85,0.25,500,"bu","09:18:16",64500
32.9,0.3,1000,"bu","09:18:13",64000
32.8,0.2,3400,"sd","09:18:07",63000
32.85,0.25,1600,"sd","09:18:07",59600
32.85,0.25,100,"sd","09:18:01",58000
32.9,0.3,100,"bu","09:17:59",57900
32.85,0.25,100,"sd","09:17:54",57800
32.85,0.25,3300,"bu","09:17:54",57700
32.8,0.2,100,"sd","09:17:52",54400
32.85,0.25,19800,"bu","09:17:52",54300
32.8,0.2,2500,"sd","09:17:51",34500
32.8,0.2,500,"sd","09:17:40",32000
32.8,0.2,400,"bu","09:17:36",31500
32.8,0.2,2200,"bu","09:17:33",31100
32.75,0.15,100,"bu","09:17:22",28900
32.75,0.15,100,"bu","09:17:10",28800
32.7,0.1,300,"bu","09:17:09",28700
32.75,0.15,2000,"bu","09:16:46",28400
32.7,0.1,100,"bu","09:16:40",26400
32.7,0.1,100,"bu","09:16:39",26300
32.7,0.1,5000,"bu","09:16:34",26200
32.65,0.05,100,"bu","09:16:11",21200
32.6,0,21100,"","09:15:01",21100
