"price","change","match_qtty","side","time","total_vol"
21.6,0.2,169200,"","14:45:02",1652900
21.45,0.05,300,"bu","14:29:50",1483700
21.4,0,700,"bu","14:29:50",1483400
21.4,0,500,"bu","14:29:49",1482700
21.4,0,1800,"sd","14:29:47",1482200
21.4,0,200,"sd","14:29:46",1480400
21.4,0,300,"sd","14:29:44",1480200
21.4,0,100,"sd","14:29:36",1479900
21.4,0,2500,"sd","14:29:26",1479800
21.4,0,1000,"sd","14:29:25",1477300
21.4,0,22500,"bu","14:29:10",1476300
21.35,-0.05,600,"sd","14:29:06",1453800
21.35,-0.05,1000,"sd","14:29:05",1453200
21.35,-0.05,2000,"bu","14:28:53",1452200
21.35,-0.05,800,"bu","14:28:37",1450200
21.35,-0.05,200,"bu","14:28:14",1449400
21.35,-0.05,3000,"sd","14:28:12",1449200
21.35,-0.05,200,"sd","14:28:08",1446200
21.35,-0.05,6800,"bu","14:28:03",1446000
21.35,-0.05,1300,"sd","14:27:21",1439200
21.35,-0.05,5000,"sd","14:27:14",1437900
21.35,-0.05,200,"sd","14:27:11",1432900
21.35,-0.05,11200,"bu","14:27:04",1432700
21.3,-0.1,2300,"bu","14:27:04",1421500
21.3,-0.1,900,"bu","14:26:57",1419200
21.3,-0.1,900,"sd","14:26:44",1418300
21.3,-0.1,100,"sd","14:26:39",1417400
21.3,-0.1,500,"sd","14:26:34",1417300
21.3,-0.1,2000,"bu","14:26:31",1416800
21.3,-0.1,1500,"sd","14:26:20",1414800
21.3,-0.1,100,"sd","14:26:12",1413300
21.3,-0.1,500,"sd","14:26:06",1413200
21.3,-0.1,100,"sd","14:25:54",1412700
21.3,-0.1,2000,"sd","14:25:45",1412600
21.3,-0.1,2000,"sd","14:25:38",1410600
21.3,-0.1,6300,"bu","14:25:34",1408600
21.2,-0.2,200,"sd","14:25:28",1402300
21.3,-0.1,500,"bu","14:25:28",1402100
21.2,-0.2,1600,"sd","14:25:24",1401600
21.3,-0.1,1100,"bu","14:25:21",1400000
21.3,-0.1,900,"bu","14:25:07",1398900
21.2,-0.2,1800,"sd","14:24:57",1398000
21.2,-0.2,14600,"bu","14:24:47",1396200
21.15,-0.25,500,"sd","14:24:39",1381600
21.15,-0.25,4600,"sd","14:24:36",1381100
21.15,-0.25,100,"sd","14:24:34",1376500
21.2,-0.2,500,"bu","14:24:32",1376400
21.2,-0.2,300,"bu","14:24:24",1375900
21.15,-0.25,400,"sd","14:24:19",1375600
21.15,-0.25,4000,"sd","14:23:58",1375200
21.15,-0.25,1300,"sd","14:23:46",1371200
21.15,-0.25,3300,"sd","14:23:25",1369900
21.2,-0.2,100,"bu","14:23:17",1366600
21.15,-0.25,2600,"sd","14:23:10",1366500
21.2,-0.2,100,"bu","14:23:04",1363900
21.2,-0.2,2000,"bu","14:22:56",1363800
21.2,-0.2,5000,"bu","14:22:54",1361800
21.2,-0.2,200,"bu","14:22:46",1356800
21.15,-0.25,3000,"sd","14:22:46",1356600
21.2,-0.2,5000,"bu","14:22:43",1353600
21.15,-0.25,100,"sd","14:22:31",1348600
21.15,-0.25,1500,"sd","14:22:24",1348500
21.15,-0.25,200,"sd","14:22:21",1347000
21.15,-0.25,3300,"sd","14:22:12",1346800
21.15,-0.25,1600,"bu","14:22:01",1343500
21.15,-0.25,100,"bu","14:21:50",1341900
21.15,-0.25,1000,"bu","14:21:39",1341800
21.1,-0.3,900,"sd","14:21:39",1340800
21.1,-0.3,500,"sd","14:21:26",1339900
21.1,-0.3,5000,"sd","14:21:16",1339400
21.1,-0.3,1000,"sd","14:21:00",1334400
21.1,-0.3,5000,"sd","14:20:58",1333400
21.1,-0.3,4800,"bu","14:20:30",1328400
21.1,-0.3,100,"bu","14:20:28",1323600
21.1,-0.3,600,"bu","14:20:22",1323500
21.1,-0.3,500,"bu","14:20:19",1322900
21.1,-0.3,300,"bu","14:20:17",1322400
21.1,-0.3,200,"bu","14:20:15",1322100
21.1,-0.3,1000,"bu","14:20:03",1321900
21.1,-0.3,200,"bu","14:20:01",1320900
21.1,-0.3,200,"bu","14:20:00",1320700
21.1,-0.3,100,"bu","14:19:52",1320500
21.1,-0.3,500,"sd","14:19:32",1320400
21.1,-0.3,500,"sd","14:19:28",1319900
21.1,-0.3,1500,"sd","14:19:24",1319400
21.1,-0.3,1000,"sd","14:19:20",1317900
21.1,-0.3,3000,"sd","14:19:16",1316900
21.1,-0.3,1000,"sd","14:19:05",1313900
21.1,-0.3,3000,"sd","14:19:04",1312900
21.1,-0.3,2000,"sd","14:18:58",1309900
21.15,-0.25,200,"bu","14:18:54",1307900
21.1,-0.3,400,"sd","14:18:53",1307700
21.1,-0.3,6200,"sd","14:18:49",1307300
21.1,-0.3,5000,"sd","14:18:45",1301100
21.1,-0.3,1000,"sd","14:18:39",1296100
21.1,-0.3,500,"sd","14:18:31",1295100
21.1,-0.3,10000,"sd","14:18:28",1294600
21.1,-0.3,5000,"sd","14:17:56",1284600
21.15,-0.25,300,"bu","14:17:38",1279600
21.1,-0.3,1000,"sd","14:17:35",1279300
21.15,-0.25,700,"bu","14:17:32",1278300
21.15,-0.25,700,"bu","14:17:28",1277600
21.15,-0.25,8700,"sd","14:17:15",1276900
21.15,-0.25,500,"sd","14:17:14",1268200
21.15,-0.25,5000,"sd","14:17:11",1267700
21.15,-0.25,500,"sd","14:17:05",1262700
21.15,-0.25,500,"sd","14:16:41",1262200
21.15,-0.25,100,"sd","14:16:03",1261700
21.15,-0.25,10000,"sd","14:15:56",1261600
21.15,-0.25,3000,"sd","14:15:50",1251600
21.15,-0.25,11400,"sd","14:15:45",1248600
21.15,-0.25,6100,"sd","14:15:35",1237200
21.15,-0.25,4000,"sd","14:15:32",1231100
21.15,-0.25,1000,"sd","14:15:28",1227100
21.15,-0.25,30000,"sd","14:15:13",1226100
21.2,-0.2,7900,"sd","14:15:02",1196100
21.2,-0.2,1000,"sd","14:14:45",1188200
21.15,-0.25,300,"sd","14:13:56",1187200
21.15,-0.25,12700,"sd","14:13:40",1186900
21.2,-0.2,1200,"sd","14:13:40",1174200
21.2,-0.2,2500,"sd","14:13:00",1173000
21.2,-0.2,100,"sd","14:12:46",1170500
21.2,-0.2,27100,"sd","14:12:42",1170400
21.25,-0.15,2900,"sd","14:12:42",1143300
21.25,-0.15,600,"sd","14:12:29",1140400
21.25,-0.15,700,"sd","14:12:28",1139800
21.25,-0.15,1700,"sd","14:12:28",1139100
21.25,-0.15,2400,"sd","14:12:27",1137400
21.25,-0.15,5300,"sd","14:12:26",1135000
21.25,-0.15,100,"sd","14:12:01",1129700
21.3,-0.1,32200,"sd","14:11:05",1129600
21.3,-0.1,900,"sd","14:11:02",1097400
21.3,-0.1,700,"sd","14:10:51",1096500
21.3,-0.1,1800,"sd","14:09:56",1095800
21.35,-0.05,1200,"bu","14:09:31",1094000
21.35,-0.05,1500,"bu","14:09:23",1092800
21.35,-0.05,100,"bu","14:08:31",1091300
21.3,-0.1,500,"sd","14:08:08",1091200
21.3,-0.1,400,"sd","14:07:46",1090700
21.3,-0.1,1000,"sd","14:06:57",1090300
21.35,-0.05,100,"bu","14:06:44",1089300
21.3,-0.1,3000,"sd","14:06:40",1089200
21.35,-0.05,2000,"bu","14:05:58",1086200
21.35,-0.05,200,"bu","14:05:20",1084200
21.35,-0.05,1800,"bu","14:05:05",1084000
21.3,-0.1,1400,"sd","14:04:11",1082200
21.4,0,500,"bu","14:04:04",1080800
21.4,0,1000,"bu","14:03:43",1080300
21.35,-0.05,1800,"sd","14:03:36",1079300
21.35,-0.05,2000,"sd","14:03:11",1077500
21.4,0,1000,"bu","14:02:35",1075500
21.35,-0.05,2100,"bu","14:02:27",1074500
21.35,-0.05,800,"bu","14:02:25",1072400
21.35,-0.05,5000,"bu","14:02:20",1071600
21.35,-0.05,1000,"bu","14:02:09",1066600
21.3,-0.1,500,"bu","14:01:53",1065600
21.3,-0.1,3500,"sd","14:01:43",1065100
21.35,-0.05,100,"bu","14:01:30",1061600
21.3,-0.1,600,"sd","14:00:15",1061500
21.35,-0.05,100,"bu","14:00:04",1060900
21.35,-0.05,100,"bu","14:00:00",1060800
21.35,-0.05,900,"bu","13:59:17",1060700
21.35,-0.05,15000,"bu","13:58:19",1059800
21.3,-0.1,4200,"bu","13:57:59",1044800
21.3,-0.1,3000,"bu","13:57:54",1040600
21.3,-0.1,10000,"bu","13:56:50",1037600
21.25,-0.15,2000,"sd","13:55:26",1027600
21.3,-0.1,9300,"sd","13:55:22",1025600
21.3,-0.1,500,"sd","13:55:10",1016300
21.3,-0.1,3000,"sd","13:54:53",1015800
21.3,-0.1,600,"bu","13:53:59",1012800
21.3,-0.1,100,"bu","13:53:52",1012200
21.3,-0.1,1000,"bu","13:53:25",1012100
21.3,-0.1,16600,"sd","13:53:23",1011100
21.3,-0.1,500,"sd","13:53:18",994500
21.3,-0.1,1500,"sd","13:52:28",994000
21.3,-0.1,100,"sd","13:51:43",992500
21.3,-0.1,300,"sd","13:50:36",992400
21.3,-0.1,1000,"sd","13:49:40",992100
21.3,-0.1,4000,"sd","13:48:34",991100
21.3,-0.1,300,"sd","13:46:42",987100
21.3,-0.1,100,"bu","13:46:14",986800
21.3,-0.1,200,"bu","13:46:11",986700
21.3,-0.1,300,"bu","13:45:49",986500
21.3,-0.1,500,"bu","13:44:49",986200
21.3,-0.1,5000,"bu","13:44:33",985700
21.3,-0.1,10800,"sd","13:44:15",980700
21.3,-0.1,300,"sd","13:44:05",969900
21.3,-0.1,300,"sd","13:43:47",969600
21.3,-0.1,1000,"bu","13:43:23",969300
21.25,-0.15,300,"sd","13:43:08",968300
21.3,-0.1,200,"bu","13:42:54",968000
21.3,-0.1,5600,"bu","13:42:39",967800
21.3,-0.1,3300,"bu","13:42:38",962200
21.3,-0.1,1000,"bu","13:41:22",958900
21.25,-0.15,100,"sd","13:41:10",957900
21.25,-0.15,4000,"sd","13:41:04",957800
21.25,-0.15,300,"bu","13:38:51",953800
21.25,-0.15,400,"sd","13:38:06",953500
21.25,-0.15,10800,"bu","13:37:34",953100
21.25,-0.15,2000,"bu","13:36:53",942300
21.25,-0.15,100,"bu","13:36:52",940300
21.25,-0.15,10700,"sd","13:36:29",940200
21.25,-0.15,1700,"sd","13:35:44",929500
21.25,-0.15,900,"sd","13:35:39",927800
21.25,-0.15,2300,"sd","13:34:27",926900
21.3,-0.1,2000,"bu","13:33:55",924600
21.3,-0.1,500,"bu","13:33:45",922600
21.3,-0.1,100,"bu","13:33:22",922100
21.3,-0.1,200,"bu","13:33:17",922000
21.3,-0.1,1000,"bu","13:33:06",921800
21.3,-0.1,5000,"bu","13:32:39",920800
21.3,-0.1,1000,"bu","13:32:28",915800
21.25,-0.15,1000,"sd","13:31:38",914800
21.25,-0.15,100,"sd","13:30:27",913800
21.25,-0.15,2000,"sd","13:29:58",913700
21.25,-0.15,5700,"bu","13:29:45",911700
21.25,-0.15,1500,"bu","13:29:43",906000
21.25,-0.15,13000,"bu","13:29:36",904500
21.2,-0.2,5000,"sd","13:28:49",891500
21.2,-0.2,100,"sd","13:28:29",886500
21.2,-0.2,3000,"bu","13:28:15",886400
21.2,-0.2,1000,"bu","13:28:14",883400
21.2,-0.2,100,"bu","13:28:08",882400
21.2,-0.2,2000,"bu","13:28:02",882300
21.2,-0.2,500,"bu","13:27:56",880300
21.2,-0.2,3000,"bu","13:27:56",879800
21.2,-0.2,5000,"bu","13:27:52",876800
21.15,-0.25,500,"sd","13:27:46",871800
21.15,-0.25,300,"sd","13:27:35",871300
21.15,-0.25,10000,"sd","13:27:30",871000
21.15,-0.25,2000,"sd","13:27:09",861000
21.15,-0.25,100,"sd","13:26:58",859000
21.15,-0.25,1000,"sd","13:26:48",858900
21.15,-0.25,1000,"sd","13:26:34",857900
21.2,-0.2,100,"bu","13:26:16",856900
21.15,-0.25,3000,"sd","13:26:16",856800
21.15,-0.25,500,"sd","13:26:02",853800
21.15,-0.25,2300,"bu","13:26:00",853300
21.1,-0.3,2000,"sd","13:26:00",851000
21.1,-0.3,2500,"sd","13:25:59",849000
21.1,-0.3,2000,"sd","13:25:58",846500
21.15,-0.25,100,"bu","13:25:57",844500
21.15,-0.25,500,"bu","13:25:40",844400
21.15,-0.25,8000,"sd","13:25:23",843900
21.15,-0.25,1300,"sd","13:25:19",835900
21.15,-0.25,1500,"sd","13:25:08",834600
21.15,-0.25,3000,"sd","13:25:00",833100
21.15,-0.25,1000,"sd","13:25:00",830100
21.2,-0.2,200,"bu","13:24:42",829100
21.2,-0.2,500,"bu","13:24:31",828900
21.2,-0.2,100,"bu","13:24:21",828400
21.15,-0.25,2000,"sd","13:24:17",828300
21.2,-0.2,5600,"sd","13:24:13",826300
21.2,-0.2,1000,"sd","13:24:03",820700
21.2,-0.2,1000,"sd","13:23:56",819700
21.2,-0.2,6000,"sd","13:23:44",818700
21.2,-0.2,2000,"sd","13:23:38",812700
21.2,-0.2,6000,"sd","13:23:35",810700
21.2,-0.2,3800,"sd","13:23:30",804700
21.2,-0.2,2200,"sd","13:23:25",800900
21.2,-0.2,1000,"sd","13:23:21",798700
21.2,-0.2,2000,"sd","13:23:18",797700
21.2,-0.2,5000,"sd","13:23:08",795700
21.2,-0.2,5000,"sd","13:23:01",790700
21.2,-0.2,1000,"sd","13:22:52",785700
21.2,-0.2,200,"sd","13:22:50",784700
21.2,-0.2,2000,"sd","13:22:42",784500
21.25,-0.15,8600,"sd","13:21:57",782500
21.25,-0.15,300,"sd","13:21:56",773900
21.25,-0.15,500,"sd","13:21:54",773600
21.25,-0.15,15000,"sd","13:21:54",773100
21.25,-0.15,10000,"sd","13:21:46",758100
21.25,-0.15,19800,"sd","13:21:38",748100
21.25,-0.15,1000,"sd","13:21:06",728300
21.25,-0.15,5000,"sd","13:20:54",727300
21.25,-0.15,100,"sd","13:20:43",722300
21.25,-0.15,2000,"sd","13:20:41",722200
21.25,-0.15,2000,"sd","13:20:30",720200
21.25,-0.15,3600,"sd","13:20:29",718200
21.25,-0.15,2000,"sd","13:20:19",714600
21.25,-0.15,200,"sd","13:20:08",712600
21.25,-0.15,1000,"sd","13:20:02",712400
21.3,-0.1,300,"bu","13:19:53",711400
21.3,-0.1,1000,"bu","13:17:31",711100
21.3,-0.1,500,"bu","13:16:20",710100
21.3,-0.1,200,"bu","13:16:07",709600
21.3,-0.1,1000,"bu","13:16:06",709400
21.25,-0.15,1600,"sd","13:16:01",708400
21.25,-0.15,1000,"sd","13:15:51",706800
21.25,-0.15,1800,"sd","13:15:19",705800
21.3,-0.1,100,"bu","13:15:09",704000
21.3,-0.1,500,"bu","13:14:53",703900
21.3,-0.1,200,"sd","13:14:30",703400
21.3,-0.1,1000,"sd","13:14:25",703200
21.3,-0.1,100,"sd","13:14:11",702200
21.3,-0.1,4000,"sd","13:12:50",702100
21.3,-0.1,100,"sd","13:12:31",698100
21.3,-0.1,900,"sd","13:12:20",698000
21.3,-0.1,100,"sd","13:11:59",697100
21.25,-0.15,3600,"sd","13:11:55",697000
21.3,-0.1,1400,"sd","13:11:55",693400
21.3,-0.1,600,"bu","13:11:49",692000
21.3,-0.1,500,"bu","13:11:49",691400
21.3,-0.1,100,"bu","13:11:36",690900
21.3,-0.1,5000,"bu","13:11:34",690800
21.3,-0.1,2000,"bu","13:11:16",685800
21.3,-0.1,500,"bu","13:11:04",683800
21.3,-0.1,2000,"bu","13:10:50",683300
21.3,-0.1,200,"bu","13:10:16",681300
21.3,-0.1,100,"bu","13:10:07",681100
21.3,-0.1,100,"bu","13:09:54",681000
21.25,-0.15,100,"sd","13:09:36",680900
21.25,-0.15,1900,"sd","13:08:34",680800
21.25,-0.15,2000,"sd","13:08:20",678900
21.25,-0.15,4800,"sd","13:08:19",676900
21.25,-0.15,100,"sd","13:07:57",672100
21.3,-0.1,200,"bu","13:07:56",672000
21.3,-0.1,6900,"bu","13:06:55",671800
21.25,-0.15,1600,"bu","13:05:02",664900
21.2,-0.2,1200,"sd","13:05:01",663300
21.2,-0.2,400,"sd","13:04:57",662100
21.2,-0.2,1000,"sd","13:04:47",661700
21.25,-0.15,3700,"sd","13:04:27",660700
21.25,-0.15,8000,"sd","13:04:23",657000
21.25,-0.15,800,"sd","13:04:16",649000
21.25,-0.15,3000,"sd","13:04:02",648200
21.3,-0.1,200,"bu","13:04:01",645200
21.25,-0.15,800,"sd","13:03:52",645000
21.3,-0.1,1000,"bu","13:03:45",644200
21.25,-0.15,200,"sd","13:03:35",643200
21.25,-0.15,500,"sd","13:03:30",643000
21.3,-0.1,2000,"bu","13:02:02",642500
21.25,-0.15,5000,"sd","13:01:52",640500
21.3,-0.1,100,"bu","13:00:30",635500
21.3,-0.1,100,"bu","13:00:29",635400
21.3,-0.1,1500,"bu","13:00:10",635300
21.3,-0.1,200,"bu","13:00:05",633800
21.3,-0.1,1000,"bu","13:00:01",633600
21.3,-0.1,54800,"sd","13:00:01",632600
21.35,-0.05,43900,"sd","13:00:01",577800
21.35,-0.05,100,"sd","11:30:00",533900
21.35,-0.05,700,"sd","11:29:43",533800
21.35,-0.05,4000,"sd","11:29:38",533100
21.35,-0.05,500,"sd","11:29:20",529100
21.4,0,100,"sd","11:27:33",528600
21.45,0.05,100,"sd","11:26:33",528500
21.45,0.05,500,"sd","11:26:33",528400
21.45,0.05,700,"sd","11:26:31",527900
21.45,0.05,500,"sd","11:25:38",527200
21.45,0.05,3200,"bu","11:25:29",526700
21.45,0.05,1800,"sd","11:24:55",523500
21.45,0.05,400,"sd","11:24:35",521700
21.5,0.1,500,"bu","11:24:05",521300
21.5,0.1,1000,"bu","11:23:33",520800
21.5,0.1,2000,"bu","11:21:57",519800
21.45,0.05,100,"sd","11:21:26",517800
21.45,0.05,500,"sd","11:21:12",517700
21.45,0.05,100,"sd","11:21:01",517200
21.45,0.05,2300,"bu","11:20:45",517100
21.45,0.05,200,"sd","11:20:14",514800
21.45,0.05,1500,"bu","11:19:48",514600
21.4,0,300,"bu","11:19:48",513100
21.4,0,100,"sd","11:19:39",512800
21.4,0,500,"sd","11:19:36",512700
21.4,0,200,"sd","11:19:32",512200
21.4,0,1500,"sd","11:19:08",512000
21.45,0.05,300,"sd","11:16:27",510500
21.45,0.05,200,"sd","11:16:17",510200
21.45,0.05,300,"sd","11:16:13",510000
21.45,0.05,9200,"bu","11:15:21",509700
21.45,0.05,800,"sd","11:15:00",500500
21.45,0.05,4200,"bu","11:14:48",499700
21.45,0.05,400,"bu","11:13:06",495500
21.45,0.05,5000,"bu","11:12:25",495100
21.4,0,100,"sd","11:12:06",490100
21.4,0,1000,"sd","11:11:41",490000
21.4,0,2100,"sd","11:11:35",489000
21.4,0,900,"sd","11:11:34",486900
21.45,0.05,400,"bu","11:11:27",486000
21.4,0,1000,"sd","11:11:22",485600
21.45,0.05,200,"bu","11:10:27",484600
21.45,0.05,400,"bu","11:09:50",484400
21.45,0.05,10000,"bu","11:09:15",484000
21.45,0.05,5000,"bu","11:04:59",474000
21.4,0,100,"bu","11:04:30",469000
21.4,0,5000,"bu","11:04:14",468900
21.4,0,5400,"bu","11:02:45",463900
21.4,0,200,"bu","11:02:35",458500
21.35,-0.05,5000,"sd","11:02:34",458300
21.4,0,1600,"bu","11:02:22",453300
21.35,-0.05,5000,"sd","10:59:59",451700
21.4,0,300,"bu","10:59:55",446700
21.4,0,23300,"sd","10:57:55",446400
21.4,0,500,"sd","10:57:46",423100
21.4,0,2000,"sd","10:56:47",422600
21.4,0,2000,"sd","10:56:37",420600
21.4,0,8000,"sd","10:56:17",418600
21.4,0,500,"sd","10:55:11",410600
21.4,0,200,"sd","10:54:45",410100
21.45,0.05,4000,"bu","10:53:38",409900
21.45,0.05,100,"bu","10:52:57",405900
21.5,0.1,200,"bu","10:52:00",405800
21.45,0.05,100,"sd","10:51:59",405600
21.45,0.05,5000,"sd","10:51:33",405500
21.45,0.05,6000,"sd","10:51:08",400500
21.45,0.05,1100,"sd","10:50:52",394500
21.45,0.05,1600,"sd","10:50:05",393400
21.45,0.05,400,"sd","10:48:57",391800
21.45,0.05,1000,"sd","10:48:07",391400
21.45,0.05,4200,"sd","10:46:14",390400
21.5,0.1,3500,"bu","10:45:58",386200
21.5,0.1,3500,"bu","10:45:18",382700
21.5,0.1,200,"bu","10:44:39",379200
21.5,0.1,1800,"sd","10:42:51",379000
21.5,0.1,2400,"bu","10:41:40",377200
21.55,0.15,7100,"bu","10:40:12",374800
21.5,0.1,2100,"bu","10:40:12",367700
21.45,0.05,800,"bu","10:40:12",365600
21.4,0,11100,"sd","10:40:03",364800
21.45,0.05,200,"bu","10:39:55",353700
21.5,0.1,100,"bu","10:38:43",353500
21.4,0,5900,"sd","10:38:43",353400
21.45,0.05,4100,"sd","10:38:43",347500
21.5,0.1,5000,"bu","10:38:31",343400
21.5,0.1,6000,"bu","10:37:22",338400
21.45,0.05,2000,"sd","10:36:40",332400
21.45,0.05,11600,"bu","10:36:16",330400
21.4,0,1600,"sd","10:35:59",318800
21.45,0.05,5200,"sd","10:35:48",317200
21.45,0.05,300,"bu","10:35:23",312000
21.4,0,40000,"sd","10:35:10",311700
21.45,0.05,500,"bu","10:35:04",271700
21.45,0.05,300,"sd","10:34:37",271200
21.45,0.05,2000,"sd","10:34:27",270900
21.45,0.05,300,"sd","10:34:00",268900
21.45,0.05,500,"sd","10:32:45",268600
21.45,0.05,4800,"sd","10:32:01",268100
21.45,0.05,100,"sd","10:31:57",263300
21.45,0.05,100,"sd","10:31:31",263200
21.45,0.05,200,"sd","10:30:46",263100
21.5,0.1,4800,"sd","10:30:46",262900
21.5,0.1,2000,"sd","10:30:34",258100
21.5,0.1,100,"sd","10:30:21",256100
21.5,0.1,100,"sd","10:30:17",256000
21.5,0.1,4100,"sd","10:30:04",255900
21.5,0.1,4000,"sd","10:29:35",251800
21.5,0.1,5000,"sd","10:29:21",247800
21.5,0.1,500,"sd","10:27:38",242800
21.5,0.1,500,"sd","10:27:33",242300
21.5,0.1,500,"sd","10:27:23",241800
21.5,0.1,200,"sd","10:25:58",241300
21.5,0.1,1700,"sd","10:25:22",241100
21.55,0.15,100,"bu","10:25:14",239400
21.55,0.15,500,"bu","10:24:54",239300
21.55,0.15,100,"bu","10:23:59",238800
21.55,0.15,1000,"bu","10:21:47",238700
21.55,0.15,700,"bu","10:20:00",237700
21.55,0.15,1000,"bu","10:19:49",237000
21.55,0.15,300,"bu","10:17:53",236000
21.55,0.15,200,"bu","10:17:22",235700
21.5,0.1,100,"sd","10:16:25",235500
21.5,0.1,500,"sd","10:16:10",235400
21.5,0.1,2800,"sd","10:15:51",234900
21.5,0.1,2200,"sd","10:14:38",232100
21.5,0.1,800,"sd","10:14:38",229900
21.5,0.1,3800,"sd","10:14:31",229100
21.5,0.1,100,"sd","10:14:09",225300
21.5,0.1,4300,"sd","10:13:58",225200
21.55,0.15,700,"sd","10:13:58",220900
21.55,0.15,300,"bu","10:12:49",220200
21.55,0.15,200,"bu","10:12:44",219900
21.55,0.15,3400,"sd","10:12:17",219700
21.55,0.15,200,"sd","10:11:40",216300
21.55,0.15,1000,"sd","10:11:24",216100
21.55,0.15,100,"sd","10:09:33",215100
21.55,0.15,7300,"bu","10:09:12",215000
21.55,0.15,7700,"sd","10:08:27",207700
21.55,0.15,3000,"sd","10:08:14",200000
21.55,0.15,100,"sd","10:08:03",197000
21.55,0.15,300,"sd","10:07:44",196900
21.55,0.15,100,"sd","10:05:42",196600
21.6,0.2,100,"bu","10:04:34",196500
21.6,0.2,1600,"sd","10:04:22",196400
21.6,0.2,3000,"sd","10:04:12",194800
21.6,0.2,200,"sd","10:02:54",191800
21.6,0.2,10000,"bu","10:02:39",191600
21.6,0.2,500,"bu","10:01:41",181600
21.6,0.2,300,"sd","10:01:20",181100
21.6,0.2,1000,"sd","10:01:18",180800
21.6,0.2,100,"sd","10:01:12",179800
21.6,0.2,100,"sd","10:00:50",179700
21.6,0.2,200,"sd","10:00:31",179600
21.6,0.2,400,"sd","10:00:28",179400
21.6,0.2,100,"sd","10:00:24",179000
21.6,0.2,5000,"sd","10:00:16",178900
21.6,0.2,100,"sd","10:00:00",173900
21.6,0.2,8100,"sd","09:59:58",173800
21.6,0.2,600,"sd","09:59:50",165700
21.6,0.2,100,"sd","09:59:40",165100
21.6,0.2,300,"sd","09:59:34",165000
21.6,0.2,1000,"sd","09:59:33",164700
21.6,0.2,100,"sd","09:59:19",163700
21.6,0.2,500,"sd","09:59:17",163600
21.6,0.2,100,"sd","09:59:11",163100
21.6,0.2,100,"sd","09:59:07",163000
21.6,0.2,100,"sd","09:58:59",162900
21.6,0.2,100,"sd","09:58:53",162800
21.6,0.2,100,"sd","09:58:49",162700
21.6,0.2,100,"sd","09:58:48",162600
21.6,0.2,100,"sd","09:58:44",162500
21.6,0.2,100,"sd","09:58:36",162400
21.6,0.2,100,"sd","09:58:32",162300
21.6,0.2,500,"sd","09:58:30",162200
21.6,0.2,500,"sd","09:58:24",161700
21.6,0.2,100,"sd","09:58:08",161200
21.6,0.2,400,"sd","09:58:06",161100
21.6,0.2,100,"sd","09:57:54",160700
21.6,0.2,200,"sd","09:57:31",160600
21.6,0.2,100,"sd","09:57:23",160400
21.6,0.2,200,"sd","09:56:35",160300
21.6,0.2,2000,"sd","09:56:27",160100
21.6,0.2,100,"sd","09:56:03",158100
21.6,0.2,3500,"sd","09:55:54",158000
21.6,0.2,500,"sd","09:55:32",154500
21.6,0.2,1000,"sd","09:55:28",154000
21.6,0.2,500,"sd","09:54:25",153000
21.6,0.2,100,"sd","09:54:05",152500
21.6,0.2,29000,"bu","09:53:31",152400
21.55,0.15,2000,"sd","09:53:18",123400
21.55,0.15,700,"bu","09:53:01",121400
21.55,0.15,200,"bu","09:52:57",120700
21.55,0.15,300,"sd","09:52:45",120500
21.55,0.15,2500,"sd","09:52:35",120200
21.55,0.15,100,"sd","09:52:34",117700
21.55,0.15,100,"sd","09:52:23",117600
21.55,0.15,4500,"bu","09:52:06",117500
21.55,0.15,1000,"bu","09:51:34",113000
21.55,0.15,2000,"bu","09:51:18",112000
21.55,0.15,5000,"bu","09:50:52",110000
21.5,0.1,1000,"sd","09:50:47",105000
21.55,0.15,2000,"bu","09:49:41",104000
21.5,0.1,100,"sd","09:49:28",102000
21.5,0.1,100,"sd","09:49:01",101900
21.55,0.15,100,"bu","09:48:11",101800
21.55,0.15,100,"bu","09:48:02",101700
21.55,0.15,100,"bu","09:47:58",101600
21.55,0.15,900,"sd","09:47:51",101500
21.55,0.15,100,"sd","09:47:46",100600
21.55,0.15,100,"bu","09:47:26",100500
21.6,0.2,300,"bu","09:46:31",100400
21.6,0.2,5200,"bu","09:46:24",100100
21.6,0.2,800,"bu","09:46:22",94900
21.6,0.2,2500,"bu","09:46:07",94100
21.55,0.15,100,"sd","09:46:03",91600
21.55,0.15,300,"sd","09:46:01",91500
21.55,0.15,100,"sd","09:45:49",91200
21.55,0.15,1000,"sd","09:44:56",91100
21.55,0.15,2100,"bu","09:44:40",90100
21.55,0.15,100,"bu","09:44:35",88000
21.55,0.15,100,"bu","09:44:06",87900
21.55,0.15,300,"bu","09:44:05",87800
21.55,0.15,5000,"bu","09:44:03",87500
21.55,0.15,2000,"bu","09:43:50",82500
21.55,0.15,2000,"bu","09:43:45",80500
21.55,0.15,600,"bu","09:43:11",78500
21.5,0.1,34200,"bu","09:42:31",77900
21.45,0.05,1600,"bu","09:42:31",43700
21.4,0,11000,"bu","09:42:31",42100
21.4,0,2500,"bu","09:41:24",31100
21.35,-0.05,100,"sd","09:40:33",28600
21.35,-0.05,1000,"sd","09:40:28",28500
21.4,0,1700,"bu","09:35:40",27500
21.4,0,500,"bu","09:34:34",25800
21.4,0,3000,"bu","09:33:52",25300
21.4,0,400,"bu","09:33:12",22300
21.4,0,1000,"bu","09:31:53",21900
21.35,-0.05,200,"sd","09:29:37",20900
21.35,-0.05,100,"sd","09:28:56",20700
21.35,-0.05,100,"sd","09:27:15",20600
21.4,0,400,"bu","09:26:35",20500
21.4,0,300,"sd","09:26:08",20100
21.4,0,2000,"sd","09:25:56",19800
21.4,0,700,"bu","09:25:25",17800
21.4,0,600,"bu","09:24:32",17100
21.4,0,500,"bu","09:24:12",16500
21.4,0,800,"bu","09:23:20",16000
21.4,0,200,"bu","09:22:29",15200
21.4,0,2800,"bu","09:22:11",15000
21.4,0,100,"bu","09:22:05",12200
21.35,-0.05,200,"bu","09:21:51",12100
21.35,-0.05,200,"bu","09:21:29",11900
21.3,-0.1,100,"bu","09:20:10",11700
21.3,-0.1,2000,"bu","09:20:04",11600
21.3,-0.1,100,"bu","09:19:03",9600
21.3,-0.1,800,"sd","09:18:44",9500
21.3,-0.1,700,"sd","09:18:30",8700
21.3,-0.1,100,"sd","09:18:23",8000
21.3,-0.1,2000,"sd","09:18:09",7900
21.35,-0.05,100,"bu","09:17:32",5900
21.35,-0.05,1400,"sd","09:17:31",5800
21.35,-0.05,4400,"","09:15:02",4400
