"price","change","match_qtty","side","time","total_vol"
4.86,-0.22,314500,"","14:45:01",13780700
4.87,-0.21,900,"sd","14:29:54",13466200
4.87,-0.21,300,"sd","14:29:50",13465300
4.88,-0.2,100,"bu","14:29:50",13465000
4.88,-0.2,20000,"bu","14:29:48",13464900
4.88,-0.2,2000,"bu","14:29:42",13444900
4.88,-0.2,100,"bu","14:29:36",13442900
4.88,-0.2,7800,"sd","14:29:32",13442800
4.88,-0.2,5000,"sd","14:29:29",13435000
4.88,-0.2,200,"sd","14:29:28",13430000
4.88,-0.2,10000,"sd","14:29:26",13429800
4.88,-0.2,13400,"bu","14:28:44",13419800
4.87,-0.21,5400,"sd","14:28:38",13406400
4.88,-0.2,100,"bu","14:28:37",13401000
4.88,-0.2,1000,"bu","14:28:35",13400900
4.88,-0.2,100,"bu","14:28:30",13399900
4.88,-0.2,100,"bu","14:28:28",13399800
4.88,-0.2,10000,"bu","14:28:26",13399700
4.88,-0.2,1000,"bu","14:27:36",13389700
4.87,-0.21,1000,"sd","14:27:35",13388700
4.88,-0.2,100,"bu","14:27:18",13387700
4.88,-0.2,1000,"bu","14:27:11",13387600
4.88,-0.2,100,"bu","14:27:03",13386600
4.86,-0.22,100,"sd","14:26:57",13386500
4.86,-0.22,10100,"sd","14:26:46",13386400
4.87,-0.21,6400,"sd","14:26:46",13376300
4.87,-0.21,5000,"sd","14:26:35",13369900
4.87,-0.21,600,"sd","14:26:20",13364900
4.87,-0.21,1000,"bu","14:26:16",13364300
4.87,-0.21,200,"bu","14:26:13",13363300
4.87,-0.21,100,"bu","14:26:06",13363100
4.87,-0.21,700,"sd","14:26:03",13363000
4.87,-0.21,3300,"bu","14:26:00",13362300
4.87,-0.21,100,"bu","14:25:54",13359000
4.87,-0.21,600,"bu","14:25:49",13358900
4.86,-0.22,100,"sd","14:25:47",13358300
4.87,-0.21,500,"bu","14:25:45",13358200
4.87,-0.21,500,"sd","14:25:35",13357700
4.87,-0.21,1000,"sd","14:25:33",13357200
4.87,-0.21,4800,"bu","14:25:26",13356200
4.86,-0.22,2500,"sd","14:25:22",13351400
4.86,-0.22,500,"sd","14:25:21",13348900
4.87,-0.21,300,"bu","14:25:18",13348400
4.86,-0.22,1200,"bu","14:25:13",13348100
4.86,-0.22,2000,"bu","14:25:09",13346900
4.86,-0.22,2400,"bu","14:25:06",13344900
4.86,-0.22,300,"bu","14:25:01",13342500
4.86,-0.22,700,"bu","14:25:01",13342200
4.85,-0.23,1000,"sd","14:24:59",13341500
4.86,-0.22,3000,"bu","14:24:47",13340500
4.86,-0.22,200,"bu","14:24:45",13337500
4.86,-0.22,5000,"bu","14:24:38",13337300
4.85,-0.23,1300,"sd","14:24:33",13332300
4.86,-0.22,3000,"bu","14:24:19",13331000
4.85,-0.23,5000,"sd","14:24:17",13328000
4.85,-0.23,4000,"sd","14:24:05",13323000
4.85,-0.23,13700,"sd","14:24:03",13319000
4.86,-0.22,100,"bu","14:23:54",13305300
4.85,-0.23,500,"sd","14:23:44",13305200
4.85,-0.23,700,"bu","14:23:25",13304700
4.85,-0.23,2000,"bu","14:23:24",13304000
4.85,-0.23,4300,"bu","14:23:18",13302000
4.84,-0.24,17600,"bu","14:23:06",13297700
4.84,-0.24,3000,"bu","14:23:04",13280100
4.84,-0.24,4900,"bu","14:23:01",13277100
4.84,-0.24,100,"bu","14:22:58",13272200
4.84,-0.24,1000,"bu","14:22:51",13272100
4.84,-0.24,100,"bu","14:22:49",13271100
4.84,-0.24,1000,"bu","14:22:48",13271000
4.84,-0.24,400,"bu","14:22:45",13270000
4.84,-0.24,500,"bu","14:22:25",13269600
4.83,-0.25,800,"sd","14:22:25",13269100
4.84,-0.24,100,"bu","14:22:24",13268300
4.84,-0.24,5000,"bu","14:22:20",13268200
4.84,-0.24,4600,"bu","14:22:18",13263200
4.84,-0.24,200,"bu","14:22:06",13258600
4.83,-0.25,3000,"sd","14:22:06",13258400
4.83,-0.25,7200,"bu","14:21:57",13255400
4.83,-0.25,3000,"bu","14:21:55",13248200
4.83,-0.25,2700,"bu","14:21:54",13245200
4.83,-0.25,1000,"bu","14:21:51",13242500
4.83,-0.25,10100,"bu","14:21:50",13241500
4.82,-0.26,300,"sd","14:21:46",13231400
4.82,-0.26,2200,"sd","14:21:44",13231100
4.82,-0.26,30000,"sd","14:21:42",13228900
4.82,-0.26,13800,"bu","14:21:37",13198900
4.82,-0.26,100,"bu","14:21:36",13185100
4.82,-0.26,300,"bu","14:21:35",13185000
4.82,-0.26,3000,"bu","14:21:30",13184700
4.81,-0.27,5800,"sd","14:21:25",13181700
4.82,-0.26,100,"bu","14:21:22",13175900
4.81,-0.27,2000,"sd","14:21:22",13175800
4.81,-0.27,100,"sd","14:21:15",13173800
4.81,-0.27,1000,"sd","14:21:11",13173700
4.81,-0.27,3000,"sd","14:21:08",13172700
4.81,-0.27,4000,"sd","14:21:04",13169700
4.8,-0.28,206800,"sd","14:20:58",13165700
4.81,-0.27,93200,"sd","14:20:58",12958900
4.81,-0.27,15000,"sd","14:20:52",12865700
4.81,-0.27,5000,"bu","14:20:26",12850700
4.81,-0.27,5000,"bu","14:20:24",12845700
4.81,-0.27,5000,"bu","14:20:23",12840700
4.81,-0.27,6900,"bu","14:20:22",12835700
4.81,-0.27,1000,"bu","14:20:14",12828800
4.81,-0.27,3000,"bu","14:20:10",12827800
4.81,-0.27,1000,"bu","14:20:07",12824800
4.81,-0.27,1600,"bu","14:20:05",12823800
4.81,-0.27,1000,"bu","14:20:03",12822200
4.81,-0.27,500,"bu","14:20:01",12821200
4.8,-0.28,9000,"sd","14:20:01",12820700
4.8,-0.28,1000,"sd","14:19:57",12811700
4.81,-0.27,3000,"bu","14:19:55",12810700
4.8,-0.28,2400,"sd","14:19:55",12807700
4.81,-0.27,1000,"bu","14:19:52",12805300
4.81,-0.27,1000,"bu","14:19:51",12804300
4.81,-0.27,100,"bu","14:19:50",12803300
4.81,-0.27,2000,"bu","14:19:44",12803200
4.81,-0.27,7900,"sd","14:19:43",12801200
4.81,-0.27,2700,"sd","14:19:42",12793300
4.82,-0.26,100,"bu","14:19:41",12790600
4.82,-0.26,19400,"sd","14:19:41",12790500
4.82,-0.26,600,"bu","14:19:39",12771100
4.81,-0.27,9400,"sd","14:19:37",12770500
4.82,-0.26,200,"bu","14:19:35",12761100
4.82,-0.26,4200,"bu","14:19:31",12760900
4.81,-0.27,50000,"sd","14:19:29",12756700
4.82,-0.26,200,"bu","14:19:26",12706700
4.82,-0.26,2000,"bu","14:19:25",12706500
4.82,-0.26,100,"bu","14:19:23",12704500
4.82,-0.26,500,"bu","14:19:19",12704400
4.82,-0.26,3000,"bu","14:19:18",12703900
4.82,-0.26,500,"bu","14:19:09",12700900
4.81,-0.27,18100,"sd","14:19:03",12700400
4.82,-0.26,18800,"sd","14:19:03",12682300
4.83,-0.25,1000,"bu","14:18:55",12663500
4.82,-0.26,11500,"sd","14:18:54",12662500
4.83,-0.25,8000,"bu","14:18:51",12651000
4.83,-0.25,100,"bu","14:18:49",12643000
4.83,-0.25,500,"bu","14:18:45",12642800
4.82,-0.26,500,"sd","14:18:45",12642300
4.83,-0.25,200,"bu","14:18:39",12641800
4.82,-0.26,36600,"sd","14:18:35",12641600
4.82,-0.26,100,"sd","14:18:29",12605000
4.83,-0.25,1000,"bu","14:18:19",12604900
4.83,-0.25,200,"bu","14:18:08",12603900
4.83,-0.25,100,"bu","14:18:06",12603700
4.83,-0.25,500,"bu","14:17:58",12603600
4.83,-0.25,12100,"sd","14:17:52",12603100
4.83,-0.25,2000,"sd","14:17:51",12591000
4.83,-0.25,7400,"sd","14:17:45",12587500
4.83,-0.25,200,"sd","14:17:42",12580100
4.83,-0.25,20000,"sd","14:17:30",12579900
4.84,-0.24,600,"bu","14:17:28",12559900
4.84,-0.24,5000,"bu","14:17:17",12559300
4.83,-0.25,20000,"sd","14:17:15",12554300
4.84,-0.24,9000,"bu","14:17:13",12534300
4.84,-0.24,100,"bu","14:16:58",12525300
4.84,-0.24,500,"bu","14:16:57",12525200
4.84,-0.24,200,"sd","14:16:47",12524700
4.84,-0.24,400,"bu","14:16:46",12524500
4.83,-0.25,1000,"sd","14:16:44",12524100
4.84,-0.24,100,"bu","14:16:43",12523100
4.84,-0.24,4800,"bu","14:16:37",12523000
4.84,-0.24,100,"bu","14:16:30",12518200
4.83,-0.25,100,"sd","14:16:26",12518100
4.84,-0.24,100,"bu","14:16:15",12518000
4.84,-0.24,100,"bu","14:16:02",12517900
4.84,-0.24,100,"bu","14:15:55",12517800
4.84,-0.24,2000,"bu","14:15:47",12517700
4.84,-0.24,1000,"bu","14:15:46",12515700
4.84,-0.24,500,"bu","14:15:29",12514700
4.83,-0.25,1000,"sd","14:15:28",12514200
4.83,-0.25,5000,"sd","14:15:26",12513200
4.83,-0.25,3400,"sd","14:15:18",12508200
4.83,-0.25,2000,"sd","14:15:15",12504800
4.83,-0.25,300,"sd","14:15:10",12502800
4.83,-0.25,1000,"sd","14:15:03",12502500
4.83,-0.25,5000,"sd","14:14:58",12501500
4.83,-0.25,3500,"sd","14:14:45",12496500
4.84,-0.24,1500,"sd","14:14:45",12493000
4.83,-0.25,7000,"sd","14:14:33",12491500
4.83,-0.25,400,"sd","14:14:32",12484500
4.84,-0.24,1600,"sd","14:14:32",12484100
4.83,-0.25,40000,"sd","14:13:53",12482500
4.85,-0.23,400,"bu","14:13:52",12442500
4.84,-0.24,4700,"bu","14:13:52",12442100
4.83,-0.25,6000,"sd","14:13:50",12437400
4.83,-0.25,2300,"sd","14:13:39",12431400
4.84,-0.24,47700,"sd","14:13:39",12429100
4.85,-0.23,2700,"sd","14:13:31",12381400
4.85,-0.23,1200,"sd","14:13:30",12378700
4.85,-0.23,100,"sd","14:13:30",12377500
4.85,-0.23,10000,"sd","14:13:29",12377400
4.85,-0.23,1000,"sd","14:13:28",12367400
4.86,-0.22,11000,"bu","14:13:26",12366400
4.85,-0.23,100,"sd","14:13:25",12355400
4.85,-0.23,10000,"sd","14:13:17",12355300
4.85,-0.23,2000,"sd","14:13:10",12345300
4.86,-0.22,5000,"bu","14:13:10",12343300
4.85,-0.23,33500,"sd","14:13:08",12338300
4.86,-0.22,5900,"bu","14:13:06",12304800
4.85,-0.23,2000,"sd","14:12:59",12298900
4.85,-0.23,19300,"sd","14:12:56",12296900
4.85,-0.23,1000,"sd","14:12:48",12277600
4.85,-0.23,8600,"sd","14:12:46",12276600
4.85,-0.23,1000,"sd","14:12:34",12268000
4.86,-0.22,1300,"bu","14:12:19",12267000
4.85,-0.23,15000,"sd","14:12:10",12265700
4.86,-0.22,1300,"sd","14:12:02",12250700
4.86,-0.22,40000,"sd","14:12:00",12249400
4.87,-0.21,2000,"bu","14:12:00",12209400
4.86,-0.22,50000,"sd","14:11:57",12207400
4.87,-0.21,300,"bu","14:11:53",12157400
4.87,-0.21,10000,"bu","14:11:48",12157100
4.86,-0.22,100,"sd","14:11:37",12147100
4.87,-0.21,400,"bu","14:11:26",12147000
4.87,-0.21,32600,"sd","14:11:16",12146600
4.88,-0.2,2000,"bu","14:11:13",12114000
4.88,-0.2,500,"bu","14:11:09",12112000
4.88,-0.2,500,"bu","14:11:04",12111500
4.88,-0.2,21600,"bu","14:11:01",12111000
4.87,-0.21,3900,"sd","14:10:54",12089400
4.88,-0.2,1000,"bu","14:10:54",12085500
4.88,-0.2,300,"bu","14:10:48",12084500
4.88,-0.2,2000,"bu","14:10:47",12084200
4.88,-0.2,800,"bu","14:10:46",12082200
4.88,-0.2,1800,"sd","14:10:38",12081400
4.88,-0.2,10000,"sd","14:10:37",12079600
4.88,-0.2,700,"sd","14:10:36",12069600
4.89,-0.19,1000,"bu","14:10:36",12068900
4.88,-0.2,500,"sd","14:10:35",12067900
4.88,-0.2,500,"sd","14:09:59",12067400
4.88,-0.2,4000,"sd","14:09:56",12066900
4.88,-0.2,30000,"sd","14:09:44",12062900
4.88,-0.2,6400,"sd","14:09:34",12032900
4.89,-0.19,7000,"bu","14:09:20",12026500
4.89,-0.19,500,"bu","14:09:15",12019500
4.89,-0.19,2400,"bu","14:09:01",12019000
4.89,-0.19,200,"bu","14:08:57",12016600
4.89,-0.19,34900,"sd","14:08:49",12016400
4.89,-0.19,500,"sd","14:08:36",11981500
4.9,-0.18,600,"bu","14:08:12",11981000
4.89,-0.19,500,"sd","14:08:11",11980400
4.89,-0.19,3000,"sd","14:08:09",11979900
4.9,-0.18,14500,"bu","14:07:35",11976900
4.9,-0.18,1500,"bu","14:07:22",11962400
4.9,-0.18,200,"bu","14:07:21",11960900
4.9,-0.18,100,"bu","14:07:09",11960700
4.9,-0.18,5000,"bu","14:07:07",11960600
4.9,-0.18,10000,"bu","14:07:02",11955600
4.9,-0.18,2100,"bu","14:06:49",11945600
4.89,-0.19,400,"sd","14:06:47",11943500
4.89,-0.19,100,"sd","14:06:42",11943100
4.89,-0.19,5000,"sd","14:06:24",11943000
4.89,-0.19,600,"bu","14:05:36",11938000
4.88,-0.2,100,"sd","14:05:29",11937400
4.89,-0.19,5000,"bu","14:05:04",11937300
4.88,-0.2,100,"sd","14:04:57",11932300
4.89,-0.19,1100,"bu","14:04:54",11932200
4.89,-0.19,23000,"bu","14:04:24",11931100
4.88,-0.2,27000,"bu","14:04:24",11908100
4.88,-0.2,1100,"bu","14:04:19",11881100
4.88,-0.2,500,"bu","14:04:18",11880000
4.88,-0.2,500,"bu","14:04:14",11879500
4.88,-0.2,200,"bu","14:04:13",11879000
4.88,-0.2,10000,"bu","14:04:03",11878800
4.88,-0.2,3900,"bu","14:03:53",11868800
4.87,-0.21,5000,"sd","14:03:51",11864900
4.88,-0.2,2800,"bu","14:03:46",11859900
4.88,-0.2,100,"bu","14:03:34",11857100
4.88,-0.2,1000,"bu","14:02:54",11857000
4.87,-0.21,3500,"sd","14:02:36",11856000
4.88,-0.2,1500,"bu","14:02:32",11852500
4.88,-0.2,500,"bu","14:02:07",11851000
4.87,-0.21,10000,"sd","14:02:05",11850500
4.87,-0.21,28000,"sd","14:01:47",11840500
4.87,-0.21,12000,"sd","14:01:47",11812500
4.87,-0.21,5000,"sd","14:01:46",11800500
4.87,-0.21,12100,"sd","14:01:42",11795500
4.87,-0.21,1900,"sd","14:01:35",11783400
4.87,-0.21,100,"sd","14:01:34",11781500
4.87,-0.21,200,"sd","14:01:32",11781400
4.87,-0.21,12700,"sd","14:01:27",11781200
4.87,-0.21,4000,"sd","14:01:13",11768500
4.87,-0.21,400,"sd","14:00:44",11764500
4.87,-0.21,200,"sd","14:00:43",11764100
4.88,-0.2,100,"bu","14:00:41",11760900
4.88,-0.2,5100,"bu","14:00:31",11760800
4.88,-0.2,2800,"bu","14:00:24",11755700
4.88,-0.2,500,"bu","14:00:21",11752900
4.88,-0.2,6300,"sd","14:00:09",11752400
4.88,-0.2,12700,"sd","14:00:09",11746100
4.88,-0.2,10200,"sd","13:59:59",11733400
4.88,-0.2,3500,"sd","13:59:45",11723200
4.89,-0.19,1200,"bu","13:59:33",11719700
4.88,-0.2,500,"sd","13:59:27",11718500
4.88,-0.2,5000,"sd","13:59:23",11718000
4.88,-0.2,100,"sd","13:59:19",11713000
4.88,-0.2,100,"bu","13:59:03",11712900
4.88,-0.2,2000,"bu","13:59:02",11712800
4.88,-0.2,3000,"sd","13:59:00",11710800
4.88,-0.2,5000,"sd","13:58:57",11707800
4.89,-0.19,2000,"bu","13:58:51",11702800
4.88,-0.2,50000,"sd","13:58:44",11687800
4.88,-0.2,7200,"sd","13:58:42",11637800
4.89,-0.19,16600,"sd","13:58:22",11630600
4.89,-0.19,4000,"sd","13:58:21",11614000
4.89,-0.19,5000,"sd","13:58:09",11610000
4.89,-0.19,1200,"sd","13:58:01",11605000
4.9,-0.18,200,"bu","13:57:55",11603800
4.9,-0.18,2000,"bu","13:57:50",11603600
4.9,-0.18,1000,"bu","13:57:49",11601600
4.9,-0.18,100,"bu","13:57:47",11600600
4.9,-0.18,3200,"bu","13:57:40",11600500
4.89,-0.19,500,"sd","13:57:29",11597300
4.9,-0.18,3000,"bu","13:57:25",11596800
4.9,-0.18,300,"bu","13:57:22",11593800
4.9,-0.18,48900,"sd","13:56:56",11593500
4.9,-0.18,1800,"sd","13:56:44",11544600
4.91,-0.17,4900,"bu","13:56:39",11542800
4.91,-0.17,500,"bu","13:56:34",11537900
4.9,-0.18,500,"sd","13:56:28",11537400
4.91,-0.17,200,"bu","13:55:56",11536900
4.91,-0.17,1500,"bu","13:55:49",11536700
4.91,-0.17,200,"bu","13:55:38",11535200
4.91,-0.17,100,"bu","13:55:36",11535000
4.91,-0.17,300,"bu","13:55:35",11534900
4.91,-0.17,100,"bu","13:54:54",11534600
4.91,-0.17,200,"bu","13:54:50",11534500
4.91,-0.17,6300,"bu","13:54:48",11534300
4.91,-0.17,200,"bu","13:54:38",11528000
4.91,-0.17,8000,"sd","13:54:29",11527800
4.91,-0.17,2000,"bu","13:54:26",11519800
4.9,-0.18,6200,"sd","13:54:26",11517800
4.9,-0.18,100,"sd","13:54:21",11511600
4.91,-0.17,2000,"bu","13:54:16",11511500
4.91,-0.17,500,"bu","13:54:00",11509500
4.91,-0.17,100,"bu","13:53:39",11509000
4.91,-0.17,300,"bu","13:53:28",11508900
4.9,-0.18,200,"sd","13:53:20",11508600
4.9,-0.18,2100,"bu","13:53:02",11508400
4.9,-0.18,100,"bu","13:52:58",11506300
4.9,-0.18,2000,"sd","13:52:42",11506200
4.91,-0.17,800,"sd","13:52:42",11504200
4.92,-0.16,1000,"bu","13:52:41",11503400
4.9,-0.18,4200,"sd","13:52:34",11502400
4.91,-0.17,10000,"bu","13:52:34",11498200
4.9,-0.18,1700,"sd","13:52:29",11488200
4.91,-0.17,200,"bu","13:52:20",11486500
4.9,-0.18,1000,"sd","13:52:17",11486300
4.91,-0.17,1700,"bu","13:52:15",11485300
4.91,-0.17,1200,"bu","13:51:58",11483600
4.91,-0.17,3900,"sd","13:51:56",11482400
4.91,-0.17,500,"sd","13:51:55",11478500
4.91,-0.17,10000,"sd","13:51:52",11478000
4.91,-0.17,5000,"sd","13:51:38",11468000
4.91,-0.17,1000,"sd","13:51:28",11463000
4.91,-0.17,2000,"sd","13:51:18",11462000
4.91,-0.17,100,"sd","13:51:15",11460000
4.91,-0.17,1900,"sd","13:51:12",11459900
4.91,-0.17,25000,"sd","13:50:47",11458000
4.92,-0.16,100,"bu","13:50:35",11433000
4.92,-0.16,2000,"bu","13:50:15",11432900
4.92,-0.16,200,"bu","13:50:12",11430900
4.92,-0.16,100,"bu","13:50:04",11430700
4.91,-0.17,2000,"sd","13:49:51",11430600
4.92,-0.16,100,"bu","13:49:47",11428600
4.92,-0.16,200,"bu","13:49:45",11428500
4.91,-0.17,10300,"sd","13:49:41",11428300
4.91,-0.17,3000,"sd","13:49:22",11418000
4.91,-0.17,3000,"sd","13:49:20",11415000
4.91,-0.17,16200,"bu","13:49:19",11412000
4.91,-0.17,4600,"bu","13:49:07",11395800
4.91,-0.17,200,"bu","13:49:05",11391200
4.91,-0.17,2900,"bu","13:49:00",11391000
4.9,-0.18,6000,"sd","13:49:00",11388100
4.91,-0.17,100,"bu","13:48:56",11382100
4.91,-0.17,500,"bu","13:48:55",11382000
4.91,-0.17,100,"bu","13:48:52",11381500
4.91,-0.17,5400,"bu","13:48:45",11381400
4.9,-0.18,20000,"sd","13:48:40",11376000
4.91,-0.17,1000,"bu","13:48:40",11356000
4.91,-0.17,5000,"bu","13:48:38",11355000
4.91,-0.17,100,"bu","13:48:07",11350000
4.91,-0.17,300,"bu","13:48:06",11349900
4.91,-0.17,100,"bu","13:48:05",11349600
4.91,-0.17,1200,"bu","13:47:55",11349500
4.91,-0.17,10000,"bu","13:47:44",11348300
4.91,-0.17,10200,"sd","13:47:39",11338300
4.91,-0.17,1000,"sd","13:47:30",11328100
4.91,-0.17,1400,"bu","13:47:19",11327100
4.9,-0.18,2100,"sd","13:46:55",11325700
4.91,-0.17,500,"bu","13:46:50",11323600
4.9,-0.18,7500,"bu","13:46:29",11323100
4.9,-0.18,91600,"bu","13:46:29",11315600
4.9,-0.18,100,"bu","13:46:15",11224000
4.89,-0.19,2000,"sd","13:46:13",11223900
4.9,-0.18,3000,"bu","13:46:03",11221900
4.89,-0.19,1000,"sd","13:45:45",11218900
4.9,-0.18,5000,"bu","13:45:26",11217900
4.89,-0.19,100,"sd","13:45:18",11212900
4.89,-0.19,500,"sd","13:45:05",11212800
4.9,-0.18,100,"bu","13:44:08",11212300
4.89,-0.19,1000,"sd","13:44:03",11212200
4.9,-0.18,500,"bu","13:44:02",11211200
4.89,-0.19,2000,"sd","13:43:59",11210700
4.89,-0.19,1000,"sd","13:43:50",11208700
4.9,-0.18,200,"bu","13:43:46",11207700
4.89,-0.19,10500,"bu","13:43:30",11207500
4.89,-0.19,100,"bu","13:43:24",11197000
4.89,-0.19,100,"bu","13:43:19",11196900
4.89,-0.19,600,"bu","13:43:13",11196800
4.89,-0.19,1000,"bu","13:43:02",11196200
4.89,-0.19,100,"bu","13:42:59",11195200
4.89,-0.19,1000,"bu","13:42:57",11195100
4.89,-0.19,17000,"bu","13:42:51",11194100
4.89,-0.19,200,"bu","13:42:45",11177100
4.89,-0.19,1000,"bu","13:42:36",11176900
4.89,-0.19,100,"bu","13:42:32",11175900
4.89,-0.19,100,"bu","13:42:09",11175800
4.89,-0.19,1000,"bu","13:41:58",11175700
4.88,-0.2,1000,"sd","13:41:55",11174700
4.89,-0.19,100,"bu","13:41:55",11173700
4.89,-0.19,500,"bu","13:41:52",11173600
4.9,-0.18,10900,"bu","13:41:51",11173100
4.89,-0.19,4100,"bu","13:41:51",11162200
4.89,-0.19,1500,"bu","13:41:48",11158100
4.89,-0.19,200,"bu","13:41:46",11156400
4.89,-0.19,200,"bu","13:41:44",11156200
4.89,-0.19,200,"bu","13:41:40",11156000
4.89,-0.19,8600,"sd","13:41:38",11155800
4.9,-0.18,100,"bu","13:41:35",11147200
4.89,-0.19,4000,"sd","13:41:32",11147100
4.9,-0.18,5000,"bu","13:41:30",11143100
4.89,-0.19,5000,"sd","13:41:28",11138100
4.9,-0.18,1000,"bu","13:41:20",11133100
4.9,-0.18,1000,"bu","13:41:14",11132100
4.89,-0.19,300,"sd","13:41:14",11131100
4.9,-0.18,2000,"bu","13:41:11",11130800
4.9,-0.18,200,"bu","13:40:54",11128800
4.9,-0.18,300,"bu","13:40:51",11128600
4.9,-0.18,1800,"bu","13:40:48",11128300
4.9,-0.18,200,"bu","13:40:40",11126500
4.9,-0.18,2000,"bu","13:40:30",11126300
4.9,-0.18,5000,"bu","13:40:29",11124300
4.9,-0.18,1000,"bu","13:40:24",11119300
4.9,-0.18,100,"bu","13:40:21",11118300
4.9,-0.18,200,"bu","13:40:20",11118200
4.9,-0.18,100,"bu","13:40:17",11118000
4.9,-0.18,3000,"bu","13:40:13",11117900
4.9,-0.18,100,"bu","13:40:09",11114900
4.9,-0.18,500,"bu","13:40:06",11114800
4.9,-0.18,100,"bu","13:40:05",11114300
4.9,-0.18,1000,"bu","13:40:04",11114200
4.9,-0.18,16700,"bu","13:40:01",11113200
4.9,-0.18,6700,"bu","13:39:59",11096500
4.9,-0.18,17000,"bu","13:39:53",11089800
4.9,-0.18,600,"bu","13:39:42",11072800
4.89,-0.19,300,"sd","13:39:38",11072200
4.89,-0.19,7000,"bu","13:39:29",11071900
4.89,-0.19,1100,"bu","13:39:20",11064900
4.89,-0.19,500,"bu","13:39:14",11063800
4.89,-0.19,2100,"bu","13:39:11",11063300
4.89,-0.19,100,"bu","13:39:10",11061200
4.89,-0.19,5000,"bu","13:39:07",11061100
4.89,-0.19,2000,"bu","13:38:57",11056100
4.88,-0.2,900,"sd","13:38:47",11054100
4.88,-0.2,2000,"sd","13:38:45",11053200
4.89,-0.19,200,"bu","13:38:34",11051200
4.89,-0.19,1600,"bu","13:38:33",11051000
4.89,-0.19,200,"bu","13:38:28",11049400
4.89,-0.19,3000,"bu","13:38:26",11049200
4.89,-0.19,50000,"bu","13:38:15",11046200
4.88,-0.2,100,"sd","13:38:13",10996200
4.88,-0.2,30000,"sd","13:38:09",10996100
4.87,-0.21,4200,"sd","13:37:53",10966100
4.88,-0.2,400,"sd","13:37:53",10961900
4.87,-0.21,2000,"sd","13:37:42",10961500
4.89,-0.19,12300,"bu","13:37:37",10959500
4.88,-0.2,82700,"bu","13:37:37",10947200
4.88,-0.2,100,"bu","13:37:27",10864500
4.87,-0.21,500,"sd","13:37:23",10864400
4.87,-0.21,500,"sd","13:37:07",10863900
4.88,-0.2,5000,"bu","13:37:02",10863400
4.88,-0.2,5000,"bu","13:36:52",10858400
4.88,-0.2,200,"bu","13:36:48",10853400
4.88,-0.2,1000,"bu","13:36:45",10853200
4.88,-0.2,5000,"bu","13:36:36",10852200
4.88,-0.2,200,"bu","13:36:29",10847200
4.87,-0.21,100,"sd","13:36:24",10847000
4.88,-0.2,10000,"bu","13:36:23",10846900
4.87,-0.21,3800,"sd","13:36:04",10836900
4.87,-0.21,1000,"sd","13:36:03",10833100
4.88,-0.2,100,"bu","13:35:56",10832100
4.88,-0.2,400,"bu","13:35:51",10832000
4.88,-0.2,30000,"bu","13:35:48",10831600
4.87,-0.21,800,"bu","13:35:28",10801600
4.87,-0.21,5000,"bu","13:35:11",10800800
4.87,-0.21,26600,"sd","13:35:05",10795800
4.87,-0.21,13900,"bu","13:35:00",10769200
4.87,-0.21,7000,"bu","13:34:54",10755300
4.87,-0.21,3000,"bu","13:34:49",10748300
4.87,-0.21,200,"bu","13:34:15",10745300
4.86,-0.22,100,"sd","13:34:14",10745100
4.87,-0.21,5000,"bu","13:34:03",10745000
4.86,-0.22,500,"sd","13:33:52",10740000
4.87,-0.21,10000,"bu","13:33:48",10739500
4.87,-0.21,47700,"bu","13:33:42",10729500
4.86,-0.22,2100,"bu","13:33:42",10681800
4.86,-0.22,5000,"bu","13:33:39",10679700
4.86,-0.22,7500,"sd","13:33:34",10674700
4.86,-0.22,100,"sd","13:33:29",10667200
4.86,-0.22,1000,"sd","13:33:20",10667100
4.86,-0.22,5000,"sd","13:33:16",10666100
4.87,-0.21,2600,"bu","13:33:16",10661100
4.87,-0.21,300,"bu","13:33:13",10658500
4.87,-0.21,2000,"bu","13:33:11",10658200
4.87,-0.21,1000,"bu","13:33:09",10656200
4.87,-0.21,1000,"bu","13:33:07",10655200
4.87,-0.21,100,"bu","13:33:05",10654200
4.87,-0.21,100,"bu","13:33:04",10654100
4.87,-0.21,600,"bu","13:33:00",10654000
4.87,-0.21,3400,"bu","13:32:52",10653400
4.86,-0.22,400,"sd","13:32:51",10650000
4.87,-0.21,200,"bu","13:32:47",10649600
4.87,-0.21,5000,"bu","13:32:46",10649400
4.87,-0.21,500,"bu","13:32:45",10644400
4.87,-0.21,19400,"sd","13:32:44",10643900
4.88,-0.2,3900,"bu","13:32:42",10624500
4.87,-0.21,500,"sd","13:32:42",10620600
4.87,-0.21,2500,"sd","13:32:40",10620100
4.87,-0.21,10000,"sd","13:32:40",10617600
4.87,-0.21,500,"sd","13:32:39",10607600
4.87,-0.21,500,"sd","13:32:37",10607100
4.87,-0.21,10000,"sd","13:32:36",10606600
4.87,-0.21,1000,"sd","13:32:31",10596600
4.87,-0.21,10000,"sd","13:32:29",10595600
4.87,-0.21,1600,"sd","13:32:25",10585600
4.87,-0.21,15000,"sd","13:32:24",10584000
4.87,-0.21,100,"sd","13:32:09",10569000
4.87,-0.21,100,"sd","13:32:08",10568900
4.87,-0.21,100,"sd","13:32:07",10568800
4.87,-0.21,5000,"sd","13:32:06",10568700
4.87,-0.21,100,"sd","13:32:05",10563700
4.88,-0.2,2000,"bu","13:32:05",10563600
4.87,-0.21,100,"sd","13:32:03",10561600
4.87,-0.21,100,"sd","13:32:01",10561500
4.87,-0.21,100,"sd","13:31:57",10561400
4.87,-0.21,20000,"sd","13:31:53",10561300
4.87,-0.21,10000,"sd","13:31:45",10541300
4.87,-0.21,1000,"sd","13:31:42",10531300
4.87,-0.21,100,"sd","13:31:34",10530300
4.88,-0.2,5000,"bu","13:31:34",10530200
4.87,-0.21,3000,"sd","13:31:23",10525200
4.88,-0.2,400,"bu","13:31:18",10522200
4.87,-0.21,2000,"sd","13:31:13",10521800
4.88,-0.2,20000,"bu","13:31:11",10519800
4.87,-0.21,100,"sd","13:31:05",10499800
4.87,-0.21,5000,"sd","13:30:59",10499700
4.87,-0.21,2900,"bu","13:30:50",10494700
4.87,-0.21,200,"bu","13:30:48",10491800
4.87,-0.21,1000,"bu","13:30:47",10491600
4.86,-0.22,200,"sd","13:30:45",10490600
4.87,-0.21,2000,"bu","13:30:44",10490400
4.87,-0.21,2000,"bu","13:30:43",10488400
4.87,-0.21,700,"bu","13:30:43",10486400
4.87,-0.21,2000,"bu","13:30:42",10485700
4.87,-0.21,5000,"bu","13:30:42",10483700
4.87,-0.21,9000,"bu","13:30:41",10478700
4.87,-0.21,1000,"bu","13:30:37",10469700
4.87,-0.21,4300,"bu","13:30:36",10468700
4.87,-0.21,3200,"bu","13:30:35",10464400
4.87,-0.21,400,"bu","13:30:33",10461200
4.87,-0.21,100,"bu","13:30:31",10460800
4.87,-0.21,5000,"bu","13:30:30",10460700
4.87,-0.21,1500,"bu","13:30:29",10455700
4.87,-0.21,500,"bu","13:30:29",10454200
4.87,-0.21,3000,"bu","13:30:27",10453700
4.87,-0.21,1000,"bu","13:30:25",10450700
4.87,-0.21,2000,"bu","13:30:24",10449700
4.87,-0.21,500,"bu","13:30:22",10447700
4.86,-0.22,2200,"sd","13:30:21",10447200
4.87,-0.21,100,"bu","13:30:20",10445000
4.87,-0.21,500,"bu","13:30:20",10444900
4.87,-0.21,500,"bu","13:30:19",10444400
4.87,-0.21,10000,"bu","13:30:11",10443900
4.86,-0.22,1000,"sd","13:30:07",10433900
4.86,-0.22,11900,"bu","13:30:01",10432900
4.86,-0.22,5000,"bu","13:29:59",10421000
4.85,-0.23,2000,"sd","13:29:50",10416000
4.86,-0.22,1000,"bu","13:29:50",10414000
4.85,-0.23,10100,"bu","13:29:49",10413000
4.85,-0.23,2000,"bu","13:29:48",10402900
4.85,-0.23,6900,"bu","13:29:48",10400900
4.85,-0.23,1500,"bu","13:29:47",10394000
4.85,-0.23,50000,"bu","13:29:45",10392500
4.85,-0.23,6800,"bu","13:29:37",10342500
4.85,-0.23,3200,"bu","13:29:36",10335700
4.85,-0.23,5000,"bu","13:29:34",10332500
4.85,-0.23,5000,"bu","13:29:31",10327500
4.85,-0.23,1000,"bu","13:29:28",10322500
4.85,-0.23,500,"bu","13:29:25",10321500
4.85,-0.23,300,"bu","13:29:25",10321000
4.85,-0.23,100,"bu","13:29:24",10320700
4.85,-0.23,1000,"bu","13:29:23",10320600
4.85,-0.23,200,"bu","13:29:22",10319600
4.85,-0.23,2000,"bu","13:29:16",10319400
4.85,-0.23,1000,"bu","13:29:09",10317400
4.85,-0.23,1000,"bu","13:29:07",10316400
4.84,-0.24,3000,"sd","13:29:03",10315400
4.84,-0.24,3000,"sd","13:29:02",10312400
4.85,-0.23,200,"bu","13:28:59",10309400
4.85,-0.23,3000,"bu","13:28:57",10309200
4.85,-0.23,200,"bu","13:28:44",10306200
4.84,-0.24,200,"sd","13:28:41",10306000
4.84,-0.24,4000,"bu","13:28:19",10305800
4.84,-0.24,1000,"sd","13:28:16",10301800
4.84,-0.24,1000,"sd","13:28:14",10300800
4.84,-0.24,7200,"bu","13:28:13",10299800
4.84,-0.24,100,"bu","13:28:10",10292600
4.84,-0.24,1000,"bu","13:28:07",10292500
4.84,-0.24,1500,"bu","13:28:05",10291500
4.83,-0.25,10000,"sd","13:28:02",10290000
4.84,-0.24,100,"sd","13:28:02",10280000
4.84,-0.24,300,"sd","13:27:54",10279900
4.84,-0.24,100,"bu","13:27:53",10279600
4.84,-0.24,10000,"bu","13:27:49",10279500
4.84,-0.24,9500,"bu","13:27:41",10269500
4.83,-0.25,500,"bu","13:27:41",10260000
4.83,-0.25,1500,"sd","13:27:39",10259500
4.83,-0.25,5100,"bu","13:27:38",10258000
4.83,-0.25,44900,"sd","13:27:37",10252900
4.84,-0.24,2000,"bu","13:27:33",10208000
4.83,-0.25,1500,"bu","13:27:26",10206000
4.83,-0.25,5000,"bu","13:27:25",10204500
4.83,-0.25,10000,"bu","13:27:20",10199500
4.83,-0.25,15000,"bu","13:27:18",10189500
4.83,-0.25,300,"bu","13:27:17",10174500
4.83,-0.25,6800,"bu","13:27:17",10174200
4.83,-0.25,4100,"bu","13:27:16",10167400
4.83,-0.25,1000,"bu","13:27:16",10163300
4.83,-0.25,6800,"bu","13:27:15",10162300
4.83,-0.25,10200,"bu","13:27:14",10155500
4.83,-0.25,5000,"bu","13:27:13",10145300
4.83,-0.25,100,"bu","13:27:10",10140300
4.83,-0.25,6800,"bu","13:27:07",10140200
4.82,-0.26,200,"sd","13:27:07",10133400
4.83,-0.25,7800,"bu","13:27:07",10133200
4.83,-0.25,500,"bu","13:27:06",10125400
4.83,-0.25,9800,"bu","13:27:05",10124900
4.83,-0.25,5000,"bu","13:27:03",10115100
4.83,-0.25,100,"bu","13:26:51",10110100
4.82,-0.26,100,"sd","13:26:44",10110000
4.83,-0.25,1000,"bu","13:26:32",10109900
4.82,-0.26,200,"sd","13:26:29",10108900
4.83,-0.25,500,"bu","13:26:28",10108700
4.83,-0.25,500,"bu","13:26:15",10108200
4.83,-0.25,100,"bu","13:26:09",10107700
4.83,-0.25,200,"bu","13:26:02",10107600
4.82,-0.26,500,"sd","13:26:01",10107400
4.83,-0.25,500,"bu","13:25:53",10106900
4.83,-0.25,5000,"bu","13:25:27",10106400
4.82,-0.26,36600,"sd","13:25:25",10101400
4.82,-0.26,5800,"sd","13:25:19",10064800
4.82,-0.26,200,"sd","13:25:16",10059000
4.82,-0.26,1000,"sd","13:25:09",10058800
4.82,-0.26,17200,"sd","13:24:58",10057800
4.82,-0.26,100,"sd","13:24:44",10040600
4.82,-0.26,300,"sd","13:24:37",10040500
4.82,-0.26,5500,"sd","13:24:34",10040200
4.82,-0.26,300,"sd","13:24:27",10034700
4.82,-0.26,2000,"sd","13:24:22",10034400
4.83,-0.25,1000,"bu","13:24:12",10032400
4.82,-0.26,4000,"sd","13:24:08",10031400
4.82,-0.26,3000,"sd","13:24:06",10027400
4.82,-0.26,3000,"sd","13:24:03",10024400
4.82,-0.26,4900,"sd","13:24:02",10021400
4.83,-0.25,2000,"bu","13:24:02",10016500
4.83,-0.25,100,"bu","13:23:59",10014500
4.83,-0.25,2000,"bu","13:23:57",10014400
4.82,-0.26,41900,"sd","13:23:52",10012400
4.83,-0.25,2000,"bu","13:23:44",9970500
4.82,-0.26,5000,"sd","13:23:37",9968500
4.82,-0.26,200,"sd","13:23:29",9963500
4.83,-0.25,2000,"bu","13:23:28",9963300
4.82,-0.26,3300,"sd","13:23:28",9961300
4.83,-0.25,100,"bu","13:23:23",9958000
4.83,-0.25,500,"bu","13:23:07",9957900
4.82,-0.26,10500,"sd","13:22:54",9957400
4.82,-0.26,50000,"sd","13:22:53",9946900
4.83,-0.25,500,"bu","13:22:48",9896900
4.82,-0.26,20000,"sd","13:22:39",9896400
4.82,-0.26,500,"sd","13:22:37",9876400
4.82,-0.26,2000,"sd","13:22:29",9875900
4.83,-0.25,100,"bu","13:22:28",9873900
4.83,-0.25,100,"bu","13:22:27",9873800
4.83,-0.25,5000,"bu","13:22:19",9873700
4.83,-0.25,20000,"bu","13:22:16",9868700
4.82,-0.26,1000,"sd","13:22:13",9848700
4.83,-0.25,500,"bu","13:22:04",9847700
4.83,-0.25,1100,"sd","13:21:49",9847200
4.83,-0.25,100,"sd","13:21:44",9846100
4.83,-0.25,800,"sd","13:21:43",9846000
4.83,-0.25,100,"bu","13:21:38",9845200
4.82,-0.26,41900,"sd","13:21:35",9845100
4.83,-0.25,18600,"sd","13:21:35",9803200
4.83,-0.25,2000,"sd","13:21:22",9784600
4.83,-0.25,5500,"sd","13:21:20",9782600
4.84,-0.24,100,"bu","13:21:20",9777100
4.83,-0.25,500,"sd","13:21:18",9777000
4.84,-0.24,300,"bu","13:21:09",9776500
4.83,-0.25,30000,"sd","13:21:04",9776200
4.84,-0.24,17400,"sd","13:20:56",9746200
4.84,-0.24,5000,"bu","13:20:50",9728800
4.84,-0.24,2000,"bu","13:20:46",9723800
4.84,-0.24,5000,"bu","13:20:45",9721800
4.84,-0.24,1000,"bu","13:20:42",9716800
4.83,-0.25,5000,"sd","13:20:41",9715800
4.84,-0.24,5000,"bu","13:20:35",9710800
4.84,-0.24,2000,"bu","13:20:32",9705800
4.84,-0.24,7500,"bu","13:20:31",9703800
4.84,-0.24,2000,"bu","13:20:30",9696300
4.84,-0.24,2000,"bu","13:20:26",9694300
4.84,-0.24,500,"bu","13:20:24",9692300
4.84,-0.24,1000,"bu","13:20:23",9691800
4.84,-0.24,3100,"bu","13:20:20",9690800
4.84,-0.24,2000,"bu","13:20:16",9687700
4.84,-0.24,500,"bu","13:20:09",9685700
4.83,-0.25,2800,"sd","13:20:08",9685200
4.83,-0.25,500,"bu","13:20:00",9682400
4.82,-0.26,3000,"sd","13:20:00",9681900
4.83,-0.25,200,"bu","13:19:59",9678900
4.82,-0.26,32200,"bu","13:19:48",9678700
4.82,-0.26,2200,"bu","13:19:44",9646500
4.82,-0.26,20000,"bu","13:19:42",9644300
4.82,-0.26,11300,"bu","13:19:40",9624300
4.82,-0.26,100,"bu","13:19:39",9613000
4.82,-0.26,1400,"bu","13:19:35",9612900
4.82,-0.26,20000,"bu","13:19:33",9611500
4.82,-0.26,3000,"bu","13:19:32",9591500
4.82,-0.26,300,"bu","13:19:30",9588500
4.82,-0.26,5600,"bu","13:19:30",9588200
4.81,-0.27,5000,"sd","13:19:26",9582600
4.82,-0.26,100,"bu","13:19:20",9577600
4.82,-0.26,1000,"bu","13:19:11",9577500
4.81,-0.27,3000,"sd","13:19:10",9576400
4.81,-0.27,1500,"sd","13:19:10",9573400
4.82,-0.26,10000,"bu","13:19:06",9571900
4.82,-0.26,500,"bu","13:19:03",9561900
4.82,-0.26,2000,"bu","13:18:59",9561400
4.82,-0.26,100,"bu","13:18:53",9559400
4.81,-0.27,50000,"sd","13:18:53",9559300
4.82,-0.26,1000,"bu","13:18:43",9509300
4.81,-0.27,5000,"bu","13:18:39",9508300
4.81,-0.27,200,"bu","13:18:33",9503300
4.81,-0.27,1000,"bu","13:18:29",9503100
4.81,-0.27,15800,"sd","13:18:26",9502100
4.81,-0.27,6700,"sd","13:18:24",9486300
4.82,-0.26,500,"bu","13:18:20",9479600
4.81,-0.27,20000,"sd","13:18:19",9479100
4.82,-0.26,1000,"bu","13:18:18",9459100
4.81,-0.27,200,"sd","13:18:18",9458100
4.82,-0.26,5400,"bu","13:18:18",9457900
4.82,-0.26,2000,"bu","13:18:16",9452500
4.82,-0.26,4000,"bu","13:18:14",9450500
4.82,-0.26,600,"bu","13:18:12",9446500
4.81,-0.27,5700,"sd","13:18:11",9445900
4.82,-0.26,3500,"bu","13:18:09",9440200
4.81,-0.27,20000,"sd","13:18:09",9436700
4.82,-0.26,3900,"sd","13:18:00",9416700
4.82,-0.26,2000,"sd","13:17:58",9412800
4.83,-0.25,1000,"bu","13:17:56",9410800
4.83,-0.25,100,"bu","13:17:53",9409800
4.83,-0.25,10000,"bu","13:17:45",9409700
4.83,-0.25,1800,"bu","13:17:43",9399700
4.83,-0.25,2000,"bu","13:17:38",9397900
4.83,-0.25,1000,"bu","13:17:35",9395900
4.83,-0.25,18800,"sd","13:17:23",9394900
4.83,-0.25,1000,"sd","13:17:22",9376100
4.83,-0.25,32600,"bu","13:17:20",9375100
4.82,-0.26,600,"bu","13:17:20",9342500
4.82,-0.26,4400,"sd","13:17:19",9341900
4.83,-0.25,200,"bu","13:17:15",9337500
4.83,-0.25,100,"bu","13:17:09",9337300
4.83,-0.25,1000,"bu","13:17:01",9337200
4.83,-0.25,400,"bu","13:16:56",9336200
4.82,-0.26,100,"bu","13:16:56",9335800
4.82,-0.26,100,"bu","13:16:54",9335700
4.82,-0.26,100,"bu","13:16:53",9335600
4.83,-0.25,100,"bu","13:16:45",9335500
4.83,-0.25,100,"bu","13:16:44",9335400
4.83,-0.25,100,"bu","13:16:42",9335300
4.83,-0.25,600,"bu","13:16:36",9335200
4.83,-0.25,2500,"bu","13:16:35",9334600
4.8,-0.28,99800,"sd","13:16:32",9332100
4.81,-0.27,200,"sd","13:16:32",9232300
4.84,-0.24,5000,"bu","13:16:28",9232100
4.83,-0.25,5000,"bu","13:16:28",9227100
4.83,-0.25,5000,"bu","13:16:27",9222100
4.8,-0.28,4500,"sd","13:16:23",9217100
4.81,-0.27,1000,"sd","13:16:23",9212600
4.82,-0.26,2000,"sd","13:16:23",9211600
4.83,-0.25,100,"sd","13:16:23",9209600
4.84,-0.24,2000,"bu","13:16:20",9209500
4.8,-0.28,35000,"sd","13:16:19",9207500
4.8,-0.28,91100,"sd","13:16:19",9172500
4.81,-0.27,171700,"sd","13:16:19",9081400
4.82,-0.26,11800,"sd","13:16:19",8909700
4.83,-0.25,25400,"sd","13:16:19",8897900
4.84,-0.24,500,"bu","13:16:16",8872500
4.84,-0.24,100,"bu","13:16:15",8872000
4.84,-0.24,200,"bu","13:16:14",8871900
4.84,-0.24,500,"bu","13:16:13",8871700
4.84,-0.24,1100,"bu","13:16:08",8871200
4.84,-0.24,1000,"bu","13:16:07",8870100
4.83,-0.25,600,"sd","13:16:07",8869100
4.84,-0.24,2200,"bu","13:16:06",8868500
4.83,-0.25,500,"sd","13:16:04",8866300
4.84,-0.24,100,"bu","13:16:04",8865800
4.84,-0.24,100,"bu","13:16:02",8865700
4.84,-0.24,100,"bu","13:16:01",8865600
4.83,-0.25,3200,"sd","13:16:00",8865500
4.83,-0.25,6000,"sd","13:15:58",8862300
4.83,-0.25,1000,"sd","13:15:57",8856300
4.83,-0.25,1000,"sd","13:15:56",8855300
4.83,-0.25,10000,"sd","13:15:54",8854300
4.83,-0.25,10800,"bu","13:15:51",8844300
4.83,-0.25,200,"bu","13:15:48",8833500
4.83,-0.25,100,"bu","13:15:48",8833300
4.83,-0.25,100,"bu","13:15:46",8833200
4.83,-0.25,400,"bu","13:15:44",8833100
4.83,-0.25,100,"bu","13:15:42",8832700
4.83,-0.25,2000,"bu","13:15:40",8832600
4.83,-0.25,200,"bu","13:15:30",8830600
4.83,-0.25,100,"bu","13:15:27",8830400
4.83,-0.25,1000,"bu","13:15:23",8830300
4.82,-0.26,700,"sd","13:15:22",8829300
4.83,-0.25,2000,"bu","13:15:21",8828600
4.82,-0.26,700,"sd","13:15:17",8826600
4.81,-0.27,1000,"sd","13:15:09",8825900
4.84,-0.24,3100,"bu","13:15:06",8824900
4.83,-0.25,900,"bu","13:15:06",8821800
4.81,-0.27,10000,"sd","13:15:06",8820900
4.81,-0.27,18600,"sd","13:15:03",8810900
4.84,-0.24,100,"bu","13:14:55",8792300
4.81,-0.27,5000,"sd","13:14:48",8792200
4.81,-0.27,5000,"sd","13:14:44",8787200
4.81,-0.27,8000,"sd","13:14:41",8782200
4.81,-0.27,47200,"sd","13:14:41",8774200
4.82,-0.26,3000,"sd","13:14:41",8727000
4.81,-0.27,200,"sd","13:14:40",8724000
4.84,-0.24,5100,"bu","13:14:34",8723800
4.83,-0.25,100,"bu","13:14:31",8713800
4.81,-0.27,3000,"sd","13:14:31",8713700
4.83,-0.25,100,"sd","13:14:30",8710700
4.81,-0.27,6400,"sd","13:14:26",8710600
4.81,-0.27,29700,"sd","13:14:26",8704200
4.82,-0.26,17000,"sd","13:14:26",8674500
4.83,-0.25,1900,"sd","13:14:26",8657500
4.82,-0.26,14600,"sd","13:14:25",8655600
4.83,-0.25,7400,"sd","13:14:25",8641000
4.84,-0.24,200,"bu","13:14:23",8633600
4.83,-0.25,5000,"sd","13:14:20",8633400
4.84,-0.24,5000,"bu","13:14:20",8628400
4.83,-0.25,5400,"sd","13:14:19",8623400
4.83,-0.25,600,"sd","13:14:18",8618000
4.84,-0.24,5000,"bu","13:14:18",8617400
4.84,-0.24,3100,"bu","13:14:17",8612400
4.84,-0.24,100,"bu","13:14:16",8609300
4.84,-0.24,5000,"bu","13:14:15",8609200
4.84,-0.24,3000,"bu","13:14:12",8604200
4.84,-0.24,300,"bu","13:14:10",8601200
4.84,-0.24,10100,"sd","13:14:07",8600900
4.85,-0.23,100,"bu","13:14:03",8590800
4.84,-0.24,3500,"sd","13:14:02",8590700
4.85,-0.23,600,"bu","13:13:59",8587200
4.85,-0.23,600,"bu","13:13:56",8586600
4.85,-0.23,5000,"bu","13:13:56",8586000
4.85,-0.23,100,"bu","13:13:52",8581000
4.85,-0.23,600,"bu","13:13:51",8580900
4.85,-0.23,500,"bu","13:13:50",8580300
4.85,-0.23,300,"bu","13:13:49",8579800
4.85,-0.23,1500,"bu","13:13:47",8579500
4.85,-0.23,5000,"bu","13:13:40",8578000
4.85,-0.23,26200,"sd","13:13:39",8573000
4.85,-0.23,20000,"sd","13:13:39",8546800
4.85,-0.23,34100,"sd","13:13:36",8526800
4.86,-0.22,100,"bu","13:13:34",8492700
4.86,-0.22,3000,"bu","13:13:32",8492600
4.86,-0.22,100,"bu","13:13:29",8489600
4.86,-0.22,3000,"bu","13:13:27",8489500
4.86,-0.22,200,"bu","13:13:22",8486500
4.86,-0.22,100,"bu","13:13:17",8486300
4.85,-0.23,4800,"sd","13:13:04",8486200
4.85,-0.23,33200,"sd","13:13:03",8481400
4.86,-0.22,100,"bu","13:12:57",8448200
4.86,-0.22,100,"bu","13:12:55",8448100
4.85,-0.23,600,"sd","13:12:54",8448000
4.86,-0.22,2000,"bu","13:12:50",8447400
4.86,-0.22,2000,"bu","13:12:49",8445400
4.86,-0.22,29100,"sd","13:12:38",8443400
4.86,-0.22,23100,"sd","13:12:26",8414300
4.87,-0.21,100,"bu","13:12:22",8391200
4.86,-0.22,500,"sd","13:12:17",8391100
4.87,-0.21,1000,"bu","13:12:13",8390600
4.86,-0.22,1000,"sd","13:12:12",8389600
4.87,-0.21,500,"bu","13:12:12",8388600
4.86,-0.22,200,"sd","13:12:11",8388100
4.86,-0.22,2000,"sd","13:12:06",8387900
4.86,-0.22,2200,"sd","13:12:05",8385900
4.86,-0.22,200,"sd","13:12:00",8383700
4.86,-0.22,66000,"sd","13:11:57",8383500
4.86,-0.22,3000,"sd","13:11:46",8317500
4.86,-0.22,1000,"sd","13:11:44",8314500
4.87,-0.21,100,"bu","13:11:41",8313500
4.86,-0.22,500,"sd","13:11:36",8313400
4.86,-0.22,300,"sd","13:11:35",8312900
4.87,-0.21,100,"bu","13:11:29",8312600
4.86,-0.22,500,"sd","13:11:26",8312500
4.86,-0.22,8600,"sd","13:11:23",8312000
4.86,-0.22,12500,"bu","13:11:08",8303400
4.86,-0.22,200,"bu","13:11:07",8290900
4.86,-0.22,2000,"bu","13:11:05",8290700
4.86,-0.22,3800,"sd","13:11:00",8288700
4.86,-0.22,500,"sd","13:10:56",8284900
4.86,-0.22,1000,"sd","13:10:55",8284400
4.86,-0.22,900,"sd","13:10:54",8283400
4.87,-0.21,100,"bu","13:10:53",8282500
4.86,-0.22,1600,"sd","13:10:48",8282400
4.86,-0.22,1700,"sd","13:10:47",8280800
4.86,-0.22,150000,"sd","13:10:43",8279100
4.87,-0.21,1300,"bu","13:10:42",8129100
4.87,-0.21,10000,"bu","13:10:41",8127800
4.87,-0.21,200,"bu","13:10:30",8117800
4.87,-0.21,1100,"bu","13:10:21",8117600
4.87,-0.21,100,"bu","13:10:20",8116500
4.87,-0.21,500,"bu","13:10:19",8116400
4.87,-0.21,30000,"bu","13:10:17",8115900
4.86,-0.22,100,"sd","13:10:15",8085900
4.87,-0.21,300,"bu","13:10:08",8085800
5.07,-0.01,1000,"bu","09:20:12",110000
5.07,-0.01,100,"bu","09:20:05",109000
5.07,-0.01,200,"bu","09:20:00",108900
5.07,-0.01,1400,"sd","09:19:43",108700
5.07,-0.01,19600,"sd","09:19:33",107300
5.07,-0.01,2000,"sd","09:19:18",87700
5.07,-0.01,300,"sd","09:18:42",85700
5.07,-0.01,600,"sd","09:18:35",85400
5.08,0,2000,"bu","09:18:35",84800
5.08,0,200,"bu","09:18:30",82800
5.08,0,200,"bu","09:18:28",82600
5.08,0,6500,"sd","09:18:24",82400
5.08,0,1000,"sd","09:18:23",75900
5.08,0,1000,"sd","09:18:07",74900
5.08,0,1000,"sd","09:17:18",73900
5.1,0.02,3600,"bu","09:17:13",72900
5.08,0,300,"sd","09:16:57",69300
5.1,0.02,10400,"bu","09:16:54",69000
5.08,0,2600,"bu","09:16:54",58600
5.07,-0.01,500,"sd","09:16:50",56000
4.87,-0.21,2900,"sd","13:08:33",7950100
4.88,-0.2,800,"bu","13:08:31",7947200
4.87,-0.21,44700,"sd","13:08:30",7946400
4.87,-0.21,300,"sd","13:08:30",7901700
4.87,-0.21,1000,"sd","13:08:20",7901400
4.87,-0.21,13000,"sd","13:08:15",7900400
4.87,-0.21,1000,"sd","13:08:13",7887400
4.87,-0.21,600,"sd","13:08:06",7886400
4.87,-0.21,200,"sd","13:08:00",7885800
4.87,-0.21,5500,"sd","13:07:59",7885600
4.87,-0.21,5000,"sd","13:07:43",7880100
4.87,-0.21,100000,"sd","13:07:41",7875100
4.88,-0.2,400,"bu","13:07:34",7775100
4.87,-0.21,1000,"sd","13:07:18",7774700
4.87,-0.21,2000,"sd","13:07:05",7773700
4.87,-0.21,100,"sd","13:07:04",7771700
4.87,-0.21,5100,"sd","13:06:45",7771600
4.88,-0.2,300,"bu","13:06:44",7766500
4.87,-0.21,1000,"sd","13:06:43",7766200
4.88,-0.2,100,"bu","13:06:43",7765200
4.87,-0.21,7000,"sd","13:06:36",7765100
4.87,-0.21,1900,"sd","13:06:25",7758100
4.87,-0.21,300,"sd","13:06:23",7756200
4.88,-0.2,9800,"bu","13:06:15",7755900
4.88,-0.2,300,"bu","13:06:08",7746100
4.88,-0.2,9000,"sd","13:06:03",7745800
4.88,-0.2,5000,"sd","13:05:59",7736800
4.88,-0.2,800,"sd","13:05:58",7731800
4.88,-0.2,2000,"sd","13:05:55",7731000
4.88,-0.2,5500,"sd","13:05:48",7729000
4.88,-0.2,500,"sd","13:05:47",7723500
4.88,-0.2,100,"sd","13:05:35",7723000
4.88,-0.2,400,"sd","13:05:30",7722900
4.88,-0.2,1200,"bu","13:05:24",7722500
4.88,-0.2,100,"bu","13:05:24",7721300
4.88,-0.2,600,"bu","13:05:19",7721200
4.88,-0.2,3100,"sd","13:05:18",7720600
4.88,-0.2,400,"sd","13:05:15",7717500
4.88,-0.2,6500,"bu","13:05:14",7717100
4.88,-0.2,200,"bu","13:05:08",7710600
4.87,-0.21,8900,"sd","13:05:03",7710400
4.88,-0.2,20000,"bu","13:05:02",7701500
4.87,-0.21,12600,"sd","13:05:01",7681500
4.87,-0.21,50000,"sd","13:04:57",7668900
4.88,-0.2,1000,"bu","13:04:54",7618900
4.88,-0.2,200,"bu","13:04:51",7617900
4.88,-0.2,200,"bu","13:04:49",7617700
4.88,-0.2,100,"bu","13:04:48",7617500
4.88,-0.2,100,"bu","13:04:45",7617400
4.87,-0.21,1200,"sd","13:04:42",7617300
4.88,-0.2,1000,"bu","13:04:39",7616100
4.88,-0.2,100,"bu","13:04:34",7615100
4.87,-0.21,6000,"sd","13:04:33",7615000
4.88,-0.2,600,"bu","13:04:32",7609000
4.87,-0.21,400,"sd","13:04:30",7608400
4.88,-0.2,500,"bu","13:04:27",7608000
4.88,-0.2,200,"bu","13:04:18",7607500
4.88,-0.2,10000,"bu","13:04:15",7607300
4.88,-0.2,500,"bu","13:04:07",7597300
4.88,-0.2,1000,"bu","13:04:05",7596800
4.88,-0.2,200,"bu","13:04:03",7595800
4.88,-0.2,500,"bu","13:04:00",7595600
4.88,-0.2,7500,"bu","13:03:59",7595100
4.88,-0.2,1000,"bu","13:03:56",7587600
4.88,-0.2,500,"bu","13:03:55",7586600
4.88,-0.2,2000,"bu","13:03:46",7586100
4.88,-0.2,500,"bu","13:03:40",7584100
4.87,-0.21,6500,"sd","13:03:40",7583600
4.88,-0.2,100,"bu","13:03:33",7577100
4.88,-0.2,300,"bu","13:03:22",7577000
4.88,-0.2,200,"bu","13:03:13",7576700
4.88,-0.2,1000,"bu","13:03:11",7576500
4.88,-0.2,100,"bu","13:03:06",7575500
4.88,-0.2,7700,"sd","13:03:05",7575400
4.89,-0.19,100,"bu","13:03:04",7567700
4.88,-0.2,6000,"sd","13:02:59",7567600
4.88,-0.2,500,"sd","13:02:51",7561600
4.88,-0.2,4000,"sd","13:02:43",7561100
4.88,-0.2,6000,"sd","13:02:42",7557100
4.89,-0.19,1000,"bu","13:02:36",7551100
4.88,-0.2,24800,"sd","13:02:35",7550100
4.89,-0.19,500,"bu","13:02:33",7525300
4.88,-0.2,500,"sd","13:02:32",7524800
4.88,-0.2,15000,"sd","13:02:21",7524300
4.89,-0.19,100,"bu","13:02:01",7509300
4.88,-0.2,400,"sd","13:01:51",7509200
4.88,-0.2,1000,"sd","13:01:28",7508800
4.89,-0.19,100,"bu","13:01:27",7507800
4.88,-0.2,35700,"bu","13:01:18",7507700
4.88,-0.2,2200,"bu","13:01:14",7472000
4.88,-0.2,200,"bu","13:01:11",7469800
4.88,-0.2,100,"bu","13:00:59",7469600
4.88,-0.2,2000,"bu","13:00:58",7469500
4.87,-0.21,13800,"sd","13:00:55",7467500
4.88,-0.2,17600,"sd","13:00:55",7453700
4.88,-0.2,100,"sd","13:00:52",7436100
4.88,-0.2,500,"sd","13:00:51",7436000
4.88,-0.2,10000,"sd","13:00:41",7435500
4.89,-0.19,10600,"bu","13:00:41",7425500
4.88,-0.2,6800,"sd","13:00:38",7414900
4.88,-0.2,200,"sd","13:00:33",7408100
4.88,-0.2,5000,"sd","13:00:31",7407900
4.89,-0.19,3000,"bu","13:00:28",7402400
4.89,-0.19,100,"bu","13:00:21",7399400
4.89,-0.19,1000,"bu","13:00:20",7399300
4.89,-0.19,700,"bu","13:00:17",7398300
4.89,-0.19,100,"bu","13:00:15",7397600
4.89,-0.19,1400,"sd","13:00:12",7397500
4.89,-0.19,2500,"bu","13:00:11",7396100
4.89,-0.19,1100,"bu","13:00:10",7393600
4.88,-0.2,7000,"sd","13:00:09",7392500
4.89,-0.19,1000,"sd","13:00:06",7385500
4.89,-0.19,1000,"sd","13:00:05",7384500
4.9,-0.18,400,"bu","13:00:05",7383500
4.89,-0.19,8800,"sd","13:00:05",7383100
4.89,-0.19,100,"sd","13:00:04",7374300
4.9,-0.18,300,"bu","13:00:04",7374200
4.89,-0.19,1000,"bu","13:00:04",7373900
4.89,-0.19,1500,"sd","13:00:02",7372900
4.89,-0.19,17600,"sd","13:00:01",7371400
4.9,-0.18,2500,"bu","13:00:01",7353800
4.89,-0.19,7100,"sd","13:00:01",7351300
4.89,-0.19,1500,"bu","11:29:46",7344200
4.89,-0.19,500,"sd","11:29:35",7342700
4.89,-0.19,1500,"bu","11:29:32",7342200
4.89,-0.19,2000,"bu","11:29:21",7340700
4.89,-0.19,1000,"bu","11:29:11",7338700
4.89,-0.19,1000,"bu","11:28:57",7337700
4.89,-0.19,300,"bu","11:28:56",7336700
4.89,-0.19,1000,"bu","11:28:51",7336400
4.89,-0.19,200,"sd","11:28:40",7335400
4.89,-0.19,200,"sd","11:28:36",7335200
4.89,-0.19,400,"sd","11:28:27",7335000
4.89,-0.19,500,"bu","11:28:16",7334600
4.88,-0.2,9300,"sd","11:28:13",7334100
4.9,-0.18,7000,"bu","11:28:03",7324800
4.88,-0.2,90500,"sd","11:27:52",7317800
4.89,-0.19,13700,"sd","11:27:52",7227300
4.89,-0.19,4300,"sd","11:27:50",7213600
4.89,-0.19,1000,"sd","11:27:49",7209300
4.9,-0.18,10000,"bu","11:27:42",7208300
4.9,-0.18,1500,"bu","11:27:35",7198300
4.9,-0.18,500,"bu","11:27:34",7196800
4.89,-0.19,10000,"sd","11:27:34",7196300
4.9,-0.18,500,"bu","11:27:30",7186300
4.9,-0.18,9800,"bu","11:27:15",7185800
4.9,-0.18,10000,"bu","11:27:10",7176000
4.9,-0.18,200,"bu","11:27:09",7166000
4.9,-0.18,500,"bu","11:26:57",7165800
4.89,-0.19,6000,"sd","11:26:32",7165300
4.9,-0.18,800,"bu","11:26:26",7159300
4.89,-0.19,1000,"sd","11:26:25",7158500
4.89,-0.19,2000,"sd","11:26:21",7157500
4.89,-0.19,1200,"sd","11:26:19",7155500
4.89,-0.19,10200,"bu","11:26:10",7154300
4.89,-0.19,500,"bu","11:26:07",7144100
4.88,-0.2,1000,"sd","11:26:06",7143600
4.89,-0.19,200,"bu","11:26:04",7142600
4.89,-0.19,1000,"bu","11:26:02",7142400
4.89,-0.19,2000,"sd","11:25:57",7141400
4.89,-0.19,300,"bu","11:25:44",7139400
4.89,-0.19,400,"bu","11:25:37",7139100
4.89,-0.19,49300,"sd","11:25:36",7138700
4.9,-0.18,200,"bu","11:25:31",7089400
4.9,-0.18,100,"bu","11:25:30",7089200
4.9,-0.18,300,"bu","11:25:28",7089100
4.9,-0.18,500,"bu","11:25:21",7088800
4.9,-0.18,100,"bu","11:25:06",7088300
4.9,-0.18,100,"bu","11:25:05",7088200
4.9,-0.18,2000,"bu","11:25:03",7088100
4.89,-0.19,100,"sd","11:25:01",7086100
4.9,-0.18,100,"bu","11:24:53",7086000
4.89,-0.19,500,"sd","11:24:41",7085900
4.9,-0.18,500,"bu","11:24:31",7085400
4.9,-0.18,2800,"bu","11:24:29",7084900
4.9,-0.18,2000,"bu","11:24:28",7082100
4.9,-0.18,1000,"bu","11:24:26",7080100
4.9,-0.18,1000,"bu","11:24:22",7079100
4.9,-0.18,200,"bu","11:24:13",7078100
4.9,-0.18,500,"bu","11:24:08",7077900
4.9,-0.18,1000,"bu","11:24:04",7077400
4.9,-0.18,1000,"bu","11:24:01",7076400
4.9,-0.18,3900,"bu","11:23:58",7075400
4.9,-0.18,100,"bu","11:23:56",7071500
4.9,-0.18,1500,"sd","11:23:48",7071400
4.9,-0.18,1000,"sd","11:23:28",7069900
4.9,-0.18,2000,"sd","11:23:23",7068900
4.9,-0.18,1500,"bu","11:23:17",7066900
4.9,-0.18,1500,"bu","11:23:15",7065400
4.9,-0.18,1000,"bu","11:23:05",7063900
4.89,-0.19,34400,"sd","11:23:01",7062900
4.9,-0.18,15600,"sd","11:23:01",7028500
4.9,-0.18,7000,"sd","11:22:56",7012900
4.9,-0.18,200,"sd","11:22:52",7005900
4.9,-0.18,900,"sd","11:22:49",7005700
4.9,-0.18,4000,"sd","11:22:48",7004800
4.9,-0.18,500,"sd","11:22:45",7000800
4.9,-0.18,10200,"sd","11:22:40",7000300
4.9,-0.18,800,"sd","11:22:37",6990100
4.9,-0.18,29400,"sd","11:22:33",6989300
4.9,-0.18,70600,"sd","11:22:32",6959900
4.9,-0.18,8000,"sd","11:22:28",6889300
4.9,-0.18,1000,"sd","11:22:20",6881300
4.91,-0.17,3500,"bu","11:22:15",6880300
4.9,-0.18,2500,"sd","11:22:11",6876800
4.9,-0.18,10000,"sd","11:22:09",6874300
4.9,-0.18,1000,"sd","11:22:08",6864300
4.91,-0.17,100,"bu","11:22:08",6863300
4.91,-0.17,500,"bu","11:22:06",6863200
4.9,-0.18,10000,"sd","11:22:03",6862700
4.9,-0.18,300,"sd","11:22:02",6852700
4.91,-0.17,500,"bu","11:21:57",6852400
4.9,-0.18,1000,"sd","11:21:50",6851900
4.91,-0.17,1000,"bu","11:21:48",6850900
4.9,-0.18,2500,"sd","11:21:43",6849900
4.91,-0.17,100,"bu","11:21:38",6847400
4.91,-0.17,500,"bu","11:21:38",6847300
4.9,-0.18,200,"sd","11:21:36",6846800
4.9,-0.18,500,"sd","11:21:23",6846600
4.91,-0.17,1000,"bu","11:21:22",6846100
4.9,-0.18,5000,"sd","11:21:21",6845100
4.91,-0.17,100,"bu","11:21:12",6840100
4.91,-0.17,7000,"sd","11:21:12",6840000
4.91,-0.17,2800,"sd","11:21:11",6833000
4.91,-0.17,2700,"bu","11:20:56",6830200
4.91,-0.17,1400,"bu","11:20:53",6827500
4.91,-0.17,1000,"bu","11:20:51",6826100
4.91,-0.17,500,"bu","11:20:44",6825100
4.91,-0.17,500,"bu","11:20:41",6824600
4.9,-0.18,8100,"sd","11:20:41",6824100
4.9,-0.18,1000,"sd","11:20:40",6816000
4.91,-0.17,300,"bu","11:20:39",6815000
4.9,-0.18,100,"sd","11:20:35",6814700
4.91,-0.17,500,"bu","11:20:33",6814600
4.91,-0.17,10000,"bu","11:20:32",6814100
4.91,-0.17,18500,"sd","11:20:24",6804100
4.91,-0.17,200,"sd","11:20:18",6785600
4.91,-0.17,6900,"sd","11:19:58",6785400
4.91,-0.17,500,"sd","11:19:50",6778500
4.92,-0.16,2000,"bu","11:19:44",6778000
4.91,-0.17,20700,"sd","11:19:27",6776000
4.91,-0.17,39700,"sd","11:19:17",6755300
4.92,-0.16,300,"sd","11:19:17",6715600
4.92,-0.16,500,"sd","11:19:14",6715300
4.92,-0.16,100,"sd","11:19:09",6714800
4.92,-0.16,3000,"sd","11:19:08",6714700
4.92,-0.16,4000,"sd","11:18:48",6711700
4.93,-0.15,200,"bu","11:18:34",6707700
4.93,-0.15,400,"bu","11:18:33",6707500
4.92,-0.16,100,"sd","11:18:32",6707100
4.92,-0.16,3800,"sd","11:18:17",6707000
4.92,-0.16,300,"sd","11:18:10",6703200
4.92,-0.16,2400,"sd","11:18:05",6702900
4.92,-0.16,1000,"sd","11:18:02",6700500
4.92,-0.16,200,"sd","11:17:53",6699500
4.93,-0.15,300,"bu","11:17:34",6699300
4.93,-0.15,200,"bu","11:17:16",6699000
4.93,-0.15,100,"bu","11:17:15",6698800
4.93,-0.15,100,"bu","11:17:12",6698700
4.93,-0.15,300,"bu","11:17:12",6698600
4.93,-0.15,100,"bu","11:16:11",6698300
4.91,-0.17,2000,"sd","11:16:09",6698200
4.91,-0.17,5000,"sd","11:15:58",6696200
4.91,-0.17,1400,"sd","11:15:03",6691200
4.93,-0.15,4600,"sd","11:15:03",6689800
4.93,-0.15,4900,"bu","11:14:28",6685200
4.93,-0.15,100,"bu","11:14:19",6680300
4.91,-0.17,3400,"sd","11:14:15",6680200
4.92,-0.16,6600,"sd","11:14:15",6676800
4.93,-0.15,500,"bu","11:14:03",6670200
4.93,-0.15,12400,"sd","11:13:53",6669700
4.93,-0.15,5000,"sd","11:13:34",6657300
4.93,-0.15,5000,"sd","11:13:33",6652300
4.93,-0.15,100,"sd","11:13:19",6647300
4.93,-0.15,2100,"sd","11:13:14",6647200
4.93,-0.15,2200,"sd","11:12:54",6645100
4.93,-0.15,200,"bu","11:12:53",6642900
4.93,-0.15,10000,"bu","11:12:51",6642700
4.92,-0.16,2700,"bu","11:12:34",6632700
4.91,-0.17,15000,"sd","11:12:33",6630000
4.92,-0.16,8400,"sd","11:12:18",6615000
4.92,-0.16,1600,"bu","11:12:16",6606600
4.92,-0.16,2000,"bu","11:12:13",6605000
4.92,-0.16,800,"bu","11:12:06",6603000
4.92,-0.16,500,"bu","11:11:53",6602200
4.92,-0.16,200,"bu","11:11:47",6601700
4.92,-0.16,100,"bu","11:11:47",6601500
4.91,-0.17,900,"sd","11:11:29",6601400
4.92,-0.16,100,"bu","11:11:28",6600500
4.91,-0.17,100,"sd","11:11:19",6600400
4.92,-0.16,16200,"bu","11:11:13",6600300
4.91,-0.17,700,"bu","11:11:07",6584100
4.9,-0.18,2500,"sd","11:11:04",6583400
4.91,-0.17,100,"bu","11:10:54",6580900
4.91,-0.17,200,"sd","11:10:52",6580800
4.91,-0.17,200,"bu","11:10:39",6580600
4.92,-0.16,9700,"bu","11:10:31",6580400
4.91,-0.17,300,"bu","11:10:31",6570700
4.91,-0.17,300,"bu","11:10:28",6570400
4.91,-0.17,100,"bu","11:10:15",6570100
4.9,-0.18,1900,"bu","11:10:15",6570000
4.9,-0.18,500,"bu","11:10:13",6568100
4.9,-0.18,500,"bu","11:10:13",6567600
4.9,-0.18,100,"bu","11:10:12",6567100
4.9,-0.18,24500,"sd","11:10:08",6567000
4.91,-0.17,500,"bu","11:10:08",6542500
4.91,-0.17,500,"bu","11:10:02",6542000
4.9,-0.18,2800,"sd","11:09:55",6541500
4.9,-0.18,900,"sd","11:09:50",6538700
4.9,-0.18,500,"sd","11:09:26",6537800
4.9,-0.18,100,"sd","11:09:18",6537300
4.9,-0.18,4300,"bu","11:09:15",6537200
4.9,-0.18,100,"bu","11:09:14",6532900
4.9,-0.18,1000,"bu","11:09:13",6532800
4.9,-0.18,3000,"bu","11:09:12",6531800
4.9,-0.18,100,"bu","11:09:08",6528800
4.9,-0.18,1000,"bu","11:09:06",6528700
4.9,-0.18,2000,"bu","11:08:58",6527700
4.9,-0.18,4000,"sd","11:08:49",6525700
4.89,-0.19,2800,"sd","11:08:37",6521700
4.9,-0.18,1300,"sd","11:08:37",6518900
4.9,-0.18,8800,"bu","11:08:37",6517600
4.9,-0.18,900,"bu","11:08:36",6508800
4.9,-0.18,2000,"bu","11:08:31",6507900
4.9,-0.18,3000,"bu","11:08:25",6505900
4.9,-0.18,500,"bu","11:08:23",6502900
4.9,-0.18,1900,"bu","11:08:20",6502400
4.89,-0.19,5000,"sd","11:08:17",6500500
4.9,-0.18,100,"bu","11:08:13",6495500
4.9,-0.18,2000,"bu","11:08:06",6495400
4.9,-0.18,1000,"bu","11:08:03",6493400
4.9,-0.18,1000,"bu","11:08:00",6492400
4.9,-0.18,81800,"sd","11:07:58",6491400
4.9,-0.18,59900,"sd","11:07:48",6409600
4.91,-0.17,38000,"sd","11:07:48",6349700
4.92,-0.16,2100,"sd","11:07:48",6311700
4.93,-0.15,2000,"bu","11:07:47",6309600
4.9,-0.18,28000,"sd","11:06:53",6307600
4.91,-0.17,1000,"sd","11:06:53",6279600
4.92,-0.16,1000,"sd","11:06:53",6278600
4.91,-0.17,12000,"sd","11:06:47",6277600
4.94,-0.14,17800,"bu","11:06:45",6265600
4.93,-0.15,400,"bu","11:06:45",6247800
4.92,-0.16,1800,"bu","11:06:45",6247400
4.92,-0.16,2300,"bu","11:06:43",6245600
4.92,-0.16,200,"bu","11:06:42",6243300
4.92,-0.16,200,"bu","11:06:38",6243100
4.92,-0.16,3000,"bu","11:06:29",6242900
4.9,-0.18,9900,"sd","11:06:28",6239900
4.91,-0.17,100,"sd","11:06:28",6230000
4.9,-0.18,300000,"sd","11:06:21",6229900
4.92,-0.16,6500,"bu","11:06:17",5929900
4.9,-0.18,2000,"sd","11:06:11",5923400
4.9,-0.18,5900,"sd","11:06:10",5921400
4.91,-0.17,142700,"sd","11:06:10",5915500
4.92,-0.16,51400,"sd","11:06:10",5772800
4.92,-0.16,2000,"sd","11:06:07",5721400
4.93,-0.15,5000,"bu","11:06:05",5719400
4.92,-0.16,400,"sd","11:06:02",5714400
4.92,-0.16,15000,"sd","11:05:51",5714000
4.92,-0.16,44600,"sd","11:05:38",5699000
4.92,-0.16,400,"sd","11:05:24",5654400
4.92,-0.16,200,"sd","11:05:20",5654000
4.92,-0.16,50000,"sd","11:05:14",5653800
4.92,-0.16,4000,"sd","11:05:05",5603800
4.92,-0.16,5000,"sd","11:05:02",5599800
4.92,-0.16,100,"sd","11:04:59",5594800
4.92,-0.16,2000,"sd","11:04:58",5594700
4.93,-0.15,10000,"bu","11:04:57",5592700
4.92,-0.16,2000,"sd","11:04:55",5582700
4.92,-0.16,700,"sd","11:04:40",5580700
4.93,-0.15,1000,"bu","11:04:39",5580000
4.93,-0.15,1000,"bu","11:04:35",5579000
4.92,-0.16,300,"sd","11:04:32",5578000
4.93,-0.15,5000,"bu","11:04:27",5577700
4.92,-0.16,19400,"sd","11:04:27",5572700
4.92,-0.16,34600,"sd","11:04:27",5553300
4.93,-0.15,2100,"bu","11:04:20",5518700
4.92,-0.16,40900,"sd","11:04:18",5516600
4.92,-0.16,1700,"sd","11:04:17",5475700
4.93,-0.15,500,"bu","11:04:11",5474000
4.93,-0.15,7400,"bu","11:04:10",5473500
4.93,-0.15,1000,"bu","11:04:03",5466100
4.92,-0.16,500,"sd","11:04:02",5465100
4.93,-0.15,500,"bu","11:03:59",5464600
4.92,-0.16,500,"sd","11:03:56",5464100
4.93,-0.15,500,"bu","11:03:49",5463600
4.93,-0.15,500,"bu","11:03:32",5463100
4.93,-0.15,100,"bu","11:03:31",5462600
4.93,-0.15,1500,"sd","11:03:30",5462500
4.93,-0.15,8500,"bu","11:03:27",5461000
4.93,-0.15,100,"bu","11:03:22",5452500
4.93,-0.15,5000,"bu","11:03:20",5452400
4.93,-0.15,1000,"bu","11:03:17",5447400
4.93,-0.15,500,"bu","11:03:12",5446400
4.93,-0.15,1000,"bu","11:03:07",5445900
4.93,-0.15,500,"bu","11:03:05",5444900
4.93,-0.15,1000,"bu","11:03:04",5444400
4.93,-0.15,10000,"bu","11:03:00",5443400
4.93,-0.15,3000,"bu","11:02:52",5433400
4.93,-0.15,5000,"bu","11:02:44",5430400
4.93,-0.15,100,"bu","11:02:37",5425400
4.93,-0.15,10000,"bu","11:02:36",5425300
4.93,-0.15,5000,"bu","11:02:33",5415300
4.93,-0.15,1000,"bu","11:02:28",5410300
4.93,-0.15,1600,"bu","11:02:27",5409300
4.93,-0.15,100,"bu","11:02:24",5407700
4.93,-0.15,10000,"bu","11:02:21",5407600
4.93,-0.15,1000,"bu","11:02:16",5397600
4.93,-0.15,300,"bu","11:02:14",5396600
4.93,-0.15,500,"bu","11:02:10",5396300
4.93,-0.15,3000,"bu","11:02:09",5395800
4.93,-0.15,500,"bu","11:02:03",5392800
4.93,-0.15,1000,"bu","11:02:01",5392300
4.93,-0.15,100,"bu","11:01:55",5391300
4.93,-0.15,4300,"bu","11:01:49",5391200
4.93,-0.15,400,"bu","11:01:43",5386900
4.93,-0.15,500,"bu","11:01:39",5386500
4.93,-0.15,500,"bu","11:01:35",5386000
4.93,-0.15,10000,"bu","11:01:34",5385500
4.93,-0.15,100,"bu","11:01:33",5375500
4.92,-0.16,100,"sd","11:01:31",5375400
4.93,-0.15,1000,"bu","11:01:27",5375300
4.93,-0.15,1800,"bu","11:01:26",5374300
4.93,-0.15,300,"bu","11:01:13",5372500
4.93,-0.15,1000,"bu","11:00:51",5372200
4.93,-0.15,2000,"bu","11:00:39",5371200
4.93,-0.15,27900,"sd","11:00:36",5369200
4.94,-0.14,50000,"bu","11:00:33",5341300
4.93,-0.15,3200,"sd","11:00:31",5291300
4.93,-0.15,35400,"sd","11:00:12",5288100
4.93,-0.15,500,"sd","11:00:11",5252700
4.93,-0.15,18300,"sd","11:00:10",5252200
4.94,-0.14,23300,"sd","10:59:51",5233900
4.94,-0.14,42400,"sd","10:59:48",5210600
4.94,-0.14,500,"sd","10:59:25",5168200
4.94,-0.14,12200,"sd","10:59:17",5167700
4.95,-0.13,100,"bu","10:59:16",5155500
4.95,-0.13,100,"bu","10:59:15",5155400
4.94,-0.14,4500,"sd","10:59:02",5155300
4.95,-0.13,5000,"bu","10:58:56",5150800
4.95,-0.13,5200,"bu","10:58:48",5145800
4.95,-0.13,100,"bu","10:58:44",5140600
4.95,-0.13,500,"bu","10:58:42",5140500
4.95,-0.13,5000,"bu","10:58:39",5140000
4.95,-0.13,1600,"bu","10:58:38",5135000
4.95,-0.13,6800,"bu","10:58:29",5133400
4.95,-0.13,100,"bu","10:58:06",5126600
4.95,-0.13,1000,"bu","10:57:52",5126500
4.95,-0.13,100,"bu","10:57:50",5125500
4.95,-0.13,100,"bu","10:57:35",5125400
4.95,-0.13,100,"bu","10:57:32",5125300
4.95,-0.13,3300,"bu","10:57:18",5125200
4.94,-0.14,200,"sd","10:57:17",5121900
4.94,-0.14,2000,"sd","10:57:02",5121700
4.95,-0.13,200,"bu","10:57:01",5119700
4.94,-0.14,1200,"sd","10:56:57",5119500
4.95,-0.13,500,"bu","10:56:47",5118300
4.94,-0.14,2500,"sd","10:56:33",5117800
4.95,-0.13,100,"bu","10:56:26",5115300
4.95,-0.13,500,"bu","10:56:03",5115200
4.95,-0.13,100,"bu","10:56:02",5114700
4.95,-0.13,100,"bu","10:55:53",5114600
4.95,-0.13,100,"bu","10:55:50",5114500
4.95,-0.13,200,"bu","10:55:49",5114400
4.95,-0.13,500,"bu","10:55:47",5114200
4.95,-0.13,100,"bu","10:55:41",5113700
4.95,-0.13,5000,"bu","10:55:34",5113600
4.95,-0.13,2500,"bu","10:55:32",5108600
4.95,-0.13,4500,"bu","10:55:26",5106100
4.95,-0.13,300,"bu","10:55:23",5101600
4.95,-0.13,2000,"bu","10:55:15",5101300
4.95,-0.13,300,"bu","10:55:11",5099300
4.95,-0.13,3500,"bu","10:55:08",5099000
4.95,-0.13,500,"bu","10:55:04",5095500
4.95,-0.13,10000,"bu","10:54:59",5095000
4.95,-0.13,100,"bu","10:54:56",5085000
4.95,-0.13,1800,"bu","10:54:45",5084900
4.95,-0.13,1000,"bu","10:54:36",5083100
4.95,-0.13,200,"bu","10:54:35",5082100
4.95,-0.13,100,"bu","10:54:33",5081900
4.95,-0.13,500,"bu","10:54:18",5081800
4.94,-0.14,3000,"sd","10:54:14",5081300
4.95,-0.13,500,"bu","10:54:07",5078300
4.95,-0.13,100,"bu","10:53:50",5077800
4.95,-0.13,3000,"bu","10:53:49",5077700
4.95,-0.13,100,"bu","10:53:45",5074700
4.95,-0.13,300,"bu","10:53:43",5074600
4.95,-0.13,2000,"bu","10:53:39",5074300
4.95,-0.13,2000,"bu","10:53:37",5072300
4.95,-0.13,1000,"bu","10:53:36",5070300
4.95,-0.13,2000,"bu","10:53:24",5069300
4.95,-0.13,400,"bu","10:53:23",5067300
4.95,-0.13,400,"bu","10:53:19",5066900
4.95,-0.13,2500,"bu","10:53:06",5066500
4.94,-0.14,200,"sd","10:52:45",5064000
4.95,-0.13,10000,"bu","10:52:44",5063800
4.94,-0.14,2000,"sd","10:52:36",5053800
4.95,-0.13,2500,"bu","10:52:36",5051800
4.95,-0.13,1100,"bu","10:52:13",5049300
4.95,-0.13,1000,"bu","10:51:57",5048200
4.95,-0.13,5000,"bu","10:51:51",5047200
4.95,-0.13,1000,"bu","10:51:48",5042200
4.95,-0.13,100,"bu","10:51:37",5041200
4.95,-0.13,400,"bu","10:51:19",5041100
4.95,-0.13,1000,"bu","10:51:17",5040700
4.95,-0.13,1000,"bu","10:51:13",5039700
4.95,-0.13,11900,"bu","10:51:10",5038700
4.95,-0.13,1000,"bu","10:51:01",5026800
4.94,-0.14,21300,"sd","10:50:54",5025800
4.95,-0.13,500,"bu","10:50:50",5004500
4.95,-0.13,200,"bu","10:50:45",5004000
4.95,-0.13,200,"bu","10:50:43",5003800
4.95,-0.13,100,"bu","10:50:32",5003600
4.95,-0.13,500,"bu","10:50:28",5003500
4.95,-0.13,2000,"bu","10:50:16",5003000
4.95,-0.13,10600,"sd","10:50:13",5001000
4.95,-0.13,10000,"sd","10:49:55",4990400
4.96,-0.12,3800,"bu","10:49:38",4980400
4.95,-0.13,400,"sd","10:49:36",4976600
4.96,-0.12,1000,"bu","10:49:35",4976200
4.95,-0.13,3000,"sd","10:49:26",4975200
4.96,-0.12,300,"bu","10:48:53",4972200
4.95,-0.13,1000,"sd","10:48:51",4971900
4.95,-0.13,8400,"sd","10:48:49",4970900
4.96,-0.12,1000,"bu","10:48:38",4962500
4.96,-0.12,2000,"bu","10:48:31",4961500
4.96,-0.12,700,"sd","10:48:13",4959500
4.96,-0.12,300,"bu","10:48:12",4958800
4.96,-0.12,2200,"sd","10:48:01",4958500
4.96,-0.12,1800,"sd","10:47:52",4956300
4.96,-0.12,16600,"sd","10:47:51",4954500
4.96,-0.12,5000,"sd","10:47:11",4937900
4.96,-0.12,1100,"sd","10:47:09",4932900
4.96,-0.12,3000,"sd","10:46:47",4931800
4.96,-0.12,1000,"sd","10:46:30",4928800
4.96,-0.12,1100,"bu","10:46:25",4927800
4.96,-0.12,100,"bu","10:46:13",4926700
4.96,-0.12,29200,"sd","10:46:06",4926600
4.97,-0.11,3000,"bu","10:46:06",4897400
4.96,-0.12,2000,"sd","10:46:06",4894400
4.97,-0.11,100,"bu","10:45:54",4892400
4.96,-0.12,11200,"bu","10:45:39",4892300
4.95,-0.13,4700,"sd","10:45:28",4881100
4.95,-0.13,9700,"sd","10:45:17",4876100
4.96,-0.12,300,"sd","10:45:17",4866400
4.95,-0.13,5000,"sd","10:45:05",4866100
4.95,-0.13,500,"sd","10:45:04",4861100
4.95,-0.13,3000,"sd","10:45:02",4860600
4.95,-0.13,1700,"sd","10:44:58",4857600
4.95,-0.13,1000,"sd","10:44:26",4855900
4.97,-0.11,400,"bu","10:44:04",4854900
4.97,-0.11,200,"bu","10:44:03",4854500
4.94,-0.14,16000,"sd","10:43:52",4854300
4.95,-0.13,86000,"sd","10:43:52",4838300
4.96,-0.12,48000,"sd","10:43:52",4752300
4.97,-0.11,100,"bu","10:43:51",4704300
4.97,-0.11,100,"bu","10:43:43",4704200
4.97,-0.11,700,"bu","10:43:38",4704100
4.97,-0.11,100,"bu","10:43:36",4703400
4.97,-0.11,100,"bu","10:43:32",4703300
4.96,-0.12,2900,"sd","10:43:28",4703200
4.97,-0.11,100,"bu","10:43:25",4700300
4.97,-0.11,2000,"bu","10:43:21",4700200
4.96,-0.12,1000,"sd","10:43:10",4698200
4.97,-0.11,200,"bu","10:43:08",4697200
4.97,-0.11,1000,"bu","10:43:06",4697000
4.97,-0.11,500,"sd","10:42:42",4696000
4.97,-0.11,1000,"bu","10:42:39",4695500
4.97,-0.11,19000,"sd","10:42:37",4694500
4.97,-0.11,3000,"sd","10:42:27",4675500
4.97,-0.11,700,"sd","10:42:05",4672500
4.97,-0.11,100,"sd","10:41:36",4671800
4.97,-0.11,3800,"sd","10:41:04",4671700
4.97,-0.11,200,"bu","10:41:00",4667900
4.97,-0.11,100,"bu","10:40:59",4667700
4.97,-0.11,1000,"bu","10:40:48",4667600
4.97,-0.11,400,"bu","10:40:46",4666600
4.97,-0.11,4000,"bu","10:40:40",4666200
4.96,-0.12,100,"sd","10:40:33",4662200
4.96,-0.12,6000,"sd","10:40:16",4662100
4.96,-0.12,100,"sd","10:40:02",4656100
4.96,-0.12,16600,"bu","10:39:58",4656000
4.96,-0.12,1000,"bu","10:39:53",4639400
4.96,-0.12,500,"bu","10:39:52",4638400
4.96,-0.12,500,"bu","10:39:44",4637900
4.96,-0.12,100,"bu","10:39:43",4637400
4.95,-0.13,2000,"sd","10:39:42",4637300
4.96,-0.12,1000,"bu","10:39:39",4635300
4.96,-0.12,9400,"bu","10:39:34",4634300
4.96,-0.12,100,"bu","10:39:31",4624900
4.96,-0.12,400,"bu","10:39:28",4624800
4.96,-0.12,100,"bu","10:39:26",4624400
4.96,-0.12,100,"bu","10:39:21",4624300
4.96,-0.12,300,"bu","10:39:20",4624200
4.96,-0.12,5000,"bu","10:39:16",4623900
4.96,-0.12,100,"bu","10:39:13",4618900
4.96,-0.12,700,"bu","10:39:09",4618800
4.96,-0.12,10000,"bu","10:38:53",4618100
4.95,-0.13,15000,"sd","10:38:45",4608100
4.96,-0.12,1000,"bu","10:38:44",4593100
4.96,-0.12,500,"bu","10:38:38",4592100
4.96,-0.12,1000,"bu","10:38:36",4591600
4.95,-0.13,15000,"sd","10:38:30",4590600
4.96,-0.12,2000,"sd","10:38:20",4575600
4.97,-0.11,600,"bu","10:38:12",4573600
4.95,-0.13,4500,"sd","10:38:06",4573000
4.96,-0.12,51400,"sd","10:38:06",4568500
4.97,-0.11,400,"bu","10:37:50",4517100
4.96,-0.12,2600,"sd","10:37:43",4516700
4.97,-0.11,100,"bu","10:37:42",4514100
4.97,-0.11,1000,"bu","10:37:39",4514000
4.97,-0.11,2100,"bu","10:37:38",4513000
4.97,-0.11,3000,"bu","10:37:36",4510900
4.97,-0.11,10000,"bu","10:37:34",4507900
4.96,-0.12,3200,"sd","10:37:34",4497900
4.97,-0.11,300,"bu","10:37:29",4494700
4.96,-0.12,8500,"sd","10:37:26",4494400
4.97,-0.11,300,"bu","10:37:22",4485900
4.96,-0.12,600,"sd","10:37:20",4485600
4.97,-0.11,3000,"bu","10:37:14",4485000
4.97,-0.11,5500,"bu","10:37:07",4482000
4.97,-0.11,200,"bu","10:36:47",4476500
4.97,-0.11,100,"bu","10:36:41",4476300
4.97,-0.11,22800,"sd","10:36:37",4476200
4.98,-0.1,400,"bu","10:36:37",4453400
4.97,-0.11,4000,"sd","10:36:35",4453000
4.98,-0.1,3400,"sd","10:36:33",4449000
4.98,-0.1,4600,"bu","10:36:31",4445600
4.98,-0.1,300,"bu","10:36:09",4441000
4.97,-0.11,200,"sd","10:36:09",4440700
4.98,-0.1,100,"bu","10:36:07",4440500
4.97,-0.11,16900,"sd","10:36:05",4440400
4.98,-0.1,3100,"sd","10:36:05",4423500
4.98,-0.1,3000,"sd","10:36:01",4420400
4.98,-0.1,40000,"sd","10:35:52",4417400
4.99,-0.09,200,"bu","10:35:50",4377400
4.99,-0.09,4300,"sd","10:35:23",4377200
4.99,-0.09,5000,"sd","10:35:22",4372900
4.99,-0.09,200,"sd","10:35:19",4367900
4.99,-0.09,10000,"sd","10:35:14",4367700
5,-0.08,2000,"bu","10:35:13",4357700
4.99,-0.09,25000,"sd","10:35:11",4355700
5,-0.08,500,"bu","10:35:08",4330700
4.99,-0.09,15000,"sd","10:35:01",4330200
5,-0.08,500,"bu","10:34:59",4315200
5,-0.08,500,"bu","10:34:40",4314700
4.99,-0.09,1000,"sd","10:34:33",4314200
5,-0.08,100,"bu","10:34:16",4313200
4.99,-0.09,500,"sd","10:34:02",4313100
4.99,-0.09,200,"sd","10:33:39",4312600
4.99,-0.09,200,"sd","10:33:11",4312400
5,-0.08,10000,"bu","10:33:06",4312200
5,-0.08,4500,"bu","10:33:01",4302200
5,-0.08,33800,"sd","10:32:52",4297700
5,-0.08,34200,"sd","10:32:52",4263900
5,-0.08,300,"sd","10:32:46",4229700
5,-0.08,5000,"sd","10:32:44",4229400
5,-0.08,200,"sd","10:32:24",4224400
5.01,-0.07,3600,"bu","10:32:20",4224200
5,-0.08,100,"sd","10:31:41",4220600
5.01,-0.07,100,"bu","10:31:36",4220500
5.01,-0.07,2000,"bu","10:31:12",4220400
5,-0.08,6000,"sd","10:31:06",4218400
5,-0.08,5000,"sd","10:31:02",4212400
5,-0.08,2000,"sd","10:30:47",4207400
5,-0.08,1300,"bu","10:30:09",4205400
5,-0.08,3000,"bu","10:30:04",4204100
5,-0.08,1000,"bu","10:30:00",4201100
5,-0.08,1000,"bu","10:29:46",4200100
5,-0.08,2000,"bu","10:29:28",4199100
5,-0.08,22300,"bu","10:29:25",4197100
5,-0.08,500,"bu","10:29:03",4174800
5,-0.08,5000,"bu","10:29:02",4174300
4.99,-0.09,5000,"sd","10:28:49",4169300
5,-0.08,22900,"bu","10:28:45",4164300
4.99,-0.09,500,"sd","10:28:36",4141400
4.99,-0.09,2300,"sd","10:28:26",4140900
4.99,-0.09,3000,"sd","10:28:14",4138600
5,-0.08,1000,"bu","10:28:11",4135600
5,-0.08,500,"bu","10:28:03",4134600
5,-0.08,100,"bu","10:28:03",4134100
5,-0.08,100,"bu","10:27:52",4134000
5,-0.08,4500,"sd","10:27:32",4133900
5,-0.08,1000,"sd","10:27:19",4129400
5.01,-0.07,2000,"bu","10:27:11",4128400
5,-0.08,9700,"bu","10:26:42",4126400
5,-0.08,3000,"bu","10:26:40",4116700
5,-0.08,8000,"bu","10:26:37",4113700
5,-0.08,5000,"bu","10:26:36",4105700
5,-0.08,400,"bu","10:26:35",4100700
5,-0.08,700,"bu","10:26:29",4100300
5,-0.08,200,"bu","10:26:24",4099600
5,-0.08,2000,"bu","10:26:23",4099400
5,-0.08,200,"bu","10:26:12",4097400
5,-0.08,10000,"bu","10:26:10",4097200
5,-0.08,500,"bu","10:26:06",4087200
5,-0.08,60000,"bu","10:25:51",4086700
4.99,-0.09,2000,"sd","10:25:49",4026700
5,-0.08,14600,"bu","10:25:38",4024700
4.99,-0.09,1000,"sd","10:25:22",4010100
5,-0.08,1000,"bu","10:25:18",4009100
4.99,-0.09,100,"sd","10:25:10",4008100
4.99,-0.09,1000,"sd","10:24:22",4008000
5,-0.08,2000,"bu","10:24:05",4007000
5,-0.08,43200,"bu","10:23:46",4005000
5,-0.08,3500,"bu","10:23:45",3961800
5,-0.08,100,"bu","10:23:35",3958300
4.99,-0.09,100,"sd","10:23:31",3958200
4.99,-0.09,1000,"sd","10:23:30",3958100
5,-0.08,400,"bu","10:23:28",3957100
5,-0.08,2000,"bu","10:23:16",3956700
5,-0.08,1900,"bu","10:22:54",3954700
4.99,-0.09,10000,"sd","10:22:53",3952800
4.99,-0.09,2000,"sd","10:22:46",3942800
4.99,-0.09,1900,"bu","10:22:41",3940800
4.99,-0.09,300,"bu","10:22:34",3938900
4.99,-0.09,800,"sd","10:22:30",3938600
4.99,-0.09,2500,"sd","10:22:27",3937800
4.99,-0.09,6700,"bu","10:22:26",3935300
4.98,-0.1,2000,"sd","10:22:21",3928600
4.99,-0.09,500,"bu","10:22:19",3926600
4.99,-0.09,1600,"bu","10:22:18",3926100
4.99,-0.09,600,"bu","10:22:17",3924500
4.99,-0.09,100,"bu","10:22:07",3923900
4.98,-0.1,4400,"bu","10:22:01",3923800
4.98,-0.1,3000,"bu","10:21:58",3919400
4.98,-0.1,200,"bu","10:21:45",3916400
4.98,-0.1,100,"bu","10:21:44",3916200
4.98,-0.1,1500,"bu","10:21:42",3916100
4.98,-0.1,100,"bu","10:21:41",3914600
4.98,-0.1,1000,"bu","10:21:39",3914500
4.98,-0.1,100,"bu","10:21:38",3913500
4.98,-0.1,500,"bu","10:21:22",3913400
4.96,-0.12,900,"bu","10:21:15",3912900
4.96,-0.12,1000,"bu","10:21:11",3912000
4.95,-0.13,400,"sd","10:20:58",3911000
4.95,-0.13,1600,"bu","10:20:55",3910600
4.94,-0.14,4000,"sd","10:20:54",3909000
4.95,-0.13,2000,"bu","10:20:54",3905000
4.95,-0.13,200,"bu","10:20:53",3903000
4.95,-0.13,1000,"bu","10:20:51",3902800
4.95,-0.13,300,"bu","10:20:45",3901800
4.95,-0.13,100,"bu","10:20:44",3901500
4.95,-0.13,2300,"bu","10:20:39",3901400
4.94,-0.14,10000,"sd","10:20:36",3899100
4.94,-0.14,10800,"bu","10:20:33",3889100
4.94,-0.14,5000,"bu","10:20:32",3878300
4.94,-0.14,500,"bu","10:20:30",3873300
4.94,-0.14,500,"bu","10:20:29",3872800
4.94,-0.14,1500,"bu","10:20:28",3872300
4.94,-0.14,2000,"bu","10:20:27",3870800
4.94,-0.14,3000,"bu","10:20:27",3868800
4.93,-0.15,6000,"sd","10:20:27",3865800
4.94,-0.14,500,"bu","10:20:25",3859800
4.94,-0.14,100,"bu","10:20:24",3859300
4.94,-0.14,1000,"bu","10:20:16",3859200
4.93,-0.15,5000,"sd","10:20:16",3858200
4.94,-0.14,100,"bu","10:20:15",3853200
4.94,-0.14,100,"bu","10:20:14",3853100
4.94,-0.14,7900,"bu","10:20:11",3853000
4.94,-0.14,2000,"sd","10:20:09",3845100
4.94,-0.14,4700,"bu","10:20:01",3843100
4.93,-0.15,5000,"sd","10:20:00",3838400
4.94,-0.14,500,"bu","10:20:00",3833400
4.93,-0.15,800,"sd","10:19:56",3832900
4.94,-0.14,200,"bu","10:19:54",3832100
4.92,-0.16,2400,"sd","10:19:53",3831900
4.93,-0.15,4600,"sd","10:19:53",3829500
4.94,-0.14,500,"bu","10:19:53",3824900
4.94,-0.14,1000,"bu","10:19:51",3824400
4.93,-0.15,4700,"sd","10:19:51",3823400
4.93,-0.15,5300,"sd","10:19:51",3818700
4.94,-0.14,2000,"bu","10:19:50",3813400
4.93,-0.15,7500,"sd","10:19:48",3811400
4.94,-0.14,9000,"bu","10:19:45",3803900
4.94,-0.14,1000,"bu","10:19:44",3794900
4.94,-0.14,800,"bu","10:19:41",3793900
4.94,-0.14,500,"bu","10:19:40",3793100
4.93,-0.15,5000,"sd","10:19:40",3792600
4.94,-0.14,200,"bu","10:19:38",3787600
4.94,-0.14,800,"bu","10:19:35",3787400
4.94,-0.14,100,"bu","10:19:35",3786600
4.94,-0.14,5000,"bu","10:19:34",3786500
4.93,-0.15,11900,"sd","10:19:29",3781500
4.93,-0.15,4400,"sd","10:19:23",3769600
4.93,-0.15,4500,"sd","10:19:22",3765200
4.94,-0.14,500,"bu","10:19:21",3760700
4.93,-0.15,1300,"sd","10:19:21",3760200
4.93,-0.15,2700,"sd","10:19:20",3758900
4.94,-0.14,600,"bu","10:19:14",3756200
4.94,-0.14,1000,"bu","10:19:13",3755600
4.94,-0.14,1000,"bu","10:19:11",3754600
4.94,-0.14,11900,"sd","10:19:10",3753600
4.95,-0.13,100,"bu","10:19:10",3741700
4.95,-0.13,100,"bu","10:19:09",3741600
4.94,-0.14,5000,"sd","10:19:06",3741500
4.95,-0.13,5200,"bu","10:19:05",3736500
4.95,-0.13,5000,"bu","10:19:04",3731300
4.95,-0.13,2000,"bu","10:19:04",3726300
4.95,-0.13,1000,"bu","10:19:03",3724300
4.95,-0.13,2100,"bu","10:19:02",3723300
4.95,-0.13,1100,"bu","10:19:01",3721200
4.95,-0.13,3000,"bu","10:18:57",3720100
4.95,-0.13,2000,"bu","10:18:56",3717100
4.95,-0.13,72500,"sd","10:18:55",3715100
4.96,-0.12,500,"sd","10:18:53",3642600
4.95,-0.13,14200,"sd","10:18:47",3642100
4.96,-0.12,3300,"sd","10:18:47",3627900
4.95,-0.13,3000,"sd","10:18:33",3624600
4.95,-0.13,6200,"sd","10:18:31",3621600
4.96,-0.12,13800,"sd","10:18:31",3615400
4.96,-0.12,1200,"sd","10:18:28",3601600
4.96,-0.12,23000,"sd","10:18:27",3600400
4.98,-0.1,100,"bu","10:18:21",3577400
4.96,-0.12,7800,"sd","10:18:16",3577300
4.97,-0.11,200,"sd","10:18:16",3569500
4.98,-0.1,2000,"sd","10:18:16",3569300
4.99,-0.09,1000,"bu","10:18:04",3567300
4.98,-0.1,600,"sd","10:18:02",3566300
4.99,-0.09,5000,"bu","10:17:52",3565700
4.98,-0.1,100,"sd","10:17:52",3560700
4.98,-0.1,1900,"sd","10:17:51",3560600
4.98,-0.1,500,"sd","10:17:47",3558700
4.95,-0.13,500,"sd","10:17:34",3558200
4.99,-0.09,100,"bu","10:17:31",3557700
4.95,-0.13,500,"sd","10:17:31",3557600
4.96,-0.12,500,"sd","10:17:31",3557100
4.99,-0.09,5000,"sd","10:17:29",3556600
4.95,-0.13,4700,"sd","10:17:21",3551600
4.99,-0.09,1300,"sd","10:17:21",3546900
4.95,-0.13,9200,"bu","10:16:51",3545600
4.95,-0.13,500,"bu","10:16:50",3536400
5,-0.08,300,"sd","10:16:48",3535900
4.95,-0.13,89000,"sd","10:16:48",3506500
4.96,-0.12,63100,"sd","10:16:48",3417500
4.97,-0.11,47400,"sd","10:16:48",3354400
4.98,-0.1,87000,"sd","10:16:48",3307000
4.98,-0.1,8700,"sd","10:16:48",3220000
4.99,-0.09,24600,"sd","10:16:48",3211300
5,-0.08,60600,"sd","10:16:48",3186700
5,-0.08,1000,"sd","10:16:43",3126100
5.01,-0.07,1000,"bu","10:16:41",3125100
5,-0.08,1000,"sd","10:16:39",3124100
5,-0.08,7000,"sd","10:16:31",3123100
5.01,-0.07,300,"bu","10:16:23",3116100
5.01,-0.07,100,"bu","10:16:21",3115800
5,-0.08,300,"sd","10:16:18",3115700
5,-0.08,2000,"sd","10:16:15",3115400
5,-0.08,100,"sd","10:16:14",3113400
5,-0.08,9300,"sd","10:16:06",3113300
5.01,-0.07,500,"bu","10:16:03",3104000
5.01,-0.07,200,"bu","10:15:59",3103500
5,-0.08,3000,"sd","10:15:59",3103300
5,-0.08,2000,"sd","10:15:55",3100300
5.01,-0.07,1700,"bu","10:15:52",3098300
5,-0.08,2000,"sd","10:15:43",3096600
5,-0.08,11000,"sd","10:15:31",3094600
5,-0.08,5000,"sd","10:15:28",3083600
5,-0.08,400,"sd","10:15:26",3078600
5.01,-0.07,1000,"bu","10:15:25",3078200
5,-0.08,1000,"sd","10:15:20",3077200
5,-0.08,2000,"sd","10:15:19",3076200
5.01,-0.07,500,"bu","10:15:14",3074200
5,-0.08,170000,"sd","10:15:08",3073700
5,-0.08,8000,"sd","10:15:07",2903700
5.01,-0.07,300,"bu","10:15:05",2895700
5,-0.08,1500,"sd","10:15:04",2895400
5,-0.08,1800,"sd","10:15:02",2893900
5,-0.08,55000,"sd","10:14:56",2892100
5,-0.08,200,"sd","10:14:41",2837100
5.01,-0.07,100,"bu","10:14:35",2836900
5.01,-0.07,74800,"sd","10:14:35",2836800
5.01,-0.07,40000,"sd","10:14:33",2762000
5.02,-0.06,1000,"bu","10:14:28",2722000
5.02,-0.06,2000,"bu","10:14:21",2721000
5.02,-0.06,500,"bu","10:14:12",2719000
5.02,-0.06,100,"bu","10:14:10",2718500
5.02,-0.06,500,"bu","10:14:00",2718400
5.02,-0.06,2700,"sd","10:13:36",2717900
5.02,-0.06,1000,"sd","10:13:30",2715200
5.02,-0.06,5000,"sd","10:13:22",2714200
5.02,-0.06,2000,"sd","10:13:12",2709200
5.02,-0.06,2500,"sd","10:12:41",2707200
5.02,-0.06,1400,"bu","10:12:21",2704700
5.02,-0.06,700,"bu","10:12:21",2703300
5.02,-0.06,100,"bu","10:12:20",2702600
5.02,-0.06,500,"bu","10:12:08",2702500
5.02,-0.06,44100,"sd","10:12:07",2702000
5.03,-0.05,1000,"bu","10:12:02",2657900
5.03,-0.05,500,"bu","10:11:44",2656900
5.03,-0.05,300,"bu","10:11:41",2656400
5.03,-0.05,100,"bu","10:11:38",2656100
5.02,-0.06,5000,"sd","10:11:37",2656000
5.03,-0.05,500,"bu","10:11:34",2651000
5.03,-0.05,500,"bu","10:11:06",2650500
5.03,-0.05,900,"bu","10:11:05",2650000
5.03,-0.05,13000,"sd","10:11:02",2649100
5.03,-0.05,10000,"sd","10:10:59",2636100
5.03,-0.05,1000,"sd","10:10:51",2626100
5.03,-0.05,500,"sd","10:10:34",2625100
5.03,-0.05,600,"sd","10:10:29",2624600
5.03,-0.05,10000,"sd","10:10:14",2624000
5.03,-0.05,1000,"sd","10:10:09",2614000
5.03,-0.05,100,"sd","10:10:05",2613000
5.03,-0.05,500,"sd","10:09:42",2612900
5.03,-0.05,1000,"sd","10:09:31",2612400
5.03,-0.05,200,"sd","10:08:58",2611400
5.04,-0.04,800,"bu","10:08:57",2611200
5.04,-0.04,500,"bu","10:08:38",2610400
5.03,-0.05,5000,"sd","10:08:28",2609900
5.04,-0.04,300,"bu","10:08:25",2604900
5.04,-0.04,1000,"bu","10:08:25",2604600
5.03,-0.05,100,"sd","10:08:10",2603600
5.03,-0.05,2100,"sd","10:08:06",2603500
5.04,-0.04,100,"bu","10:08:06",2601400
5.03,-0.05,4300,"bu","10:07:51",2601300
5.03,-0.05,5700,"sd","10:07:50",2597000
5.04,-0.04,300,"bu","10:07:45",2591300
5.03,-0.05,1000,"sd","10:07:36",2591000
5.04,-0.04,1200,"bu","10:07:33",2590000
5.04,-0.04,200,"bu","10:07:28",2588800
5.03,-0.05,1500,"sd","10:07:20",2588600
5.03,-0.05,7000,"sd","10:07:12",2587100
5.03,-0.05,6000,"sd","10:07:06",2580100
5.04,-0.04,500,"bu","10:06:26",2574100
5.03,-0.05,2000,"sd","10:06:22",2573600
5.04,-0.04,100,"bu","10:06:04",2571600
5.04,-0.04,4000,"bu","10:05:50",2571500
5.03,-0.05,34500,"sd","10:05:35",2567500
5.03,-0.05,2000,"sd","10:05:29",2533000
5.03,-0.05,11000,"sd","10:05:21",2531000
5.03,-0.05,100,"sd","10:05:19",2520000
5.04,-0.04,100,"bu","10:05:18",2519900
5.04,-0.04,300,"bu","10:05:11",2519800
5.04,-0.04,1800,"bu","10:05:06",2519500
5.04,-0.04,1000,"bu","10:04:57",2517700
5.04,-0.04,100,"bu","10:04:54",2516700
5.04,-0.04,100,"bu","10:04:48",2516600
5.04,-0.04,100,"bu","10:04:41",2516500
5.04,-0.04,100,"bu","10:04:29",2516400
5.03,-0.05,1000,"sd","10:04:10",2516300
5.03,-0.05,10400,"sd","10:04:04",2515300
5.03,-0.05,1000,"sd","10:04:01",2504900
5.03,-0.05,72000,"sd","10:03:53",2503900
5.04,-0.04,3000,"bu","10:03:45",2431900
5.03,-0.05,100,"sd","10:03:45",2428900
5.01,-0.07,108300,"sd","10:03:30",2428800
5.02,-0.06,84900,"sd","10:03:30",2320500
5.03,-0.05,6800,"sd","10:03:30",2235600
5.04,-0.04,100,"bu","10:03:16",2228800
5.04,-0.04,500,"bu","10:03:12",2228700
5.03,-0.05,1000,"sd","10:03:10",2228200
5.03,-0.05,2700,"bu","10:03:09",2227200
5.03,-0.05,5300,"sd","10:02:59",2224500
5.03,-0.05,10000,"sd","10:02:52",2219200
5.04,-0.04,400,"bu","10:02:41",2209200
5.03,-0.05,100,"sd","10:02:26",2208800
5.03,-0.05,100,"sd","10:01:59",2208700
5.03,-0.05,500,"sd","10:01:58",2208600
5.03,-0.05,1200,"bu","10:01:35",2208100
5.03,-0.05,2000,"bu","10:01:34",2206900
5.03,-0.05,2000,"bu","10:01:33",2204900
5.02,-0.06,10000,"sd","10:01:26",2202900
5.03,-0.05,200,"bu","10:01:24",2192900
5.03,-0.05,200,"bu","10:01:21",2192700
5.03,-0.05,200,"bu","10:01:06",2192500
5.02,-0.06,3700,"sd","10:01:06",2192300
5.03,-0.05,100,"bu","10:01:01",2188600
5.03,-0.05,100,"bu","10:00:54",2188500
5.02,-0.06,15000,"sd","10:00:53",2188400
5.03,-0.05,100,"bu","10:00:51",2173400
5.03,-0.05,10000,"bu","10:00:42",2173300
5.03,-0.05,100,"bu","10:00:36",2163300
5.02,-0.06,6800,"sd","10:00:24",2163200
5.02,-0.06,5000,"sd","10:00:23",2156400
5.03,-0.05,2800,"bu","10:00:20",2151400
5.03,-0.05,100,"bu","10:00:19",2148600
5.03,-0.05,1200,"bu","10:00:12",2148500
5.03,-0.05,100,"bu","10:00:08",2147300
5.03,-0.05,6600,"sd","10:00:06",2147200
5.03,-0.05,200,"sd","09:59:53",2140600
5.03,-0.05,3400,"bu","09:59:19",2140400
5.03,-0.05,7000,"bu","09:59:16",2137000
5.03,-0.05,39600,"sd","09:59:12",2130000
5.04,-0.04,1000,"bu","09:59:11",2090400
5.04,-0.04,2000,"bu","09:59:02",2089400
5.04,-0.04,300,"bu","09:58:59",2087400
5.03,-0.05,2000,"sd","09:58:59",2087100
5.03,-0.05,1000,"sd","09:58:59",2085100
5.04,-0.04,3000,"bu","09:58:50",2084100
5.04,-0.04,300,"bu","09:58:44",2081100
5.04,-0.04,100,"bu","09:58:43",2080800
5.04,-0.04,400,"bu","09:58:39",2080700
5.04,-0.04,100,"bu","09:58:32",2080300
5.04,-0.04,300,"bu","09:57:37",2080200
5.04,-0.04,300,"bu","09:57:37",2079900
5.04,-0.04,4500,"bu","09:57:29",2079600
5.04,-0.04,5500,"bu","09:57:23",2075100
5.04,-0.04,15300,"sd","09:57:02",2069600
5.04,-0.04,1000,"sd","09:57:00",2054300
5.04,-0.04,2000,"sd","09:56:55",2053300
5.05,-0.03,100,"bu","09:56:35",2051300
5.05,-0.03,4600,"sd","09:56:17",2051200
5.05,-0.03,1000,"sd","09:55:25",2046600
5.05,-0.03,600,"bu","09:54:35",2045600
5.05,-0.03,2000,"bu","09:54:15",2045000
5.04,-0.04,500,"sd","09:54:05",2043000
5.04,-0.04,19000,"sd","09:53:00",2042500
5.05,-0.03,1000,"sd","09:53:00",2023500
5.04,-0.04,600,"sd","09:52:55",2022500
5.05,-0.03,200,"sd","09:52:55",2021900
5.05,-0.03,100,"bu","09:52:47",2021700
5.05,-0.03,1000,"bu","09:52:01",2021600
5.04,-0.04,900,"sd","09:51:54",2020600
5.06,-0.02,1000,"bu","09:51:39",2019700
5.04,-0.04,1000,"sd","09:51:30",2018700
5.04,-0.04,200,"sd","09:51:16",2017700
5.04,-0.04,300,"sd","09:51:10",2017500
5.04,-0.04,500,"sd","09:50:58",2017200
5.04,-0.04,100,"sd","09:50:37",2016700
5.07,-0.01,8500,"bu","09:50:17",2016600
5.06,-0.02,1500,"bu","09:50:17",2008100
5.04,-0.04,19100,"sd","09:50:09",2006600
5.04,-0.04,500,"sd","09:50:00",1987500
5.05,-0.03,10900,"sd","09:49:54",1987000
5.06,-0.02,400,"bu","09:49:51",1976100
5.06,-0.02,1000,"bu","09:49:25",1975700
5.06,-0.02,1000,"bu","09:49:14",1974700
5.06,-0.02,100,"bu","09:49:07",1973700
5.06,-0.02,2200,"bu","09:48:55",1973600
5.06,-0.02,500,"bu","09:48:54",1971400
5.06,-0.02,100,"sd","09:48:39",1970900
5.07,-0.01,4600,"bu","09:48:31",1970800
5.06,-0.02,12300,"bu","09:48:25",1966200
5.06,-0.02,2000,"bu","09:48:23",1953900
5.06,-0.02,100,"bu","09:48:22",1951900
5.06,-0.02,100,"bu","09:48:20",1951800
5.06,-0.02,200,"bu","09:48:15",1951700
5.06,-0.02,100,"bu","09:48:10",1951500
5.06,-0.02,100,"bu","09:48:00",1951400
5.06,-0.02,1000,"bu","09:47:51",1951300
5.06,-0.02,300,"bu","09:47:07",1950300
5.05,-0.03,3100,"bu","09:47:06",1950000
5.05,-0.03,600,"bu","09:47:01",1946900
5.05,-0.03,5000,"bu","09:46:57",1946300
5.05,-0.03,1000,"bu","09:46:52",1941300
5.04,-0.04,500,"sd","09:46:52",1940300
5.05,-0.03,1500,"bu","09:46:50",1939800
5.06,-0.02,17100,"bu","09:46:41",1938300
5.05,-0.03,500,"sd","09:46:35",1921200
5.05,-0.03,2400,"bu","09:46:34",1920700
5.05,-0.03,1000,"bu","09:46:27",1918300
5.05,-0.03,4200,"bu","09:46:22",1917300
5.04,-0.04,1200,"sd","09:46:10",1913100
5.05,-0.03,3500,"bu","09:46:08",1911900
5.04,-0.04,15000,"sd","09:45:42",1908400
5.05,-0.03,500,"bu","09:45:37",1893400
5.05,-0.03,2000,"bu","09:45:36",1892900
5.05,-0.03,200,"bu","09:45:35",1890900
5.05,-0.03,3000,"bu","09:45:27",1890700
5.04,-0.04,1000,"sd","09:45:23",1887700
5.04,-0.04,7800,"bu","09:44:57",1886700
5.03,-0.05,600,"bu","09:44:35",1878900
5.03,-0.05,100,"bu","09:44:33",1878300
5.03,-0.05,100,"bu","09:44:30",1878200
5.03,-0.05,100,"bu","09:44:26",1878100
5.03,-0.05,1000,"bu","09:44:22",1878000
5.03,-0.05,500,"bu","09:44:14",1877000
5.02,-0.06,800,"bu","09:44:11",1876500
5.02,-0.06,600,"bu","09:44:09",1875700
5.02,-0.06,2000,"bu","09:44:08",1875100
5.02,-0.06,5000,"bu","09:44:06",1873100
5.02,-0.06,3000,"bu","09:44:06",1868100
5.02,-0.06,15000,"bu","09:44:03",1865100
5.02,-0.06,5000,"bu","09:43:59",1850100
5.02,-0.06,200,"bu","09:43:55",1845100
5.02,-0.06,50000,"bu","09:43:54",1844900
5.01,-0.07,200,"sd","09:43:50",1794900
5.02,-0.06,6000,"bu","09:43:50",1794700
5.02,-0.06,800,"bu","09:43:46",1788700
5.02,-0.06,11000,"bu","09:43:43",1787900
5.02,-0.06,1000,"bu","09:43:39",1776900
5.01,-0.07,3000,"sd","09:43:38",1775900
5.02,-0.06,100,"bu","09:43:35",1772900
5.02,-0.06,3000,"bu","09:43:30",1772800
5.02,-0.06,1200,"bu","09:43:25",1769800
5.02,-0.06,2000,"bu","09:43:23",1768600
5.02,-0.06,1900,"bu","09:43:18",1766600
5.02,-0.06,2500,"bu","09:43:18",1764700
5.02,-0.06,15000,"bu","09:43:11",1762200
5.02,-0.06,600,"bu","09:43:01",1747200
5.02,-0.06,10000,"bu","09:42:57",1746600
5.02,-0.06,500,"bu","09:42:54",1736600
5.02,-0.06,1000,"bu","09:42:52",1736100
5.02,-0.06,2000,"bu","09:42:51",1735100
5.02,-0.06,10000,"bu","09:42:45",1733100
5.02,-0.06,4000,"bu","09:42:41",1723100
5.02,-0.06,300,"bu","09:42:40",1719100
5.01,-0.07,5000,"sd","09:42:39",1718800
5.02,-0.06,100,"bu","09:42:35",1713800
5.02,-0.06,8000,"bu","09:42:34",1713700
5.02,-0.06,2600,"bu","09:42:31",1705700
5.02,-0.06,1000,"bu","09:42:27",1703100
5.02,-0.06,500,"bu","09:42:25",1702100
5.02,-0.06,200,"bu","09:42:24",1701600
5.02,-0.06,8400,"bu","09:42:23",1701400
5.02,-0.06,6800,"bu","09:42:22",1693000
5.02,-0.06,5000,"bu","09:42:20",1686200
5.02,-0.06,31000,"bu","09:42:19",1681200
5.02,-0.06,1000,"bu","09:42:12",1650200
5.01,-0.07,1000,"sd","09:42:11",1649200
5.02,-0.06,100,"bu","09:42:11",1648200
5.02,-0.06,20300,"bu","09:42:01",1648100
5.02,-0.06,500,"bu","09:41:59",1627800
5.01,-0.07,2000,"sd","09:41:55",1627300
5.02,-0.06,500,"bu","09:41:54",1625300
5.02,-0.06,100,"bu","09:41:51",1624800
5.02,-0.06,500,"bu","09:41:47",1624700
5.02,-0.06,20000,"bu","09:41:44",1624200
5.02,-0.06,100,"bu","09:41:38",1604200
5.02,-0.06,200,"bu","09:41:27",1604100
5.02,-0.06,1000,"bu","09:41:25",1603900
5.01,-0.07,200,"sd","09:41:21",1602900
5.02,-0.06,100,"bu","09:41:17",1602700
5.02,-0.06,100,"bu","09:41:16",1602600
5.02,-0.06,100,"bu","09:41:07",1602500
5.02,-0.06,1000,"bu","09:41:06",1602400
5.01,-0.07,5000,"sd","09:41:01",1601400
5.02,-0.06,500,"bu","09:41:00",1596400
5.02,-0.06,2000,"bu","09:40:54",1595900
5.02,-0.06,400,"bu","09:40:47",1593900
5.02,-0.06,100,"bu","09:40:46",1593500
5.02,-0.06,1500,"bu","09:40:43",1593400
5.02,-0.06,100,"bu","09:40:42",1591900
5.02,-0.06,100,"bu","09:40:41",1591800
5.02,-0.06,500,"bu","09:40:39",1591700
5.02,-0.06,2000,"bu","09:40:33",1591200
5.02,-0.06,3000,"bu","09:40:32",1589200
5.01,-0.07,400,"sd","09:40:25",1586200
5.02,-0.06,400,"bu","09:40:19",1585800
5.01,-0.07,5000,"sd","09:40:18",1585400
5.01,-0.07,200,"sd","09:40:13",1580400
5.01,-0.07,3800,"sd","09:40:07",1580200
5.02,-0.06,2100,"bu","09:40:05",1576400
5.01,-0.07,6600,"bu","09:39:55",1574300
5.01,-0.07,10000,"bu","09:39:55",1567700
5,-0.08,5000,"sd","09:39:51",1557700
5.01,-0.07,300,"bu","09:39:51",1552700
5.01,-0.07,3500,"bu","09:39:46",1552400
5.01,-0.07,3000,"bu","09:39:46",1548900
5.01,-0.07,10000,"bu","09:39:45",1545900
5.01,-0.07,500,"bu","09:39:44",1535900
5.01,-0.07,1000,"bu","09:39:42",1535400
5.01,-0.07,500,"bu","09:39:41",1534400
5.01,-0.07,1000,"bu","09:39:39",1533900
5.01,-0.07,200,"bu","09:39:37",1532900
5.01,-0.07,200,"bu","09:39:29",1532700
5.01,-0.07,2000,"bu","09:39:28",1532500
5.01,-0.07,4800,"sd","09:39:26",1530500
5.01,-0.07,1900,"bu","09:39:03",1525700
5,-0.08,100,"sd","09:39:00",1523800
5,-0.08,500,"sd","09:38:56",1523700
5.01,-0.07,100,"sd","09:38:54",1523200
5,-0.08,12400,"sd","09:38:53",1523100
5.01,-0.07,17600,"sd","09:38:53",1510700
5.01,-0.07,3000,"sd","09:38:47",1493100
5.01,-0.07,1000,"sd","09:38:47",1490100
5.01,-0.07,400,"sd","09:38:44",1489100
5.01,-0.07,4400,"bu","09:38:42",1488700
5.01,-0.07,100,"bu","09:38:41",1484300
5.01,-0.07,100,"bu","09:38:30",1484200
5.01,-0.07,1000,"bu","09:38:27",1484100
5.01,-0.07,1000,"bu","09:38:26",1483100
5.01,-0.07,5000,"bu","09:38:25",1482100
5,-0.08,51000,"sd","09:38:24",1477100
5.01,-0.07,1000,"bu","09:38:22",1426100
5.01,-0.07,900,"bu","09:38:22",1425100
5,-0.08,22000,"sd","09:38:21",1424200
5.01,-0.07,200,"bu","09:38:15",1402200
5.01,-0.07,5000,"bu","09:38:12",1402000
5.01,-0.07,2100,"bu","09:38:10",1397000
5.01,-0.07,2000,"bu","09:38:09",1394900
5.01,-0.07,3200,"bu","09:38:08",1392900
5.01,-0.07,4300,"sd","09:38:07",1389700
5.01,-0.07,500,"sd","09:38:05",1385400
5.01,-0.07,200,"sd","09:37:50",1384900
5.01,-0.07,900,"bu","09:37:49",1384700
5.01,-0.07,10000,"bu","09:37:49",1383800
5,-0.08,100,"sd","09:37:40",1373800
5,-0.08,7000,"sd","09:37:39",1373700
5.01,-0.07,100,"bu","09:37:34",1366700
5.01,-0.07,5100,"bu","09:37:34",1366600
5.01,-0.07,800,"bu","09:37:26",1361500
5.01,-0.07,500,"bu","09:37:25",1360700
5,-0.08,10400,"sd","09:37:25",1360200
5.01,-0.07,6800,"bu","09:37:24",1349800
5.01,-0.07,100,"bu","09:37:23",1343000
5.01,-0.07,200,"bu","09:37:18",1342900
5,-0.08,2900,"sd","09:37:17",1342700
5,-0.08,6000,"sd","09:37:16",1339800
5.01,-0.07,100,"bu","09:37:13",1333800
5.01,-0.07,100,"bu","09:37:11",1333700
5.01,-0.07,100,"bu","09:37:07",1333600
5,-0.08,1000,"sd","09:37:06",1333500
5,-0.08,1000,"sd","09:37:05",1332500
5.01,-0.07,200,"bu","09:36:58",1331500
5.01,-0.07,200,"sd","09:36:56",1331300
5,-0.08,1000,"sd","09:36:51",1331100
5,-0.08,139000,"sd","09:36:46",1330100
5.01,-0.07,1000,"sd","09:36:46",1191100
5.01,-0.07,100,"bu","09:36:44",1190100
5,-0.08,300,"sd","09:36:42",1190000
5,-0.08,5000,"sd","09:36:38",1189700
5.01,-0.07,300,"bu","09:36:35",1184700
5.01,-0.07,100,"bu","09:36:34",1184400
5,-0.08,10000,"sd","09:36:32",1184300
5.01,-0.07,100,"bu","09:36:30",1174300
5.01,-0.07,4300,"bu","09:36:29",1174200
5.01,-0.07,100,"sd","09:36:24",1169900
5.01,-0.07,500,"sd","09:36:23",1169800
5,-0.08,1300,"sd","09:36:07",1169300
5,-0.08,42000,"sd","09:36:06",1168000
5.01,-0.07,7700,"sd","09:36:06",1126000
5.02,-0.06,300,"sd","09:36:06",1118300
5.01,-0.07,103500,"sd","09:36:05",1118000
5.02,-0.06,67300,"sd","09:36:05",1014500
5.03,-0.05,200,"bu","09:35:50",947200
5.02,-0.06,3000,"sd","09:35:50",947000
5.02,-0.06,100,"sd","09:35:39",944000
5.03,-0.05,300,"bu","09:35:37",943900
5.03,-0.05,3500,"bu","09:35:35",943600
5.02,-0.06,2100,"sd","09:35:33",940100
5.03,-0.05,500,"bu","09:35:30",938000
5.02,-0.06,5000,"sd","09:35:24",937500
5.02,-0.06,400,"sd","09:35:15",932500
5.03,-0.05,5000,"bu","09:35:13",932100
5.03,-0.05,200,"bu","09:35:12",927100
5.02,-0.06,1000,"sd","09:35:06",926900
5.02,-0.06,1000,"sd","09:35:04",925900
5.02,-0.06,1000,"sd","09:35:00",924900
5.02,-0.06,10000,"sd","09:34:55",923900
5.02,-0.06,400,"sd","09:34:43",913900
5.02,-0.06,800,"sd","09:34:36",913500
5.02,-0.06,20000,"sd","09:34:29",912700
5.02,-0.06,2500,"sd","09:34:12",892700
5.02,-0.06,1300,"sd","09:34:06",890200
5.02,-0.06,2300,"sd","09:33:55",888900
5.02,-0.06,900,"sd","09:33:54",886600
5.02,-0.06,1400,"sd","09:33:53",885700
5.02,-0.06,100,"sd","09:33:52",884300
5.02,-0.06,2100,"sd","09:33:44",884200
5.03,-0.05,200,"bu","09:33:42",882100
5.02,-0.06,2000,"sd","09:33:40",881900
5.02,-0.06,200,"sd","09:33:34",879900
5.02,-0.06,13800,"sd","09:33:32",879700
5.02,-0.06,25000,"sd","09:33:14",865900
5.02,-0.06,23000,"sd","09:33:12",840900
5.03,-0.05,9300,"bu","09:33:11",817900
5.02,-0.06,2200,"sd","09:33:07",808600
5.02,-0.06,4100,"sd","09:33:05",806400
5.02,-0.06,2100,"sd","09:33:01",802300
5.02,-0.06,1000,"sd","09:32:48",800200
5.03,-0.05,1000,"bu","09:32:43",799200
5.02,-0.06,700,"sd","09:32:37",798200
5.02,-0.06,5000,"sd","09:32:30",797500
5.03,-0.05,500,"bu","09:32:29",792500
5.03,-0.05,500,"bu","09:32:28",792000
5.03,-0.05,8400,"sd","09:32:01",791500
5.03,-0.05,1000,"sd","09:31:49",783100
5.03,-0.05,500,"sd","09:31:44",782100
5.03,-0.05,400,"sd","09:31:43",781600
5.03,-0.05,3100,"bu","09:31:39",781200
5.03,-0.05,600,"bu","09:31:38",778100
5.02,-0.06,3000,"sd","09:31:38",777500
5.03,-0.05,500,"bu","09:31:37",774500
5.03,-0.05,2300,"bu","09:31:36",774000
5.03,-0.05,100,"bu","09:31:35",771700
5.03,-0.05,13400,"sd","09:31:28",771600
5.04,-0.04,100,"bu","09:31:26",758200
5.04,-0.04,100,"bu","09:31:19",758100
5.03,-0.05,4000,"sd","09:31:19",758000
5.04,-0.04,5000,"sd","09:31:09",754000
5.03,-0.05,1000,"sd","09:31:03",749000
5.03,-0.05,300,"sd","09:31:01",748000
5.03,-0.05,1400,"sd","09:30:59",747700
5.04,-0.04,1000,"sd","09:30:57",745800
5.03,-0.05,2200,"sd","09:30:39",744800
5.04,-0.04,2000,"bu","09:30:36",742600
5.03,-0.05,4500,"sd","09:30:19",740600
5.03,-0.05,500,"sd","09:30:12",736100
5.03,-0.05,100,"sd","09:30:01",735600
5.04,-0.04,200,"bu","09:29:57",735500
5.04,-0.04,100,"sd","09:29:54",735300
5.05,-0.03,500,"bu","09:29:26",735200
5.05,-0.03,100,"bu","09:29:08",734700
5.05,-0.03,1200,"sd","09:29:08",734600
5.05,-0.03,800,"bu","09:28:56",733400
5.05,-0.03,200,"sd","09:28:55",732600
5.05,-0.03,300,"sd","09:28:52",732400
5.06,-0.02,50000,"bu","09:28:48",732100
5.02,-0.06,30900,"sd","09:28:47",682100
5.03,-0.05,34800,"sd","09:28:47",651200
5.04,-0.04,32800,"sd","09:28:47",616400
5.05,-0.03,55500,"sd","09:28:47",583600
5.06,-0.02,34800,"sd","09:28:26",528100
5.06,-0.02,4000,"sd","09:28:17",493300
5.06,-0.02,6500,"sd","09:28:07",489300
5.05,-0.03,5000,"sd","09:27:48",482800
5.06,-0.02,1900,"bu","09:27:43",477800
5.05,-0.03,20000,"sd","09:27:36",475900
5.05,-0.03,200,"sd","09:27:29",455900
5.06,-0.02,2600,"bu","09:27:29",455700
5.06,-0.02,1000,"bu","09:27:24",453100
5.06,-0.02,1000,"bu","09:27:11",452100
5.06,-0.02,100,"sd","09:27:10",451100
5.05,-0.03,108200,"sd","09:26:59",451000
5.06,-0.02,11800,"sd","09:26:59",342800
5.07,-0.01,3400,"bu","09:26:57",331000
5.06,-0.02,1500,"sd","09:26:54",327600
5.06,-0.02,2300,"bu","09:26:44",326100
5.06,-0.02,100,"bu","09:26:43",323800
5.06,-0.02,3500,"bu","09:26:40",323700
5.06,-0.02,10000,"bu","09:26:38",320200
5.06,-0.02,2000,"bu","09:26:33",310200
5.06,-0.02,200,"bu","09:26:20",308200
5.05,-0.03,1000,"sd","09:26:17",308000
5.05,-0.03,2000,"sd","09:26:06",307000
5.05,-0.03,3000,"sd","09:26:04",305000
5.05,-0.03,10000,"sd","09:26:01",302000
5.05,-0.03,2100,"sd","09:26:00",292000
5.05,-0.03,1000,"sd","09:25:55",289900
5.05,-0.03,500,"sd","09:25:36",288900
5.05,-0.03,500,"sd","09:25:19",288400
5.05,-0.03,500,"sd","09:25:13",287900
5.05,-0.03,40000,"sd","09:25:09",287400
5.06,-0.02,4200,"sd","09:25:02",247400
5.07,-0.01,100,"bu","09:24:51",243200
5.06,-0.02,3500,"sd","09:24:50",243100
5.06,-0.02,10000,"sd","09:24:37",239600
5.06,-0.02,1000,"sd","09:24:24",229600
5.06,-0.02,3800,"sd","09:24:22",228600
5.06,-0.02,1000,"sd","09:23:41",224800
5.06,-0.02,200,"sd","09:23:28",223800
5.06,-0.02,1900,"bu","09:23:20",223600
5.06,-0.02,300,"bu","09:23:19",221700
5.06,-0.02,300,"sd","09:23:18",221400
5.06,-0.02,700,"sd","09:23:08",221100
5.05,-0.03,11600,"sd","09:23:07",220400
5.05,-0.03,7900,"sd","09:23:07",208800
5.06,-0.02,5800,"sd","09:23:07",200900
5.06,-0.02,500,"sd","09:23:02",195100
5.07,-0.01,1000,"bu","09:22:58",194600
5.07,-0.01,5000,"bu","09:22:32",193600
5.07,-0.01,2200,"bu","09:22:23",188600
5.07,-0.01,500,"bu","09:22:22",186400
5.07,-0.01,100,"bu","09:22:20",185900
5.07,-0.01,300,"bu","09:22:05",185800
5.07,-0.01,1000,"bu","09:22:04",185500
5.07,-0.01,1300,"sd","09:22:00",184500
5.07,-0.01,200,"sd","09:21:59",183200
5.07,-0.01,400,"sd","09:21:58",183000
5.07,-0.01,18600,"bu","09:21:53",182600
5.05,-0.03,6900,"sd","09:21:53",164000
5.06,-0.02,3100,"sd","09:21:53",157100
5.07,-0.01,500,"bu","09:21:49",154000
5.07,-0.01,400,"bu","09:21:48",153500
5.07,-0.01,900,"sd","09:21:32",153100
5.08,0,4600,"bu","09:21:28",152200
5.07,-0.01,900,"sd","09:21:26",147600
5.07,-0.01,3200,"bu","09:21:21",146700
5.07,-0.01,300,"bu","09:21:14",143500
5.07,-0.01,200,"bu","09:21:03",143200
5.05,-0.03,1300,"sd","09:21:01",143000
5.06,-0.02,28700,"sd","09:21:01",141700
5.07,-0.01,1000,"bu","09:20:50",113000
5.07,-0.01,100,"bu","09:20:46",112000
5.07,-0.01,1000,"bu","09:20:31",111900
5.07,-0.01,600,"sd","09:20:19",110900
5.07,-0.01,300,"bu","09:20:15",110300
5.07,-0.01,1000,"bu","09:20:12",110000
5.07,-0.01,100,"bu","09:20:05",109000
5.07,-0.01,200,"bu","09:20:00",108900
5.07,-0.01,1400,"sd","09:19:43",108700
5.07,-0.01,19600,"sd","09:19:33",107300
5.07,-0.01,2000,"sd","09:19:18",87700
5.07,-0.01,300,"sd","09:18:42",85700
5.07,-0.01,600,"sd","09:18:35",85400
5.08,0,2000,"bu","09:18:35",84800
5.08,0,200,"bu","09:18:30",82800
5.08,0,200,"bu","09:18:28",82600
5.08,0,6500,"sd","09:18:24",82400
5.08,0,1000,"sd","09:18:23",75900
5.08,0,1000,"sd","09:18:07",74900
5.08,0,1000,"sd","09:17:18",73900
5.1,0.02,3600,"bu","09:17:13",72900
5.08,0,300,"sd","09:16:57",69300
5.1,0.02,10400,"bu","09:16:54",69000
5.08,0,2600,"bu","09:16:54",58600
5.07,-0.01,500,"sd","09:16:50",56000
5.08,0,100,"bu","09:16:45",55500
5.08,0,200,"bu","09:16:30",55400
5.08,0,1000,"bu","09:16:23",55200
5.08,0,200,"bu","09:16:22",54200
5.08,0,100,"bu","09:16:20",54000
5.08,0,200,"bu","09:16:18",53900
5.08,0,9600,"bu","09:16:14",53700
5.08,0,300,"bu","09:15:51",44100
5.08,0,200,"bu","09:15:46",43800
5.08,0,5000,"bu","09:15:42",43600
5.08,0,700,"bu","09:15:27",38600
5.07,-0.01,100,"sd","09:15:03",37900
5.08,0,37800,"","09:15:02",37800
