"price","change","match_qtty","side","time","total_vol"
6,-0.1,100,"","14:50:49",1905500
6,-0.1,100,"","14:45:42",1905400
6,-0.1,79500,"","14:45:01",1905300
6.1,0,100,"","14:30:00",1825800
6,-0.1,5000,"sd","14:28:56",1825700
6,-0.1,5000,"sd","14:28:33",1820700
6,-0.1,4200,"sd","14:28:23",1815700
6,-0.1,500,"sd","14:28:00",1811500
6,-0.1,6200,"sd","14:27:24",1811000
6,-0.1,500,"sd","14:27:13",1804800
6,-0.1,2000,"sd","14:26:52",1804300
6,-0.1,10000,"sd","14:26:35",1802300
6,-0.1,800,"sd","14:26:18",1792300
6,-0.1,2500,"sd","14:25:56",1791500
6,-0.1,2900,"sd","14:25:08",1789000
6,-0.1,4000,"sd","14:24:38",1786100
6,-0.1,1500,"sd","14:24:10",1782100
6,-0.1,10200,"sd","14:23:19",1780600
6,-0.1,8100,"sd","14:21:39",1770400
6,-0.1,200,"sd","14:21:33",1762300
6,-0.1,20000,"sd","14:21:21",1762100
6,-0.1,900,"sd","14:21:20",1742100
6,-0.1,500,"sd","14:21:13",1741200
6,-0.1,800,"sd","14:21:03",1740700
6,-0.1,1500,"sd","14:20:23",1739900
6,-0.1,1000,"sd","14:20:08",1738400
6,-0.1,300,"sd","14:19:53",1737400
6,-0.1,6100,"sd","14:19:52",1737100
6,-0.1,500,"sd","14:19:45",1731000
6,-0.1,700,"sd","14:19:32",1730500
6,-0.1,100,"sd","14:19:18",1729800
6,-0.1,5000,"sd","14:19:16",1729700
6,-0.1,2000,"sd","14:19:11",1724700
6,-0.1,500,"sd","14:18:57",1722700
6,-0.1,7800,"bu","14:18:33",1722200
6,-0.1,3000,"bu","14:18:25",1714400
6,-0.1,1900,"bu","14:18:18",1711400
6,-0.1,100,"bu","14:18:17",1709500
6,-0.1,1000,"bu","14:18:16",1709400
6,-0.1,200,"bu","14:18:12",1708400
6,-0.1,700,"bu","14:18:05",1708200
6,-0.1,1800,"sd","14:18:03",1707500
6,-0.1,1200,"bu","14:17:59",1705700
6,-0.1,200,"bu","14:17:54",1704500
6,-0.1,5000,"bu","14:17:50",1704300
6,-0.1,200,"bu","14:17:25",1699300
6,-0.1,100,"bu","14:16:59",1699100
6,-0.1,1000,"bu","14:16:51",1699000
6,-0.1,1100,"bu","14:16:48",1698000
6,-0.1,1000,"bu","14:16:42",1696900
6,-0.1,200,"bu","14:16:39",1695900
6,-0.1,600,"bu","14:16:34",1695700
6,-0.1,1400,"bu","14:16:33",1695100
6,-0.1,100,"bu","14:16:26",1693700
6,-0.1,2000,"bu","14:16:19",1693600
6,-0.1,300,"bu","14:16:11",1691600
6,-0.1,100,"bu","14:16:07",1691300
6,-0.1,9000,"bu","14:16:03",1691200
6,-0.1,500,"sd","14:15:37",1682200
6,-0.1,3000,"sd","14:15:34",1681700
6,-0.1,10000,"sd","14:15:29",1678700
6,-0.1,1000,"sd","14:15:20",1668700
6,-0.1,1000,"sd","14:15:03",1667700
6,-0.1,10000,"sd","14:14:48",1666700
6,-0.1,1000,"sd","14:14:36",1656700
6,-0.1,2200,"bu","14:14:20",1655700
6,-0.1,10000,"bu","14:14:19",1653500
6,-0.1,2000,"bu","14:14:13",1643500
6,-0.1,500,"bu","14:14:10",1641500
6,-0.1,4700,"bu","14:14:03",1641000
6,-0.1,55300,"bu","14:13:51",1636300
6,-0.1,15000,"sd","14:13:42",1581000
6,-0.1,5000,"sd","14:13:41",1566000
6,-0.1,2000,"sd","14:13:40",1561000
6,-0.1,58000,"sd","14:13:39",1559000
6,-0.1,3000,"sd","14:13:31",1501000
6,-0.1,10000,"sd","14:13:30",1498000
6,-0.1,30000,"sd","14:13:25",1488000
6,-0.1,10000,"sd","14:13:14",1458000
6,-0.1,1100,"sd","14:13:11",1448000
6,-0.1,8000,"sd","14:13:04",1446900
6,-0.1,10000,"sd","14:12:56",1438900
6,-0.1,20000,"sd","14:12:37",1428900
6,-0.1,10000,"sd","14:12:36",1408900
6,-0.1,10000,"sd","14:12:25",1398900
6,-0.1,8000,"sd","14:12:08",1388900
6,-0.1,1000,"sd","14:11:56",1380900
6,-0.1,10000,"sd","14:11:54",1379900
6,-0.1,500,"sd","14:11:52",1369900
6,-0.1,8000,"sd","14:11:40",1369400
6,-0.1,17500,"sd","14:11:18",1361400
6,-0.1,10000,"sd","14:11:01",1343900
6,-0.1,10000,"sd","14:10:49",1333900
6,-0.1,5000,"sd","14:10:39",1323900
6,-0.1,10000,"sd","14:10:14",1318900
6,-0.1,1800,"sd","14:09:56",1308900
6,-0.1,10000,"sd","14:09:48",1307100
6,-0.1,10000,"sd","14:09:17",1297100
6,-0.1,5000,"sd","14:08:58",1287100
6,-0.1,10000,"sd","14:08:14",1282100
6,-0.1,2000,"sd","14:08:12",1272100
6,-0.1,500,"sd","14:07:59",1270100
6,-0.1,10000,"sd","14:07:50",1269600
6,-0.1,5000,"sd","14:07:42",1259600
6,-0.1,1000,"sd","14:07:15",1254600
6,-0.1,10000,"sd","14:06:55",1253600
6,-0.1,3000,"sd","14:06:49",1243600
6,-0.1,10000,"sd","14:06:42",1240600
6,-0.1,5000,"sd","14:06:26",1230600
6,-0.1,2000,"sd","14:06:22",1225600
6,-0.1,10000,"sd","14:06:16",1223600
6.1,0,500,"bu","14:05:56",1213600
6,-0.1,5000,"sd","14:05:46",1213100
6,-0.1,10000,"sd","14:05:39",1208100
6,-0.1,10000,"sd","14:05:23",1198100
6,-0.1,5000,"sd","14:05:05",1188100
6.1,0,200,"bu","14:03:12",1183100
6,-0.1,8000,"sd","14:03:10",1182900
6,-0.1,10000,"sd","14:02:52",1174900
6,-0.1,10000,"sd","14:02:29",1164900
6,-0.1,5000,"sd","14:02:09",1154900
6,-0.1,5000,"sd","14:01:58",1149900
6,-0.1,10000,"sd","14:01:40",1144900
6,-0.1,10000,"sd","14:01:09",1134900
6,-0.1,7000,"sd","14:00:45",1124900
6.1,0,400,"bu","14:00:41",1117900
6,-0.1,18000,"sd","14:00:34",1117500
6,-0.1,500,"sd","13:59:40",1099500
6.1,0,500,"bu","13:59:27",1099000
6,-0.1,5000,"sd","13:59:07",1098500
6.1,0,100,"bu","13:59:05",1093500
6,-0.1,5000,"sd","13:58:50",1093400
6,-0.1,10000,"sd","13:58:28",1088400
6.1,0,100,"bu","13:58:27",1078400
6.1,0,200,"bu","13:58:06",1078300
6,-0.1,10000,"sd","13:57:44",1078100
6,-0.1,1000,"sd","13:57:39",1068100
6.1,0,800,"bu","13:57:38",1067100
6,-0.1,5000,"sd","13:57:15",1066300
6,-0.1,1500,"sd","13:56:50",1061300
6.1,0,1000,"bu","13:56:47",1059800
6,-0.1,5000,"sd","13:56:04",1058800
6.1,0,400,"bu","13:56:00",1053800
6,-0.1,1000,"sd","13:55:47",1053400
6,-0.1,5000,"sd","13:53:47",1052400
6,-0.1,16000,"sd","13:52:59",1047400
6,-0.1,24000,"sd","13:52:39",1031400
6,-0.1,8800,"sd","13:52:20",1007400
6,-0.1,4000,"sd","13:51:48",998600
6.1,0,5000,"bu","13:48:14",994600
6.1,0,4900,"bu","13:47:32",989600
6.1,0,100,"bu","13:47:17",984700
6.1,0,500,"bu","13:45:31",984600
6.1,0,1000,"bu","13:40:52",984100
6.1,0,100,"bu","13:39:08",983100
6.1,0,2000,"bu","13:38:02",983000
6.1,0,300,"bu","13:37:48",981000
6.1,0,100,"bu","13:37:12",980700
6.1,0,2900,"bu","13:36:40",980600
6.1,0,400,"bu","13:36:22",977700
6.1,0,15000,"bu","13:34:45",977300
6.1,0,600,"bu","13:34:16",962300
6.1,0,10000,"bu","13:33:51",961700
6.1,0,1400,"bu","13:33:25",951700
6.1,0,200,"bu","13:32:23",950300
6.1,0,100,"bu","13:31:42",950100
6.1,0,15000,"bu","13:31:38",950000
6,-0.1,500,"sd","13:30:58",935000
6,-0.1,2000,"sd","13:30:22",934500
6.1,0,1000,"bu","13:29:24",932500
6,-0.1,10000,"sd","13:28:38",931500
6,-0.1,600,"sd","13:27:42",921500
6,-0.1,7400,"sd","13:25:55",920900
6,-0.1,500,"sd","13:25:14",913500
6,-0.1,1000,"sd","13:23:13",913000
6,-0.1,2000,"sd","13:23:02",912000
6,-0.1,500,"sd","13:22:53",910000
6,-0.1,1000,"sd","13:22:50",909500
6,-0.1,2000,"sd","13:22:06",908500
6,-0.1,1000,"sd","13:21:54",906500
6.1,0,2000,"bu","13:20:41",905500
6.1,0,500,"bu","13:20:40",903500
6.1,0,500,"bu","13:20:28",903000
6.1,0,3000,"bu","13:19:54",902500
6.1,0,100,"bu","13:18:42",899500
6.1,0,20000,"bu","13:18:10",899400
6,-0.1,100,"sd","13:16:56",879400
6.1,0,1000,"bu","13:16:39",879300
6.1,0,100,"bu","13:16:18",878300
6,-0.1,12000,"sd","13:16:04",878200
6.1,0,100,"bu","13:15:51",866200
6,-0.1,500,"sd","13:14:34",866100
6.1,0,300,"bu","13:14:19",865600
6.1,0,3300,"bu","13:13:46",865300
6.1,0,1000,"bu","13:13:21",862000
6.1,0,700,"bu","13:11:15",861000
6.1,0,300,"bu","13:07:27",860300
6,-0.1,10000,"sd","13:07:23",860000
6.1,0,3300,"bu","13:06:50",850000
6.1,0,3000,"bu","13:06:35",846700
6.1,0,100,"bu","13:06:05",843700
6.1,0,1000,"bu","13:06:04",843600
6,-0.1,2000,"sd","13:05:53",842600
6,-0.1,3000,"sd","13:02:21",840600
6.1,0,3000,"bu","13:00:10",837600
6.1,0,3000,"bu","13:00:07",834600
6.1,0,200,"bu","13:00:06",831600
6.1,0,12000,"bu","13:00:04",831400
6.1,0,300,"bu","13:00:02",819400
6.1,0,3400,"sd","11:29:41",819100
6.1,0,13000,"bu","11:28:59",815700
6.1,0,2000,"bu","11:28:29",802700
6.1,0,100,"bu","11:28:24",800700
6.1,0,2000,"bu","11:27:03",800600
6.1,0,200,"bu","11:26:27",798600
6.1,0,3000,"bu","11:25:45",798400
6.1,0,3000,"bu","11:25:00",795400
6.1,0,900,"bu","11:24:38",792400
6.1,0,4200,"bu","11:23:47",791500
6.1,0,100,"sd","11:23:32",787300
6.1,0,2000,"bu","11:21:19",787200
6.1,0,800,"bu","11:20:14",785200
6.1,0,10000,"bu","11:19:58",784400
6.1,0,10000,"bu","11:19:43",774400
6.1,0,5000,"bu","11:19:12",764400
6.1,0,700,"bu","11:17:25",759400
6.1,0,2100,"sd","11:16:27",758700
6.1,0,5000,"sd","11:15:45",756600
6.1,0,100,"sd","11:10:15",751600
6.1,0,200,"sd","11:09:49",751500
6.1,0,300,"sd","11:09:43",751300
6.1,0,800,"bu","11:09:28",751000
6.1,0,100,"bu","11:09:14",750200
6.1,0,1000,"bu","11:08:35",750100
6.1,0,1000,"bu","11:08:29",749100
6.1,0,10900,"bu","11:08:13",748100
6.1,0,200,"bu","11:08:12",737200
6.1,0,1000,"bu","11:08:06",737000
6.1,0,500,"bu","11:07:47",736000
6.1,0,4500,"sd","11:07:45",735500
6.1,0,1000,"sd","11:06:37",731000
6.1,0,13900,"bu","11:05:14",730000
6.1,0,100,"bu","11:03:19",716100
6.1,0,1500,"bu","11:03:02",716000
6.1,0,1000,"bu","11:02:20",714500
6.1,0,5000,"bu","11:02:18",713500
6.1,0,200,"bu","11:02:04",708500
6.1,0,600,"bu","11:01:45",708300
6.1,0,6700,"bu","11:01:30",707700
6,-0.1,100,"sd","11:01:16",701000
6.1,0,300,"bu","11:01:15",700900
6.1,0,1800,"bu","11:01:04",700600
6.1,0,100,"bu","11:01:00",698800
6.1,0,400,"bu","11:00:45",698700
6.1,0,4000,"bu","11:00:38",698300
6,-0.1,3400,"sd","11:00:02",694300
6,-0.1,3400,"sd","10:59:54",690900
6.1,0,4300,"","10:57:33",687500
6.1,0,5700,"sd","10:57:01",683200
6.1,0,11000,"sd","10:56:59",677500
6.1,0,3000,"sd","10:56:53",666500
6.1,0,9000,"sd","10:56:44",663500
6.1,0,200,"sd","10:54:19",654500
6.1,0,1700,"sd","10:54:16",654300
6.1,0,2000,"bu","10:54:14",652600
6.1,0,300,"bu","10:53:58",650600
6.1,0,600,"bu","10:53:35",650300
6.1,0,400,"bu","10:53:25",649700
6.1,0,3000,"bu","10:52:56",649300
6.1,0,300,"bu","10:52:50",646300
6.1,0,3400,"","10:52:10",646000
6.1,0,1000,"bu","10:51:56",642600
6.1,0,3600,"bu","10:51:47",641600
6.1,0,1600,"sd","10:50:58",638000
6.1,0,2000,"sd","10:49:33",636400
6.1,0,600,"bu","10:48:43",634400
6.1,0,9400,"bu","10:48:40",633800
6.1,0,17000,"sd","10:48:18",624400
6.1,0,300,"sd","10:48:04",607400
6.1,0,500,"sd","10:47:50",607100
6.1,0,500,"sd","10:47:48",606600
6.1,0,8000,"sd","10:47:40",606100
6.1,0,1900,"sd","10:47:32",598100
6.1,0,33700,"sd","10:47:01",596200
6.1,0,10000,"sd","10:46:47",562500
6.1,0,18000,"sd","10:46:30",552500
6.1,0,5000,"sd","10:44:45",534500
6.1,0,13100,"sd","10:44:16",529500
6,-0.1,300,"sd","10:44:14",516400
6.1,0,10000,"bu","10:44:06",516100
6.1,0,7400,"bu","10:43:37",506100
6.1,0,20000,"sd","10:43:33",498700
6.1,0,3500,"sd","10:43:29",478700
6.1,0,15000,"sd","10:42:44",475200
6.1,0,48100,"sd","10:42:36",460200
6.1,0,7000,"sd","10:41:46",412100
6.1,0,5000,"sd","10:41:25",405100
6.1,0,15000,"sd","10:38:04",400100
6.2,0.1,300,"bu","10:37:40",385100
6.1,0,5000,"sd","10:36:49",384800
6.1,0,11200,"sd","10:36:23",379800
6.1,0,1000,"sd","10:36:16",368600
6.1,0,23000,"sd","10:35:50",367600
6.1,0,11000,"sd","10:35:07",344600
6.1,0,41300,"sd","10:34:59",333600
6.1,0,9000,"sd","10:34:33",292300
6.1,0,14000,"sd","10:34:15",283300
6.1,0,2000,"sd","10:33:03",269300
6.1,0,400,"sd","10:31:29",267300
6.2,0.1,900,"bu","10:29:46",266900
6.2,0.1,100,"bu","10:21:14",266000
6.2,0.1,100,"bu","10:15:25",265900
6.2,0.1,600,"bu","10:12:36",265800
6.2,0.1,500,"bu","10:08:42",265200
6.2,0.1,100,"bu","10:08:02",264700
6.2,0.1,5700,"bu","10:06:12",264600
6.1,0,7000,"sd","10:05:41",258900
6.1,0,5000,"sd","10:05:30",251900
6.1,0,3000,"sd","10:03:32",246900
6.2,0.1,1000,"bu","10:03:11",243900
6.2,0.1,100,"bu","10:02:19",242900
6.1,0,5700,"sd","10:00:06",242800
6.1,0,500,"sd","09:59:12",237100
6.1,0,5000,"sd","09:59:08",236600
6.1,0,5000,"sd","09:57:57",231600
6.1,0,25000,"sd","09:57:33",226600
6.1,0,500,"sd","09:56:26",201600
6.1,0,6000,"sd","09:55:52",201100
6.1,0,38000,"sd","09:55:40",195100
6.1,0,13000,"sd","09:54:31",157100
6.1,0,2100,"sd","09:54:01",144100
6.1,0,9000,"sd","09:51:46",142000
6.1,0,7000,"sd","09:51:26",133000
6.1,0,9000,"sd","09:50:59",126000
6.1,0,3000,"sd","09:50:51",117000
6.1,0,7700,"sd","09:48:33",114000
6.2,0.1,4000,"bu","09:46:56",106300
6.2,0.1,10000,"bu","09:43:07",102300
6.1,0,5000,"sd","09:38:20",92300
6.1,0,100,"sd","09:37:56",87300
6.1,0,8000,"sd","09:36:55",87200
6.1,0,15400,"sd","09:30:03",79200
6.2,0.1,500,"bu","09:26:19",63800
6.2,0.1,2000,"bu","09:25:35",63300
6.2,0.1,44000,"bu","09:22:32",61300
6.2,0.1,300,"bu","09:16:16",17300
6.2,0.1,100,"bu","09:13:35",17000
6.2,0.1,500,"bu","09:12:30",16900
6.2,0.1,1000,"bu","09:09:14",16400
6.2,0.1,1000,"bu","09:08:55",15400
6.2,0.1,1000,"bu","09:08:48",14400
6.2,0.1,300,"bu","09:03:51",13400
6.2,0.1,1000,"bu","09:01:15",13100
6.2,0.1,1500,"bu","09:00:13",12100
6.1,0,10600,"sd","09:00:05",10600
