"price","change","match_qtty","side","time","total_vol"
16.5,0.05,157900,"","14:45:01",4064700
16.55,0.1,100,"bu","14:29:52",3906800
16.55,0.1,2000,"bu","14:29:32",3906700
16.5,0.05,400,"sd","14:29:24",3904700
16.55,0.1,4600,"bu","14:29:23",3904300
16.55,0.1,500,"bu","14:29:05",3899700
16.5,0.05,100,"sd","14:28:54",3899200
16.55,0.1,1000,"bu","14:28:53",3899100
16.5,0.05,100,"sd","14:28:44",3898100
16.55,0.1,1000,"bu","14:28:43",3898000
16.55,0.1,100,"bu","14:28:07",3897000
16.55,0.1,100,"bu","14:28:06",3896900
16.5,0.05,5500,"sd","14:28:04",3896800
16.55,0.1,100,"bu","14:27:58",3891300
16.55,0.1,100,"bu","14:27:48",3891200
16.55,0.1,200,"bu","14:27:40",3891100
16.5,0.05,100,"sd","14:26:43",3890900
16.5,0.05,1000,"sd","14:26:42",3890800
16.5,0.05,10000,"sd","14:26:41",3889800
16.5,0.05,100,"sd","14:26:36",3879800
16.5,0.05,1000,"sd","14:26:34",3879700
16.5,0.05,100,"sd","14:26:30",3878700
16.55,0.1,1000,"bu","14:26:29",3878600
16.55,0.1,500,"bu","14:26:07",3877600
16.5,0.05,700,"sd","14:26:03",3877100
16.55,0.1,7500,"bu","14:26:03",3876400
16.5,0.05,200,"sd","14:26:02",3868900
16.5,0.05,2000,"sd","14:26:01",3868700
16.5,0.05,20000,"sd","14:26:00",3866700
16.5,0.05,200,"sd","14:25:58",3846700
16.5,0.05,300,"sd","14:25:58",3846500
16.5,0.05,100,"sd","14:25:51",3846200
16.55,0.1,1000,"bu","14:25:50",3846100
16.5,0.05,300,"sd","14:25:47",3845100
16.5,0.05,200,"sd","14:25:25",3844800
16.5,0.05,2000,"sd","14:25:24",3844600
16.5,0.05,300,"sd","14:24:45",3842600
16.55,0.1,3000,"bu","14:24:44",3842300
16.5,0.05,200,"sd","14:24:08",3839300
16.5,0.05,2400,"sd","14:24:07",3839100
16.6,0.15,200,"sd","11:07:21",1830700
16.6,0.15,2000,"sd","11:07:20",1830500
16.6,0.15,700,"sd","11:04:27",1828500
16.6,0.15,400,"sd","11:03:42",1827800
16.65,0.2,500,"bu","11:03:41",1827400
16.6,0.15,500,"sd","11:03:41",1826900
16.65,0.2,5000,"bu","11:03:40",1826400
16.6,0.15,300,"sd","11:03:24",1821400
16.65,0.2,3000,"bu","11:03:23",1821100
16.65,0.2,200,"bu","11:03:17",1818100
16.65,0.2,100,"bu","11:02:56",1817900
16.65,0.2,500,"bu","11:02:32",1817800
16.6,0.15,600,"sd","11:02:17",1817300
16.65,0.2,6000,"bu","11:02:16",1816700
16.6,0.15,400,"sd","11:02:14",1810700
16.65,0.2,4800,"bu","11:02:13",1810300
16.65,0.2,400,"bu","11:02:02",1805500
16.65,0.2,100,"bu","11:01:53",1805100
16.65,0.2,200,"bu","11:01:52",1805000
16.65,0.2,500,"bu","11:01:09",1804800
16.5,0.05,100,"sd","14:22:12",3798400
16.5,0.05,200,"sd","14:22:01",3798300
16.5,0.05,2300,"sd","14:22:00",3798100
16.5,0.05,100,"sd","14:21:54",3795800
16.5,0.05,500,"sd","14:21:37",3795700
16.5,0.05,5000,"sd","14:21:36",3795200
16.5,0.05,200,"sd","14:21:23",3790200
16.5,0.05,2000,"sd","14:21:22",3790000
16.5,0.05,200,"sd","14:20:17",3788000
16.5,0.05,2500,"sd","14:20:16",3787800
16.55,0.1,100,"bu","14:19:58",3785300
16.5,0.05,800,"sd","14:19:56",3785200
16.5,0.05,8000,"sd","14:19:55",3784400
16.5,0.05,100,"sd","14:19:43",3776400
16.5,0.05,11000,"sd","14:19:42",3776300
16.5,0.05,200,"sd","14:19:41",3765300
16.5,0.05,2500,"sd","14:19:40",3765100
16.5,0.05,100,"sd","14:19:25",3762600
16.5,0.05,1500,"sd","14:19:24",3762500
16.5,0.05,500,"sd","14:19:18",3761000
16.5,0.05,5500,"sd","14:19:17",3760500
16.5,0.05,40000,"sd","14:19:16",3755000
16.55,0.1,100,"bu","14:19:13",3715000
16.5,0.05,400,"sd","14:19:05",3714900
16.5,0.05,4500,"sd","14:19:04",3714500
16.5,0.05,5400,"sd","14:19:03",3710000
16.55,0.1,4500,"bu","14:19:02",3704600
16.5,0.05,200,"sd","14:19:01",3700100
16.5,0.05,2100,"sd","14:19:00",3699900
16.5,0.05,20000,"sd","14:19:00",3697800
16.5,0.05,1000,"sd","14:18:59",3677800
16.5,0.05,10000,"sd","14:18:58",3676800
16.5,0.05,900,"sd","14:18:56",3666800
16.5,0.05,9400,"sd","14:18:55",3665900
16.5,0.05,94600,"sd","14:18:54",3656500
16.5,0.05,100,"sd","14:18:47",3561900
16.55,0.1,1200,"bu","14:18:46",3561800
16.5,0.05,500,"sd","14:18:44",3560600
16.5,0.05,5000,"sd","14:18:43",3560100
16.5,0.05,100,"sd","14:18:42",3555100
16.5,0.05,1000,"sd","14:18:41",3555000
16.5,0.05,600,"sd","14:18:34",3554000
16.55,0.1,6900,"bu","14:18:33",3553400
16.5,0.05,300,"sd","14:18:07",3546500
16.5,0.05,100,"sd","14:17:43",3546200
16.5,0.05,1900,"sd","14:17:42",3546100
16.55,0.1,19400,"sd","14:17:41",3544200
16.55,0.1,500,"sd","14:17:34",3524800
16.55,0.1,5000,"sd","14:17:33",3524300
16.55,0.1,50000,"sd","14:17:33",3519300
16.55,0.1,200,"sd","14:17:30",3469300
16.55,0.1,2000,"sd","14:17:29",3469100
16.55,0.1,20000,"sd","14:17:28",3467100
16.55,0.1,200,"sd","14:17:04",3447100
16.55,0.1,2500,"sd","14:17:03",3446900
16.55,0.1,25000,"sd","14:17:02",3444400
16.55,0.1,300,"sd","14:15:46",3419400
16.55,0.1,3000,"sd","14:15:45",3419100
16.55,0.1,700,"sd","14:14:13",3416100
16.6,0.15,7200,"sd","14:14:12",3415400
16.6,0.15,100,"sd","14:14:08",3408200
16.6,0.15,1000,"sd","14:14:07",3408100
16.6,0.15,300,"sd","14:14:01",3407100
16.6,0.15,3000,"sd","14:14:00",3406800
16.6,0.15,30000,"sd","14:13:59",3403800
16.6,0.15,500,"sd","14:13:53",3373800
16.6,0.15,100,"sd","14:13:20",3373300
16.6,0.15,100,"sd","14:13:19",3373200
16.6,0.15,600,"sd","14:13:07",3373100
16.6,0.15,100,"sd","14:13:06",3372500
16.6,0.15,100,"sd","14:12:48",3372400
16.65,0.2,400,"bu","14:12:44",3372300
16.6,0.15,100,"sd","14:12:35",3371900
16.6,0.15,100,"sd","14:12:24",3371800
16.6,0.15,500,"sd","14:12:16",3371700
16.65,0.2,5000,"bu","14:12:15",3371200
16.6,0.15,300,"sd","14:12:11",3366200
16.6,0.15,3000,"sd","14:12:10",3365900
16.6,0.15,500,"sd","14:12:00",3362900
16.6,0.15,300,"sd","14:11:55",3362400
16.6,0.15,300,"sd","14:11:38",3362100
16.65,0.2,3200,"bu","14:11:37",3361800
16.6,0.15,100,"sd","14:11:19",3358600
16.6,0.15,1000,"sd","14:11:18",3358500
16.65,0.2,500,"bu","14:11:17",3357500
16.6,0.15,100,"sd","14:10:58",3357000
16.6,0.15,1600,"sd","14:10:57",3356900
16.6,0.15,16000,"sd","14:10:56",3355300
16.65,0.2,160000,"bu","14:10:55",3339300
16.6,0.15,500,"sd","14:10:53",3179300
16.6,0.15,300,"sd","14:10:21",3178800
16.65,0.2,3000,"bu","14:10:20",3178500
16.65,0.2,200,"bu","14:10:02",3175500
16.6,0.15,200,"sd","14:09:51",3175300
16.6,0.15,2000,"sd","14:09:50",3175100
16.6,0.15,20000,"sd","14:09:49",3173100
16.6,0.15,500,"sd","14:09:47",3153100
16.6,0.15,100,"sd","14:09:42",3152600
16.6,0.15,1000,"sd","14:09:41",3152500
16.6,0.15,600,"sd","14:09:15",3151500
16.6,0.15,100,"sd","14:09:14",3150900
16.6,0.15,1500,"sd","14:09:13",3150800
16.6,0.15,15000,"sd","14:09:12",3149300
16.6,0.15,500,"sd","14:08:09",3134300
16.6,0.15,5000,"sd","14:08:08",3133800
16.6,0.15,200,"sd","14:08:06",3128800
16.6,0.15,2500,"sd","14:08:05",3128600
16.55,0.1,100,"sd","14:06:36",3126100
16.6,0.15,1000,"bu","14:06:36",3126000
16.6,0.15,500,"bu","14:06:34",3125000
16.6,0.15,100,"bu","14:06:25",3124500
16.6,0.15,400,"sd","14:06:18",3124400
16.55,0.1,200,"sd","14:05:47",3124000
16.55,0.1,2300,"sd","14:05:46",3123800
16.6,0.15,23000,"bu","14:05:45",3121500
16.6,0.15,100,"bu","14:05:41",3098500
16.6,0.15,100,"bu","14:05:37",3098400
16.55,0.1,200,"sd","14:05:29",3098300
16.6,0.15,2000,"bu","14:05:29",3098100
16.55,0.1,9900,"sd","14:04:40",3096100
16.55,0.1,100,"sd","14:04:12",3086200
16.55,0.1,1000,"sd","14:04:11",3086100
16.55,0.1,500,"sd","14:03:47",3085100
16.55,0.1,500,"sd","14:03:28",3084600
16.55,0.1,100,"sd","14:03:06",3084100
16.55,0.1,500,"sd","14:02:59",3084000
16.55,0.1,100,"sd","14:02:58",3083500
16.6,0.15,5000,"bu","14:02:58",3083400
16.55,0.1,1100,"sd","14:02:57",3078400
16.55,0.1,11300,"sd","14:02:56",3077300
16.55,0.1,300,"sd","14:02:42",3066000
16.55,0.1,100,"sd","14:02:26",3065700
16.55,0.1,1000,"sd","14:02:25",3065600
16.55,0.1,10000,"sd","14:02:24",3064600
16.6,0.15,100000,"bu","14:02:24",3054600
16.55,0.1,500,"sd","14:02:09",2954600
16.55,0.1,5000,"sd","14:02:08",2954100
16.6,0.15,50000,"bu","14:02:07",2949100
16.55,0.1,100,"sd","14:00:50",2899100
16.55,0.1,1500,"sd","14:00:49",2899000
16.55,0.1,3000,"bu","13:59:26",2897500
16.5,0.05,300,"sd","13:58:49",2894500
16.5,0.05,3000,"sd","13:58:48",2894200
16.5,0.05,100,"sd","13:58:10",2891200
16.5,0.05,1000,"sd","13:58:09",2891100
16.5,0.05,200,"sd","13:57:28",2890100
16.5,0.05,2800,"sd","13:57:27",2889900
16.55,0.1,28400,"sd","13:57:26",2887100
16.55,0.1,300,"sd","13:56:46",2858700
16.55,0.1,500,"sd","13:56:23",2858400
16.55,0.1,300,"sd","13:55:43",2857900
16.6,0.15,3000,"bu","13:55:42",2857600
16.55,0.1,100,"sd","13:55:15",2854600
16.6,0.15,1500,"bu","13:55:14",2854500
16.55,0.1,200,"sd","13:55:00",2853000
16.55,0.1,300,"sd","13:54:53",2852800
16.55,0.1,100,"sd","13:54:16",2852500
16.6,0.15,1000,"bu","13:54:15",2852400
16.55,0.1,200,"sd","13:54:14",2851400
16.55,0.1,100,"sd","13:53:49",2851200
16.55,0.1,1000,"sd","13:53:48",2851100
16.55,0.1,200,"sd","13:53:44",2850100
16.55,0.1,2000,"sd","13:53:44",2849900
16.6,0.15,400,"bu","13:53:03",2847900
16.6,0.15,500,"bu","13:51:43",2847500
16.55,0.1,600,"sd","13:50:26",2847000
16.55,0.1,6000,"sd","13:50:25",2846400
16.55,0.1,100,"sd","13:49:13",2840400
16.55,0.1,1200,"bu","13:49:12",2840300
16.5,0.05,100,"sd","13:48:52",2839100
16.5,0.05,1800,"sd","13:48:51",2839000
16.55,0.1,18800,"sd","13:48:50",2837200
16.55,0.1,100,"sd","13:48:33",2818400
16.6,0.15,200,"bu","13:48:14",2818300
16.55,0.1,500,"sd","13:48:00",2818100
16.6,0.15,5000,"bu","13:47:59",2817600
16.55,0.1,100,"sd","13:47:08",2812600
16.6,0.15,1000,"bu","13:47:08",2812500
16.55,0.1,100,"sd","13:45:28",2811500
16.55,0.1,100,"sd","13:45:25",2811400
16.55,0.1,1000,"sd","13:45:24",2811300
16.55,0.1,400,"sd","13:45:06",2810300
16.55,0.1,100,"sd","13:45:05",2809900
16.55,0.1,1000,"sd","13:45:04",2809800
16.55,0.1,100,"sd","13:45:00",2808800
16.55,0.1,1000,"sd","13:44:59",2808700
16.55,0.1,100,"sd","13:44:32",2807700
16.55,0.1,100,"sd","13:43:17",2807600
16.55,0.1,1600,"sd","13:43:16",2807500
16.55,0.1,100,"sd","13:41:37",2805900
16.55,0.1,100,"sd","13:41:18",2805800
16.55,0.1,200,"sd","13:39:29",2805700
16.55,0.1,100,"sd","13:39:28",2805500
16.6,0.15,2000,"bu","13:39:28",2805400
16.6,0.15,1800,"bu","13:39:27",2803400
16.55,0.1,100,"sd","13:39:16",2801600
16.55,0.1,100,"sd","13:38:58",2801500
16.55,0.1,1100,"sd","13:38:42",2801400
16.55,0.1,100,"sd","13:37:32",2800300
16.55,0.1,1800,"sd","13:37:31",2800200
16.55,0.1,100,"sd","13:37:15",2798400
16.55,0.1,1000,"sd","13:37:14",2798300
16.55,0.1,100,"sd","13:36:41",2797300
16.55,0.1,1900,"sd","13:36:40",2797200
16.6,0.15,100,"bu","13:36:31",2795300
16.55,0.1,1200,"sd","13:36:29",2795200
16.55,0.1,200,"sd","13:35:21",2794000
16.55,0.1,2000,"sd","13:35:20",2793800
16.55,0.1,100,"sd","13:35:18",2791800
16.55,0.1,200,"sd","13:34:54",2791700
16.55,0.1,2500,"sd","13:34:53",2791500
16.6,0.15,25000,"bu","13:34:52",2789000
16.55,0.1,200,"sd","13:33:55",2764000
16.55,0.1,2500,"sd","13:33:54",2763800
16.6,0.15,25000,"bu","13:33:53",2761300
16.55,0.1,500,"sd","13:32:10",2736300
16.55,0.1,100,"sd","13:31:26",2735800
16.55,0.1,1000,"sd","13:31:25",2735700
16.55,0.1,10000,"sd","13:31:24",2734700
16.6,0.15,500,"bu","13:31:18",2724700
16.6,0.15,100,"bu","13:31:17",2724200
16.6,0.15,200,"bu","13:31:01",2724100
16.55,0.1,100,"sd","13:30:45",2723900
16.55,0.1,2900,"sd","13:30:44",2723800
16.55,0.1,8100,"sd","13:30:43",2720900
16.55,0.1,200,"sd","13:30:26",2712800
16.6,0.15,1000,"bu","13:30:26",2712600
16.55,0.1,1000,"sd","13:30:25",2711600
16.55,0.1,10000,"sd","13:30:24",2710600
16.55,0.1,500,"sd","13:30:19",2700600
16.55,0.1,5000,"sd","13:30:18",2700100
16.6,0.15,50000,"bu","13:30:17",2695100
16.55,0.1,100,"sd","13:30:12",2645100
16.55,0.1,500,"sd","13:30:08",2645000
16.6,0.15,5000,"bu","13:30:07",2644500
16.55,0.1,500,"sd","13:29:23",2639500
16.55,0.1,5000,"sd","13:29:22",2639000
16.6,0.15,50000,"bu","13:29:22",2634000
16.55,0.1,1100,"sd","13:29:18",2584000
16.55,0.1,500,"sd","13:28:48",2582900
16.55,0.1,5000,"sd","13:28:47",2582400
16.6,0.15,50000,"bu","13:28:46",2577400
16.55,0.1,100,"sd","13:28:06",2527400
16.55,0.1,1000,"sd","13:28:05",2527300
16.55,0.1,100,"sd","13:27:44",2526300
16.55,0.1,1000,"sd","13:27:43",2526200
16.55,0.1,10200,"bu","13:27:42",2525200
16.5,0.05,100,"sd","13:27:02",2515000
16.55,0.1,1000,"bu","13:27:02",2514900
16.55,0.1,200,"bu","13:26:01",2513900
16.5,0.05,300,"sd","13:25:55",2513700
16.5,0.05,3000,"sd","13:25:54",2513400
16.5,0.05,100,"sd","13:25:42",2510400
16.55,0.1,1000,"bu","13:25:41",2510300
16.5,0.05,300,"sd","13:25:31",2509300
16.5,0.05,3300,"sd","13:25:30",2509000
16.5,0.05,200,"sd","13:24:11",2505700
16.55,0.1,2000,"bu","13:24:10",2505500
16.5,0.05,100,"sd","13:24:03",2503500
16.5,0.05,1900,"sd","13:24:02",2503400
16.5,0.05,19100,"sd","13:24:01",2501500
16.5,0.05,600,"sd","13:23:54",2482400
16.5,0.05,400,"sd","13:23:42",2481800
16.55,0.1,3000,"bu","13:23:41",2481400
16.5,0.05,500,"sd","13:23:36",2478400
16.5,0.05,5000,"sd","13:23:35",2477900
16.5,0.05,50000,"sd","13:23:34",2472900
16.5,0.05,100,"sd","13:23:04",2422900
16.5,0.05,1500,"sd","13:23:03",2422800
16.5,0.05,200,"sd","13:22:53",2421300
16.5,0.05,100,"sd","13:21:58",2421100
16.5,0.05,500,"sd","13:21:47",2421000
16.5,0.05,400,"sd","13:21:43",2420500
16.5,0.05,4000,"sd","13:21:42",2420100
16.5,0.05,300,"sd","13:21:03",2416100
16.55,0.1,100,"sd","13:21:01",2415800
16.55,0.1,1000,"sd","13:21:00",2415700
16.55,0.1,800,"sd","13:20:53",2414700
16.55,0.1,43200,"sd","13:20:52",2413900
16.55,0.1,200,"sd","13:20:50",2370700
16.55,0.1,400,"sd","13:20:50",2370500
16.55,0.1,500,"sd","13:20:45",2370100
16.55,0.1,100,"sd","13:20:42",2369600
16.55,0.1,1000,"sd","13:20:41",2369500
16.55,0.1,200,"sd","13:20:38",2368500
16.55,0.1,2000,"sd","13:20:37",2368300
16.55,0.1,20000,"sd","13:20:36",2366300
16.55,0.1,100,"sd","13:19:56",2346300
16.55,0.1,1800,"sd","13:19:55",2346200
16.55,0.1,300,"sd","13:19:23",2344400
16.55,0.1,3000,"sd","13:19:23",2344100
16.55,0.1,100,"sd","13:18:52",2341100
16.55,0.1,500,"sd","13:18:06",2341000
16.55,0.1,200,"sd","13:15:55",2340500
16.55,0.1,500,"sd","13:15:36",2340300
16.55,0.1,500,"sd","13:15:24",2339800
16.55,0.1,200,"sd","13:14:37",2339300
16.55,0.1,2000,"sd","13:14:36",2339100
16.55,0.1,200,"sd","13:13:51",2337100
16.55,0.1,100,"sd","13:13:03",2336900
16.55,0.1,1000,"sd","13:13:02",2336800
16.55,0.1,400,"sd","13:12:43",2335800
16.55,0.1,400,"sd","13:12:41",2335400
16.55,0.1,4000,"sd","13:12:40",2335000
16.55,0.1,40000,"sd","13:12:39",2331000
16.55,0.1,100,"sd","13:12:27",2291000
16.55,0.1,100,"sd","13:11:37",2290900
16.55,0.1,1200,"sd","13:11:37",2290800
16.55,0.1,200,"bu","13:11:00",2289600
16.5,0.05,200,"sd","13:10:59",2289400
16.55,0.1,2000,"bu","13:10:58",2289200
16.55,0.1,200,"bu","13:10:55",2287200
16.55,0.1,200,"bu","13:10:44",2287000
16.55,0.1,400,"sd","13:10:04",2286800
16.55,0.1,100,"bu","13:09:43",2286400
16.5,0.05,300,"sd","13:09:40",2286300
16.55,0.1,3900,"sd","13:09:39",2286000
16.55,0.1,100,"sd","13:09:26",2282100
16.55,0.1,1300,"sd","13:09:25",2282000
16.55,0.1,400,"sd","13:09:03",2280700
16.55,0.1,4000,"sd","13:09:02",2280300
16.55,0.1,300,"sd","13:08:53",2276300
16.55,0.1,3000,"bu","13:08:52",2276000
16.55,0.1,100,"bu","13:08:10",2273000
16.5,0.05,100,"sd","13:08:06",2272900
16.55,0.1,500,"sd","13:08:05",2272800
16.55,0.1,500,"sd","13:08:05",2272300
16.55,0.1,600,"sd","13:07:32",2271800
16.55,0.1,100,"sd","13:07:32",2271200
16.6,0.15,700,"bu","13:07:27",2271100
16.55,0.1,300,"sd","13:07:14",2270400
16.55,0.1,3400,"sd","13:07:13",2270100
16.55,0.1,600,"sd","13:06:24",2266700
16.55,0.1,300,"sd","13:06:15",2266100
16.55,0.1,3000,"sd","13:06:15",2265800
16.55,0.1,200,"sd","13:05:41",2262800
16.55,0.1,2000,"sd","13:05:40",2262600
16.55,0.1,20000,"sd","13:05:39",2260600
16.55,0.1,700,"sd","13:04:19",2240600
16.55,0.1,7900,"sd","13:04:18",2239900
16.55,0.1,100,"sd","13:03:36",2232000
16.55,0.1,1000,"sd","13:03:35",2231900
16.55,0.1,10000,"sd","13:03:34",2230900
16.55,0.1,500,"sd","13:03:24",2220900
16.55,0.1,5000,"sd","13:03:24",2220400
16.6,0.15,100,"bu","13:02:56",2215400
16.55,0.1,500,"sd","13:02:24",2215300
16.55,0.1,5000,"sd","13:02:23",2214800
16.55,0.1,100,"sd","13:02:00",2209800
16.55,0.1,1900,"sd","13:01:59",2209700
16.55,0.1,100,"sd","13:01:51",2207800
16.55,0.1,100,"sd","13:01:46",2207700
16.55,0.1,1400,"sd","13:01:45",2207600
16.55,0.1,500,"sd","13:01:28",2206200
16.55,0.1,700,"sd","13:01:17",2205700
16.6,0.15,200,"bu","13:00:42",2205000
16.6,0.15,900,"bu","13:00:33",2204800
16.55,0.1,500,"sd","13:00:29",2203900
16.6,0.15,100,"bu","13:00:28",2203400
16.55,0.1,5000,"sd","13:00:28",2203300
16.6,0.15,100,"bu","13:00:25",2198300
16.55,0.1,200,"sd","13:00:24",2198200
16.6,0.15,2000,"bu","13:00:23",2198000
16.55,0.1,100,"sd","13:00:16",2196000
16.6,0.15,1000,"bu","13:00:16",2195900
16.55,0.1,300,"sd","13:00:12",2194900
16.55,0.1,200,"sd","13:00:06",2194600
16.55,0.1,400,"sd","13:00:05",2194400
16.55,0.1,200,"sd","13:00:04",2194000
16.6,0.15,200,"bu","13:00:01",2193800
16.55,0.1,200,"sd","13:00:00",2193600
16.6,0.15,400,"bu","11:27:37",2193400
16.6,0.15,200,"bu","11:27:24",2193000
16.55,0.1,100,"sd","11:26:48",2192800
16.6,0.15,1000,"bu","11:26:47",2192700
16.55,0.1,100,"sd","11:26:47",2191700
16.55,0.1,1500,"sd","11:26:46",2191600
16.6,0.15,15000,"sd","11:26:45",2190100
16.6,0.15,200,"sd","11:26:28",2175100
16.6,0.15,2200,"sd","11:26:27",2174900
16.6,0.15,22600,"bu","11:26:26",2172700
16.55,0.1,200,"sd","11:26:14",2150100
16.55,0.1,2800,"sd","11:26:13",2149900
16.55,0.1,8700,"sd","11:26:12",2147100
16.6,0.15,107500,"sd","11:26:11",2138400
16.65,0.2,1000,"bu","11:26:10",2030900
16.6,0.15,200,"sd","11:25:35",2029900
16.6,0.15,600,"sd","11:23:37",2029700
16.65,0.2,6000,"bu","11:23:36",2029100
16.6,0.15,400,"sd","11:23:07",2023100
16.65,0.2,4000,"bu","11:23:06",2022700
16.6,0.15,500,"sd","11:23:03",2018700
16.65,0.2,5000,"bu","11:23:02",2018200
16.6,0.15,300,"sd","11:23:02",2013200
16.65,0.2,3300,"bu","11:23:01",2012900
16.6,0.15,500,"sd","11:22:58",2009600
16.65,0.2,100,"bu","11:22:21",2009100
16.6,0.15,100,"sd","11:20:29",2009000
16.6,0.15,500,"sd","11:17:56",2008900
16.6,0.15,5000,"sd","11:17:55",2008400
16.6,0.15,500,"sd","11:17:29",2003400
16.6,0.15,100,"sd","11:16:18",2002900
16.6,0.15,100,"sd","11:15:28",2002800
16.6,0.15,1500,"sd","11:15:27",2002700
16.6,0.15,15000,"sd","11:15:25",2001200
16.6,0.15,300,"sd","11:15:17",1986200
16.65,0.2,3000,"bu","11:15:16",1985900
16.6,0.15,500,"sd","11:15:15",1982900
16.6,0.15,5000,"sd","11:15:14",1982400
16.6,0.15,50000,"sd","11:15:13",1977400
16.6,0.15,200,"sd","11:13:43",1927400
16.6,0.15,2000,"sd","11:13:42",1927200
16.6,0.15,20000,"sd","11:13:40",1925200
16.6,0.15,800,"sd","11:13:14",1905200
16.65,0.2,200,"bu","11:12:43",1904400
16.6,0.15,100,"sd","11:12:41",1904200
16.6,0.15,1700,"sd","11:12:40",1904100
16.65,0.2,17600,"sd","11:12:39",1902400
16.65,0.2,500,"sd","11:12:35",1884800
16.65,0.2,5000,"sd","11:12:34",1884300
16.65,0.2,100,"sd","11:12:20",1879300
16.65,0.2,1900,"bu","11:12:19",1879200
16.6,0.15,100,"sd","11:11:50",1877300
16.65,0.2,1500,"bu","11:11:49",1877200
16.6,0.15,100,"sd","11:11:19",1875700
16.65,0.2,1600,"sd","11:11:17",1875600
16.7,0.25,200,"bu","11:11:13",1874000
16.65,0.2,400,"sd","11:11:09",1873800
16.6,0.15,300,"sd","11:10:41",1873400
16.6,0.15,1300,"sd","11:10:40",1873100
16.65,0.2,2400,"sd","11:10:40",1871800
16.65,0.2,37600,"bu","11:10:39",1869400
16.6,0.15,100,"sd","11:10:27",1831800
16.6,0.15,200,"sd","11:10:04",1831700
16.65,0.2,200,"bu","11:09:56",1831500
16.6,0.15,400,"sd","11:07:58",1831300
16.6,0.15,200,"sd","11:07:33",1830900
16.6,0.15,200,"sd","11:07:21",1830700
16.6,0.15,2000,"sd","11:07:20",1830500
16.6,0.15,700,"sd","11:04:27",1828500
16.6,0.15,400,"sd","11:03:42",1827800
16.65,0.2,500,"bu","11:03:41",1827400
16.6,0.15,500,"sd","11:03:41",1826900
16.65,0.2,5000,"bu","11:03:40",1826400
16.6,0.15,300,"sd","11:03:24",1821400
16.65,0.2,3000,"bu","11:03:23",1821100
16.65,0.2,200,"bu","11:03:17",1818100
16.65,0.2,100,"bu","11:02:56",1817900
16.65,0.2,500,"bu","11:02:32",1817800
16.6,0.15,600,"sd","11:02:17",1817300
16.65,0.2,6000,"bu","11:02:16",1816700
16.6,0.15,400,"sd","11:02:14",1810700
16.65,0.2,4800,"bu","11:02:13",1810300
16.65,0.2,400,"bu","11:02:02",1805500
16.65,0.2,100,"bu","11:01:53",1805100
16.65,0.2,200,"bu","11:01:52",1805000
16.65,0.2,500,"bu","11:01:09",1804800
16.6,0.15,200,"sd","11:00:58",1804300
16.65,0.2,2000,"bu","11:00:57",1804100
16.6,0.15,200,"sd","11:00:09",1802100
16.65,0.2,2200,"bu","11:00:08",1801900
16.6,0.15,200,"sd","11:00:07",1799700
16.6,0.15,2000,"sd","11:00:06",1799500
16.6,0.15,400,"sd","10:59:54",1797500
16.6,0.15,4200,"sd","10:59:53",1797100
16.6,0.15,100,"sd","10:59:43",1792900
16.65,0.2,1300,"bu","10:59:42",1792800
16.6,0.15,600,"sd","10:59:11",1791500
16.6,0.15,6000,"sd","10:59:10",1790900
16.65,0.2,60000,"bu","10:59:09",1784900
16.6,0.15,100,"sd","10:59:05",1724900
16.6,0.15,1000,"sd","10:59:04",1724800
16.6,0.15,100,"sd","10:58:35",1723800
16.6,0.15,1000,"sd","10:58:34",1723700
16.6,0.15,300,"sd","10:57:33",1722700
16.6,0.15,100,"sd","10:56:47",1722400
16.6,0.15,1000,"sd","10:56:46",1722300
16.6,0.15,100,"sd","10:56:14",1721300
16.65,0.2,1400,"bu","10:56:13",1721200
16.6,0.15,600,"sd","10:56:10",1719800
16.6,0.15,6000,"sd","10:56:09",1719200
16.65,0.2,100,"bu","10:55:49",1713200
16.65,0.2,100,"bu","10:55:47",1713100
16.6,0.15,400,"sd","10:55:33",1713000
16.65,0.2,4100,"sd","10:55:32",1712600
16.65,0.2,4500,"sd","10:55:31",1708500
16.65,0.2,100,"sd","10:55:29",1704000
16.65,0.2,900,"sd","10:55:15",1702900
16.65,0.2,9600,"bu","10:55:14",1702000
16.6,0.15,300,"sd","10:55:13",1692400
16.65,0.2,3000,"bu","10:55:12",1692100
16.65,0.2,300,"bu","10:55:01",1689100
16.6,0.15,100,"sd","10:53:25",1688800
16.6,0.15,1400,"sd","10:53:24",1688700
16.6,0.15,14400,"sd","10:53:23",1687300
16.65,0.2,144400,"sd","10:53:22",1672900
16.65,0.2,500,"sd","10:53:19",1528500
16.65,0.2,5000,"sd","10:53:18",1528000
16.65,0.2,100,"sd","10:52:42",1523000
16.65,0.2,100,"sd","10:52:23",1522900
16.65,0.2,1500,"sd","10:52:22",1522800
16.65,0.2,200,"sd","10:51:59",1521300
16.65,0.2,2000,"sd","10:51:58",1521100
16.65,0.2,300,"sd","10:51:26",1519100
16.65,0.2,100,"sd","10:51:22",1518800
16.65,0.2,100,"sd","10:51:21",1518700
16.65,0.2,1000,"sd","10:51:21",1518600
16.65,0.2,10100,"sd","10:51:20",1517600
16.65,0.2,100,"sd","10:51:19",1507500
16.65,0.2,100,"sd","10:51:14",1507400
16.65,0.2,200,"sd","10:51:13",1507300
16.65,0.2,400,"sd","10:51:09",1507100
16.65,0.2,200,"sd","10:51:05",1506700
16.65,0.2,300,"sd","10:50:59",1506500
16.65,0.2,200,"sd","10:50:51",1506200
16.65,0.2,100,"sd","10:50:49",1506000
16.7,0.25,100,"bu","10:50:46",1505900
16.65,0.2,200,"sd","10:50:45",1505800
16.65,0.2,400,"sd","10:50:42",1505600
16.65,0.2,500,"sd","10:50:41",1505200
16.65,0.2,300,"sd","10:50:40",1504700
16.65,0.2,200,"sd","10:50:38",1504400
16.65,0.2,500,"sd","10:50:36",1504200
16.65,0.2,400,"sd","10:50:34",1503700
16.65,0.2,300,"sd","10:50:31",1503300
16.65,0.2,500,"sd","10:50:22",1503000
16.65,0.2,5000,"sd","10:50:21",1502500
16.65,0.2,200,"sd","10:49:48",1497500
16.7,0.25,2000,"bu","10:49:47",1497300
16.7,0.25,100,"bu","10:49:29",1495300
16.65,0.2,300,"sd","10:49:09",1495200
16.65,0.2,200,"sd","10:48:59",1494900
16.7,0.25,2000,"bu","10:48:58",1494700
16.65,0.2,600,"sd","10:48:55",1492700
16.65,0.2,400,"sd","10:48:52",1492100
16.65,0.2,3000,"sd","10:48:51",1491700
16.65,0.2,200,"sd","10:48:33",1488700
16.7,0.25,2000,"bu","10:48:32",1488500
16.65,0.2,100,"sd","10:48:30",1486500
16.6,0.15,500,"sd","10:48:18",1486400
16.6,0.15,4200,"sd","10:48:17",1485900
16.65,0.2,300,"sd","10:48:17",1481700
16.65,0.2,500,"sd","10:48:17",1481400
16.65,0.2,400,"sd","10:48:16",1480900
16.65,0.2,50000,"sd","10:48:16",1480500
16.7,0.25,4500,"bu","10:48:15",1430500
16.65,0.2,200,"sd","10:48:03",1426000
16.65,0.2,2000,"sd","10:48:02",1425800
16.65,0.2,20100,"bu","10:48:01",1423800
16.6,0.15,300,"sd","10:48:00",1403700
16.65,0.2,5000,"bu","10:48:00",1403400
16.65,0.2,3000,"bu","10:47:59",1398400
16.6,0.15,300,"sd","10:47:56",1395400
16.65,0.2,3100,"bu","10:47:55",1395100
16.65,0.2,1100,"bu","10:47:50",1392000
16.6,0.15,200,"sd","10:47:49",1390900
16.65,0.2,2600,"bu","10:47:48",1390700
16.65,0.2,500,"bu","10:47:42",1388100
16.6,0.15,400,"sd","10:47:38",1387600
16.6,0.15,100,"sd","10:47:37",1387200
16.65,0.2,4000,"bu","10:47:36",1387100
16.6,0.15,100,"sd","10:47:33",1383100
16.6,0.15,1000,"sd","10:47:32",1383000
16.65,0.2,10000,"bu","10:47:30",1382000
16.6,0.15,100,"sd","10:47:24",1372000
16.6,0.15,1000,"sd","10:47:23",1371900
16.65,0.2,10000,"bu","10:47:22",1370900
16.6,0.15,200,"sd","10:47:08",1360900
16.6,0.15,2000,"sd","10:47:07",1360700
16.65,0.2,20000,"bu","10:47:06",1358700
16.6,0.15,100,"sd","10:46:35",1338700
16.65,0.2,1000,"bu","10:46:34",1338600
16.65,0.2,600,"bu","10:46:33",1337600
16.65,0.2,200,"bu","10:46:23",1337000
16.65,0.2,500,"bu","10:46:15",1336800
16.6,0.15,300,"sd","10:46:00",1336300
16.65,0.2,3000,"bu","10:45:58",1336000
16.6,0.15,500,"sd","10:45:52",1333000
16.6,0.15,100,"sd","10:45:20",1332500
16.6,0.15,1200,"sd","10:45:19",1332400
16.6,0.15,12200,"bu","10:45:18",1331200
16.55,0.1,100,"sd","10:45:18",1319000
16.6,0.15,1000,"bu","10:45:17",1318900
16.55,0.1,400,"sd","10:45:17",1317900
16.6,0.15,2000,"bu","10:45:15",1315500
16.6,0.15,400,"bu","10:45:14",1313500
16.55,0.1,500,"sd","10:45:13",1313100
16.55,0.1,500,"sd","10:45:12",1312600
16.6,0.15,5000,"bu","10:45:12",1312100
16.6,0.15,5000,"bu","10:45:11",1307100
16.55,0.1,400,"sd","10:45:11",1302100
16.6,0.15,3900,"bu","10:45:10",1301700
16.55,0.1,600,"sd","10:45:10",1297800
16.55,0.1,800,"sd","10:45:09",1297200
16.6,0.15,6000,"bu","10:45:09",1296400
16.6,0.15,300,"bu","10:45:08",1290400
16.6,0.15,8000,"bu","10:45:08",1289600
16.6,0.15,5000,"bu","10:45:07",1281600
16.55,0.1,200,"sd","10:45:06",1276600
16.6,0.15,400,"bu","10:45:06",1276400
16.55,0.1,2300,"sd","10:45:05",1276000
16.6,0.15,100,"bu","10:45:04",1273700
16.55,0.1,19600,"sd","10:45:04",1273600
16.6,0.15,200000,"bu","10:45:03",1254000
16.55,0.1,100,"sd","10:44:50",1054000
16.6,0.15,1200,"bu","10:44:48",1053900
16.55,0.1,300,"sd","10:44:26",1052700
16.55,0.1,3000,"sd","10:44:25",1052400
16.6,0.15,6200,"bu","10:44:24",1049400
16.6,0.15,23800,"bu","10:44:23",1043200
16.6,0.15,500,"bu","10:44:18",1019400
16.55,0.1,600,"sd","10:44:12",1018900
16.6,0.15,6000,"bu","10:44:10",1018300
16.55,0.1,100,"sd","10:44:10",1012300
16.55,0.1,1000,"sd","10:44:09",1012200
16.6,0.15,10000,"bu","10:44:08",1011200
16.6,0.15,200,"bu","10:44:03",1000600
16.6,0.15,500,"bu","10:43:59",1000400
16.55,0.1,100,"sd","10:43:45",999900
16.6,0.15,1000,"bu","10:43:44",999800
16.55,0.1,100,"sd","10:43:44",998800
16.55,0.1,1100,"sd","10:43:43",998700
16.6,0.15,5000,"bu","10:43:42",997600
16.6,0.15,200,"bu","10:43:27",992600
16.55,0.1,500,"sd","10:43:21",992400
16.55,0.1,500,"sd","10:43:07",991900
16.6,0.15,5000,"bu","10:43:06",991400
16.55,0.1,200,"sd","10:43:02",986400
16.6,0.15,2000,"bu","10:43:01",986200
16.55,0.1,100,"sd","10:42:18",984200
16.55,0.1,1900,"sd","10:42:17",984100
16.55,0.1,19000,"sd","10:42:16",982200
16.55,0.1,100,"sd","10:40:57",963200
16.6,0.15,1000,"bu","10:40:56",963100
16.55,0.1,100,"sd","10:40:47",962100
16.6,0.15,1000,"bu","10:40:46",962000
16.6,0.15,100,"bu","10:40:40",961000
16.6,0.15,100,"bu","10:40:22",960900
16.55,0.1,300,"sd","10:40:06",960800
16.6,0.15,3000,"bu","10:40:05",960500
16.55,0.1,500,"sd","10:40:04",957500
16.55,0.1,5000,"sd","10:40:03",957000
16.55,0.1,100,"sd","10:40:02",952000
16.55,0.1,1000,"sd","10:40:01",951900
16.55,0.1,10000,"sd","10:40:00",950900
16.55,0.1,200,"sd","10:39:29",940900
16.55,0.1,600,"sd","10:39:28",940700
16.6,0.15,2000,"bu","10:39:28",940100
16.6,0.15,6800,"bu","10:39:27",938100
16.6,0.15,900,"bu","10:38:55",931300
16.6,0.15,100,"bu","10:38:53",930400
16.55,0.1,200,"sd","10:38:32",930300
16.6,0.15,2000,"bu","10:38:31",930100
16.6,0.15,200,"bu","10:38:02",928100
16.6,0.15,200,"bu","10:38:01",927900
16.55,0.1,200,"sd","10:37:58",927700
16.6,0.15,2000,"bu","10:37:58",927500
16.6,0.15,500,"bu","10:37:36",925500
16.55,0.1,100,"sd","10:37:20",925000
16.55,0.1,1500,"sd","10:37:18",924900
16.55,0.1,100,"sd","10:37:09",923400
16.55,0.1,1000,"sd","10:37:08",923300
16.55,0.1,100,"sd","10:36:31",922300
16.55,0.1,900,"sd","10:36:01",922200
16.55,0.1,100,"sd","10:35:28",921300
16.55,0.1,100,"sd","10:32:30",921200
16.6,0.15,1000,"bu","10:32:29",921100
16.6,0.15,500,"bu","10:32:01",920100
16.5,0.05,100,"sd","10:31:32",919600
16.5,0.05,1200,"sd","10:31:31",919500
16.55,0.1,12600,"bu","10:31:30",918300
16.5,0.05,500,"sd","10:31:25",905700
16.55,0.1,5000,"bu","10:31:24",905200
16.55,0.1,100,"bu","10:31:05",900200
16.55,0.1,100,"bu","10:30:47",900100
16.55,0.1,100,"bu","10:30:43",900000
16.55,0.1,100,"bu","10:30:38",899900
16.55,0.1,200,"bu","10:30:36",899800
16.5,0.05,200,"sd","10:30:29",899600
16.55,0.1,2400,"bu","10:30:28",899400
16.5,0.05,300,"sd","10:30:22",897000
16.55,0.1,3800,"bu","10:30:21",896700
16.5,0.05,200,"sd","10:30:18",892900
16.55,0.1,2500,"bu","10:30:16",892700
16.5,0.05,200,"sd","10:29:54",890200
16.5,0.05,2000,"sd","10:29:53",890000
16.55,0.1,20000,"bu","10:29:52",888000
16.5,0.05,100,"sd","10:29:44",868000
16.55,0.1,1000,"bu","10:29:43",867900
16.5,0.05,100,"sd","10:27:51",866900
16.5,0.05,100,"sd","10:27:33",866800
16.5,0.05,100,"sd","10:27:12",866700
16.55,0.1,1000,"bu","10:27:11",866600
16.5,0.05,100,"sd","10:27:04",865600
16.55,0.1,1200,"sd","10:27:03",865500
16.55,0.1,100,"sd","10:27:02",864300
16.55,0.1,400,"sd","10:27:01",864200
16.55,0.1,800,"sd","10:27:01",863800
16.55,0.1,12500,"sd","10:27:00",863000
16.55,0.1,100,"sd","10:25:38",850500
16.55,0.1,1000,"sd","10:25:37",850400
16.55,0.1,100,"sd","10:25:24",849400
16.55,0.1,100,"sd","10:25:23",849300
16.55,0.1,1000,"sd","10:25:22",849200
16.55,0.1,400,"sd","10:24:42",848200
16.55,0.1,4000,"sd","10:24:41",847800
16.55,0.1,40000,"sd","10:24:40",843800
16.55,0.1,100,"sd","10:24:19",803800
16.55,0.1,1000,"sd","10:24:18",803700
16.55,0.1,10000,"sd","10:24:17",802700
16.55,0.1,500,"sd","10:23:53",792700
16.55,0.1,5000,"sd","10:23:52",792200
16.55,0.1,100,"sd","10:22:37",787200
16.55,0.1,1300,"sd","10:22:36",787100
16.55,0.1,700,"sd","10:22:32",785800
16.55,0.1,7000,"sd","10:22:31",785100
16.55,0.1,300,"sd","10:22:25",778100
16.55,0.1,3000,"sd","10:22:24",777800
16.55,0.1,100,"sd","10:22:13",774800
16.55,0.1,1000,"sd","10:22:12",774700
16.55,0.1,10000,"sd","10:22:11",773700
16.55,0.1,100,"sd","10:22:06",763700
16.55,0.1,1000,"sd","10:22:05",763600
16.55,0.1,10000,"sd","10:22:03",762600
16.55,0.1,100,"sd","10:21:21",752600
16.55,0.1,1000,"sd","10:21:20",752500
16.55,0.1,10000,"sd","10:21:19",751500
16.55,0.1,500,"sd","10:20:53",741500
16.55,0.1,500,"sd","10:20:25",741000
16.6,0.15,5000,"bu","10:20:24",740500
16.6,0.15,300,"bu","10:19:38",735500
16.6,0.15,500,"bu","10:19:22",735200
16.6,0.15,100,"bu","10:19:21",734700
16.6,0.15,800,"bu","10:18:18",734600
16.55,0.1,100,"sd","10:16:15",733800
16.55,0.1,100,"sd","10:16:06",733700
16.55,0.1,500,"sd","10:15:18",733600
16.55,0.1,100,"sd","10:14:52",733100
16.55,0.1,900,"sd","10:14:28",733000
16.55,0.1,9200,"sd","10:14:27",732100
16.55,0.1,800,"sd","10:14:26",722900
16.55,0.1,100,"sd","10:14:13",722100
16.55,0.1,1200,"sd","10:14:11",722000
16.55,0.1,200,"sd","10:14:03",720800
16.55,0.1,2000,"sd","10:14:02",720600
16.55,0.1,100,"sd","10:13:57",698600
16.55,0.1,1000,"sd","10:13:56",698500
16.55,0.1,10000,"sd","10:13:55",697500
16.55,0.1,100,"sd","10:13:26",687500
16.55,0.1,800,"sd","10:13:24",687400
16.55,0.1,8200,"sd","10:13:23",686600
16.55,0.1,300,"sd","10:13:20",678400
16.6,0.15,1000,"bu","10:13:19",678100
16.55,0.1,300,"sd","10:13:18",677100
16.55,0.1,3000,"sd","10:13:17",676800
16.55,0.1,30000,"sd","10:13:15",673500
16.55,0.1,200,"sd","10:13:13",643500
16.55,0.1,300,"sd","10:12:45",643300
16.55,0.1,200,"sd","10:12:42",643000
16.55,0.1,300,"sd","10:12:40",642800
16.55,0.1,200,"sd","10:12:38",642500
16.55,0.1,300,"sd","10:12:30",642300
16.55,0.1,400,"sd","10:12:28",642000
16.6,0.15,1000,"bu","10:12:27",641600
16.55,0.1,400,"sd","10:12:27",640600
16.6,0.15,3200,"bu","10:12:27",640200
16.55,0.1,200,"sd","10:12:25",637000
16.55,0.1,300,"sd","10:12:22",636800
16.6,0.15,300,"bu","10:12:13",636500
16.55,0.1,200,"sd","10:10:53",636200
16.55,0.1,300,"sd","10:10:48",636000
16.55,0.1,3200,"sd","10:10:47",635700
16.55,0.1,100,"sd","10:10:19",632500
16.55,0.1,200,"sd","10:10:18",632400
16.6,0.15,1000,"bu","10:10:18",632200
16.6,0.15,2000,"bu","10:10:17",631200
16.6,0.15,100,"bu","10:10:08",629200
16.55,0.1,500,"sd","10:09:41",629100
16.6,0.15,5000,"bu","10:09:40",628600
16.55,0.1,400,"sd","10:07:34",623600
16.6,0.15,500,"bu","10:07:30",623200
16.55,0.1,200,"sd","10:07:22",622700
16.6,0.15,2500,"bu","10:07:20",622500
16.55,0.1,100,"sd","10:07:19",620000
16.6,0.15,1000,"bu","10:07:18",619900
16.55,0.1,100,"sd","10:07:02",618900
16.6,0.15,1000,"bu","10:07:01",618800
16.55,0.1,200,"sd","10:06:59",617800
16.6,0.15,2000,"bu","10:06:58",617600
16.6,0.15,100,"bu","10:06:56",615600
16.55,0.1,100,"sd","10:06:29",615500
16.6,0.15,1000,"bu","10:06:27",615400
16.55,0.1,200,"sd","10:06:21",614400
16.55,0.1,2000,"bu","10:06:20",614200
16.5,0.05,100,"sd","10:06:17",612200
16.55,0.1,1000,"bu","10:06:16",612100
16.5,0.05,100,"sd","10:06:16",611100
16.5,0.05,1500,"sd","10:06:15",611000
16.55,0.1,15000,"bu","10:06:14",609500
16.5,0.05,100,"sd","10:06:10",594500
16.55,0.1,1000,"bu","10:06:07",594400
16.5,0.05,100,"sd","10:05:57",593400
16.5,0.05,1100,"sd","10:05:56",593300
16.5,0.05,11500,"bu","10:05:55",592200
16.5,0.05,100,"bu","10:05:51",580700
16.45,0,200,"sd","10:05:44",580600
16.5,0.05,2000,"bu","10:05:43",580400
16.45,0,100,"sd","10:05:40",578400
16.5,0.05,1300,"bu","10:05:39",578300
16.5,0.05,100,"bu","10:05:31",577000
16.45,0,800,"sd","10:05:24",576900
16.5,0.05,200,"bu","10:05:15",576100
16.45,0,100,"sd","10:04:59",575900
16.45,0,1500,"sd","10:04:58",575800
16.5,0.05,15000,"bu","10:04:57",574300
16.45,0,500,"sd","10:04:41",559300
16.5,0.05,5000,"bu","10:04:40",558800
16.45,0,500,"sd","10:03:39",553800
16.45,0,5000,"sd","10:03:38",553300
16.5,0.05,50000,"bu","10:03:37",548300
16.45,0,100,"sd","10:03:36",498300
16.45,0,1000,"sd","10:03:35",498200
16.45,0,100,"sd","10:03:13",497200
16.45,0,1000,"sd","10:03:12",497100
16.45,0,100,"sd","10:03:07",496100
16.45,0,1000,"sd","10:03:06",496000
16.45,0,100,"sd","10:02:55",495000
16.45,0,11000,"sd","10:02:54",494900
16.45,0,100,"sd","10:01:34",483900
16.45,0,1000,"sd","10:01:33",483800
16.45,0,9900,"sd","10:01:32",482800
16.45,0,100,"sd","10:00:40",472900
16.5,0.05,1000,"bu","10:00:38",472800
16.5,0.05,300,"bu","09:59:50",471800
16.45,0,100,"sd","09:59:48",471500
16.45,0,1300,"sd","09:59:47",471400
16.45,0,13600,"bu","09:59:45",470100
16.45,0,100,"bu","09:59:43",456500
16.4,-0.05,300,"sd","09:59:37",456400
16.4,-0.05,3600,"sd","09:59:36",456100
16.45,0,36300,"sd","09:59:35",452500
16.45,0,200,"sd","09:59:13",416200
16.45,0,100,"sd","09:59:11",416000
16.5,0.05,1000,"bu","09:59:10",415900
16.45,0,200,"sd","09:59:10",414900
16.45,0,2000,"sd","09:59:09",414700
16.5,0.05,100,"bu","09:58:53",412700
16.5,0.05,200,"bu","09:58:48",412600
16.5,0.05,100,"bu","09:58:23",412400
16.45,0,500,"sd","09:57:21",412300
16.45,0,5000,"sd","09:57:20",411800
16.45,0,500,"sd","09:57:14",406800
16.5,0.05,5000,"bu","09:57:13",406300
16.45,0,500,"sd","09:56:02",401300
16.45,0,5000,"sd","09:56:01",400800
16.45,0,500,"sd","09:54:46",395800
16.45,0,5000,"sd","09:54:45",395300
16.45,0,200,"sd","09:54:30",390300
16.45,0,2000,"sd","09:54:29",390100
16.45,0,300,"sd","09:54:18",388100
16.45,0,3500,"sd","09:54:17",387800
16.45,0,35700,"sd","09:54:15",384300
16.45,0,500,"sd","09:53:45",348600
16.45,0,100,"sd","09:52:52",348100
16.45,0,1000,"sd","09:52:51",348000
16.45,0,10000,"sd","09:52:49",347000
16.45,0,200,"sd","09:52:48",337000
16.45,0,2500,"sd","09:52:47",336800
16.45,0,500,"sd","09:52:25",334300
16.45,0,100,"sd","09:50:43",333800
16.5,0.05,1000,"bu","09:50:42",333700
16.45,0,200,"sd","09:49:41",332700
16.45,0,100,"sd","09:49:16",332500
16.45,0,1000,"sd","09:49:15",332400
16.45,0,100,"sd","09:49:15",331400
16.45,0,1000,"sd","09:49:14",331300
16.5,0.05,10000,"bu","09:49:13",330300
16.5,0.05,600,"bu","09:48:15",320300
16.45,0,200,"sd","09:47:21",319700
16.5,0.05,2000,"bu","09:47:20",319500
16.45,0,400,"sd","09:45:49",317500
16.45,0,100,"sd","09:45:27",317100
16.45,0,1000,"sd","09:45:26",317000
16.45,0,200,"sd","09:45:18",316000
16.45,0,2000,"sd","09:45:17",315800
16.45,0,200,"sd","09:45:16",313800
16.45,0,2300,"sd","09:45:15",313600
16.45,0,23500,"bu","09:45:14",311300
16.4,-0.05,100,"sd","09:44:56",287800
16.45,0,1000,"bu","09:44:55",287700
16.4,-0.05,500,"sd","09:44:27",286700
16.4,-0.05,5300,"sd","09:44:26",286200
16.45,0,45700,"bu","09:44:25",280900
16.45,0,7500,"bu","09:44:24",235200
16.4,-0.05,100,"sd","09:44:14",227700
16.45,0,1000,"bu","09:44:13",227600
16.45,0,100,"bu","09:43:18",226600
16.45,0,500,"bu","09:43:17",226500
16.45,0,200,"bu","09:43:07",226000
16.45,0,300,"bu","09:42:53",225800
16.45,0,100,"bu","09:42:04",225500
16.45,0,300,"bu","09:41:50",225400
16.45,0,400,"bu","09:41:34",225100
16.4,-0.05,100,"sd","09:41:33",224700
16.4,-0.05,1500,"sd","09:41:32",224600
16.45,0,15000,"bu","09:41:31",223100
16.45,0,500,"bu","09:41:03",208100
16.4,-0.05,100,"sd","09:41:01",207600
16.4,-0.05,1000,"sd","09:41:00",207500
16.45,0,100,"bu","09:40:52",206500
16.4,-0.05,100,"sd","09:40:11",206400
16.4,-0.05,1000,"sd","09:40:10",206300
16.4,-0.05,500,"sd","09:39:06",205300
16.4,-0.05,700,"sd","09:38:09",204800
16.4,-0.05,1700,"sd","09:38:08",204100
16.4,-0.05,100,"sd","09:37:06",202400
16.45,0,1200,"bu","09:37:05",202300
16.4,-0.05,100,"sd","09:36:24",201100
16.4,-0.05,300,"sd","09:36:12",201000
16.4,-0.05,100,"sd","09:35:56",200700
16.45,0,1000,"bu","09:35:54",200600
16.4,-0.05,800,"sd","09:35:18",199600
16.4,-0.05,400,"sd","09:34:53",198800
16.45,0,500,"bu","09:34:49",198400
16.4,-0.05,100,"sd","09:34:49",197900
16.45,0,4300,"sd","09:34:49",197800
16.45,0,1200,"sd","09:34:48",193500
16.45,0,12000,"sd","09:34:47",192300
16.45,0,100,"sd","09:34:15",180300
16.45,0,1000,"sd","09:34:14",180200
16.45,0,100,"sd","09:33:55",179200
16.45,0,1000,"sd","09:33:54",179100
16.45,0,700,"sd","09:33:08",178100
16.45,0,1000,"sd","09:33:06",177400
16.45,0,1000,"sd","09:33:05",176400
16.45,0,300,"sd","09:32:55",175400
16.45,0,10500,"sd","09:31:56",175100
16.45,0,500,"sd","09:29:54",164600
16.45,0,1600,"bu","09:28:37",164100
16.45,0,2400,"bu","09:28:16",162500
16.45,0,6000,"sd","09:28:08",160100
16.45,0,10000,"sd","09:28:00",154100
16.45,0,100,"sd","09:27:30",144100
16.45,0,100,"sd","09:27:09",144000
16.45,0,300,"sd","09:26:42",143900
16.45,0,900,"sd","09:26:20",143600
16.45,0,5200,"sd","09:26:13",142700
16.45,0,1700,"sd","09:26:04",137500
16.45,0,300,"sd","09:26:02",135800
16.45,0,600,"sd","09:25:51",135500
16.45,0,4100,"sd","09:25:48",134900
16.45,0,300,"sd","09:25:46",130800
16.45,0,1900,"sd","09:25:45",130500
16.45,0,1600,"sd","09:25:42",128600
16.45,0,900,"sd","09:25:32",127000
16.45,0,3200,"sd","09:25:30",126100
16.5,0.05,1500,"bu","09:25:29",122900
16.5,0.05,300,"bu","09:25:15",121400
16.5,0.05,12500,"sd","09:25:13",121100
16.5,0.05,300,"sd","09:25:13",108600
16.55,0.1,9800,"sd","09:25:13",108300
16.6,0.15,100,"bu","09:25:09",98500
16.6,0.15,10000,"bu","09:24:58",98400
16.6,0.15,100,"bu","09:24:35",88400
16.55,0.1,3000,"sd","09:24:26",88300
16.6,0.15,30600,"bu","09:24:25",85300
16.55,0.1,17200,"bu","09:24:12",54700
16.5,0.05,10000,"sd","09:23:03",37500
16.5,0.05,700,"bu","09:22:17",27500
16.5,0.05,14200,"bu","09:22:11",26800
16.5,0.05,200,"bu","09:20:51",12600
16.5,0.05,200,"bu","09:19:38",12400
16.45,0,100,"sd","09:19:13",12200
16.5,0.05,100,"bu","09:18:14",12100
16.5,0.05,1000,"bu","09:18:08",12000
16.5,0.05,100,"bu","09:16:22",11000
16.45,0,400,"sd","09:16:20",10900
16.5,0.05,400,"bu","09:16:18",10500
16.5,0.05,100,"bu","09:16:14",10100
16.5,0.05,2000,"bu","09:16:10",10000
16.5,0.05,2000,"bu","09:15:46",8000
16.5,0.05,2000,"bu","09:15:34",6000
16.5,0.05,500,"bu","09:15:03",4000
16.45,0,3500,"","09:15:01",3500
