"price","change","match_qtty","side","time","total_vol"
14.6,0.1,262700,"","14:45:01",6952200
14.6,0.1,11800,"bu","14:29:59",6689500
14.55,0.05,10000,"sd","14:29:58",6677700
14.55,0.05,2700,"sd","14:29:57",6667700
14.55,0.05,2700,"sd","14:29:56",6665000
14.6,0.1,500,"bu","14:29:55",6662300
14.55,0.05,2700,"sd","14:29:54",6661800
14.6,0.1,3000,"bu","14:29:49",6659100
14.6,0.1,2000,"bu","14:29:45",6656100
14.55,0.05,8100,"sd","14:29:44",6654100
14.6,0.1,14000,"bu","14:29:42",6646000
14.6,0.1,5000,"bu","14:29:39",6632000
14.6,0.1,6000,"bu","14:29:33",6627000
14.6,0.1,2000,"bu","14:29:32",6621000
14.6,0.1,1000,"bu","14:29:31",6619000
14.6,0.1,1000,"bu","14:29:28",6618000
14.6,0.1,400,"bu","14:29:20",6617000
14.6,0.1,8800,"bu","14:29:17",6616600
14.6,0.1,100,"bu","14:29:12",6607800
14.6,0.1,2000,"bu","14:29:09",6607700
14.6,0.1,500,"bu","14:28:57",6605700
14.6,0.1,900,"bu","14:28:55",6605200
14.6,0.1,6500,"bu","14:28:48",6604300
14.6,0.1,100,"bu","14:28:46",6597800
14.6,0.1,2000,"bu","14:28:19",6597700
14.6,0.1,3000,"bu","14:28:14",6595700
14.6,0.1,1000,"bu","14:28:01",6592700
14.55,0.05,300,"sd","14:27:38",6591700
14.6,0.1,2000,"bu","14:27:34",6591400
14.6,0.1,7000,"bu","14:27:30",6589400
14.6,0.1,400,"bu","14:27:28",6582400
14.6,0.1,7200,"bu","14:27:18",6582000
14.6,0.1,800,"bu","14:27:16",6574800
14.6,0.1,3400,"bu","14:27:16",6574000
14.6,0.1,30000,"bu","14:27:06",6570600
14.6,0.1,2600,"bu","14:26:48",6540600
14.55,0.05,5000,"bu","14:26:47",6538000
14.6,0.1,32500,"bu","14:26:33",6533000
14.55,0.05,167500,"bu","14:26:33",6500500
14.55,0.05,6300,"bu","14:26:18",6333000
14.55,0.05,20900,"bu","14:25:56",6326700
14.5,0,800,"sd","14:25:50",6305800
14.5,0,2800,"sd","14:25:43",6305000
14.55,0.05,2000,"bu","14:25:41",6302200
14.55,0.05,10000,"bu","14:25:30",6300200
14.55,0.05,2000,"bu","14:25:16",6290200
14.5,0,700,"sd","14:25:11",6288200
14.5,0,100,"sd","14:25:05",6287500
14.5,0,500,"sd","14:25:03",6287400
14.55,0.05,300,"bu","14:24:52",6286900
14.55,0.05,100,"bu","14:24:33",6286600
14.55,0.05,100,"bu","14:24:27",6286500
14.55,0.05,800,"bu","14:24:18",6286400
14.55,0.05,1000,"bu","14:24:01",6285600
14.55,0.05,30000,"bu","14:23:43",6284600
14.5,0,23200,"bu","14:23:41",6254600
14.5,0,2400,"bu","14:23:29",6231400
14.5,0,500,"bu","14:23:12",6229000
14.5,0,7000,"bu","14:23:11",6228500
14.45,-0.05,1500,"sd","14:23:08",6221500
14.5,0,200,"bu","14:22:33",6220000
14.5,0,9000,"bu","14:22:30",6219800
14.5,0,20000,"bu","14:22:27",6210800
14.5,0,11000,"bu","14:22:04",6190800
14.5,0,2900,"bu","14:21:57",6179800
14.5,0,1100,"sd","14:21:56",6176900
14.5,0,1900,"bu","14:21:55",6175800
14.5,0,8100,"sd","14:21:48",6173900
14.5,0,20000,"sd","14:21:42",6165800
14.5,0,50000,"sd","14:21:41",6145800
14.5,0,1000,"bu","14:21:30",6095800
14.5,0,4200,"sd","14:21:25",6094800
14.5,0,2000,"sd","14:21:09",6090600
14.5,0,50100,"sd","14:21:02",6088600
14.5,0,200,"sd","14:21:02",6038500
14.5,0,1500,"sd","14:20:59",6038300
14.5,0,200,"sd","14:20:57",6036800
14.5,0,100000,"sd","14:20:56",6036600
14.5,0,200,"sd","14:20:47",5936600
14.5,0,200,"sd","14:20:40",5936400
14.55,0.05,10000,"bu","14:20:31",5936200
14.55,0.05,200,"bu","14:20:12",5926200
14.55,0.05,2600,"bu","14:20:02",5926000
14.55,0.05,5000,"bu","14:19:35",5923400
14.55,0.05,2500,"bu","14:19:32",5918400
14.55,0.05,19000,"sd","14:19:29",5915900
14.55,0.05,4400,"sd","14:19:28",5896900
14.6,0.1,2400,"bu","14:19:23",5892500
14.55,0.05,4000,"sd","14:19:08",5890100
14.6,0.1,2600,"bu","14:19:04",5886100
14.6,0.1,100,"bu","14:19:01",5883500
14.55,0.05,300,"sd","14:18:48",5883400
14.55,0.05,2500,"sd","14:18:46",5883100
14.55,0.05,5000,"sd","14:18:44",5880600
14.55,0.05,1000,"sd","14:18:42",5875600
14.55,0.05,15000,"sd","14:18:33",5874600
14.55,0.05,2000,"sd","14:18:27",5859600
14.55,0.05,10000,"bu","14:18:20",5857600
14.55,0.05,19600,"bu","14:18:15",5847600
14.55,0.05,2000,"bu","14:18:14",5828000
14.55,0.05,3000,"bu","14:18:11",5826000
14.55,0.05,2600,"bu","14:18:09",5823000
14.55,0.05,2000,"bu","14:18:07",5820400
14.55,0.05,1000,"bu","14:18:02",5818400
14.55,0.05,2000,"bu","14:18:00",5817400
14.55,0.05,1000,"bu","14:17:58",5815400
14.55,0.05,500,"bu","14:17:55",5814400
14.55,0.05,3000,"bu","14:17:52",5813900
14.55,0.05,200,"bu","14:17:50",5810900
14.55,0.05,2600,"bu","14:17:42",5810700
14.55,0.05,1000,"bu","14:17:36",5808100
14.55,0.05,100,"bu","14:17:22",5807100
14.55,0.05,300,"sd","14:17:19",5807000
14.55,0.05,9700,"bu","14:17:16",5806700
14.55,0.05,40000,"bu","14:17:15",5797000
14.55,0.05,2600,"bu","14:17:13",5757000
14.55,0.05,2400,"bu","14:17:11",5754400
14.5,0,1800,"sd","14:17:11",5752000
14.55,0.05,3000,"bu","14:16:53",5750200
14.55,0.05,3800,"sd","14:16:47",5747200
14.55,0.05,2000,"sd","14:16:44",5743400
14.55,0.05,900,"bu","14:16:17",5741400
14.55,0.05,1000,"bu","14:16:10",5740500
14.5,0,300,"sd","14:16:10",5739500
14.55,0.05,50000,"bu","14:16:06",5739200
14.55,0.05,3000,"bu","14:15:59",5689200
14.55,0.05,5000,"bu","14:15:53",5686200
14.5,0,100000,"sd","14:15:53",5681200
14.5,0,15000,"sd","14:15:47",5581200
14.55,0.05,3300,"bu","14:15:34",5566200
14.55,0.05,1800,"bu","14:15:28",5562900
14.55,0.05,1000,"bu","14:15:22",5561100
14.55,0.05,2600,"bu","14:15:20",5560100
14.55,0.05,4000,"bu","14:15:15",5557500
14.55,0.05,500,"bu","14:15:01",5553500
14.55,0.05,400,"bu","14:14:58",5553000
14.55,0.05,2600,"bu","14:14:54",5552600
14.55,0.05,1700,"sd","14:14:52",5550000
14.55,0.05,200,"sd","14:14:45",5548300
14.55,0.05,100,"bu","14:14:44",5548100
14.55,0.05,5000,"bu","14:14:41",5548000
14.55,0.05,25000,"bu","14:14:36",5543000
14.55,0.05,100,"bu","14:14:32",5518000
14.55,0.05,2000,"bu","14:14:31",5517900
14.55,0.05,20000,"bu","14:14:28",5515900
14.55,0.05,6400,"bu","14:14:28",5495900
14.55,0.05,2000,"bu","14:14:27",5489500
14.55,0.05,1200,"bu","14:14:24",5487500
14.55,0.05,400,"bu","14:14:17",5486300
14.55,0.05,10000,"bu","14:14:16",5485900
14.55,0.05,4400,"bu","14:14:14",5475900
14.55,0.05,1000,"bu","14:14:13",5471500
14.5,0,10000,"sd","14:14:11",5470500
14.55,0.05,30000,"bu","14:14:11",5460500
14.55,0.05,400,"bu","14:14:03",5430500
14.55,0.05,2000,"bu","14:14:01",5430100
14.55,0.05,9000,"sd","14:14:00",5428100
14.6,0.1,2600,"bu","14:13:58",5419100
14.6,0.1,5800,"bu","14:13:43",5416500
14.6,0.1,1000,"bu","14:13:41",5410700
14.55,0.05,500,"sd","14:13:41",5409700
14.55,0.05,3200,"bu","14:13:34",5409200
14.55,0.05,8600,"bu","14:13:29",5406000
14.55,0.05,300,"bu","14:13:26",5397400
14.55,0.05,2000,"bu","14:13:25",5397100
14.55,0.05,4000,"bu","14:13:20",5395100
14.55,0.05,2000,"bu","14:13:18",5391100
14.55,0.05,2000,"bu","14:13:17",5389100
14.55,0.05,5000,"bu","14:13:13",5387100
14.55,0.05,700,"bu","14:13:08",5382100
14.55,0.05,72300,"sd","14:13:06",5381400
14.6,0.1,500,"bu","14:13:03",5309100
14.6,0.1,2600,"bu","14:13:02",5308600
14.55,0.05,79000,"sd","14:13:01",5306000
14.6,0.1,2000,"bu","14:12:57",5227000
14.6,0.1,2000,"bu","14:12:56",5225000
14.6,0.1,9800,"bu","14:12:54",5223000
14.6,0.1,1300,"bu","14:12:50",5213200
14.6,0.1,3700,"bu","14:12:50",5211900
14.55,0.05,3000,"sd","14:12:49",5208200
14.6,0.1,6800,"bu","14:12:48",5205200
14.6,0.1,900,"bu","14:12:46",5198400
14.6,0.1,1000,"bu","14:12:45",5197500
14.6,0.1,300,"bu","14:12:44",5196500
14.6,0.1,10000,"bu","14:12:42",5196200
14.6,0.1,8300,"bu","14:12:38",5186200
14.6,0.1,3000,"bu","14:12:36",5177900
14.6,0.1,2600,"bu","14:12:35",5174900
14.6,0.1,400,"bu","14:12:32",5172300
14.6,0.1,100,"bu","14:12:21",5171900
14.6,0.1,1000,"bu","14:12:20",5171800
14.6,0.1,9100,"bu","14:12:11",5170800
14.6,0.1,8000,"bu","14:12:10",5161700
14.6,0.1,2600,"bu","14:12:06",5153700
14.6,0.1,2500,"bu","14:11:59",5151100
14.6,0.1,20000,"bu","14:11:56",5148600
14.6,0.1,100,"bu","14:11:53",5128600
14.6,0.1,2000,"bu","14:11:51",5128500
14.6,0.1,500,"bu","14:11:49",5126500
14.55,0.05,2700,"sd","14:11:47",5126000
14.6,0.1,900,"bu","14:11:44",5123300
14.55,0.05,100,"sd","14:11:41",5122400
14.6,0.1,7600,"bu","14:11:39",5122300
14.6,0.1,2000,"bu","14:11:36",5114700
14.55,0.05,2700,"sd","14:11:32",5112700
14.55,0.05,100,"sd","14:11:31",5110000
14.55,0.05,7000,"sd","14:11:26",5109900
14.55,0.05,2700,"sd","14:11:22",5102900
14.55,0.05,300,"sd","14:11:18",5100200
14.55,0.05,7500,"sd","14:10:49",5099900
14.55,0.05,13600,"bu","14:10:44",5092400
14.55,0.05,2600,"bu","14:10:44",5078800
14.55,0.05,30000,"bu","14:10:42",5076200
14.55,0.05,100,"bu","14:10:41",5046200
14.55,0.05,500,"bu","14:10:38",5046100
14.55,0.05,75000,"bu","14:10:37",5045600
14.55,0.05,10900,"bu","14:10:35",4970600
14.55,0.05,10000,"bu","14:10:34",4959700
14.55,0.05,20000,"bu","14:10:32",4949700
14.55,0.05,12100,"bu","14:10:31",4929700
14.55,0.05,10000,"bu","14:10:30",4917600
14.55,0.05,4000,"bu","14:10:27",4907600
14.55,0.05,200,"bu","14:10:27",4903600
14.55,0.05,100,"bu","14:10:24",4903400
14.55,0.05,500,"bu","14:10:20",4903300
14.55,0.05,12800,"bu","14:10:15",4902800
14.55,0.05,3000,"bu","14:10:14",4890000
14.55,0.05,1000,"bu","14:10:09",4887000
14.55,0.05,2700,"bu","14:10:06",4886000
14.55,0.05,5000,"bu","14:10:06",4883300
14.55,0.05,5600,"bu","14:09:59",4878300
14.55,0.05,8000,"bu","14:09:59",4872700
14.55,0.05,200,"bu","14:09:58",4864700
14.55,0.05,13000,"bu","14:09:50",4864500
14.55,0.05,12800,"bu","14:09:48",4851500
14.55,0.05,6500,"bu","14:09:47",4838700
14.55,0.05,200,"bu","14:09:38",4832200
14.55,0.05,5000,"bu","14:09:27",4832000
14.55,0.05,2600,"bu","14:09:20",4827000
14.55,0.05,200,"bu","14:09:02",4824400
14.5,0,2000,"sd","14:08:58",4824200
14.55,0.05,2500,"bu","14:08:52",4822200
14.55,0.05,27000,"bu","14:08:37",4819700
14.55,0.05,2600,"bu","14:08:24",4792700
14.55,0.05,100,"bu","14:08:16",4790100
14.55,0.05,100,"bu","14:08:01",4790000
14.5,0,400,"sd","14:07:50",4789900
14.5,0,800,"sd","14:07:46",4789500
14.5,0,200,"sd","14:07:33",4788700
14.5,0,500,"sd","14:07:27",4788500
14.5,0,200,"sd","14:07:24",4788000
14.5,0,300,"sd","14:07:15",4787800
14.5,0,900,"bu","14:06:52",4787500
14.5,0,100,"sd","14:06:51",4786600
14.55,0.05,600,"bu","14:06:48",4786500
14.5,0,1000,"bu","14:06:45",4785900
14.5,0,30000,"bu","14:06:44",4784900
14.5,0,50000,"bu","14:06:39",4754900
14.5,0,1000,"bu","14:06:38",4704900
14.5,0,2600,"bu","14:06:33",4703900
14.5,0,500,"bu","14:06:32",4701300
14.5,0,200,"bu","14:06:25",4700800
14.5,0,9200,"bu","14:06:18",4700600
14.5,0,200,"bu","14:06:10",4691400
14.5,0,35300,"sd","14:06:09",4691200
14.5,0,3000,"sd","14:06:07",4655900
14.5,0,50000,"sd","14:05:51",4652900
14.55,0.05,2600,"bu","14:05:38",4602900
14.55,0.05,2400,"bu","14:05:29",4600300
14.5,0,700,"bu","14:05:22",4597900
14.5,0,5000,"bu","14:05:20",4597200
14.5,0,1000,"bu","14:05:18",4592200
14.5,0,100,"bu","14:05:18",4591200
14.5,0,2200,"sd","14:05:17",4591100
14.5,0,50000,"sd","14:05:09",4588900
14.5,0,500,"sd","14:05:07",4538900
14.5,0,50000,"sd","14:05:02",4538400
14.5,0,50000,"sd","14:04:52",4488400
14.5,0,50000,"sd","14:04:47",4438400
14.5,0,200,"sd","14:04:21",4388400
14.55,0.05,1000,"bu","14:04:20",4388200
14.5,0,200,"sd","14:04:11",4387200
14.55,0.05,300,"bu","14:04:08",4387000
14.55,0.05,2600,"bu","14:03:46",4386700
14.55,0.05,17000,"bu","14:03:44",4384100
14.55,0.05,2600,"bu","14:03:20",4367100
14.55,0.05,10000,"bu","14:03:14",4364500
14.55,0.05,2600,"bu","14:02:50",4354500
14.55,0.05,2400,"bu","14:02:33",4351900
14.5,0,3000,"sd","14:01:28",4349500
14.5,0,100,"sd","14:00:16",4346500
14.5,0,53600,"bu","13:59:56",4346400
14.45,-0.05,100,"sd","13:59:43",4292800
14.45,-0.05,300,"sd","13:59:15",4292700
14.45,-0.05,37200,"bu","13:59:08",4292400
14.45,-0.05,2600,"bu","13:59:06",4255200
14.45,-0.05,100,"bu","13:58:57",4252600
14.45,-0.05,110100,"sd","13:58:56",4252500
14.45,-0.05,700,"sd","13:58:45",4142400
14.45,-0.05,1500,"sd","13:58:22",4141700
14.45,-0.05,400,"sd","13:57:33",4140200
14.5,0,9200,"sd","13:57:20",4139800
14.5,0,400,"sd","13:57:08",4130600
14.5,0,500,"sd","13:56:50",4130200
14.5,0,2400,"bu","13:56:47",4129700
14.5,0,400,"bu","13:56:39",4127300
14.5,0,1000,"bu","13:56:37",4126900
14.5,0,200,"bu","13:56:35",4125900
14.5,0,500,"bu","13:56:30",4125700
14.5,0,10000,"bu","13:56:24",4125200
14.5,0,2600,"bu","13:56:20",4115200
14.5,0,30000,"bu","13:56:18",4112600
14.5,0,100,"bu","13:55:53",4082600
14.5,0,2600,"bu","13:55:52",4082500
14.5,0,100,"bu","13:55:30",4079900
14.5,0,2600,"bu","13:55:23",4079800
14.5,0,600,"bu","13:55:07",4077200
14.5,0,8200,"sd","13:55:06",4076600
14.5,0,9500,"bu","13:54:56",4068400
14.5,0,19800,"bu","13:54:50",4058900
14.5,0,30000,"bu","13:54:49",4039100
14.45,-0.05,1000,"sd","13:54:48",4009100
14.5,0,100000,"bu","13:54:42",4008100
14.45,-0.05,100,"sd","13:54:08",3908100
14.45,-0.05,3300,"sd","13:52:07",3908000
14.5,0,1000,"bu","13:51:58",3904700
14.45,-0.05,900,"sd","13:51:46",3903700
14.5,0,7000,"bu","13:51:44",3902800
14.5,0,2600,"bu","13:51:41",3895800
14.5,0,30000,"bu","13:51:34",3893200
14.5,0,300,"bu","13:51:25",3863200
14.5,0,2600,"bu","13:51:13",3862900
14.5,0,4000,"sd","13:50:55",3860300
14.5,0,1000,"sd","13:50:45",3856300
14.5,0,200,"bu","13:50:17",3855300
14.5,0,5300,"sd","13:50:15",3855100
14.5,0,100,"sd","13:50:00",3849800
14.5,0,100,"sd","13:49:57",3849700
14.5,0,2000,"sd","13:49:43",3849600
14.5,0,100,"sd","13:49:31",3847600
14.5,0,1000,"sd","13:49:18",3847500
14.5,0,2400,"sd","13:49:16",3846500
14.5,0,1000,"sd","13:49:15",3844100
14.5,0,1300,"sd","13:48:54",3843100
14.5,0,300,"bu","13:48:42",3841800
14.5,0,8000,"bu","13:48:40",3841500
14.5,0,30000,"bu","13:48:36",3833500
14.5,0,300,"bu","13:48:34",3803500
14.5,0,2600,"bu","13:48:26",3803200
14.5,0,2600,"bu","13:47:57",3800600
14.5,0,1000,"bu","13:47:56",3798000
14.5,0,700,"bu","13:47:40",3797000
14.5,0,1500,"bu","13:47:37",3796300
14.5,0,2600,"bu","13:47:30",3794800
14.5,0,2500,"bu","13:47:02",3792200
14.5,0,20000,"bu","13:46:54",3789700
14.5,0,40000,"bu","13:46:46",3769700
14.5,0,2600,"bu","13:46:35",3729700
14.5,0,2600,"bu","13:46:07",3727100
14.5,0,10000,"bu","13:46:05",3724500
14.5,0,30000,"bu","13:46:00",3714500
14.5,0,2600,"bu","13:45:39",3684500
14.5,0,200,"bu","13:45:29",3681900
14.45,-0.05,500,"sd","13:45:25",3681700
14.45,-0.05,100,"sd","13:45:16",3681200
14.45,-0.05,200,"sd","13:45:12",3681100
14.45,-0.05,200,"sd","13:44:29",3680900
14.45,-0.05,100,"sd","13:43:59",3680700
14.45,-0.05,2000,"sd","13:43:49",3680600
14.45,-0.05,1500,"sd","13:43:38",3678600
14.45,-0.05,6000,"sd","13:43:22",3677100
14.5,0,2600,"bu","13:43:20",3671100
14.5,0,400,"bu","13:43:04",3668500
14.45,-0.05,2000,"sd","13:41:51",3668100
14.5,0,2600,"bu","13:41:29",3666100
14.5,0,2600,"bu","13:40:59",3663500
14.5,0,2600,"bu","13:40:33",3660900
14.5,0,500,"bu","13:40:17",3658300
14.5,0,2600,"bu","13:40:05",3657800
14.5,0,500,"bu","13:39:38",3655200
14.5,0,2600,"bu","13:39:37",3654700
14.5,0,400,"bu","13:39:27",3652100
14.5,0,2600,"bu","13:39:09",3651700
14.5,0,2600,"bu","13:38:41",3649100
14.5,0,500,"bu","13:38:35",3646500
14.5,0,2600,"bu","13:38:13",3646000
14.5,0,22800,"sd","13:38:12",3643400
14.5,0,3000,"sd","13:38:09",3620600
14.5,0,500,"sd","13:38:05",3617600
14.5,0,1700,"sd","13:38:00",3617100
14.5,0,258000,"bu","13:37:47",3615400
14.45,-0.05,100,"bu","13:37:44",3357400
14.45,-0.05,200,"bu","13:37:30",3357300
14.45,-0.05,2600,"bu","13:37:19",3357100
14.45,-0.05,27000,"bu","13:37:14",3354500
14.4,-0.1,400,"sd","13:37:09",3327500
14.4,-0.1,500,"sd","13:37:06",3327100
14.4,-0.1,2000,"sd","13:36:52",3326600
14.45,-0.05,2600,"bu","13:36:49",3324600
14.45,-0.05,2600,"bu","13:36:22",3322000
14.45,-0.05,800,"bu","13:36:09",3319400
14.45,-0.05,2600,"bu","13:35:53",3318600
14.45,-0.05,2600,"bu","13:35:26",3316000
14.45,-0.05,2300,"bu","13:34:57",3313400
14.45,-0.05,2400,"bu","13:34:30",3311100
14.45,-0.05,3000,"bu","13:34:16",3308700
14.45,-0.05,2400,"bu","13:34:06",3305700
14.4,-0.1,100,"sd","13:33:59",3303300
14.4,-0.1,100,"sd","13:33:07",3303200
14.4,-0.1,10000,"sd","13:32:39",3303100
14.45,-0.05,3000,"bu","13:32:38",3293100
14.4,-0.1,2000,"sd","13:31:51",3290100
14.4,-0.1,700,"sd","13:30:58",3288100
14.4,-0.1,4100,"sd","13:30:36",3287400
14.4,-0.1,3500,"bu","13:30:05",3283300
14.4,-0.1,400,"bu","13:30:04",3279800
14.4,-0.1,2300,"bu","13:29:52",3279400
14.4,-0.1,3000,"bu","13:29:43",3277100
14.4,-0.1,30000,"bu","13:29:31",3274100
14.4,-0.1,1500,"bu","13:29:29",3244100
14.4,-0.1,2300,"bu","13:29:25",3242600
14.4,-0.1,2400,"bu","13:28:55",3240300
14.4,-0.1,2400,"bu","13:28:37",3237900
14.4,-0.1,2300,"bu","13:28:28",3235500
14.4,-0.1,2300,"bu","13:28:01",3233200
14.35,-0.15,1300,"sd","13:28:00",3230900
14.4,-0.1,2400,"bu","13:27:52",3229600
14.35,-0.15,300,"sd","13:27:29",3227200
14.35,-0.15,500,"sd","13:27:16",3226900
14.35,-0.15,3500,"sd","13:27:02",3226400
14.35,-0.15,100,"sd","13:26:37",3222900
14.35,-0.15,1000,"sd","13:26:36",3222800
14.35,-0.15,5000,"sd","13:26:09",3221800
14.35,-0.15,1600,"bu","13:25:48",3216800
14.3,-0.2,1500,"sd","13:25:46",3215200
14.35,-0.15,1400,"sd","13:25:42",3213700
14.35,-0.15,900,"bu","13:25:40",3212300
14.35,-0.15,100,"bu","13:25:35",3211400
14.35,-0.15,100,"sd","13:25:18",3211300
14.35,-0.15,400,"sd","13:25:17",3211200
14.35,-0.15,1800,"bu","13:25:13",3210800
14.35,-0.15,18200,"sd","13:25:07",3209000
14.4,-0.1,2400,"bu","13:24:56",3190800
14.35,-0.15,700,"sd","13:24:36",3188400
14.35,-0.15,2000,"sd","13:24:29",3187700
14.35,-0.15,700,"sd","13:24:27",3185700
14.35,-0.15,1800,"bu","13:24:17",3185000
14.35,-0.15,135200,"sd","13:24:16",3183200
14.35,-0.15,1900,"sd","13:24:10",3048000
14.4,-0.1,2300,"bu","13:23:55",3046100
14.4,-0.1,500,"bu","13:23:51",3043800
14.4,-0.1,100,"bu","13:23:48",3043300
14.4,-0.1,100,"bu","13:23:40",3043200
14.4,-0.1,2400,"bu","13:23:23",3043100
14.4,-0.1,2000,"bu","13:23:06",3040700
14.35,-0.15,100,"sd","13:22:54",3038700
14.4,-0.1,2300,"bu","13:22:54",3038600
14.4,-0.1,87800,"sd","13:22:47",3036300
14.4,-0.1,4000,"sd","13:22:44",2948500
14.4,-0.1,1600,"sd","13:22:33",2944500
14.45,-0.05,100,"bu","13:22:32",2942900
14.4,-0.1,100,"sd","13:22:26",2942800
14.4,-0.1,100,"sd","13:22:20",2942700
14.4,-0.1,2000,"sd","13:22:18",2942600
14.4,-0.1,19000,"sd","13:22:16",2940600
14.4,-0.1,300,"sd","13:22:03",2921600
14.45,-0.05,2200,"bu","13:22:03",2921300
14.4,-0.1,1500,"sd","13:22:01",2919100
14.45,-0.05,200,"bu","13:22:01",2917600
14.4,-0.1,100,"sd","13:21:42",2917400
14.45,-0.05,20000,"bu","13:21:39",2917300
14.45,-0.05,2200,"bu","13:21:31",2897300
14.45,-0.05,2300,"bu","13:21:30",2895100
14.45,-0.05,700,"bu","13:21:25",2892800
14.4,-0.1,100,"sd","13:21:24",2892100
14.4,-0.1,1000,"sd","13:21:20",2892000
14.4,-0.1,2700,"sd","13:21:18",2891000
14.4,-0.1,200,"sd","13:21:01",2888300
14.4,-0.1,5000,"sd","13:20:40",2888100
14.4,-0.1,2700,"sd","13:20:16",2883100
14.4,-0.1,1400,"sd","13:20:14",2880400
14.4,-0.1,600,"sd","13:20:11",2879000
14.45,-0.05,50000,"bu","13:20:09",2878400
14.4,-0.1,2700,"sd","13:20:01",2828400
14.4,-0.1,100,"sd","13:20:00",2825700
14.4,-0.1,2700,"sd","13:19:50",2825600
14.4,-0.1,2700,"sd","13:19:42",2822900
14.4,-0.1,100,"sd","13:19:31",2820200
14.45,-0.05,2400,"bu","13:19:10",2820100
14.45,-0.05,10600,"sd","13:18:54",2817700
14.45,-0.05,600,"sd","13:18:48",2807100
14.45,-0.05,2700,"sd","13:18:43",2806500
14.45,-0.05,9000,"sd","13:18:40",2803800
14.45,-0.05,500,"sd","13:18:29",2794800
14.45,-0.05,3500,"sd","13:18:28",2794300
14.45,-0.05,25400,"bu","13:18:27",2790800
14.45,-0.05,2300,"bu","13:18:16",2765400
14.45,-0.05,2400,"bu","13:17:48",2763100
14.45,-0.05,2300,"bu","13:17:20",2760700
14.45,-0.05,2300,"bu","13:16:52",2758400
14.45,-0.05,2400,"bu","13:16:25",2756100
14.45,-0.05,100,"bu","13:16:24",2753700
14.45,-0.05,46700,"sd","13:16:22",2753600
14.45,-0.05,700,"sd","13:15:53",2706900
14.45,-0.05,200,"sd","13:15:41",2706200
14.45,-0.05,2000,"sd","13:15:08",2706000
14.45,-0.05,16000,"bu","13:15:06",2704000
14.45,-0.05,2400,"bu","13:15:02",2688000
14.45,-0.05,31600,"sd","13:14:56",2685600
14.45,-0.05,500,"sd","13:14:41",2654000
14.45,-0.05,4500,"sd","13:14:01",2653500
14.45,-0.05,2700,"sd","13:13:39",2649000
14.45,-0.05,1700,"sd","13:13:34",2646300
14.45,-0.05,2700,"sd","13:13:30",2644600
14.5,0,700,"bu","13:13:28",2641900
14.45,-0.05,15000,"sd","13:13:25",2641200
14.45,-0.05,1000,"sd","13:13:21",2626200
14.45,-0.05,1900,"bu","13:13:14",2625200
14.45,-0.05,2300,"bu","13:13:09",2623300
14.45,-0.05,3000,"bu","13:12:54",2621000
14.45,-0.05,2300,"bu","13:12:41",2618000
14.45,-0.05,100,"bu","13:12:40",2615700
14.45,-0.05,100,"bu","13:12:28",2615600
14.45,-0.05,45300,"sd","13:12:27",2615500
14.45,-0.05,600,"sd","13:12:00",2570200
14.45,-0.05,200,"sd","13:11:44",2569600
14.45,-0.05,1100,"bu","13:11:21",2569400
14.45,-0.05,3000,"bu","13:11:01",2568300
14.45,-0.05,2400,"bu","13:10:54",2565300
14.45,-0.05,21300,"bu","13:10:50",2562900
14.45,-0.05,8700,"bu","13:10:49",2541600
14.45,-0.05,3000,"bu","13:10:31",2532900
14.45,-0.05,200,"bu","13:09:47",2529900
14.4,-0.1,4800,"bu","13:09:47",2529700
14.4,-0.1,200,"bu","13:09:39",2524900
14.4,-0.1,1000,"sd","13:09:29",2524700
14.45,-0.05,10400,"bu","13:09:12",2523700
14.4,-0.1,16600,"bu","13:09:12",2513300
14.35,-0.15,300,"sd","13:09:07",2496700
14.4,-0.1,3000,"bu","13:09:06",2496400
14.4,-0.1,500,"bu","13:09:04",2493400
14.4,-0.1,300,"bu","13:09:02",2492900
14.4,-0.1,3800,"bu","13:08:52",2492600
14.4,-0.1,2000,"bu","13:08:41",2488800
14.4,-0.1,30000,"bu","13:08:38",2486800
14.4,-0.1,2000,"bu","13:08:27",2456800
14.4,-0.1,2000,"bu","13:08:10",2454800
14.4,-0.1,5000,"bu","13:07:29",2452800
14.4,-0.1,3000,"bu","13:07:24",2447800
14.4,-0.1,3000,"bu","13:07:09",2444800
14.4,-0.1,200,"bu","13:07:05",2441800
14.4,-0.1,300,"bu","13:06:46",2441600
14.4,-0.1,100,"bu","13:06:40",2441300
14.4,-0.1,100,"bu","13:06:36",2441200
14.4,-0.1,100,"bu","13:06:34",2441100
14.4,-0.1,7500,"bu","13:06:17",2441000
14.4,-0.1,29000,"bu","13:06:08",2433500
14.35,-0.15,10000,"sd","13:05:59",2404500
14.4,-0.1,100,"bu","13:05:56",2394500
14.35,-0.15,1600,"sd","13:05:56",2394400
14.4,-0.1,3700,"bu","13:05:46",2392800
14.4,-0.1,2200,"bu","13:05:29",2389100
14.4,-0.1,3000,"bu","13:04:55",2386900
14.4,-0.1,100,"bu","13:04:53",2383900
14.4,-0.1,6000,"bu","13:04:46",2383800
14.4,-0.1,100200,"sd","13:04:38",2377800
14.45,-0.05,200,"bu","13:04:34",2277600
14.4,-0.1,100,"sd","13:04:24",2277400
14.4,-0.1,700,"sd","13:04:07",2277300
14.4,-0.1,1500,"sd","13:03:41",2276600
14.4,-0.1,5000,"sd","13:03:11",2275100
14.45,-0.05,200,"bu","13:03:02",2270100
14.45,-0.05,2200,"bu","13:02:23",2269900
14.4,-0.1,1000,"sd","13:02:23",2267700
14.4,-0.1,2700,"sd","13:02:13",2266700
14.4,-0.1,2700,"sd","13:02:06",2264000
14.4,-0.1,2700,"sd","13:01:54",2261300
14.4,-0.1,2700,"sd","13:01:48",2258600
14.4,-0.1,1100,"sd","13:00:59",2255900
14.45,-0.05,200,"bu","13:00:49",2254800
14.4,-0.1,1000,"sd","13:00:45",2254600
14.45,-0.05,600,"bu","13:00:34",2253600
14.45,-0.05,500,"bu","13:00:30",2253000
14.45,-0.05,500,"bu","13:00:25",2252500
14.45,-0.05,100,"bu","13:00:23",2252000
14.45,-0.05,700,"bu","13:00:17",2251900
14.4,-0.1,2000,"sd","13:00:16",2251200
14.45,-0.05,100,"bu","13:00:15",2249200
14.45,-0.05,1000,"bu","13:00:12",2249100
14.4,-0.1,200,"sd","13:00:06",2248100
14.45,-0.05,100,"bu","13:00:04",2247900
14.45,-0.05,200,"bu","13:00:01",2247800
14.4,-0.1,3000,"sd","13:00:01",2247600
14.4,-0.1,100,"sd","13:00:00",2244600
14.45,-0.05,800,"bu","11:27:08",2244500
14.45,-0.05,400,"bu","11:25:38",2243700
14.45,-0.05,3600,"sd","11:25:26",2243300
14.45,-0.05,500,"sd","11:25:15",2239700
14.45,-0.05,20000,"sd","11:25:02",2239200
14.45,-0.05,1500,"sd","11:24:45",2219200
14.5,0,1000,"bu","11:23:26",2217700
14.45,-0.05,4000,"sd","11:23:21",2216700
14.45,-0.05,1000,"sd","11:23:11",2212700
14.5,0,200,"bu","11:22:47",2211700
14.5,0,400,"bu","11:18:20",2211500
14.5,0,400,"bu","11:18:06",2211100
14.5,0,400,"bu","11:17:55",2210700
14.5,0,1000,"bu","11:17:14",2210300
14.45,-0.05,100,"sd","11:15:30",2209300
14.5,0,500,"bu","11:12:45",2209200
14.5,0,200,"bu","11:12:18",2208700
14.5,0,500,"bu","11:10:45",2208500
14.5,0,1000,"bu","11:10:30",2208000
14.5,0,2000,"bu","11:08:09",2207000
14.45,-0.05,150000,"sd","11:06:08",2205000
14.5,0,1000,"bu","11:04:34",2055000
14.5,0,10000,"bu","11:03:42",2054000
14.45,-0.05,100,"sd","11:03:23",2044000
14.5,0,2000,"bu","11:03:04",2043900
14.5,0,3700,"sd","11:02:21",2041900
14.55,0.05,2400,"bu","11:02:15",2038200
14.5,0,1300,"sd","11:02:06",2035800
14.5,0,2100,"sd","11:02:05",2034500
14.5,0,700,"sd","11:02:04",2032400
14.5,0,600,"sd","11:01:39",2031700
14.5,0,1600,"bu","11:00:56",2031100
14.5,0,5000,"bu","11:00:55",2029500
14.5,0,3600,"bu","11:00:50",2024500
14.5,0,500,"bu","11:00:49",2020900
14.5,0,5400,"bu","11:00:44",2020400
14.5,0,30000,"bu","11:00:43",2015000
14.5,0,3900,"sd","11:00:29",1985000
14.5,0,6500,"sd","11:00:09",1981100
14.5,0,5000,"sd","10:59:54",1974600
14.5,0,13900,"bu","10:59:52",1969600
14.45,-0.05,39800,"sd","10:58:29",1955700
14.5,0,10000,"bu","10:57:17",1915900
14.5,0,300,"bu","10:57:04",1905900
14.5,0,10000,"bu","10:57:01",1905600
14.5,0,500,"bu","10:56:40",1895600
14.5,0,5400,"bu","10:56:28",1895100
14.5,0,79000,"sd","10:56:00",1889700
14.55,0.05,1500,"bu","10:55:55",1810700
14.55,0.05,200,"bu","10:55:48",1809200
14.55,0.05,5000,"bu","10:55:30",1809000
14.55,0.05,1000,"bu","10:55:26",1804000
14.55,0.05,700,"bu","10:54:58",1803000
14.55,0.05,400,"bu","10:54:30",1802300
14.55,0.05,15000,"bu","10:54:24",1801900
14.55,0.05,500,"bu","10:54:23",1786900
14.55,0.05,3000,"bu","10:54:12",1786400
14.55,0.05,1000,"bu","10:54:09",1783400
14.55,0.05,80000,"bu","10:53:32",1782400
14.5,0,1000,"sd","10:53:32",1702400
14.5,0,4000,"sd","10:53:26",1701400
14.5,0,9200,"sd","10:53:21",1697400
14.5,0,100,"sd","10:53:06",1688200
14.55,0.05,100,"bu","10:52:24",1688100
14.5,0,2500,"sd","10:51:57",1688000
14.55,0.05,20000,"bu","10:51:54",1685500
14.5,0,5000,"sd","10:51:28",1665500
14.5,0,10000,"sd","10:50:31",1660500
14.5,0,4700,"sd","10:50:14",1650500
14.5,0,50000,"sd","10:50:06",1645800
14.5,0,2700,"sd","10:50:05",1595800
14.5,0,2700,"sd","10:49:57",1593100
14.5,0,2700,"sd","10:49:49",1590400
14.5,0,2700,"sd","10:49:41",1587700
14.5,0,4600,"bu","10:49:00",1585000
14.5,0,1800,"sd","10:48:54",1580400
14.5,0,200,"bu","10:48:41",1578600
14.5,0,1500,"bu","10:48:40",1578400
14.5,0,1000,"bu","10:48:27",1576900
14.5,0,1000,"bu","10:48:20",1575900
14.5,0,2000,"bu","10:48:18",1574900
14.5,0,1000,"bu","10:48:13",1572900
14.5,0,10000,"bu","10:48:12",1571900
14.45,-0.05,100,"sd","10:48:04",1561900
14.45,-0.05,300,"sd","10:47:51",1561800
14.5,0,1000,"bu","10:47:51",1561500
14.5,0,10000,"bu","10:47:48",1560500
14.5,0,1000,"bu","10:47:47",1550500
14.5,0,10000,"bu","10:47:46",1549500
14.5,0,1000,"bu","10:47:43",1539500
14.5,0,2000,"bu","10:47:38",1538500
14.5,0,2000,"bu","10:47:29",1536500
14.5,0,500,"bu","10:47:26",1534500
14.5,0,5000,"bu","10:47:23",1534000
14.5,0,5000,"bu","10:47:22",1529000
14.5,0,2000,"bu","10:47:19",1524000
14.5,0,500,"bu","10:47:04",1522000
14.5,0,2000,"bu","10:47:03",1521500
14.5,0,41400,"sd","10:46:35",1519500
14.55,0.05,10000,"bu","10:46:31",1478100
14.55,0.05,18300,"sd","10:46:25",1468100
14.6,0.1,2000,"bu","10:46:24",1449800
14.6,0.1,1000,"bu","10:46:17",1447800
14.55,0.05,4600,"sd","10:46:09",1446800
14.6,0.1,100,"bu","10:46:06",1442200
14.55,0.05,2000,"sd","10:46:03",1442100
14.55,0.05,100,"sd","10:45:57",1440100
14.55,0.05,2000,"sd","10:45:35",1440000
14.55,0.05,3300,"bu","10:45:26",1438000
14.55,0.05,300,"bu","10:45:23",1434700
14.55,0.05,4900,"bu","10:45:21",1434400
14.55,0.05,10000,"bu","10:45:18",1429500
14.55,0.05,100,"bu","10:45:15",1419500
14.55,0.05,200,"bu","10:44:48",1419400
14.55,0.05,2000,"bu","10:44:46",1419200
14.55,0.05,500,"bu","10:44:43",1417200
14.55,0.05,25000,"bu","10:44:39",1416700
14.55,0.05,5000,"bu","10:44:36",1391700
14.55,0.05,2600,"bu","10:44:35",1386700
14.55,0.05,500,"bu","10:44:34",1384100
14.55,0.05,1300,"bu","10:44:22",1383600
14.55,0.05,8000,"bu","10:44:21",1382300
14.55,0.05,2700,"bu","10:44:10",1374300
14.55,0.05,10000,"bu","10:44:10",1371600
14.55,0.05,100,"bu","10:44:09",1361600
14.55,0.05,1500,"bu","10:44:08",1361500
14.55,0.05,100,"bu","10:44:07",1360000
14.55,0.05,1000,"bu","10:44:03",1359900
14.55,0.05,2000,"bu","10:44:03",1358900
14.55,0.05,30000,"bu","10:44:01",1356900
14.55,0.05,4700,"bu","10:43:44",1326900
14.55,0.05,1000,"bu","10:43:31",1322200
14.55,0.05,100,"bu","10:43:27",1321200
14.55,0.05,500,"bu","10:43:16",1321100
14.55,0.05,1000,"bu","10:43:16",1320600
14.55,0.05,2700,"bu","10:43:14",1319600
14.55,0.05,20000,"bu","10:43:13",1316900
14.55,0.05,2700,"bu","10:43:09",1296900
14.55,0.05,2000,"bu","10:43:08",1294200
14.55,0.05,20000,"bu","10:43:01",1292200
14.55,0.05,1000,"bu","10:42:42",1272200
14.55,0.05,500,"bu","10:42:25",1271200
14.5,0,10200,"sd","10:42:21",1270700
14.5,0,2000,"sd","10:42:07",1260500
14.5,0,1100,"sd","10:41:58",1258500
14.5,0,78900,"bu","10:41:50",1257400
14.5,0,5000,"bu","10:41:49",1178500
14.5,0,34000,"bu","10:41:43",1173500
14.5,0,8000,"bu","10:41:37",1139500
14.5,0,3000,"bu","10:41:36",1131500
14.5,0,2000,"bu","10:41:12",1128500
14.5,0,200,"bu","10:40:40",1126500
14.5,0,1000,"bu","10:39:41",1126300
14.5,0,20000,"bu","10:38:36",1125300
14.45,-0.05,1000,"sd","10:38:08",1105300
14.5,0,1000,"bu","10:36:39",1104300
14.5,0,2100,"bu","10:36:20",1103300
14.45,-0.05,100,"sd","10:35:31",1101200
14.45,-0.05,200,"sd","10:35:14",1101100
14.5,0,100,"bu","10:34:54",1100900
14.45,-0.05,200,"sd","10:34:51",1100800
14.45,-0.05,100,"sd","10:34:33",1100600
14.45,-0.05,1000,"sd","10:34:24",1100500
14.45,-0.05,1000,"sd","10:33:13",1099500
14.5,0,2000,"bu","10:32:58",1098500
14.5,0,200,"bu","10:32:50",1096500
14.45,-0.05,100,"bu","10:31:50",1096300
14.45,-0.05,900,"sd","10:31:47",1096200
14.45,-0.05,800,"sd","10:31:11",1095300
14.45,-0.05,200,"bu","10:29:52",1094500
14.45,-0.05,500,"bu","10:28:52",1094300
14.45,-0.05,300,"sd","10:28:29",1093800
14.45,-0.05,1300,"bu","10:27:36",1093500
14.45,-0.05,3200,"sd","10:27:11",1092200
14.45,-0.05,9900,"sd","10:27:03",1089000
14.45,-0.05,39200,"bu","10:26:36",1079100
14.45,-0.05,5000,"bu","10:24:24",1039900
14.45,-0.05,500,"bu","10:22:40",1034900
14.45,-0.05,4800,"sd","10:20:44",1034400
14.45,-0.05,8800,"bu","10:20:02",1029600
14.45,-0.05,16200,"sd","10:19:30",1020800
14.45,-0.05,1000,"sd","10:19:24",1004600
14.45,-0.05,1000,"sd","10:18:03",1003600
14.45,-0.05,2000,"sd","10:17:19",1002600
14.45,-0.05,4000,"sd","10:17:15",1000600
14.45,-0.05,400,"sd","10:16:22",996600
14.45,-0.05,100,"sd","10:14:55",996200
14.45,-0.05,1000,"sd","10:13:49",996100
14.5,0,300,"bu","10:12:51",995100
14.5,0,22100,"sd","10:12:20",994800
14.55,0.05,3700,"bu","10:11:46",972700
14.55,0.05,10000,"bu","10:11:11",969000
14.5,0,1000,"bu","10:10:52",959000
14.5,0,50000,"bu","10:10:44",958000
14.5,0,4000,"bu","10:10:32",908000
14.5,0,5000,"bu","10:09:36",904000
14.5,0,10000,"bu","10:09:30",899000
14.5,0,500,"bu","10:09:29",889000
14.5,0,2000,"bu","10:08:16",888500
14.5,0,29500,"sd","10:08:14",886500
14.5,0,100,"sd","10:07:52",857000
14.5,0,27200,"bu","10:07:52",856900
14.45,-0.05,1500,"sd","10:07:21",829700
14.5,0,100,"bu","10:06:55",828200
14.5,0,100,"bu","10:05:24",828100
14.45,-0.05,1500,"sd","10:05:22",828000
14.5,0,1100,"bu","10:04:46",826500
14.5,0,2000,"bu","10:03:41",825400
14.5,0,1100,"sd","10:03:23",823400
14.5,0,2700,"sd","10:03:21",822300
14.5,0,400,"sd","10:03:13",819600
14.5,0,3000,"sd","10:03:11",819200
14.5,0,2700,"sd","10:03:09",816200
14.5,0,2700,"sd","10:02:58",813500
14.5,0,10400,"bu","10:02:55",810800
14.5,0,108200,"bu","10:02:55",800400
14.45,-0.05,19300,"bu","10:02:55",692200
14.45,-0.05,500,"bu","10:02:29",672900
14.45,-0.05,500,"bu","10:01:51",672400
14.45,-0.05,17900,"bu","10:01:43",671900
14.45,-0.05,3000,"bu","10:01:35",654000
14.45,-0.05,4000,"bu","10:00:43",651000
14.4,-0.1,10000,"sd","10:00:42",647000
14.45,-0.05,1000,"bu","10:00:06",637000
14.45,-0.05,100,"bu","09:59:47",636000
14.4,-0.1,500,"sd","09:59:11",635900
14.4,-0.1,22200,"bu","09:58:34",635400
14.4,-0.1,1000,"bu","09:57:36",613200
14.35,-0.15,500,"sd","09:57:05",612200
14.35,-0.15,1200,"sd","09:57:00",611700
14.35,-0.15,500,"sd","09:56:51",610500
14.35,-0.15,200,"sd","09:55:33",610000
14.35,-0.15,300,"sd","09:54:47",609800
14.35,-0.15,200,"bu","09:54:13",609500
14.35,-0.15,100,"bu","09:54:05",609300
14.35,-0.15,100,"bu","09:53:53",609200
14.35,-0.15,1000,"bu","09:53:35",609100
14.35,-0.15,400,"bu","09:53:17",608100
14.35,-0.15,100,"sd","09:52:55",607700
14.35,-0.15,600,"sd","09:52:54",607600
14.35,-0.15,5000,"sd","09:52:48",607000
14.3,-0.2,400,"sd","09:51:47",602000
14.2,-0.3,28600,"sd","09:51:42",601600
14.25,-0.25,19800,"sd","09:51:42",573000
14.3,-0.2,1600,"sd","09:51:42",553200
14.25,-0.25,200,"sd","09:50:59",551600
14.25,-0.25,21600,"sd","09:50:33",551400
14.3,-0.2,19200,"sd","09:50:22",529800
14.35,-0.15,9200,"sd","09:50:22",510600
14.4,-0.1,2000,"bu","09:50:04",501400
14.4,-0.1,500,"bu","09:49:45",499400
14.4,-0.1,2000,"bu","09:49:33",498900
14.4,-0.1,100,"bu","09:49:09",496900
14.4,-0.1,200,"bu","09:49:00",496800
14.4,-0.1,3000,"bu","09:48:57",496600
14.4,-0.1,4000,"bu","09:48:21",493600
14.4,-0.1,100,"bu","09:48:05",489600
14.4,-0.1,200,"bu","09:47:38",489500
14.35,-0.15,2700,"sd","09:47:33",489300
14.35,-0.15,2700,"sd","09:47:23",486600
14.35,-0.15,2700,"sd","09:47:18",483900
14.35,-0.15,600,"sd","09:47:11",481200
14.4,-0.1,2500,"bu","09:46:54",480600
14.4,-0.1,100,"bu","09:46:09",478100
14.4,-0.1,5900,"bu","09:45:05",478000
14.4,-0.1,1000,"bu","09:42:16",472100
14.4,-0.1,500,"bu","09:41:06",471100
14.4,-0.1,2000,"bu","09:40:42",470600
14.4,-0.1,300,"bu","09:39:21",468600
14.35,-0.15,1000,"sd","09:39:10",468300
14.4,-0.1,500,"bu","09:38:36",467300
14.4,-0.1,100,"bu","09:37:06",466800
14.4,-0.1,2000,"bu","09:36:47",466700
14.4,-0.1,800,"bu","09:36:21",464700
14.4,-0.1,2000,"bu","09:35:12",463900
14.4,-0.1,100,"bu","09:34:59",461900
14.4,-0.1,3700,"bu","09:34:58",461800
14.4,-0.1,300,"bu","09:34:29",458100
14.35,-0.15,10000,"sd","09:34:20",457800
14.35,-0.15,300,"sd","09:34:17",447800
14.35,-0.15,1300,"sd","09:34:15",447500
14.35,-0.15,100,"sd","09:34:08",446200
14.35,-0.15,500,"sd","09:34:06",446100
14.35,-0.15,100,"sd","09:33:56",445600
14.35,-0.15,1800,"bu","09:33:47",445500
14.25,-0.25,3700,"sd","09:33:44",443700
14.3,-0.2,1300,"sd","09:33:44",440000
14.3,-0.2,100,"sd","09:33:40",438700
14.3,-0.2,100,"sd","09:33:35",438600
14.35,-0.15,1300,"sd","09:33:26",438500
14.35,-0.15,500,"sd","09:32:55",437200
14.35,-0.15,8700,"bu","09:31:58",436700
14.15,-0.35,1000,"sd","09:31:49",428000
14.35,-0.15,5000,"bu","09:31:48",427000
14.1,-0.4,46400,"sd","09:31:12",422000
14.15,-0.35,23300,"sd","09:31:12",375600
14.2,-0.3,12500,"sd","09:31:12",352300
14.25,-0.25,3000,"sd","09:31:12",339800
14.3,-0.2,13800,"sd","09:31:12",336800
14.35,-0.15,1000,"sd","09:31:12",323000
14.4,-0.1,5000,"bu","09:30:52",322000
14.3,-0.2,100,"bu","09:30:10",317000
14.3,-0.2,300,"bu","09:29:47",316900
14.15,-0.35,8900,"bu","09:29:45",316600
14.15,-0.35,1100,"bu","09:29:43",307700
14.1,-0.4,300,"bu","09:29:32",306600
14,-0.5,8300,"sd","09:29:13",306300
14,-0.5,100,"sd","09:29:12",298000
14.05,-0.45,33400,"sd","09:29:12",297900
14.1,-0.4,1100,"sd","09:29:12",264500
14.15,-0.35,4200,"sd","09:29:12",263400
14.2,-0.3,94000,"sd","09:29:12",259200
14.25,-0.25,12700,"sd","09:29:12",165200
14.3,-0.2,43600,"sd","09:29:12",152500
14.35,-0.15,29900,"sd","09:29:12",108900
14.4,-0.1,20500,"sd","09:29:12",79000
14.45,-0.05,500,"sd","09:29:12",58500
14.45,-0.05,500,"sd","09:29:06",58000
14.45,-0.05,100,"bu","09:27:43",57500
14.45,-0.05,4900,"sd","09:27:40",57400
14.45,-0.05,3000,"sd","09:27:39",52500
14.45,-0.05,1300,"sd","09:26:30",49500
14.5,0,500,"bu","09:25:41",48200
14.5,0,2700,"sd","09:25:18",47700
14.5,0,2400,"sd","09:24:57",45000
14.5,0,4900,"bu","09:24:03",42600
14.5,0,300,"bu","09:22:32",37700
14.5,0,2000,"bu","09:21:07",37400
14.5,0,500,"bu","09:20:58",35400
14.5,0,1000,"bu","09:20:35",34900
14.4,-0.1,1000,"sd","09:20:32",33900
14.5,0,7800,"sd","09:20:27",32900
14.5,0,100,"sd","09:20:13",25100
14.5,0,5000,"sd","09:19:04",25000
14.5,0,500,"sd","09:18:47",20000
14.5,0,4600,"sd","09:17:17",19500
14.55,0.05,14900,"","09:15:01",14900
