"price","change","match_qtty","side","time","total_vol"
17.6,-0.2,80700,"","14:45:04",3151500
17.6,-0.2,1000,"bu","14:29:44",3070800
17.6,-0.2,2000,"bu","14:29:41",3069800
17.6,-0.2,1000,"bu","14:29:32",3067800
17.5,-0.3,8600,"sd","14:29:31",3066800
17.55,-0.25,4800,"sd","14:29:31",3058200
17.55,-0.25,1200,"bu","14:29:29",3053400
17.55,-0.25,2000,"bu","14:28:57",3052200
17.5,-0.3,300,"sd","14:28:56",3050200
17.5,-0.3,12100,"sd","14:28:51",3049900
17.5,-0.3,16800,"sd","14:28:39",3037800
17.55,-0.25,13200,"sd","14:28:39",3021000
17.55,-0.25,3000,"sd","14:28:37",3007800
17.55,-0.25,200,"sd","14:27:38",3004800
17.6,-0.2,100,"bu","14:26:56",3004600
17.6,-0.2,100,"bu","14:26:55",3004500
17.6,-0.2,100,"bu","14:26:54",3004400
17.55,-0.25,2200,"sd","14:26:12",3004300
17.55,-0.25,600,"sd","14:26:06",3002100
17.6,-0.2,5000,"bu","14:25:31",3001500
17.6,-0.2,2600,"sd","14:25:21",2996500
17.6,-0.2,1200,"sd","14:25:20",2993900
17.6,-0.2,1000,"sd","14:25:14",2992700
17.6,-0.2,300,"sd","14:25:12",2991700
17.6,-0.2,100,"sd","14:24:54",2991400
17.6,-0.2,8000,"sd","14:24:53",2991300
17.6,-0.2,100,"sd","14:24:48",2983300
17.6,-0.2,1000,"sd","14:24:47",2983200
17.6,-0.2,1000,"sd","14:24:43",2982200
17.6,-0.2,100,"sd","14:24:42",2981200
17.6,-0.2,1200,"bu","14:24:37",2981100
17.6,-0.2,6800,"bu","14:24:37",2979900
17.6,-0.2,1400,"bu","14:24:34",2973100
17.6,-0.2,1100,"bu","14:23:58",2971700
17.6,-0.2,1000,"bu","14:23:01",2970600
17.5,-0.3,4000,"bu","14:23:01",2969600
17.5,-0.3,10100,"bu","14:23:01",2965600
17.5,-0.3,1500,"bu","14:22:57",2955500
17.5,-0.3,2000,"bu","14:22:35",2954000
17.45,-0.35,100,"sd","14:22:35",2952000
17.45,-0.35,3500,"sd","14:22:27",2951900
17.5,-0.3,1000,"bu","14:22:12",2948400
17.5,-0.3,100,"bu","14:22:01",2947400
17.45,-0.35,3000,"sd","14:21:56",2947300
17.5,-0.3,2000,"bu","14:21:45",2944300
17.45,-0.35,500,"sd","14:21:24",2942300
17.5,-0.3,400,"bu","14:21:22",2941800
17.45,-0.35,400,"bu","14:21:20",2941400
17.45,-0.35,200,"bu","14:21:06",2941000
17.45,-0.35,600,"bu","14:21:01",2940800
17.45,-0.35,1700,"sd","14:20:59",2940200
17.45,-0.35,3300,"sd","14:20:58",2938500
17.45,-0.35,200,"bu","14:20:41",2935200
17.45,-0.35,100,"sd","14:20:35",2935000
17.45,-0.35,600,"sd","14:20:30",2934900
17.45,-0.35,200,"sd","14:20:12",2934300
17.45,-0.35,5000,"sd","14:20:00",2934100
17.45,-0.35,7200,"bu","14:19:52",2929100
17.4,-0.4,100,"sd","14:19:49",2921900
17.4,-0.4,12400,"sd","14:19:45",2921800
17.4,-0.4,5000,"sd","14:19:37",2909400
17.4,-0.4,1600,"sd","14:19:35",2904400
17.4,-0.4,1000,"sd","14:19:31",2902800
17.4,-0.4,500,"sd","14:19:25",2901800
17.4,-0.4,100,"sd","14:19:24",2901300
17.4,-0.4,100,"sd","14:19:22",2901200
17.4,-0.4,500,"sd","14:19:17",2901100
17.4,-0.4,5000,"sd","14:19:11",2900600
17.45,-0.35,1000,"bu","14:19:02",2895600
17.45,-0.35,100,"bu","14:18:57",2894600
17.4,-0.4,400,"sd","14:18:55",2894500
17.45,-0.35,100,"bu","14:18:55",2894100
17.4,-0.4,100,"sd","14:18:53",2894000
17.45,-0.35,500,"bu","14:18:49",2893900
17.45,-0.35,700,"bu","14:18:34",2893400
17.45,-0.35,33700,"sd","14:18:26",2892700
17.45,-0.35,500,"sd","14:18:25",2859000
17.45,-0.35,500,"sd","14:18:17",2858500
17.5,-0.3,1500,"bu","14:18:07",2858000
17.5,-0.3,1100,"bu","14:17:55",2856500
17.5,-0.3,700,"bu","14:17:51",2855400
17.5,-0.3,5100,"sd","14:17:09",2854700
17.5,-0.3,1000,"sd","14:17:01",2849600
17.5,-0.3,1000,"sd","14:16:57",2848600
17.5,-0.3,2900,"sd","14:16:48",2847600
17.5,-0.3,10000,"sd","14:15:56",2844700
17.5,-0.3,300,"sd","14:15:51",2834700
17.5,-0.3,2000,"sd","14:15:37",2834400
17.55,-0.25,200,"bu","14:15:35",2832400
17.55,-0.25,500,"bu","14:15:16",2832200
17.55,-0.25,200,"bu","14:14:41",2831700
17.55,-0.25,100,"bu","14:14:32",2831500
17.55,-0.25,100,"bu","14:14:22",2831400
17.5,-0.3,13200,"sd","14:13:54",2831300
17.55,-0.25,35800,"sd","14:13:54",2818100
17.55,-0.25,1000,"sd","14:13:52",2782300
17.6,-0.2,100,"sd","14:13:39",2781300
17.6,-0.2,5000,"sd","14:13:36",2781200
17.6,-0.2,500,"sd","14:13:34",2776200
17.6,-0.2,1000,"sd","14:13:29",2775700
17.6,-0.2,1300,"sd","14:13:28",2774700
17.6,-0.2,1700,"sd","14:13:27",2773400
17.6,-0.2,800,"sd","14:13:16",2771700
17.6,-0.2,2500,"sd","14:13:15",2770900
17.6,-0.2,2000,"sd","14:13:14",2768400
17.6,-0.2,3000,"sd","14:13:04",2766400
17.6,-0.2,800,"sd","14:12:54",2763400
17.65,-0.15,500,"bu","14:12:12",2762600
17.6,-0.2,5000,"sd","14:12:05",2762100
17.6,-0.2,100,"sd","14:11:52",2757100
17.6,-0.2,1000,"sd","14:11:43",2757000
17.65,-0.15,200,"bu","14:11:32",2756000
17.65,-0.15,500,"sd","14:11:14",2755800
17.7,-0.1,300,"bu","14:10:58",2755300
17.7,-0.1,200,"bu","14:10:48",2755000
17.65,-0.15,300,"bu","14:10:48",2754800
17.65,-0.15,100,"bu","14:10:46",2754500
17.65,-0.15,500,"bu","14:10:42",2754400
17.65,-0.15,14100,"sd","14:10:41",2753900
17.7,-0.1,1400,"bu","14:10:33",2739800
17.7,-0.1,400,"sd","14:10:08",2738400
17.75,-0.05,900,"bu","14:09:56",2738000
17.7,-0.1,1400,"bu","14:09:56",2737100
17.7,-0.1,1000,"bu","14:09:53",2735700
17.7,-0.1,8000,"bu","14:09:46",2734700
17.65,-0.15,500,"sd","14:09:40",2726700
17.7,-0.1,200,"bu","14:09:25",2726200
17.7,-0.1,2000,"bu","14:09:11",2726000
17.7,-0.1,100,"bu","14:08:20",2724000
17.65,-0.15,1000,"bu","14:07:36",2723900
17.65,-0.15,1200,"bu","14:07:31",2722900
17.65,-0.15,100,"bu","14:07:18",2721700
17.65,-0.15,600,"bu","14:07:10",2721600
17.65,-0.15,2600,"sd","14:07:02",2721000
17.7,-0.1,3500,"bu","14:06:52",2718400
17.65,-0.15,400,"sd","14:06:33",2714900
17.65,-0.15,500,"sd","14:06:20",2714500
17.65,-0.15,1000,"sd","14:05:51",2714000
17.65,-0.15,100,"sd","14:05:48",2713000
17.6,-0.2,26200,"sd","14:05:12",2712900
17.65,-0.15,15800,"sd","14:05:12",2686700
17.7,-0.1,10000,"bu","14:04:48",2670900
17.65,-0.15,34800,"bu","14:04:38",2660900
17.6,-0.2,20000,"sd","14:04:33",2626100
17.65,-0.15,800,"bu","14:04:19",2606100
17.65,-0.15,1300,"bu","14:04:16",2605300
17.65,-0.15,3100,"sd","14:04:06",2604000
17.65,-0.15,4300,"bu","14:03:47",2600900
17.65,-0.15,28000,"bu","14:03:22",2596600
17.65,-0.15,100,"bu","14:03:12",2568600
17.65,-0.15,100,"bu","14:02:25",2568500
17.65,-0.15,200,"bu","14:01:54",2568400
17.65,-0.15,3300,"sd","14:01:48",2568200
17.65,-0.15,3000,"sd","14:01:38",2564900
17.65,-0.15,200,"sd","14:01:32",2561900
17.65,-0.15,2100,"bu","14:01:13",2561700
17.65,-0.15,500,"bu","14:01:07",2559600
17.65,-0.15,200,"bu","14:01:04",2559100
17.6,-0.2,2000,"sd","14:00:52",2558900
17.65,-0.15,1000,"bu","14:00:48",2556900
17.65,-0.15,500,"bu","14:00:46",2555900
17.6,-0.2,5000,"sd","14:00:45",2555400
17.65,-0.15,100,"bu","14:00:23",2550400
17.65,-0.15,100,"bu","13:59:23",2550300
17.6,-0.2,1300,"sd","13:59:05",2550200
17.6,-0.2,5000,"sd","13:58:52",2548900
17.6,-0.2,5000,"sd","13:58:32",2543900
17.6,-0.2,100,"sd","13:58:22",2538900
17.6,-0.2,9600,"sd","13:58:15",2538800
17.6,-0.2,5600,"sd","13:58:14",2529200
17.6,-0.2,500,"sd","13:57:09",2523600
17.65,-0.15,300,"bu","13:56:57",2523100
17.65,-0.15,1000,"bu","13:56:46",2522800
17.6,-0.2,500,"bu","13:56:21",2521800
17.6,-0.2,3600,"sd","13:55:53",2521300
17.6,-0.2,1400,"bu","13:55:39",2517700
17.6,-0.2,1000,"bu","13:55:24",2516300
17.6,-0.2,1700,"sd","13:55:07",2515300
17.65,-0.15,13900,"bu","13:54:56",2513600
17.6,-0.2,28100,"bu","13:54:18",2499700
17.55,-0.25,3800,"sd","13:54:16",2471600
17.55,-0.25,5200,"bu","13:52:33",2467800
17.55,-0.25,10000,"bu","13:51:54",2462600
17.55,-0.25,100,"bu","13:51:53",2452600
17.55,-0.25,100,"bu","13:51:40",2452500
17.55,-0.25,400,"bu","13:50:31",2452400
17.55,-0.25,100,"bu","13:49:56",2452000
17.55,-0.25,400,"bu","13:49:53",2451900
17.55,-0.25,300,"bu","13:49:48",2451500
17.5,-0.3,1100,"sd","13:49:48",2451200
17.55,-0.25,5000,"bu","13:49:28",2450100
17.55,-0.25,200,"bu","13:49:00",2445100
17.55,-0.25,200,"bu","13:48:23",2444900
17.5,-0.3,2000,"sd","13:47:42",2444700
17.55,-0.25,900,"bu","13:47:23",2442700
17.55,-0.25,21000,"bu","13:46:58",2441800
17.55,-0.25,300,"bu","13:45:37",2420800
17.5,-0.3,9600,"bu","13:45:28",2420500
17.5,-0.3,1000,"bu","13:45:10",2410900
17.5,-0.3,1000,"bu","13:44:58",2409900
17.5,-0.3,1000,"bu","13:44:48",2408900
17.5,-0.3,500,"bu","13:44:41",2407900
17.5,-0.3,100,"bu","13:44:22",2407400
17.5,-0.3,1200,"bu","13:44:21",2407300
17.5,-0.3,200,"bu","13:44:13",2406100
17.5,-0.3,1000,"bu","13:44:11",2405900
17.5,-0.3,2000,"bu","13:44:05",2404900
17.5,-0.3,500,"bu","13:43:51",2402900
17.5,-0.3,200,"bu","13:43:45",2402400
17.5,-0.3,2900,"bu","13:43:43",2402200
17.5,-0.3,100,"bu","13:43:40",2399300
17.5,-0.3,1000,"bu","13:43:29",2399200
17.5,-0.3,1000,"bu","13:43:17",2398200
17.5,-0.3,1000,"bu","13:42:59",2397200
17.5,-0.3,300,"bu","13:42:56",2396200
17.5,-0.3,1000,"bu","13:42:56",2395900
17.5,-0.3,4800,"bu","13:42:37",2394900
17.45,-0.35,300,"sd","13:42:12",2390100
17.45,-0.35,5000,"sd","13:42:03",2389800
17.5,-0.3,400,"bu","13:42:02",2384800
17.45,-0.35,1100,"sd","13:41:19",2384400
17.45,-0.35,100,"sd","13:40:20",2383300
17.45,-0.35,3600,"sd","13:40:05",2383200
17.45,-0.35,200,"sd","13:39:36",2379600
17.45,-0.35,1500,"sd","13:39:27",2379400
17.45,-0.35,100,"sd","13:38:59",2377900
17.5,-0.3,100,"bu","13:38:50",2377800
17.5,-0.3,200,"bu","13:38:39",2377700
17.5,-0.3,2000,"bu","13:37:36",2377500
17.45,-0.35,500,"sd","13:36:37",2375500
17.45,-0.35,500,"sd","13:36:26",2375000
17.45,-0.35,200,"sd","13:36:22",2374500
17.45,-0.35,500,"sd","13:35:17",2374300
17.45,-0.35,900,"sd","13:34:59",2373800
17.45,-0.35,6600,"bu","13:34:44",2372900
17.45,-0.35,2900,"bu","13:34:38",2366300
17.45,-0.35,1000,"bu","13:34:37",2363400
17.45,-0.35,400,"bu","13:34:36",2362400
17.45,-0.35,1000,"bu","13:34:29",2362000
17.45,-0.35,8100,"sd","13:34:29",2361000
17.45,-0.35,2900,"bu","13:34:21",2352900
17.45,-0.35,1000,"bu","13:34:04",2350000
17.45,-0.35,100,"bu","13:33:59",2349000
17.45,-0.35,4800,"bu","13:33:57",2348900
17.45,-0.35,100,"bu","13:33:56",2344100
17.45,-0.35,1200,"bu","13:33:53",2344000
17.45,-0.35,100,"bu","13:33:46",2342800
17.45,-0.35,1000,"bu","13:33:43",2342700
17.45,-0.35,1000,"bu","13:33:39",2341700
17.45,-0.35,1500,"bu","13:33:37",2340700
17.45,-0.35,1000,"bu","13:33:36",2339200
17.45,-0.35,1000,"bu","13:33:34",2338200
17.45,-0.35,1000,"bu","13:33:32",2337200
17.45,-0.35,1000,"bu","13:33:29",2336200
17.45,-0.35,1000,"bu","13:33:26",2335200
17.45,-0.35,21900,"sd","13:33:19",2334200
17.5,-0.3,9600,"sd","13:33:19",2312300
17.55,-0.25,1000,"bu","13:33:06",2302700
17.55,-0.25,1000,"bu","13:32:56",2301700
17.55,-0.25,1300,"bu","13:32:53",2300700
17.55,-0.25,1000,"bu","13:32:51",2299400
17.55,-0.25,1000,"bu","13:32:48",2298400
17.5,-0.3,3500,"sd","13:32:29",2297400
17.5,-0.3,3500,"bu","13:31:55",2293900
17.5,-0.3,100,"bu","13:31:52",2290400
17.5,-0.3,1000,"bu","13:31:51",2290300
17.5,-0.3,2000,"bu","13:31:49",2289300
17.5,-0.3,5000,"bu","13:31:46",2287300
17.5,-0.3,200,"bu","13:31:45",2282300
17.5,-0.3,1000,"bu","13:31:43",2282100
17.5,-0.3,200,"bu","13:31:37",2281100
17.5,-0.3,3000,"bu","13:31:31",2280900
17.5,-0.3,600,"bu","13:31:30",2277900
17.5,-0.3,100,"bu","13:31:26",2277300
17.5,-0.3,700,"bu","13:31:12",2277200
17.5,-0.3,500,"bu","13:31:11",2276500
17.5,-0.3,500,"bu","13:31:10",2276000
17.5,-0.3,100,"bu","13:31:05",2275500
17.5,-0.3,900,"bu","13:30:57",2275400
17.5,-0.3,7800,"bu","13:30:46",2274500
17.45,-0.35,13600,"sd","13:30:14",2266700
17.45,-0.35,5000,"sd","13:30:00",2253100
17.5,-0.3,1000,"bu","13:29:23",2248100
17.5,-0.3,100,"bu","13:29:21",2247100
17.5,-0.3,6500,"bu","13:29:07",2247000
17.45,-0.35,100,"sd","13:28:56",2240500
17.5,-0.3,500,"bu","13:28:55",2240400
17.45,-0.35,5000,"sd","13:28:52",2239900
17.45,-0.35,2400,"bu","13:28:43",2234900
17.45,-0.35,1000,"bu","13:28:42",2232500
17.45,-0.35,500,"bu","13:28:37",2231500
17.45,-0.35,1000,"bu","13:28:37",2231000
17.45,-0.35,100,"bu","13:28:35",2230000
17.45,-0.35,9000,"bu","13:28:32",2229900
17.45,-0.35,700,"bu","13:28:29",2220900
17.45,-0.35,300,"bu","13:28:26",2220200
17.45,-0.35,500,"bu","13:28:25",2219900
17.45,-0.35,500,"bu","13:28:23",2219400
17.45,-0.35,2100,"bu","13:28:22",2218900
17.45,-0.35,1000,"bu","13:28:19",2216800
17.45,-0.35,2500,"bu","13:28:18",2215800
17.45,-0.35,1800,"bu","13:28:17",2213300
17.45,-0.35,1500,"bu","13:28:16",2211500
17.45,-0.35,8000,"bu","13:28:12",2210000
17.45,-0.35,200,"bu","13:28:05",2202000
17.45,-0.35,500,"bu","13:28:03",2201800
17.45,-0.35,100,"bu","13:27:59",2201300
17.45,-0.35,1000,"bu","13:27:58",2201200
17.45,-0.35,1000,"bu","13:27:56",2200200
17.45,-0.35,600,"bu","13:27:51",2199200
17.4,-0.4,4000,"sd","13:27:40",2198600
17.4,-0.4,800,"sd","13:27:37",2194600
17.4,-0.4,4800,"sd","13:27:34",2193800
17.4,-0.4,1100,"sd","13:27:28",2189000
17.4,-0.4,300,"sd","13:27:27",2187900
17.4,-0.4,3000,"sd","13:27:24",2187600
17.4,-0.4,4900,"bu","13:27:21",2184600
17.4,-0.4,2000,"bu","13:27:17",2179700
17.4,-0.4,2000,"bu","13:27:16",2177700
17.4,-0.4,3000,"bu","13:27:14",2175700
17.4,-0.4,900,"bu","13:27:12",2172700
17.4,-0.4,1000,"bu","13:27:11",2171800
17.4,-0.4,1000,"bu","13:27:10",2170800
17.4,-0.4,1600,"bu","13:27:08",2169800
17.4,-0.4,100,"bu","13:27:08",2168200
17.4,-0.4,13600,"bu","13:27:04",2168100
17.4,-0.4,800,"bu","13:27:01",2154500
17.4,-0.4,1000,"bu","13:26:47",2153700
17.4,-0.4,1000,"bu","13:26:42",2152700
17.4,-0.4,400,"bu","13:26:37",2151700
17.4,-0.4,200,"sd","13:26:35",2151300
17.4,-0.4,300,"sd","13:26:30",2151100
17.4,-0.4,800,"sd","13:26:26",2150800
17.4,-0.4,1000,"sd","13:26:24",2150000
17.4,-0.4,40000,"sd","13:26:20",2149000
17.4,-0.4,1000,"sd","13:26:11",2109000
17.4,-0.4,200,"sd","13:25:49",2108000
17.4,-0.4,4500,"sd","13:25:46",2107800
17.4,-0.4,5000,"sd","13:25:43",2103300
17.4,-0.4,9300,"sd","13:25:38",2098300
17.45,-0.35,1000,"bu","13:25:35",2089000
17.4,-0.4,200,"sd","13:25:32",2088000
17.4,-0.4,500,"sd","13:24:42",2087800
17.4,-0.4,300,"sd","13:24:00",2087300
17.4,-0.4,5000,"sd","13:23:46",2087000
17.4,-0.4,600,"sd","13:23:18",2082000
17.4,-0.4,100,"sd","13:23:16",2081400
17.4,-0.4,10000,"sd","13:23:15",2081300
17.4,-0.4,2000,"sd","13:23:14",2071300
17.4,-0.4,6000,"sd","13:23:11",2069300
17.4,-0.4,5000,"sd","13:23:02",2063300
17.4,-0.4,500,"sd","13:22:53",2058300
17.4,-0.4,500,"sd","13:22:47",2057800
17.4,-0.4,900,"sd","13:22:43",2057300
17.4,-0.4,100,"bu","13:22:39",2056400
17.4,-0.4,2000,"bu","13:22:37",2056300
17.4,-0.4,500,"bu","13:22:35",2054300
17.4,-0.4,3000,"bu","13:22:31",2053800
17.4,-0.4,1000,"bu","13:22:22",2050800
17.4,-0.4,100,"bu","13:22:18",2049800
17.35,-0.45,20900,"sd","13:22:16",2049700
17.4,-0.4,20000,"sd","13:22:08",2028700
17.4,-0.4,300,"sd","13:22:03",2008700
17.35,-0.45,31900,"sd","13:21:59",2008400
17.4,-0.4,15500,"sd","13:21:56",1948300
17.4,-0.4,5000,"sd","13:21:51",1932800
17.4,-0.4,500,"sd","13:21:26",1927800
17.4,-0.4,1000,"sd","13:21:24",1927300
17.4,-0.4,2000,"sd","13:21:20",1926300
17.4,-0.4,12900,"sd","13:21:10",1924300
17.4,-0.4,100,"sd","13:21:08",1911400
17.4,-0.4,1900,"sd","13:21:05",1911300
17.4,-0.4,3000,"sd","13:21:03",1909400
17.4,-0.4,1000,"sd","13:21:02",1906400
17.4,-0.4,800,"sd","13:20:51",1905400
17.4,-0.4,7100,"sd","13:20:51",1904600
17.4,-0.4,1000,"sd","13:20:46",1897500
17.4,-0.4,200,"sd","13:20:43",1896500
17.4,-0.4,300,"sd","13:20:40",1896300
17.4,-0.4,900,"sd","13:20:31",1896000
17.45,-0.35,1000,"bu","13:20:28",1895100
17.4,-0.4,2800,"sd","13:20:27",1894100
17.45,-0.35,100,"bu","13:20:17",1891300
17.45,-0.35,100,"bu","13:20:13",1891200
17.45,-0.35,200,"bu","13:20:03",1891100
17.45,-0.35,700,"bu","13:20:00",1890900
17.45,-0.35,100,"bu","13:19:50",1890200
17.45,-0.35,100,"bu","13:19:35",1890100
17.4,-0.4,700,"sd","13:19:34",1890000
17.45,-0.35,76700,"sd","13:19:31",1889300
17.45,-0.35,1000,"sd","13:19:06",1812600
17.5,-0.3,6400,"sd","13:19:06",1811600
17.5,-0.3,500,"sd","13:18:48",1805200
17.5,-0.3,3300,"sd","13:18:45",1804700
17.5,-0.3,1000,"sd","13:18:37",1801400
17.5,-0.3,200,"sd","13:18:20",1800400
17.5,-0.3,10000,"sd","13:18:16",1800200
17.5,-0.3,300,"sd","13:18:11",1790200
17.5,-0.3,2200,"sd","13:18:09",1789900
17.5,-0.3,20000,"sd","13:18:03",1787700
17.5,-0.3,1500,"bu","13:17:50",1767700
17.5,-0.3,5000,"bu","13:17:37",1766200
17.5,-0.3,500,"bu","13:17:33",1761200
17.5,-0.3,2300,"bu","13:17:32",1760700
17.5,-0.3,1000,"bu","13:17:30",1758400
17.5,-0.3,1200,"bu","13:17:27",1757400
17.5,-0.3,600,"bu","13:17:24",1756200
17.5,-0.3,29400,"bu","13:17:23",1755600
17.5,-0.3,4000,"bu","13:17:22",1726200
17.5,-0.3,3000,"bu","13:17:12",1722200
17.5,-0.3,1000,"bu","13:17:09",1719200
17.5,-0.3,3000,"bu","13:16:56",1718200
17.45,-0.35,300,"sd","13:16:43",1715200
17.45,-0.35,200,"sd","13:16:15",1714900
17.45,-0.35,1500,"sd","13:16:01",1714700
17.5,-0.3,2000,"bu","13:15:57",1713200
17.5,-0.3,100,"bu","13:15:52",1711200
17.5,-0.3,6000,"bu","13:15:44",1711100
17.45,-0.35,1000,"sd","13:15:36",1705100
17.5,-0.3,700,"bu","13:15:36",1704100
17.5,-0.3,22400,"sd","13:15:26",1703400
17.5,-0.3,50000,"sd","13:15:17",1681000
17.55,-0.25,3000,"bu","13:15:15",1631000
17.5,-0.3,7800,"sd","13:15:08",1628000
17.55,-0.25,2400,"bu","13:15:06",1620200
17.55,-0.25,500,"bu","13:15:05",1617800
17.55,-0.25,200,"bu","13:14:59",1617300
17.55,-0.25,3000,"bu","13:14:24",1617100
17.55,-0.25,2000,"bu","13:14:10",1614100
17.55,-0.25,12000,"sd","13:14:00",1612100
17.55,-0.25,500,"sd","13:13:58",1600100
17.55,-0.25,8000,"sd","13:13:36",1599600
17.55,-0.25,5800,"sd","13:13:35",1591600
17.55,-0.25,500,"sd","13:13:31",1585800
17.55,-0.25,200,"sd","13:13:21",1585300
17.55,-0.25,2000,"sd","13:13:17",1585100
17.6,-0.2,200,"bu","13:13:09",1583100
17.6,-0.2,200,"bu","13:12:45",1582900
17.55,-0.25,200,"sd","13:12:35",1582700
17.55,-0.25,1000,"sd","13:12:33",1582500
17.55,-0.25,10000,"sd","13:12:26",1581500
17.55,-0.25,10000,"sd","13:12:17",1571500
17.55,-0.25,1700,"sd","13:11:45",1561500
17.55,-0.25,14400,"bu","13:11:18",1559800
17.55,-0.25,6000,"bu","13:11:17",1545400
17.55,-0.25,1300,"bu","13:11:13",1539400
17.55,-0.25,1000,"bu","13:11:07",1538100
17.55,-0.25,1000,"bu","13:11:06",1537100
17.55,-0.25,3800,"bu","13:11:05",1536100
17.55,-0.25,500,"bu","13:11:02",1532300
17.55,-0.25,500,"bu","13:10:59",1531800
17.55,-0.25,1000,"bu","13:10:58",1531300
17.55,-0.25,3000,"bu","13:10:49",1530300
17.55,-0.25,600,"bu","13:10:48",1527300
17.55,-0.25,1500,"bu","13:10:46",1526700
17.55,-0.25,1000,"bu","13:10:44",1525200
17.55,-0.25,300,"bu","13:10:18",1524200
17.55,-0.25,500,"bu","13:10:16",1523900
17.55,-0.25,1000,"bu","13:10:10",1523400
17.55,-0.25,2000,"bu","13:09:56",1522400
17.55,-0.25,1000,"bu","13:09:38",1520400
17.55,-0.25,3500,"bu","13:09:34",1519400
17.5,-0.3,5000,"sd","13:09:19",1515900
17.55,-0.25,300,"bu","13:09:12",1510900
17.55,-0.25,800,"bu","13:09:09",1510600
17.5,-0.3,26200,"bu","13:09:05",1509800
17.5,-0.3,1000,"bu","13:09:04",1483600
17.5,-0.3,600,"bu","13:09:03",1482600
17.5,-0.3,4000,"bu","13:09:02",1482000
17.5,-0.3,8200,"bu","13:09:00",1478000
17.5,-0.3,2000,"bu","13:08:57",1469800
17.5,-0.3,5000,"bu","13:08:57",1467800
17.5,-0.3,5000,"bu","13:08:56",1462800
17.5,-0.3,1000,"bu","13:08:51",1457800
17.5,-0.3,400,"bu","13:08:49",1456800
17.5,-0.3,2300,"bu","13:08:41",1456400
17.5,-0.3,1000,"bu","13:08:36",1454100
17.5,-0.3,500,"bu","13:08:33",1453100
17.5,-0.3,200,"bu","13:08:30",1452600
17.45,-0.35,3200,"sd","13:08:29",1452400
17.5,-0.3,1000,"bu","13:08:27",1449200
17.5,-0.3,5000,"bu","13:08:26",1448200
17.5,-0.3,300,"bu","13:08:25",1443200
17.5,-0.3,1800,"bu","13:08:24",1442900
17.5,-0.3,1000,"bu","13:08:21",1441100
17.5,-0.3,2000,"bu","13:08:20",1440100
17.5,-0.3,500,"bu","13:08:20",1438100
17.5,-0.3,10000,"bu","13:08:18",1437600
17.5,-0.3,300,"bu","13:08:16",1427600
17.5,-0.3,1000,"bu","13:08:12",1427300
17.5,-0.3,200,"bu","13:08:11",1426300
17.5,-0.3,20000,"bu","13:08:08",1426100
17.5,-0.3,500,"bu","13:07:56",1406100
17.5,-0.3,1000,"bu","13:07:55",1405600
17.5,-0.3,100,"bu","13:07:53",1404600
17.5,-0.3,1000,"bu","13:07:19",1404500
17.5,-0.3,100,"bu","13:07:15",1403500
17.5,-0.3,100,"bu","13:07:08",1403400
17.5,-0.3,1000,"bu","13:07:03",1403300
17.5,-0.3,1000,"bu","13:06:45",1402300
17.45,-0.35,14000,"sd","13:06:44",1401300
17.45,-0.35,300,"sd","13:06:37",1387300
17.45,-0.35,700,"sd","13:06:36",1387000
17.45,-0.35,3000,"sd","13:06:16",1386300
17.5,-0.3,400,"bu","13:06:01",1383300
17.45,-0.35,4000,"sd","13:05:55",1382900
17.45,-0.35,100,"sd","13:05:51",1378900
17.5,-0.3,1000,"bu","13:05:37",1378800
17.45,-0.35,100,"sd","13:05:22",1377800
17.45,-0.35,500,"sd","13:05:16",1377700
17.45,-0.35,1000,"sd","13:05:03",1377200
17.45,-0.35,1000,"sd","13:05:02",1376200
17.45,-0.35,4500,"sd","13:04:59",1375200
17.45,-0.35,1000,"sd","13:04:49",1370700
17.45,-0.35,5000,"sd","13:04:39",1369700
17.45,-0.35,100,"sd","13:04:34",1364700
17.45,-0.35,1600,"sd","13:03:27",1364600
17.45,-0.35,1500,"sd","13:03:18",1363000
17.45,-0.35,100,"sd","13:03:16",1361500
17.45,-0.35,1000,"sd","13:03:11",1361400
17.45,-0.35,4600,"sd","13:03:08",1360400
17.45,-0.35,2000,"sd","13:03:06",1355800
17.5,-0.3,600,"bu","13:02:58",1353800
17.45,-0.35,400,"sd","13:02:53",1353200
17.5,-0.3,1100,"bu","13:02:40",1352800
17.45,-0.35,600,"bu","13:02:38",1351700
17.5,-0.3,2000,"bu","13:02:27",1351100
17.4,-0.4,1400,"sd","13:02:02",1349100
17.4,-0.4,900,"sd","13:01:27",1347700
17.4,-0.4,1600,"sd","13:01:27",1346800
17.4,-0.4,4500,"sd","13:01:25",1345200
17.4,-0.4,37300,"sd","13:01:25",1340700
17.45,-0.35,2700,"sd","13:01:25",1303400
17.45,-0.35,8000,"sd","13:01:22",1300700
17.45,-0.35,1000,"sd","13:00:57",1292700
17.45,-0.35,3600,"sd","13:00:50",1291700
17.45,-0.35,200,"sd","13:00:48",1288100
17.45,-0.35,6000,"sd","13:00:40",1287900
17.5,-0.3,200,"bu","13:00:33",1281900
17.5,-0.3,2000,"bu","13:00:32",1281700
17.5,-0.3,2400,"bu","13:00:31",1279700
17.5,-0.3,1000,"bu","13:00:31",1277300
17.5,-0.3,3000,"bu","13:00:26",1276300
17.5,-0.3,100,"bu","13:00:24",1273300
17.5,-0.3,5000,"bu","13:00:21",1273200
17.5,-0.3,200,"bu","13:00:18",1268200
17.45,-0.35,2300,"sd","13:00:17",1268000
17.5,-0.3,200,"bu","13:00:13",1265700
17.5,-0.3,500,"bu","13:00:11",1265500
17.5,-0.3,500,"bu","13:00:10",1265000
17.5,-0.3,31800,"sd","13:00:09",1264500
17.55,-0.25,1600,"bu","13:00:06",1232700
17.5,-0.3,1700,"sd","13:00:05",1231100
17.55,-0.25,3000,"bu","13:00:05",1229400
17.5,-0.3,50000,"sd","13:00:04",1226400
17.5,-0.3,5000,"sd","13:00:04",1176400
17.55,-0.25,1000,"bu","13:00:04",1171400
17.5,-0.3,10000,"sd","13:00:03",1170400
17.55,-0.25,100,"bu","13:00:01",1160400
17.5,-0.3,10000,"sd","13:00:01",1160300
17.5,-0.3,3300,"sd","13:00:00",1150300
17.55,-0.25,1300,"bu","13:00:00",1147000
17.5,-0.3,7400,"sd","13:00:00",1145700
17.55,-0.25,1000,"bu","13:00:00",1138300
17.5,-0.3,1000,"sd","11:29:54",1137300
17.5,-0.3,5000,"sd","11:29:39",1136300
17.55,-0.25,2000,"bu","11:29:37",1131300
17.5,-0.3,400,"sd","11:29:13",1129300
17.5,-0.3,3000,"sd","11:29:00",1128900
17.5,-0.3,2600,"sd","11:28:59",1125900
17.55,-0.25,10000,"sd","11:28:59",1123300
17.5,-0.3,2000,"sd","11:28:46",1113300
17.5,-0.3,101600,"sd","11:28:45",1111300
17.55,-0.25,98400,"sd","11:28:45",1009700
17.6,-0.2,1000,"bu","11:28:32",911300
17.55,-0.25,400,"sd","11:28:31",910300
17.55,-0.25,8100,"sd","11:28:08",909900
17.55,-0.25,200,"sd","11:28:07",901800
17.6,-0.2,41700,"sd","11:28:07",901600
17.6,-0.2,500,"sd","11:28:01",859900
17.6,-0.2,500,"sd","11:28:00",859400
17.6,-0.2,200,"sd","11:27:57",858900
17.6,-0.2,12800,"sd","11:27:38",858700
17.6,-0.2,7200,"sd","11:27:37",845900
17.6,-0.2,900,"sd","11:27:32",838700
17.6,-0.2,15000,"sd","11:27:08",837800
17.65,-0.15,100,"bu","11:26:22",822800
17.6,-0.2,100,"sd","11:26:19",822700
17.6,-0.2,500,"sd","11:25:41",822600
17.6,-0.2,1500,"sd","11:25:21",822100
17.6,-0.2,10000,"sd","11:25:01",820600
17.6,-0.2,1000,"sd","11:24:24",810600
17.6,-0.2,400,"sd","11:23:26",809600
17.65,-0.15,400,"bu","11:23:24",809200
17.65,-0.15,1000,"bu","11:23:23",808800
17.6,-0.2,30000,"sd","11:23:08",807800
17.65,-0.15,500,"bu","11:23:00",777800
17.65,-0.15,200,"bu","11:22:43",777300
17.65,-0.15,1000,"bu","11:22:21",777100
17.65,-0.15,1000,"bu","11:22:17",776100
17.65,-0.15,2000,"bu","11:22:10",775100
17.65,-0.15,1500,"bu","11:21:59",773100
17.6,-0.2,200,"sd","11:21:33",771600
17.65,-0.15,100,"bu","11:21:31",771400
17.65,-0.15,300,"bu","11:20:57",771300
17.65,-0.15,200,"bu","11:20:55",771000
17.65,-0.15,1000,"bu","11:20:50",770800
17.65,-0.15,25200,"sd","11:20:34",769800
17.65,-0.15,6000,"sd","11:19:48",744600
17.7,-0.1,1000,"bu","11:19:35",738600
17.7,-0.1,100,"bu","11:18:45",737600
17.7,-0.1,900,"bu","11:17:09",737500
17.7,-0.1,10000,"bu","11:16:45",736600
17.65,-0.15,100,"bu","11:16:02",726600
17.65,-0.15,500,"sd","11:15:45",726500
17.65,-0.15,15600,"sd","11:15:36",726000
17.65,-0.15,100,"sd","11:15:03",710400
17.65,-0.15,40000,"sd","11:14:54",710300
17.65,-0.15,50000,"sd","11:14:34",670300
17.65,-0.15,500,"sd","11:13:59",620300
17.7,-0.1,300,"bu","11:13:52",619800
17.7,-0.1,500,"bu","11:13:49",619500
17.7,-0.1,2900,"bu","11:13:32",619000
17.7,-0.1,1500,"bu","11:13:28",616100
17.7,-0.1,500,"bu","11:13:18",614600
17.7,-0.1,1000,"bu","11:13:11",614100
17.7,-0.1,1000,"bu","11:12:52",613100
17.7,-0.1,100,"bu","11:12:14",612100
17.7,-0.1,100,"bu","11:11:44",612000
17.7,-0.1,500,"bu","11:11:35",611900
17.7,-0.1,24400,"sd","11:11:17",611400
17.7,-0.1,500,"sd","11:11:08",587000
17.7,-0.1,200,"sd","11:11:01",586500
17.7,-0.1,700,"sd","11:11:00",586300
17.7,-0.1,15300,"sd","11:10:28",585600
17.7,-0.1,34700,"sd","11:10:27",570300
17.7,-0.1,12700,"sd","11:10:24",535600
17.7,-0.1,1000,"sd","11:07:55",522900
17.7,-0.1,5000,"sd","11:07:21",521900
17.75,-0.05,500,"bu","11:03:34",516900
17.75,-0.05,10000,"bu","11:00:47",516400
17.75,-0.05,100,"bu","10:58:54",506400
17.75,-0.05,1000,"bu","10:57:25",506300
17.75,-0.05,5700,"sd","10:56:14",505300
17.75,-0.05,1000,"sd","10:55:57",499600
17.75,-0.05,500,"sd","10:55:07",498600
17.8,0,200,"bu","10:54:26",498100
17.8,0,100,"bu","10:54:02",497900
17.75,-0.05,3800,"bu","10:52:35",497800
17.75,-0.05,1000,"bu","10:51:54",494000
17.75,-0.05,9900,"sd","10:51:02",493000
17.75,-0.05,600,"sd","10:49:55",483100
17.8,0,1000,"bu","10:49:53",482500
17.8,0,500,"bu","10:49:37",481500
17.8,0,200,"bu","10:49:34",481000
17.8,0,2000,"bu","10:49:07",480800
17.8,0,100,"bu","10:48:40",478800
17.75,-0.05,100,"sd","10:48:38",478700
17.75,-0.05,5000,"sd","10:48:22",478600
17.75,-0.05,3000,"sd","10:46:35",473600
17.75,-0.05,3000,"bu","10:43:58",470600
17.75,-0.05,3000,"bu","10:43:47",467600
17.75,-0.05,4700,"sd","10:43:35",464600
17.8,0,600,"bu","10:42:27",459900
17.8,0,100,"bu","10:41:03",459300
17.75,-0.05,1000,"sd","10:39:10",459200
17.8,0,100,"bu","10:38:06",458200
17.8,0,2000,"bu","10:38:03",458100
17.8,0,100,"bu","10:38:01",456100
17.8,0,100,"bu","10:37:55",456000
17.8,0,1500,"bu","10:37:16",455900
17.8,0,500,"bu","10:35:23",454400
17.8,0,300,"bu","10:34:59",453900
17.75,-0.05,1000,"sd","10:34:44",453600
17.75,-0.05,900,"bu","10:34:38",452600
17.75,-0.05,100,"bu","10:34:34",451700
17.75,-0.05,1800,"bu","10:34:30",451600
17.75,-0.05,100,"bu","10:34:26",449800
17.75,-0.05,200,"bu","10:34:19",449700
17.75,-0.05,1000,"bu","10:34:01",449500
17.75,-0.05,500,"bu","10:33:57",448500
17.75,-0.05,100,"bu","10:33:49",448000
17.75,-0.05,1000,"bu","10:33:43",447900
17.75,-0.05,1000,"bu","10:33:37",446900
17.75,-0.05,1200,"bu","10:33:30",445900
17.75,-0.05,200,"bu","10:33:27",444700
17.75,-0.05,200,"bu","10:33:24",444500
17.75,-0.05,1000,"bu","10:33:21",444300
17.75,-0.05,2000,"bu","10:33:16",443300
17.75,-0.05,200,"bu","10:33:12",441300
17.75,-0.05,500,"bu","10:33:07",441100
17.75,-0.05,500,"bu","10:33:02",440600
17.75,-0.05,300,"bu","10:32:51",440100
17.75,-0.05,500,"bu","10:32:46",439800
17.75,-0.05,5700,"bu","10:32:36",439300
17.75,-0.05,100,"bu","10:32:35",433600
17.75,-0.05,4000,"bu","10:32:34",433500
17.75,-0.05,6000,"bu","10:32:30",429500
17.75,-0.05,500,"bu","10:32:10",423500
17.75,-0.05,4100,"bu","10:32:02",423000
17.7,-0.1,200,"sd","10:31:50",418900
17.7,-0.1,2000,"sd","10:29:22",418700
17.7,-0.1,2900,"sd","10:26:28",416700
17.75,-0.05,100,"bu","10:25:27",413800
17.75,-0.05,3000,"bu","10:25:22",413700
17.75,-0.05,500,"bu","10:24:41",410700
17.75,-0.05,300,"bu","10:24:12",410200
17.75,-0.05,100,"bu","10:23:08",409900
17.7,-0.1,500,"sd","10:23:08",409800
17.7,-0.1,100,"sd","10:22:52",409300
17.75,-0.05,300,"bu","10:22:45",409200
17.7,-0.1,1000,"sd","10:22:18",408900
17.7,-0.1,300,"sd","10:22:01",407900
17.75,-0.05,28100,"sd","10:21:17",407600
17.75,-0.05,3300,"sd","10:21:16",379500
17.75,-0.05,6000,"sd","10:21:12",376200
17.8,0,900,"bu","10:21:11",370200
17.8,0,500,"bu","10:19:05",369300
17.8,0,1000,"bu","10:18:55",368800
17.75,-0.05,300,"sd","10:18:49",367800
17.75,-0.05,300,"sd","10:18:48",367500
17.75,-0.05,900,"sd","10:18:47",367200
17.75,-0.05,300,"sd","10:18:46",366300
17.8,0,2500,"bu","10:18:31",366000
17.8,0,500,"bu","10:17:44",363500
17.8,0,300,"bu","10:17:31",363000
17.8,0,4500,"bu","10:17:13",362700
17.8,0,100,"bu","10:16:47",358200
17.8,0,200,"bu","10:16:29",358100
17.8,0,1000,"bu","10:16:05",357900
17.75,-0.05,800,"sd","10:15:53",356900
17.8,0,500,"bu","10:15:48",356100
17.8,0,700,"bu","10:15:21",355600
17.8,0,300,"bu","10:14:51",354900
17.8,0,1000,"bu","10:14:25",354600
17.8,0,100,"bu","10:14:09",353600
17.8,0,1000,"bu","10:13:59",353500
17.8,0,3400,"sd","10:13:28",352500
17.8,0,400,"sd","10:13:25",349100
17.8,0,200,"sd","10:11:01",348700
17.8,0,2800,"sd","10:11:01",348500
17.8,0,8600,"sd","10:10:57",345700
17.8,0,10000,"sd","10:10:50",337100
17.8,0,100,"sd","10:10:23",327100
17.8,0,200,"sd","10:10:19",327000
17.8,0,200,"sd","10:09:55",326800
17.8,0,2000,"sd","10:09:51",326600
17.8,0,200,"sd","10:09:34",324600
17.8,0,3000,"sd","10:09:31",324400
17.85,0.05,600,"bu","10:08:00",321400
17.85,0.05,100,"bu","10:07:31",320800
17.85,0.05,1000,"bu","10:06:17",320700
17.85,0.05,100,"bu","10:05:08",319700
17.85,0.05,100,"bu","10:04:59",319600
17.85,0.05,600,"bu","10:04:20",319500
17.85,0.05,500,"bu","10:03:42",318900
17.8,0,100,"sd","10:03:42",318400
17.85,0.05,600,"bu","10:03:40",318300
17.85,0.05,2000,"bu","10:03:32",317700
17.8,0,100,"sd","10:03:26",315700
17.8,0,2000,"sd","10:02:51",315600
17.85,0.05,1000,"bu","10:02:20",313600
17.85,0.05,3500,"bu","10:01:43",312600
17.8,0,100,"sd","10:01:32",309100
17.8,0,1000,"sd","10:00:38",309000
17.8,0,500,"sd","09:59:27",308000
17.8,0,1300,"sd","09:58:57",307500
17.8,0,500,"sd","09:58:42",306200
17.8,0,2200,"bu","09:58:12",305700
17.8,0,3500,"bu","09:58:10",303500
17.8,0,3200,"bu","09:58:07",300000
17.8,0,100,"bu","09:58:06",296800
17.8,0,21000,"sd","09:57:35",296700
17.85,0.05,400,"bu","09:57:12",275700
17.85,0.05,1000,"bu","09:55:55",275300
17.85,0.05,100,"bu","09:55:14",274300
17.85,0.05,500,"bu","09:54:31",274200
17.8,0,100,"sd","09:54:28",273700
17.85,0.05,100,"bu","09:54:14",273600
17.8,0,300,"sd","09:53:51",273500
17.8,0,300,"sd","09:53:43",273200
17.8,0,100,"sd","09:52:37",272900
17.8,0,500,"sd","09:52:28",272800
17.8,0,2600,"sd","09:51:48",272300
17.8,0,500,"sd","09:51:28",269700
17.8,0,5600,"bu","09:51:25",269200
17.8,0,1000,"bu","09:51:16",263600
17.8,0,1000,"bu","09:51:07",262600
17.8,0,2000,"bu","09:51:02",261600
17.8,0,100,"bu","09:50:51",259600
17.8,0,800,"bu","09:50:48",259500
17.8,0,400,"bu","09:50:44",258700
17.8,0,1000,"bu","09:50:36",258300
17.8,0,5700,"bu","09:50:33",257300
17.8,0,400,"bu","09:50:32",251600
17.8,0,1000,"bu","09:50:22",251200
17.8,0,1000,"bu","09:50:21",250200
17.8,0,2000,"bu","09:50:18",249200
17.8,0,200,"bu","09:50:10",247200
17.8,0,1000,"bu","09:50:08",247000
17.8,0,2000,"bu","09:49:54",246000
17.8,0,2000,"bu","09:49:04",244000
17.8,0,500,"bu","09:48:59",242000
17.8,0,1000,"bu","09:48:58",241500
17.8,0,5000,"bu","09:48:03",240500
17.75,-0.05,2000,"sd","09:46:50",235500
17.75,-0.05,3600,"bu","09:44:33",233500
17.75,-0.05,1400,"sd","09:43:42",229900
17.75,-0.05,200,"bu","09:42:47",228500
17.75,-0.05,900,"bu","09:42:42",228300
17.75,-0.05,2000,"bu","09:42:34",227400
17.75,-0.05,2000,"bu","09:42:30",225400
17.75,-0.05,300,"bu","09:42:26",223400
17.75,-0.05,500,"bu","09:42:02",223100
17.75,-0.05,2000,"bu","09:41:57",222600
17.75,-0.05,100,"bu","09:41:48",220600
17.75,-0.05,1500,"bu","09:41:09",220500
17.75,-0.05,300,"bu","09:40:58",219000
17.75,-0.05,100,"bu","09:40:35",218700
17.75,-0.05,500,"bu","09:40:29",218600
17.75,-0.05,10000,"bu","09:40:20",218100
17.75,-0.05,2000,"bu","09:39:29",208100
17.75,-0.05,500,"bu","09:38:50",206100
17.7,-0.1,500,"sd","09:38:34",205600
17.65,-0.15,3500,"sd","09:37:58",205100
17.7,-0.1,1000,"sd","09:37:58",201600
17.7,-0.1,7000,"sd","09:37:33",200600
17.7,-0.1,2500,"sd","09:37:28",193600
17.7,-0.1,500,"bu","09:36:50",191100
17.7,-0.1,2000,"bu","09:36:42",190600
17.7,-0.1,1500,"bu","09:36:36",188600
17.65,-0.15,5700,"bu","09:35:14",187100
17.65,-0.15,100,"bu","09:35:02",181400
17.65,-0.15,1000,"bu","09:34:55",181300
17.65,-0.15,200,"bu","09:34:46",180300
17.65,-0.15,3000,"sd","09:34:33",180100
17.65,-0.15,7000,"bu","09:34:31",177100
17.65,-0.15,1000,"bu","09:34:30",170100
17.65,-0.15,1400,"bu","09:34:27",169100
17.65,-0.15,100,"bu","09:34:21",167700
17.65,-0.15,2600,"sd","09:33:46",167600
17.65,-0.15,20000,"sd","09:33:37",165000
17.7,-0.1,100,"bu","09:32:46",145000
17.7,-0.1,1000,"bu","09:32:28",144900
17.7,-0.1,5900,"sd","09:32:21",143900
17.7,-0.1,900,"sd","09:31:51",138000
17.7,-0.1,8300,"bu","09:31:36",137100
17.65,-0.15,200,"sd","09:31:05",128800
17.7,-0.1,3300,"sd","09:31:03",128600
17.7,-0.1,8000,"sd","09:30:37",125300
17.7,-0.1,15500,"sd","09:29:58",117300
17.7,-0.1,2000,"sd","09:29:57",101800
17.75,-0.05,1500,"sd","09:29:29",99800
17.75,-0.05,10000,"sd","09:29:25",98300
17.75,-0.05,10100,"sd","09:29:04",88300
17.75,-0.05,5000,"sd","09:28:51",78200
17.75,-0.05,5000,"sd","09:28:44",73200
17.75,-0.05,5000,"sd","09:28:35",68200
17.8,0,5000,"bu","09:26:06",63200
17.8,0,1000,"bu","09:25:11",58200
17.8,0,5200,"sd","09:24:38",57200
17.8,0,700,"sd","09:23:56",52000
17.8,0,19800,"bu","09:21:15",51300
17.8,0,3000,"bu","09:20:58",31500
17.8,0,500,"bu","09:19:40",28500
17.75,-0.05,8800,"sd","09:19:24",28000
17.8,0,500,"bu","09:18:03",19200
17.8,0,200,"bu","09:17:41",18700
17.75,-0.05,100,"sd","09:17:39",18500
17.8,0,10400,"sd","09:17:05",18400
17.85,0.05,1100,"bu","09:17:02",8000
17.85,0.05,1900,"bu","09:16:30",6900
17.85,0.05,700,"sd","09:16:07",5000
17.85,0.05,200,"bu","09:15:38",4300
17.8,0,4100,"","09:15:03",4100
