"price","change","match_qtty","side","time","total_vol"
26.15,0.35,263000,"","14:45:04",4953200
26.25,0.45,3400,"sd","14:29:47",4690200
26.25,0.45,5000,"sd","14:29:46",4686800
26.25,0.45,2300,"sd","14:29:44",4681800
26.25,0.45,400,"sd","14:29:17",4679500
26.25,0.45,1000,"sd","14:29:10",4679100
26.3,0.5,13900,"bu","14:29:05",4678100
26.25,0.45,200,"sd","14:28:49",4664200
26.25,0.45,200,"sd","14:28:36",4664000
26.25,0.45,200,"sd","14:28:32",4663800
26.25,0.45,500,"sd","14:27:48",4663600
26.25,0.45,100,"sd","14:27:43",4663100
26.25,0.45,600,"sd","14:27:43",4663000
26.25,0.45,300,"sd","14:27:42",4662400
26.25,0.45,2000,"sd","14:27:01",4662100
26.3,0.5,100,"bu","14:26:55",4660100
26.25,0.45,3200,"sd","14:26:54",4660000
26.25,0.45,600,"sd","14:26:40",4656800
26.25,0.45,500,"sd","14:25:52",4656200
26.25,0.45,1000,"sd","14:25:43",4655700
26.25,0.45,1600,"bu","14:25:41",4654700
26.25,0.45,100,"bu","14:25:16",4653100
26.25,0.45,200,"sd","14:24:46",4653000
26.25,0.45,200,"sd","14:24:45",4652800
26.25,0.45,100,"bu","14:24:43",4652600
26.25,0.45,4000,"sd","14:24:32",4652500
26.25,0.45,6000,"bu","14:24:24",4648500
26.25,0.45,100,"bu","14:24:06",4642500
26.25,0.45,400,"bu","14:24:05",4642400
26.25,0.45,400,"bu","14:23:54",4642000
26.25,0.45,1000,"bu","14:23:47",4641600
26.2,0.4,600,"sd","14:23:38",4640600
26.2,0.4,100,"sd","14:23:28",4640000
26.25,0.45,500,"bu","14:23:06",4639900
26.2,0.4,1300,"sd","14:23:03",4639400
26.2,0.4,3000,"sd","14:22:58",4638100
26.2,0.4,3900,"bu","14:22:51",4635100
26.2,0.4,2000,"bu","14:22:47",4631200
26.2,0.4,2000,"bu","14:22:44",4629200
26.2,0.4,10800,"bu","14:22:42",4627200
26.15,0.35,100,"sd","14:22:38",4616400
26.2,0.4,700,"bu","14:22:38",4616300
26.2,0.4,1000,"bu","14:22:37",4615600
26.2,0.4,2000,"bu","14:22:35",4614600
26.15,0.35,500,"sd","14:22:23",4612600
26.15,0.35,7000,"sd","14:22:22",4612100
26.15,0.35,20900,"bu","14:21:58",4605100
26.15,0.35,5000,"bu","14:21:54",4584200
26.15,0.35,100,"bu","14:21:53",4579200
26.15,0.35,1000,"bu","14:21:45",4579100
26.15,0.35,300,"bu","14:21:41",4578100
26.1,0.3,100,"sd","14:21:39",4577800
26.15,0.35,1500,"bu","14:21:27",4577700
26.1,0.3,4600,"bu","14:21:09",4576200
26.1,0.3,5800,"sd","14:20:55",4571600
26.15,0.35,100,"bu","14:20:50",4565800
26.1,0.3,5000,"sd","14:20:45",4565700
26.15,0.35,100,"bu","14:20:31",4560700
26.15,0.35,5000,"bu","14:20:27",4560600
26.1,0.3,5000,"sd","14:20:27",4555600
26.1,0.3,3700,"bu","14:20:19",4550600
26.1,0.3,100,"bu","14:19:58",4546900
26.05,0.25,1100,"sd","14:19:53",4546800
26.05,0.25,3900,"sd","14:19:52",4545700
26.1,0.3,200,"bu","14:19:48",4541800
26.1,0.3,4700,"bu","14:19:35",4536600
26.1,0.3,2000,"bu","14:19:27",4531900
26.1,0.3,300,"bu","14:19:22",4529900
26.1,0.3,1000,"sd","14:19:20",4529600
26.1,0.3,1000,"sd","14:19:11",4528600
26.1,0.3,9600,"sd","14:19:08",4527600
26.1,0.3,1000,"sd","14:19:03",4518000
26.1,0.3,4000,"sd","14:18:59",4517000
26.1,0.3,1000,"sd","14:18:57",4513000
26.1,0.3,400,"sd","14:18:51",4512000
26.1,0.3,6000,"sd","14:18:48",4511600
26.1,0.3,2000,"sd","14:18:40",4505600
26.15,0.35,37600,"sd","14:18:22",4503600
26.15,0.35,700,"sd","14:18:16",4466000
26.2,0.4,10600,"sd","14:17:59",4465300
26.2,0.4,10000,"sd","14:17:54",4454700
26.2,0.4,4900,"sd","14:17:52",4444700
26.2,0.4,5000,"sd","14:17:40",4439800
26.2,0.4,2000,"sd","14:17:34",4434800
26.25,0.45,300,"bu","14:17:12",4432800
26.2,0.4,2000,"sd","14:17:06",4432500
26.2,0.4,500,"sd","14:17:05",4430500
26.2,0.4,5000,"sd","14:16:57",4430000
26.2,0.4,5000,"sd","14:16:50",4425000
26.2,0.4,100,"sd","14:16:39",4420000
26.2,0.4,500,"sd","14:15:57",4419900
26.2,0.4,17000,"sd","14:15:40",4419400
26.25,0.45,1000,"bu","14:15:06",4402400
26.25,0.45,200,"bu","14:14:53",4401400
26.25,0.45,100,"bu","14:14:46",4401200
26.25,0.45,1000,"sd","14:14:09",4401100
26.25,0.45,1000,"sd","14:14:00",4400100
26.2,0.4,3800,"sd","14:13:50",4399100
26.25,0.45,200,"sd","14:13:50",4395300
26.25,0.45,5000,"sd","14:13:36",4395100
26.25,0.45,100,"sd","14:13:32",4390100
26.25,0.45,500,"sd","14:13:24",4390000
26.25,0.45,3500,"sd","14:13:18",4389500
26.25,0.45,800,"sd","14:13:15",4386000
26.25,0.45,200,"sd","14:13:06",4385200
26.25,0.45,600,"sd","14:13:05",4385000
26.25,0.45,300,"sd","14:12:37",4384400
26.25,0.45,1000,"sd","14:12:18",4384100
26.25,0.45,100,"sd","14:12:15",4383100
26.25,0.45,4000,"sd","14:12:02",4383000
26.3,0.5,12000,"bu","14:10:35",4379000
26.25,0.45,2000,"sd","14:10:31",4367000
26.3,0.5,16500,"sd","14:10:04",4365000
26.3,0.5,1000,"sd","14:09:07",4348500
26.3,0.5,500,"sd","14:08:07",4347500
26.35,0.55,100,"sd","14:07:28",4347000
26.35,0.55,2000,"sd","14:07:20",4346900
26.35,0.55,300,"sd","14:07:13",4344900
26.35,0.55,7600,"bu","14:06:53",4344600
26.35,0.55,4200,"bu","14:06:22",4337000
26.3,0.5,200,"sd","14:06:21",4332800
26.35,0.55,1700,"bu","14:05:57",4332600
26.35,0.55,1000,"bu","14:05:51",4330900
26.35,0.55,300,"bu","14:05:29",4329900
26.3,0.5,13400,"bu","14:04:57",4329600
26.3,0.5,7800,"sd","14:04:51",4316200
26.3,0.5,500,"sd","14:04:33",4308400
26.35,0.55,200,"bu","14:04:25",4307900
26.3,0.5,200,"sd","14:04:17",4307700
26.35,0.55,40000,"bu","14:04:00",4307500
26.35,0.55,1900,"bu","14:03:21",4267500
26.3,0.5,100,"bu","14:03:21",4265600
26.35,0.55,600,"bu","14:02:47",4265500
26.3,0.5,19400,"bu","14:02:47",4264900
26.3,0.5,300,"bu","14:02:33",4245500
26.25,0.45,500,"sd","14:02:33",4245200
26.25,0.45,3500,"sd","14:02:20",4244700
26.25,0.45,1000,"sd","14:01:21",4241200
26.25,0.45,1000,"sd","14:01:19",4240200
26.25,0.45,100,"sd","14:00:49",4239200
26.25,0.45,1000,"sd","14:00:37",4239100
26.25,0.45,3200,"sd","14:00:02",4238100
26.25,0.45,500,"sd","14:00:00",4234900
26.25,0.45,800,"sd","13:59:59",4234400
26.25,0.45,700,"sd","13:59:27",4233600
26.25,0.45,2000,"sd","13:59:16",4232900
26.25,0.45,2000,"sd","13:58:59",4230900
26.25,0.45,400,"sd","13:58:58",4228900
26.25,0.45,800,"sd","13:58:56",4228500
26.25,0.45,5000,"sd","13:58:53",4227700
26.25,0.45,20000,"sd","13:58:50",4222700
26.25,0.45,800,"sd","13:58:24",4202700
26.25,0.45,1000,"sd","13:58:08",4201900
26.25,0.45,400,"sd","13:57:59",4200900
26.25,0.45,800,"sd","13:57:52",4200500
26.3,0.5,2000,"bu","13:57:29",4199700
26.3,0.5,1000,"bu","13:57:23",4197700
26.25,0.45,800,"sd","13:57:21",4196700
26.25,0.45,400,"sd","13:56:58",4195900
26.25,0.45,700,"sd","13:56:49",4195500
26.3,0.5,800,"bu","13:56:22",4194800
26.25,0.45,500,"sd","13:56:21",4194000
26.25,0.45,800,"sd","13:56:17",4193500
26.3,0.5,10000,"bu","13:56:02",4192700
26.25,0.45,500,"sd","13:55:58",4182700
26.25,0.45,800,"sd","13:55:46",4182200
26.3,0.5,1000,"bu","13:55:27",4181400
26.25,0.45,800,"sd","13:55:14",4180400
26.25,0.45,1000,"sd","13:55:05",4179600
26.25,0.45,400,"sd","13:54:56",4178600
26.25,0.45,800,"sd","13:54:42",4178200
26.3,0.5,1000,"bu","13:54:25",4177400
26.3,0.5,19000,"bu","13:54:22",4176400
26.3,0.5,2000,"bu","13:54:14",4157400
26.25,0.45,800,"sd","13:54:11",4155400
26.25,0.45,400,"sd","13:53:56",4154600
26.3,0.5,2000,"bu","13:53:45",4154200
26.25,0.45,800,"sd","13:53:39",4152200
26.25,0.45,200,"sd","13:53:10",4151400
26.25,0.45,800,"sd","13:53:07",4151200
26.3,0.5,2000,"bu","13:52:56",4150400
26.25,0.45,500,"sd","13:52:56",4148400
26.25,0.45,800,"sd","13:52:36",4147900
26.3,0.5,100,"bu","13:52:33",4147100
26.25,0.45,700,"sd","13:52:04",4147000
26.25,0.45,400,"sd","13:51:55",4146300
26.3,0.5,100,"bu","13:51:54",4145900
26.25,0.45,800,"sd","13:51:32",4145800
26.25,0.45,800,"sd","13:51:01",4145000
26.25,0.45,400,"sd","13:50:54",4144200
26.25,0.45,800,"sd","13:50:29",4143800
26.25,0.45,1000,"sd","13:50:09",4143000
26.25,0.45,800,"sd","13:49:57",4142000
26.25,0.45,400,"sd","13:49:54",4141200
26.3,0.5,100,"bu","13:49:47",4140800
26.25,0.45,800,"sd","13:49:26",4140700
26.25,0.45,800,"sd","13:48:54",4139900
26.25,0.45,500,"sd","13:48:53",4139100
26.25,0.45,100,"sd","13:48:33",4138600
26.3,0.5,400,"bu","13:48:30",4138500
26.25,0.45,800,"sd","13:48:22",4138100
26.25,0.45,400,"sd","13:47:53",4137300
26.3,0.5,100,"bu","13:47:52",4136900
26.25,0.45,800,"sd","13:47:51",4136800
26.3,0.5,6000,"bu","13:47:43",4136000
26.3,0.5,100,"bu","13:47:30",4130000
26.25,0.45,800,"sd","13:47:19",4129900
26.25,0.45,10000,"sd","13:46:54",4129100
26.25,0.45,400,"sd","13:46:52",4119100
26.25,0.45,700,"sd","13:46:47",4118700
26.25,0.45,800,"sd","13:46:16",4118000
26.3,0.5,2900,"bu","13:45:59",4117200
26.25,0.45,500,"sd","13:45:53",4114300
26.25,0.45,800,"sd","13:45:44",4113800
26.25,0.45,15000,"sd","13:45:40",4113000
26.25,0.45,400,"sd","13:45:37",4098000
26.25,0.45,1800,"sd","13:45:12",4097600
26.25,0.45,400,"sd","13:44:51",4095800
26.25,0.45,800,"sd","13:44:41",4095400
26.25,0.45,800,"sd","13:44:09",4094600
26.25,0.45,1600,"sd","13:43:59",4093800
26.3,0.5,100,"bu","13:43:54",4092200
26.25,0.45,400,"sd","13:43:51",4092100
26.3,0.5,400,"bu","13:43:50",4091700
26.25,0.45,2000,"sd","13:43:50",4091300
26.3,0.5,3000,"bu","13:43:49",4089300
26.3,0.5,3000,"bu","13:43:46",4086300
26.3,0.5,4100,"bu","13:43:40",4083300
26.3,0.5,50000,"bu","13:43:21",4079200
26.25,0.45,2000,"sd","13:43:21",4029200
26.25,0.45,200,"sd","13:43:11",4027200
26.25,0.45,500,"sd","13:42:50",4027000
26.25,0.45,300,"sd","13:42:49",4026500
26.25,0.45,600,"sd","13:42:44",4026200
26.25,0.45,1000,"sd","13:42:33",4025600
26.25,0.45,200,"sd","13:42:19",4024600
26.3,0.5,500,"bu","13:41:51",4024400
26.25,0.45,400,"sd","13:41:50",4023900
26.25,0.45,200,"sd","13:41:35",4023500
26.25,0.45,200,"sd","13:41:02",4023300
26.25,0.45,400,"sd","13:40:49",4023100
26.25,0.45,600,"sd","13:40:16",4022700
26.25,0.45,200,"sd","13:40:12",4022100
26.3,0.5,1000,"bu","13:40:10",4021900
26.25,0.45,100,"sd","13:39:58",4020900
26.3,0.5,100,"bu","13:39:50",4020800
26.25,0.45,2500,"sd","13:39:50",4020700
26.25,0.45,3000,"sd","13:39:35",4018200
26.25,0.45,100,"sd","13:39:06",4015200
26.25,0.45,400,"sd","13:38:48",4015100
26.3,0.5,3000,"bu","13:38:33",4014700
26.25,0.45,400,"sd","13:37:48",4011700
26.3,0.5,2000,"bu","13:37:35",4011300
26.3,0.5,100,"sd","13:36:50",4009300
26.3,0.5,3000,"sd","13:36:48",4009200
26.3,0.5,400,"sd","13:36:48",4006200
26.35,0.55,500,"bu","13:36:32",4005800
26.35,0.55,300,"bu","13:36:24",4005300
26.3,0.5,400,"sd","13:36:18",4005000
26.35,0.55,100,"bu","13:36:10",4004600
26.35,0.55,500,"bu","13:35:56",4004500
26.3,0.5,500,"bu","13:35:56",4004000
26.25,0.45,500,"sd","13:35:47",4003500
26.35,0.55,1000,"bu","13:35:08",4003000
26.25,0.45,400,"sd","13:34:47",4002000
26.4,0.6,1000,"bu","13:34:43",4001600
26.4,0.6,2000,"bu","13:34:24",4000600
26.4,0.6,9800,"bu","13:34:23",3998600
26.35,0.55,200,"bu","13:34:23",3988800
26.4,0.6,300,"bu","13:34:07",3988600
26.3,0.5,900,"sd","13:34:05",3988300
26.4,0.6,500,"bu","13:33:51",3987400
26.3,0.5,400,"sd","13:33:46",3986900
26.4,0.6,800,"bu","13:33:37",3986500
26.35,0.55,2700,"bu","13:33:37",3985700
26.35,0.55,1000,"bu","13:33:19",3983000
26.3,0.5,100,"sd","13:33:19",3982000
26.3,0.5,100,"bu","13:33:03",3981900
26.3,0.5,100,"bu","13:32:57",3981800
26.3,0.5,9800,"sd","13:32:55",3981700
26.4,0.6,200,"bu","13:32:47",3971900
26.35,0.55,800,"bu","13:32:47",3971700
26.3,0.5,500,"sd","13:32:45",3970900
26.35,0.55,30000,"bu","13:32:40",3970400
26.3,0.5,2000,"sd","13:32:24",3940400
26.35,0.55,300,"bu","13:32:08",3938400
26.35,0.55,3500,"bu","13:32:04",3938100
26.35,0.55,800,"bu","13:31:59",3934600
26.3,0.5,200,"sd","13:31:56",3933800
26.3,0.5,400,"sd","13:31:45",3933600
26.35,0.55,200,"bu","13:31:30",3933200
26.35,0.55,2000,"bu","13:31:29",3933000
26.3,0.5,100,"sd","13:31:23",3931000
26.3,0.5,400,"sd","13:31:13",3930900
26.3,0.5,5000,"sd","13:30:57",3930500
26.35,0.55,1000,"bu","13:30:52",3925500
26.35,0.55,100,"bu","13:30:51",3924500
26.3,0.5,400,"sd","13:30:45",3924400
26.3,0.5,3300,"bu","13:30:28",3924000
26.3,0.5,14500,"bu","13:30:22",3920700
26.3,0.5,5000,"bu","13:30:15",3906200
26.3,0.5,4000,"bu","13:30:12",3901200
26.3,0.5,19500,"bu","13:30:05",3897200
26.25,0.45,500,"sd","13:29:44",3877700
26.25,0.45,27900,"bu","13:29:17",3877200
26.2,0.4,500,"sd","13:29:15",3849300
26.25,0.45,5000,"bu","13:29:13",3848800
26.25,0.45,10000,"bu","13:29:06",3843800
26.25,0.45,4000,"bu","13:29:05",3833800
26.2,0.4,500,"bu","13:29:01",3829800
26.2,0.4,20000,"bu","13:28:58",3829300
26.15,0.35,200,"sd","13:28:56",3809300
26.15,0.35,400,"sd","13:28:43",3809100
26.15,0.35,10000,"sd","13:28:41",3808700
26.2,0.4,300,"bu","13:28:37",3798700
26.2,0.4,10000,"bu","13:28:34",3798400
26.2,0.4,300,"bu","13:27:52",3788400
26.15,0.35,400,"sd","13:27:43",3788100
26.2,0.4,100,"bu","13:27:32",3787700
26.2,0.4,1400,"bu","13:27:03",3787600
26.15,0.35,500,"sd","13:26:42",3786200
26.15,0.35,8000,"sd","13:26:26",3785700
26.15,0.35,500,"sd","13:25:50",3777700
26.15,0.35,400,"sd","13:25:43",3777200
26.15,0.35,600,"sd","13:25:28",3776800
26.15,0.35,2800,"bu","13:25:04",3776200
26.1,0.3,4000,"sd","13:25:00",3773400
26.15,0.35,300,"bu","13:24:56",3769400
26.1,0.3,400,"sd","13:24:41",3769100
26.15,0.35,10000,"bu","13:24:33",3768700
26.15,0.35,500,"bu","13:24:28",3758700
26.15,0.35,100,"bu","13:24:12",3758200
26.15,0.35,30000,"bu","13:24:02",3758100
26.15,0.35,29700,"sd","13:24:01",3728100
26.15,0.35,5000,"sd","13:23:56",3698400
26.15,0.35,500,"sd","13:23:41",3693400
26.2,0.4,189100,"sd","13:22:43",3692900
26.2,0.4,400,"sd","13:22:41",3503800
26.25,0.45,30000,"bu","13:22:18",3503400
26.2,0.4,100,"sd","13:22:11",3473400
26.2,0.4,700,"sd","13:22:09",3473300
26.2,0.4,1000,"sd","13:22:00",3472600
26.2,0.4,1000,"sd","13:21:56",3471600
26.2,0.4,400,"sd","13:21:40",3470600
26.25,0.45,42500,"sd","13:20:53",3470200
26.25,0.45,400,"sd","13:20:48",3427700
26.3,0.5,900,"bu","13:20:47",3427300
26.25,0.45,400,"sd","13:20:40",3426400
26.3,0.5,500,"bu","13:20:18",3426000
26.3,0.5,1900,"sd","13:20:14",3425500
26.3,0.5,200,"sd","13:20:08",3423600
26.3,0.5,27900,"bu","13:20:03",3423400
26.25,0.45,500,"sd","13:19:39",3395500
26.3,0.5,500,"bu","13:19:21",3395000
26.3,0.5,1500,"sd","13:19:20",3394500
26.3,0.5,400,"sd","13:18:38",3393000
26.3,0.5,5000,"sd","13:18:11",3392600
26.3,0.5,600,"sd","13:18:03",3387600
26.3,0.5,1000,"sd","13:18:00",3387000
26.3,0.5,7500,"bu","13:17:56",3386000
26.3,0.5,1000,"bu","13:17:39",3378500
26.25,0.45,400,"sd","13:17:38",3377500
26.3,0.5,15000,"bu","13:17:34",3377100
26.25,0.45,500,"sd","13:16:38",3362100
26.3,0.5,300,"bu","13:16:34",3361600
26.3,0.5,700,"sd","13:16:14",3361300
26.3,0.5,100,"sd","13:16:06",3360600
26.3,0.5,1600,"bu","13:16:03",3360500
26.25,0.45,1000,"sd","13:15:54",3358900
26.3,0.5,5000,"bu","13:15:53",3357900
26.25,0.45,400,"sd","13:15:37",3352900
26.3,0.5,100,"sd","13:15:32",3352500
26.3,0.5,1200,"bu","13:15:22",3352400
26.3,0.5,3800,"sd","13:15:18",3351200
26.3,0.5,1200,"bu","13:15:12",3347400
26.3,0.5,100,"bu","13:14:58",3346200
26.25,0.45,400,"sd","13:14:36",3346100
26.3,0.5,1900,"bu","13:14:05",3345200
26.3,0.5,6900,"sd","13:13:52",3343300
26.3,0.5,5000,"sd","13:13:47",3336400
26.3,0.5,5100,"sd","13:13:40",3331400
26.3,0.5,10000,"sd","13:13:37",3326300
26.3,0.5,500,"sd","13:13:36",3316300
26.3,0.5,500,"sd","13:13:34",3315800
26.3,0.5,1000,"sd","13:13:28",3315300
26.35,0.55,100,"bu","13:13:27",3314300
26.3,0.5,600,"sd","13:13:09",3314200
26.3,0.5,71100,"bu","13:12:53",3313600
26.3,0.5,100,"bu","13:12:49",3242500
26.25,0.45,400,"sd","13:12:35",3242400
26.3,0.5,500,"bu","13:12:12",3242000
26.3,0.5,100,"bu","13:11:41",3241500
26.25,0.45,400,"sd","13:11:36",3241400
26.3,0.5,100,"bu","13:11:25",3241000
26.25,0.45,200,"sd","13:11:12",3240900
26.3,0.5,100,"bu","13:11:07",3240700
26.25,0.45,300,"sd","13:11:03",3240600
26.25,0.45,600,"sd","13:10:41",3240300
26.25,0.45,500,"sd","13:10:35",3239700
26.3,0.5,800,"bu","13:10:22",3239200
26.25,0.45,200,"sd","13:10:17",3238400
26.25,0.45,400,"sd","13:09:35",3238200
26.25,0.45,400,"sd","13:08:34",3237800
26.25,0.45,2600,"bu","13:08:32",3237400
26.25,0.45,3300,"bu","13:08:17",3234800
26.2,0.4,600,"sd","13:08:17",3231500
26.25,0.45,300,"bu","13:08:14",3230900
26.2,0.4,500,"sd","13:07:57",3230600
26.2,0.4,400,"sd","13:07:33",3230100
26.25,0.45,4500,"bu","13:07:27",3229700
26.25,0.45,19800,"sd","13:07:24",3225200
26.25,0.45,2000,"sd","13:07:07",3205400
26.25,0.45,1200,"sd","13:07:03",3203400
26.25,0.45,7000,"sd","13:06:57",3202200
26.25,0.45,500,"sd","13:06:46",3195200
26.25,0.45,500,"sd","13:06:33",3194700
26.25,0.45,3200,"sd","13:06:03",3194200
26.25,0.45,600,"sd","13:05:44",3191000
26.25,0.45,500,"sd","13:05:38",3190400
26.25,0.45,400,"sd","13:05:32",3189900
26.25,0.45,1600,"bu","13:05:07",3189500
26.25,0.45,1400,"bu","13:05:07",3187900
26.25,0.45,1000,"bu","13:04:54",3186500
26.2,0.4,700,"sd","13:04:50",3185500
26.2,0.4,400,"sd","13:04:31",3184800
26.2,0.4,800,"sd","13:04:22",3184400
26.25,0.45,100,"bu","13:03:41",3183600
26.25,0.45,100,"bu","13:03:37",3183500
26.2,0.4,500,"sd","13:03:32",3183400
26.25,0.45,100,"bu","13:03:31",3182900
26.25,0.45,300,"bu","13:03:18",3182800
26.25,0.45,3700,"sd","13:02:40",3182500
26.25,0.45,3000,"sd","13:02:39",3178800
26.25,0.45,400,"sd","13:02:31",3175800
26.25,0.45,100,"sd","13:02:30",3175400
26.25,0.45,1000,"sd","13:02:04",3175300
26.25,0.45,100,"sd","13:02:03",3174300
26.25,0.45,2400,"sd","13:01:54",3174200
26.25,0.45,400,"sd","13:01:53",3171800
26.25,0.45,100,"sd","13:01:46",3171400
26.25,0.45,2800,"sd","13:01:40",3171300
26.25,0.45,3800,"sd","13:01:36",3168500
26.25,0.45,2100,"sd","13:01:33",3164700
26.25,0.45,400,"sd","13:01:31",3162600
26.25,0.45,100,"sd","13:01:08",3162200
26.3,0.5,100,"bu","13:00:30",3162100
26.25,0.45,500,"sd","13:00:29",3162000
26.25,0.45,1600,"sd","13:00:26",3161500
26.3,0.5,400,"bu","13:00:18",3159900
26.3,0.5,2000,"bu","13:00:11",3159500
26.25,0.45,400,"sd","13:00:10",3157500
26.3,0.5,500,"bu","13:00:10",3157100
26.3,0.5,1200,"bu","13:00:01",3156600
26.25,0.45,3000,"sd","13:00:00",3155400
26.3,0.5,700,"bu","13:00:00",3152400
26.3,0.5,1000,"bu","11:29:51",3151700
26.25,0.45,4600,"sd","11:29:31",3150700
26.3,0.5,20000,"bu","11:29:15",3146100
26.25,0.45,5000,"sd","11:29:03",3126100
26.25,0.45,100,"sd","11:28:53",3121100
26.25,0.45,600,"sd","11:28:19",3121000
26.25,0.45,400,"sd","11:27:59",3120400
26.3,0.5,100,"bu","11:27:17",3120000
26.25,0.45,400,"sd","11:27:02",3119900
26.25,0.45,1000,"sd","11:26:38",3119500
26.25,0.45,300,"sd","11:26:29",3118500
26.25,0.45,10000,"sd","11:26:28",3118200
26.25,0.45,400,"sd","11:26:06",3108200
26.3,0.5,200,"bu","11:26:03",3107800
26.3,0.5,5000,"bu","11:25:44",3107600
26.3,0.5,800,"bu","11:25:13",3102600
26.25,0.45,400,"sd","11:25:07",3101800
26.25,0.45,500,"sd","11:24:42",3101400
26.25,0.45,400,"sd","11:24:10",3100900
26.3,0.5,8800,"sd","11:23:40",3100500
26.3,0.5,400,"sd","11:23:39",3091700
26.3,0.5,2000,"sd","11:23:37",3091300
26.3,0.5,500,"sd","11:23:30",3089300
26.3,0.5,2000,"sd","11:23:28",3088800
26.3,0.5,2000,"sd","11:23:24",3086800
26.3,0.5,600,"sd","11:23:23",3084800
26.3,0.5,1000,"sd","11:23:16",3084200
26.3,0.5,400,"sd","11:23:14",3083200
26.3,0.5,7800,"bu","11:23:10",3082800
26.3,0.5,800,"sd","11:22:28",3075000
26.3,0.5,500,"sd","11:22:16",3074200
26.3,0.5,20000,"sd","11:21:52",3073700
26.3,0.5,2000,"sd","11:21:49",3053700
26.3,0.5,500,"sd","11:21:20",3051700
26.3,0.5,2000,"sd","11:21:14",3051200
26.3,0.5,700,"sd","11:20:55",3049200
26.3,0.5,400,"sd","11:20:22",3048500
26.3,0.5,3000,"sd","11:19:59",3048100
26.3,0.5,100,"sd","11:19:56",3045100
26.3,0.5,5000,"sd","11:19:43",3045000
26.3,0.5,400,"sd","11:19:24",3040000
26.3,0.5,1000,"sd","11:19:19",3039600
26.3,0.5,10000,"sd","11:19:05",3038600
26.3,0.5,1000,"sd","11:19:00",3028600
26.3,0.5,1000,"sd","11:18:45",3027600
26.3,0.5,3000,"sd","11:18:34",3026600
26.3,0.5,30000,"sd","11:18:28",3023600
26.3,0.5,400,"sd","11:18:28",2993600
26.3,0.5,700,"sd","11:18:27",2993200
26.3,0.5,2000,"sd","11:18:23",2992500
26.3,0.5,1000,"sd","11:17:45",2990500
26.3,0.5,5000,"sd","11:17:31",2989500
26.3,0.5,400,"sd","11:17:30",2984500
26.3,0.5,300,"sd","11:17:01",2984100
26.3,0.5,1000,"sd","11:16:58",2983800
26.3,0.5,1000,"sd","11:16:53",2982800
26.3,0.5,1000,"sd","11:16:41",2981800
26.3,0.5,500,"sd","11:16:34",2980800
26.3,0.5,400,"sd","11:16:33",2980300
26.3,0.5,1000,"sd","11:16:02",2979900
26.3,0.5,700,"sd","11:15:58",2978900
26.3,0.5,10000,"sd","11:15:42",2978200
26.3,0.5,400,"sd","11:15:36",2968200
26.3,0.5,400,"sd","11:14:39",2967800
26.3,0.5,100,"sd","11:14:31",2967400
26.3,0.5,1000,"sd","11:14:27",2967300
26.3,0.5,4000,"sd","11:14:23",2966300
26.3,0.5,1000,"sd","11:14:20",2962300
26.3,0.5,1000,"sd","11:14:14",2961300
26.3,0.5,400,"sd","11:13:42",2960300
26.3,0.5,700,"sd","11:13:32",2959900
26.3,0.5,400,"sd","11:12:44",2959200
26.3,0.5,400,"sd","11:11:47",2958800
26.3,0.5,800,"sd","11:11:03",2958400
26.3,0.5,400,"sd","11:10:50",2957600
26.3,0.5,20000,"sd","11:10:29",2957200
26.3,0.5,400,"sd","11:09:52",2937200
26.3,0.5,100,"sd","11:09:41",2936800
26.3,0.5,400,"sd","11:08:55",2936700
26.35,0.55,200,"sd","11:08:08",2936300
26.35,0.55,500,"sd","11:08:03",2936100
26.35,0.55,400,"sd","11:07:59",2935600
26.35,0.55,500,"sd","11:07:57",2935200
26.35,0.55,3000,"sd","11:07:36",2934700
26.35,0.55,500,"sd","11:07:33",2931700
26.35,0.55,1500,"sd","11:07:25",2931200
26.35,0.55,50000,"sd","11:07:11",2929700
26.35,0.55,400,"sd","11:07:02",2879700
26.4,0.6,200,"bu","11:06:53",2879300
26.4,0.6,100,"bu","11:06:45",2879100
26.35,0.55,500,"sd","11:06:42",2879000
26.35,0.55,800,"sd","11:06:07",2878500
26.35,0.55,400,"sd","11:06:05",2877700
26.35,0.55,400,"sd","11:05:50",2877300
26.35,0.55,200,"sd","11:05:09",2876900
26.35,0.55,400,"sd","11:05:07",2876700
26.35,0.55,500,"sd","11:04:59",2876300
26.35,0.55,400,"sd","11:04:10",2875800
26.35,0.55,500,"sd","11:04:08",2875400
26.35,0.55,1000,"sd","11:04:07",2874900
26.35,0.55,500,"sd","11:03:54",2873900
26.4,0.6,2400,"bu","11:03:41",2873400
26.35,0.55,800,"sd","11:03:38",2871000
26.35,0.55,500,"sd","11:03:17",2870200
26.35,0.55,400,"sd","11:03:13",2869700
26.35,0.55,4000,"sd","11:03:08",2869300
26.35,0.55,1100,"sd","11:02:45",2865300
26.4,0.6,800,"bu","11:02:40",2864200
26.35,0.55,400,"sd","11:02:15",2863400
26.4,0.6,300,"bu","11:02:15",2863000
26.4,0.6,30000,"bu","11:01:55",2862700
26.4,0.6,100,"bu","11:01:39",2832700
26.35,0.55,400,"sd","11:01:18",2832600
26.35,0.55,800,"sd","11:01:10",2832200
26.35,0.55,3000,"sd","11:00:54",2831400
26.35,0.55,2000,"sd","11:00:35",2828400
26.35,0.55,400,"sd","11:00:20",2826400
26.4,0.6,1500,"bu","11:00:19",2826000
26.35,0.55,500,"sd","10:59:39",2824500
26.35,0.55,400,"sd","10:59:23",2824000
26.4,0.6,5000,"bu","10:58:51",2823600
26.35,0.55,800,"sd","10:58:43",2818600
26.35,0.55,400,"sd","10:58:26",2817800
26.35,0.55,100,"sd","10:58:13",2817400
26.35,0.55,400,"sd","10:57:29",2817300
26.4,0.6,5100,"sd","10:57:25",2816900
26.4,0.6,1000,"sd","10:57:11",2811800
26.4,0.6,2000,"sd","10:57:10",2810800
26.4,0.6,100,"sd","10:57:06",2808800
26.4,0.6,5000,"sd","10:57:04",2808700
26.4,0.6,300,"sd","10:56:57",2803700
26.4,0.6,3000,"sd","10:56:56",2803400
26.4,0.6,2000,"sd","10:56:56",2800400
26.4,0.6,1000,"sd","10:56:46",2798400
26.4,0.6,1000,"sd","10:56:38",2797400
26.4,0.6,100,"sd","10:56:37",2796400
26.4,0.6,400,"sd","10:56:33",2796300
26.4,0.6,800,"sd","10:56:14",2795900
26.4,0.6,1000,"sd","10:56:11",2795100
26.4,0.6,100,"sd","10:56:04",2794100
26.4,0.6,400,"sd","10:55:34",2794000
26.4,0.6,6700,"bu","10:55:20",2793600
26.4,0.6,1800,"sd","10:54:59",2786900
26.4,0.6,900,"sd","10:54:51",2785100
26.4,0.6,400,"sd","10:54:38",2784200
26.4,0.6,20000,"sd","10:54:15",2783800
26.4,0.6,4000,"sd","10:54:02",2763800
26.4,0.6,800,"sd","10:53:46",2759800
26.4,0.6,1000,"sd","10:53:42",2759000
26.4,0.6,400,"sd","10:53:40",2758000
26.4,0.6,400,"sd","10:52:44",2757600
26.4,0.6,400,"sd","10:51:46",2757200
26.4,0.6,700,"sd","10:51:17",2756800
26.4,0.6,400,"sd","10:50:48",2756100
26.4,0.6,500,"sd","10:50:39",2755700
26.45,0.65,18200,"sd","10:50:21",2755200
26.45,0.65,100,"sd","10:50:14",2737000
26.45,0.65,10000,"sd","10:50:11",2736900
26.45,0.65,100,"sd","10:50:04",2726900
26.45,0.65,400,"sd","10:49:51",2726800
26.45,0.65,400,"sd","10:48:55",2726400
26.45,0.65,800,"bu","10:48:53",2726000
26.5,0.7,1600,"bu","10:48:10",2725200
26.45,0.65,2200,"bu","10:48:10",2723600
26.45,0.65,800,"bu","10:48:08",2721400
26.45,0.65,3000,"bu","10:48:06",2720600
26.45,0.65,1400,"bu","10:48:03",2717600
26.45,0.65,3800,"bu","10:47:59",2716200
26.4,0.6,400,"sd","10:47:58",2712400
26.45,0.65,300,"bu","10:47:57",2712000
26.45,0.65,200,"bu","10:47:54",2711700
26.4,0.6,500,"sd","10:47:29",2711500
26.4,0.6,400,"sd","10:47:01",2711000
26.4,0.6,1500,"sd","10:46:50",2710600
26.4,0.6,1000,"sd","10:46:38",2709100
26.4,0.6,800,"sd","10:46:22",2708100
26.4,0.6,400,"sd","10:46:02",2707300
26.45,0.65,1800,"bu","10:45:48",2706900
26.4,0.6,300,"sd","10:45:38",2705100
26.4,0.6,6000,"sd","10:45:06",2704800
26.4,0.6,400,"sd","10:45:06",2698800
26.4,0.6,100,"sd","10:45:00",2698400
26.4,0.6,5000,"sd","10:44:55",2698300
26.4,0.6,400,"sd","10:44:09",2693300
26.4,0.6,800,"sd","10:43:54",2692900
26.4,0.6,400,"sd","10:43:12",2692100
26.4,0.6,400,"sd","10:42:15",2691700
26.4,0.6,4700,"bu","10:41:43",2691300
26.4,0.6,1400,"bu","10:41:24",2686600
26.35,0.55,400,"sd","10:41:17",2685200
26.35,0.55,1000,"sd","10:40:45",2684800
26.35,0.55,400,"sd","10:40:20",2683800
26.35,0.55,400,"sd","10:39:23",2683400
26.35,0.55,600,"sd","10:39:07",2683000
26.4,0.6,500,"bu","10:39:06",2682400
26.4,0.6,5000,"bu","10:38:59",2681900
26.4,0.6,500,"bu","10:38:43",2676900
26.35,0.55,400,"sd","10:38:25",2676400
26.4,0.6,3100,"bu","10:38:25",2676000
26.4,0.6,12000,"bu","10:38:22",2672900
26.4,0.6,3100,"bu","10:38:05",2660900
26.4,0.6,200,"bu","10:38:04",2657800
26.35,0.55,800,"sd","10:38:03",2657600
26.4,0.6,300,"bu","10:38:01",2656800
26.4,0.6,3800,"bu","10:37:58",2656500
26.4,0.6,3800,"bu","10:37:55",2652700
26.4,0.6,1400,"bu","10:37:49",2648900
26.4,0.6,700,"bu","10:37:46",2647500
26.4,0.6,200,"bu","10:37:44",2646800
26.35,0.55,400,"sd","10:37:29",2646600
26.35,0.55,400,"sd","10:36:32",2646200
26.4,0.6,19800,"sd","10:36:24",2645800
26.4,0.6,500,"sd","10:36:13",2626000
26.4,0.6,400,"sd","10:35:34",2625500
26.4,0.6,400,"sd","10:34:37",2625100
26.45,0.65,500,"bu","10:34:31",2624700
26.4,0.6,1000,"sd","10:34:21",2624200
26.45,0.65,1000,"bu","10:33:56",2623200
26.45,0.65,400,"sd","10:33:43",2622200
26.45,0.65,400,"sd","10:33:40",2621800
26.45,0.65,1300,"bu","10:33:26",2621400
26.45,0.65,1000,"bu","10:33:15",2620100
26.45,0.65,400,"bu","10:32:59",2619100
26.4,0.6,400,"sd","10:32:43",2618700
26.45,0.65,500,"bu","10:32:38",2618300
26.45,0.65,2300,"sd","10:32:11",2617800
26.45,0.65,1000,"sd","10:32:03",2615500
26.45,0.65,400,"sd","10:31:45",2614500
26.45,0.65,800,"sd","10:31:33",2614100
26.4,0.6,600,"sd","10:31:28",2613300
26.4,0.6,400,"sd","10:30:48",2612700
26.45,0.65,100,"bu","10:30:40",2612300
26.45,0.65,2000,"bu","10:30:26",2612200
26.4,0.6,3000,"sd","10:30:23",2610200
26.4,0.6,400,"sd","10:29:50",2607200
26.4,0.6,700,"sd","10:29:06",2606800
26.4,0.6,400,"sd","10:28:53",2606100
26.4,0.6,100,"sd","10:28:49",2605700
26.4,0.6,2000,"sd","10:28:34",2605600
26.4,0.6,2000,"sd","10:28:03",2603600
26.4,0.6,7000,"sd","10:27:59",2601600
26.4,0.6,400,"sd","10:27:57",2594600
26.4,0.6,600,"sd","10:27:56",2594200
26.4,0.6,1000,"sd","10:27:51",2593600
26.4,0.6,100,"sd","10:27:28",2592600
26.4,0.6,500,"sd","10:27:21",2592500
26.4,0.6,400,"sd","10:26:59",2592000
26.45,0.65,1100,"sd","10:26:46",2591600
26.45,0.65,700,"bu","10:26:43",2590500
26.45,0.65,100,"sd","10:26:37",2589800
26.45,0.65,500,"sd","10:26:21",2589700
26.45,0.65,500,"sd","10:26:19",2589200
26.45,0.65,400,"sd","10:26:01",2588700
26.45,0.65,100,"sd","10:25:48",2588300
26.45,0.65,1000,"sd","10:25:44",2588200
26.45,0.65,500,"sd","10:25:40",2587200
26.45,0.65,300,"sd","10:25:38",2586700
26.45,0.65,500,"sd","10:25:34",2586400
26.45,0.65,1000,"sd","10:25:09",2585900
26.45,0.65,400,"sd","10:25:05",2584900
26.45,0.65,100,"sd","10:25:01",2584500
26.45,0.65,500,"sd","10:24:59",2584400
26.45,0.65,1000,"sd","10:24:46",2583900
26.45,0.65,1500,"sd","10:24:28",2582900
26.45,0.65,3000,"sd","10:24:26",2581400
26.45,0.65,1200,"sd","10:24:23",2578400
26.45,0.65,800,"sd","10:24:10",2577200
26.45,0.65,400,"sd","10:24:07",2576400
26.45,0.65,5000,"sd","10:23:29",2576000
26.45,0.65,400,"sd","10:23:10",2571000
26.5,0.7,300,"bu","10:23:02",2570600
26.5,0.7,200,"bu","10:22:59",2570300
26.45,0.65,1500,"sd","10:22:58",2570100
26.45,0.65,3000,"sd","10:22:54",2568600
26.45,0.65,1400,"sd","10:22:27",2565600
26.5,0.7,300,"bu","10:22:24",2564200
26.45,0.65,400,"sd","10:22:14",2563900
26.45,0.65,8100,"sd","10:22:11",2563500
26.45,0.65,800,"sd","10:21:41",2555400
26.45,0.65,300,"sd","10:21:21",2554600
26.45,0.65,400,"sd","10:21:16",2554300
26.45,0.65,1000,"sd","10:20:57",2553900
26.5,0.7,200,"bu","10:20:49",2552900
26.45,0.65,1000,"sd","10:20:41",2552700
26.5,0.7,200,"bu","10:20:41",2551700
26.5,0.7,2700,"bu","10:20:23",2551500
26.45,0.65,400,"sd","10:20:18",2548800
26.5,0.7,2600,"bu","10:19:29",2548400
26.45,0.65,400,"sd","10:19:21",2545800
26.45,0.65,800,"sd","10:19:13",2545400
26.45,0.65,4000,"sd","10:18:38",2544600
26.45,0.65,1000,"sd","10:18:37",2540600
26.45,0.65,400,"sd","10:18:24",2539600
26.45,0.65,200,"sd","10:18:19",2539200
26.45,0.65,1000,"sd","10:17:59",2539000
26.45,0.65,100,"sd","10:17:56",2538000
26.45,0.65,400,"sd","10:17:27",2537900
26.45,0.65,100,"sd","10:16:55",2537500
26.45,0.65,100,"sd","10:16:46",2537400
26.45,0.65,800,"sd","10:16:45",2537300
26.45,0.65,400,"sd","10:16:30",2536500
26.5,0.7,2600,"bu","10:16:22",2536100
26.45,0.65,11700,"bu","10:16:08",2533500
26.45,0.65,1200,"bu","10:15:54",2521800
26.45,0.65,2600,"bu","10:15:49",2520600
26.4,0.6,400,"sd","10:15:33",2518000
26.45,0.65,300,"bu","10:15:19",2517600
26.45,0.65,1200,"bu","10:15:11",2517300
26.45,0.65,2600,"bu","10:15:02",2516100
26.4,0.6,400,"sd","10:14:35",2513500
26.4,0.6,5000,"sd","10:14:32",2513100
26.4,0.6,800,"sd","10:14:15",2508100
26.4,0.6,400,"sd","10:13:38",2507300
26.4,0.6,100,"sd","10:13:07",2506900
26.4,0.6,400,"sd","10:12:41",2506800
26.45,0.65,200,"bu","10:12:30",2506400
26.4,0.6,2500,"sd","10:12:04",2506200
26.4,0.6,400,"sd","10:11:43",2503700
26.45,0.65,500,"bu","10:11:38",2503300
26.45,0.65,800,"bu","10:11:24",2502800
26.4,0.6,100,"sd","10:11:11",2502000
26.4,0.6,1000,"sd","10:11:08",2501900
26.4,0.6,100,"sd","10:11:03",2500900
26.4,0.6,100,"sd","10:10:57",2500800
26.4,0.6,400,"sd","10:10:47",2500700
26.4,0.6,100,"sd","10:10:02",2500300
26.4,0.6,400,"sd","10:09:50",2500200
26.4,0.6,100,"sd","10:09:46",2499800
26.4,0.6,6600,"sd","10:09:11",2499700
26.4,0.6,400,"sd","10:08:52",2493100
26.4,0.6,1200,"bu","10:08:49",2492700
26.35,0.55,15000,"sd","10:08:42",2491500
26.4,0.6,4000,"sd","10:08:11",2476500
26.4,0.6,16800,"sd","10:08:09",2472500
26.4,0.6,300,"sd","10:07:56",2455700
26.4,0.6,100,"sd","10:07:55",2455400
26.45,0.65,300,"bu","10:07:23",2455300
26.4,0.6,100,"sd","10:07:20",2455000
26.45,0.65,2000,"bu","10:07:16",2454900
26.4,0.6,500,"sd","10:06:58",2452900
26.45,0.65,5600,"sd","10:06:12",2452400
26.45,0.65,100,"sd","10:06:09",2446800
26.45,0.65,400,"sd","10:06:01",2446700
26.45,0.65,500,"sd","10:06:00",2446300
26.45,0.65,500,"sd","10:05:58",2445800
26.45,0.65,300,"sd","10:05:54",2445300
26.45,0.65,100,"sd","10:05:49",2445000
26.45,0.65,1000,"sd","10:05:39",2444900
26.45,0.65,50000,"sd","10:05:31",2443900
26.45,0.65,400,"sd","10:05:03",2393900
26.45,0.65,100,"sd","10:04:53",2393500
26.45,0.65,200,"sd","10:04:44",2393400
26.45,0.65,400,"sd","10:04:07",2393200
26.45,0.65,1000,"sd","10:03:44",2392800
26.45,0.65,100,"sd","10:03:43",2391800
26.45,0.65,400,"sd","10:03:09",2391700
26.45,0.65,400,"sd","10:02:12",2391300
26.5,0.7,100,"bu","10:02:07",2390900
26.5,0.7,3300,"sd","10:02:07",2390800
26.5,0.7,500,"sd","10:01:58",2387500
26.5,0.7,1800,"sd","10:01:56",2387000
26.5,0.7,500,"sd","10:01:52",2385200
26.5,0.7,100,"sd","10:01:51",2384700
26.5,0.7,500,"sd","10:01:42",2384600
26.5,0.7,2000,"sd","10:01:32",2384100
26.5,0.7,1000,"sd","10:01:28",2382100
26.5,0.7,5000,"sd","10:01:25",2381100
26.5,0.7,800,"sd","10:01:24",2376100
26.5,0.7,500,"sd","10:01:20",2375300
26.5,0.7,500,"sd","10:01:14",2374800
26.5,0.7,600,"sd","10:01:03",2374300
26.5,0.7,500,"sd","10:01:01",2373700
26.5,0.7,100,"sd","10:00:59",2373200
26.5,0.7,500,"sd","10:00:57",2373100
26.5,0.7,1000,"sd","10:00:52",2372600
26.5,0.7,1000,"sd","10:00:44",2371600
26.5,0.7,24900,"sd","10:00:33",2370600
26.5,0.7,1000,"sd","10:00:29",2345700
26.5,0.7,100,"sd","10:00:28",2344700
26.5,0.7,300,"sd","10:00:19",2344600
26.5,0.7,400,"sd","10:00:18",2344300
26.5,0.7,3200,"sd","10:00:15",2343900
26.5,0.7,1400,"sd","10:00:09",2340700
26.5,0.7,300,"sd","10:00:03",2339300
26.5,0.7,800,"sd","09:59:41",2339000
26.5,0.7,800,"sd","09:59:28",2338200
26.5,0.7,400,"sd","09:59:21",2337400
26.5,0.7,200,"sd","09:59:03",2337000
26.5,0.7,100,"sd","09:58:51",2336800
26.5,0.7,5000,"sd","09:58:38",2336700
26.5,0.7,2500,"sd","09:58:31",2331700
26.55,0.75,100,"bu","09:58:31",2329200
26.5,0.7,5000,"sd","09:58:28",2329100
26.55,0.75,2000,"bu","09:58:26",2324100
26.5,0.7,400,"sd","09:58:23",2322100
26.5,0.7,400,"sd","09:58:22",2321700
26.5,0.7,1000,"sd","09:57:54",2321300
26.5,0.7,100,"sd","09:57:47",2320300
26.5,0.7,500,"sd","09:57:39",2320200
26.5,0.7,2500,"sd","09:57:32",2319700
26.5,0.7,400,"sd","09:57:27",2317200
26.55,0.75,3400,"bu","09:57:21",2316800
26.55,0.75,400,"bu","09:57:07",2313400
26.5,0.7,100,"sd","09:57:07",2313000
26.55,0.75,2200,"bu","09:57:05",2312900
26.55,0.75,400,"bu","09:56:44",2310700
26.5,0.7,2000,"sd","09:56:44",2310300
26.5,0.7,2000,"sd","09:56:37",2308300
26.5,0.7,400,"sd","09:56:28",2306300
26.55,0.75,10000,"bu","09:56:02",2305900
26.5,0.7,100,"sd","09:56:01",2295900
26.5,0.7,2000,"sd","09:55:48",2295800
26.5,0.7,400,"sd","09:55:32",2293800
26.55,0.75,200,"bu","09:55:32",2293400
26.55,0.75,800,"bu","09:54:40",2293200
26.45,0.65,400,"sd","09:54:35",2292400
26.45,0.65,5700,"sd","09:54:30",2292000
26.55,0.75,400,"bu","09:54:19",2286300
26.55,0.75,3300,"bu","09:54:13",2285900
26.55,0.75,1000,"bu","09:54:09",2282600
26.55,0.75,2800,"bu","09:54:07",2281600
26.55,0.75,200,"bu","09:54:05",2278800
26.55,0.75,1100,"bu","09:54:03",2278600
26.5,0.7,1000,"bu","09:54:03",2277500
26.5,0.7,300,"bu","09:54:01",2276500
26.5,0.7,1700,"sd","09:53:59",2276200
26.55,0.75,2400,"bu","09:53:57",2274500
26.55,0.75,200,"bu","09:53:42",2272100
26.5,0.7,200,"sd","09:53:38",2271900
26.5,0.7,500,"sd","09:53:37",2271700
26.5,0.7,8000,"bu","09:53:35",2271200
26.5,0.7,200,"bu","09:53:33",2263200
26.5,0.7,2800,"bu","09:53:31",2263000
26.5,0.7,200,"bu","09:53:30",2260200
26.5,0.7,2100,"bu","09:53:27",2260000
26.5,0.7,100,"bu","09:53:26",2257900
26.55,0.75,200,"bu","09:53:23",2257800
26.55,0.75,1500,"bu","09:53:22",2257600
26.55,0.75,200,"bu","09:53:18",2256100
26.55,0.75,2900,"bu","09:53:16",2255900
26.5,0.7,600,"bu","09:53:16",2253000
26.5,0.7,200,"bu","09:53:12",2252400
26.5,0.7,400,"bu","09:53:10",2252200
26.5,0.7,100,"bu","09:53:07",2251800
26.5,0.7,200,"bu","09:53:03",2251700
26.5,0.7,400,"bu","09:52:53",2251500
26.5,0.7,900,"sd","09:52:50",2251100
26.55,0.75,400,"bu","09:52:49",2250200
26.5,0.7,1000,"sd","09:52:46",2249800
26.5,0.7,500,"sd","09:52:40",2248800
26.5,0.7,2000,"sd","09:52:37",2248300
26.5,0.7,2000,"sd","09:52:27",2246300
26.5,0.7,2000,"sd","09:52:27",2244300
26.5,0.7,100,"sd","09:52:21",2242300
26.55,0.75,500,"bu","09:52:20",2242200
26.5,0.7,400,"sd","09:52:18",2241700
26.5,0.7,1400,"bu","09:52:17",2241300
26.5,0.7,300,"bu","09:52:15",2239900
26.5,0.7,6500,"bu","09:52:14",2239600
26.5,0.7,9000,"bu","09:52:08",2233100
26.5,0.7,2000,"bu","09:51:52",2224100
26.5,0.7,1900,"sd","09:51:45",2222100
26.5,0.7,500,"sd","09:51:42",2220200
26.55,0.75,3400,"bu","09:51:37",2219700
26.55,0.75,3200,"bu","09:51:33",2216300
26.5,0.7,100,"sd","09:51:33",2213100
26.5,0.7,2700,"sd","09:51:32",2213000
26.55,0.75,2700,"bu","09:51:28",2210300
26.55,0.75,2000,"bu","09:51:24",2207600
26.55,0.75,400,"bu","09:51:21",2205600
26.55,0.75,1500,"bu","09:51:17",2205200
26.55,0.75,400,"bu","09:51:15",2203700
26.5,0.7,10000,"sd","09:51:11",2203300
26.55,0.75,1000,"bu","09:51:09",2193300
26.6,0.8,400,"bu","09:50:59",2192300
26.6,0.8,1200,"bu","09:50:51",2191900
26.55,0.75,200,"bu","09:50:51",2190700
26.6,0.8,1000,"bu","09:50:47",2190500
26.5,0.7,500,"sd","09:50:46",2189500
26.6,0.8,200,"bu","09:50:45",2189000
26.55,0.75,2500,"bu","09:50:45",2188800
26.5,0.7,5000,"sd","09:50:44",2186300
26.55,0.75,2000,"bu","09:50:41",2181300
26.55,0.75,35000,"bu","09:50:39",2179300
26.55,0.75,400,"bu","09:50:37",2144300
26.55,0.75,3200,"bu","09:50:34",2143900
26.5,0.7,600,"sd","09:50:24",2140700
26.5,0.7,900,"sd","09:50:23",2140100
26.5,0.7,3000,"sd","09:50:21",2139200
26.5,0.7,500,"sd","09:49:49",2136200
26.5,0.7,800,"sd","09:49:35",2135700
26.5,0.7,1000,"sd","09:49:32",2134900
26.55,0.75,1000,"bu","09:49:29",2133900
26.55,0.75,700,"sd","09:49:13",2132900
26.55,0.75,3400,"bu","09:49:12",2132200
26.55,0.75,400,"bu","09:49:08",2128800
26.55,0.75,500,"bu","09:49:06",2128400
26.5,0.7,500,"sd","09:48:51",2127900
26.55,0.75,100,"bu","09:48:49",2127400
26.5,0.7,1000,"sd","09:48:37",2127300
26.5,0.7,500,"sd","09:48:36",2126300
26.55,0.75,300,"bu","09:48:32",2125800
26.5,0.7,30000,"sd","09:48:31",2125500
26.55,0.75,60000,"bu","09:48:25",2095500
26.55,0.75,1000,"bu","09:48:17",2035500
26.5,0.7,4000,"sd","09:48:15",2034500
26.55,0.75,100,"bu","09:48:02",2030500
26.55,0.75,500,"bu","09:48:01",2030400
26.55,0.75,900,"bu","09:47:57",2029900
26.5,0.7,3000,"sd","09:47:55",2029000
26.5,0.7,500,"sd","09:47:55",2026000
26.55,0.75,20000,"bu","09:47:52",2025500
26.55,0.75,800,"bu","09:47:42",2005500
26.5,0.7,1200,"sd","09:47:35",2004700
26.5,0.7,1500,"sd","09:47:15",2003500
26.5,0.7,500,"sd","09:47:13",2002000
26.5,0.7,700,"sd","09:47:07",2001500
26.5,0.7,700,"sd","09:46:57",2000800
26.55,0.75,2300,"sd","09:46:57",2000100
26.55,0.75,500,"sd","09:46:56",1997800
26.55,0.75,4000,"sd","09:46:45",1997300
26.55,0.75,12700,"bu","09:46:39",1993300
26.55,0.75,4800,"bu","09:46:32",1980600
26.55,0.75,900,"bu","09:46:22",1975800
26.55,0.75,3000,"bu","09:46:13",1974900
26.5,0.7,300,"sd","09:46:04",1971900
26.55,0.75,1600,"sd","09:46:02",1971600
26.55,0.75,2000,"sd","09:46:01",1970000
26.55,0.75,500,"sd","09:46:00",1968000
26.6,0.8,60300,"bu","09:45:57",1967500
26.55,0.75,4100,"bu","09:45:55",1907200
26.55,0.75,15000,"bu","09:45:52",1903100
26.55,0.75,100,"bu","09:45:41",1888100
26.55,0.75,200,"bu","09:45:40",1888000
26.55,0.75,1800,"sd","09:45:30",1887800
26.55,0.75,400,"sd","09:45:28",1886000
26.55,0.75,2000,"sd","09:45:25",1885600
26.55,0.75,300,"sd","09:45:22",1883600
26.55,0.75,14600,"sd","09:45:22",1883300
26.6,0.8,800,"bu","09:45:17",1868700
26.55,0.75,200,"sd","09:45:12",1867900
26.55,0.75,300,"sd","09:45:08",1867700
26.55,0.75,100,"sd","09:45:04",1867400
26.6,0.8,500,"bu","09:45:04",1867300
26.55,0.75,500,"sd","09:45:02",1866800
26.6,0.8,200,"bu","09:45:01",1866300
26.55,0.75,800,"sd","09:44:55",1866100
26.55,0.75,5000,"bu","09:44:45",1865300
26.55,0.75,200,"bu","09:44:40",1860300
26.55,0.75,700,"bu","09:44:39",1860100
26.55,0.75,10100,"bu","09:44:25",1859400
26.55,0.75,100,"sd","09:44:13",1849300
26.55,0.75,100,"sd","09:44:13",1849200
26.55,0.75,100,"bu","09:44:12",1849100
26.55,0.75,100,"sd","09:44:11",1849000
26.5,0.7,500,"sd","09:44:05",1848900
26.5,0.7,90800,"sd","09:44:03",1848400
26.55,0.75,10000,"bu","09:44:03",1757600
26.55,0.75,200,"sd","09:44:02",1747600
26.55,0.75,500,"sd","09:44:02",1747400
26.55,0.75,400,"bu","09:43:55",1746900
26.6,0.8,800,"bu","09:43:50",1746500
26.55,0.75,6400,"bu","09:43:50",1745700
26.55,0.75,500,"bu","09:43:40",1739300
26.55,0.75,3600,"sd","09:43:37",1738800
26.6,0.8,70000,"bu","09:43:35",1735200
26.55,0.75,15000,"sd","09:43:34",1665200
26.55,0.75,2000,"sd","09:43:33",1650200
26.55,0.75,5000,"sd","09:43:32",1648200
26.6,0.8,1100,"bu","09:43:20",1643200
26.6,0.8,200,"bu","09:43:14",1642100
26.55,0.75,2500,"sd","09:43:09",1641900
26.65,0.85,14300,"bu","09:43:08",1639400
26.6,0.8,20700,"bu","09:43:08",1625100
26.6,0.8,100,"bu","09:43:05",1604400
26.6,0.8,4800,"sd","09:43:03",1604300
26.6,0.8,100,"sd","09:43:02",1599500
26.6,0.8,5000,"sd","09:43:01",1599400
26.65,0.85,2500,"bu","09:42:58",1594400
26.6,0.8,10500,"sd","09:42:58",1591900
26.6,0.8,900,"sd","09:42:57",1581400
26.6,0.8,100,"sd","09:42:50",1580500
26.6,0.8,1000,"sd","09:42:43",1580400
26.65,0.85,2200,"sd","09:42:34",1579400
26.65,0.85,2500,"sd","09:42:33",1577200
26.7,0.9,1000,"bu","09:42:31",1574700
26.65,0.85,100,"sd","09:42:31",1573700
26.65,0.85,200,"bu","09:42:30",1573600
26.6,0.8,5000,"sd","09:42:28",1573400
26.6,0.8,1100,"sd","09:42:27",1568400
26.7,0.9,11000,"bu","09:42:27",1567300
26.7,0.9,500,"bu","09:42:27",1556300
26.65,0.85,29600,"bu","09:42:27",1555800
26.6,0.8,1000,"sd","09:42:26",1526200
26.65,0.85,1000,"bu","09:42:18",1525200
26.6,0.8,5600,"bu","09:42:15",1524200
26.6,0.8,300,"bu","09:42:14",1518600
26.6,0.8,4800,"bu","09:42:12",1518300
26.6,0.8,59300,"sd","09:42:11",1513500
26.6,0.8,500,"sd","09:42:10",1454200
26.65,0.85,2000,"bu","09:42:10",1453700
26.65,0.85,7000,"bu","09:42:07",1451700
26.6,0.8,500,"sd","09:42:07",1444700
26.65,0.85,1500,"bu","09:42:05",1444200
26.65,0.85,200,"bu","09:42:04",1442700
26.65,0.85,300,"bu","09:42:03",1442500
26.65,0.85,5000,"bu","09:41:58",1442200
26.6,0.8,14200,"sd","09:41:56",1437200
26.65,0.85,500,"bu","09:41:54",1423000
26.65,0.85,1800,"bu","09:41:52",1422500
26.6,0.8,900,"sd","09:41:50",1420700
26.6,0.8,100,"sd","09:41:47",1419800
26.6,0.8,100,"sd","09:41:44",1419700
26.6,0.8,34700,"bu","09:41:43",1419600
26.55,0.75,500,"sd","09:41:43",1384900
26.6,0.8,2000,"bu","09:41:37",1384400
26.55,0.75,500,"sd","09:41:31",1382400
26.55,0.75,1000,"sd","09:41:25",1381900
26.55,0.75,8400,"bu","09:41:18",1380900
26.55,0.75,5000,"bu","09:41:15",1372500
26.5,0.7,500,"sd","09:41:14",1367500
26.5,0.7,300,"sd","09:41:11",1367000
26.5,0.7,50900,"bu","09:41:06",1366700
26.5,0.7,1000,"bu","09:41:06",1315800
26.5,0.7,6000,"bu","09:41:03",1314800
26.5,0.7,300,"bu","09:41:02",1308800
26.5,0.7,500,"bu","09:41:01",1308500
26.45,0.65,1000,"sd","09:40:59",1308000
26.5,0.7,40000,"bu","09:40:55",1307000
26.5,0.7,2000,"bu","09:40:53",1267000
26.45,0.65,500,"sd","09:40:52",1265000
26.45,0.65,2500,"sd","09:40:45",1264500
26.45,0.65,6100,"bu","09:40:38",1262000
26.45,0.65,200,"bu","09:40:37",1255900
26.45,0.65,3800,"sd","09:40:32",1255700
26.45,0.65,500,"sd","09:40:27",1251900
26.45,0.65,500,"bu","09:40:27",1251400
26.5,0.7,2500,"bu","09:40:25",1250900
26.45,0.65,2500,"bu","09:40:25",1248400
26.45,0.65,500,"bu","09:40:21",1245900
26.45,0.65,5000,"bu","09:40:20",1245400
26.45,0.65,100,"bu","09:40:19",1240400
26.4,0.6,500,"sd","09:40:17",1240300
26.45,0.65,5000,"bu","09:40:10",1239800
26.45,0.65,600,"bu","09:40:08",1234800
26.45,0.65,100,"bu","09:40:07",1234200
26.4,0.6,100,"sd","09:40:06",1234100
26.45,0.65,600,"bu","09:40:04",1234000
26.4,0.6,15000,"sd","09:40:03",1233400
26.45,0.65,10000,"bu","09:40:00",1218400
26.45,0.65,3000,"bu","09:39:57",1208400
26.45,0.65,5000,"bu","09:39:51",1205400
26.45,0.65,1700,"bu","09:39:49",1200400
26.4,0.6,5500,"bu","09:39:49",1198700
26.4,0.6,1400,"bu","09:39:46",1193200
26.4,0.6,1000,"bu","09:39:46",1191800
26.4,0.6,16000,"bu","09:39:36",1190800
26.4,0.6,3000,"bu","09:39:34",1174800
26.35,0.55,500,"sd","09:39:33",1171800
26.35,0.55,500,"sd","09:39:19",1171300
26.35,0.55,200,"sd","09:39:14",1170800
26.4,0.6,500,"bu","09:39:11",1170600
26.4,0.6,100,"bu","09:39:06",1170100
26.35,0.55,5000,"bu","09:38:58",1170000
26.35,0.55,10000,"bu","09:38:56",1165000
26.35,0.55,4800,"bu","09:38:53",1155000
26.3,0.5,2500,"sd","09:38:50",1150200
26.3,0.5,46300,"bu","09:38:47",1147700
26.3,0.5,77700,"bu","09:38:46",1101400
26.3,0.5,5000,"bu","09:38:41",1023700
26.3,0.5,2000,"bu","09:38:37",1018700
26.3,0.5,1000,"bu","09:38:34",1016700
26.3,0.5,3000,"bu","09:38:33",1015700
26.3,0.5,10000,"bu","09:38:27",1012700
26.25,0.45,500,"sd","09:38:22",1002700
26.3,0.5,700,"bu","09:38:21",1002200
26.25,0.45,5800,"bu","09:38:20",1001500
26.25,0.45,10000,"bu","09:38:19",995700
26.25,0.45,2500,"bu","09:38:18",985700
26.25,0.45,400,"bu","09:38:17",983200
26.25,0.45,1000,"bu","09:38:14",982800
26.25,0.45,900,"bu","09:38:14",981800
26.25,0.45,5000,"bu","09:38:12",980900
26.25,0.45,35000,"bu","09:38:09",975900
26.25,0.45,10000,"bu","09:38:08",940900
26.25,0.45,2300,"bu","09:38:06",930900
26.2,0.4,100,"sd","09:38:05",928600
26.25,0.45,3000,"bu","09:38:03",928500
26.25,0.45,5000,"bu","09:38:01",925500
26.25,0.45,1000,"bu","09:37:47",920500
26.2,0.4,200,"sd","09:37:44",919500
26.2,0.4,2500,"sd","09:37:41",919300
26.2,0.4,10400,"bu","09:37:39",916800
26.2,0.4,12300,"bu","09:37:39",906400
26.2,0.4,4600,"bu","09:37:35",894100
26.2,0.4,1000,"bu","09:37:33",889500
26.2,0.4,1000,"bu","09:37:27",888500
26.2,0.4,4800,"bu","09:37:25",887500
26.2,0.4,200,"bu","09:37:25",882700
26.15,0.35,500,"sd","09:37:25",882500
26.15,0.35,100,"sd","09:37:20",882000
26.15,0.35,800,"sd","09:37:15",881900
26.15,0.35,300,"sd","09:37:01",881100
26.15,0.35,19600,"bu","09:36:47",880800
26.15,0.35,400,"bu","09:36:41",861200
26.1,0.3,200,"sd","09:36:37",860800
26.1,0.3,500,"sd","09:36:27",860600
26.1,0.3,6800,"sd","09:36:04",860100
26.15,0.35,9200,"sd","09:36:04",853300
26.15,0.35,200,"sd","09:35:58",844100
26.2,0.4,200,"bu","09:35:48",843900
26.15,0.35,12000,"sd","09:35:44",843700
26.2,0.4,1500,"bu","09:35:42",831700
26.2,0.4,500,"bu","09:35:38",830200
26.15,0.35,5000,"sd","09:35:34",829700
26.15,0.35,500,"sd","09:35:31",824700
26.2,0.4,600,"sd","09:35:29",824200
26.2,0.4,14400,"bu","09:35:27",823600
26.2,0.4,6000,"bu","09:35:24",809200
26.15,0.35,1900,"sd","09:35:20",803200
26.2,0.4,50000,"bu","09:35:18",801300
26.15,0.35,1000,"sd","09:35:17",751300
26.15,0.35,500,"sd","09:35:12",750300
26.15,0.35,5000,"sd","09:35:07",749800
26.15,0.35,500,"sd","09:35:05",744800
26.15,0.35,1000,"sd","09:35:01",744300
26.15,0.35,100,"sd","09:34:54",743300
26.15,0.35,3000,"sd","09:34:53",743200
26.2,0.4,2000,"bu","09:34:45",740200
26.2,0.4,1000,"bu","09:34:41",738200
26.15,0.35,500,"sd","09:34:33",737200
26.2,0.4,100,"bu","09:34:30",736700
26.2,0.4,1000,"bu","09:34:29",736600
26.2,0.4,900,"bu","09:34:28",735600
26.2,0.4,3000,"bu","09:34:24",734700
26.15,0.35,53300,"sd","09:34:22",731700
26.2,0.4,3500,"bu","09:34:16",678400
26.2,0.4,300,"bu","09:34:15",674900
26.2,0.4,2900,"bu","09:34:14",674600
26.2,0.4,1500,"bu","09:34:03",671700
26.2,0.4,1700,"bu","09:34:01",670200
26.2,0.4,300,"bu","09:34:00",668500
26.2,0.4,500,"bu","09:33:57",668200
26.15,0.35,1000,"sd","09:33:47",667700
26.15,0.35,500,"sd","09:33:36",666700
26.2,0.4,1200,"bu","09:33:28",666200
26.15,0.35,1000,"sd","09:33:23",665000
26.2,0.4,100,"bu","09:33:09",664000
26.2,0.4,500,"bu","09:32:57",663900
26.2,0.4,600,"bu","09:32:53",663400
26.2,0.4,2000,"bu","09:32:52",662800
26.15,0.35,1000,"sd","09:32:41",660800
26.2,0.4,5000,"bu","09:32:40",659800
26.15,0.35,500,"sd","09:32:38",654800
26.2,0.4,500,"bu","09:32:38",654300
26.2,0.4,5000,"bu","09:32:38",653800
26.2,0.4,7100,"bu","09:32:31",648800
26.2,0.4,200,"bu","09:32:28",641700
26.15,0.35,1000,"sd","09:32:28",641500
26.15,0.35,2800,"sd","09:32:19",640500
26.15,0.35,5000,"sd","09:32:16",637700
26.15,0.35,300,"sd","09:31:59",632700
26.15,0.35,200,"bu","09:31:56",632400
26.15,0.35,100,"bu","09:31:55",632200
26.15,0.35,1000,"bu","09:31:54",632100
26.15,0.35,1500,"bu","09:31:53",631100
26.15,0.35,9300,"bu","09:31:52",629600
26.15,0.35,1000,"bu","09:31:44",620300
26.1,0.3,500,"sd","09:31:42",619300
26.1,0.3,6900,"bu","09:31:30",618800
26.1,0.3,1000,"bu","09:31:23",611900
26.1,0.3,30000,"bu","09:31:23",610900
26.1,0.3,2000,"bu","09:31:22",580900
26.1,0.3,200,"bu","09:31:21",578900
26.1,0.3,600,"bu","09:31:19",578700
26.1,0.3,2300,"bu","09:31:16",578100
26.1,0.3,10500,"bu","09:31:15",575800
26.1,0.3,10900,"bu","09:31:11",565300
26.1,0.3,11600,"bu","09:31:10",554400
26.1,0.3,10000,"bu","09:31:03",542800
26.1,0.3,1300,"bu","09:31:00",532800
26.1,0.3,5000,"bu","09:30:55",531500
26.1,0.3,200000,"bu","09:30:45",526500
26.05,0.25,500,"sd","09:30:44",326500
26.1,0.3,1000,"bu","09:30:43",326000
26.1,0.3,1500,"bu","09:30:41",325000
26.1,0.3,2000,"bu","09:30:38",323500
26.1,0.3,50000,"bu","09:30:35",321500
26.1,0.3,5500,"bu","09:30:28",271500
26.1,0.3,400,"bu","09:30:27",266000
26.1,0.3,1700,"bu","09:30:26",265600
26.1,0.3,7300,"bu","09:30:25",263900
26.1,0.3,300,"bu","09:30:20",256600
26.1,0.3,8000,"bu","09:30:15",256300
26.05,0.25,20500,"bu","09:29:57",248300
26.05,0.25,100,"bu","09:29:55",227800
26,0.2,800,"sd","09:29:51",227700
26,0.2,500,"sd","09:29:47",226900
26.05,0.25,2000,"bu","09:29:46",226400
26.05,0.25,10000,"bu","09:29:43",224400
26.05,0.25,100,"bu","09:29:38",214400
26.05,0.25,300,"bu","09:29:36",214300
26.05,0.25,4000,"bu","09:29:33",214000
26,0.2,200,"sd","09:29:09",210000
26,0.2,500,"sd","09:28:51",209800
26.05,0.25,100,"bu","09:28:41",209300
26,0.2,11100,"bu","09:28:38",209200
25.95,0.15,100,"sd","09:28:33",198100
26,0.2,2000,"bu","09:28:33",198000
26,0.2,5000,"bu","09:28:31",196000
26,0.2,700,"bu","09:28:30",191000
26,0.2,20000,"bu","09:28:28",190300
26,0.2,100,"bu","09:28:24",170300
26,0.2,1000,"bu","09:28:21",170200
26,0.2,10000,"bu","09:27:58",169200
25.95,0.15,500,"sd","09:27:54",159200
25.95,0.15,3000,"sd","09:27:31",158700
25.95,0.15,2500,"sd","09:27:28",155700
25.95,0.15,2200,"sd","09:27:25",153200
25.95,0.15,800,"sd","09:27:23",151000
25.95,0.15,2200,"sd","09:27:21",150200
25.95,0.15,2600,"sd","09:27:18",148000
25.95,0.15,2600,"sd","09:27:14",145400
25.95,0.15,2100,"sd","09:27:10",142800
25.95,0.15,500,"sd","09:27:00",140700
25.95,0.15,500,"sd","09:26:55",140200
25.95,0.15,2000,"sd","09:26:39",139700
26,0.2,1000,"bu","09:26:39",137700
25.95,0.15,500,"sd","09:25:59",136700
26,0.2,1300,"bu","09:25:49",136200
25.95,0.15,200,"sd","09:25:33",134900
25.95,0.15,100,"sd","09:25:23",134700
25.95,0.15,100,"sd","09:25:20",134600
25.95,0.15,100,"sd","09:25:18",134500
25.95,0.15,500,"sd","09:25:01",134400
25.95,0.15,100,"sd","09:24:57",133900
26,0.2,800,"bu","09:24:42",133800
26,0.2,200,"bu","09:24:39",133000
25.95,0.15,1600,"bu","09:24:36",132800
25.95,0.15,400,"sd","09:24:31",131200
26,0.2,1000,"bu","09:24:29",130800
25.95,0.15,1000,"sd","09:24:23",129800
25.95,0.15,5000,"sd","09:24:23",128800
26,0.2,100,"bu","09:24:21",123800
25.95,0.15,4900,"sd","09:24:16",123700
25.95,0.15,500,"sd","09:24:05",118800
25.95,0.15,21200,"bu","09:23:56",118300
25.95,0.15,3000,"bu","09:23:55",97100
25.95,0.15,1000,"bu","09:23:19",94100
25.9,0.1,500,"sd","09:23:07",93100
25.95,0.15,100,"bu","09:23:05",92600
25.9,0.1,2000,"sd","09:22:58",92500
25.9,0.1,800,"sd","09:22:26",90500
25.9,0.1,11500,"bu","09:22:16",89700
25.85,0.05,500,"sd","09:22:10",78200
25.9,0.1,2100,"bu","09:22:05",77700
25.9,0.1,1300,"bu","09:22:00",75600
25.9,0.1,100,"bu","09:21:58",74300
25.85,0.05,100,"sd","09:21:37",74200
25.9,0.1,500,"bu","09:21:33",74100
25.9,0.1,1500,"bu","09:21:28",73600
25.85,0.05,500,"sd","09:21:13",72100
25.9,0.1,600,"bu","09:21:11",71600
25.85,0.05,1000,"sd","09:20:55",71000
25.9,0.1,100,"bu","09:20:50",70000
25.85,0.05,500,"sd","09:20:15",69900
25.85,0.05,20000,"sd","09:20:06",69400
25.85,0.05,800,"sd","09:19:58",49400
25.85,0.05,500,"sd","09:19:18",48600
25.85,0.05,500,"sd","09:18:22",48100
25.85,0.05,10000,"sd","09:18:04",47600
25.85,0.05,1500,"sd","09:17:54",37600
25.85,0.05,800,"sd","09:17:30",36100
25.85,0.05,500,"sd","09:17:23",35300
25.85,0.05,100,"sd","09:17:06",34800
25.85,0.05,3000,"sd","09:17:02",34700
25.85,0.05,1000,"sd","09:16:51",31700
25.85,0.05,500,"sd","09:16:26",30700
25.85,0.05,3400,"sd","09:16:22",30200
25.85,0.05,1000,"sd","09:16:09",26800
25.9,0.1,200,"bu","09:15:58",25800
25.9,0.1,800,"sd","09:15:49",25600
25.9,0.1,500,"sd","09:15:29",24800
25.9,0.1,800,"sd","09:15:03",24300
25.95,0.15,23500,"","09:15:02",23500
