"price","change","match_qtty","side","time","total_vol"
10.1,0.34,12700,"","14:45:03",3140600
10,0.24,100,"bu","14:29:52",3127900
10,0.24,1300,"bu","14:29:06",3127800
10,0.24,1000,"bu","14:28:45",3126500
9.98,0.22,1500,"sd","14:28:37",3125500
9.99,0.23,1700,"sd","14:28:21",3123700
9.99,0.23,200,"sd","14:27:53",3122000
9.99,0.23,200,"sd","14:27:15",3121800
9.99,0.23,100,"sd","14:25:55",3121600
10,0.24,500,"bu","14:25:52",3121500
10,0.24,800,"bu","14:25:49",3121000
10,0.24,400,"bu","14:25:48",3120200
10,0.24,1100,"sd","14:23:04",3119800
10,0.24,4000,"sd","14:21:28",3118700
10.1,0.34,500,"bu","14:17:59",3114700
10.15,0.39,600,"bu","14:15:14",3114200
9.98,0.22,400,"bu","14:15:14",3113600
9.98,0.22,5600,"sd","14:14:52",3113200
10.15,0.39,1500,"bu","14:13:18",3107600
10.15,0.39,1000,"bu","14:12:59",3106100
10,0.24,1000,"bu","14:12:59",3105100
10,0.24,4000,"sd","14:12:58",3104100
10.15,0.39,1500,"bu","14:12:52",3100100
10.1,0.34,500,"bu","14:12:52",3098600
10,0.24,10200,"bu","14:12:42",3098100
9.99,0.23,800,"bu","14:12:42",3087900
9.99,0.23,7000,"sd","14:12:23",3087100
10,0.24,500,"bu","14:11:11",3080100
10,0.24,200,"bu","14:11:03",3079600
10,0.24,1500,"bu","14:10:44",3079400
10,0.24,2000,"bu","14:10:36",3077900
10,0.24,5000,"bu","14:09:41",3075900
9.99,0.23,2300,"sd","14:09:30",3070900
10,0.24,1000,"bu","14:09:30",3068600
10,0.24,200,"sd","14:08:40",3067600
10,0.24,500,"bu","14:05:53",3067400
10,0.24,1000,"bu","14:05:47",3066900
10,0.24,100,"bu","14:02:16",3065900
10,0.24,100,"bu","14:01:56",3065800
10,0.24,200,"bu","14:01:43",3065700
10,0.24,3100,"sd","14:01:31",3065500
10,0.24,10700,"sd","14:00:18",3062400
10.05,0.29,100,"sd","13:59:40",3051700
10.05,0.29,2000,"sd","13:59:22",3051600
10.15,0.39,2000,"bu","13:57:48",3049600
10.1,0.34,300,"sd","13:57:34",3047600
10.1,0.34,400,"sd","13:57:08",3047300
10.1,0.34,100,"sd","13:56:49",3046900
10.1,0.34,4200,"sd","13:56:10",3046800
10.15,0.39,1200,"bu","13:54:48",3042600
10.15,0.39,2500,"bu","13:52:03",3041400
10.15,0.39,1000,"bu","13:51:50",3038900
10.1,0.34,3000,"bu","13:51:27",3037900
10.15,0.39,200,"bu","13:47:01",3034900
10.15,0.39,3000,"bu","13:44:44",3034700
10.15,0.39,700,"bu","13:43:57",3031700
10.15,0.39,1500,"bu","13:43:27",3031000
10.15,0.39,2000,"bu","13:43:00",3029500
10.15,0.39,100,"bu","13:40:35",3027500
10.15,0.39,500,"bu","13:39:45",3027400
10.1,0.34,300,"bu","13:39:23",3026900
10.1,0.34,300,"bu","13:36:30",3026600
10.1,0.34,300,"sd","13:35:30",3026300
10.15,0.39,100,"bu","13:34:51",3026000
10.1,0.34,100,"sd","13:33:20",3025900
10.1,0.34,1000,"sd","13:32:34",3025800
10.1,0.34,1000,"sd","13:32:00",3024800
10.1,0.34,100,"sd","13:31:54",3023800
10.1,0.34,1000,"sd","13:31:13",3023700
10.1,0.34,100,"sd","13:31:00",3022700
10.15,0.39,100,"bu","13:30:02",3022600
10.15,0.39,2000,"bu","13:26:57",3022500
10.15,0.39,100,"bu","13:26:33",3020500
10.15,0.39,2000,"bu","13:26:22",3020400
10.15,0.39,5000,"bu","13:25:24",3018400
10.15,0.39,2000,"bu","13:23:43",3013400
10.15,0.39,3500,"bu","13:23:34",3011400
10.15,0.39,2000,"bu","13:23:09",3007900
10.1,0.34,1600,"bu","13:22:53",3005900
10,0.24,3000,"sd","13:22:47",3004300
10.1,0.34,500,"bu","13:22:44",3001300
10.1,0.34,3700,"bu","13:21:53",3000800
10.1,0.34,2500,"bu","13:21:22",2997100
10.1,0.34,100,"bu","13:21:17",2994600
10.1,0.34,1500,"bu","13:21:11",2994500
10.1,0.34,1000,"bu","13:19:58",2993000
10,0.24,400,"sd","13:19:16",2992000
10,0.24,500,"sd","13:18:31",2991600
10,0.24,100,"sd","13:17:45",2991100
10,0.24,1800,"bu","13:15:47",2991000
10,0.24,18200,"sd","13:15:36",2989200
10.1,0.34,1000,"bu","13:14:55",2971000
10.1,0.34,500,"bu","13:14:40",2970000
10,0.24,6800,"sd","13:13:30",2969500
10,0.24,10000,"sd","13:12:52",2962700
10.1,0.34,200,"bu","13:12:35",2952700
10.1,0.34,3000,"bu","13:12:09",2952500
10.1,0.34,10000,"bu","13:11:20",2949500
10.1,0.34,300,"bu","13:10:44",2939500
10.1,0.34,7800,"bu","13:08:53",2939200
10.1,0.34,300,"bu","13:08:36",2931400
10,0.24,15000,"sd","13:08:03",2931100
10.1,0.34,100,"bu","13:07:57",2916100
10,0.24,5800,"bu","13:06:31",2916000
10,0.24,300,"bu","13:06:11",2910200
10,0.24,100,"bu","13:06:01",2909900
10,0.24,1000,"bu","13:02:42",2909800
10,0.24,1000,"bu","13:02:35",2908800
10,0.24,5000,"bu","13:02:33",2907800
10,0.24,2500,"bu","13:02:23",2902800
10,0.24,6000,"sd","13:01:21",2900300
10.1,0.34,5200,"sd","13:01:21",2894300
10.2,0.44,23900,"sd","13:01:21",2888400
10.3,0.54,2000,"bu","13:00:27",2864500
10.3,0.54,1000,"bu","13:00:23",2862500
10.3,0.54,100,"bu","13:00:18",2861500
10.3,0.54,100,"sd","13:00:08",2861400
10.2,0.44,11000,"sd","13:00:01",2861300
10.25,0.49,14900,"sd","13:00:01",2850300
10.3,0.54,8100,"bu","13:00:01",2835400
10.3,0.54,2000,"bu","11:29:14",2827300
10.35,0.59,500,"bu","11:28:51",2825300
10.3,0.54,500,"bu","11:28:41",2824800
10.3,0.54,100,"bu","11:26:37",2824300
10.3,0.54,1000,"bu","11:26:34",2824200
10.3,0.54,1100,"bu","11:25:48",2823200
10.3,0.54,2000,"bu","11:25:07",2822100
10.3,0.54,300,"sd","11:23:52",2820100
10.35,0.59,300,"bu","11:14:58",2819800
10.3,0.54,100,"sd","11:08:17",2819500
10.3,0.54,2600,"bu","11:07:23",2819400
10.3,0.54,200,"bu","11:02:41",2816800
10.3,0.54,200,"bu","10:58:23",2816600
10.25,0.49,500,"sd","10:57:09",2816400
10.3,0.54,500,"sd","10:57:09",2815900
10.3,0.54,400,"sd","10:56:56",2815400
10.3,0.54,4900,"sd","10:56:45",2815000
10.3,0.54,10100,"sd","10:56:44",2810100
10.3,0.54,2000,"sd","10:56:40",2800000
10.35,0.59,200,"bu","10:55:31",2798000
10.35,0.59,500,"bu","10:53:29",2797800
10.35,0.59,200,"bu","10:50:58",2797300
10.35,0.59,800,"bu","10:48:58",2797100
10.35,0.59,400,"bu","10:48:57",2796300
10.35,0.59,6700,"bu","10:48:53",2795900
10.35,0.59,1500,"sd","10:44:53",2789200
10.35,0.59,1500,"sd","10:44:45",2787700
10.35,0.59,500,"sd","10:44:42",2786200
10.35,0.59,8700,"bu","10:43:59",2785700
10.35,0.59,1000,"bu","10:43:46",2777000
10.35,0.59,300,"sd","10:43:37",2776000
10.35,0.59,100,"sd","10:43:31",2775700
10.4,0.64,1000,"bu","10:43:20",2775600
10.4,0.64,100,"bu","10:42:40",2774600
10.35,0.59,100,"bu","10:41:49",2774500
10.35,0.59,100,"bu","10:41:08",2774400
10.35,0.59,100,"bu","10:40:26",2774300
10.35,0.59,2000,"bu","10:39:06",2774200
10.35,0.59,1000,"bu","10:37:58",2772200
10.35,0.59,1000,"bu","10:36:26",2771200
10.35,0.59,500,"bu","10:36:25",2770200
10.35,0.59,1500,"bu","10:35:45",2769700
10.35,0.59,3700,"sd","10:35:30",2768200
10.35,0.59,900,"bu","10:35:18",2764500
10.35,0.59,10000,"bu","10:35:02",2763600
10.35,0.59,1000,"bu","10:34:46",2753600
10.35,0.59,700,"bu","10:34:12",2752600
10.35,0.59,4200,"bu","10:32:14",2751900
10.35,0.59,100,"bu","10:31:20",2747700
10.35,0.59,300,"bu","10:30:33",2747600
10.35,0.59,1000,"bu","10:30:03",2747300
10.35,0.59,500,"bu","10:25:13",2746300
10.35,0.59,200,"bu","10:24:47",2745800
10.35,0.59,500,"bu","10:23:47",2745600
10.3,0.54,700,"bu","10:22:57",2745100
10.3,0.54,4300,"sd","10:22:47",2744400
10.3,0.54,200,"sd","10:22:40",2740100
10.35,0.59,1000,"bu","10:22:30",2739900
10.3,0.54,10000,"sd","10:22:03",2738900
10.35,0.59,400,"bu","10:20:55",2728900
10.35,0.59,100,"bu","10:20:01",2728500
10.35,0.59,300,"bu","10:19:50",2728400
10.35,0.59,100,"bu","10:19:33",2728100
10.35,0.59,1000,"bu","10:19:15",2728000
10.35,0.59,100,"bu","10:19:07",2727000
10.35,0.59,100,"bu","10:18:57",2726900
10.35,0.59,1000,"bu","10:18:51",2726800
10.35,0.59,5500,"bu","10:18:49",2725800
10.35,0.59,1000,"bu","10:18:32",2720300
10.35,0.59,27600,"sd","10:18:12",2719300
10.35,0.59,5000,"sd","10:18:12",2691700
10.4,0.64,48000,"bu","10:17:45",2686700
10.4,0.64,10000,"bu","10:17:44",2638700
10.4,0.64,3200,"bu","10:17:35",2628700
10.4,0.64,1100,"bu","10:17:24",2625500
10.4,0.64,2200,"bu","10:17:11",2624400
10.4,0.64,100,"bu","10:17:09",2622200
10.4,0.64,1500,"bu","10:16:56",2622100
10.4,0.64,800,"bu","10:16:43",2620600
10.4,0.64,1000,"bu","10:16:36",2619800
10.4,0.64,1000,"bu","10:16:20",2618800
10.4,0.64,300,"bu","10:16:17",2617800
10.4,0.64,200,"bu","10:16:16",2617500
10.4,0.64,200,"bu","10:16:10",2617300
10.4,0.64,200,"bu","10:16:08",2617100
10.4,0.64,200,"bu","10:16:02",2616900
10.4,0.64,5000,"bu","10:15:57",2616700
10.4,0.64,50000,"bu","10:15:55",2611700
10.4,0.64,200,"bu","10:15:53",2561700
10.4,0.64,200,"bu","10:15:51",2561500
10.4,0.64,100,"bu","10:15:47",2561300
10.4,0.64,6000,"bu","10:15:46",2561200
10.4,0.64,5000,"bu","10:15:43",2555200
10.4,0.64,18000,"bu","10:15:37",2550200
10.4,0.64,1000,"bu","10:15:35",2532200
10.4,0.64,40000,"bu","10:15:27",2531200
10.4,0.64,2500,"bu","10:14:59",2491200
10.4,0.64,5000,"bu","10:14:57",2488700
10.4,0.64,1000,"bu","10:14:52",2483700
10.4,0.64,100,"bu","10:14:48",2482700
10.4,0.64,35000,"bu","10:14:43",2482600
10.4,0.64,4200,"bu","10:14:36",2447600
10.4,0.64,5000,"bu","10:14:29",2443400
10.4,0.64,20000,"bu","10:14:05",2438400
10.4,0.64,2000,"bu","10:14:00",2418400
10.4,0.64,50000,"bu","10:13:51",2416400
10.4,0.64,10000,"bu","10:13:41",2366400
10.4,0.64,3000,"bu","10:13:29",2356400
10.4,0.64,5000,"bu","10:13:28",2353400
10.4,0.64,5000,"bu","10:13:26",2348400
10.4,0.64,100,"bu","10:13:23",2343400
10.4,0.64,2300,"bu","10:12:50",2343300
10.4,0.64,1000,"bu","10:12:01",2341000
10.4,0.64,200,"bu","10:11:59",2340000
10.4,0.64,5000,"bu","10:11:32",2339800
10.4,0.64,200,"bu","10:11:24",2334800
10.4,0.64,8000,"bu","10:11:22",2334600
10.4,0.64,200,"bu","10:11:10",2326600
10.4,0.64,15000,"bu","10:11:05",2326400
10.4,0.64,100,"bu","10:10:58",2311400
10.4,0.64,10000,"bu","10:10:54",2311300
10.4,0.64,6000,"bu","10:10:42",2301300
10.4,0.64,50000,"bu","10:10:32",2295300
10.4,0.64,20000,"bu","10:10:20",2245300
10.4,0.64,10000,"bu","10:10:10",2225300
10.4,0.64,5000,"bu","10:09:59",2215300
10.4,0.64,200,"bu","10:09:36",2210300
10.4,0.64,500,"bu","10:08:57",2210100
10.4,0.64,500,"bu","10:08:42",2209600
10.4,0.64,15000,"bu","10:08:42",2209100
10.4,0.64,10000,"bu","10:08:35",2194100
10.4,0.64,1000,"bu","10:08:21",2184100
10.4,0.64,22000,"bu","10:08:16",2183100
10.4,0.64,10000,"bu","10:08:06",2161100
10.4,0.64,6000,"bu","10:07:57",2151100
10.4,0.64,17600,"bu","10:07:44",2145100
10.4,0.64,30000,"bu","10:07:36",2127500
10.35,0.59,30000,"sd","10:07:25",2097500
10.4,0.64,100000,"bu","10:07:07",2067500
10.4,0.64,8000,"bu","10:06:41",1967500
10.4,0.64,40000,"bu","10:06:29",1959500
10.4,0.64,1100,"bu","10:06:24",1919500
10.4,0.64,15000,"bu","10:05:59",1918400
10.4,0.64,10000,"bu","10:05:49",1903400
10.35,0.59,4000,"sd","10:05:34",1893400
10.4,0.64,3000,"bu","10:05:06",1889400
10.4,0.64,9000,"bu","10:04:57",1886400
10.4,0.64,30000,"bu","10:04:47",1877400
10.4,0.64,7500,"bu","10:03:09",1847400
10.4,0.64,8000,"bu","10:02:56",1839900
10.4,0.64,2000,"bu","10:02:52",1831900
10.4,0.64,50000,"bu","10:02:43",1829900
10.4,0.64,100,"bu","10:02:42",1779900
10.4,0.64,20000,"bu","10:02:26",1779800
10.35,0.59,100,"sd","10:02:17",1759800
10.4,0.64,5000,"bu","10:02:09",1744700
10.4,0.64,10000,"bu","10:02:05",1739700
10.4,0.64,3600,"bu","10:01:45",1729700
10.4,0.64,6000,"bu","10:01:40",1726100
10.4,0.64,10000,"bu","10:01:35",1720100
10.4,0.64,1100,"bu","10:01:23",1710100
10.4,0.64,100,"bu","10:01:12",1709000
10.4,0.64,5000,"bu","10:00:36",1708900
10.4,0.64,7000,"bu","10:00:30",1703900
10.4,0.64,6000,"bu","10:00:22",1696900
10.4,0.64,20000,"bu","10:00:17",1690900
10.4,0.64,10000,"bu","10:00:00",1670900
10.4,0.64,5000,"bu","09:59:56",1660900
10.4,0.64,4000,"bu","09:59:52",1655900
10.3,0.54,100,"sd","09:59:51",1651900
10.4,0.64,100,"bu","09:59:50",1651800
10.4,0.64,700,"bu","09:59:46",1651700
10.4,0.64,8000,"bu","09:59:43",1651000
10.4,0.64,7200,"bu","09:59:38",1643000
10.4,0.64,10000,"bu","09:59:36",1635800
10.4,0.64,5100,"bu","09:59:14",1625800
10.35,0.59,900,"bu","09:59:14",1620700
10.4,0.64,500,"bu","09:58:58",1619800
10.4,0.64,7000,"bu","09:58:56",1619300
10.4,0.64,5300,"bu","09:58:49",1612300
10.35,0.59,1000,"bu","09:58:49",1607000
10.35,0.59,4500,"sd","09:58:48",1606000
10.4,0.64,50000,"bu","09:58:37",1601500
10.4,0.64,20000,"bu","09:58:31",1551500
10.4,0.64,15000,"bu","09:58:26",1531500
10.4,0.64,10000,"bu","09:58:16",1516500
10.35,0.59,6000,"bu","09:58:12",1506500
10.35,0.59,6000,"bu","09:58:07",1500500
10.35,0.59,3500,"bu","09:58:02",1494500
10.35,0.59,5000,"bu","09:57:55",1491000
10.35,0.59,6000,"bu","09:57:50",1486000
10.35,0.59,6000,"bu","09:57:41",1480000
10.35,0.59,15000,"bu","09:57:35",1474000
10.35,0.59,10000,"bu","09:57:28",1459000
10.35,0.59,2000,"bu","09:57:20",1449000
10.3,0.54,600,"sd","09:57:15",1447000
10.3,0.54,300,"sd","09:57:10",1446400
10.35,0.59,10000,"bu","09:57:05",1446100
10.35,0.59,7000,"bu","09:56:55",1436100
10.35,0.59,5000,"bu","09:56:32",1429100
10.35,0.59,3000,"bu","09:56:27",1424100
10.35,0.59,3000,"bu","09:56:22",1421100
10.35,0.59,5600,"bu","09:56:13",1418100
10.35,0.59,13400,"bu","09:56:06",1412500
10.35,0.59,5000,"bu","09:55:57",1399100
10.35,0.59,3500,"bu","09:55:48",1394100
10.35,0.59,4000,"bu","09:55:37",1390600
10.35,0.59,10000,"bu","09:55:30",1386600
10.35,0.59,1500,"bu","09:55:22",1376600
10.3,0.54,3500,"bu","09:55:22",1375100
10.3,0.54,1500,"sd","09:55:17",1371600
10.3,0.54,2000,"sd","09:55:13",1370100
10.35,0.59,1000,"bu","09:55:10",1368100
10.35,0.59,6000,"bu","09:55:03",1367100
10.35,0.59,3400,"bu","09:54:57",1361100
10.35,0.59,4500,"bu","09:54:47",1357700
10.35,0.59,6000,"bu","09:54:40",1353200
10.35,0.59,7000,"bu","09:54:30",1347200
10.35,0.59,100,"bu","09:54:27",1340200
10.35,0.59,10000,"bu","09:54:24",1340100
10.35,0.59,5000,"bu","09:54:19",1330100
10.35,0.59,7000,"bu","09:54:10",1325100
10.35,0.59,11000,"bu","09:53:56",1318100
10.3,0.54,500,"sd","09:53:45",1307100
10.35,0.59,20000,"bu","09:53:45",1306600
10.3,0.54,1000,"bu","09:53:39",1286600
10.3,0.54,2000,"bu","09:53:38",1285600
10.3,0.54,5000,"bu","09:53:36",1283600
10.3,0.54,100,"bu","09:53:27",1278600
10.3,0.54,3500,"bu","09:53:18",1278500
10.3,0.54,600,"bu","09:53:06",1275000
10.3,0.54,8400,"bu","09:52:35",1274400
10.3,0.54,3000,"bu","09:52:29",1266000
10.3,0.54,2500,"bu","09:52:26",1263000
10.3,0.54,100,"bu","09:52:10",1260500
10.3,0.54,2000,"bu","09:52:00",1260400
10.3,0.54,100,"bu","09:51:39",1258400
10.3,0.54,500,"bu","09:51:31",1258300
10.3,0.54,500,"bu","09:51:09",1257800
10.3,0.54,3000,"bu","09:50:47",1257300
10.3,0.54,9000,"bu","09:50:47",1254300
10.3,0.54,2000,"bu","09:50:27",1245300
10.3,0.54,6000,"bu","09:49:56",1243300
10.3,0.54,100,"bu","09:49:51",1237300
10.3,0.54,3000,"bu","09:49:49",1237200
10.3,0.54,9700,"bu","09:49:39",1234200
10.3,0.54,500,"bu","09:49:36",1224500
10.3,0.54,2000,"bu","09:49:31",1224000
10.3,0.54,1700,"bu","09:49:29",1222000
10.3,0.54,1000,"bu","09:49:08",1220300
10.3,0.54,6000,"bu","09:48:39",1219300
10.3,0.54,200,"bu","09:48:34",1213300
10.3,0.54,4500,"bu","09:48:24",1213100
10.3,0.54,6000,"bu","09:48:19",1208600
10.3,0.54,3000,"bu","09:48:14",1202600
10.3,0.54,10000,"bu","09:48:13",1199600
10.3,0.54,300,"bu","09:48:12",1189600
10.3,0.54,2000,"bu","09:48:06",1189300
10.3,0.54,7000,"bu","09:47:53",1187300
10.3,0.54,15000,"bu","09:47:46",1180300
10.3,0.54,500,"bu","09:47:44",1165300
10.3,0.54,10000,"bu","09:47:35",1164800
10.3,0.54,5000,"bu","09:47:27",1154800
10.25,0.49,1300,"bu","09:47:22",1149800
10.25,0.49,1000,"bu","09:47:17",1148500
10.25,0.49,700,"bu","09:47:14",1147500
10.25,0.49,100,"bu","09:47:06",1146800
10.25,0.49,1500,"bu","09:47:02",1146700
10.25,0.49,5000,"bu","09:47:01",1145200
10.25,0.49,1000,"bu","09:46:56",1140200
10.2,0.44,100,"sd","09:46:53",1139200
10.25,0.49,2000,"bu","09:46:51",1139100
10.25,0.49,5600,"bu","09:46:41",1137100
10.25,0.49,2000,"bu","09:46:36",1131500
10.25,0.49,5000,"bu","09:46:31",1129500
10.25,0.49,7000,"bu","09:46:25",1124500
10.25,0.49,10000,"bu","09:46:17",1117500
10.25,0.49,5000,"bu","09:46:11",1107500
10.25,0.49,400,"bu","09:46:01",1102500
10.2,0.44,100,"sd","09:45:58",1102100
10.25,0.49,500,"bu","09:45:07",1102000
10.25,0.49,5000,"bu","09:44:53",1101500
10.25,0.49,3000,"bu","09:44:46",1096500
10.25,0.49,3200,"bu","09:44:40",1093500
10.2,0.44,15000,"sd","09:44:38",1090300
10.25,0.49,1000,"bu","09:44:27",1075300
10.25,0.49,1000,"bu","09:44:21",1074300
10.25,0.49,3000,"bu","09:44:14",1073300
10.25,0.49,4500,"bu","09:44:10",1070300
10.25,0.49,10000,"bu","09:43:58",1065800
10.25,0.49,7000,"bu","09:43:53",1055800
10.25,0.49,5000,"bu","09:43:50",1048800
10.25,0.49,3000,"bu","09:43:46",1043800
10.25,0.49,1000,"bu","09:43:42",1040800
10.25,0.49,15000,"bu","09:43:34",1039800
10.25,0.49,10000,"bu","09:43:17",1024800
10.2,0.44,4400,"bu","09:43:13",1014800
10.15,0.39,100,"sd","09:43:10",1010400
10.2,0.44,2000,"bu","09:42:51",1010300
10.2,0.44,300,"bu","09:42:46",1008300
10.2,0.44,200,"bu","09:42:23",1008000
10.2,0.44,2500,"bu","09:42:20",1007800
10.2,0.44,2100,"bu","09:42:12",1005300
10.2,0.44,1000,"bu","09:42:08",1003200
10.2,0.44,5000,"bu","09:42:04",1002200
10.2,0.44,200,"bu","09:42:00",997200
10.2,0.44,2000,"bu","09:41:56",997000
10.2,0.44,2000,"bu","09:41:50",995000
10.2,0.44,1000,"bu","09:41:44",993000
10.2,0.44,200,"bu","09:41:42",992000
10.2,0.44,3500,"bu","09:41:41",991800
10.2,0.44,100,"bu","09:41:37",988300
10.2,0.44,10000,"bu","09:41:28",988200
10.2,0.44,7000,"bu","09:41:24",978200
10.2,0.44,3000,"bu","09:41:14",971200
10.2,0.44,6000,"bu","09:40:54",968200
10.2,0.44,6000,"bu","09:40:34",962200
10.2,0.44,5000,"bu","09:40:31",956200
10.2,0.44,4500,"bu","09:40:26",951200
10.2,0.44,15000,"bu","09:40:16",946700
10.2,0.44,10000,"bu","09:40:11",931700
10.15,0.39,400,"sd","09:40:03",921700
10.2,0.44,5000,"bu","09:39:55",921300
10.15,0.39,2600,"bu","09:39:51",916300
10.15,0.39,2400,"bu","09:39:09",913700
10.15,0.39,1300,"bu","09:39:05",911300
10.15,0.39,10000,"bu","09:39:04",910000
10.15,0.39,1200,"bu","09:38:43",900000
10.15,0.39,5100,"bu","09:38:33",898800
10.15,0.39,1000,"bu","09:38:27",893700
10.15,0.39,3500,"bu","09:38:18",892700
10.15,0.39,2000,"bu","09:38:14",889200
10.15,0.39,1000,"bu","09:38:07",887200
10.15,0.39,100,"sd","09:38:06",886200
10.15,0.39,15500,"bu","09:38:03",886100
10.15,0.39,500,"bu","09:38:02",870600
10.15,0.39,3000,"bu","09:37:55",870100
10.15,0.39,2000,"bu","09:37:48",867100
10.15,0.39,500,"bu","09:37:46",865100
10.15,0.39,7500,"bu","09:37:36",864600
10.15,0.39,4000,"bu","09:37:19",857100
10.15,0.39,7000,"bu","09:37:13",853100
10.15,0.39,100,"bu","09:37:06",846100
10.15,0.39,2000,"bu","09:37:05",846000
10.15,0.39,6000,"bu","09:36:49",844000
10.15,0.39,5000,"bu","09:36:38",838000
10.15,0.39,20000,"bu","09:36:27",833000
10.15,0.39,100,"bu","09:36:16",813000
10.15,0.39,2300,"bu","09:36:08",812900
10.1,0.34,2700,"bu","09:36:08",810600
10.1,0.34,3000,"bu","09:36:04",807900
10.1,0.34,500,"bu","09:36:02",804900
10.1,0.34,5000,"bu","09:36:01",804400
10.1,0.34,100,"bu","09:35:53",799400
10.1,0.34,500,"bu","09:35:46",799300
10.1,0.34,6000,"bu","09:35:45",798800
10.1,0.34,1000,"bu","09:35:44",792800
10.1,0.34,500,"bu","09:35:42",791800
10.1,0.34,8000,"bu","09:35:41",791300
10.1,0.34,100,"bu","09:35:39",783300
10.1,0.34,2200,"bu","09:35:36",783200
10.1,0.34,4000,"bu","09:35:33",781000
10.1,0.34,6500,"bu","09:35:29",777000
10.1,0.34,5000,"bu","09:35:14",770500
10.1,0.34,7000,"bu","09:35:08",765500
10.1,0.34,10000,"bu","09:35:04",758500
10.1,0.34,200,"bu","09:35:01",748500
10.1,0.34,6000,"bu","09:34:54",748300
10.1,0.34,3000,"bu","09:34:45",742300
10.05,0.29,400,"bu","09:34:10",739300
10.05,0.29,3000,"bu","09:34:08",738900
10.05,0.29,5000,"bu","09:34:06",735900
10.05,0.29,2100,"bu","09:34:05",730900
10.05,0.29,1400,"bu","09:34:05",728800
10.05,0.29,100,"bu","09:34:01",727400
10,0.24,200,"sd","09:34:01",727300
10.05,0.29,20000,"bu","09:33:54",727100
10.05,0.29,3000,"bu","09:33:46",707100
10.05,0.29,100,"bu","09:33:44",704100
10.05,0.29,1000,"bu","09:33:38",704000
10.05,0.29,5000,"bu","09:33:37",703000
10.05,0.29,4000,"bu","09:33:28",698000
10.05,0.29,6000,"bu","09:33:24",694000
10.05,0.29,100,"bu","09:33:23",688000
10.05,0.29,3000,"bu","09:33:15",687900
10,0.24,200,"sd","09:33:05",684900
10.05,0.29,5000,"bu","09:33:04",684700
10.05,0.29,200,"bu","09:33:03",679700
10.05,0.29,6000,"bu","09:32:55",679500
10.05,0.29,100,"bu","09:32:49",673500
10,0.24,5700,"bu","09:32:37",673400
10,0.24,2000,"bu","09:32:36",667700
10,0.24,5600,"bu","09:32:24",665700
10,0.24,300,"bu","09:32:22",660100
10,0.24,3200,"bu","09:32:20",659800
10,0.24,1500,"bu","09:32:19",656600
10,0.24,3200,"bu","09:32:10",655100
10,0.24,2000,"bu","09:32:06",651900
10,0.24,200,"bu","09:32:03",649900
10,0.24,15000,"bu","09:31:59",649700
10,0.24,1000,"bu","09:31:55",634700
9.95,0.19,5100,"bu","09:31:50",633700
9.95,0.19,100,"bu","09:31:49",628600
9.95,0.19,10900,"sd","09:31:45",628500
9.98,0.22,3900,"sd","09:31:45",617600
10,0.24,3000,"bu","09:31:44",613700
10,0.24,17300,"bu","09:31:37",610700
10,0.24,400,"bu","09:31:28",593400
9.99,0.23,600,"bu","09:31:28",593000
9.98,0.22,300,"bu","09:31:20",592400
9.98,0.22,1500,"bu","09:31:11",592100
9.98,0.22,1000,"bu","09:31:04",590600
9.98,0.22,5000,"bu","09:31:03",589600
9.98,0.22,3900,"bu","09:31:01",584600
9.98,0.22,20000,"bu","09:30:58",579900
9.98,0.22,200,"bu","09:30:57",559900
9.98,0.22,1000,"bu","09:30:56",559700
9.98,0.22,10000,"bu","09:30:53",558700
9.98,0.22,6000,"bu","09:30:45",548700
9.98,0.22,5000,"bu","09:30:38",542700
9.98,0.22,3000,"bu","09:30:31",537700
9.95,0.19,100,"bu","09:30:23",534700
9.95,0.19,5000,"bu","09:30:17",534600
9.95,0.19,100,"bu","09:30:14",529600
9.95,0.19,2000,"bu","09:30:06",529500
9.95,0.19,300,"bu","09:30:02",527500
9.95,0.19,1000,"bu","09:29:58",527200
9.95,0.19,3500,"bu","09:29:55",526200
9.95,0.19,400,"bu","09:29:47",522700
9.95,0.19,4800,"bu","09:29:46",522300
9.95,0.19,1500,"bu","09:29:42",517500
9.95,0.19,5000,"bu","09:29:36",516000
9.95,0.19,5000,"bu","09:29:33",511000
9.95,0.19,1300,"bu","09:29:26",506000
9.95,0.19,10000,"bu","09:29:23",504700
9.93,0.17,20000,"sd","09:29:15",494700
9.93,0.17,500,"sd","09:29:01",474700
9.95,0.19,20000,"bu","09:29:01",474200
9.93,0.17,5700,"bu","09:28:53",454200
9.93,0.17,2000,"bu","09:28:46",448500
9.93,0.17,200,"bu","09:28:39",446500
9.9,0.14,1800,"bu","09:28:34",446300
9.9,0.14,1600,"bu","09:28:33",444500
9.9,0.14,600,"bu","09:28:28",442900
9.9,0.14,900,"bu","09:27:59",442300
9.9,0.14,15100,"sd","09:27:48",441400
9.93,0.17,3000,"bu","09:27:46",426300
9.93,0.17,400,"bu","09:27:43",423300
9.93,0.17,5000,"bu","09:27:35",422900
9.93,0.17,5000,"bu","09:27:34",417900
9.93,0.17,100,"bu","09:27:29",412900
9.93,0.17,7500,"bu","09:27:24",412800
9.93,0.17,10000,"bu","09:27:23",405300
9.93,0.17,5000,"bu","09:27:11",395300
9.9,0.14,400,"bu","09:27:00",390300
9.9,0.14,1000,"bu","09:26:58",389900
9.9,0.14,5000,"bu","09:26:41",388900
9.9,0.14,13600,"sd","09:26:39",383900
9.93,0.17,5000,"bu","09:26:38",370300
9.93,0.17,200,"bu","09:26:33",365300
9.93,0.17,6000,"bu","09:26:32",365100
9.9,0.14,2400,"bu","09:26:19",359100
9.9,0.14,2000,"bu","09:26:14",356700
9.9,0.14,1000,"bu","09:26:13",354700
9.9,0.14,5000,"bu","09:26:10",353700
9.9,0.14,700,"bu","09:26:08",348700
9.9,0.14,4500,"bu","09:26:03",348000
9.9,0.14,5000,"bu","09:25:50",343500
9.9,0.14,300,"bu","09:25:48",338500
9.9,0.14,4700,"bu","09:25:42",338200
9.9,0.14,100,"bu","09:25:36",333500
9.9,0.14,4600,"bu","09:25:35",333400
9.9,0.14,100,"bu","09:25:34",328800
9.9,0.14,3500,"bu","09:25:33",328700
9.9,0.14,7000,"bu","09:25:23",325200
9.9,0.14,200,"bu","09:25:20",318200
9.9,0.14,10000,"bu","09:25:15",318000
9.88,0.12,6800,"bu","09:25:08",308000
9.88,0.12,4400,"bu","09:24:59",301200
9.85,0.09,600,"bu","09:24:59",296800
9.85,0.09,500,"bu","09:24:51",296200
9.85,0.09,1000,"bu","09:24:38",295700
9.85,0.09,2000,"bu","09:24:16",294700
9.85,0.09,1200,"bu","09:24:14",292700
9.85,0.09,200,"bu","09:24:09",291500
9.85,0.09,200,"bu","09:23:58",291300
9.85,0.09,1000,"bu","09:23:47",291100
9.88,0.12,3000,"bu","09:23:32",285700
9.88,0.12,1400,"bu","09:23:24",282700
9.88,0.12,4600,"bu","09:23:23",281300
9.88,0.12,2000,"bu","09:23:20",276700
9.88,0.12,5000,"bu","09:23:11",274700
9.88,0.12,6000,"bu","09:23:01",269700
9.88,0.12,15000,"bu","09:22:54",263700
9.85,0.09,2600,"bu","09:22:45",248700
9.8,0.04,800,"bu","09:22:36",246100
9.8,0.04,1200,"bu","09:22:34",245300
9.8,0.04,500,"bu","09:22:33",244100
9.8,0.04,6000,"bu","09:22:22",243600
9.85,0.09,2500,"bu","09:22:14",237600
9.85,0.09,1900,"bu","09:22:07",235100
9.85,0.09,100,"bu","09:22:02",233200
9.85,0.09,4000,"bu","09:21:59",233100
9.85,0.09,4300,"bu","09:21:51",229100
9.83,0.07,700,"bu","09:21:51",224800
9.83,0.07,1000,"bu","09:21:44",224100
9.83,0.07,1100,"bu","09:21:29",223100
9.83,0.07,1500,"bu","09:21:05",222000
9.83,0.07,1000,"bu","09:20:50",220500
9.83,0.07,3700,"sd","09:20:45",219500
9.85,0.09,500,"bu","09:20:43",215800
9.83,0.07,8000,"sd","09:20:35",215300
9.85,0.09,2300,"bu","09:20:35",207300
9.85,0.09,1200,"bu","09:20:31",205000
9.85,0.09,500,"bu","09:20:28",203800
9.85,0.09,5200,"bu","09:20:19",203300
9.85,0.09,3000,"bu","09:20:09",198100
9.85,0.09,4600,"bu","09:20:03",195100
9.85,0.09,5000,"bu","09:19:54",190500
9.85,0.09,10000,"bu","09:19:44",185500
9.83,0.07,4000,"bu","09:19:36",175500
9.83,0.07,2000,"bu","09:19:22",171500
9.83,0.07,100,"bu","09:19:12",169500
9.83,0.07,3000,"bu","09:19:06",169400
9.83,0.07,500,"bu","09:19:04",166400
9.83,0.07,4500,"bu","09:18:55",165900
9.83,0.07,1000,"bu","09:18:53",161400
9.83,0.07,300,"bu","09:18:48",160400
9.77,0.01,12000,"sd","09:18:46",160100
9.78,0.02,1500,"sd","09:18:46",148100
9.8,0.04,6500,"sd","09:18:46",146600
9.83,0.07,3500,"bu","09:18:44",140100
9.83,0.07,2000,"bu","09:18:38",136600
9.83,0.07,4500,"bu","09:18:30",134600
9.82,0.06,500,"bu","09:18:30",130100
9.83,0.07,3000,"bu","09:18:20",129600
9.83,0.07,100,"bu","09:18:15",126600
9.83,0.07,4500,"bu","09:18:14",126500
9.83,0.07,1000,"bu","09:18:09",122000
9.83,0.07,3000,"bu","09:17:57",121000
9.83,0.07,5000,"bu","09:17:48",118000
9.83,0.07,2000,"bu","09:17:39",113000
9.8,0.04,1700,"bu","09:17:31",111000
9.78,0.02,2800,"bu","09:17:31",109300
9.78,0.02,100,"bu","09:17:07",106500
9.78,0.02,3100,"sd","09:17:04",106400
9.8,0.04,3500,"bu","09:17:04",103300
9.8,0.04,300,"bu","09:16:57",99800
9.8,0.04,2000,"bu","09:16:51",99500
9.8,0.04,4500,"bu","09:16:43",97500
9.8,0.04,3000,"bu","09:16:35",93000
9.8,0.04,1000,"bu","09:16:27",90000
9.8,0.04,800,"bu","09:16:15",89000
9.8,0.04,100,"bu","09:16:13",88200
9.8,0.04,7800,"bu","09:16:00",88100
9.8,0.04,100,"bu","09:15:59",80300
9.8,0.04,3500,"bu","09:15:53",80200
9.8,0.04,600,"bu","09:15:48",76700
9.8,0.04,2800,"bu","09:15:42",76100
9.8,0.04,5000,"bu","09:15:35",73300
9.8,0.04,300,"bu","09:15:33",68300
9.8,0.04,2000,"bu","09:15:27",68000
9.8,0.04,1000,"bu","09:15:18",66000
9.78,0.02,1100,"bu","09:15:04",65000
9.78,0.02,63900,"","09:15:02",63900
