"price","change","match_qtty","side","time","total_vol"
8.1,0.35,1104900,"","14:45:03",6130400
7.85,0.1,1000,"bu","14:29:46",5025500
7.85,0.1,800,"bu","14:29:02",5024500
7.85,0.1,200,"bu","14:28:02",5023700
7.8,0.05,4500,"sd","14:25:02",5023500
7.81,0.06,200,"sd","14:25:02",5019000
7.82,0.07,1000,"sd","14:25:02",5018800
7.8,0.05,5000,"sd","14:24:38",5017800
7.8,0.05,6100,"sd","14:24:24",5012800
7.8,0.05,4300,"sd","14:24:07",5006700
7.81,0.06,600,"sd","14:24:07",5002400
7.8,0.05,4600,"sd","14:23:50",5001800
7.82,0.07,1000,"sd","14:23:50",4997200
7.8,0.05,900,"sd","14:23:34",4996200
7.81,0.06,400,"sd","14:23:34",4995300
7.83,0.08,3200,"sd","14:23:34",4994900
7.83,0.08,1700,"bu","14:23:22",4991700
7.83,0.08,200,"bu","14:23:19",4990000
7.83,0.08,10000,"bu","14:23:15",4989800
7.83,0.08,100,"bu","14:23:05",4979800
7.8,0.05,200,"sd","14:22:38",4979700
7.8,0.05,500,"bu","14:22:11",4979500
7.8,0.05,500,"sd","14:22:06",4979000
7.8,0.05,200,"sd","14:21:59",4978500
7.83,0.08,200,"bu","14:21:42",4978300
7.83,0.08,600,"sd","14:21:16",4978100
7.83,0.08,100,"sd","14:20:47",4977500
7.83,0.08,100,"sd","14:20:35",4977400
7.83,0.08,100,"sd","14:20:34",4977300
7.83,0.08,200,"sd","14:19:45",4977200
7.83,0.08,800,"bu","14:19:12",4977000
7.83,0.08,1000,"bu","14:19:08",4976200
7.83,0.08,3200,"sd","14:19:05",4975200
7.83,0.08,7300,"sd","14:18:40",4972000
7.86,0.11,1200,"sd","14:18:40",4964700
7.88,0.13,1500,"sd","14:18:40",4963500
7.9,0.15,500,"bu","14:18:37",4962000
7.9,0.15,400,"sd","14:18:00",4961500
7.9,0.15,2000,"sd","14:17:57",4961100
7.9,0.15,100,"sd","14:17:52",4959100
7.91,0.16,200,"sd","14:17:46",4959000
7.91,0.16,500,"bu","14:17:45",4958800
7.91,0.16,13900,"sd","14:17:42",4958300
7.91,0.16,1000,"sd","14:17:41",4944400
7.92,0.17,100,"bu","14:17:41",4943400
7.91,0.16,500,"sd","14:17:40",4943300
7.92,0.17,300,"bu","14:17:37",4942800
7.91,0.16,700,"sd","14:17:36",4942500
7.91,0.16,10000,"sd","14:17:36",4941800
7.92,0.17,200,"bu","14:17:33",4931800
7.91,0.16,7000,"sd","14:17:28",4931600
7.91,0.16,500,"sd","14:17:26",4924600
7.92,0.17,500,"bu","14:17:26",4924100
7.91,0.16,12000,"sd","14:17:24",4923600
7.92,0.17,2000,"bu","14:17:09",4911600
7.92,0.17,200,"bu","14:17:06",4909600
7.91,0.16,20000,"sd","14:17:00",4909400
7.92,0.17,300,"sd","14:16:55",4889400
7.93,0.18,500,"sd","14:16:55",4889100
7.93,0.18,2500,"bu","14:16:52",4888600
7.91,0.16,500,"sd","14:16:43",4886100
7.93,0.18,200,"bu","14:16:32",4885600
7.92,0.17,1000,"sd","14:16:17",4885400
7.92,0.17,800,"bu","14:16:08",4884400
7.92,0.17,200,"bu","14:16:07",4883600
7.91,0.16,10000,"sd","14:16:04",4883400
7.92,0.17,200,"sd","14:16:02",4873400
7.91,0.16,28900,"sd","14:16:01",4873200
7.92,0.17,1100,"sd","14:16:01",4844300
7.92,0.17,1900,"bu","14:15:59",4843200
7.92,0.17,100,"bu","14:15:54",4841300
7.91,0.16,1000,"sd","14:15:51",4841200
7.92,0.17,3000,"bu","14:15:50",4840200
7.91,0.16,5000,"sd","14:15:47",4837200
7.91,0.16,8600,"sd","14:15:44",4832200
7.92,0.17,1400,"sd","14:15:44",4823600
7.92,0.17,3600,"bu","14:15:41",4822200
7.92,0.17,100,"bu","14:15:40",4818600
7.91,0.16,1000,"sd","14:15:39",4818500
7.91,0.16,5000,"sd","14:15:32",4817500
7.91,0.16,1000,"sd","14:15:31",4812500
7.91,0.16,10000,"sd","14:15:30",4811500
7.91,0.16,56000,"sd","14:15:24",4801500
7.92,0.17,1000,"sd","14:15:14",4745500
7.91,0.16,1000,"sd","14:14:59",4744500
7.91,0.16,1000,"sd","14:14:53",4743500
7.91,0.16,3000,"sd","14:14:38",4742500
7.91,0.16,7000,"sd","14:13:58",4739500
7.91,0.16,23900,"sd","14:13:40",4732500
7.95,0.2,62600,"bu","14:13:28",4708600
7.94,0.19,37400,"bu","14:13:28",4646000
7.94,0.19,1000,"sd","14:13:22",4608600
7.94,0.19,100,"sd","14:13:21",4607600
7.94,0.19,100,"sd","14:13:21",4607500
7.94,0.19,77900,"sd","14:13:20",4607400
7.94,0.19,10000,"sd","14:13:19",4529500
7.94,0.19,8500,"sd","14:13:17",4519500
7.94,0.19,100,"sd","14:13:16",4511000
7.94,0.19,1000,"sd","14:13:15",4510900
7.94,0.19,500,"sd","14:13:14",4509900
7.94,0.19,10000,"sd","14:13:09",4509400
7.94,0.19,1000,"sd","14:13:04",4499400
7.94,0.19,1000,"sd","14:13:03",4498400
7.94,0.19,100000,"sd","14:12:59",4497400
7.94,0.19,100,"sd","14:12:55",4397400
7.94,0.19,2000,"sd","14:12:33",4397300
7.94,0.19,100,"sd","14:12:27",4395300
7.94,0.19,1000,"sd","14:12:00",4395200
7.95,0.2,300,"bu","14:11:39",4394200
7.94,0.19,13500,"bu","14:11:19",4393900
7.93,0.18,26000,"bu","14:11:19",4380400
7.92,0.17,6100,"bu","14:11:19",4354400
7.92,0.17,1000,"bu","14:11:15",4348300
7.91,0.16,500,"sd","14:11:11",4347300
7.91,0.16,5000,"sd","14:10:58",4346800
7.91,0.16,100,"sd","14:10:48",4341800
7.91,0.16,5000,"sd","14:10:47",4341700
7.91,0.16,100,"sd","14:10:22",4336700
7.92,0.17,300,"bu","14:10:20",4336600
7.91,0.16,700,"sd","14:10:11",4336300
7.91,0.16,7400,"bu","14:09:58",4335600
7.9,0.15,20200,"bu","14:09:58",4328200
7.89,0.14,23500,"bu","14:09:58",4308000
7.88,0.13,9000,"bu","14:09:58",4284500
7.85,0.1,5000,"sd","14:09:49",4275500
7.85,0.1,200,"sd","14:08:41",4270500
7.85,0.1,300,"sd","14:08:09",4270300
7.89,0.14,500,"bu","14:07:02",4269300
7.89,0.14,1000,"bu","14:06:41",4268800
7.89,0.14,3900,"sd","14:06:37",4267800
7.89,0.14,30000,"sd","14:06:18",4263900
7.9,0.15,200,"bu","14:05:52",4233900
7.89,0.14,10000,"sd","14:05:50",4233700
7.89,0.14,50000,"sd","14:05:35",4223700
7.89,0.14,600,"sd","14:04:16",4173700
7.9,0.15,5000,"bu","14:04:15",4173100
7.89,0.14,300,"sd","14:03:18",4168100
7.89,0.14,100,"sd","14:02:52",4167800
7.9,0.15,2000,"sd","14:02:31",4167700
7.9,0.15,1000,"sd","14:02:14",4165700
7.91,0.16,6600,"bu","14:00:48",4164700
7.9,0.15,3400,"bu","14:00:48",4158100
7.9,0.15,16600,"sd","14:00:41",4154700
7.9,0.15,100,"sd","14:00:38",4138100
7.9,0.15,500,"sd","14:00:36",4138000
7.9,0.15,300,"sd","14:00:34",4137500
7.9,0.15,10000,"sd","14:00:25",4137200
7.9,0.15,3000,"sd","13:59:51",4127200
7.91,0.16,100,"bu","13:59:12",4124200
7.9,0.15,1000,"sd","13:59:12",4124100
7.9,0.15,100,"sd","13:59:04",4123100
7.91,0.16,3000,"bu","13:59:01",4123000
7.91,0.16,800,"sd","13:58:53",4120000
7.91,0.16,700,"sd","13:58:52",4119200
7.92,0.17,300,"bu","13:58:47",4118500
7.91,0.16,10000,"sd","13:58:45",4118200
7.92,0.17,500,"bu","13:58:43",4108200
7.91,0.16,300,"sd","13:58:36",4107700
7.91,0.16,42700,"sd","13:58:32",4107400
7.91,0.16,1000,"sd","13:58:22",4064700
7.91,0.16,500,"sd","13:58:17",4063700
7.9,0.15,200,"sd","13:57:36",4063200
7.9,0.15,21200,"bu","13:57:17",4063000
7.89,0.14,100,"sd","13:57:16",4041800
7.89,0.14,6000,"bu","13:56:42",4041700
7.89,0.14,1100,"bu","13:55:30",4035700
7.88,0.13,3900,"bu","13:55:30",4034600
7.87,0.12,3400,"bu","13:55:26",4030700
7.87,0.12,100,"bu","13:55:21",4027300
7.86,0.11,500,"sd","13:54:54",4027200
7.86,0.11,1500,"sd","13:54:18",4026700
7.87,0.12,100,"bu","13:54:16",4025200
7.87,0.12,100,"bu","13:54:00",4025100
7.88,0.13,1300,"sd","13:53:36",4025000
7.88,0.13,12600,"bu","13:53:35",4023700
7.87,0.12,100,"bu","13:53:35",4011100
7.85,0.1,3200,"bu","13:53:19",4011000
7.84,0.09,100,"bu","13:53:19",4007800
7.84,0.09,500,"bu","13:53:18",4007700
7.84,0.09,100,"bu","13:52:56",4007200
7.84,0.09,1000,"bu","13:52:32",4007100
7.84,0.09,1900,"bu","13:52:31",4006100
7.83,0.08,200,"bu","13:52:12",4004200
7.82,0.07,100,"sd","13:51:58",4004000
7.82,0.07,5300,"bu","13:51:50",4003900
7.81,0.06,3000,"bu","13:51:42",3998600
7.8,0.05,1000,"sd","13:51:39",3995600
7.8,0.05,11900,"bu","13:51:14",3994600
7.79,0.04,8400,"bu","13:51:00",3982700
7.79,0.04,2600,"bu","13:50:50",3974300
7.79,0.04,100,"bu","13:50:18",3971700
7.77,0.02,1100,"sd","13:49:58",3971600
7.77,0.02,2000,"sd","13:49:47",3970500
7.76,0.01,14000,"sd","13:48:27",3968500
7.76,0.01,400,"sd","13:48:27",3954500
7.77,0.02,100,"bu","13:48:27",3954100
7.77,0.02,500,"bu","13:48:25",3954000
7.77,0.02,8700,"sd","13:48:11",3953500
7.79,0.04,51300,"sd","13:48:11",3944800
7.79,0.04,8700,"bu","13:47:58",3893500
7.77,0.02,2100,"bu","13:47:48",3884800
7.77,0.02,1000,"bu","13:47:33",3882700
7.77,0.02,300,"bu","13:47:06",3881700
7.77,0.02,2000,"bu","13:46:59",3881400
7.77,0.02,600,"bu","13:46:53",3879400
7.77,0.02,4000,"sd","13:46:39",3878800
7.79,0.04,1500,"bu","13:46:08",3874800
7.77,0.02,100,"sd","13:43:33",3873300
7.77,0.02,9800,"bu","13:43:18",3873200
7.77,0.02,1800,"bu","13:43:06",3863400
7.77,0.02,5000,"bu","13:42:49",3861600
7.76,0.01,10000,"sd","13:42:41",3856600
7.76,0.01,10000,"sd","13:42:40",3846600
7.77,0.02,100,"bu","13:41:56",3836600
7.77,0.02,19300,"sd","13:41:34",3836500
7.79,0.04,100,"bu","13:41:28",3817200
7.77,0.02,10000,"sd","13:41:10",3817100
7.77,0.02,10000,"sd","13:41:04",3807100
7.77,0.02,30000,"sd","13:40:28",3797100
7.77,0.02,3000,"sd","13:40:08",3767100
7.77,0.02,5000,"sd","13:38:48",3764100
7.77,0.02,400,"sd","13:38:18",3759100
7.78,0.03,5600,"sd","13:38:18",3758700
7.79,0.04,1700,"sd","13:37:48",3753100
7.79,0.04,200,"sd","13:37:38",3751400
7.79,0.04,5700,"bu","13:37:11",3751200
7.79,0.04,100,"bu","13:37:03",3745500
7.79,0.04,10000,"bu","13:36:46",3745400
7.79,0.04,100,"bu","13:36:37",3735400
7.79,0.04,800,"bu","13:35:45",3735300
7.79,0.04,1000,"bu","13:35:44",3734500
7.79,0.04,6000,"bu","13:35:38",3733500
7.79,0.04,100,"bu","13:35:31",3727500
7.79,0.04,2000,"bu","13:34:39",3727400
7.79,0.04,1000,"bu","13:34:09",3725400
7.77,0.02,100,"bu","13:34:09",3724400
7.77,0.02,200,"bu","13:33:49",3724300
7.77,0.02,500,"bu","13:33:23",3724100
7.77,0.02,1200,"bu","13:33:20",3723600
7.76,0.01,10000,"sd","13:33:15",3722400
7.76,0.01,10000,"sd","13:32:48",3712400
7.76,0.01,8900,"sd","13:32:38",3702400
7.77,0.02,2000,"sd","13:32:38",3693500
7.8,0.05,1000,"bu","13:32:13",3691500
7.8,0.05,100,"bu","13:31:16",3690500
7.8,0.05,500,"bu","13:30:40",3690400
7.8,0.05,100,"bu","13:30:37",3689900
7.75,0,11700,"sd","13:30:31",3689800
7.76,0.01,600,"sd","13:30:31",3678100
7.77,0.02,100,"sd","13:30:31",3677500
7.8,0.05,500,"bu","13:30:15",3669800
7.8,0.05,500,"bu","13:29:52",3669300
7.8,0.05,100,"bu","13:29:46",3668800
7.79,0.04,100,"sd","13:29:36",3668700
7.8,0.05,1000,"bu","13:29:32",3668600
7.8,0.05,500,"bu","13:28:11",3667600
7.78,0.03,100,"sd","13:28:00",3667100
7.76,0.01,9700,"bu","13:27:58",3667000
7.75,0,1600,"sd","13:27:55",3657300
7.76,0.01,600,"bu","13:27:54",3655700
7.76,0.01,200,"bu","13:27:54",3655100
7.76,0.01,400,"bu","13:27:50",3651100
7.76,0.01,200,"bu","13:27:50",3650700
7.76,0.01,1000,"bu","13:27:47",3650500
7.76,0.01,6000,"bu","13:27:39",3649500
7.75,0,1000,"sd","13:27:35",3643500
7.75,0,300,"sd","13:27:27",3642500
7.75,0,500,"sd","13:27:12",3642200
7.75,0,100,"sd","13:27:05",3641700
7.76,0.01,2200,"sd","13:26:44",3641600
7.76,0.01,700,"sd","13:26:11",3639400
7.77,0.02,100,"sd","13:26:11",3638700
7.78,0.03,700,"sd","13:26:11",3638600
7.78,0.03,5000,"sd","13:26:08",3637900
7.78,0.03,2000,"sd","13:25:48",3632900
7.79,0.04,10000,"bu","13:25:47",3630900
7.79,0.04,100,"bu","13:25:29",3620900
7.78,0.03,1000,"sd","13:25:28",3620800
7.78,0.03,100,"sd","13:25:15",3619800
7.79,0.04,1400,"bu","13:25:13",3619700
7.78,0.03,2000,"sd","13:24:59",3618300
7.78,0.03,500,"sd","13:24:54",3616300
7.78,0.03,1000,"sd","13:24:44",3615800
7.78,0.03,200,"sd","13:24:33",3614800
7.78,0.03,4300,"sd","13:24:21",3614600
7.79,0.04,700,"sd","13:24:21",3610300
7.79,0.04,1800,"sd","13:24:19",3609600
7.79,0.04,500,"bu","13:24:11",3607800
7.78,0.03,4200,"sd","13:24:06",3607300
7.79,0.04,1500,"bu","13:24:05",3603100
7.79,0.04,2800,"sd","13:23:35",3601600
7.8,0.05,1400,"sd","13:23:10",3598800
7.8,0.05,500,"sd","13:23:03",3597400
7.81,0.06,100,"bu","13:23:00",3596900
7.8,0.05,800,"sd","13:22:49",3596800
7.8,0.05,1000,"sd","13:22:47",3596000
7.8,0.05,1000,"sd","13:22:40",3595000
7.8,0.05,500,"sd","13:22:36",3594000
7.8,0.05,200,"sd","13:22:25",3593500
7.8,0.05,900,"sd","13:22:17",3593300
7.8,0.05,500,"sd","13:22:13",3592400
7.8,0.05,1000,"sd","13:22:12",3591900
7.8,0.05,1000,"sd","13:22:11",3590900
7.8,0.05,5000,"sd","13:21:49",3589900
7.8,0.05,3000,"sd","13:21:45",3584900
7.8,0.05,300,"sd","13:21:43",3581900
7.8,0.05,200,"sd","13:21:23",3581600
7.81,0.06,100,"bu","13:21:11",3581400
7.81,0.06,3900,"sd","13:21:08",3581300
7.81,0.06,17000,"sd","13:21:04",3577400
7.81,0.06,1000,"sd","13:21:03",3560400
7.81,0.06,30000,"sd","13:21:01",3559400
7.81,0.06,5000,"sd","13:20:58",3529400
7.81,0.06,10000,"sd","13:20:57",3524400
7.81,0.06,600,"sd","13:20:55",3514400
7.81,0.06,1500,"sd","13:20:54",3513800
7.81,0.06,100,"sd","13:20:53",3512300
7.81,0.06,5000,"sd","13:20:50",3512200
7.81,0.06,5000,"sd","13:20:37",3507200
7.81,0.06,500,"sd","13:20:34",3502200
7.81,0.06,2000,"sd","13:20:31",3501700
7.81,0.06,6500,"sd","13:20:23",3499700
7.81,0.06,3000,"sd","13:20:19",3493200
7.81,0.06,10000,"sd","13:20:16",3490200
7.81,0.06,1900,"sd","13:20:14",3480200
7.81,0.06,8800,"sd","13:20:09",3478300
7.81,0.06,3900,"sd","13:20:08",3469500
7.81,0.06,10000,"sd","13:20:07",3465600
7.82,0.07,1200,"bu","13:20:06",3455600
7.81,0.06,2000,"sd","13:20:03",3454400
7.81,0.06,12000,"sd","13:19:49",3452400
7.82,0.07,200,"bu","13:19:32",3440400
7.82,0.07,100,"bu","13:19:26",3440200
7.82,0.07,3600,"sd","13:18:59",3440100
7.84,0.09,100,"bu","13:18:53",3436500
7.85,0.1,100,"bu","13:18:16",3436400
7.84,0.09,500,"sd","13:17:44",3436300
7.87,0.12,400,"sd","13:16:35",3435800
7.87,0.12,3200,"bu","13:16:33",3435400
7.85,0.1,6600,"bu","13:16:33",3432200
7.84,0.09,2700,"bu","13:16:33",3425600
7.85,0.1,3000,"bu","13:15:12",3422900
7.85,0.1,1000,"bu","13:15:09",3419900
7.84,0.09,1500,"sd","13:15:09",3418900
7.85,0.1,21000,"bu","13:14:40",3417400
7.84,0.09,900,"bu","13:14:38",3395800
7.84,0.09,500,"bu","13:14:22",3394900
7.84,0.09,400,"bu","13:14:10",3394400
7.82,0.07,2100,"bu","13:13:59",3394000
7.81,0.06,1900,"bu","13:13:51",3391900
7.8,0.05,31700,"bu","13:13:42",3390000
7.8,0.05,1000,"bu","13:13:39",3358300
7.8,0.05,1500,"bu","13:13:31",3357300
7.8,0.05,1000,"sd","13:13:26",3355800
7.8,0.05,600,"bu","13:13:25",3354800
7.8,0.05,900,"sd","13:13:24",3354200
7.8,0.05,600,"bu","13:13:22",3353300
7.8,0.05,6000,"bu","13:13:21",3352700
7.8,0.05,6000,"bu","13:13:18",3346700
7.8,0.05,6200,"bu","13:13:17",3340700
7.8,0.05,1000,"bu","13:13:12",3334500
7.8,0.05,500,"bu","13:13:01",3333500
7.8,0.05,200,"bu","13:12:57",3333000
7.8,0.05,5000,"bu","13:12:53",3332800
7.8,0.05,6000,"bu","13:12:47",3327800
7.8,0.05,600,"bu","13:12:41",3321800
7.8,0.05,100,"sd","13:11:42",3321200
7.8,0.05,9000,"bu","13:11:34",3321100
7.8,0.05,300,"bu","13:11:14",3312100
7.8,0.05,200,"sd","13:11:03",3311800
7.8,0.05,1000,"bu","13:10:53",3311600
7.76,0.01,5000,"sd","13:10:52",3310600
7.77,0.02,1000,"sd","13:10:39",3305600
7.77,0.02,1000,"sd","13:10:20",3304600
7.78,0.03,2000,"sd","13:09:44",3303600
7.81,0.06,15000,"bu","13:09:36",3301600
7.8,0.05,1700,"sd","13:09:33",3286600
7.8,0.05,10000,"sd","13:09:26",3284900
7.8,0.05,100,"sd","13:09:24",3274900
7.8,0.05,2000,"bu","13:09:15",3274800
7.79,0.04,2000,"sd","13:09:03",3272600
7.79,0.04,300,"sd","13:08:42",3270600
7.8,0.05,500,"bu","13:08:34",3270300
7.79,0.04,100,"sd","13:08:30",3269800
7.8,0.05,1700,"sd","13:07:48",3269700
7.8,0.05,300,"sd","13:07:02",3268000
7.8,0.05,300,"bu","13:06:59",3267700
7.79,0.04,200,"sd","13:06:24",3267400
7.79,0.04,9700,"bu","13:06:05",3267200
7.78,0.03,1000,"sd","13:05:30",3257500
7.79,0.04,800,"bu","13:05:26",3256500
7.78,0.03,500,"sd","13:05:24",3255700
7.78,0.03,2300,"bu","13:04:18",3255200
7.78,0.03,900,"bu","13:03:31",3252900
7.75,0,1900,"sd","13:03:15",3252000
7.76,0.01,200,"sd","13:03:15",3250100
7.77,0.02,1600,"sd","13:03:15",3249900
7.78,0.03,100,"sd","13:03:08",3248300
7.79,0.04,1700,"bu","13:02:40",3248200
7.79,0.04,400,"sd","13:02:15",3246500
7.81,0.06,2000,"bu","13:02:15",3246100
7.8,0.05,9300,"sd","13:01:08",3244100
7.8,0.05,1000,"sd","13:00:57",3234800
7.8,0.05,10000,"sd","13:00:54",3233800
7.8,0.05,100,"sd","13:00:46",3223800
7.8,0.05,1000,"sd","13:00:40",3223700
7.8,0.05,200,"sd","13:00:38",3222700
7.8,0.05,200,"sd","13:00:37",3222500
7.8,0.05,200,"sd","13:00:36",3222300
7.8,0.05,5000,"sd","13:00:31",3222100
7.8,0.05,2000,"sd","13:00:29",3217100
7.8,0.05,10000,"sd","13:00:21",3215100
7.8,0.05,2600,"sd","13:00:19",3205100
7.8,0.05,32000,"sd","13:00:17",3202500
7.8,0.05,3000,"sd","13:00:16",3170500
7.81,0.06,1800,"bu","13:00:14",3167500
7.8,0.05,20000,"sd","13:00:10",3165700
7.8,0.05,700,"sd","13:00:05",3145700
7.8,0.05,3500,"sd","13:00:04",3145000
7.81,0.06,400,"bu","13:00:04",3141500
7.8,0.05,20000,"sd","13:00:01",3141100
7.8,0.05,31000,"sd","13:00:00",3121100
7.81,0.06,300,"bu","13:00:00",3090100
7.8,0.05,700,"sd","11:29:59",3089800
7.8,0.05,1000,"sd","11:29:47",3088600
7.8,0.05,10000,"sd","11:29:44",3087600
7.8,0.05,500,"sd","11:29:36",3077600
7.8,0.05,2200,"sd","11:29:23",3077100
7.81,0.06,1200,"sd","11:29:11",3074900
7.81,0.06,32700,"sd","11:28:59",3073700
7.81,0.06,500,"sd","11:28:48",3041000
7.81,0.06,5000,"sd","11:28:10",3040500
7.85,0.1,800,"bu","11:26:03",3035500
7.84,0.09,200,"bu","11:26:03",3034700
7.81,0.06,5000,"sd","11:25:39",3034500
7.81,0.06,10200,"sd","11:25:21",3029500
7.81,0.06,200,"sd","11:25:18",3019200
7.84,0.09,100,"bu","11:25:08",3019000
7.84,0.09,500,"bu","11:25:06",3018900
7.84,0.09,300,"bu","11:24:44",3018400
7.84,0.09,1000,"bu","11:23:44",3018100
7.84,0.09,2900,"sd","11:23:30",3017100
7.85,0.1,200,"bu","11:23:15",3014200
7.84,0.09,4200,"sd","11:23:13",3014000
7.84,0.09,1000,"bu","11:22:27",3009800
7.83,0.08,500,"bu","11:21:28",3008800
7.83,0.08,100,"sd","11:21:15",3008300
7.83,0.08,400,"sd","11:21:04",3008200
7.83,0.08,100,"sd","11:20:43",3007800
7.81,0.06,9700,"sd","11:19:26",3007700
7.83,0.08,100,"sd","11:19:26",2998000
7.85,0.1,1000,"bu","11:17:29",2997700
7.85,0.1,1000,"bu","11:17:27",2996700
7.85,0.1,8800,"sd","11:17:01",2995700
7.87,0.12,2900,"sd","11:16:38",2986900
7.87,0.12,1000,"sd","11:16:11",2984000
7.87,0.12,100,"sd","11:16:06",2983000
7.88,0.13,7800,"sd","11:15:37",2982900
7.88,0.13,6100,"sd","11:15:20",2975100
7.88,0.13,4500,"sd","11:15:07",2969000
7.89,0.14,500,"bu","11:14:06",2964500
7.89,0.14,1000,"bu","11:11:49",2964000
7.88,0.13,500,"sd","11:11:30",2963000
7.89,0.14,2200,"sd","11:11:01",2962500
7.89,0.14,500,"sd","11:10:32",2960300
7.9,0.15,10000,"bu","11:09:28",2959800
7.9,0.15,1500,"sd","11:09:08",2949800
7.9,0.15,100,"sd","11:08:35",2948300
7.9,0.15,100,"bu","11:07:53",2948200
7.9,0.15,10000,"bu","11:07:46",2948100
7.91,0.16,1400,"sd","11:07:14",2938100
7.9,0.15,600,"bu","11:07:10",2936700
7.9,0.15,3400,"sd","11:07:08",2936100
7.9,0.15,5600,"sd","11:06:50",2932700
7.91,0.16,300,"sd","11:06:41",2927100
7.91,0.16,3000,"sd","11:06:35",2926800
7.91,0.16,4500,"sd","11:06:23",2923800
7.94,0.19,2500,"sd","11:05:56",2919300
7.94,0.19,100,"sd","11:05:54",2916800
7.94,0.19,500,"sd","11:05:43",2916700
7.94,0.19,4500,"sd","11:05:40",2916200
7.95,0.2,100,"sd","11:05:26",2911700
7.95,0.2,500,"sd","11:04:41",2911600
7.97,0.22,800,"bu","11:04:32",2911100
7.95,0.2,900,"sd","11:04:27",2910300
7.97,0.22,200,"bu","11:04:15",2909400
7.97,0.22,900,"sd","11:03:52",2909200
7.97,0.22,2000,"sd","11:03:51",2908300
7.97,0.22,1000,"sd","11:03:38",2906300
7.97,0.22,3100,"bu","11:03:37",2905300
7.95,0.2,500,"sd","11:03:26",2899200
7.95,0.2,200,"bu","11:03:05",2898700
7.95,0.2,5300,"bu","11:02:50",2898500
7.94,0.19,2400,"bu","11:02:39",2893200
7.92,0.17,700,"bu","11:02:27",2890800
7.91,0.16,700,"sd","11:02:17",2890100
7.91,0.16,3200,"bu","11:01:54",2889400
7.9,0.15,1000,"bu","11:01:31",2886200
7.89,0.14,8400,"bu","11:00:59",2885200
7.88,0.13,6500,"bu","11:00:47",2876800
7.81,0.06,1000,"sd","11:00:45",2870300
7.8,0.05,100,"sd","10:59:52",2869300
7.8,0.05,200,"sd","10:59:45",2869200
7.8,0.05,9300,"sd","10:59:23",2868900
7.81,0.06,300,"sd","10:59:23",2859600
7.82,0.07,1200,"sd","10:59:23",2859300
7.83,0.08,100,"sd","10:59:23",2858100
7.84,0.09,2500,"sd","10:59:23",2858000
7.85,0.1,400,"sd","10:59:23",2855500
7.86,0.11,100,"sd","10:59:23",2855100
7.87,0.12,1100,"sd","10:59:23",2855000
7.89,0.14,4100,"sd","10:59:13",2853900
7.89,0.14,5000,"sd","10:59:10",2849800
7.9,0.15,5000,"sd","10:59:02",2844800
7.9,0.15,100,"sd","10:58:54",2839800
7.9,0.15,500,"sd","10:58:50",2839700
7.9,0.15,5200,"sd","10:58:45",2839200
7.9,0.15,500,"sd","10:58:44",2834000
7.91,0.16,7000,"sd","10:58:35",2833500
7.91,0.16,200,"sd","10:58:35",2826500
7.92,0.17,300,"bu","10:58:23",2826300
7.91,0.16,10000,"sd","10:58:21",2826000
7.92,0.17,3000,"bu","10:58:10",2816000
7.92,0.17,300,"sd","10:58:00",2813000
7.92,0.17,1700,"sd","10:57:52",2812700
7.92,0.17,5300,"sd","10:57:50",2811000
7.92,0.17,1000,"sd","10:57:49",2805700
7.92,0.17,6000,"sd","10:57:44",2804700
7.92,0.17,2000,"sd","10:57:40",2798700
7.92,0.17,500,"sd","10:57:39",2796700
7.92,0.17,10000,"sd","10:57:28",2796200
7.92,0.17,900,"sd","10:57:02",2786200
7.93,0.18,700,"sd","10:57:02",2785300
7.93,0.18,100,"sd","10:56:56",2784600
7.93,0.18,200,"sd","10:56:55",2784500
7.94,0.19,100,"bu","10:56:43",2784300
7.93,0.18,100,"bu","10:56:34",2784200
7.93,0.18,400,"sd","10:56:27",2784100
7.94,0.19,5600,"sd","10:56:13",2783700
7.94,0.19,200,"sd","10:56:08",2778100
7.94,0.19,8300,"sd","10:56:01",2777900
7.94,0.19,2200,"sd","10:55:56",2769600
7.94,0.19,10000,"sd","10:55:52",2767400
7.94,0.19,1900,"sd","10:55:50",2757400
7.94,0.19,100,"sd","10:55:41",2755500
7.94,0.19,500,"sd","10:55:23",2755400
7.95,0.2,20400,"sd","10:55:22",2754900
7.95,0.2,2000,"sd","10:55:18",2734500
7.95,0.2,22000,"sd","10:55:16",2732500
7.95,0.2,500,"sd","10:54:57",2710500
7.95,0.2,200,"sd","10:54:50",2710000
7.96,0.21,25400,"sd","10:54:32",2709800
7.96,0.21,1000,"sd","10:54:28",2684400
7.96,0.21,5000,"sd","10:54:22",2683400
7.96,0.21,3600,"sd","10:54:21",2678400
7.97,0.22,500,"sd","10:54:05",2674800
7.98,0.23,100,"sd","10:53:51",2674300
7.99,0.24,3500,"bu","10:53:51",2674200
7.98,0.23,10000,"sd","10:53:49",2670700
7.98,0.23,200,"sd","10:53:49",2660700
7.98,0.23,2000,"sd","10:53:47",2660500
7.98,0.23,500,"sd","10:53:45",2658500
7.99,0.24,200,"bu","10:53:42",2658000
7.98,0.23,3000,"sd","10:53:41",2657800
7.98,0.23,1000,"sd","10:53:40",2654800
7.98,0.23,2500,"sd","10:53:39",2653800
7.98,0.23,16200,"sd","10:53:32",2650800
7.98,0.23,2000,"sd","10:53:30",2634600
7.99,0.24,200,"bu","10:53:28",2632600
7.98,0.23,3000,"sd","10:53:27",2632400
7.98,0.23,20100,"sd","10:53:26",2629400
7.99,0.24,600,"sd","10:53:10",2609300
7.99,0.24,300,"sd","10:53:06",2608700
7.99,0.24,260000,"sd","10:53:01",2608400
7.99,0.24,1000,"sd","10:52:59",2348400
7.99,0.24,100,"sd","10:52:54",2347400
7.99,0.24,3000,"sd","10:52:51",2347300
7.99,0.24,800,"sd","10:52:47",2344300
8,0.25,100,"bu","10:52:33",2343500
7.99,0.24,4000,"sd","10:52:30",2343400
8,0.25,100,"bu","10:52:22",2339400
8,0.25,100,"bu","10:52:11",2339300
7.99,0.24,100,"sd","10:51:59",2339200
8,0.25,400,"bu","10:51:58",2339100
7.99,0.24,500,"sd","10:51:55",2338700
7.99,0.24,500,"sd","10:51:40",2338200
7.99,0.24,2000,"sd","10:51:30",2337700
8,0.25,300,"bu","10:51:16",2335700
8,0.25,1000,"bu","10:51:07",2335400
8,0.25,2000,"bu","10:50:58",2334400
7.99,0.24,10000,"sd","10:50:56",2332400
7.99,0.24,23000,"sd","10:50:46",2322400
8,0.25,100,"bu","10:50:41",2299400
8,0.25,700,"bu","10:50:30",2299300
8,0.25,10000,"bu","10:50:27",2298600
8,0.25,20000,"bu","10:50:11",2288600
8,0.25,3000,"bu","10:50:07",2268600
8,0.25,1000,"bu","10:50:06",2265600
8,0.25,600,"bu","10:50:00",2264600
8,0.25,2800,"bu","10:49:58",2264000
8,0.25,200,"bu","10:49:51",2261200
8,0.25,100,"bu","10:49:30",2261000
8,0.25,1000,"bu","10:49:26",2260900
8,0.25,3100,"bu","10:49:25",2259900
8,0.25,1700,"bu","10:49:14",2256800
8,0.25,100,"bu","10:49:11",2255100
8,0.25,1500,"bu","10:49:10",2255000
8,0.25,2500,"bu","10:49:01",2253500
8,0.25,1000,"bu","10:48:50",2251000
8,0.25,3400,"bu","10:48:42",2250000
8,0.25,2000,"bu","10:48:37",2246600
8,0.25,4000,"bu","10:48:34",2244600
8,0.25,300,"bu","10:48:29",2240600
8,0.25,2100,"bu","10:48:23",2240300
8,0.25,1600,"bu","10:48:10",2238200
8,0.25,1000,"bu","10:48:06",2236600
7.99,0.24,100,"sd","10:48:05",2235600
8,0.25,3000,"bu","10:47:59",2235500
8,0.25,300,"bu","10:47:52",2232200
8,0.25,4200,"bu","10:47:44",2231900
8,0.25,200,"bu","10:47:37",2227700
8,0.25,2900,"bu","10:47:34",2227500
8,0.25,100,"bu","10:47:33",2224600
7.99,0.24,3000,"sd","10:47:29",2224500
8,0.25,3100,"bu","10:47:21",2221500
8,0.25,300,"bu","10:47:18",2218400
8,0.25,100,"bu","10:47:09",2218100
8,0.25,2200,"bu","10:47:08",2218000
8,0.25,100,"bu","10:47:05",2215800
8,0.25,300,"bu","10:47:02",2215700
8,0.25,25700,"bu","10:47:01",2215400
8,0.25,4700,"bu","10:47:00",2189700
8,0.25,2500,"bu","10:46:53",2185000
8,0.25,3000,"bu","10:46:51",2182500
8,0.25,200,"bu","10:46:50",2179500
8,0.25,300,"bu","10:46:47",2179300
8,0.25,3100,"bu","10:46:40",2179000
8,0.25,3000,"bu","10:46:36",2175900
8,0.25,3200,"bu","10:46:32",2172900
8,0.25,3500,"bu","10:46:26",2169700
8,0.25,200,"bu","10:46:25",2166200
8,0.25,300,"bu","10:46:19",2166000
8,0.25,9200,"bu","10:46:17",2165700
8,0.25,5000,"bu","10:46:16",2156500
8,0.25,600,"bu","10:46:12",2151500
7.99,0.24,100,"sd","10:46:09",2150900
7.99,0.24,1500,"sd","10:45:46",2150800
8,0.25,200,"bu","10:45:45",2149300
7.99,0.24,1000,"sd","10:45:42",2149100
7.99,0.24,46800,"bu","10:45:31",2148100
7.98,0.23,5800,"bu","10:45:22",2101300
7.98,0.23,4000,"bu","10:45:21",2095500
7.98,0.23,5000,"bu","10:45:19",2091500
7.98,0.23,3500,"bu","10:45:14",2086500
7.98,0.23,2400,"bu","10:45:09",2083000
7.98,0.23,1500,"bu","10:45:07",2080600
7.98,0.23,2000,"bu","10:45:00",2079100
7.97,0.22,500,"sd","10:44:59",2077100
7.97,0.22,700,"sd","10:44:52",2076600
7.97,0.22,200,"bu","10:44:51",2075900
7.97,0.22,800,"sd","10:44:49",2075700
7.97,0.22,3300,"sd","10:44:47",2074900
7.97,0.22,100,"sd","10:44:44",2071600
7.97,0.22,100,"sd","10:44:08",2071500
7.97,0.22,1800,"sd","10:43:49",2071400
7.97,0.22,25000,"bu","10:43:46",2069600
7.97,0.22,1500,"bu","10:43:40",2044600
7.97,0.22,100,"bu","10:42:56",2043100
7.97,0.22,1500,"bu","10:42:52",2043000
7.97,0.22,2000,"bu","10:42:41",2041500
7.97,0.22,5000,"bu","10:42:28",2039500
7.97,0.22,100,"bu","10:41:59",2034500
7.97,0.22,100,"bu","10:41:38",2034400
7.97,0.22,500,"bu","10:40:30",2034300
7.97,0.22,800,"bu","10:40:22",2033800
7.97,0.22,700,"bu","10:40:21",2033000
7.97,0.22,1200,"bu","10:40:17",2032300
7.96,0.21,10000,"sd","10:40:11",2031100
7.96,0.21,5000,"sd","10:40:01",2021100
7.96,0.21,2500,"sd","10:40:00",2016100
7.96,0.21,3500,"bu","10:39:54",2013600
7.96,0.21,1200,"bu","10:39:35",2010100
7.96,0.21,1000,"bu","10:39:30",2008900
7.96,0.21,2000,"bu","10:39:29",2007900
7.96,0.21,2000,"bu","10:39:13",2005900
7.96,0.21,10000,"bu","10:39:05",2003900
7.96,0.21,5800,"bu","10:38:45",1993900
7.95,0.2,5000,"sd","10:38:20",1988100
7.95,0.2,200,"sd","10:38:03",1983100
7.96,0.21,300,"bu","10:37:42",1982900
7.95,0.2,2300,"sd","10:37:37",1981900
7.95,0.2,100,"sd","10:37:36",1979600
7.95,0.2,6100,"sd","10:37:24",1979500
7.95,0.2,100,"sd","10:36:16",1973400
7.95,0.2,5000,"sd","10:36:10",1973300
7.95,0.2,2000,"sd","10:36:06",1968300
7.95,0.2,10500,"sd","10:35:56",1966300
7.95,0.2,100,"sd","10:35:47",1955800
7.95,0.2,1000,"sd","10:35:46",1955700
7.95,0.2,500,"sd","10:35:28",1954700
7.95,0.2,17000,"bu","10:34:51",1954200
7.95,0.2,10000,"bu","10:34:41",1937200
7.95,0.2,5000,"bu","10:34:35",1927200
7.94,0.19,500,"sd","10:34:30",1922200
7.95,0.2,400,"bu","10:34:25",1921700
7.95,0.2,5000,"bu","10:34:05",1921300
7.95,0.2,9800,"bu","10:34:00",1916300
7.95,0.2,3000,"bu","10:33:44",1906500
7.95,0.2,2000,"bu","10:33:43",1903500
7.95,0.2,4500,"bu","10:33:38",1901500
7.95,0.2,18800,"bu","10:33:37",1897000
7.95,0.2,9000,"bu","10:33:30",1878200
7.95,0.2,100,"bu","10:33:27",1869200
7.95,0.2,300,"bu","10:33:16",1869100
7.95,0.2,1000,"bu","10:33:10",1868800
7.95,0.2,200,"bu","10:33:03",1867800
7.95,0.2,10000,"bu","10:32:58",1867600
7.95,0.2,1000,"bu","10:32:51",1857600
7.95,0.2,1400,"bu","10:32:50",1856600
7.95,0.2,300,"bu","10:32:48",1855200
7.95,0.2,1000,"bu","10:32:31",1854900
7.95,0.2,1000,"bu","10:32:23",1853900
7.95,0.2,3000,"bu","10:32:13",1852900
7.95,0.2,4500,"bu","10:31:56",1849900
7.95,0.2,2000,"bu","10:31:28",1845400
7.94,0.19,100,"sd","10:31:27",1843400
7.95,0.2,2000,"bu","10:31:25",1843300
7.95,0.2,1000,"bu","10:31:23",1841300
7.95,0.2,3000,"bu","10:31:13",1840300
7.95,0.2,800,"bu","10:31:12",1837300
7.94,0.19,100,"sd","10:30:52",1836500
7.94,0.19,1000,"sd","10:30:40",1836400
7.94,0.19,21600,"bu","10:30:28",1835400
7.93,0.18,33700,"bu","10:30:28",1813800
7.93,0.18,2800,"bu","10:30:02",1780100
7.93,0.18,2000,"bu","10:29:37",1777300
7.92,0.17,10000,"sd","10:29:34",1775300
7.92,0.17,1000,"sd","10:29:04",1765300
7.92,0.17,400,"sd","10:27:49",1764300
7.93,0.18,3500,"bu","10:26:56",1763900
7.93,0.18,1500,"bu","10:26:54",1760400
7.93,0.18,700,"bu","10:26:18",1758900
7.93,0.18,3000,"bu","10:26:01",1758200
7.93,0.18,2000,"bu","10:26:00",1755200
7.92,0.17,1000,"sd","10:25:59",1753200
7.92,0.17,1100,"sd","10:25:54",1752200
7.92,0.17,1200,"sd","10:25:23",1751100
7.92,0.17,100,"sd","10:25:08",1749900
7.92,0.17,5000,"sd","10:24:58",1749800
7.92,0.17,3500,"bu","10:24:58",1744800
7.92,0.17,1900,"sd","10:24:48",1741300
7.92,0.17,1000,"sd","10:24:45",1739400
7.92,0.17,5000,"sd","10:24:41",1738400
7.92,0.17,100,"sd","10:24:36",1733400
7.91,0.16,2200,"sd","10:24:07",1733300
7.92,0.17,1200,"sd","10:24:07",1731100
7.92,0.17,400,"bu","10:23:51",1729900
7.92,0.17,100,"bu","10:23:49",1729500
7.92,0.17,5000,"bu","10:23:47",1729400
7.92,0.17,1500,"bu","10:23:26",1724400
7.92,0.17,4000,"bu","10:23:20",1722900
7.92,0.17,100,"bu","10:22:37",1718900
7.92,0.17,3900,"sd","10:22:25",1718800
7.92,0.17,1000,"sd","10:22:15",1714900
7.92,0.17,1000,"sd","10:21:57",1713900
7.92,0.17,5000,"sd","10:21:20",1712900
7.93,0.18,800,"bu","10:21:08",1707900
7.92,0.17,500,"sd","10:21:05",1707100
7.92,0.17,3000,"sd","10:20:19",1706600
7.93,0.18,100,"bu","10:19:56",1703600
7.92,0.17,1000,"sd","10:19:35",1703500
7.93,0.18,100,"bu","10:19:11",1702500
7.92,0.17,1000,"sd","10:19:02",1702400
7.92,0.17,1000,"sd","10:18:27",1701400
7.92,0.17,18200,"bu","10:18:25",1700400
7.92,0.17,100,"bu","10:18:24",1682200
7.91,0.16,3000,"sd","10:17:25",1682100
7.91,0.16,2600,"bu","10:17:22",1679100
7.9,0.15,400,"sd","10:17:18",1676500
7.9,0.15,5000,"sd","10:17:14",1676100
7.9,0.15,100,"sd","10:16:56",1671100
7.9,0.15,500,"sd","10:16:47",1671000
7.9,0.15,100,"sd","10:16:43",1670500
7.9,0.15,700,"sd","10:16:42",1670400
7.9,0.15,100,"sd","10:16:19",1669700
7.9,0.15,3100,"bu","10:15:56",1669600
7.9,0.15,200,"sd","10:15:17",1666500
7.9,0.15,2100,"sd","10:15:15",1666300
7.9,0.15,3000,"sd","10:15:11",1664200
7.9,0.15,200,"sd","10:15:01",1661200
7.9,0.15,1000,"sd","10:14:56",1661000
7.9,0.15,1000,"sd","10:14:45",1660000
7.9,0.15,3000,"sd","10:14:43",1659000
7.9,0.15,35600,"sd","10:14:28",1656000
7.91,0.16,1100,"sd","10:14:03",1620400
7.91,0.16,1800,"sd","10:14:03",1619300
7.91,0.16,700,"sd","10:13:20",1617500
7.92,0.17,100,"bu","10:13:12",1616800
7.92,0.17,700,"sd","10:12:56",1616700
7.93,0.18,200,"bu","10:12:24",1616000
7.9,0.15,19400,"sd","10:12:23",1615800
7.91,0.16,6000,"sd","10:12:23",1596400
7.91,0.16,1400,"sd","10:12:22",1590400
7.92,0.17,14900,"bu","10:12:05",1565800
7.91,0.16,100,"sd","10:11:22",1550900
7.91,0.16,2500,"bu","10:11:07",1550800
7.91,0.16,19500,"bu","10:11:03",1548300
7.91,0.16,5500,"bu","10:11:02",1528800
7.9,0.15,120800,"bu","10:10:40",1523300
7.9,0.15,1000,"bu","10:10:15",1402500
7.9,0.15,10000,"bu","10:10:04",1401500
7.9,0.15,800,"bu","10:09:49",1391500
7.9,0.15,100,"bu","10:09:33",1390700
7.9,0.15,100,"bu","10:09:21",1390600
7.9,0.15,100,"bu","10:09:12",1390500
7.9,0.15,100,"bu","10:09:04",1390400
7.9,0.15,100,"bu","10:08:55",1390300
7.9,0.15,300,"bu","10:08:49",1390200
7.9,0.15,100,"bu","10:08:39",1389900
7.89,0.14,100,"sd","10:08:31",1389800
7.89,0.14,100,"sd","10:08:27",1389700
7.89,0.14,100,"sd","10:07:52",1389600
7.89,0.14,2000,"sd","10:07:00",1389500
7.9,0.15,13500,"bu","10:06:57",1387500
7.9,0.15,8400,"bu","10:06:35",1374000
7.89,0.14,100,"sd","10:06:21",1365600
7.89,0.14,1200,"bu","10:06:13",1365500
7.89,0.14,20600,"bu","10:06:12",1364300
7.89,0.14,2000,"bu","10:06:04",1343700
7.88,0.13,200,"bu","10:06:01",1338200
7.88,0.13,100,"bu","10:05:46",1338000
7.88,0.13,400,"bu","10:05:45",1337900
7.88,0.13,200,"bu","10:05:35",1337500
7.88,0.13,300,"bu","10:05:30",1337300
7.88,0.13,200,"bu","10:05:20",1337000
7.88,0.13,200,"bu","10:05:04",1336800
7.88,0.13,200,"bu","10:04:48",1336600
7.88,0.13,200,"bu","10:04:35",1336400
7.87,0.12,1000,"sd","10:04:33",1336200
7.88,0.13,25200,"bu","10:04:30",1335200
7.88,0.13,500,"bu","10:04:11",1310000
7.87,0.12,300,"sd","10:03:51",1309500
7.88,0.13,5200,"bu","10:03:50",1309200
7.88,0.13,200,"bu","10:03:47",1304000
7.88,0.13,3000,"bu","10:03:27",1303800
7.87,0.12,1100,"sd","10:03:23",1300800
7.88,0.13,2000,"bu","10:03:20",1299700
7.87,0.12,2100,"bu","10:02:54",1297700
7.87,0.12,20000,"bu","10:02:48",1295600
7.86,0.11,1000,"sd","10:02:42",1275600
7.87,0.12,2600,"bu","10:02:37",1274600
7.87,0.12,300,"sd","10:02:06",1272000
7.87,0.12,2500,"sd","10:01:50",1271700
7.87,0.12,1000,"sd","10:01:45",1269200
7.87,0.12,5000,"sd","10:01:44",1268200
7.87,0.12,5000,"sd","10:01:18",1263200
7.87,0.12,100,"sd","10:01:06",1258200
7.87,0.12,2000,"sd","10:01:01",1258100
7.87,0.12,2000,"sd","10:00:56",1256100
7.87,0.12,100,"sd","10:00:41",1254100
7.87,0.12,500,"sd","10:00:40",1254000
7.87,0.12,1000,"sd","10:00:18",1253500
7.87,0.12,2000,"sd","10:00:15",1252500
7.87,0.12,500,"sd","09:59:57",1250500
7.88,0.13,2400,"bu","09:59:55",1250000
7.87,0.12,1000,"sd","09:59:52",1247600
7.87,0.12,500,"sd","09:59:50",1246600
7.87,0.12,1000,"sd","09:59:40",1246100
7.87,0.12,100,"sd","09:59:34",1245100
7.87,0.12,500,"sd","09:59:27",1245000
7.87,0.12,500,"sd","09:59:11",1244500
7.87,0.12,4300,"bu","09:59:06",1244000
7.87,0.12,300,"bu","09:59:04",1239700
7.87,0.12,500,"bu","09:58:39",1239400
7.85,0.1,100,"bu","09:58:21",1238900
7.85,0.1,600,"bu","09:58:11",1238800
7.85,0.1,100,"sd","09:57:53",1238200
7.85,0.1,200,"sd","09:57:51",1238100
7.85,0.1,1700,"bu","09:57:23",1237900
7.85,0.1,200,"bu","09:57:19",1236200
7.85,0.1,1200,"sd","09:56:20",1236000
7.85,0.1,2000,"sd","09:55:58",1234800
7.88,0.13,19300,"bu","09:55:38",1232800
7.87,0.12,600,"bu","09:55:38",1213500
7.87,0.12,3900,"sd","09:55:35",1212900
7.87,0.12,200,"sd","09:55:31",1209000
7.87,0.12,500,"sd","09:55:27",1208800
7.87,0.12,100,"sd","09:55:24",1208300
7.87,0.12,1000,"sd","09:55:23",1208200
7.87,0.12,500,"sd","09:55:18",1207200
7.87,0.12,1500,"sd","09:55:08",1206700
7.87,0.12,500,"sd","09:54:39",1205200
7.87,0.12,800,"sd","09:54:35",1204700
7.87,0.12,1300,"sd","09:54:26",1203900
7.88,0.13,500,"sd","09:54:21",1201900
7.88,0.13,700,"bu","09:54:12",1201400
7.87,0.12,500,"sd","09:54:06",1200700
7.88,0.13,200,"bu","09:54:02",1200200
7.88,0.13,100,"sd","09:53:59",1200000
7.88,0.13,500,"sd","09:53:58",1199900
7.88,0.13,200,"sd","09:53:53",1199400
7.88,0.13,100,"sd","09:53:52",1199200
7.88,0.13,100,"bu","09:53:50",1199100
7.87,0.12,5000,"sd","09:53:50",1199000
7.88,0.13,900,"sd","09:53:46",1194000
7.9,0.15,9300,"bu","09:53:43",1193100
7.88,0.13,100,"sd","09:53:26",1183800
7.89,0.14,100,"sd","09:53:26",1183700
7.9,0.15,1000,"bu","09:53:24",1183600
7.87,0.12,11600,"sd","09:53:24",1182600
7.88,0.13,4100,"sd","09:53:24",1171000
7.89,0.14,4300,"sd","09:53:24",1166900
7.89,0.14,15700,"bu","09:53:12",1162600
7.88,0.13,1500,"bu","09:53:07",1146900
7.88,0.13,200,"bu","09:53:04",1145400
7.88,0.13,10000,"bu","09:52:54",1145200
7.87,0.12,46200,"bu","09:52:48",1135200
7.85,0.1,12900,"bu","09:52:44",1073900
7.84,0.09,1900,"bu","09:52:44",1061000
7.83,0.08,100,"sd","09:52:35",1059100
7.83,0.08,6100,"bu","09:52:31",1059000
7.82,0.07,12800,"bu","09:52:25",1052900
7.82,0.07,100,"bu","09:52:24",1040100
7.81,0.06,3000,"sd","09:52:16",1040000
7.81,0.06,7100,"bu","09:52:02",1037000
7.8,0.05,16800,"bu","09:52:02",1029900
7.8,0.05,11600,"bu","09:51:58",1013100
7.77,0.02,5400,"bu","09:51:58",1001500
7.77,0.02,6000,"bu","09:51:55",996100
7.77,0.02,300,"bu","09:51:53",990100
7.76,0.01,300,"sd","09:51:47",989800
7.77,0.02,600,"bu","09:51:46",989500
7.77,0.02,1700,"bu","09:51:13",988900
7.77,0.02,1000,"bu","09:50:48",987200
7.77,0.02,6100,"sd","09:50:44",986200
7.77,0.02,3000,"sd","09:50:41",980100
7.77,0.02,1400,"sd","09:49:37",977100
7.8,0.05,3800,"bu","09:48:26",975700
7.8,0.05,2400,"bu","09:48:25",971900
7.79,0.04,3800,"bu","09:48:25",969500
7.8,0.05,600,"bu","09:47:40",965700
7.79,0.04,400,"bu","09:47:40",965100
7.8,0.05,100,"bu","09:46:36",964700
7.79,0.04,600,"bu","09:46:36",964600
7.8,0.05,2300,"bu","09:46:01",964000
7.8,0.05,400,"bu","09:45:56",961700
7.8,0.05,9700,"bu","09:45:43",961300
7.79,0.04,300,"bu","09:45:43",951600
7.8,0.05,500,"bu","09:45:31",951300
7.8,0.05,700,"bu","09:45:30",950800
7.8,0.05,4500,"bu","09:45:29",950100
7.8,0.05,100,"bu","09:45:22",945600
7.8,0.05,10000,"bu","09:45:19",945500
7.8,0.05,5000,"bu","09:45:19",935500
7.8,0.05,1600,"bu","09:45:15",930500
7.79,0.04,1000,"bu","09:45:15",928900
7.79,0.04,200,"bu","09:45:00",927900
7.78,0.03,100,"sd","09:44:46",927700
7.78,0.03,11000,"bu","09:44:28",927600
7.76,0.01,3500,"sd","09:44:27",916600
7.77,0.02,1500,"sd","09:44:27",913100
7.77,0.02,500,"bu","09:44:21",911600
7.76,0.01,2500,"bu","09:44:05",911100
7.75,0,20200,"bu","09:44:05",908600
7.73,-0.02,700,"bu","09:43:56",888400
7.73,-0.02,2000,"bu","09:43:11",887700
7.73,-0.02,25500,"bu","09:42:52",885700
7.72,-0.03,265400,"bu","09:42:52",860200
7.7,-0.05,9100,"bu","09:42:52",594800
7.69,-0.06,800,"sd","09:42:49",585700
7.69,-0.06,1800,"sd","09:42:44",584900
7.69,-0.06,900,"sd","09:42:29",583100
7.7,-0.05,3000,"bu","09:42:10",582200
7.69,-0.06,100,"sd","09:42:10",579200
7.7,-0.05,500,"bu","09:41:59",579100
7.7,-0.05,200,"bu","09:41:47",578600
7.7,-0.05,200,"bu","09:41:36",578400
7.7,-0.05,500,"bu","09:41:26",578200
7.69,-0.06,100,"sd","09:41:26",577700
7.7,-0.05,200,"bu","09:41:00",577600
7.7,-0.05,1900,"sd","09:40:30",577400
7.7,-0.05,5700,"sd","09:40:23",575500
7.7,-0.05,100,"sd","09:40:12",569800
7.72,-0.03,200,"bu","09:40:07",568800
7.71,-0.04,300,"bu","09:40:07",568600
7.71,-0.04,1900,"bu","09:40:01",568300
7.71,-0.04,9500,"sd","09:39:47",566400
7.71,-0.04,3000,"sd","09:39:36",556900
7.71,-0.04,800,"sd","09:39:32",553900
7.72,-0.03,100,"bu","09:39:31",553100
7.71,-0.04,1000,"sd","09:39:28",553000
7.71,-0.04,5000,"sd","09:39:20",552000
7.71,-0.04,7000,"sd","09:39:13",547000
7.72,-0.03,500,"bu","09:38:34",540000
7.72,-0.03,6300,"sd","09:38:22",539500
7.72,-0.03,600,"bu","09:38:05",533200
7.72,-0.03,4400,"sd","09:37:52",532600
7.72,-0.03,1000,"sd","09:37:50",528200
7.72,-0.03,1500,"sd","09:37:47",527200
7.72,-0.03,300,"bu","09:37:21",525700
7.72,-0.03,500,"bu","09:37:00",525400
7.72,-0.03,200,"sd","09:36:58",524900
7.73,-0.02,100,"bu","09:36:20",524700
7.73,-0.02,500,"bu","09:35:01",524600
7.73,-0.02,2500,"bu","09:34:55",524100
7.73,-0.02,300,"bu","09:32:55",521600
7.73,-0.02,100,"sd","09:32:41",521300
7.73,-0.02,500,"sd","09:32:28",521200
7.75,0,100,"bu","09:32:27",520700
7.73,-0.02,10000,"sd","09:32:04",520600
7.73,-0.02,100,"sd","09:31:35",510600
7.73,-0.02,400,"sd","09:31:23",510500
7.73,-0.02,3000,"sd","09:30:58",510100
7.75,0,5100,"bu","09:30:49",507100
7.73,-0.02,100,"sd","09:30:06",502000
7.73,-0.02,1400,"sd","09:30:02",501900
7.73,-0.02,7200,"bu","09:29:58",500500
7.73,-0.02,200,"bu","09:29:39",493300
7.72,-0.03,400,"bu","09:29:39",493100
7.72,-0.03,100,"sd","09:29:38",492700
7.73,-0.02,1000,"bu","09:29:07",492600
7.73,-0.02,200,"bu","09:29:03",491600
7.73,-0.02,400,"bu","09:28:52",491400
7.73,-0.02,3700,"bu","09:28:32",491000
7.73,-0.02,500,"sd","09:27:53",487300
7.71,-0.04,1000,"sd","09:27:41",486800
7.75,0,500,"bu","09:27:28",485800
7.75,0,2300,"sd","09:27:10",485300
7.75,0,300,"sd","09:26:46",483000
7.75,0,1000,"sd","09:26:43",482700
7.75,0,1000,"sd","09:26:40",481700
7.75,0,200,"sd","09:26:34",480700
7.75,0,200,"sd","09:26:32",480500
7.75,0,300,"sd","09:26:24",480300
7.75,0,2000,"sd","09:26:23",480000
7.75,0,3000,"sd","09:26:09",478000
7.76,0.01,3600,"sd","09:26:09",475000
7.78,0.03,2100,"sd","09:26:00",471400
7.78,0.03,500,"sd","09:25:56",469300
7.78,0.03,500,"sd","09:25:55",468800
7.78,0.03,5000,"sd","09:25:53",468300
7.78,0.03,700,"sd","09:25:49",463300
7.78,0.03,3000,"sd","09:25:46",462600
7.78,0.03,300,"sd","09:25:43",459600
7.78,0.03,800,"sd","09:25:31",459300
7.78,0.03,1000,"sd","09:25:23",458500
7.78,0.03,1000,"sd","09:25:11",457500
7.8,0.05,300,"sd","09:24:36",456500
7.8,0.05,200,"sd","09:24:35",456200
7.8,0.05,2000,"sd","09:24:34",456000
7.8,0.05,500,"sd","09:24:33",454000
7.8,0.05,500,"sd","09:24:32",453500
7.8,0.05,8000,"sd","09:24:30",453000
7.8,0.05,100,"sd","09:24:26",445000
7.8,0.05,5000,"sd","09:24:25",444900
7.8,0.05,7000,"sd","09:24:20",439900
7.8,0.05,500,"sd","09:24:17",432900
7.8,0.05,100,"sd","09:24:16",432400
7.8,0.05,5500,"sd","09:24:14",432300
7.8,0.05,11000,"sd","09:24:10",426800
7.8,0.05,2000,"sd","09:24:10",415800
7.81,0.06,32400,"sd","09:23:58",413800
7.81,0.06,100,"sd","09:23:44",381400
7.81,0.06,300,"sd","09:22:41",381300
7.81,0.06,1900,"sd","09:22:24",381000
7.81,0.06,1500,"sd","09:22:12",379100
7.81,0.06,300,"sd","09:22:02",377600
7.81,0.06,1000,"sd","09:21:46",377300
7.85,0.1,400,"bu","09:21:45",376300
7.84,0.09,2600,"bu","09:21:45",375900
7.83,0.08,4000,"bu","09:21:45",373300
7.81,0.06,10000,"sd","09:21:36",369300
7.81,0.06,13200,"bu","09:21:34",359300
7.8,0.05,300,"sd","09:21:32",346100
7.81,0.06,6800,"sd","09:21:17",345800
7.81,0.06,1000,"sd","09:21:05",339000
7.81,0.06,300,"sd","09:20:41",338000
7.82,0.07,200,"sd","09:20:41",337700
7.84,0.09,1300,"bu","09:20:31",337500
7.83,0.08,3700,"bu","09:20:31",336200
7.81,0.06,400,"sd","09:20:23",332500
7.81,0.06,300,"sd","09:19:45",331500
7.81,0.06,100,"sd","09:19:41",331200
7.81,0.06,400,"sd","09:19:39",331100
7.81,0.06,12000,"sd","09:19:37",330700
7.81,0.06,800,"sd","09:19:27",318700
7.82,0.07,1200,"sd","09:19:27",317900
7.84,0.09,500,"bu","09:19:10",316700
7.84,0.09,8400,"sd","09:19:05",316200
7.86,0.11,3000,"bu","09:18:36",307800
7.87,0.12,800,"bu","09:17:09",304800
7.88,0.13,800,"bu","09:16:59",304000
7.87,0.12,200,"bu","09:16:59",303200
7.87,0.12,100,"bu","09:16:52",303000
7.87,0.12,2200,"sd","09:16:43",302900
7.88,0.13,100,"bu","09:16:39",300700
7.87,0.12,2200,"sd","09:16:33",300600
7.87,0.12,5800,"bu","09:16:24",298400
7.87,0.12,300,"bu","09:16:23",292600
7.81,0.06,1000,"sd","09:16:17",292300
7.8,0.05,75000,"sd","09:16:02",291300
7.8,0.05,8200,"sd","09:15:56",216300
7.8,0.05,6100,"sd","09:15:55",208100
7.8,0.05,5000,"sd","09:15:45",202000
7.82,0.07,700,"bu","09:15:42",197000
7.82,0.07,1200,"sd","09:15:41",196300
7.83,0.08,2000,"sd","09:15:41",195100
7.87,0.12,3900,"bu","09:15:32",193100
7.87,0.12,200,"bu","09:15:24",189200
7.88,0.13,189000,"","09:15:02",189000
