"price","change","match_qtty","side","time","total_vol"
19.55,-0.5,6000,"","14:45:04",246700
19.7,-0.35,100,"bu","14:27:49",240700
19.7,-0.35,100,"bu","14:25:17",240600
19.55,-0.5,500,"bu","14:24:12",240500
19.55,-0.5,2000,"bu","14:24:03",240000
19.55,-0.5,8000,"bu","14:23:53",238000
19.55,-0.5,200,"bu","14:23:31",230000
19.5,-0.55,1000,"sd","14:22:49",229800
19.5,-0.55,300,"sd","14:22:12",228800
19.55,-0.5,200,"bu","14:20:51",228500
19.55,-0.5,200,"bu","14:20:37",228300
19.55,-0.5,100,"bu","14:20:24",228100
19.55,-0.5,100,"bu","14:19:23",228000
19.5,-0.55,500,"sd","14:18:26",227900
19.5,-0.55,100,"sd","14:18:22",227400
19.55,-0.5,6800,"sd","14:18:11",227300
19.55,-0.5,2000,"sd","14:18:07",220500
19.55,-0.5,100,"sd","14:17:19",218500
19.6,-0.45,1500,"sd","14:17:02",218400
19.6,-0.45,1000,"sd","14:15:22",216900
19.65,-0.4,500,"bu","14:13:33",215900
19.65,-0.4,500,"sd","14:11:55",215400
19.7,-0.35,200,"bu","14:09:24",214900
19.7,-0.35,200,"bu","14:09:02",214700
19.7,-0.35,300,"bu","14:07:47",214500
19.7,-0.35,100,"bu","14:07:42",214200
19.6,-0.45,1100,"bu","14:04:48",214100
19.55,-0.5,10000,"sd","14:03:06",213000
19.6,-0.45,1000,"bu","14:02:12",203000
19.6,-0.45,500,"bu","14:01:29",202000
19.6,-0.45,2000,"bu","13:59:37",201500
19.6,-0.45,3000,"bu","13:54:35",199500
19.6,-0.45,300,"bu","13:52:40",196500
19.6,-0.45,100,"bu","13:50:05",196200
19.6,-0.45,5000,"sd","13:49:19",196100
19.6,-0.45,100,"sd","13:46:51",191100
19.65,-0.4,100,"sd","13:46:20",191000
19.65,-0.4,100,"bu","13:37:51",190900
19.65,-0.4,400,"sd","13:36:49",190800
19.65,-0.4,100,"sd","13:35:38",190400
19.65,-0.4,6800,"bu","13:33:15",190300
19.6,-0.45,2100,"bu","13:32:41",183500
19.55,-0.5,600,"bu","13:30:37",181400
19.55,-0.5,100,"bu","13:29:46",180800
19.55,-0.5,200,"bu","13:28:57",180700
19.55,-0.5,1000,"sd","13:28:11",180500
19.55,-0.5,2000,"sd","13:27:53",179500
19.6,-0.45,1400,"bu","13:27:37",177500
19.6,-0.45,1500,"sd","13:27:17",176100
19.6,-0.45,500,"bu","13:25:18",174600
19.55,-0.5,1000,"sd","13:23:05",174100
19.55,-0.5,300,"sd","13:22:05",173100
19.6,-0.45,1500,"sd","13:20:57",172800
19.6,-0.45,2300,"sd","13:17:40",171300
19.6,-0.45,4300,"sd","13:17:40",169000
19.65,-0.4,400,"sd","13:15:49",164700
19.65,-0.4,1000,"bu","13:07:38",164300
19.65,-0.4,2000,"sd","13:06:41",163300
19.65,-0.4,100,"sd","13:06:27",161300
19.65,-0.4,1800,"sd","13:00:49",161200
19.65,-0.4,100,"bu","13:00:26",159400
19.6,-0.45,1700,"sd","13:00:07",159300
19.65,-0.4,300,"sd","13:00:07",157600
19.65,-0.4,200,"sd","13:00:04",157300
19.7,-0.35,200,"sd","11:29:55",157100
19.75,-0.3,2000,"bu","11:23:55",156900
19.6,-0.45,4100,"bu","11:16:18",154900
19.6,-0.45,100,"bu","11:15:51",150800
19.6,-0.45,300,"bu","11:15:43",150700
19.6,-0.45,1000,"bu","11:15:29",150400
19.6,-0.45,100,"bu","11:14:39",149400
19.6,-0.45,1000,"bu","11:13:36",149300
19.6,-0.45,500,"bu","11:13:13",148300
19.6,-0.45,1000,"bu","11:11:58",147800
19.6,-0.45,100,"bu","11:11:43",146800
19.6,-0.45,2200,"bu","11:10:41",146700
19.6,-0.45,300,"bu","11:10:26",144500
19.6,-0.45,100,"bu","11:06:50",144200
19.6,-0.45,800,"bu","11:06:15",144100
19.55,-0.5,10000,"sd","11:02:08",143300
19.6,-0.45,1400,"sd","11:01:16",133300
19.6,-0.45,100,"sd","10:58:59",131900
19.65,-0.4,500,"bu","10:57:20",131800
19.65,-0.4,1000,"sd","10:55:22",131300
19.75,-0.3,1700,"bu","10:44:46",130300
19.4,-0.65,4600,"sd","10:38:57",128600
19.45,-0.6,3400,"sd","10:38:57",124000
19.5,-0.55,2000,"sd","10:38:57",120600
19.4,-0.65,1800,"sd","10:36:21",118600
19.4,-0.65,300,"sd","10:35:57",116800
19.3,-0.75,3600,"sd","10:34:38",116500
19.35,-0.7,1000,"sd","10:34:22",112500
19.3,-0.75,500,"sd","10:34:17",111500
19.35,-0.7,500,"sd","10:34:17",111000
19.3,-0.75,400,"sd","10:34:08",110500
19.3,-0.75,2600,"sd","10:34:07",110000
19.4,-0.65,400,"sd","10:34:07",107400
19.5,-0.55,1000,"sd","10:34:07",107000
19.4,-0.65,6700,"sd","10:33:53",106000
19.5,-0.55,2900,"sd","10:33:53",99300
19.55,-0.5,400,"sd","10:33:53",96400
19.5,-0.55,7500,"sd","10:33:08",96000
19.55,-0.5,200,"sd","10:33:08",88500
19.6,-0.45,300,"sd","10:33:08",88300
19.6,-0.45,2000,"sd","10:32:46",88000
19.65,-0.4,2000,"sd","10:32:46",86000
19.65,-0.4,7100,"sd","10:32:34",84000
19.7,-0.35,3100,"sd","10:32:34",76900
19.75,-0.3,2800,"sd","10:32:34",73800
19.75,-0.3,3000,"sd","10:30:39",71000
19.8,-0.25,15600,"sd","10:30:39",68000
19.85,-0.2,1400,"sd","10:30:39",52400
19.9,-0.15,2700,"sd","10:30:17",51000
19.9,-0.15,200,"sd","10:28:40",48300
19.9,-0.15,7400,"sd","10:26:56",48100
19.9,-0.15,3000,"sd","10:24:11",40700
19.9,-0.15,3000,"sd","10:21:56",37700
19.9,-0.15,1000,"sd","10:21:34",34700
20,-0.05,1000,"sd","10:20:42",33700
20.05,0,200,"bu","10:05:45",32700
20.05,0,2400,"bu","09:58:05",32500
20.05,0,900,"bu","09:56:19",30100
20,-0.05,3000,"bu","09:56:19",29200
19.9,-0.15,2500,"sd","09:55:11",26200
20,-0.05,4200,"bu","09:55:11",23700
20,-0.05,2000,"bu","09:54:57",19500
20,-0.05,2700,"bu","09:53:43",17500
20,-0.05,1400,"bu","09:49:52",14800
20,-0.05,800,"bu","09:48:18",13400
20,-0.05,100,"bu","09:46:23",12600
20,-0.05,4500,"bu","09:44:46",12500
19.9,-0.15,300,"sd","09:41:05",8000
20,-0.05,2000,"sd","09:31:26",7700
20.05,0,200,"bu","09:28:22",5700
20,-0.05,200,"sd","09:27:51",5500
20.05,0,300,"bu","09:23:33",5300
20.05,0,2500,"bu","09:21:37",5000
20.05,0,500,"bu","09:19:35",2500
20.05,0,1000,"bu","09:15:58",2000
20.05,0,1000,"","09:15:02",1000
