"price","change","match_qtty","side","time","total_vol"
21.05,0.1,152800,"","14:45:02",4782400
21.05,0.1,1600,"sd","14:29:59",4629600
21.1,0.15,5100,"bu","14:29:52",4628000
21.1,0.15,4000,"bu","14:29:32",4622900
21.05,0.1,3400,"sd","14:29:31",4618900
21.1,0.15,100,"bu","14:29:30",4615500
21.1,0.15,2600,"bu","14:29:28",4615400
21.1,0.15,1700,"bu","14:29:02",4612800
21.05,0.1,10000,"sd","14:28:59",4611100
21.05,0.1,1000,"sd","14:28:45",4601100
21.05,0.1,200,"sd","14:28:34",4600100
21.05,0.1,1000,"sd","14:28:14",4599900
21.05,0.1,1000,"sd","14:27:50",4598900
21.05,0.1,15000,"sd","14:27:47",4597900
21.05,0.1,500,"sd","14:27:28",4582900
21.05,0.1,10000,"sd","14:27:27",4582400
21.05,0.1,56100,"bu","14:27:12",4572400
21,0.05,11400,"sd","14:27:10",4516300
21.05,0.1,500,"bu","14:27:03",4504900
21.05,0.1,200,"bu","14:26:46",4504400
21.05,0.1,3000,"bu","14:26:36",4504200
21.05,0.1,300,"bu","14:26:33",4501200
21,0.05,1000,"sd","14:26:04",4500900
21,0.05,2000,"sd","14:25:21",4499900
21,0.05,35200,"bu","14:25:03",4497900
21,0.05,500,"bu","14:24:30",4462700
20.95,0,5100,"sd","14:24:19",4462200
20.95,0,1000,"sd","14:23:37",4457100
21,0.05,1000,"bu","14:23:36",4456100
21,0.05,1000,"bu","14:23:11",4455100
21,0.05,2000,"bu","14:23:10",4454100
21,0.05,10000,"bu","14:23:09",4452100
21,0.05,10000,"bu","14:23:08",4442100
21,0.05,1000,"bu","14:23:01",4432100
21,0.05,1800,"bu","14:22:53",4431100
21,0.05,50000,"bu","14:22:52",4429300
20.95,0,3100,"sd","14:22:15",4379300
21,0.05,6900,"bu","14:22:15",4376200
20.95,0,3000,"sd","14:22:03",4369300
21,0.05,5000,"bu","14:21:56",4366300
20.95,0,200,"sd","14:21:54",4361300
20.95,0,5000,"sd","14:21:49",4361100
20.95,0,100,"sd","14:21:43",4356100
20.95,0,1000,"sd","14:20:45",4356000
21,0.05,800,"bu","14:20:31",4355000
21,0.05,1500,"bu","14:20:29",4354200
21,0.05,900,"bu","14:20:12",4352700
20.95,0,8000,"sd","14:20:09",4351800
20.95,0,5000,"sd","14:19:59",4343800
20.95,0,1000,"sd","14:19:54",4338800
20.95,0,4000,"sd","14:19:45",4337800
20.95,0,10000,"sd","14:19:43",4333800
20.95,0,2000,"sd","14:19:26",4323800
20.95,0,2800,"sd","14:18:31",4321800
21,0.05,23900,"sd","14:18:10",4319000
21.05,0.1,6300,"sd","14:17:53",4295100
21.05,0.1,2000,"sd","14:17:45",4288800
21.05,0.1,500,"sd","14:17:44",4286800
21.05,0.1,10000,"sd","14:17:43",4286300
21.05,0.1,1000,"sd","14:17:38",4276300
21.05,0.1,1000,"sd","14:17:31",4275300
21.05,0.1,4000,"sd","14:17:30",4274300
21.05,0.1,2800,"sd","14:17:21",4270300
21.05,0.1,3500,"sd","14:17:21",4267500
21.05,0.1,3000,"sd","14:17:18",4264000
21.05,0.1,100,"sd","14:17:18",4261000
21.05,0.1,100,"sd","14:17:16",4260900
21.05,0.1,300,"sd","14:17:14",4260800
21.05,0.1,2000,"sd","14:17:05",4260500
21.05,0.1,100,"sd","14:17:02",4258500
21.05,0.1,2800,"sd","14:16:57",4258400
21.05,0.1,500,"sd","14:16:51",4255600
21.05,0.1,12000,"sd","14:16:46",4255100
21.05,0.1,5000,"sd","14:16:45",4243100
21.05,0.1,1700,"sd","14:16:44",4238100
21.05,0.1,7000,"sd","14:16:36",4236400
21.05,0.1,10000,"sd","14:16:33",4229400
21.05,0.1,1000,"sd","14:16:09",4219400
21.1,0.15,600,"bu","14:16:09",4218400
21.05,0.1,500,"sd","14:16:06",4217800
21.05,0.1,3000,"sd","14:16:05",4217300
21.05,0.1,400,"sd","14:16:00",4214300
21.05,0.1,22300,"sd","14:15:58",4213900
21.05,0.1,400,"sd","14:15:53",4191600
21.05,0.1,100,"sd","14:15:45",4191200
21.05,0.1,9400,"sd","14:15:42",4191100
21.05,0.1,33000,"sd","14:15:39",4181700
21.1,0.15,50000,"bu","14:15:31",4148700
21.05,0.1,26000,"sd","14:15:27",4098700
21.05,0.1,100,"sd","14:15:22",4072700
21.05,0.1,4400,"sd","14:15:14",4072600
21.05,0.1,300,"sd","14:15:11",4068200
21.05,0.1,4400,"sd","14:15:06",4067900
21.05,0.1,5000,"sd","14:14:51",4063500
21.05,0.1,9900,"sd","14:14:30",4058500
21.05,0.1,3000,"sd","14:14:21",4048600
21.05,0.1,100,"sd","14:14:19",4045600
21.05,0.1,4400,"sd","14:14:16",4045500
21.05,0.1,4400,"sd","14:14:08",4041100
21.05,0.1,4400,"sd","14:13:59",4036700
21.05,0.1,3000,"sd","14:13:55",4032300
21.1,0.15,100,"bu","14:13:52",4029300
21.1,0.15,3000,"bu","14:13:38",4029200
21.1,0.15,400,"bu","14:13:32",4026200
21.1,0.15,5000,"bu","14:13:08",4025800
21.1,0.15,100,"bu","14:12:55",4020800
21.05,0.1,4400,"sd","14:12:50",4020700
21.05,0.1,1200,"sd","14:12:45",4016300
21.1,0.15,5000,"bu","14:12:31",4015100
21.1,0.15,5000,"bu","14:12:10",4010100
21.05,0.1,1100,"sd","14:12:01",4005100
21.1,0.15,33000,"sd","14:11:20",4004000
21.1,0.15,100,"sd","14:11:11",3971000
21.1,0.15,4000,"sd","14:11:06",3970900
21.1,0.15,6100,"sd","14:11:05",3966900
21.1,0.15,5000,"sd","14:11:03",3960800
21.1,0.15,100,"sd","14:11:00",3955800
21.1,0.15,5000,"sd","14:10:58",3953700
21.1,0.15,29800,"bu","14:09:38",3948700
21.1,0.15,15000,"bu","14:09:36",3918900
21.1,0.15,50000,"bu","14:09:27",3903900
21.1,0.15,5000,"bu","14:09:23",3853900
21.1,0.15,500,"bu","14:09:20",3848900
21.1,0.15,5000,"bu","14:09:16",3848400
21.1,0.15,5000,"bu","14:09:00",3843400
21.1,0.15,5000,"bu","14:08:57",3838400
21.1,0.15,5000,"bu","14:08:54",3833400
21.1,0.15,5000,"bu","14:08:47",3828400
21.1,0.15,200,"bu","14:08:43",3823400
21.1,0.15,5000,"bu","14:08:41",3823200
21.1,0.15,100,"bu","14:08:37",3818200
21.1,0.15,1000,"bu","14:08:33",3818100
21.1,0.15,400,"bu","14:08:20",3817100
21.1,0.15,1000,"bu","14:07:25",3816700
21.1,0.15,5300,"bu","14:07:09",3815700
21.05,0.1,4700,"bu","14:07:09",3810400
21.05,0.1,500,"bu","14:06:42",3805700
21.05,0.1,100,"bu","14:06:41",3805200
21.05,0.1,5000,"bu","14:06:37",3805100
21.05,0.1,8400,"bu","14:06:35",3800100
21.05,0.1,3000,"bu","14:06:26",3791700
21.05,0.1,10000,"bu","14:06:23",3788700
21.05,0.1,21600,"bu","14:06:16",3778700
21.05,0.1,3400,"bu","14:06:15",3757100
21.05,0.1,1800,"bu","14:06:01",3753700
21.05,0.1,100,"bu","14:05:42",3751900
21,0.05,2000,"sd","14:05:40",3751800
21.05,0.1,2000,"bu","14:05:35",3749800
21,0.05,500,"sd","14:05:31",3747800
21.05,0.1,10000,"bu","14:04:26",3747300
21.05,0.1,20000,"bu","14:04:21",3737300
21.05,0.1,600,"bu","14:04:18",3717300
21.05,0.1,3000,"bu","14:04:09",3716700
21,0.05,500,"sd","14:04:06",3713700
21,0.05,100,"sd","14:04:00",3713200
21,0.05,2000,"sd","14:03:52",3713100
21,0.05,1700,"bu","14:03:11",3711100
21,0.05,60000,"bu","14:03:10",3709400
21,0.05,3000,"bu","14:03:02",3649400
21,0.05,100,"bu","14:02:59",3646400
21,0.05,100,"bu","14:02:19",3646300
21,0.05,20000,"bu","14:02:06",3646200
21,0.05,9500,"bu","14:02:03",3626200
21,0.05,100,"bu","14:01:53",3616700
21,0.05,1000,"bu","14:01:47",3616600
21,0.05,100,"bu","14:01:40",3615600
21,0.05,82400,"bu","14:01:09",3615500
21,0.05,17600,"bu","14:01:09",3533100
21,0.05,10000,"bu","14:00:56",3515500
21,0.05,100,"bu","13:59:45",3505500
21,0.05,100,"bu","13:59:36",3505400
21,0.05,100,"bu","13:59:35",3505300
20.95,0,6600,"sd","13:59:13",3505200
20.95,0,6900,"sd","13:58:58",3498600
20.95,0,1000,"sd","13:57:56",3491700
20.95,0,2100,"sd","13:57:47",3490700
20.95,0,1000,"sd","13:57:32",3488600
20.95,0,5000,"sd","13:57:15",3487600
21,0.05,2400,"bu","13:57:15",3482600
20.95,0,500,"sd","13:56:37",3480200
20.95,0,100000,"sd","13:55:44",3479700
20.95,0,10000,"sd","13:55:38",3379700
20.95,0,2000,"sd","13:55:21",3369700
21,0.05,9400,"bu","13:54:50",3367700
21,0.05,1000,"bu","13:53:37",3358300
21,0.05,100,"bu","13:53:27",3357300
20.95,0,5000,"sd","13:52:31",3357200
21,0.05,900,"bu","13:52:01",3352200
20.95,0,100,"sd","13:50:53",3351300
21,0.05,500,"bu","13:49:26",3351200
21,0.05,100,"bu","13:48:56",3350700
20.95,0,6900,"sd","13:48:40",3350600
20.95,0,6900,"sd","13:48:19",3343700
21,0.05,6000,"bu","13:48:17",3336800
20.95,0,3000,"sd","13:48:15",3330800
21,0.05,100,"bu","13:48:11",3327800
20.95,0,300,"sd","13:47:47",3327700
21,0.05,100,"bu","13:47:46",3327400
21,0.05,500,"bu","13:46:43",3327300
21,0.05,2000,"bu","13:46:38",3326800
20.95,0,500,"sd","13:45:32",3324800
20.95,0,1000,"sd","13:44:33",3324300
20.95,0,6500,"bu","13:43:08",3323300
20.95,0,9500,"bu","13:43:08",3316800
20.95,0,1000,"bu","13:42:59",3307300
20.95,0,2000,"bu","13:42:41",3306300
20.95,0,800,"bu","13:41:36",3304300
20.95,0,800,"bu","13:40:43",3303500
20.95,0,1000,"bu","13:40:36",3302700
20.95,0,200,"bu","13:40:26",3301700
20.95,0,200,"bu","13:40:20",3301500
20.95,0,200,"bu","13:39:58",3301300
20.95,0,900,"bu","13:38:00",3301100
20.95,0,2000,"bu","13:37:32",3300200
20.9,-0.05,3000,"sd","13:36:46",3298200
20.95,0,5000,"bu","13:36:38",3295200
20.95,0,2100,"sd","13:36:31",3290200
20.95,0,1000,"sd","13:36:14",3288100
20.95,0,6900,"sd","13:36:12",3287100
20.95,0,100,"sd","13:36:10",3280200
20.95,0,6900,"sd","13:36:04",3280100
20.95,0,1500,"sd","13:35:39",3273200
20.95,0,5000,"sd","13:35:29",3271700
20.95,0,1000,"sd","13:34:43",3266700
20.95,0,1500,"sd","13:34:42",3265700
20.95,0,1500,"sd","13:34:33",3264200
20.95,0,100,"sd","13:34:13",3262700
21,0.05,2800,"bu","13:33:58",3262600
20.95,0,100,"sd","13:33:57",3259800
20.95,0,100,"sd","13:33:53",3259700
20.95,0,600,"sd","13:33:48",3259600
20.95,0,2000,"sd","13:33:13",3259000
21,0.05,100,"bu","13:32:33",3257000
21,0.05,300,"bu","13:32:09",3256900
20.95,0,5000,"sd","13:31:41",3256600
20.95,0,500,"bu","13:30:38",3251600
20.95,0,1700,"bu","13:30:21",3251100
20.95,0,900,"bu","13:30:15",3249400
20.95,0,1700,"bu","13:30:05",3248500
20.95,0,200,"sd","13:29:45",3246800
20.95,0,4800,"bu","13:29:41",3246600
20.95,0,200,"bu","13:29:25",3241800
20.95,0,1000,"bu","13:29:20",3241600
20.95,0,1000,"bu","13:29:16",3240600
20.95,0,1000,"bu","13:29:04",3239600
20.95,0,2000,"bu","13:28:57",3238600
20.95,0,1000,"bu","13:28:55",3236600
20.95,0,2000,"bu","13:28:50",3235600
20.95,0,4200,"bu","13:28:40",3233600
20.95,0,9400,"bu","13:28:33",3229400
20.95,0,40600,"bu","13:28:33",3220000
20.95,0,2000,"bu","13:28:32",3179400
20.95,0,15000,"bu","13:28:29",3177400
20.95,0,1000,"bu","13:28:28",3162400
20.95,0,5000,"bu","13:28:10",3161400
20.9,-0.05,1400,"sd","13:28:07",3156400
20.95,0,100,"bu","13:28:05",3155000
20.9,-0.05,800,"sd","13:27:44",3154900
20.95,0,30000,"bu","13:27:43",3154100
20.95,0,5000,"bu","13:27:26",3124100
20.9,-0.05,100,"sd","13:27:04",3119100
20.9,-0.05,2000,"sd","13:26:56",3119000
20.95,0,2000,"bu","13:26:50",3117000
20.9,-0.05,3000,"sd","13:26:34",3115000
20.9,-0.05,2000,"sd","13:26:32",3112000
20.9,-0.05,31100,"sd","13:26:23",3110000
20.9,-0.05,500,"sd","13:26:16",3078900
20.9,-0.05,100,"sd","13:25:46",3078400
20.9,-0.05,900,"sd","13:25:39",3078300
20.9,-0.05,100,"sd","13:25:30",3077400
20.9,-0.05,2000,"sd","13:24:38",3077300
20.9,-0.05,500,"sd","13:24:35",3075300
20.9,-0.05,800,"sd","13:24:04",3074800
20.9,-0.05,10000,"sd","13:23:49",3074000
20.9,-0.05,4500,"sd","13:23:33",3064000
20.95,0,100,"bu","13:23:30",3059500
20.9,-0.05,2000,"sd","13:23:21",3059400
20.9,-0.05,3000,"sd","13:23:20",3057400
20.9,-0.05,2500,"sd","13:23:16",3054400
20.9,-0.05,12000,"sd","13:23:03",3051900
20.95,0,2200,"bu","13:22:49",3039900
20.95,0,100,"bu","13:22:20",3037700
20.95,0,19000,"bu","13:22:15",3037600
20.95,0,500,"bu","13:22:07",3018600
20.95,0,4100,"sd","13:21:34",3018100
20.95,0,2000,"sd","13:21:29",3014000
20.95,0,50000,"sd","13:21:27",3012000
20.95,0,10000,"sd","13:21:22",2962000
20.95,0,50000,"sd","13:21:20",2952000
20.95,0,10000,"sd","13:21:18",2902000
21,0.05,100,"bu","13:19:57",2892000
21,0.05,300,"bu","13:19:52",2891900
20.95,0,4400,"sd","13:19:50",2891600
20.95,0,4400,"sd","13:19:41",2887200
20.95,0,5000,"sd","13:19:40",2882800
20.95,0,6900,"sd","13:19:37",2877800
20.95,0,900,"sd","13:19:36",2870900
20.95,0,4400,"sd","13:19:15",2870000
20.95,0,6900,"sd","13:18:51",2865600
20.95,0,4400,"sd","13:18:42",2858700
20.95,0,1000,"sd","13:17:46",2854300
21,0.05,200,"bu","13:17:44",2853300
20.95,0,100,"sd","13:17:42",2853100
20.95,0,1000,"sd","13:17:28",2853000
21,0.05,1600,"bu","13:16:12",2852000
21,0.05,200,"bu","13:16:10",2850400
21,0.05,2000,"bu","13:16:08",2850200
21,0.05,400,"bu","13:14:48",2848200
21,0.05,5000,"bu","13:14:41",2847800
21,0.05,1000,"bu","13:13:52",2842800
21,0.05,200,"bu","13:13:42",2841800
21,0.05,1000,"bu","13:13:19",2841600
21,0.05,1600,"sd","13:12:06",2840600
21,0.05,2000,"sd","13:11:56",2839000
21,0.05,5000,"sd","13:11:55",2837000
21,0.05,500,"sd","13:11:52",2832000
21.05,0.1,100,"bu","13:11:52",2831500
21,0.05,1700,"sd","13:11:51",2831400
21,0.05,500,"sd","13:11:48",2829700
21,0.05,100,"sd","13:11:36",2829200
21,0.05,1000,"sd","13:11:03",2829100
21,0.05,6900,"sd","13:10:49",2828100
21,0.05,100,"sd","13:10:19",2821200
21,0.05,200,"sd","13:09:41",2821100
21,0.05,1900,"sd","13:09:10",2820900
21,0.05,4800,"bu","13:09:09",2819000
21,0.05,4000,"bu","13:09:09",2814200
21,0.05,20000,"bu","13:09:06",2810200
21,0.05,100,"bu","13:08:55",2790200
21,0.05,3000,"bu","13:08:53",2790100
21,0.05,5000,"bu","13:08:47",2787100
21,0.05,50000,"bu","13:08:40",2782100
21,0.05,1000,"bu","13:08:22",2732100
20.95,0,10000,"sd","13:08:20",2731100
21,0.05,2000,"bu","13:08:15",2721100
21,0.05,500,"bu","13:08:10",2719100
21,0.05,1000,"bu","13:07:44",2718600
21,0.05,500,"bu","13:07:40",2717600
21,0.05,100,"bu","13:07:07",2717100
21,0.05,400,"bu","13:06:53",2717000
21,0.05,42800,"sd","13:06:38",2716600
21,0.05,6000,"sd","13:06:35",2673800
21,0.05,200,"sd","13:06:32",2667800
21,0.05,10000,"sd","13:06:20",2667600
21,0.05,200,"sd","13:06:19",2657600
21,0.05,100,"sd","13:05:57",2657400
21,0.05,500,"sd","13:05:44",2657300
21,0.05,1000,"sd","13:05:31",2656800
21,0.05,1000,"sd","13:05:19",2655800
21,0.05,3000,"sd","13:05:03",2654800
21,0.05,24000,"sd","13:05:00",2651800
21,0.05,5000,"sd","13:04:43",2627800
21,0.05,10000,"sd","13:04:41",2622800
21,0.05,10000,"sd","13:04:13",2612800
21,0.05,100,"sd","13:04:07",2602800
21,0.05,2000,"sd","13:04:00",2602700
21,0.05,100,"sd","13:03:28",2600700
21,0.05,200,"sd","13:03:22",2600600
21,0.05,100,"sd","13:02:52",2600400
21,0.05,1300,"sd","13:02:38",2600300
21,0.05,2700,"sd","13:02:38",2599000
21,0.05,4400,"sd","13:02:37",2596300
21,0.05,300,"sd","13:02:26",2591900
21,0.05,4400,"sd","13:02:12",2591600
21,0.05,4400,"sd","13:02:05",2587200
21,0.05,2500,"sd","13:02:00",2582800
21,0.05,4400,"sd","13:01:53",2580300
21,0.05,4400,"sd","13:01:47",2575900
21,0.05,2800,"sd","13:01:10",2571500
21,0.05,200,"sd","13:00:59",2568700
21,0.05,2000,"sd","13:00:32",2568500
21.05,0.1,500,"bu","13:00:25",2566500
21.05,0.1,100,"bu","13:00:05",2566000
21,0.05,5000,"sd","13:00:05",2565900
21.05,0.1,10400,"sd","13:00:04",2560900
21.05,0.1,300,"sd","13:00:04",2550500
21.05,0.1,200,"sd","13:00:03",2550200
21.05,0.1,1100,"bu","13:00:02",2550000
21,0.05,4700,"sd","13:00:01",2548900
21.05,0.1,300,"sd","13:00:01",2544200
21,0.05,200,"sd","13:00:01",2543900
21.05,0.1,200,"sd","13:00:01",2543700
21.05,0.1,100,"sd","11:29:53",2543500
21.1,0.15,100,"bu","11:29:51",2543400
21.05,0.1,500,"sd","11:29:41",2543300
21.05,0.1,100,"sd","11:29:24",2542800
21.1,0.15,100,"bu","11:29:19",2542700
21.05,0.1,200,"bu","11:28:32",2542600
21.05,0.1,4800,"sd","11:27:53",2542400
21.05,0.1,1000,"sd","11:27:51",2537600
21.05,0.1,5000,"sd","11:27:47",2536600
21.05,0.1,1000,"sd","11:27:30",2531600
21.05,0.1,100,"sd","11:27:04",2530600
21.05,0.1,100,"sd","11:27:01",2530500
21.05,0.1,500,"sd","11:27:00",2530400
21.05,0.1,5000,"sd","11:26:54",2529900
21.05,0.1,1000,"sd","11:26:45",2524900
21.05,0.1,1500,"sd","11:26:42",2523900
21.05,0.1,100,"sd","11:26:23",2522400
21.05,0.1,500,"sd","11:26:18",2522300
21.05,0.1,1500,"sd","11:26:04",2521800
21.05,0.1,100,"sd","11:24:59",2520300
21.05,0.1,2300,"bu","11:24:12",2520200
21.05,0.1,5000,"bu","11:22:38",2517900
21,0.05,13400,"sd","11:22:32",2512900
21.05,0.1,1000,"bu","11:22:21",2499500
21.05,0.1,6000,"bu","11:22:13",2498500
21.05,0.1,100,"bu","11:22:10",2492500
21.05,0.1,1000,"bu","11:21:50",2492400
21.05,0.1,10000,"bu","11:21:39",2491400
21.05,0.1,500,"bu","11:21:37",2481400
21.05,0.1,30000,"bu","11:21:19",2480900
21.05,0.1,1000,"bu","11:20:57",2450900
21,0.05,7000,"sd","11:19:46",2449900
21,0.05,200,"sd","11:18:17",2442900
21.05,0.1,1700,"bu","11:18:06",2442700
21.05,0.1,1000,"bu","11:17:57",2441000
21.05,0.1,1700,"bu","11:17:55",2440000
21.05,0.1,800,"bu","11:15:02",2438300
21,0.05,5000,"sd","11:14:24",2437500
21,0.05,700,"sd","11:14:21",2432500
21,0.05,400,"sd","11:14:15",2431800
21.05,0.1,2000,"bu","11:14:11",2431400
21,0.05,1900,"sd","11:13:49",2429400
21.05,0.1,8000,"bu","11:13:14",2427500
21,0.05,14000,"sd","11:12:47",2419500
21,0.05,200,"sd","11:12:18",2405500
21,0.05,20000,"sd","11:10:47",2405300
21,0.05,20000,"sd","11:10:38",2385300
21.05,0.1,100,"bu","11:09:38",2365300
21.05,0.1,300,"bu","11:09:17",2365200
21.05,0.1,2000,"bu","11:09:09",2364900
21.05,0.1,4700,"bu","11:09:06",2362900
21.05,0.1,32900,"sd","11:09:04",2358200
21.05,0.1,10000,"sd","11:08:44",2325300
21.05,0.1,100,"sd","11:08:21",2315300
21.1,0.15,8000,"bu","11:08:19",2315200
21.05,0.1,200,"sd","11:07:48",2307200
21.1,0.15,8000,"bu","11:07:34",2307000
21.1,0.15,8000,"bu","11:06:53",2299000
21.05,0.1,200,"sd","11:06:49",2291000
21.05,0.1,500,"sd","11:06:47",2290800
21.05,0.1,1400,"sd","11:06:45",2290300
21.05,0.1,200,"sd","11:05:50",2288900
21.05,0.1,300,"sd","11:05:43",2288700
21.1,0.15,6000,"bu","11:05:35",2288400
21.05,0.1,1000,"sd","11:05:07",2282400
21.1,0.15,7600,"bu","11:04:16",2281400
21.05,0.1,300,"sd","11:04:15",2273800
21.05,0.1,500,"sd","11:03:47",2273500
21.05,0.1,1300,"bu","11:02:50",2273000
21.05,0.1,400,"bu","11:02:41",2271700
21.05,0.1,300,"sd","11:02:23",2271300
21.05,0.1,500,"sd","11:02:19",2271000
21.05,0.1,19500,"sd","11:02:18",2270500
21.05,0.1,1000,"sd","11:00:19",2251000
21.1,0.15,200,"bu","10:59:49",2250000
21.1,0.15,10000,"bu","10:59:46",2249800
21.1,0.15,3100,"bu","10:59:21",2239800
21.1,0.15,8900,"bu","10:59:09",2236700
21.1,0.15,15000,"bu","10:58:06",2227800
21.1,0.15,30000,"bu","10:56:52",2212800
21.1,0.15,10000,"bu","10:55:55",2182800
21.1,0.15,2000,"bu","10:55:34",2172800
21.05,0.1,2000,"sd","10:55:33",2170800
21.05,0.1,3000,"sd","10:55:08",2168800
21.05,0.1,2000,"sd","10:55:04",2165800
21.05,0.1,3000,"sd","10:54:57",2163800
21.1,0.15,19000,"bu","10:54:50",2160800
21.1,0.15,200,"bu","10:54:49",2141800
21.05,0.1,8000,"sd","10:54:46",2141600
21.05,0.1,1000,"sd","10:54:45",2133600
21.1,0.15,2000,"bu","10:54:39",2132600
21.05,0.1,3000,"sd","10:54:37",2130600
21.05,0.1,1200,"sd","10:54:29",2127600
21.05,0.1,10000,"sd","10:54:21",2126400
21.1,0.15,100,"bu","10:54:21",2116400
21.1,0.15,1000,"bu","10:53:34",2116300
21.1,0.15,10000,"bu","10:53:04",2115300
21.05,0.1,500,"sd","10:52:24",2105300
21.1,0.15,10000,"bu","10:52:17",2104800
21.05,0.1,100,"sd","10:51:07",2094800
21.1,0.15,200,"bu","10:51:02",2094700
21.1,0.15,200,"bu","10:50:38",2094500
21.1,0.15,4900,"bu","10:50:00",2094300
21.1,0.15,3100,"bu","10:49:41",2089400
21.1,0.15,9100,"sd","10:49:36",2086300
21.1,0.15,10000,"sd","10:49:28",2077200
21.1,0.15,10000,"sd","10:49:20",2067200
21.1,0.15,100,"sd","10:49:10",2057200
21.1,0.15,4400,"sd","10:48:59",2057100
21.1,0.15,4400,"sd","10:48:53",2052700
21.1,0.15,50000,"sd","10:48:48",2048300
21.1,0.15,200,"sd","10:48:19",1978300
21.1,0.15,500,"sd","10:48:17",1978100
21.1,0.15,500,"sd","10:48:11",1977600
21.1,0.15,100,"sd","10:48:00",1977100
21.1,0.15,500,"sd","10:47:49",1977000
21.1,0.15,2000,"sd","10:47:45",1976500
21.1,0.15,100,"sd","10:47:41",1974500
21.1,0.15,500,"sd","10:47:39",1974400
21.1,0.15,500,"sd","10:47:34",1973900
21.1,0.15,2500,"sd","10:47:33",1973400
21.1,0.15,100,"sd","10:47:25",1970900
21.1,0.15,400,"sd","10:47:12",1970800
21.1,0.15,200,"sd","10:46:57",1970400
21.15,0.2,1200,"bu","10:46:51",1970200
21.1,0.15,100,"sd","10:46:46",1969000
21.1,0.15,5000,"sd","10:46:40",1968900
21.1,0.15,500,"sd","10:46:36",1963900
21.1,0.15,1000,"sd","10:46:28",1963400
21.1,0.15,6900,"sd","10:46:17",1962400
21.1,0.15,100,"sd","10:46:08",1955500
21.15,0.2,4000,"bu","10:46:07",1955400
21.1,0.15,2000,"sd","10:46:07",1951400
21.1,0.15,100,"sd","10:46:02",1949400
21.1,0.15,7900,"bu","10:45:53",1949300
21.1,0.15,26500,"bu","10:45:53",1941400
21.05,0.1,1000,"sd","10:45:50",1914900
21.05,0.1,7400,"bu","10:45:41",1913900
21,0.05,100,"sd","10:45:35",1906500
21.05,0.1,25200,"bu","10:45:29",1906400
21.05,0.1,18400,"sd","10:45:19",1881200
21.05,0.1,1200,"sd","10:45:14",1862800
21.05,0.1,100,"sd","10:45:12",1861600
21.1,0.15,20000,"bu","10:44:51",1861500
21.05,0.1,900,"bu","10:44:39",1841500
21.05,0.1,10000,"bu","10:44:35",1840600
21.05,0.1,1000,"bu","10:44:33",1830600
21.05,0.1,18000,"bu","10:44:26",1829600
21.05,0.1,4000,"bu","10:44:15",1811600
21.05,0.1,16600,"sd","10:44:09",1807600
21.1,0.15,200,"bu","10:43:35",1791000
21.1,0.15,1000,"bu","10:43:34",1790800
21.1,0.15,400,"bu","10:43:30",1789800
21.1,0.15,5000,"bu","10:43:24",1789400
21.1,0.15,1000,"bu","10:43:20",1784400
21.1,0.15,100000,"bu","10:43:16",1783400
21.1,0.15,3000,"bu","10:43:01",1683400
21.1,0.15,2000,"bu","10:42:49",1680400
21.05,0.1,700,"sd","10:42:27",1678400
21.05,0.1,900,"bu","10:42:07",1677700
21.05,0.1,800,"bu","10:42:03",1676800
21.05,0.1,1000,"bu","10:42:01",1676000
21.05,0.1,700,"bu","10:41:50",1675000
21.05,0.1,1000,"bu","10:41:36",1674300
21.05,0.1,1000,"bu","10:41:34",1673300
21.05,0.1,1000,"bu","10:41:22",1672300
21.05,0.1,5000,"bu","10:41:14",1671300
21.05,0.1,1500,"bu","10:41:12",1666300
21.05,0.1,2000,"bu","10:41:10",1664800
21.05,0.1,48900,"bu","10:41:06",1662800
21,0.05,700,"sd","10:40:40",1613900
21,0.05,100,"sd","10:40:29",1613200
21,0.05,5000,"sd","10:40:20",1613100
21.05,0.1,62400,"bu","10:40:19",1608100
21,0.05,5000,"sd","10:39:52",1545700
21,0.05,1000,"sd","10:39:39",1540700
21.05,0.1,1000,"bu","10:39:36",1539700
21,0.05,1000,"sd","10:39:36",1538700
21.05,0.1,8000,"bu","10:39:33",1537700
21,0.05,500,"sd","10:39:14",1529700
21,0.05,200,"sd","10:39:05",1529200
21.05,0.1,1600,"bu","10:39:02",1529000
21.05,0.1,8900,"bu","10:38:59",1527400
21,0.05,300,"sd","10:38:58",1518500
21,0.05,14000,"bu","10:38:44",1518200
21,0.05,1000,"bu","10:38:37",1504200
21,0.05,100,"bu","10:38:31",1503200
20.95,0,2800,"sd","10:37:58",1503100
21,0.05,4100,"sd","10:37:58",1500300
21,0.05,10000,"sd","10:37:55",1496200
21,0.05,10000,"sd","10:37:38",1486200
21,0.05,7900,"bu","10:37:15",1476200
21,0.05,500,"bu","10:36:47",1468300
21,0.05,5000,"bu","10:36:41",1467800
21,0.05,4000,"bu","10:36:36",1462800
20.95,0,100,"sd","10:36:34",1458800
21,0.05,500,"bu","10:36:32",1458700
21,0.05,18900,"sd","10:36:23",1458200
21,0.05,100,"sd","10:36:09",1439300
21,0.05,1000,"bu","10:36:07",1439200
21,0.05,10000,"bu","10:36:05",1438200
21,0.05,200,"bu","10:35:56",1428200
21,0.05,100,"bu","10:35:54",1428000
21,0.05,1000,"bu","10:35:53",1427900
21,0.05,20000,"bu","10:35:46",1426900
21,0.05,9000,"bu","10:35:39",1406900
21,0.05,1300,"bu","10:35:32",1397900
20.95,0,200,"sd","10:35:21",1396600
21,0.05,10000,"bu","10:35:19",1396400
21,0.05,1000,"bu","10:35:16",1386400
21,0.05,6700,"bu","10:35:15",1385400
21,0.05,2700,"bu","10:35:15",1378700
21,0.05,16600,"bu","10:35:06",1376000
21,0.05,10000,"bu","10:35:04",1359400
21,0.05,10000,"bu","10:34:59",1349400
21,0.05,100,"bu","10:34:58",1339400
21,0.05,3000,"bu","10:34:55",1339300
21,0.05,1000,"bu","10:34:49",1336300
21,0.05,2600,"bu","10:34:34",1335300
21,0.05,300,"bu","10:34:29",1332700
21,0.05,28000,"bu","10:34:17",1332400
21,0.05,30000,"bu","10:33:40",1304400
20.95,0,100,"sd","10:32:52",1274400
20.95,0,200,"sd","10:32:37",1274300
20.95,0,6900,"sd","10:32:17",1274100
20.95,0,6900,"sd","10:32:02",1267200
21,0.05,10000,"bu","10:31:58",1260300
20.95,0,700,"bu","10:31:38",1250300
20.95,0,200,"bu","10:31:24",1249600
20.9,-0.05,200,"sd","10:31:19",1249400
20.9,-0.05,100,"sd","10:31:01",1249200
20.95,0,5000,"bu","10:31:01",1249100
20.95,0,6800,"bu","10:30:59",1244100
20.9,-0.05,5000,"sd","10:30:31",1237300
20.9,-0.05,300,"sd","10:30:15",1232300
20.95,0,2100,"bu","10:30:08",1232000
20.95,0,3000,"bu","10:30:05",1229900
20.95,0,1500,"bu","10:29:57",1226900
20.95,0,400,"bu","10:29:31",1225400
20.95,0,100,"bu","10:29:27",1225000
20.95,0,4000,"bu","10:29:11",1224900
20.95,0,50000,"bu","10:28:55",1220900
20.95,0,400,"bu","10:28:35",1170900
20.95,0,100,"bu","10:28:16",1170500
20.9,-0.05,1000,"sd","10:27:31",1170400
20.9,-0.05,500,"sd","10:25:30",1169400
20.9,-0.05,3000,"sd","10:24:18",1168900
20.9,-0.05,5000,"sd","10:24:03",1165900
20.9,-0.05,500,"sd","10:23:28",1160900
20.9,-0.05,300,"sd","10:23:09",1160400
20.9,-0.05,3000,"sd","10:22:46",1160100
20.9,-0.05,100,"sd","10:22:28",1157100
20.9,-0.05,3000,"sd","10:22:07",1157000
20.9,-0.05,6800,"sd","10:21:54",1154000
20.9,-0.05,500,"sd","10:21:38",1147200
20.9,-0.05,500,"sd","10:21:33",1146700
20.9,-0.05,1500,"sd","10:20:54",1146200
20.9,-0.05,4500,"sd","10:20:20",1144700
20.9,-0.05,5000,"sd","10:19:46",1140200
20.9,-0.05,200,"sd","10:19:41",1135200
20.9,-0.05,400,"sd","10:19:14",1135000
20.95,0,1900,"sd","10:17:22",1134600
20.95,0,3200,"bu","10:17:10",1132700
20.95,0,47800,"sd","10:16:12",1129500
20.95,0,200,"sd","10:15:13",1081700
20.95,0,100,"sd","10:14:58",1081500
20.95,0,21900,"bu","10:14:36",1081400
20.9,-0.05,1000,"sd","10:14:25",1059500
20.95,0,50000,"bu","10:14:19",1058500
20.95,0,100,"bu","10:14:06",1008500
20.95,0,300,"bu","10:13:43",1008400
20.95,0,1000,"bu","10:13:25",1008100
20.9,-0.05,200,"sd","10:13:23",1007100
20.9,-0.05,300,"sd","10:13:21",1006900
20.95,0,100,"bu","10:12:52",1006600
20.95,0,1000,"bu","10:11:58",1006500
20.95,0,11800,"sd","10:11:18",1005500
20.95,0,500,"sd","10:11:10",993700
20.95,0,200,"sd","10:10:21",993200
20.95,0,6900,"sd","10:10:14",993000
20.95,0,6900,"sd","10:09:56",986100
21,0.05,500,"bu","10:09:43",979200
21,0.05,3500,"bu","10:09:40",978700
21,0.05,100000,"bu","10:09:34",975200
20.95,0,100,"sd","10:09:29",875200
21,0.05,100000,"bu","10:09:29",875100
20.95,0,6900,"sd","10:08:16",775100
20.95,0,27800,"bu","10:07:37",768200
20.95,0,61700,"bu","10:07:36",740400
20.95,0,200,"bu","10:06:13",678700
20.95,0,3400,"bu","10:06:13",678500
20.9,-0.05,16300,"bu","10:06:13",675100
20.9,-0.05,11600,"bu","10:06:12",658800
20.9,-0.05,400,"bu","10:06:12",647200
20.9,-0.05,20000,"bu","10:06:10",646800
20.9,-0.05,200,"bu","10:05:53",626800
20.9,-0.05,100,"bu","10:04:47",626600
20.9,-0.05,100,"bu","10:04:37",626500
20.9,-0.05,500,"bu","10:04:30",626400
20.9,-0.05,500,"bu","10:03:42",625900
20.9,-0.05,500,"bu","10:03:30",625400
20.9,-0.05,100,"bu","10:03:23",624900
20.9,-0.05,50000,"bu","10:02:51",624800
20.9,-0.05,37200,"sd","10:02:18",574800
20.9,-0.05,4400,"sd","10:02:14",537600
20.9,-0.05,11000,"sd","10:02:11",533200
20.9,-0.05,4400,"sd","10:02:06",522200
20.9,-0.05,6900,"sd","10:02:04",517800
20.9,-0.05,300,"sd","10:01:35",510900
20.9,-0.05,400,"sd","10:01:34",510600
20.9,-0.05,300,"sd","10:01:27",510200
20.9,-0.05,1000,"sd","10:01:16",509900
20.9,-0.05,1100,"sd","10:01:12",508900
20.9,-0.05,10000,"sd","10:00:55",507800
20.9,-0.05,1100,"sd","10:00:51",497800
20.9,-0.05,1100,"sd","10:00:24",496700
20.9,-0.05,1100,"sd","10:00:00",495600
20.9,-0.05,1100,"sd","09:59:39",494500
20.9,-0.05,1100,"sd","09:59:32",493400
20.9,-0.05,1100,"sd","09:59:12",492300
20.95,0,900,"bu","09:59:12",491200
20.9,-0.05,1100,"sd","09:59:06",490300
20.9,-0.05,200,"sd","09:59:02",489200
20.9,-0.05,1100,"sd","09:58:58",489000
20.9,-0.05,1100,"sd","09:58:54",487900
20.9,-0.05,1100,"sd","09:58:49",486800
20.9,-0.05,1100,"sd","09:58:43",485700
20.9,-0.05,100,"sd","09:58:41",484600
20.9,-0.05,1100,"sd","09:58:38",484500
20.9,-0.05,1100,"sd","09:58:34",483400
20.9,-0.05,900,"sd","09:58:12",482300
20.9,-0.05,500,"sd","09:58:02",481400
20.9,-0.05,92300,"bu","09:58:00",480900
20.9,-0.05,3000,"bu","09:57:54",388600
20.9,-0.05,500,"bu","09:57:26",385600
20.9,-0.05,200,"bu","09:57:10",385100
20.9,-0.05,100,"bu","09:56:35",384900
20.9,-0.05,3000,"bu","09:56:19",384800
20.9,-0.05,100,"bu","09:56:18",381800
20.9,-0.05,2400,"bu","09:55:58",381700
20.9,-0.05,1000,"bu","09:54:12",379300
20.85,-0.1,200,"sd","09:52:35",378300
20.85,-0.1,100,"sd","09:50:43",378100
20.85,-0.1,5300,"bu","09:50:14",378000
20.85,-0.1,500,"bu","09:50:05",372700
20.85,-0.1,500,"bu","09:49:45",372200
20.85,-0.1,500,"bu","09:49:35",371700
20.85,-0.1,100,"bu","09:49:30",371200
20.85,-0.1,500,"bu","09:49:19",371100
20.85,-0.1,500,"bu","09:49:00",370600
20.85,-0.1,30000,"bu","09:48:52",370100
20.85,-0.1,2000,"bu","09:48:44",340100
20.85,-0.1,10200,"sd","09:48:31",338100
20.85,-0.1,5900,"sd","09:48:09",327900
20.85,-0.1,200,"sd","09:47:52",322000
20.85,-0.1,4400,"sd","09:47:51",321800
20.85,-0.1,50000,"sd","09:47:43",317400
20.85,-0.1,200,"sd","09:47:42",267400
20.85,-0.1,4400,"sd","09:47:40",267200
20.85,-0.1,500,"sd","09:47:33",262800
20.85,-0.1,4400,"sd","09:47:31",262300
20.85,-0.1,6900,"sd","09:47:28",257900
20.85,-0.1,400,"sd","09:47:22",251000
20.85,-0.1,4400,"sd","09:47:22",250600
20.85,-0.1,4400,"sd","09:47:17",246200
20.85,-0.1,200,"sd","09:47:12",241800
20.85,-0.1,4400,"sd","09:47:09",241600
20.85,-0.1,100,"sd","09:46:34",237200
20.85,-0.1,100,"sd","09:46:12",237100
20.85,-0.1,500,"sd","09:46:03",237000
20.85,-0.1,10000,"sd","09:45:55",236500
20.85,-0.1,100,"sd","09:45:03",226500
20.85,-0.1,2200,"bu","09:44:56",226400
20.85,-0.1,300,"bu","09:44:50",224200
20.85,-0.1,200,"bu","09:44:49",223900
20.8,-0.15,500,"sd","09:44:42",223700
20.85,-0.1,10000,"bu","09:44:41",223200
20.85,-0.1,1000,"bu","09:44:33",213200
20.8,-0.15,500,"sd","09:43:53",212200
20.8,-0.15,200,"sd","09:43:52",211700
20.85,-0.1,4000,"bu","09:43:51",211500
20.8,-0.15,100,"sd","09:41:43",207500
20.85,-0.1,3000,"bu","09:41:38",207400
20.85,-0.1,400,"bu","09:41:04",204000
20.85,-0.1,1000,"bu","09:39:25",203600
20.8,-0.15,500,"sd","09:38:28",202600
20.85,-0.1,1000,"bu","09:38:26",202100
20.8,-0.15,1000,"sd","09:37:39",201100
20.8,-0.15,100,"sd","09:37:02",200100
20.8,-0.15,2000,"sd","09:36:55",200000
20.8,-0.15,1000,"sd","09:36:51",198000
20.8,-0.15,600,"sd","09:36:42",197000
20.8,-0.15,10000,"sd","09:36:40",196400
20.8,-0.15,2400,"sd","09:36:34",186400
20.8,-0.15,200,"sd","09:35:44",184000
20.85,-0.1,400,"bu","09:35:10",183800
20.8,-0.15,200,"sd","09:35:03",183400
20.8,-0.15,1000,"sd","09:34:33",183200
20.8,-0.15,200,"sd","09:34:27",182200
20.8,-0.15,100,"sd","09:34:23",182000
20.8,-0.15,2000,"sd","09:34:20",181900
20.8,-0.15,1000,"sd","09:32:02",179900
20.8,-0.15,200,"sd","09:31:42",178900
20.8,-0.15,4000,"sd","09:31:39",178700
20.8,-0.15,1500,"sd","09:31:26",174700
20.8,-0.15,100,"sd","09:31:22",173200
20.8,-0.15,2800,"bu","09:31:15",173100
20.8,-0.15,900,"sd","09:31:13",170300
20.8,-0.15,200,"sd","09:31:12",169400
20.8,-0.15,5000,"sd","09:31:06",169200
20.8,-0.15,500,"sd","09:30:48",164200
20.8,-0.15,200,"sd","09:30:46",163700
20.8,-0.15,100,"sd","09:30:42",163500
20.8,-0.15,2000,"sd","09:30:36",163400
20.8,-0.15,100,"sd","09:30:23",161400
20.8,-0.15,100,"sd","09:30:22",161300
20.8,-0.15,5000,"sd","09:30:21",161200
20.8,-0.15,1000,"sd","09:29:52",156200
20.8,-0.15,20000,"sd","09:29:48",155200
20.8,-0.15,1300,"sd","09:29:23",135200
20.8,-0.15,1100,"sd","09:29:12",133900
20.8,-0.15,23500,"sd","09:29:05",132800
20.8,-0.15,200,"sd","09:28:56",109300
20.8,-0.15,700,"sd","09:28:52",109100
20.8,-0.15,15000,"sd","09:28:43",108400
20.8,-0.15,400,"sd","09:28:03",93400
20.8,-0.15,5000,"sd","09:28:01",93000
20.85,-0.1,3200,"sd","09:27:53",88000
20.85,-0.1,1000,"sd","09:27:39",84800
20.85,-0.1,100,"sd","09:27:23",83800
20.85,-0.1,100,"sd","09:27:21",83700
20.85,-0.1,3000,"sd","09:27:15",83600
20.85,-0.1,500,"sd","09:27:10",80600
20.85,-0.1,200,"sd","09:26:02",80100
20.9,-0.05,4400,"sd","09:25:56",79900
20.95,0,500,"bu","09:25:55",75500
20.9,-0.05,100,"sd","09:25:32",75000
20.9,-0.05,2400,"sd","09:25:28",74900
20.9,-0.05,100,"sd","09:25:22",72500
20.9,-0.05,2000,"sd","09:25:13",72400
20.9,-0.05,1000,"sd","09:24:58",70400
20.9,-0.05,1000,"sd","09:24:12",69400
20.95,0,100,"bu","09:24:08",68400
20.95,0,100,"bu","09:23:56",68300
20.9,-0.05,1000,"sd","09:23:38",68200
20.9,-0.05,100,"sd","09:23:21",67200
20.9,-0.05,300,"sd","09:22:22",67100
20.9,-0.05,6200,"bu","09:22:15",66800
20.9,-0.05,1100,"bu","09:22:00",60600
20.9,-0.05,500,"bu","09:21:35",59500
20.9,-0.05,1000,"sd","09:21:30",59000
20.9,-0.05,500,"sd","09:21:13",58000
20.9,-0.05,1600,"bu","09:21:08",57500
20.9,-0.05,8400,"sd","09:21:06",55900
20.9,-0.05,500,"sd","09:20:34",47500
20.9,-0.05,1000,"sd","09:20:30",47000
20.9,-0.05,4400,"sd","09:20:05",46000
20.9,-0.05,200,"bu","09:19:51",41600
20.9,-0.05,100,"bu","09:19:34",41400
20.9,-0.05,4700,"sd","09:19:26",41300
20.9,-0.05,100,"sd","09:19:16",36600
20.9,-0.05,100,"sd","09:19:08",36500
20.9,-0.05,500,"sd","09:19:07",36400
20.9,-0.05,100,"bu","09:18:22",35900
20.9,-0.05,2000,"bu","09:17:33",35800
20.9,-0.05,3800,"sd","09:16:39",33800
20.9,-0.05,200,"sd","09:16:23",30000
20.9,-0.05,2000,"sd","09:15:49",29800
20.95,0,100,"bu","09:15:32",27800
20.95,0,3000,"bu","09:15:04",27700
20.9,-0.05,24700,"","09:15:02",24700
