"price","change","match_qtty","side","time","total_vol"
11.8,0.4,53200,"","14:45:03",5144500
11.9,0.5,1300,"bu","14:29:58",5091300
11.9,0.5,100,"bu","14:29:55",5090000
11.9,0.5,400,"bu","14:29:53",5089900
11.9,0.5,100,"bu","14:29:44",5089500
11.9,0.5,6600,"sd","14:29:34",5089400
11.9,0.5,3400,"bu","14:29:25",5082800
11.9,0.5,500,"bu","14:29:22",5079400
11.9,0.5,1500,"bu","14:29:19",5078900
11.85,0.45,1000,"sd","14:29:19",5077400
11.9,0.5,500,"bu","14:29:19",5076400
11.9,0.5,1000,"bu","14:29:18",5075900
11.9,0.5,800,"bu","14:29:17",5074900
11.9,0.5,1000,"bu","14:28:51",5074100
11.85,0.45,7200,"sd","14:28:37",5073100
11.85,0.45,400,"sd","14:28:30",5065900
11.9,0.5,100,"sd","14:28:30",5065500
11.95,0.55,9600,"bu","14:28:24",5065400
11.9,0.5,10400,"bu","14:28:24",5055800
11.9,0.5,1000,"bu","14:28:21",5045400
11.9,0.5,13600,"sd","14:28:17",5044400
11.9,0.5,3000,"sd","14:28:11",5030800
11.95,0.55,200,"bu","14:28:08",5027800
11.9,0.5,83400,"bu","14:28:01",5027600
11.85,0.45,100,"sd","14:27:56",4944200
11.85,0.45,600,"sd","14:27:48",4944100
11.85,0.45,1000,"sd","14:27:45",4943500
11.85,0.45,1200,"bu","14:27:38",4942500
11.85,0.45,100,"bu","14:27:27",4941300
11.85,0.45,7400,"sd","14:27:23",4941200
11.85,0.45,10000,"sd","14:27:21",4933800
11.85,0.45,2000,"sd","14:27:18",4923800
11.85,0.45,1000,"sd","14:27:17",4921800
11.85,0.45,3500,"sd","14:27:06",4920800
11.85,0.45,1000,"sd","14:26:50",4917300
11.85,0.45,1900,"sd","14:26:49",4916300
11.85,0.45,200,"sd","14:26:28",4914400
11.85,0.45,700,"sd","14:25:59",4914200
11.85,0.45,700,"sd","14:25:32",4913500
11.85,0.45,43200,"bu","14:25:14",4912800
11.8,0.4,9500,"bu","14:24:57",4869600
11.8,0.4,1000,"bu","14:24:53",4860100
11.8,0.4,100,"bu","14:24:10",4859100
11.8,0.4,1000,"bu","14:23:56",4859000
11.8,0.4,9000,"bu","14:23:55",4858000
11.8,0.4,200,"bu","14:23:07",4849000
11.75,0.35,1900,"sd","14:23:05",4848800
11.8,0.4,100,"bu","14:22:57",4846900
11.8,0.4,4500,"bu","14:22:43",4846800
11.75,0.35,200,"sd","14:22:38",4842300
11.8,0.4,500,"bu","14:22:34",4842100
11.75,0.35,300,"sd","14:22:28",4841600
11.8,0.4,1000,"bu","14:22:24",4841300
11.8,0.4,3900,"sd","14:22:08",4840300
11.8,0.4,1000,"sd","14:22:06",4836400
11.8,0.4,6000,"sd","14:22:06",4835400
11.8,0.4,500,"sd","14:22:05",4829400
11.8,0.4,1000,"sd","14:22:03",4828900
11.8,0.4,200,"sd","14:21:56",4827900
11.8,0.4,500,"sd","14:21:48",4827700
11.8,0.4,15000,"sd","14:21:45",4827200
11.8,0.4,1000,"sd","14:21:36",4812200
11.8,0.4,5100,"sd","14:21:25",4811200
11.8,0.4,100,"sd","14:21:21",4806100
11.8,0.4,5000,"sd","14:21:14",4806000
11.8,0.4,5000,"sd","14:21:06",4801000
11.8,0.4,2000,"sd","14:21:04",4796000
11.8,0.4,200,"sd","14:21:03",4794000
11.8,0.4,2000,"sd","14:21:02",4793800
11.85,0.45,100,"bu","14:21:02",4791800
11.8,0.4,1800,"sd","14:20:49",4791700
11.8,0.4,3000,"sd","14:20:45",4789900
11.8,0.4,2300,"sd","14:20:29",4786900
11.8,0.4,100,"sd","14:20:29",4784600
11.8,0.4,500,"sd","14:19:48",4784500
11.8,0.4,1000,"sd","14:19:43",4784000
11.8,0.4,2000,"sd","14:19:39",4783000
11.8,0.4,1000,"sd","14:19:33",4781000
11.8,0.4,100,"sd","14:19:32",4780000
11.8,0.4,1000,"sd","14:19:26",4779900
11.8,0.4,6000,"sd","14:19:17",4778900
11.8,0.4,10000,"sd","14:18:36",4772900
11.8,0.4,400,"sd","14:18:23",4762900
11.8,0.4,500,"sd","14:17:44",4762500
11.8,0.4,1000,"sd","14:17:43",4762000
11.8,0.4,2500,"sd","14:17:40",4761000
11.8,0.4,2000,"sd","14:17:36",4758500
11.8,0.4,200,"sd","14:17:28",4756500
11.8,0.4,500,"sd","14:17:25",4756300
11.8,0.4,6500,"sd","14:17:12",4755800
11.8,0.4,3800,"sd","14:17:04",4749300
11.8,0.4,12000,"sd","14:16:56",4745500
11.8,0.4,1100,"sd","14:16:43",4733500
11.8,0.4,500,"sd","14:16:30",4732400
11.85,0.45,2000,"bu","14:16:10",4731900
11.85,0.45,100,"bu","14:15:48",4729900
11.85,0.45,300,"bu","14:15:40",4729800
11.8,0.4,1300,"sd","14:15:37",4729500
11.8,0.4,200,"sd","14:15:30",4728200
11.8,0.4,100,"sd","14:15:18",4728000
11.85,0.45,2400,"sd","14:15:00",4727900
11.85,0.45,6600,"bu","14:14:57",4725500
11.85,0.45,5500,"sd","14:14:32",4718900
11.85,0.45,500,"sd","14:14:29",4713400
11.85,0.45,100,"sd","14:14:27",4712900
11.85,0.45,7000,"sd","14:14:22",4712800
11.85,0.45,5000,"sd","14:14:18",4705800
11.85,0.45,2000,"sd","14:14:16",4700800
11.85,0.45,2000,"sd","14:14:10",4698800
11.85,0.45,400,"sd","14:14:07",4696800
11.85,0.45,300,"sd","14:14:04",4696400
11.85,0.45,400,"sd","14:13:43",4696100
11.85,0.45,200,"sd","14:13:42",4695700
11.85,0.45,500,"sd","14:13:34",4695500
11.85,0.45,100,"sd","14:13:18",4695000
11.85,0.45,3000,"sd","14:13:07",4694900
11.85,0.45,2000,"sd","14:12:42",4691900
11.85,0.45,10000,"sd","14:12:39",4689900
11.85,0.45,5700,"sd","14:12:27",4679900
11.85,0.45,200,"sd","14:12:04",4674200
11.85,0.45,2500,"sd","14:11:53",4674000
11.85,0.45,800,"sd","14:10:26",4671500
11.85,0.45,4000,"sd","14:09:43",4670700
11.9,0.5,400,"bu","14:08:37",4666700
11.9,0.5,200,"bu","14:08:33",4666300
11.9,0.5,900,"bu","14:08:26",4666100
11.9,0.5,200,"bu","14:08:00",4665200
11.85,0.45,600,"sd","14:07:17",4665000
11.85,0.45,700,"sd","14:07:17",4664400
11.9,0.5,3000,"bu","14:06:42",4663700
11.9,0.5,2000,"bu","14:06:19",4660700
11.9,0.5,200,"bu","14:06:02",4658700
11.85,0.45,100,"sd","14:05:10",4658500
11.9,0.5,300,"bu","14:04:57",4658400
11.9,0.5,400,"bu","14:04:37",4658100
11.85,0.45,1000,"sd","14:04:08",4657700
11.85,0.45,2000,"sd","14:03:33",4656700
11.85,0.45,500,"sd","14:03:28",4654700
11.85,0.45,100,"sd","14:02:58",4654200
11.85,0.45,1800,"sd","14:02:51",4654100
11.85,0.45,100,"sd","14:02:38",4652300
11.85,0.45,500,"sd","14:02:29",4652200
11.85,0.45,5000,"sd","14:02:22",4651700
11.85,0.45,100,"sd","14:02:19",4646700
11.85,0.45,700,"sd","14:01:37",4646600
11.85,0.45,1000,"sd","14:01:21",4645900
11.85,0.45,5000,"sd","14:01:21",4644900
11.85,0.45,1000,"sd","14:00:54",4639900
11.85,0.45,1000,"sd","14:00:39",4638900
11.85,0.45,500,"sd","14:00:09",4637900
11.85,0.45,500,"sd","13:59:19",4637400
11.85,0.45,500,"sd","13:58:00",4636900
11.85,0.45,1000,"sd","13:57:51",4636400
11.85,0.45,100,"sd","13:57:22",4635400
11.85,0.45,300,"sd","13:56:37",4635300
11.85,0.45,1000,"sd","13:55:26",4635000
11.85,0.45,1600,"sd","13:54:53",4634000
11.85,0.45,8800,"bu","13:54:21",4632400
11.85,0.45,400,"bu","13:54:11",4623600
11.8,0.4,3000,"sd","13:53:54",4623200
11.85,0.45,1000,"bu","13:53:45",4620200
11.85,0.45,1000,"bu","13:53:35",4619200
11.85,0.45,10000,"bu","13:53:28",4618200
11.85,0.45,700,"bu","13:53:16",4608200
11.8,0.4,100,"sd","13:53:11",4607500
11.85,0.45,100,"bu","13:53:11",4607400
11.85,0.45,100,"bu","13:52:53",4607300
11.85,0.45,2000,"bu","13:52:42",4607200
11.85,0.45,1400,"bu","13:52:36",4605200
11.85,0.45,32500,"bu","13:52:32",4603800
11.85,0.45,1000,"bu","13:51:59",4571300
11.8,0.4,400,"sd","13:51:51",4570300
11.8,0.4,700,"sd","13:51:27",4569900
11.8,0.4,100,"sd","13:51:25",4569200
11.8,0.4,1200,"sd","13:50:48",4569100
11.8,0.4,800,"sd","13:50:47",4567900
11.8,0.4,1000,"sd","13:50:44",4567100
11.85,0.45,100,"bu","13:50:20",4566100
11.85,0.45,100,"bu","13:50:04",4566000
11.85,0.45,6800,"bu","13:49:42",4565900
11.8,0.4,600,"sd","13:49:39",4559100
11.85,0.45,1000,"bu","13:49:05",4558500
11.85,0.45,2000,"bu","13:48:47",4557500
11.85,0.45,8600,"bu","13:48:43",4555500
11.85,0.45,100,"bu","13:48:07",4546900
11.8,0.4,500,"sd","13:48:05",4546800
11.8,0.4,400,"sd","13:47:45",4546300
11.8,0.4,1000,"sd","13:47:40",4545900
11.8,0.4,400,"sd","13:47:22",4544900
11.8,0.4,2000,"sd","13:47:01",4544500
11.8,0.4,10000,"sd","13:46:51",4542500
11.8,0.4,4000,"sd","13:46:47",4532500
11.85,0.45,200,"bu","13:46:26",4528500
11.8,0.4,3000,"sd","13:46:21",4528300
11.85,0.45,3000,"bu","13:46:06",4525300
11.8,0.4,300,"sd","13:45:53",4522300
11.85,0.45,500,"bu","13:45:42",4522000
11.85,0.45,1000,"bu","13:45:11",4521500
11.85,0.45,1000,"bu","13:44:50",4520500
11.85,0.45,5000,"bu","13:44:05",4519500
11.8,0.4,3000,"sd","13:43:55",4514500
11.85,0.45,100,"bu","13:43:53",4511500
11.8,0.4,500,"sd","13:43:41",4511400
11.85,0.45,1000,"bu","13:43:31",4510900
11.85,0.45,1000,"bu","13:43:14",4509900
11.85,0.45,4000,"bu","13:42:40",4508900
11.8,0.4,100,"sd","13:42:39",4504900
11.8,0.4,200,"sd","13:42:09",4504800
11.8,0.4,400,"sd","13:41:30",4504600
11.8,0.4,200,"sd","13:41:26",4504200
11.8,0.4,1000,"sd","13:41:12",4504000
11.8,0.4,1000,"sd","13:40:39",4503000
11.8,0.4,5000,"sd","13:40:12",4502000
11.8,0.4,2000,"sd","13:39:56",4497000
11.8,0.4,5000,"sd","13:39:49",4495000
11.8,0.4,2000,"bu","13:39:41",4490000
11.75,0.35,200,"sd","13:39:40",4488000
11.8,0.4,200,"bu","13:39:39",4487800
11.8,0.4,300,"bu","13:39:34",4487600
11.8,0.4,1500,"sd","13:39:30",4487300
11.8,0.4,3100,"bu","13:39:26",4485800
11.8,0.4,1000,"bu","13:38:55",4482700
11.8,0.4,400,"bu","13:38:40",4481700
11.8,0.4,1000,"bu","13:38:36",4481300
11.8,0.4,1000,"bu","13:38:27",4480300
11.75,0.35,2200,"sd","13:38:21",4479300
11.8,0.4,500,"bu","13:38:15",4477100
11.8,0.4,1000,"bu","13:38:09",4476600
11.8,0.4,300,"bu","13:38:02",4475600
11.8,0.4,1000,"bu","13:37:42",4475300
11.8,0.4,5000,"bu","13:37:32",4474300
11.8,0.4,500,"bu","13:37:20",4469300
11.8,0.4,100,"bu","13:37:17",4468800
11.8,0.4,1000,"bu","13:36:48",4468700
11.8,0.4,9000,"bu","13:36:36",4467700
11.8,0.4,500,"bu","13:36:32",4458700
11.8,0.4,100,"bu","13:36:24",4458200
11.8,0.4,600,"sd","13:35:59",4458100
11.8,0.4,5000,"sd","13:35:58",4457500
11.8,0.4,1000,"sd","13:35:57",4452500
11.8,0.4,1000,"sd","13:35:53",4451500
11.8,0.4,4000,"sd","13:35:52",4450500
11.8,0.4,10000,"sd","13:35:48",4446500
11.8,0.4,6000,"sd","13:35:38",4436500
11.8,0.4,2000,"sd","13:35:30",4430500
11.8,0.4,3000,"sd","13:35:29",4428500
11.8,0.4,6000,"sd","13:35:18",4425500
11.8,0.4,1000,"sd","13:35:16",4419500
11.8,0.4,600,"sd","13:35:00",4418500
11.8,0.4,1500,"sd","13:34:53",4417900
11.8,0.4,3000,"sd","13:34:08",4416400
11.8,0.4,5000,"sd","13:33:52",4413400
11.8,0.4,3000,"sd","13:33:27",4408400
11.85,0.45,100,"bu","13:32:35",4405400
11.8,0.4,700,"sd","13:32:19",4405300
11.8,0.4,700,"sd","13:32:18",4404600
11.85,0.45,1000,"bu","13:32:11",4403900
11.85,0.45,20000,"bu","13:31:39",4402900
11.8,0.4,5400,"sd","13:31:39",4382900
11.8,0.4,1000,"sd","13:31:21",4377500
11.8,0.4,200,"sd","13:30:54",4376500
11.8,0.4,4900,"bu","13:29:36",4376300
11.8,0.4,2000,"bu","13:29:34",4371400
11.8,0.4,1000,"bu","13:29:29",4369400
11.75,0.35,30000,"sd","13:29:18",4368400
11.8,0.4,25000,"bu","13:29:18",4338400
11.8,0.4,200,"bu","13:29:10",4313400
11.75,0.35,700,"sd","13:28:56",4313200
11.75,0.35,100,"sd","13:28:48",4312500
11.8,0.4,1000,"bu","13:28:46",4312400
11.75,0.35,500,"sd","13:28:44",4311400
11.8,0.4,1000,"bu","13:28:33",4310900
11.8,0.4,4500,"bu","13:28:26",4309900
11.75,0.35,2000,"sd","13:28:13",4305400
11.8,0.4,200,"bu","13:28:09",4303400
11.8,0.4,6000,"bu","13:28:03",4303200
11.8,0.4,1700,"bu","13:28:00",4297200
11.8,0.4,1800,"bu","13:27:55",4295500
11.8,0.4,2000,"bu","13:27:49",4293700
11.8,0.4,2000,"bu","13:27:47",4291700
11.8,0.4,1500,"bu","13:27:41",4289700
11.8,0.4,1500,"bu","13:27:17",4288200
11.8,0.4,3900,"sd","13:27:13",4286700
11.8,0.4,15400,"bu","13:27:11",4282800
11.8,0.4,23500,"sd","13:27:04",4267400
11.8,0.4,15700,"sd","13:27:04",4243900
11.8,0.4,5000,"sd","13:27:01",4228200
11.8,0.4,66400,"sd","13:26:59",4223200
11.8,0.4,39400,"sd","13:26:59",4156800
11.8,0.4,3000,"sd","13:26:37",4117400
11.8,0.4,100,"sd","13:26:32",4114400
11.8,0.4,400,"sd","13:26:28",4114300
11.8,0.4,200,"sd","13:26:27",4113900
11.8,0.4,3300,"sd","13:26:25",4113700
11.8,0.4,1000,"sd","13:26:12",4110400
11.8,0.4,3800,"sd","13:26:08",4109400
11.8,0.4,3000,"sd","13:26:06",4105600
11.8,0.4,700,"sd","13:26:04",4102600
11.8,0.4,1000,"sd","13:26:03",4101900
11.8,0.4,700,"sd","13:26:00",4100900
11.8,0.4,1000,"sd","13:25:55",4100200
11.8,0.4,1000,"sd","13:25:50",4099200
11.8,0.4,1000,"sd","13:25:49",4098200
11.8,0.4,900,"sd","13:25:41",4097200
11.8,0.4,100,"sd","13:25:22",4096300
11.8,0.4,300,"sd","13:25:19",4096200
11.8,0.4,1000,"sd","13:25:11",4095900
11.8,0.4,1000,"sd","13:25:00",4094900
11.85,0.45,100,"bu","13:24:56",4093900
11.8,0.4,100,"sd","13:24:44",4093800
11.8,0.4,600,"sd","13:24:39",4093700
11.8,0.4,2000,"sd","13:24:37",4093100
11.8,0.4,500,"sd","13:24:34",4091100
11.8,0.4,1000,"sd","13:24:18",4090600
11.8,0.4,6000,"sd","13:24:17",4089600
11.8,0.4,300,"sd","13:24:11",4083600
11.8,0.4,100,"sd","13:24:07",4083300
11.8,0.4,3700,"sd","13:24:01",4083200
11.8,0.4,4000,"sd","13:23:58",4079500
11.8,0.4,20000,"sd","13:23:55",4075500
11.8,0.4,100,"sd","13:23:52",4055500
11.8,0.4,1000,"sd","13:23:39",4055400
11.8,0.4,700,"sd","13:23:35",4054400
11.8,0.4,1000,"sd","13:23:27",4053700
11.8,0.4,900,"sd","13:23:25",4052700
11.8,0.4,400,"sd","13:23:16",4051800
11.8,0.4,3800,"sd","13:23:14",4051400
11.8,0.4,3000,"sd","13:23:02",4047600
11.8,0.4,10000,"sd","13:22:59",4044600
11.8,0.4,100,"sd","13:22:52",4034600
11.8,0.4,100,"sd","13:22:39",4034500
11.8,0.4,100,"sd","13:22:38",4034400
11.85,0.45,1000,"bu","13:22:37",4034300
11.8,0.4,300,"sd","13:22:34",4033300
11.8,0.4,500,"sd","13:22:23",4033000
11.8,0.4,100,"sd","13:22:15",4032500
11.85,0.45,100,"bu","13:21:52",4032400
11.85,0.45,800,"sd","13:21:02",4032300
11.85,0.45,100,"sd","13:20:56",4031500
11.85,0.45,900,"sd","13:20:45",4031400
11.85,0.45,500,"sd","13:20:37",4030500
11.85,0.45,3400,"sd","13:20:19",4030000
11.85,0.45,100,"sd","13:20:17",4026600
11.85,0.45,1100,"sd","13:20:14",4026500
11.85,0.45,1000,"sd","13:20:07",4025400
11.85,0.45,5000,"sd","13:19:59",4024400
11.85,0.45,1300,"sd","13:19:51",4019400
11.85,0.45,100,"sd","13:19:39",4018100
11.85,0.45,5000,"sd","13:19:34",4018000
11.85,0.45,9000,"sd","13:19:29",4013000
11.85,0.45,200,"sd","13:19:10",4004000
11.85,0.45,1000,"sd","13:18:59",4003800
11.85,0.45,3700,"bu","13:18:10",4002800
11.85,0.45,2900,"bu","13:18:06",3999100
11.85,0.45,1000,"bu","13:17:49",3996200
11.85,0.45,2000,"bu","13:17:40",3995200
11.85,0.45,1800,"sd","13:17:21",3993200
11.85,0.45,5000,"sd","13:17:19",3991400
11.85,0.45,800,"sd","13:17:00",3986400
11.85,0.45,200,"sd","13:16:59",3985600
11.85,0.45,600,"sd","13:16:42",3985400
11.85,0.45,2000,"sd","13:16:39",3984800
11.85,0.45,300,"sd","13:16:36",3982800
11.85,0.45,1000,"sd","13:16:27",3982500
11.85,0.45,5000,"sd","13:16:24",3981500
11.85,0.45,8800,"bu","13:16:22",3976500
11.85,0.45,1000,"bu","13:15:48",3967700
11.85,0.45,2900,"sd","13:15:20",3966700
11.85,0.45,10000,"sd","13:15:15",3963800
11.85,0.45,100,"sd","13:14:54",3953800
11.85,0.45,1000,"sd","13:14:19",3953700
11.9,0.5,100,"bu","13:14:14",3952700
11.85,0.45,100,"sd","13:14:00",3952600
11.85,0.45,2000,"sd","13:13:59",3952500
11.85,0.45,1000,"sd","13:12:46",3950500
11.85,0.45,200,"sd","13:11:48",3949500
11.85,0.45,600,"bu","13:11:46",3949300
11.85,0.45,4200,"bu","13:11:44",3948700
11.85,0.45,24300,"sd","13:11:34",3944500
11.85,0.45,500,"sd","13:11:13",3920200
11.85,0.45,800,"bu","13:10:44",3919700
11.85,0.45,1000,"bu","13:10:40",3918900
11.85,0.45,800,"bu","13:10:40",3917900
11.85,0.45,4000,"bu","13:10:38",3917100
11.85,0.45,500,"bu","13:10:33",3913100
11.85,0.45,700,"bu","13:09:59",3912600
11.85,0.45,9900,"sd","13:09:53",3911900
11.85,0.45,100,"sd","13:09:39",3902000
11.85,0.45,500,"sd","13:09:08",3901900
11.85,0.45,4000,"sd","13:09:00",3901400
11.85,0.45,2000,"sd","13:08:47",3897400
11.85,0.45,4000,"sd","13:08:45",3895400
11.85,0.45,2800,"sd","13:08:23",3891400
11.85,0.45,200,"sd","13:08:10",3888600
11.85,0.45,500,"sd","13:07:55",3888400
11.85,0.45,500,"sd","13:07:32",3887900
11.85,0.45,600,"sd","13:07:19",3887400
11.85,0.45,500,"sd","13:06:58",3886800
11.9,0.5,3000,"bu","13:06:56",3886300
11.85,0.45,1000,"sd","13:06:46",3883300
11.9,0.5,800,"bu","13:05:45",3882300
11.85,0.45,2300,"sd","13:05:38",3881500
11.85,0.45,1000,"sd","13:05:32",3879200
11.85,0.45,200,"sd","13:05:21",3878200
11.85,0.45,3600,"bu","13:05:21",3878000
11.85,0.45,1000,"bu","13:05:09",3874400
11.85,0.45,11900,"sd","13:04:48",3873400
11.85,0.45,300,"sd","13:04:43",3861500
11.85,0.45,1000,"sd","13:04:42",3861200
11.85,0.45,5000,"sd","13:04:41",3860200
11.85,0.45,100,"sd","13:04:40",3855200
11.85,0.45,500,"sd","13:04:37",3855100
11.85,0.45,1600,"sd","13:04:34",3854600
11.85,0.45,1000,"sd","13:04:29",3853000
11.85,0.45,4000,"sd","13:04:26",3852000
11.85,0.45,17500,"sd","13:04:23",3848000
11.85,0.45,2000,"sd","13:04:18",3830500
11.85,0.45,500,"sd","13:04:14",3828500
11.85,0.45,1000,"sd","13:04:02",3828000
11.85,0.45,2000,"sd","13:03:26",3827000
11.85,0.45,2000,"sd","13:03:18",3825000
11.85,0.45,100,"sd","13:03:01",3823000
11.85,0.45,1000,"sd","13:02:55",3822900
11.85,0.45,200,"sd","13:02:43",3821900
11.85,0.45,10000,"sd","13:02:41",3821700
11.85,0.45,1000,"sd","13:02:40",3811700
11.85,0.45,3000,"sd","13:02:37",3810700
11.85,0.45,10000,"sd","13:02:29",3807700
11.85,0.45,1500,"sd","13:02:17",3797700
11.85,0.45,1000,"sd","13:02:11",3796200
11.85,0.45,3400,"sd","13:02:07",3795200
11.85,0.45,500,"sd","13:01:55",3791800
11.85,0.45,500,"sd","13:01:27",3791300
11.85,0.45,300,"sd","13:01:23",3790800
11.85,0.45,2100,"sd","13:01:13",3790500
11.85,0.45,500,"sd","13:01:07",3788400
11.85,0.45,5000,"sd","13:00:59",3787900
11.85,0.45,4000,"sd","13:00:47",3782900
11.85,0.45,500,"sd","13:00:43",3778900
11.85,0.45,1000,"sd","13:00:36",3778400
11.9,0.5,3000,"bu","13:00:29",3777400
11.9,0.5,500,"bu","13:00:28",3774400
11.9,0.5,900,"bu","13:00:23",3773900
11.9,0.5,100,"bu","13:00:22",3773000
11.9,0.5,300,"bu","13:00:21",3772900
11.85,0.45,600,"sd","13:00:20",3772600
11.9,0.5,1100,"bu","13:00:19",3772000
11.9,0.5,1600,"bu","13:00:18",3770900
11.9,0.5,400,"bu","13:00:15",3769300
11.85,0.45,10000,"sd","13:00:15",3768900
11.85,0.45,2000,"sd","13:00:10",3758900
11.9,0.5,100,"bu","13:00:07",3756900
11.9,0.5,5000,"bu","13:00:05",3756800
11.85,0.45,700,"sd","13:00:05",3751800
11.85,0.45,1200,"sd","13:00:04",3751100
11.9,0.5,2000,"sd","13:00:04",3749900
11.9,0.5,10000,"sd","13:00:03",3747900
11.9,0.5,400,"sd","13:00:01",3737900
11.9,0.5,28100,"bu","13:00:00",3737500
11.9,0.5,1000,"bu","11:28:08",3709400
11.9,0.5,1800,"sd","11:27:31",3708400
11.9,0.5,500,"sd","11:27:30",3706600
11.9,0.5,2000,"sd","11:27:25",3706100
11.9,0.5,3000,"sd","11:27:05",3704100
11.9,0.5,1400,"sd","11:27:01",3701100
11.9,0.5,1000,"sd","11:27:00",3699700
11.9,0.5,900,"sd","11:26:46",3698700
11.9,0.5,2000,"sd","11:26:32",3697800
11.9,0.5,500,"sd","11:26:31",3695800
11.9,0.5,200,"sd","11:26:28",3695300
11.9,0.5,500,"sd","11:26:00",3695100
11.9,0.5,500,"sd","11:25:36",3694600
11.9,0.5,200,"sd","11:25:27",3694100
11.9,0.5,400,"sd","11:25:16",3693900
11.9,0.5,1000,"sd","11:25:15",3693500
11.9,0.5,1000,"sd","11:25:02",3692500
11.9,0.5,10000,"sd","11:24:58",3691500
11.9,0.5,1000,"sd","11:24:40",3681500
11.9,0.5,500,"sd","11:24:25",3680500
11.9,0.5,7000,"sd","11:23:58",3680000
11.9,0.5,1000,"sd","11:23:47",3673000
11.9,0.5,100,"sd","11:23:16",3672000
11.9,0.5,100,"sd","11:22:52",3671900
11.9,0.5,1000,"sd","11:22:32",3671800
11.9,0.5,300,"sd","11:22:25",3670800
11.9,0.5,100,"sd","11:21:57",3670500
11.9,0.5,500,"sd","11:21:41",3670400
11.9,0.5,700,"sd","11:21:32",3669900
11.9,0.5,700,"sd","11:21:29",3669200
11.9,0.5,1500,"sd","11:21:05",3668500
11.9,0.5,1000,"sd","11:21:00",3667000
11.9,0.5,40000,"sd","11:20:50",3666000
11.9,0.5,500,"sd","11:20:38",3626000
11.9,0.5,300,"sd","11:20:22",3625500
11.9,0.5,600,"sd","11:20:08",3625200
11.9,0.5,300,"sd","11:19:24",3624600
11.95,0.55,1000,"bu","11:18:37",3624300
11.95,0.55,10000,"bu","11:17:11",3623300
11.9,0.5,500,"sd","11:15:43",3613300
11.9,0.5,200,"sd","11:15:41",3612800
11.9,0.5,300,"sd","11:15:36",3612600
11.9,0.5,200,"sd","11:15:23",3612300
11.9,0.5,500,"sd","11:14:36",3612100
11.9,0.5,500,"sd","11:14:14",3611600
11.9,0.5,200,"sd","11:14:13",3611100
11.9,0.5,7100,"sd","11:14:10",3610900
11.9,0.5,300,"sd","11:14:08",3603800
11.9,0.5,200,"sd","11:12:56",3603500
11.9,0.5,5000,"sd","11:12:55",3603300
11.9,0.5,2000,"sd","11:12:30",3598300
11.95,0.55,200,"bu","11:12:23",3596300
11.9,0.5,3500,"sd","11:12:20",3596100
11.9,0.5,10200,"sd","11:12:16",3592600
11.9,0.5,30000,"sd","11:11:42",3582400
11.9,0.5,5000,"sd","11:11:38",3552400
11.9,0.5,1000,"sd","11:10:44",3547400
11.9,0.5,4000,"sd","11:10:12",3546400
11.95,0.55,100,"bu","11:09:15",3542400
11.9,0.5,100,"sd","11:08:40",3542300
11.95,0.55,100,"bu","11:08:37",3542200
11.95,0.55,2000,"bu","11:07:57",3542100
11.95,0.55,3200,"bu","11:06:17",3540100
11.95,0.55,2200,"bu","11:06:16",3536900
11.95,0.55,4000,"bu","11:06:15",3534700
11.95,0.55,2000,"bu","11:06:14",3530700
11.95,0.55,4000,"bu","11:05:06",3528700
11.95,0.55,200,"bu","11:05:05",3524700
11.9,0.5,10000,"sd","11:04:38",3524500
11.95,0.55,4000,"bu","11:04:31",3514500
11.95,0.55,900,"bu","11:04:03",3510500
11.9,0.5,2900,"sd","11:03:35",3509600
11.9,0.5,5000,"sd","11:03:00",3506700
11.9,0.5,500,"sd","11:01:57",3501700
11.9,0.5,100,"sd","11:01:22",3501200
11.9,0.5,2000,"sd","11:01:21",3501100
11.9,0.5,100,"sd","11:00:45",3499100
11.95,0.55,6900,"bu","11:00:39",3499000
11.95,0.55,500,"bu","11:00:35",3492100
11.95,0.55,1000,"bu","10:59:59",3491600
11.95,0.55,2000,"bu","10:59:43",3490600
11.95,0.55,300,"sd","10:58:44",3488600
11.95,0.55,200,"bu","10:58:38",3488300
11.95,0.55,800,"sd","10:58:12",3488100
11.95,0.55,1000,"sd","10:58:00",3487300
11.95,0.55,2000,"sd","10:57:40",3486300
11.95,0.55,800,"sd","10:57:39",3484300
11.95,0.55,2100,"sd","10:57:35",3483500
11.95,0.55,1000,"sd","10:57:29",3481400
11.95,0.55,100,"sd","10:57:14",3480400
11.95,0.55,100,"sd","10:57:13",3480300
11.95,0.55,500,"sd","10:56:49",3480200
11.95,0.55,5000,"sd","10:56:43",3479700
12,0.6,800,"bu","10:56:08",3474700
11.95,0.55,1000,"sd","10:56:03",3473900
11.95,0.55,5000,"sd","10:55:46",3472900
11.95,0.55,1000,"sd","10:55:31",3467900
11.95,0.55,3500,"sd","10:54:32",3466900
11.95,0.55,100,"sd","10:53:09",3463400
11.95,0.55,1500,"sd","10:52:59",3463300
11.95,0.55,7900,"sd","10:52:30",3461800
11.95,0.55,3500,"sd","10:52:24",3453900
11.95,0.55,1000,"sd","10:51:49",3450400
12,0.6,1300,"bu","10:49:48",3449400
12,0.6,300,"bu","10:49:23",3448100
12,0.6,2000,"bu","10:49:07",3447800
12,0.6,1000,"bu","10:48:58",3445800
12,0.6,1700,"sd","10:48:06",3444800
12,0.6,1000,"sd","10:48:05",3443100
12,0.6,2000,"sd","10:47:53",3442100
12,0.6,1000,"sd","10:47:51",3440100
12,0.6,100,"sd","10:47:43",3439100
12,0.6,2000,"sd","10:47:36",3439000
12,0.6,5000,"sd","10:47:35",3437000
12,0.6,5000,"sd","10:47:26",3432000
12,0.6,10000,"sd","10:47:24",3427000
12,0.6,12200,"sd","10:47:23",3417000
12,0.6,20000,"sd","10:47:19",3404800
12,0.6,5000,"sd","10:47:12",3384800
12,0.6,1000,"sd","10:47:11",3379800
12,0.6,800,"sd","10:47:09",3378800
12,0.6,5000,"sd","10:47:07",3378000
12,0.6,20000,"sd","10:46:58",3373000
12,0.6,2300,"sd","10:46:54",3353000
12,0.6,1000,"sd","10:46:38",3350700
12,0.6,2000,"sd","10:46:30",3349700
12,0.6,5000,"sd","10:46:22",3347700
12,0.6,500,"sd","10:46:21",3342700
12,0.6,1000,"sd","10:45:42",3342200
12,0.6,100,"sd","10:45:29",3341200
12,0.6,10000,"sd","10:45:09",3341100
12,0.6,1000,"sd","10:44:43",3331100
12,0.6,2400,"sd","10:44:41",3330100
12.05,0.65,2000,"bu","10:44:21",3327700
12,0.6,20000,"sd","10:43:56",3325700
12.05,0.65,500,"bu","10:43:55",3305700
12,0.6,1000,"sd","10:43:27",3305200
12,0.6,3000,"sd","10:43:26",3304200
12,0.6,2000,"sd","10:43:14",3301200
12,0.6,4000,"sd","10:43:12",3299200
12.05,0.65,100,"bu","10:43:10",3295200
12.05,0.65,200,"bu","10:43:05",3295100
12.05,0.65,200,"bu","10:43:01",3294900
12.05,0.65,200,"bu","10:43:00",3294700
12.05,0.65,1500,"bu","10:42:16",3294500
12.05,0.65,5000,"bu","10:41:59",3293000
12,0.6,100,"sd","10:41:55",3288000
12,0.6,100,"sd","10:41:49",3287900
12.05,0.65,100,"bu","10:41:46",3287800
12.05,0.65,200,"bu","10:41:41",3287700
12.05,0.65,100,"bu","10:41:01",3287500
12.05,0.65,2000,"bu","10:40:02",3287400
12.05,0.65,300,"bu","10:38:55",3285400
12.05,0.65,2100,"bu","10:38:45",3285100
12,0.6,2000,"sd","10:38:36",3283000
12,0.6,200,"sd","10:38:12",3281000
12,0.6,200,"sd","10:37:56",3280800
12,0.6,2000,"sd","10:37:43",3280600
12,0.6,200,"sd","10:37:34",3278600
12,0.6,300,"sd","10:36:15",3278400
12,0.6,5000,"sd","10:35:49",3278100
12,0.6,4000,"sd","10:35:42",3273100
12.05,0.65,500,"bu","10:35:38",3269100
12.05,0.65,200,"bu","10:35:36",3268600
12,0.6,200,"sd","10:35:33",3268400
12.05,0.65,300,"bu","10:35:30",3268200
12.05,0.65,2000,"bu","10:35:29",3267900
12.05,0.65,2000,"bu","10:35:21",3265900
12.05,0.65,500,"bu","10:35:17",3263900
12.05,0.65,700,"bu","10:35:14",3263400
12.05,0.65,800,"bu","10:35:13",3262700
12,0.6,17100,"sd","10:35:07",3261900
12.05,0.65,5400,"bu","10:35:01",3244800
12.05,0.65,1000,"bu","10:35:01",3239400
12.05,0.65,44000,"bu","10:34:59",3238400
12.05,0.65,10000,"bu","10:34:02",3194400
12.05,0.65,8400,"bu","10:33:43",3184400
12.05,0.65,7600,"bu","10:33:43",3176000
12.05,0.65,2700,"bu","10:33:42",3168400
12.05,0.65,97300,"bu","10:33:42",3165700
12,0.6,1000,"sd","10:33:34",3068400
12,0.6,2000,"sd","10:33:24",3067400
12,0.6,1000,"sd","10:32:35",3065400
12,0.6,3000,"sd","10:31:34",3064400
12.05,0.65,500,"bu","10:31:32",3061400
12.05,0.65,1000,"bu","10:31:21",3060900
12,0.6,1000,"sd","10:31:17",3059900
12,0.6,1000,"sd","10:31:01",3058900
12,0.6,200,"sd","10:30:55",3057900
12,0.6,200,"sd","10:30:49",3057700
12,0.6,600,"sd","10:30:39",3057500
12,0.6,1000,"sd","10:30:24",3056900
12,0.6,1800,"sd","10:30:23",3055900
12,0.6,10000,"sd","10:29:15",3054100
12.05,0.65,300,"bu","10:29:14",3044100
12.05,0.65,2700,"bu","10:29:11",3043800
12.05,0.65,2000,"bu","10:29:01",3041100
12.05,0.65,200,"bu","10:28:42",3039100
12.05,0.65,100,"bu","10:27:17",3038900
12,0.6,2000,"sd","10:27:07",3038800
12,0.6,15000,"sd","10:26:49",3036800
12,0.6,2400,"sd","10:26:33",3021800
12,0.6,200,"sd","10:26:21",3019400
12.05,0.65,2800,"bu","10:26:21",3019200
12,0.6,10000,"sd","10:26:20",3016400
12,0.6,1000,"sd","10:26:08",3006400
12,0.6,5200,"sd","10:25:56",3005400
12,0.6,3000,"sd","10:25:39",3000200
12,0.6,3900,"sd","10:25:27",2997200
12.05,0.65,2400,"bu","10:25:21",2993300
12,0.6,200,"sd","10:24:51",2990900
12,0.6,106400,"bu","10:24:49",2990700
11.95,0.55,2000,"sd","10:24:48",2884300
11.95,0.55,100,"sd","10:24:29",2882300
11.95,0.55,2000,"sd","10:23:55",2882200
12,0.6,100,"bu","10:23:40",2880200
11.95,0.55,2300,"sd","10:23:36",2880100
11.95,0.55,2000,"sd","10:23:26",2877800
11.95,0.55,400,"sd","10:23:15",2875800
11.95,0.55,100,"sd","10:22:45",2875400
11.95,0.55,2000,"sd","10:22:24",2875300
11.95,0.55,500,"sd","10:22:21",2873300
11.95,0.55,100,"sd","10:21:29",2872800
11.95,0.55,200,"sd","10:20:26",2872700
12,0.6,200,"bu","10:20:09",2872500
12,0.6,2000,"bu","10:20:06",2872300
12,0.6,20000,"bu","10:19:51",2870300
12,0.6,200,"bu","10:18:42",2850300
12,0.6,4000,"bu","10:18:31",2850100
12,0.6,3700,"sd","10:18:25",2846100
12,0.6,6000,"sd","10:18:14",2842400
12,0.6,1500,"sd","10:18:04",2836400
12,0.6,500,"sd","10:17:48",2834900
12,0.6,2000,"sd","10:17:35",2834400
12.05,0.65,100,"bu","10:17:35",2832400
12,0.6,2000,"sd","10:17:30",2832300
12,0.6,400,"sd","10:17:22",2830300
12,0.6,3000,"sd","10:17:11",2829900
12,0.6,100,"sd","10:17:08",2826900
12,0.6,1000,"sd","10:17:07",2826800
12,0.6,37700,"bu","10:17:06",2825800
12,0.6,3000,"bu","10:17:06",2788100
12,0.6,100,"bu","10:16:47",2785100
12,0.6,1000,"bu","10:16:42",2785000
12,0.6,500,"bu","10:16:35",2784000
12,0.6,500,"bu","10:16:34",2783500
12,0.6,9200,"sd","10:16:24",2783000
12,0.6,600,"sd","10:16:23",2773800
12,0.6,200,"bu","10:15:48",2773200
12,0.6,500,"bu","10:15:40",2773000
12,0.6,1000,"bu","10:15:32",2772500
12,0.6,100,"bu","10:15:24",2771500
12,0.6,1000,"bu","10:15:21",2771400
12,0.6,500,"bu","10:15:20",2770400
12,0.6,6000,"bu","10:15:18",2769900
12,0.6,200,"bu","10:15:16",2763900
12,0.6,200,"bu","10:15:15",2763700
12,0.6,500,"bu","10:15:12",2763500
12,0.6,1000,"bu","10:15:10",2763000
12,0.6,50000,"bu","10:15:02",2762000
12,0.6,600,"bu","10:14:57",2712000
12,0.6,100,"bu","10:14:40",2711400
12,0.6,89200,"bu","10:14:39",2711300
12,0.6,10800,"bu","10:14:39",2622100
12,0.6,5400,"bu","10:13:58",2611300
11.95,0.55,1000,"sd","10:13:51",2605900
11.95,0.55,300,"sd","10:13:00",2604900
11.95,0.55,1000,"sd","10:12:37",2604600
11.95,0.55,300,"sd","10:12:26",2603600
11.95,0.55,3000,"sd","10:12:17",2603300
12,0.6,100,"bu","10:11:50",2600300
12,0.6,100,"bu","10:11:40",2600200
12,0.6,1500,"bu","10:11:14",2600100
12,0.6,1000,"bu","10:10:56",2598600
12,0.6,100,"bu","10:10:41",2597600
12,0.6,100,"bu","10:10:32",2597500
11.95,0.55,1000,"sd","10:10:28",2597400
11.95,0.55,100,"sd","10:10:15",2596400
11.95,0.55,5000,"sd","10:10:08",2596300
11.95,0.55,500,"sd","10:09:52",2591300
12,0.6,1000,"bu","10:09:42",2590800
12,0.6,100,"bu","10:09:28",2589800
11.95,0.55,700,"bu","10:09:24",2589700
11.95,0.55,1300,"sd","10:09:22",2589000
11.95,0.55,100,"sd","10:09:05",2587700
11.95,0.55,3000,"sd","10:09:01",2587600
11.95,0.55,4000,"sd","10:08:53",2584600
11.95,0.55,500,"sd","10:08:42",2580600
11.95,0.55,200,"sd","10:08:25",2580100
11.95,0.55,300,"sd","10:07:46",2579900
11.95,0.55,9000,"bu","10:07:43",2579600
11.95,0.55,400,"bu","10:07:33",2570600
11.95,0.55,100,"bu","10:07:28",2570200
11.95,0.55,1500,"bu","10:07:20",2570100
11.95,0.55,200,"bu","10:07:19",2568600
11.95,0.55,7900,"bu","10:07:06",2568400
11.95,0.55,100,"bu","10:06:47",2560500
11.9,0.5,7200,"sd","10:06:47",2560400
11.95,0.55,200,"bu","10:06:38",2553200
11.95,0.55,100,"bu","10:06:34",2553000
11.95,0.55,16600,"sd","10:06:10",2552900
11.95,0.55,200,"sd","10:06:09",2536300
11.95,0.55,1000,"sd","10:05:59",2536100
11.95,0.55,500,"sd","10:05:27",2535100
11.95,0.55,100,"sd","10:05:20",2534600
11.95,0.55,300,"sd","10:05:03",2534500
11.95,0.55,1100,"sd","10:04:59",2534200
11.95,0.55,1000,"sd","10:04:54",2533100
11.95,0.55,500,"sd","10:04:47",2532100
11.95,0.55,100,"sd","10:04:44",2531600
11.95,0.55,800,"bu","10:04:42",2531500
11.95,0.55,2500,"bu","10:04:39",2530700
11.95,0.55,200,"bu","10:04:34",2528200
11.95,0.55,500,"sd","10:04:33",2528000
11.95,0.55,4000,"sd","10:04:30",2527500
11.95,0.55,2700,"bu","10:04:28",2523500
11.95,0.55,10000,"bu","10:04:27",2520800
11.95,0.55,21600,"bu","10:04:27",2510800
11.95,0.55,10000,"bu","10:04:25",2489200
11.95,0.55,3000,"bu","10:04:21",2479200
11.95,0.55,100,"bu","10:04:14",2476200
11.95,0.55,2000,"bu","10:04:14",2476100
11.95,0.55,5400,"bu","10:04:11",2474100
11.95,0.55,500,"bu","10:04:10",2468700
11.95,0.55,5400,"bu","10:04:07",2468200
11.95,0.55,100,"bu","10:04:06",2462800
11.95,0.55,2000,"bu","10:03:46",2462700
11.9,0.5,500,"sd","10:03:37",2460700
11.95,0.55,10000,"bu","10:03:26",2460200
11.9,0.5,1000,"sd","10:02:48",2450200
11.95,0.55,1300,"bu","10:02:38",2449200
11.95,0.55,100,"bu","10:02:34",2447900
11.95,0.55,300,"bu","10:02:32",2447800
11.95,0.55,500,"bu","10:02:04",2447500
11.95,0.55,3000,"bu","10:02:01",2447000
11.9,0.5,300,"sd","10:01:59",2444000
11.95,0.55,2000,"bu","10:01:56",2443700
11.9,0.5,100,"sd","10:01:37",2441700
11.9,0.5,1000,"sd","10:01:27",2441600
11.9,0.5,2600,"sd","10:01:19",2440600
11.9,0.5,700,"sd","10:00:41",2438000
11.9,0.5,100,"sd","10:00:39",2437300
11.9,0.5,1000,"sd","10:00:37",2437200
11.9,0.5,200,"sd","10:00:12",2436200
11.95,0.55,600,"bu","10:00:11",2436000
11.9,0.5,400,"sd","09:59:48",2435400
11.95,0.55,500,"bu","09:59:48",2435000
11.95,0.55,16000,"bu","09:59:40",2434500
11.95,0.55,15000,"bu","09:59:39",2418500
11.9,0.5,1100,"sd","09:59:26",2403500
11.9,0.5,100,"sd","09:59:17",2402400
11.9,0.5,10000,"sd","09:59:09",2402300
11.9,0.5,400,"sd","09:59:08",2392300
11.9,0.5,500,"sd","09:58:45",2391900
11.9,0.5,4000,"sd","09:58:41",2391400
11.9,0.5,200,"sd","09:58:40",2387400
11.9,0.5,100,"sd","09:58:31",2387200
11.9,0.5,400,"sd","09:58:18",2387100
11.95,0.55,100,"bu","09:58:09",2386700
11.95,0.55,7000,"bu","09:58:07",2386600
11.95,0.55,500,"bu","09:57:37",2379600
11.9,0.5,500,"sd","09:57:31",2379100
11.9,0.5,500,"sd","09:57:28",2378600
11.9,0.5,1000,"sd","09:57:20",2378100
11.9,0.5,1500,"sd","09:57:08",2377100
11.9,0.5,100,"sd","09:57:01",2375600
11.9,0.5,11000,"sd","09:56:45",2375500
11.9,0.5,2000,"sd","09:56:30",2364500
11.9,0.5,5000,"sd","09:56:27",2362500
11.9,0.5,4100,"sd","09:56:23",2357500
11.9,0.5,100,"sd","09:56:20",2353400
11.9,0.5,2500,"sd","09:56:07",2353300
11.9,0.5,5000,"sd","09:56:02",2350800
11.9,0.5,1000,"sd","09:56:01",2345800
11.9,0.5,100,"sd","09:55:32",2344800
11.9,0.5,400,"sd","09:55:27",2344700
11.9,0.5,1000,"sd","09:55:26",2344300
11.9,0.5,100,"sd","09:55:22",2343300
11.9,0.5,2800,"sd","09:55:19",2343200
11.9,0.5,500,"sd","09:54:56",2340400
11.9,0.5,300,"sd","09:54:48",2339900
11.95,0.55,1800,"bu","09:54:45",2339600
11.9,0.5,600,"sd","09:54:40",2337800
11.95,0.55,2400,"bu","09:54:40",2337200
11.9,0.5,100,"sd","09:54:26",2334800
11.95,0.55,400,"bu","09:54:25",2334700
11.95,0.55,700,"bu","09:54:16",2334300
11.9,0.5,100,"sd","09:54:15",2333600
11.95,0.55,100,"bu","09:53:57",2333500
11.95,0.55,100,"bu","09:53:50",2333400
11.95,0.55,1000,"bu","09:53:47",2333300
11.95,0.55,100,"bu","09:53:15",2332300
11.95,0.55,10000,"bu","09:53:01",2332200
11.9,0.5,700,"sd","09:53:01",2322200
11.95,0.55,1300,"bu","09:53:00",2321500
11.95,0.55,1000,"bu","09:52:59",2320200
11.95,0.55,2100,"bu","09:52:50",2319200
11.95,0.55,900,"sd","09:52:47",2317100
11.95,0.55,19100,"bu","09:52:46",2316200
11.95,0.55,100,"bu","09:52:44",2297100
11.95,0.55,2000,"bu","09:52:42",2297000
11.9,0.5,100,"sd","09:52:42",2295000
11.95,0.55,1000,"bu","09:52:38",2294900
11.95,0.55,100,"bu","09:52:22",2293900
11.95,0.55,200,"bu","09:52:17",2293800
11.95,0.55,400,"sd","09:52:07",2293600
11.95,0.55,3600,"sd","09:52:03",2293200
11.95,0.55,200,"sd","09:52:01",2289600
11.95,0.55,200,"sd","09:52:01",2289400
11.95,0.55,200,"sd","09:52:00",2289200
11.95,0.55,100,"sd","09:51:53",2289000
11.95,0.55,100,"sd","09:51:52",2288900
11.95,0.55,200,"sd","09:51:47",2288800
11.95,0.55,100,"sd","09:51:43",2288600
11.95,0.55,600,"sd","09:51:31",2288500
11.95,0.55,100,"sd","09:51:28",2287900
11.95,0.55,300,"sd","09:51:27",2287800
11.95,0.55,100,"sd","09:51:19",2287500
11.95,0.55,100,"sd","09:51:16",2287400
11.95,0.55,6000,"sd","09:51:14",2287300
11.95,0.55,100,"sd","09:51:13",2281300
11.95,0.55,100,"sd","09:51:02",2281200
11.95,0.55,300,"sd","09:51:01",2281100
12,0.6,2000,"bu","09:50:53",2280800
11.95,0.55,5000,"sd","09:50:52",2278800
12,0.6,1000,"bu","09:50:48",2273800
11.95,0.55,1400,"sd","09:50:46",2272800
12,0.6,8000,"bu","09:50:45",2271400
12,0.6,2000,"bu","09:50:43",2263400
11.95,0.55,20000,"sd","09:50:38",2261400
12,0.6,3000,"bu","09:50:38",2241400
11.95,0.55,100,"sd","09:50:36",2238400
12,0.6,400,"bu","09:50:33",2238300
12,0.6,2400,"bu","09:50:26",2237900
11.95,0.55,2700,"sd","09:50:19",2235500
12,0.6,2000,"bu","09:50:15",2232800
12,0.6,20000,"bu","09:50:14",2230800
12,0.6,1000,"bu","09:50:13",2210800
12,0.6,3500,"bu","09:50:03",2209800
12,0.6,4700,"sd","09:50:02",2206300
12,0.6,500,"sd","09:50:00",2201600
12,0.6,400,"sd","09:49:59",2201100
12,0.6,51500,"sd","09:49:57",2200700
12,0.6,2000,"sd","09:49:54",2149200
12,0.6,4500,"sd","09:49:52",2147200
12,0.6,400,"sd","09:49:51",2142700
12,0.6,400,"sd","09:49:49",2142300
12,0.6,500,"sd","09:49:48",2141900
12,0.6,13000,"sd","09:49:47",2141400
12,0.6,20200,"sd","09:49:46",2128400
12,0.6,10000,"sd","09:49:44",2108200
12,0.6,10000,"sd","09:49:42",2098200
12,0.6,1000,"sd","09:49:41",2088200
12.05,0.65,2000,"bu","09:49:40",2087200
12,0.6,500,"sd","09:49:40",2085200
12,0.6,100,"sd","09:49:37",2084700
12,0.6,5000,"sd","09:49:33",2084600
12,0.6,500,"sd","09:49:33",2079600
12,0.6,300,"sd","09:49:32",2079100
12,0.6,19400,"sd","09:49:31",2078800
12,0.6,10000,"sd","09:49:28",2059400
12,0.6,500,"sd","09:49:26",2049400
12,0.6,200,"sd","09:49:21",2048900
12,0.6,1000,"sd","09:49:16",2048700
12,0.6,100,"sd","09:49:11",2047700
12,0.6,1000,"sd","09:49:09",2047600
12,0.6,6900,"sd","09:49:04",2046600
12,0.6,300,"sd","09:49:01",2039700
12,0.6,200,"sd","09:48:59",2039400
12,0.6,6000,"sd","09:48:58",2039200
12.05,0.65,100,"bu","09:48:58",2033200
12,0.6,1100,"sd","09:48:56",2033100
12,0.6,2400,"sd","09:48:51",2032000
12,0.6,200,"sd","09:48:46",2029600
12.05,0.65,1000,"bu","09:48:45",2029400
12,0.6,1000,"sd","09:48:44",2028400
12,0.6,10000,"sd","09:48:32",2027400
12.05,0.65,500,"bu","09:48:28",2017400
12,0.6,100,"sd","09:48:23",2016900
12,0.6,26000,"sd","09:48:18",2016800
12.05,0.65,5000,"bu","09:48:17",1990800
12,0.6,300,"sd","09:48:12",1985800
12,0.6,100,"sd","09:48:09",1985500
12,0.6,500,"sd","09:48:09",1985400
12.05,0.65,500,"bu","09:48:07",1984900
12,0.6,900,"sd","09:48:03",1984400
12,0.6,5000,"sd","09:48:02",1983500
12,0.6,200,"sd","09:48:01",1978500
12.05,0.65,100,"bu","09:47:48",1978300
12.05,0.65,3500,"bu","09:47:42",1978200
12.05,0.65,1100,"bu","09:47:38",1974700
12,0.6,100,"sd","09:47:34",1973600
12,0.6,200,"sd","09:47:30",1973500
12.05,0.65,1200,"bu","09:47:26",1973300
12.05,0.65,100,"bu","09:47:16",1972100
12,0.6,1000,"sd","09:47:10",1972000
12.05,0.65,2500,"bu","09:47:07",1971000
12,0.6,600,"sd","09:47:06",1968500
12,0.6,500,"sd","09:47:03",1967900
12,0.6,2600,"sd","09:47:01",1967400
12,0.6,200,"sd","09:46:53",1964800
12.05,0.65,3000,"bu","09:46:51",1964600
12,0.6,3000,"sd","09:46:50",1961600
12.05,0.65,1000,"bu","09:46:48",1958600
12,0.6,1500,"sd","09:46:43",1957600
12,0.6,100,"sd","09:46:42",1956100
12,0.6,1000,"sd","09:46:41",1956000
12,0.6,200,"sd","09:46:40",1955000
12,0.6,2000,"sd","09:46:38",1954800
12,0.6,900,"sd","09:46:37",1952800
12,0.6,100,"sd","09:46:36",1951900
12,0.6,100,"sd","09:46:33",1951800
12,0.6,2000,"sd","09:46:28",1951700
12,0.6,200,"sd","09:46:27",1949700
12,0.6,200,"sd","09:46:26",1949500
12,0.6,50000,"sd","09:46:25",1949300
12,0.6,100,"sd","09:46:19",1899300
12,0.6,200,"sd","09:46:15",1899200
12.05,0.65,2000,"bu","09:46:12",1899000
12,0.6,300,"sd","09:46:09",1897000
12.05,0.65,200,"bu","09:46:07",1896700
12,0.6,8000,"sd","09:46:07",1896500
12.05,0.65,1000,"bu","09:45:48",1888500
12.05,0.65,1500,"bu","09:45:42",1887500
12,0.6,400,"sd","09:45:41",1886000
12.05,0.65,900,"bu","09:45:37",1885600
12.05,0.65,1000,"bu","09:45:29",1884700
12.05,0.65,3100,"bu","09:45:24",1883700
12.05,0.65,100,"bu","09:45:23",1880600
12.05,0.65,600,"bu","09:45:20",1880500
12.05,0.65,100,"bu","09:45:18",1879900
12.05,0.65,1400,"sd","09:45:16",1879800
12.05,0.65,1000,"sd","09:45:15",1878400
12.05,0.65,8100,"sd","09:45:12",1877400
12.05,0.65,500,"sd","09:45:09",1869300
12.05,0.65,4000,"sd","09:45:02",1868800
12.05,0.65,700,"sd","09:45:00",1864800
12.05,0.65,38000,"sd","09:44:55",1864100
12.1,0.7,200,"bu","09:44:53",1826100
12.1,0.7,2500,"bu","09:44:47",1825900
12.05,0.65,300,"sd","09:44:47",1823400
12.05,0.65,300,"sd","09:44:46",1823100
12.05,0.65,400,"sd","09:44:31",1822800
12.05,0.65,3100,"sd","09:44:25",1822400
12.05,0.65,12500,"sd","09:44:23",1819300
12.05,0.65,5000,"sd","09:44:21",1806800
12.05,0.65,2000,"sd","09:44:20",1801800
12.05,0.65,1000,"sd","09:44:17",1799800
12.05,0.65,100,"sd","09:44:17",1798800
12.05,0.65,500,"sd","09:44:14",1798700
12.05,0.65,5300,"sd","09:44:12",1798200
12.05,0.65,700,"sd","09:44:11",1792900
12.05,0.65,30500,"sd","09:44:10",1792200
12.1,0.7,500,"bu","09:44:07",1761700
12.05,0.65,10200,"sd","09:44:00",1761200
12.05,0.65,1100,"sd","09:43:58",1751000
12.05,0.65,100,"sd","09:43:46",1749900
12.1,0.7,2000,"bu","09:43:45",1749800
12.05,0.65,200,"sd","09:43:43",1746800
12.05,0.65,30000,"sd","09:43:42",1746600
12.05,0.65,2000,"sd","09:43:41",1716600
12.05,0.65,500,"sd","09:43:40",1714600
12.05,0.65,1100,"sd","09:43:39",1714100
12.05,0.65,600,"sd","09:43:38",1713000
12.05,0.65,100,"sd","09:43:35",1712400
12.05,0.65,6000,"sd","09:43:32",1712300
12.05,0.65,3000,"sd","09:43:30",1706300
12.1,0.7,100,"bu","09:43:29",1703300
12.05,0.65,10000,"sd","09:43:28",1703200
12.05,0.65,2200,"bu","09:43:20",1693200
12.05,0.65,4300,"sd","09:43:18",1691000
12.05,0.65,9700,"bu","09:43:16",1686700
12.05,0.65,2200,"bu","09:43:13",1677000
12.05,0.65,3700,"sd","09:43:11",1674800
12.05,0.65,11600,"sd","09:43:04",1671100
12.05,0.65,10000,"sd","09:43:02",1659500
12.05,0.65,1500,"sd","09:43:02",1649500
12.1,0.7,200,"bu","09:42:57",1648000
12.1,0.7,600,"bu","09:42:56",1647800
12.05,0.65,2000,"sd","09:42:56",1647200
12.05,0.65,300,"sd","09:42:55",1645200
12.05,0.65,3000,"sd","09:42:49",1644900
12.05,0.65,100,"sd","09:42:47",1641900
12.05,0.65,1000,"sd","09:42:44",1641800
12.1,0.7,800,"bu","09:42:41",1640800
12.05,0.65,1000,"sd","09:42:39",1640000
12.1,0.7,5000,"bu","09:42:39",1639000
12.05,0.65,400,"sd","09:42:35",1634000
12.1,0.7,1900,"bu","09:42:32",1633600
12.1,0.7,5000,"bu","09:42:27",1631700
12.05,0.65,500,"sd","09:42:26",1626700
12.1,0.7,53600,"sd","09:42:24",1626200
12.1,0.7,100,"sd","09:42:19",1572600
12.15,0.75,5000,"bu","09:42:18",1572500
12.15,0.75,1000,"bu","09:42:15",1567500
12.15,0.75,100,"bu","09:42:12",1566500
12.15,0.75,2000,"bu","09:42:04",1566400
12.15,0.75,10000,"bu","09:42:03",1564400
12.1,0.7,100,"sd","09:42:02",1554400
12.15,0.75,20000,"bu","09:42:01",1554300
12.1,0.7,3000,"sd","09:42:00",1534300
12.15,0.75,16300,"bu","09:42:00",1531300
12.1,0.7,4500,"sd","09:41:53",1515000
12.15,0.75,5000,"bu","09:41:52",1510500
12.15,0.75,300,"bu","09:41:45",1505500
12.1,0.7,1000,"sd","09:41:44",1505200
12.15,0.75,3400,"bu","09:41:44",1504200
12.1,0.7,3000,"sd","09:41:41",1500800
12.1,0.7,5000,"sd","09:41:40",1497800
12.15,0.75,100,"bu","09:41:38",1492800
12.1,0.7,400,"sd","09:41:38",1492700
12.15,0.75,500,"bu","09:41:38",1492300
12.1,0.7,4000,"sd","09:41:33",1491800
12.1,0.7,500,"sd","09:41:29",1487800
12.15,0.75,2000,"bu","09:41:28",1487300
12.1,0.7,100,"sd","09:41:28",1485300
12.1,0.7,500,"sd","09:41:27",1485200
12.1,0.7,300,"sd","09:41:25",1484700
12.15,0.75,100,"bu","09:41:25",1484400
12.1,0.7,2200,"sd","09:41:25",1484300
12.15,0.75,1800,"bu","09:41:23",1482100
12.1,0.7,99200,"bu","09:41:20",1480300
12.05,0.65,5000,"sd","09:41:19",1381100
12.1,0.7,500,"bu","09:41:18",1376100
12.05,0.65,2000,"sd","09:41:17",1375600
12.1,0.7,1000,"bu","09:41:17",1373600
12.05,0.65,1000,"sd","09:41:16",1372600
12.1,0.7,20000,"bu","09:41:14",1371600
12.1,0.7,10300,"bu","09:41:10",1351600
12.1,0.7,600,"bu","09:41:09",1341300
12.1,0.7,400,"bu","09:41:08",1340700
12.1,0.7,3000,"bu","09:41:08",1340300
12.1,0.7,2000,"bu","09:41:04",1337300
12.1,0.7,500,"bu","09:41:02",1335300
12.05,0.65,2500,"sd","09:41:01",1334800
12.05,0.65,3000,"sd","09:41:00",1332300
12.1,0.7,10000,"bu","09:40:59",1329300
12.05,0.65,18500,"sd","09:40:58",1319300
12.1,0.7,9000,"bu","09:40:57",1300800
12.1,0.7,1000,"bu","09:40:56",1291800
12.05,0.65,5000,"sd","09:40:53",1290800
12.1,0.7,3000,"bu","09:40:53",1285800
12.05,0.65,22500,"sd","09:40:51",1282800
12.1,0.7,1000,"bu","09:40:50",1260300
12.1,0.7,500,"bu","09:40:47",1259300
12.05,0.65,100,"sd","09:40:46",1258800
12.05,0.65,32200,"bu","09:40:41",1258700
12.05,0.65,5200,"bu","09:40:40",1226500
12.05,0.65,13900,"bu","09:40:39",1221300
12.05,0.65,1400,"bu","09:40:38",1207400
12.05,0.65,13000,"bu","09:40:37",1206000
12.05,0.65,1000,"bu","09:40:37",1193000
12.05,0.65,2000,"bu","09:40:33",1192000
12,0.6,200,"sd","09:40:33",1190000
12.05,0.65,10100,"bu","09:40:31",1189800
12.05,0.65,1000,"bu","09:40:31",1179700
12,0.6,200,"sd","09:40:30",1178700
12,0.6,2000,"sd","09:40:29",1178500
12,0.6,1000,"sd","09:40:28",1176500
12,0.6,1000,"sd","09:40:25",1175500
12,0.6,500,"sd","09:40:24",1174500
12,0.6,189700,"bu","09:40:23",1174000
12,0.6,30000,"bu","09:40:23",984300
12,0.6,10000,"bu","09:40:20",954300
12,0.6,500,"bu","09:40:18",944300
11.95,0.55,2500,"sd","09:40:16",943800
11.95,0.55,4000,"sd","09:40:14",941300
12,0.6,1100,"bu","09:40:10",937300
11.95,0.55,1000,"sd","09:40:09",936200
12,0.6,1000,"bu","09:40:07",935200
12,0.6,5000,"bu","09:40:07",934200
11.95,0.55,4000,"sd","09:40:06",929200
12,0.6,2000,"bu","09:40:00",925200
12,0.6,3000,"bu","09:39:59",923200
11.95,0.55,600,"sd","09:39:57",920200
11.95,0.55,600,"sd","09:39:57",919600
12,0.6,5000,"bu","09:39:56",919000
11.95,0.55,100,"sd","09:39:55",914000
11.95,0.55,1000,"sd","09:39:50",913900
11.95,0.55,1000,"bu","09:39:47",912900
12,0.6,18700,"bu","09:39:46",911900
11.95,0.55,16300,"bu","09:39:46",893200
11.95,0.55,900,"bu","09:39:45",876900
11.95,0.55,1000,"bu","09:39:44",876000
11.95,0.55,600,"bu","09:39:42",875000
11.9,0.5,1000,"sd","09:39:41",874400
11.95,0.55,1000,"bu","09:39:40",873400
11.95,0.55,1000,"bu","09:39:38",872400
11.95,0.55,3300,"bu","09:39:37",871400
11.95,0.55,100,"bu","09:39:36",868100
11.9,0.5,900,"sd","09:39:33",868000
11.9,0.5,100,"sd","09:39:29",867100
11.9,0.5,77700,"bu","09:39:28",867000
11.9,0.5,29000,"bu","09:39:25",789300
11.85,0.45,1000,"sd","09:39:24",760300
11.9,0.5,5000,"bu","09:39:22",759300
11.85,0.45,5000,"sd","09:39:18",754300
11.85,0.45,200,"sd","09:39:14",749300
11.85,0.45,5400,"bu","09:39:10",749100
11.85,0.45,4200,"bu","09:39:08",743700
11.85,0.45,2200,"bu","09:39:06",739500
11.85,0.45,10700,"bu","09:39:04",737300
11.85,0.45,600,"bu","09:39:03",726600
11.85,0.45,500,"bu","09:39:01",726000
11.8,0.4,2000,"sd","09:38:57",725500
11.85,0.45,9900,"bu","09:38:56",723500
11.85,0.45,5100,"bu","09:38:55",713600
11.85,0.45,5000,"bu","09:38:54",708500
11.85,0.45,900,"bu","09:38:52",703500
11.85,0.45,600,"bu","09:38:51",702600
11.8,0.4,700,"sd","09:38:49",702000
11.85,0.45,100,"bu","09:38:48",701300
11.8,0.4,200,"sd","09:38:47",701200
11.8,0.4,3600,"bu","09:38:37",701000
11.8,0.4,600,"bu","09:38:35",697400
11.8,0.4,1000,"bu","09:38:34",696800
11.8,0.4,22700,"bu","09:38:32",695800
11.8,0.4,6400,"bu","09:38:32",673100
11.8,0.4,2500,"bu","09:38:30",666700
11.8,0.4,2000,"bu","09:38:29",664200
11.8,0.4,5000,"bu","09:38:20",662200
11.8,0.4,2000,"bu","09:38:17",657200
11.75,0.35,5000,"sd","09:38:14",655200
11.8,0.4,1000,"bu","09:38:09",650200
11.75,0.35,15000,"sd","09:38:02",649200
11.8,0.4,2000,"bu","09:38:01",634200
11.8,0.4,7400,"bu","09:37:59",632200
11.8,0.4,100,"bu","09:37:58",624800
11.75,0.35,12500,"sd","09:37:57",624700
11.8,0.4,700,"bu","09:37:57",612200
11.8,0.4,5000,"bu","09:37:56",611500
11.8,0.4,1200,"bu","09:37:55",606500
11.8,0.4,2000,"bu","09:37:54",605300
11.8,0.4,5000,"bu","09:37:54",603300
11.8,0.4,300,"bu","09:37:53",598300
11.8,0.4,300,"bu","09:37:49",598000
11.8,0.4,1000,"bu","09:37:40",597700
11.75,0.35,2000,"sd","09:37:39",596700
11.75,0.35,600,"sd","09:37:33",594700
11.75,0.35,500,"sd","09:37:27",594100
11.75,0.35,9900,"bu","09:37:21",593600
11.75,0.35,10500,"bu","09:37:19",583700
11.75,0.35,500,"bu","09:37:17",573200
11.75,0.35,5100,"bu","09:37:16",572700
11.75,0.35,300,"bu","09:37:15",567600
11.75,0.35,10000,"bu","09:37:07",567300
11.75,0.35,500,"bu","09:37:06",557300
11.75,0.35,20000,"bu","09:37:04",556800
11.7,0.3,1500,"sd","09:37:04",536800
11.7,0.3,2000,"sd","09:37:02",535300
11.7,0.3,1000,"sd","09:36:56",533300
11.75,0.35,5000,"bu","09:36:55",532300
11.7,0.3,2000,"sd","09:36:49",527300
11.7,0.3,100,"sd","09:36:43",525300
11.7,0.3,1000,"sd","09:36:40",525200
11.75,0.35,800,"bu","09:36:38",524200
11.7,0.3,200,"sd","09:36:37",523400
11.7,0.3,1000,"sd","09:36:36",523200
11.7,0.3,100,"sd","09:36:32",522200
11.7,0.3,500,"sd","09:36:30",522100
11.7,0.3,4000,"sd","09:36:30",521600
11.7,0.3,100,"sd","09:36:27",517600
11.7,0.3,1000,"sd","09:36:01",517500
11.7,0.3,500,"sd","09:36:00",516500
11.7,0.3,4200,"bu","09:35:53",516000
11.7,0.3,20000,"bu","09:35:46",511800
11.7,0.3,5000,"bu","09:35:45",491800
11.7,0.3,2000,"bu","09:35:41",486800
11.7,0.3,3000,"bu","09:35:38",484800
11.7,0.3,16800,"sd","09:35:36",481800
11.7,0.3,5000,"sd","09:35:32",465000
11.7,0.3,10100,"sd","09:35:26",460000
11.75,0.35,1500,"bu","09:35:21",449900
11.75,0.35,500,"bu","09:35:20",448400
11.7,0.3,5000,"sd","09:35:18",447900
11.75,0.35,5000,"bu","09:35:16",442900
11.75,0.35,1000,"bu","09:35:11",437900
11.75,0.35,9000,"bu","09:34:50",436900
11.75,0.35,4000,"bu","09:34:45",427900
11.7,0.3,200,"sd","09:34:45",423900
11.75,0.35,8000,"bu","09:34:37",423700
11.7,0.3,5000,"sd","09:34:32",415700
11.75,0.35,1000,"bu","09:34:31",410700
11.75,0.35,4000,"bu","09:34:23",409700
11.7,0.3,300,"sd","09:34:22",405700
11.7,0.3,5000,"sd","09:34:13",405400
11.75,0.35,1000,"bu","09:34:10",400400
11.7,0.3,200,"sd","09:34:09",399400
11.7,0.3,500,"sd","09:33:57",399200
11.75,0.35,100,"bu","09:33:52",398700
11.75,0.35,3000,"bu","09:33:46",398600
11.7,0.3,1800,"bu","09:33:44",395600
11.7,0.3,500,"bu","09:33:41",393800
11.7,0.3,5000,"bu","09:33:40",393300
11.7,0.3,600,"bu","09:33:37",388300
11.7,0.3,100,"bu","09:33:35",387700
11.7,0.3,1000,"bu","09:33:34",387600
11.7,0.3,15000,"bu","09:33:30",386600
11.65,0.25,3000,"sd","09:33:26",371600
11.65,0.25,200,"sd","09:33:22",368600
11.65,0.25,1000,"sd","09:33:10",368400
11.7,0.3,200,"bu","09:33:10",367400
11.65,0.25,1000,"sd","09:33:07",367200
11.65,0.25,200,"sd","09:33:04",366200
11.7,0.3,9600,"bu","09:33:04",366000
11.7,0.3,400,"bu","09:33:03",356400
11.65,0.25,100,"sd","09:33:03",356000
11.65,0.25,9600,"bu","09:33:01",355900
11.65,0.25,8000,"bu","09:33:00",346300
11.65,0.25,15000,"bu","09:32:59",338300
11.65,0.25,19200,"bu","09:32:57",323300
11.65,0.25,10000,"bu","09:32:50",304100
11.65,0.25,5000,"bu","09:32:47",294100
11.65,0.25,100,"bu","09:32:42",289100
11.6,0.2,100,"sd","09:32:37",289000
11.6,0.2,10600,"bu","09:32:32",288900
11.6,0.2,400,"bu","09:32:29",278300
11.6,0.2,1500,"bu","09:32:29",277900
11.6,0.2,400,"bu","09:32:26",276400
11.6,0.2,300,"bu","09:32:22",276000
11.6,0.2,1500,"bu","09:32:22",275700
11.6,0.2,50000,"bu","09:32:21",274200
11.6,0.2,1100,"bu","09:32:14",224200
11.6,0.2,30000,"bu","09:32:10",223100
11.55,0.15,300,"sd","09:32:03",193100
11.55,0.15,100,"sd","09:32:01",192800
11.55,0.15,2300,"bu","09:31:52",192700
11.55,0.15,23900,"bu","09:31:51",190400
11.55,0.15,12000,"bu","09:31:44",166500
11.5,0.1,100,"sd","09:31:44",154500
11.5,0.1,55400,"bu","09:31:31",154400
11.5,0.1,1400,"bu","09:31:30",99000
11.5,0.1,1000,"bu","09:31:29",97600
11.5,0.1,4000,"bu","09:31:28",96600
11.5,0.1,1500,"bu","09:31:26",92600
11.5,0.1,19700,"bu","09:31:23",91100
11.5,0.1,1000,"bu","09:31:20",71400
11.5,0.1,5000,"bu","09:31:16",70400
11.5,0.1,100,"bu","09:30:41",65400
11.45,0.05,300,"sd","09:30:36",65300
11.45,0.05,2000,"sd","09:29:47",65000
11.45,0.05,5400,"sd","09:28:56",63000
11.45,0.05,1400,"bu","09:28:07",57600
11.45,0.05,300,"bu","09:28:01",56200
11.45,0.05,1000,"bu","09:27:54",55900
11.45,0.05,400,"bu","09:27:53",54900
11.45,0.05,1900,"sd","09:27:47",54500
11.45,0.05,4000,"sd","09:27:46",52600
11.45,0.05,1000,"sd","09:27:40",48600
11.45,0.05,3100,"bu","09:27:35",47600
11.45,0.05,3400,"sd","09:27:19",44500
11.45,0.05,600,"sd","09:27:11",41100
11.45,0.05,500,"sd","09:27:09",40500
11.45,0.05,300,"sd","09:26:55",40000
11.45,0.05,10000,"sd","09:26:50",39700
11.45,0.05,2000,"sd","09:26:24",29700
11.45,0.05,4000,"sd","09:26:02",27700
11.45,0.05,300,"sd","09:24:26",23700
11.45,0.05,500,"sd","09:24:25",23400
11.45,0.05,1000,"sd","09:24:20",22900
11.45,0.05,100,"sd","09:24:17",21900
11.45,0.05,500,"sd","09:24:11",21800
11.45,0.05,2000,"sd","09:23:53",21300
11.45,0.05,100,"sd","09:23:30",19300
11.45,0.05,500,"sd","09:22:49",19200
11.45,0.05,500,"bu","09:20:54",18700
11.4,0,400,"sd","09:20:31",18200
11.45,0.05,3200,"sd","09:20:31",17800
11.45,0.05,700,"sd","09:20:22",14600
11.45,0.05,700,"bu","09:19:44",13900
11.45,0.05,500,"bu","09:19:41",13200
11.45,0.05,5000,"bu","09:19:27",12700
11.4,0,500,"sd","09:16:57",7700
11.4,0,100,"sd","09:15:21",7200
11.4,0,7100,"","09:15:03",7100
