"id","symbol","truncTime","matchType","matchVol","matchPrice","accumulatedVolume","createdAt","updatedAt"
163014487,"API","1704354312","s","8000","5700","286900","2024-01-04T07:45:17.868Z","2024-01-04T07:45:17.868Z"
163001252,"API","1704353379","s","2000","5700","278900","2024-01-04T07:29:43.363Z","2024-01-04T07:29:43.363Z"
162981950,"API","1704353046","s","100","5700","276900","2024-01-04T07:24:07.877Z","2024-01-04T07:24:07.877Z"
162977623,"API","1704352968","s","10000","5700","276800","2024-01-04T07:22:49.875Z","2024-01-04T07:22:49.875Z"
162971197,"API","1704352841","s","1200","5700","266800","2024-01-04T07:20:42.857Z","2024-01-04T07:20:42.857Z"
162970939,"API","1704352837","s","6000","5700","265600","2024-01-04T07:20:38.855Z","2024-01-04T07:20:38.855Z"
162969967,"API","1704352815","b","100","5800","259600","2024-01-04T07:20:16.869Z","2024-01-04T07:20:16.869Z"
162967298,"API","1704352758","s","200","5700","259500","2024-01-04T07:19:19.868Z","2024-01-04T07:19:19.868Z"
162951206,"API","1704352448","b","300","5800","259300","2024-01-04T07:14:09.862Z","2024-01-04T07:14:09.862Z"
162948083,"API","1704352383","b","300","5800","259000","2024-01-04T07:13:04.896Z","2024-01-04T07:13:04.896Z"
162935415,"API","1704352177","s","100","5700","258700","2024-01-04T07:09:41.977Z","2024-01-04T07:09:41.977Z"
162932678,"API","1704352134","s","20000","5700","258600","2024-01-04T07:09:04.855Z","2024-01-04T07:09:04.855Z"
162912760,"API","1704351879","b","8200","5700","238600","2024-01-04T07:05:09.859Z","2024-01-04T07:05:09.859Z"
162905654,"API","1704351755","s","11800","5700","230400","2024-01-04T07:02:46.881Z","2024-01-04T07:02:46.881Z"
162904992,"API","1704351728","s","2700","5700","218600","2024-01-04T07:02:21.849Z","2024-01-04T07:02:21.849Z"
162903671,"API","1704351678","s","3500","5700","215900","2024-01-04T07:01:24.851Z","2024-01-04T07:01:24.851Z"
162903210,"API","1704351649","s","31500","5700","212400","2024-01-04T07:00:50.847Z","2024-01-04T07:00:50.847Z"
162867035,"API","1704350889","b","300","5800","180900","2024-01-04T06:48:10.846Z","2024-01-04T06:48:10.846Z"
162848426,"API","1704350488","s","15000","5700","180600","2024-01-04T06:41:29.833Z","2024-01-04T06:41:29.833Z"
162843537,"API","1704350381","s","100","5700","165600","2024-01-04T06:39:42.837Z","2024-01-04T06:39:42.837Z"
162801555,"API","1704349738","s","3500","5700","165500","2024-01-04T06:29:02.837Z","2024-01-04T06:29:02.837Z"
162768507,"API","1704349069","s","5000","5700","162000","2024-01-04T06:17:50.809Z","2024-01-04T06:17:50.809Z"
162766890,"API","1704349022","s","5000","5700","157000","2024-01-04T06:17:04.812Z","2024-01-04T06:17:04.812Z"
162764703,"API","1704348957","s","1800","5700","152000","2024-01-04T06:15:58.808Z","2024-01-04T06:15:58.808Z"
162749977,"API","1704348538","s","2000","5700","150200","2024-01-04T06:08:59.812Z","2024-01-04T06:08:59.812Z"
162738924,"API","1704348274","s","24000","5700","148200","2024-01-04T06:04:34.806Z","2024-01-04T06:04:34.806Z"
162715310,"API","1704342347","b","5000","5800","124200","2024-01-04T04:25:48.722Z","2024-01-04T04:25:48.722Z"
162695988,"API","1704341767","b","100","5700","119200","2024-01-04T04:16:08.734Z","2024-01-04T04:16:08.734Z"
162693368,"API","1704341697","b","100","5700","119100","2024-01-04T04:14:58.716Z","2024-01-04T04:14:58.716Z"
162683869,"API","1704341356","b","2000","5700","119000","2024-01-04T04:09:17.716Z","2024-01-04T04:09:17.716Z"
162683330,"API","1704341338","b","3000","5700","117000","2024-01-04T04:09:00.718Z","2024-01-04T04:09:00.718Z"
162680295,"API","1704341251","b","900","5700","114000","2024-01-04T04:07:33.710Z","2024-01-04T04:07:33.710Z"
162678260,"API","1704341197","s","700","5700","113100","2024-01-04T04:06:38.707Z","2024-01-04T04:06:38.707Z"
162673618,"API","1704341104","s","23000","5700","112400","2024-01-04T04:05:05.715Z","2024-01-04T04:05:05.715Z"
162668395,"API","1704341012","s","3800","5700","89400","2024-01-04T04:03:33.719Z","2024-01-04T04:03:33.719Z"
162660193,"API","1704340860","s","100","5700","85600","2024-01-04T04:01:01.697Z","2024-01-04T04:01:01.697Z"
162650253,"API","1704340396","s","4000","5700","85500","2024-01-04T03:53:17.693Z","2024-01-04T03:53:17.693Z"
162644531,"API","1704340112","s","1700","5700","81500","2024-01-04T03:48:33.683Z","2024-01-04T03:48:33.683Z"
162637349,"API","1704339767","s","500","5700","79800","2024-01-04T03:42:48.679Z","2024-01-04T03:42:48.679Z"
162636988,"API","1704339749","s","4000","5700","79300","2024-01-04T03:42:30.681Z","2024-01-04T03:42:30.681Z"
162621835,"API","1704339114","s","500","5700","75300","2024-01-04T03:31:56.676Z","2024-01-04T03:31:56.676Z"
162614635,"API","1704338783","s","1700","5700","74800","2024-01-04T03:26:25.688Z","2024-01-04T03:26:25.688Z"
162610317,"API","1704338600","s","200","5700","73100","2024-01-04T03:23:21.667Z","2024-01-04T03:23:21.667Z"
162563620,"API","1704337002","b","100","5800","72900","2024-01-04T02:56:44.654Z","2024-01-04T02:56:44.654Z"
162531668,"API","1704336404","s","1000","5700","72800","2024-01-04T02:46:45.667Z","2024-01-04T02:46:45.667Z"
162527329,"API","1704336298","s","10000","5700","71800","2024-01-04T02:44:59.644Z","2024-01-04T02:44:59.644Z"
162526210,"API","1704336270","s","500","5700","61800","2024-01-04T02:44:32.675Z","2024-01-04T02:44:32.675Z"
162523391,"API","1704336203","s","7000","5700","61300","2024-01-04T02:43:24.652Z","2024-01-04T02:43:24.652Z"
162507349,"API","1704335820","s","10000","5700","54300","2024-01-04T02:37:01.640Z","2024-01-04T02:37:01.640Z"
162484994,"API","1704335342","s","1000","5700","44300","2024-01-04T02:29:03.646Z","2024-01-04T02:29:03.646Z"
162480637,"API","1704335221","s","100","5700","43300","2024-01-04T02:27:03.711Z","2024-01-04T02:27:03.711Z"
162458508,"API","1704334751","s","1000","5700","43200","2024-01-04T02:19:13.662Z","2024-01-04T02:19:13.662Z"
162452727,"API","1704334630","s","13500","5700","42200","2024-01-04T02:17:11.632Z","2024-01-04T02:17:11.632Z"
162447486,"API","1704334368","s","1000","5700","28700","2024-01-04T02:12:49.613Z","2024-01-04T02:12:49.613Z"
162447153,"API","1704334216","s","5000","5700","27700","2024-01-04T02:10:17.609Z","2024-01-04T02:10:17.609Z"
162447124,"API","1704334206","s","5000","5700","22700","2024-01-04T02:10:07.609Z","2024-01-04T02:10:07.609Z"
162447078,"API","1704334185","s","15000","5700","17700","2024-01-04T02:09:46.608Z","2024-01-04T02:09:46.608Z"
162446679,"API","1704334003","s","300","5700","2700","2024-01-04T02:06:45.603Z","2024-01-04T02:06:45.603Z"
162446077,"API","1704333748","s","900","5700","2400","2024-01-04T02:02:30.598Z","2024-01-04T02:02:30.598Z"
162446039,"API","1704333738","b","200","5700","1500","2024-01-04T02:02:20.598Z","2024-01-04T02:02:20.598Z"
162445685,"API","1704333629","b","1000","5700","1300","2024-01-04T02:00:31.599Z","2024-01-04T02:00:31.599Z"
162445678,"API","1704333628","b","100","5700","300","2024-01-04T02:00:29.598Z","2024-01-04T02:00:29.598Z"
162445588,"API","1704333613","s","200","5700","200","2024-01-04T02:00:15.595Z","2024-01-04T02:00:15.595Z"
