"id","symbol","truncTime","matchType","matchVol","matchPrice","accumulatedVolume","createdAt","updatedAt"
163015207,"DDV","1704355201","s","100","9600","464400","2024-01-04T08:00:03.884Z","2024-01-04T08:00:03.884Z"
163015174,"DDV","1704355174","b","100","9600","464300","2024-01-04T07:59:35.883Z","2024-01-04T07:59:35.883Z"
163014654,"DDV","1704354424","s","2900","9600","464200","2024-01-04T07:47:05.857Z","2024-01-04T07:47:05.857Z"
163013733,"DDV","1704353806","s","5000","9600","461300","2024-01-04T07:36:48.851Z","2024-01-04T07:36:48.851Z"
163013731,"DDV","1704353804","b","4100","9600","456300","2024-01-04T07:36:46.850Z","2024-01-04T07:36:46.850Z"
163013720,"DDV","1704353783","b","100","9600","452200","2024-01-04T07:36:24.851Z","2024-01-04T07:36:24.851Z"
163013710,"DDV","1704353769","b","3700","9600","452100","2024-01-04T07:36:10.852Z","2024-01-04T07:36:10.852Z"
163013699,"DDV","1704353757","b","5100","9600","448400","2024-01-04T07:35:58.852Z","2024-01-04T07:35:58.852Z"
163013673,"DDV","1704353725","b","800","9600","443300","2024-01-04T07:35:26.850Z","2024-01-04T07:35:26.850Z"
163013601,"DDV","1704353631","b","4400","9600","442500","2024-01-04T07:33:52.850Z","2024-01-04T07:33:52.850Z"
163013433,"DDV","1704353458","s","7200","9600","438100","2024-01-04T07:31:02.850Z","2024-01-04T07:31:02.850Z"
163013381,"DDV","1704353414","s","27800","9600","430900","2024-01-04T07:30:20.848Z","2024-01-04T07:30:20.848Z"
162997783,"DDV","1704353353","s","1000","9600","403100","2024-01-04T07:29:41.061Z","2024-01-04T07:29:41.061Z"
162995967,"DDV","1704353321","s","100","9600","402100","2024-01-04T07:29:24.849Z","2024-01-04T07:29:24.849Z"
162991285,"DDV","1704353212","s","2000","9600","402000","2024-01-04T07:27:30.849Z","2024-01-04T07:27:30.849Z"
162988815,"DDV","1704353153","s","200","9600","400000","2024-01-04T07:25:55.854Z","2024-01-04T07:25:55.854Z"
162984631,"DDV","1704353090","s","100","9600","399800","2024-01-04T07:24:52.894Z","2024-01-04T07:24:52.894Z"
162977771,"DDV","1704352970","s","100","9600","399700","2024-01-04T07:22:51.880Z","2024-01-04T07:22:51.880Z"
162946722,"DDV","1704352353","b","3000","9700","399600","2024-01-04T07:12:35.868Z","2024-01-04T07:12:35.868Z"
162930027,"DDV","1704352075","b","500","9700","396600","2024-01-04T07:08:18.853Z","2024-01-04T07:08:18.853Z"
162899865,"DDV","1704351598","b","2000","9700","396100","2024-01-04T06:59:59.858Z","2024-01-04T06:59:59.858Z"
162899659,"DDV","1704351593","b","7000","9700","394100","2024-01-04T06:59:54.905Z","2024-01-04T06:59:54.905Z"
162898647,"DDV","1704351580","b","100","9700","387100","2024-01-04T06:59:42.868Z","2024-01-04T06:59:42.868Z"
162897856,"DDV","1704351566","b","100","9700","387000","2024-01-04T06:59:28.852Z","2024-01-04T06:59:28.852Z"
162893784,"DDV","1704351497","b","7000","9700","386900","2024-01-04T06:58:19.856Z","2024-01-04T06:58:19.856Z"
162882363,"DDV","1704351265","s","300","9600","379900","2024-01-04T06:54:27.852Z","2024-01-04T06:54:27.852Z"
162876354,"DDV","1704351117","s","10000","9600","379600","2024-01-04T06:51:59.837Z","2024-01-04T06:51:59.837Z"
162872845,"DDV","1704351035","s","2000","9600","369600","2024-01-04T06:50:36.840Z","2024-01-04T06:50:36.840Z"
162871281,"DDV","1704350995","s","12900","9600","367600","2024-01-04T06:49:57.836Z","2024-01-04T06:49:57.836Z"
162864524,"DDV","1704350839","s","10100","9600","354700","2024-01-04T06:47:20.842Z","2024-01-04T06:47:20.842Z"
162864161,"DDV","1704350832","s","1000","9600","344600","2024-01-04T06:47:13.835Z","2024-01-04T06:47:13.835Z"
162861073,"DDV","1704350763","s","2000","9600","343600","2024-01-04T06:46:04.846Z","2024-01-04T06:46:04.846Z"
162861047,"DDV","1704350762","s","500","9600","341600","2024-01-04T06:46:04.846Z","2024-01-04T06:46:04.846Z"
162850559,"DDV","1704350534","s","100","9600","341100","2024-01-04T06:42:15.836Z","2024-01-04T06:42:15.836Z"
162810167,"DDV","1704349838","s","500","9600","341000","2024-01-04T06:30:41.870Z","2024-01-04T06:30:41.870Z"
162795688,"DDV","1704349639","s","2000","9600","340500","2024-01-04T06:27:19.819Z","2024-01-04T06:27:19.819Z"
162785908,"DDV","1704349481","s","300","9600","338500","2024-01-04T06:24:41.840Z","2024-01-04T06:24:41.840Z"
162781704,"DDV","1704349398","b","1800","9600","338200","2024-01-04T06:23:18.821Z","2024-01-04T06:23:18.821Z"
162780859,"DDV","1704349388","b","100","9600","336400","2024-01-04T06:23:08.886Z","2024-01-04T06:23:08.886Z"
162779962,"DDV","1704349368","b","500","9600","336300","2024-01-04T06:22:48.882Z","2024-01-04T06:22:48.882Z"
162779036,"DDV","1704349343","b","200","9600","335800","2024-01-04T06:22:24.818Z","2024-01-04T06:22:24.818Z"
162777572,"DDV","1704349302","b","46100","9600","335600","2024-01-04T06:21:42.826Z","2024-01-04T06:21:42.826Z"
162776324,"DDV","1704349264","s","12300","9600","289500","2024-01-04T06:21:05.814Z","2024-01-04T06:21:05.814Z"
162769133,"DDV","1704349085","s","1000","9600","277200","2024-01-04T06:18:06.816Z","2024-01-04T06:18:06.816Z"
162764362,"DDV","1704348944","s","100","9600","276200","2024-01-04T06:15:45.809Z","2024-01-04T06:15:45.809Z"
162763039,"DDV","1704348901","s","500","9600","276100","2024-01-04T06:15:02.815Z","2024-01-04T06:15:02.815Z"
162760887,"DDV","1704348841","s","5000","9600","275600","2024-01-04T06:14:02.808Z","2024-01-04T06:14:02.808Z"
162759001,"DDV","1704348790","s","2000","9600","270600","2024-01-04T06:13:11.828Z","2024-01-04T06:13:11.828Z"
162751078,"DDV","1704348564","s","2400","9600","268600","2024-01-04T06:09:25.814Z","2024-01-04T06:09:25.814Z"
162749274,"DDV","1704348521","s","200","9600","266200","2024-01-04T06:08:42.813Z","2024-01-04T06:08:42.813Z"
162742730,"DDV","1704348378","s","2000","9600","266000","2024-01-04T06:06:19.806Z","2024-01-04T06:06:19.806Z"
162740416,"DDV","1704348319","s","3000","9600","264000","2024-01-04T06:05:20.802Z","2024-01-04T06:05:20.802Z"
162724585,"DDV","1704348007","b","4000","9700","261000","2024-01-04T06:00:14.942Z","2024-01-04T06:00:14.942Z"
162701500,"DDV","1704341976","b","200","9700","257000","2024-01-04T04:19:37.727Z","2024-01-04T04:19:37.727Z"
162688947,"DDV","1704341528","s","5800","9700","256800","2024-01-04T04:12:09.713Z","2024-01-04T04:12:09.713Z"
162688875,"DDV","1704341525","s","7100","9700","251000","2024-01-04T04:12:05.714Z","2024-01-04T04:12:05.714Z"
162688525,"DDV","1704341511","b","3500","9700","243900","2024-01-04T04:11:52.718Z","2024-01-04T04:11:52.718Z"
162685071,"DDV","1704341402","b","1000","9700","240400","2024-01-04T04:10:02.714Z","2024-01-04T04:10:02.714Z"
162678541,"DDV","1704341205","b","6200","9700","239400","2024-01-04T04:06:46.712Z","2024-01-04T04:06:46.712Z"
162665324,"DDV","1704340955","b","700","9700","233200","2024-01-04T04:02:36.714Z","2024-01-04T04:02:36.714Z"
162661700,"DDV","1704340901","b","100","9700","232500","2024-01-04T04:01:43.702Z","2024-01-04T04:01:43.702Z"
162658880,"DDV","1704340808","b","25000","9700","232400","2024-01-04T04:00:09.700Z","2024-01-04T04:00:09.700Z"
162645015,"DDV","1704340138","s","100","9600","207400","2024-01-04T03:48:59.696Z","2024-01-04T03:48:59.696Z"
162643579,"DDV","1704340069","s","100","9600","207300","2024-01-04T03:47:50.700Z","2024-01-04T03:47:50.700Z"
162634441,"DDV","1704339638","b","1000","9700","207200","2024-01-04T03:40:39.677Z","2024-01-04T03:40:39.677Z"
162623185,"DDV","1704339161","s","100","9600","206200","2024-01-04T03:32:42.671Z","2024-01-04T03:32:42.671Z"
162617385,"DDV","1704338909","b","100","9700","206100","2024-01-04T03:28:30.665Z","2024-01-04T03:28:30.665Z"
162617349,"DDV","1704338907","b","200","9700","206000","2024-01-04T03:28:28.668Z","2024-01-04T03:28:28.668Z"
162612521,"DDV","1704338692","b","2000","9700","205800","2024-01-04T03:24:54.670Z","2024-01-04T03:24:54.670Z"
162599687,"DDV","1704338188","b","2000","9700","203800","2024-01-04T03:16:30.670Z","2024-01-04T03:16:30.670Z"
162589550,"DDV","1704337838","unknown","2000","9700","201800","2024-01-04T03:10:39.660Z","2024-01-04T03:10:39.660Z"
162587582,"DDV","1704337770","b","200","9700","199800","2024-01-04T03:09:31.659Z","2024-01-04T03:09:31.659Z"
162586405,"DDV","1704337729","s","1000","9700","199600","2024-01-04T03:08:50.666Z","2024-01-04T03:08:50.666Z"
162585305,"DDV","1704337686","s","3000","9700","198600","2024-01-04T03:08:06.661Z","2024-01-04T03:08:06.661Z"
162584819,"DDV","1704337666","s","800","9700","195600","2024-01-04T03:07:47.654Z","2024-01-04T03:07:47.654Z"
162584624,"DDV","1704337657","s","2300","9700","194800","2024-01-04T03:07:38.673Z","2024-01-04T03:07:38.673Z"
162583645,"DDV","1704337621","s","100","9700","192500","2024-01-04T03:07:02.655Z","2024-01-04T03:07:02.655Z"
162582130,"DDV","1704337566","s","1000","9700","192400","2024-01-04T03:06:07.659Z","2024-01-04T03:06:07.659Z"
162578285,"DDV","1704337435","s","500","9700","191400","2024-01-04T03:03:57.656Z","2024-01-04T03:03:57.656Z"
162577765,"DDV","1704337417","s","500","9700","190900","2024-01-04T03:03:38.657Z","2024-01-04T03:03:38.657Z"
162577657,"DDV","1704337414","s","1900","9700","190400","2024-01-04T03:03:35.677Z","2024-01-04T03:03:35.677Z"
162577278,"DDV","1704337399","b","100","9700","188500","2024-01-04T03:03:20.654Z","2024-01-04T03:03:20.654Z"
162575704,"DDV","1704337347","s","1900","9700","188400","2024-01-04T03:02:28.652Z","2024-01-04T03:02:28.652Z"
162575614,"DDV","1704337344","b","100","9700","186500","2024-01-04T03:02:25.654Z","2024-01-04T03:02:25.654Z"
162574412,"DDV","1704337301","unknown","1000","9700","186400","2024-01-04T03:01:43.654Z","2024-01-04T03:01:43.654Z"
162573771,"DDV","1704337280","s","1000","9700","185400","2024-01-04T03:01:21.652Z","2024-01-04T03:01:21.652Z"
162571522,"DDV","1704337206","s","100","9700","184400","2024-01-04T03:00:08.648Z","2024-01-04T03:00:08.648Z"
162570904,"DDV","1704337186","s","1000","9700","184300","2024-01-04T02:59:48.660Z","2024-01-04T02:59:48.660Z"
162569823,"DDV","1704337158","s","5000","9700","183300","2024-01-04T02:59:20.663Z","2024-01-04T02:59:20.663Z"
162569721,"DDV","1704337154","s","2000","9700","178300","2024-01-04T02:59:17.649Z","2024-01-04T02:59:17.649Z"
162568310,"DDV","1704337114","s","100","9700","176300","2024-01-04T02:58:36.657Z","2024-01-04T02:58:36.657Z"
162568050,"DDV","1704337105","s","1500","9700","176200","2024-01-04T02:58:27.654Z","2024-01-04T02:58:27.654Z"
162558738,"DDV","1704336900","s","300","9700","174700","2024-01-04T02:55:01.660Z","2024-01-04T02:55:01.660Z"
162556964,"DDV","1704336878","s","1000","9700","174400","2024-01-04T02:54:40.660Z","2024-01-04T02:54:40.660Z"
162556934,"DDV","1704336877","b","500","9700","173400","2024-01-04T02:54:39.649Z","2024-01-04T02:54:39.649Z"
162556196,"DDV","1704336856","s","2000","9700","172900","2024-01-04T02:54:18.652Z","2024-01-04T02:54:18.652Z"
162554860,"DDV","1704336838","s","100","9700","170900","2024-01-04T02:53:59.656Z","2024-01-04T02:53:59.656Z"
162554001,"DDV","1704336820","s","2000","9700","170800","2024-01-04T02:53:42.673Z","2024-01-04T02:53:42.673Z"
162551057,"DDV","1704336763","s","10000","9700","168800","2024-01-04T02:52:44.653Z","2024-01-04T02:52:44.653Z"
162548200,"DDV","1704336715","s","2000","9700","158800","2024-01-04T02:51:57.659Z","2024-01-04T02:51:57.659Z"
