"id","symbol","truncTime","matchType","matchVol","matchPrice","accumulatedVolume","createdAt","updatedAt"
163014529,"LIG","1704354314","s","35200","4400","906700","2024-01-04T07:45:20.858Z","2024-01-04T07:45:20.858Z"
162997697,"LIG","1704353343","s","400","4400","871500","2024-01-04T07:29:39.914Z","2024-01-04T07:29:39.914Z"
162997695,"LIG","1704353341","b","100","4500","871100","2024-01-04T07:29:39.914Z","2024-01-04T07:29:39.914Z"
162996794,"LIG","1704353318","s","12600","4400","871000","2024-01-04T07:29:30.864Z","2024-01-04T07:29:30.864Z"
162991286,"LIG","1704353211","s","2000","4400","858400","2024-01-04T07:27:31.848Z","2024-01-04T07:27:31.848Z"
162982893,"LIG","1704353060","s","1000","4400","856400","2024-01-04T07:24:21.861Z","2024-01-04T07:24:21.861Z"
162982001,"LIG","1704353046","s","1000","4400","855400","2024-01-04T07:24:07.877Z","2024-01-04T07:24:07.877Z"
162970807,"LIG","1704352834","s","26200","4400","854400","2024-01-04T07:20:35.887Z","2024-01-04T07:20:35.887Z"
162965729,"LIG","1704352724","s","8400","4400","828200","2024-01-04T07:18:46.860Z","2024-01-04T07:18:46.860Z"
162961391,"LIG","1704352652","s","4500","4400","819800","2024-01-04T07:17:35.851Z","2024-01-04T07:17:35.851Z"
162960343,"LIG","1704352626","s","300","4400","815300","2024-01-04T07:17:07.860Z","2024-01-04T07:17:07.860Z"
162951102,"LIG","1704352446","s","5000","4400","815000","2024-01-04T07:14:07.873Z","2024-01-04T07:14:07.873Z"
162950194,"LIG","1704352428","s","11500","4400","810000","2024-01-04T07:13:49.867Z","2024-01-04T07:13:49.867Z"
162937770,"LIG","1704352190","b","10000","4500","798500","2024-01-04T07:10:07.860Z","2024-01-04T07:10:07.860Z"
162929889,"LIG","1704352071","s","500","4400","788500","2024-01-04T07:08:15.863Z","2024-01-04T07:08:15.863Z"
162929887,"LIG","1704352047","s","1000","4400","788000","2024-01-04T07:08:15.863Z","2024-01-04T07:08:15.863Z"
162897794,"LIG","1704351565","s","10000","4400","787000","2024-01-04T06:59:27.862Z","2024-01-04T06:59:27.862Z"
162894343,"LIG","1704351508","s","10000","4400","777000","2024-01-04T06:58:29.862Z","2024-01-04T06:58:29.862Z"
162890475,"LIG","1704351440","b","10000","4500","767000","2024-01-04T06:57:21.847Z","2024-01-04T06:57:21.847Z"
162886822,"LIG","1704351365","s","10000","4400","757000","2024-01-04T06:56:06.850Z","2024-01-04T06:56:06.850Z"
162884263,"LIG","1704351310","s","500","4400","747000","2024-01-04T06:55:10.851Z","2024-01-04T06:55:10.851Z"
162881999,"LIG","1704351257","s","300","4400","746500","2024-01-04T06:54:18.853Z","2024-01-04T06:54:18.853Z"
162878112,"LIG","1704351163","s","200","4400","746200","2024-01-04T06:52:45.852Z","2024-01-04T06:52:45.852Z"
162874641,"LIG","1704351076","s","300","4400","746000","2024-01-04T06:51:18.860Z","2024-01-04T06:51:18.860Z"
162863681,"LIG","1704350821","b","100","4500","745700","2024-01-04T06:47:02.852Z","2024-01-04T06:47:02.852Z"
162860533,"LIG","1704350749","s","800","4400","745600","2024-01-04T06:45:51.869Z","2024-01-04T06:45:51.869Z"
162857228,"LIG","1704350674","s","1000","4400","744800","2024-01-04T06:44:36.835Z","2024-01-04T06:44:36.835Z"
162854398,"LIG","1704350613","s","500","4400","743800","2024-01-04T06:43:35.894Z","2024-01-04T06:43:35.894Z"
162852434,"LIG","1704350567","s","4600","4400","743300","2024-01-04T06:42:48.843Z","2024-01-04T06:42:48.843Z"
162848449,"LIG","1704350488","s","3000","4400","738700","2024-01-04T06:41:29.833Z","2024-01-04T06:41:29.833Z"
162848218,"LIG","1704350484","s","500","4400","735700","2024-01-04T06:41:25.852Z","2024-01-04T06:41:25.852Z"
162847605,"LIG","1704350471","s","500","4400","735200","2024-01-04T06:41:12.836Z","2024-01-04T06:41:12.836Z"
162845953,"LIG","1704350435","s","5500","4400","734700","2024-01-04T06:40:36.834Z","2024-01-04T06:40:36.834Z"
162843861,"LIG","1704350386","s","1000","4400","729200","2024-01-04T06:39:47.844Z","2024-01-04T06:39:47.844Z"
162803229,"LIG","1704349762","s","10000","4400","728200","2024-01-04T06:29:31.816Z","2024-01-04T06:29:31.816Z"
162799272,"LIG","1704349696","s","2000","4400","718200","2024-01-04T06:28:17.821Z","2024-01-04T06:28:17.821Z"
162781867,"LIG","1704349401","s","2000","4400","716200","2024-01-04T06:23:21.981Z","2024-01-04T06:23:21.981Z"
162780988,"LIG","1704349391","s","100","4400","714200","2024-01-04T06:23:11.839Z","2024-01-04T06:23:11.839Z"
162780270,"LIG","1704349378","s","10000","4400","714100","2024-01-04T06:22:58.827Z","2024-01-04T06:22:58.827Z"
162774057,"LIG","1704349205","s","3000","4400","704100","2024-01-04T06:20:05.821Z","2024-01-04T06:20:05.821Z"
162769288,"LIG","1704349091","s","100","4400","701100","2024-01-04T06:18:12.818Z","2024-01-04T06:18:12.818Z"
162758352,"LIG","1704348769","s","2000","4400","701000","2024-01-04T06:12:50.827Z","2024-01-04T06:12:50.827Z"
162729202,"LIG","1704348068","b","200","4500","699000","2024-01-04T06:01:24.791Z","2024-01-04T06:01:24.791Z"
162727168,"LIG","1704348016","s","1000","4400","698800","2024-01-04T06:00:49.797Z","2024-01-04T06:00:49.797Z"
162724740,"LIG","1704348015","s","100","4400","697800","2024-01-04T06:00:18.803Z","2024-01-04T06:00:18.803Z"
162724736,"LIG","1704348011","b","100","4500","697700","2024-01-04T06:00:18.803Z","2024-01-04T06:00:18.803Z"
162721359,"LIG","1704342562","b","100","4500","697600","2024-01-04T04:29:24.726Z","2024-01-04T04:29:24.726Z"
162719663,"LIG","1704342496","s","12900","4400","697500","2024-01-04T04:28:17.723Z","2024-01-04T04:28:17.723Z"
162719568,"LIG","1704342492","b","1000","4400","684600","2024-01-04T04:28:13.770Z","2024-01-04T04:28:13.770Z"
162718951,"LIG","1704342471","s","286100","4400","683600","2024-01-04T04:27:52.722Z","2024-01-04T04:27:52.722Z"
162684018,"LIG","1704341363","s","5000","4400","397500","2024-01-04T04:09:24.711Z","2024-01-04T04:09:24.711Z"
162678127,"LIG","1704341193","s","1200","4400","392500","2024-01-04T04:06:33.707Z","2024-01-04T04:06:33.707Z"
162663855,"LIG","1704340931","s","1000","4400","391300","2024-01-04T04:02:12.715Z","2024-01-04T04:02:12.715Z"
162659795,"LIG","1704340844","s","268300","4400","390300","2024-01-04T04:00:45.698Z","2024-01-04T04:00:45.698Z"
162655402,"LIG","1704340670","s","1000","4400","122000","2024-01-04T03:57:52.703Z","2024-01-04T03:57:52.703Z"
162652864,"LIG","1704340540","b","100","4500","121000","2024-01-04T03:55:41.692Z","2024-01-04T03:55:41.692Z"
162652828,"LIG","1704340538","s","1000","4400","120900","2024-01-04T03:55:39.693Z","2024-01-04T03:55:39.693Z"
162648004,"LIG","1704340269","b","200","4500","119900","2024-01-04T03:51:10.692Z","2024-01-04T03:51:10.692Z"
162647350,"LIG","1704340233","b","1000","4500","119700","2024-01-04T03:50:34.686Z","2024-01-04T03:50:34.686Z"
162627860,"LIG","1704339364","b","400","4500","118700","2024-01-04T03:36:05.681Z","2024-01-04T03:36:05.681Z"
162624785,"LIG","1704339227","s","500","4400","118300","2024-01-04T03:33:48.679Z","2024-01-04T03:33:48.679Z"
162624163,"LIG","1704339197","s","5000","4400","117800","2024-01-04T03:33:18.686Z","2024-01-04T03:33:18.686Z"
162617354,"LIG","1704338908","b","500","4500","112800","2024-01-04T03:28:28.668Z","2024-01-04T03:28:28.668Z"
162616550,"LIG","1704338869","b","500","4500","112300","2024-01-04T03:27:50.666Z","2024-01-04T03:27:50.666Z"
162608642,"LIG","1704338537","b","100","4500","111800","2024-01-04T03:22:19.667Z","2024-01-04T03:22:19.667Z"
162607358,"LIG","1704338492","b","5600","4500","111700","2024-01-04T03:21:33.667Z","2024-01-04T03:21:33.667Z"
162606655,"LIG","1704338459","b","10000","4500","106100","2024-01-04T03:21:01.673Z","2024-01-04T03:21:01.673Z"
162602222,"LIG","1704338287","b","2000","4500","96100","2024-01-04T03:18:09.661Z","2024-01-04T03:18:09.661Z"
162599912,"LIG","1704338196","s","500","4400","94100","2024-01-04T03:16:38.667Z","2024-01-04T03:16:38.667Z"
162589522,"LIG","1704337837","b","500","4500","93600","2024-01-04T03:10:39.660Z","2024-01-04T03:10:39.660Z"
162577399,"LIG","1704337405","b","200","4500","93100","2024-01-04T03:03:26.657Z","2024-01-04T03:03:26.657Z"
162571362,"LIG","1704337200","b","4000","4500","92900","2024-01-04T03:00:01.703Z","2024-01-04T03:00:01.703Z"
162569744,"LIG","1704337157","b","3500","4500","88900","2024-01-04T02:59:18.647Z","2024-01-04T02:59:18.647Z"
162566277,"LIG","1704337059","b","14800","4500","85400","2024-01-04T02:57:39.655Z","2024-01-04T02:57:39.655Z"
162563629,"LIG","1704337003","b","2500","4500","70600","2024-01-04T02:56:44.654Z","2024-01-04T02:56:44.654Z"
162559250,"LIG","1704336906","b","1000","4500","68100","2024-01-04T02:55:08.655Z","2024-01-04T02:55:08.655Z"
162546454,"LIG","1704336686","b","1000","4500","67100","2024-01-04T02:51:28.659Z","2024-01-04T02:51:28.659Z"
162542707,"LIG","1704336623","b","1200","4500","66100","2024-01-04T02:50:25.657Z","2024-01-04T02:50:25.657Z"
162539513,"LIG","1704336566","b","500","4500","64900","2024-01-04T02:49:28.654Z","2024-01-04T02:49:28.654Z"
162537723,"LIG","1704336534","s","100","4400","64400","2024-01-04T02:48:56.657Z","2024-01-04T02:48:56.657Z"
162536615,"LIG","1704336509","b","2000","4500","64300","2024-01-04T02:48:31.643Z","2024-01-04T02:48:31.643Z"
162527144,"LIG","1704336291","b","900","4500","62300","2024-01-04T02:44:52.643Z","2024-01-04T02:44:52.643Z"
162521074,"LIG","1704336136","b","1000","4500","61400","2024-01-04T02:42:17.642Z","2024-01-04T02:42:17.642Z"
162516141,"LIG","1704336013","b","300","4500","60400","2024-01-04T02:40:14.649Z","2024-01-04T02:40:14.649Z"
162510853,"LIG","1704335897","b","22000","4500","60100","2024-01-04T02:38:19.659Z","2024-01-04T02:38:19.659Z"
162504413,"LIG","1704335762","s","100","4400","38100","2024-01-04T02:36:03.667Z","2024-01-04T02:36:03.667Z"
162481114,"LIG","1704335233","b","100","4500","38000","2024-01-04T02:27:15.636Z","2024-01-04T02:27:15.636Z"
162473582,"LIG","1704335064","s","100","4400","37900","2024-01-04T02:24:26.637Z","2024-01-04T02:24:26.637Z"
162471036,"LIG","1704335011","s","100","4400","37800","2024-01-04T02:23:32.640Z","2024-01-04T02:23:32.640Z"
162470865,"LIG","1704335007","b","9600","4500","37700","2024-01-04T02:23:28.646Z","2024-01-04T02:23:28.646Z"
162469056,"LIG","1704334968","b","1500","4500","28100","2024-01-04T02:22:50.635Z","2024-01-04T02:22:50.635Z"
162463622,"LIG","1704334855","b","1500","4500","26600","2024-01-04T02:20:56.633Z","2024-01-04T02:20:56.633Z"
162447181,"LIG","1704334227","b","400","4500","25100","2024-01-04T02:10:28.609Z","2024-01-04T02:10:28.609Z"
162446550,"LIG","1704333944","s","100","4400","24700","2024-01-04T02:05:46.602Z","2024-01-04T02:05:46.602Z"
162446393,"LIG","1704333870","b","300","4500","24600","2024-01-04T02:04:32.606Z","2024-01-04T02:04:32.606Z"
162446339,"LIG","1704333845","b","100","4500","24300","2024-01-04T02:04:07.597Z","2024-01-04T02:04:07.597Z"
162446281,"LIG","1704333823","b","20600","4500","24200","2024-01-04T02:03:45.598Z","2024-01-04T02:03:45.598Z"
162446097,"LIG","1704333755","b","1000","4500","3600","2024-01-04T02:02:37.597Z","2024-01-04T02:02:37.597Z"
162445671,"LIG","1704333628","b","1800","4500","2600","2024-01-04T02:00:29.598Z","2024-01-04T02:00:29.598Z"
162445587,"LIG","1704333613","s","800","4400","800","2024-01-04T02:00:15.595Z","2024-01-04T02:00:15.595Z"
