"id","symbol","truncTime","matchType","matchVol","matchPrice","accumulatedVolume","createdAt","updatedAt"
163014761,"ODE","1704354542","b","1000","43800","31800","2024-01-04T07:49:02.863Z","2024-01-04T07:49:02.863Z"
163014725,"ODE","1704354512","b","1000","43800","30800","2024-01-04T07:48:32.862Z","2024-01-04T07:48:32.862Z"
163013563,"ODE","1704353589","b","500","43900","29800","2024-01-04T07:33:10.853Z","2024-01-04T07:33:10.853Z"
163013448,"ODE","1704353466","b","600","44000","29300","2024-01-04T07:31:09.852Z","2024-01-04T07:31:09.852Z"
163013390,"ODE","1704353424","b","300","44000","28700","2024-01-04T07:30:30.852Z","2024-01-04T07:30:30.852Z"
163002184,"ODE","1704353382","b","100","44000","28400","2024-01-04T07:29:45.944Z","2024-01-04T07:29:45.944Z"
162997727,"ODE","1704353372","b","900","44000","28300","2024-01-04T07:29:39.914Z","2024-01-04T07:29:39.914Z"
162997724,"ODE","1704353360","unknown","400","43900","27400","2024-01-04T07:29:39.914Z","2024-01-04T07:29:39.914Z"
162997723,"ODE","1704353348","unknown","600","43900","27000","2024-01-04T07:29:39.914Z","2024-01-04T07:29:39.914Z"
162997722,"ODE","1704353338","unknown","500","43900","26400","2024-01-04T07:29:39.914Z","2024-01-04T07:29:39.914Z"
162946579,"ODE","1704352347","b","400","43900","25900","2024-01-04T07:12:27.886Z","2024-01-04T07:12:27.886Z"
162944086,"ODE","1704352293","b","400","43900","25500","2024-01-04T07:11:34.866Z","2024-01-04T07:11:34.866Z"
162942699,"ODE","1704352267","b","200","43900","25100","2024-01-04T07:11:09.926Z","2024-01-04T07:11:09.926Z"
162941843,"ODE","1704352256","b","400","43900","24900","2024-01-04T07:11:00.942Z","2024-01-04T07:11:00.942Z"
162940076,"ODE","1704352230","b","200","43900","24500","2024-01-04T07:10:39.914Z","2024-01-04T07:10:39.914Z"
162939201,"ODE","1704352219","b","400","43800","24300","2024-01-04T07:10:28.012Z","2024-01-04T07:10:28.012Z"
162939114,"ODE","1704352208","b","500","43800","23900","2024-01-04T07:10:23.874Z","2024-01-04T07:10:23.874Z"
162932676,"ODE","1704352119","b","500","43800","23400","2024-01-04T07:09:04.855Z","2024-01-04T07:09:04.855Z"
162931163,"ODE","1704352100","b","500","43800","22900","2024-01-04T07:08:53.966Z","2024-01-04T07:08:53.966Z"
162931161,"ODE","1704352090","b","300","43800","22400","2024-01-04T07:08:53.966Z","2024-01-04T07:08:53.966Z"
162929974,"ODE","1704352075","b","200","43700","22100","2024-01-04T07:08:17.863Z","2024-01-04T07:08:17.863Z"
162929972,"ODE","1704352064","b","800","43700","21900","2024-01-04T07:08:17.863Z","2024-01-04T07:08:17.863Z"
162927431,"ODE","1704352038","b","500","43700","21100","2024-01-04T07:07:31.373Z","2024-01-04T07:07:31.373Z"
162923019,"ODE","1704351996","b","200","43700","20600","2024-01-04T07:07:09.856Z","2024-01-04T07:07:09.856Z"
162923017,"ODE","1704351983","b","500","43600","20400","2024-01-04T07:07:09.856Z","2024-01-04T07:07:09.856Z"
162921219,"ODE","1704351972","b","400","43600","19900","2024-01-04T07:06:32.009Z","2024-01-04T07:06:32.009Z"
162921218,"ODE","1704351960","b","500","43600","19500","2024-01-04T07:06:32.009Z","2024-01-04T07:06:32.009Z"
162703150,"ODE","1704342030","b","600","43700","19000","2024-01-04T04:20:32.729Z","2024-01-04T04:20:32.729Z"
162702540,"ODE","1704342015","b","500","43700","18400","2024-01-04T04:20:17.725Z","2024-01-04T04:20:17.725Z"
162701444,"ODE","1704341973","b","700","43700","17900","2024-01-04T04:19:34.727Z","2024-01-04T04:19:34.727Z"
162626308,"ODE","1704339292","unknown","400","43800","17200","2024-01-04T03:34:53.675Z","2024-01-04T03:34:53.675Z"
162625812,"ODE","1704339278","b","600","43800","16800","2024-01-04T03:34:39.686Z","2024-01-04T03:34:39.686Z"
162625275,"ODE","1704339248","b","300","43800","16200","2024-01-04T03:34:09.676Z","2024-01-04T03:34:09.676Z"
162624991,"ODE","1704339235","b","500","43800","15900","2024-01-04T03:33:57.672Z","2024-01-04T03:33:57.672Z"
162599154,"ODE","1704338167","unknown","400","43900","15400","2024-01-04T03:16:08.660Z","2024-01-04T03:16:08.660Z"
162598906,"ODE","1704338155","b","300","43900","15000","2024-01-04T03:15:57.661Z","2024-01-04T03:15:57.661Z"
162598006,"ODE","1704338123","b","300","43900","14700","2024-01-04T03:15:24.669Z","2024-01-04T03:15:24.669Z"
162597540,"ODE","1704338108","b","100","43900","14400","2024-01-04T03:15:09.656Z","2024-01-04T03:15:09.656Z"
162594518,"ODE","1704338005","unknown","600","44000","14300","2024-01-04T03:13:26.659Z","2024-01-04T03:13:26.659Z"
162594078,"ODE","1704337989","b","200","44000","13700","2024-01-04T03:13:10.654Z","2024-01-04T03:13:10.654Z"
162593715,"ODE","1704337977","b","500","44000","13500","2024-01-04T03:12:58.656Z","2024-01-04T03:12:58.656Z"
162593452,"ODE","1704337966","b","300","44000","13000","2024-01-04T03:12:47.659Z","2024-01-04T03:12:47.659Z"
162592588,"ODE","1704337943","b","300","44000","12700","2024-01-04T03:12:24.660Z","2024-01-04T03:12:24.660Z"
162592123,"ODE","1704337930","unknown","500","43900","12400","2024-01-04T03:12:11.660Z","2024-01-04T03:12:11.660Z"
162591870,"ODE","1704337918","b","500","43900","11900","2024-01-04T03:11:59.661Z","2024-01-04T03:11:59.661Z"
162591553,"ODE","1704337907","b","300","43900","11400","2024-01-04T03:11:48.661Z","2024-01-04T03:11:48.661Z"
162591164,"ODE","1704337895","unknown","600","43800","11100","2024-01-04T03:11:36.704Z","2024-01-04T03:11:36.704Z"
162590879,"ODE","1704337883","b","300","43800","10500","2024-01-04T03:11:24.660Z","2024-01-04T03:11:24.660Z"
162590469,"ODE","1704337870","b","500","43800","10200","2024-01-04T03:11:11.658Z","2024-01-04T03:11:11.658Z"
162590177,"ODE","1704337857","b","200","43800","9700","2024-01-04T03:10:59.655Z","2024-01-04T03:10:59.655Z"
162551361,"ODE","1704336771","b","400","43800","9500","2024-01-04T02:52:52.662Z","2024-01-04T02:52:52.662Z"
162550538,"ODE","1704336759","b","400","43800","9100","2024-01-04T02:52:42.796Z","2024-01-04T02:52:42.796Z"
162549914,"ODE","1704336746","b","500","43800","8700","2024-01-04T02:52:27.663Z","2024-01-04T02:52:27.663Z"
162528160,"ODE","1704336314","b","200","43800","8200","2024-01-04T02:45:15.687Z","2024-01-04T02:45:15.687Z"
162526646,"ODE","1704336277","b","600","43900","8000","2024-01-04T02:44:38.663Z","2024-01-04T02:44:38.663Z"
162526291,"ODE","1704336272","b","500","43900","7400","2024-01-04T02:44:33.644Z","2024-01-04T02:44:33.644Z"
162526162,"ODE","1704336269","b","400","43900","6900","2024-01-04T02:44:31.652Z","2024-01-04T02:44:31.652Z"
162525998,"ODE","1704336264","b","400","43900","6500","2024-01-04T02:44:26.659Z","2024-01-04T02:44:26.659Z"
162525782,"ODE","1704336259","b","300","43800","6100","2024-01-04T02:44:20.659Z","2024-01-04T02:44:20.659Z"
162525621,"ODE","1704336255","b","300","43800","5800","2024-01-04T02:44:16.652Z","2024-01-04T02:44:16.652Z"
162525447,"ODE","1704336249","b","500","43800","5500","2024-01-04T02:44:11.650Z","2024-01-04T02:44:11.650Z"
162525180,"ODE","1704336245","b","500","43800","5000","2024-01-04T02:44:07.649Z","2024-01-04T02:44:07.649Z"
162522301,"ODE","1704336173","b","400","43700","4500","2024-01-04T02:42:55.648Z","2024-01-04T02:42:55.648Z"
162522214,"ODE","1704336170","b","300","43700","4100","2024-01-04T02:42:52.645Z","2024-01-04T02:42:52.645Z"
162522065,"ODE","1704336166","b","500","43700","3800","2024-01-04T02:42:47.681Z","2024-01-04T02:42:47.681Z"
162521962,"ODE","1704336164","b","500","43700","3300","2024-01-04T02:42:46.651Z","2024-01-04T02:42:46.651Z"
162521606,"ODE","1704336153","b","400","43600","2800","2024-01-04T02:42:34.649Z","2024-01-04T02:42:34.649Z"
162521375,"ODE","1704336147","b","800","43600","2400","2024-01-04T02:42:28.647Z","2024-01-04T02:42:28.647Z"
162485863,"ODE","1704335369","s","100","43500","1600","2024-01-04T02:29:31.641Z","2024-01-04T02:29:31.641Z"
162469538,"ODE","1704334977","s","700","43500","1500","2024-01-04T02:22:59.648Z","2024-01-04T02:22:59.648Z"
162450974,"ODE","1704334587","s","600","43400","800","2024-01-04T02:16:28.642Z","2024-01-04T02:16:28.642Z"
162447769,"ODE","1704334454","s","200","43400","200","2024-01-04T02:14:16.618Z","2024-01-04T02:14:16.618Z"
