"id","symbol","truncTime","matchType","matchVol","matchPrice","accumulatedVolume","createdAt","updatedAt"
163014210,"PTB","1704354292","unknown","8100","56800","247000","2024-01-04T07:45:06.871Z","2024-01-04T07:45:06.871Z"
163007461,"PTB","1704353374","s","200","56800","247000","2024-01-04T07:29:51.348Z","2024-01-04T07:29:51.348Z"
163007460,"PTB","1704353374","s","500","56800","247000","2024-01-04T07:29:51.348Z","2024-01-04T07:29:51.348Z"
163007459,"PTB","1704353374","s","200","56800","247000","2024-01-04T07:29:51.348Z","2024-01-04T07:29:51.348Z"
163007458,"PTB","1704353374","s","1000","56800","247000","2024-01-04T07:29:51.348Z","2024-01-04T07:29:51.348Z"
163007457,"PTB","1704353374","s","2600","56800","247000","2024-01-04T07:29:51.348Z","2024-01-04T07:29:51.348Z"
162987268,"PTB","1704353120","s","400","56800","241700","2024-01-04T07:25:34.957Z","2024-01-04T07:25:34.957Z"
162987267,"PTB","1704353120","s","400","56800","241700","2024-01-04T07:25:34.957Z","2024-01-04T07:25:34.957Z"
162985514,"PTB","1704353091","b","1300","56900","240400","2024-01-04T07:25:05.865Z","2024-01-04T07:25:05.865Z"
162981030,"PTB","1704353018","s","300","56900","234400","2024-01-04T07:23:52.869Z","2024-01-04T07:23:52.869Z"
162981029,"PTB","1704353018","s","5000","56900","234400","2024-01-04T07:23:52.869Z","2024-01-04T07:23:52.869Z"
162981028,"PTB","1704353018","s","100","56900","234400","2024-01-04T07:23:52.869Z","2024-01-04T07:23:52.869Z"
162981027,"PTB","1704353018","s","100","56900","234400","2024-01-04T07:23:52.869Z","2024-01-04T07:23:52.869Z"
162981026,"PTB","1704353018","s","500","56900","234400","2024-01-04T07:23:52.869Z","2024-01-04T07:23:52.869Z"
162978306,"PTB","1704352969","b","100","57000","234300","2024-01-04T07:23:03.863Z","2024-01-04T07:23:03.863Z"
162975505,"PTB","1704352911","b","800","57200","233500","2024-01-04T07:22:05.855Z","2024-01-04T07:22:05.855Z"
162975130,"PTB","1704352902","b","100","57100","230800","2024-01-04T07:21:56.878Z","2024-01-04T07:21:56.878Z"
162975129,"PTB","1704352902","b","2000","57100","230800","2024-01-04T07:21:56.878Z","2024-01-04T07:21:56.878Z"
162975128,"PTB","1704352902","b","100","57100","230800","2024-01-04T07:21:56.878Z","2024-01-04T07:21:56.878Z"
162975127,"PTB","1704352902","b","500","57000","230800","2024-01-04T07:21:56.878Z","2024-01-04T07:21:56.878Z"
162971767,"PTB","1704352840","b","1000","57000","229300","2024-01-04T07:20:54.883Z","2024-01-04T07:20:54.883Z"
162971766,"PTB","1704352840","b","200","57000","229300","2024-01-04T07:20:54.883Z","2024-01-04T07:20:54.883Z"
162971765,"PTB","1704352840","b","300","57000","229300","2024-01-04T07:20:54.883Z","2024-01-04T07:20:54.883Z"
162970264,"PTB","1704352809","s","200","56900","229100","2024-01-04T07:20:23.853Z","2024-01-04T07:20:23.853Z"
162969388,"PTB","1704352790","s","100","56900","229000","2024-01-04T07:20:05.883Z","2024-01-04T07:20:05.883Z"
162967094,"PTB","1704352741","s","4200","56900","224000","2024-01-04T07:19:15.888Z","2024-01-04T07:19:15.888Z"
162967093,"PTB","1704352741","s","800","56900","224000","2024-01-04T07:19:15.888Z","2024-01-04T07:19:15.888Z"
162958263,"PTB","1704352576","b","4700","57000","219000","2024-01-04T07:16:30.880Z","2024-01-04T07:16:30.880Z"
162958262,"PTB","1704352576","b","300","57000","219000","2024-01-04T07:16:30.880Z","2024-01-04T07:16:30.880Z"
162958118,"PTB","1704352573","s","1000","56900","218000","2024-01-04T07:16:27.856Z","2024-01-04T07:16:27.856Z"
162954626,"PTB","1704352497","s","100","56900","217900","2024-01-04T07:15:12.884Z","2024-01-04T07:15:12.884Z"
162954242,"PTB","1704352489","s","600","56900","217300","2024-01-04T07:15:03.854Z","2024-01-04T07:15:03.854Z"
162954087,"PTB","1704352484","b","200","57000","217100","2024-01-04T07:14:58.896Z","2024-01-04T07:14:58.896Z"
162947231,"PTB","1704352351","b","4800","57000","212100","2024-01-04T07:12:46.037Z","2024-01-04T07:12:46.037Z"
162947230,"PTB","1704352351","b","200","57000","212100","2024-01-04T07:12:46.037Z","2024-01-04T07:12:46.037Z"
162938720,"PTB","1704352207","s","100","56900","212000","2024-01-04T07:10:21.999Z","2024-01-04T07:10:21.999Z"
162937013,"PTB","1704352175","b","5000","57000","197100","2024-01-04T07:09:50.205Z","2024-01-04T07:09:50.205Z"
162937009,"PTB","1704352175","s","2400","56900","197100","2024-01-04T07:09:50.205Z","2024-01-04T07:09:50.205Z"
162937008,"PTB","1704352175","s","2600","56900","197100","2024-01-04T07:09:50.205Z","2024-01-04T07:09:50.205Z"
162936893,"PTB","1704352175","b","1000","56900","197100","2024-01-04T07:09:50.205Z","2024-01-04T07:09:50.205Z"
162936892,"PTB","1704352175","b","3900","56900","197100","2024-01-04T07:09:50.205Z","2024-01-04T07:09:50.205Z"
162928657,"PTB","1704352071","s","600","56800","191100","2024-01-04T07:08:06.208Z","2024-01-04T07:08:06.208Z"
162928656,"PTB","1704352071","s","400","56800","191100","2024-01-04T07:08:06.208Z","2024-01-04T07:08:06.208Z"
162928482,"PTB","1704352071","s","100","56800","191100","2024-01-04T07:08:06.208Z","2024-01-04T07:08:06.208Z"
162928481,"PTB","1704352071","s","4900","56800","191100","2024-01-04T07:08:06.208Z","2024-01-04T07:08:06.208Z"
162919161,"PTB","1704351934","s","500","56900","189600","2024-01-04T07:05:49.586Z","2024-01-04T07:05:49.586Z"
162919160,"PTB","1704351934","s","600","56900","189600","2024-01-04T07:05:49.586Z","2024-01-04T07:05:49.586Z"
162919148,"PTB","1704351934","s","100","56900","189600","2024-01-04T07:05:49.586Z","2024-01-04T07:05:49.586Z"
162918980,"PTB","1704351934","s","300","56900","189600","2024-01-04T07:05:49.383Z","2024-01-04T07:05:49.383Z"
162907555,"PTB","1704351804","b","500","56900","180600","2024-01-04T07:03:38.963Z","2024-01-04T07:03:38.963Z"
162907554,"PTB","1704351804","b","500","56900","180600","2024-01-04T07:03:38.963Z","2024-01-04T07:03:38.963Z"
162907469,"PTB","1704351804","b","3000","57000","180600","2024-01-04T07:03:38.963Z","2024-01-04T07:03:38.963Z"
162907468,"PTB","1704351804","b","1000","57000","180600","2024-01-04T07:03:38.963Z","2024-01-04T07:03:38.963Z"
162907467,"PTB","1704351804","b","400","57000","180600","2024-01-04T07:03:38.963Z","2024-01-04T07:03:38.963Z"
162907466,"PTB","1704351804","b","2000","57000","180600","2024-01-04T07:03:38.963Z","2024-01-04T07:03:38.963Z"
162907465,"PTB","1704351804","b","100","57000","180600","2024-01-04T07:03:38.963Z","2024-01-04T07:03:38.963Z"
162907425,"PTB","1704351804","b","300","56900","180600","2024-01-04T07:03:38.963Z","2024-01-04T07:03:38.963Z"
162907424,"PTB","1704351804","b","1000","56900","180600","2024-01-04T07:03:38.963Z","2024-01-04T07:03:38.963Z"
162907423,"PTB","1704351804","b","200","56900","180600","2024-01-04T07:03:38.963Z","2024-01-04T07:03:38.963Z"
162902994,"PTB","1704351633","s","100","56800","180500","2024-01-04T07:00:47.858Z","2024-01-04T07:00:47.858Z"
162897290,"PTB","1704351541","b","500","56900","180000","2024-01-04T06:59:16.864Z","2024-01-04T06:59:16.864Z"
162892836,"PTB","1704351464","b","1000","56900","179000","2024-01-04T06:57:59.867Z","2024-01-04T06:57:59.867Z"
162891759,"PTB","1704351449","b","300","56900","174000","2024-01-04T06:57:43.862Z","2024-01-04T06:57:43.862Z"
162891758,"PTB","1704351449","b","2000","56900","174000","2024-01-04T06:57:43.862Z","2024-01-04T06:57:43.862Z"
162891757,"PTB","1704351449","b","1000","56800","174000","2024-01-04T06:57:43.862Z","2024-01-04T06:57:43.862Z"
162891756,"PTB","1704351449","b","1700","56800","174000","2024-01-04T06:57:43.862Z","2024-01-04T06:57:43.862Z"
162888156,"PTB","1704351382","s","300","56700","173000","2024-01-04T06:56:36.853Z","2024-01-04T06:56:36.853Z"
162888155,"PTB","1704351382","s","500","56700","173000","2024-01-04T06:56:36.853Z","2024-01-04T06:56:36.853Z"
162888154,"PTB","1704351382","s","200","56700","173000","2024-01-04T06:56:36.853Z","2024-01-04T06:56:36.853Z"
162887122,"PTB","1704351356","s","100","56700","172900","2024-01-04T06:56:10.850Z","2024-01-04T06:56:10.850Z"
162886454,"PTB","1704351344","s","300","56800","172600","2024-01-04T06:55:58.856Z","2024-01-04T06:55:58.856Z"
162886223,"PTB","1704351339","b","700","56800","171900","2024-01-04T06:55:53.867Z","2024-01-04T06:55:53.867Z"
162885119,"PTB","1704351317","b","1000","56800","170900","2024-01-04T06:55:31.845Z","2024-01-04T06:55:31.845Z"
162879858,"PTB","1704351198","b","100","56800","170800","2024-01-04T06:53:32.840Z","2024-01-04T06:53:32.840Z"
162878566,"PTB","1704351160","s","200","56800","170600","2024-01-04T06:52:54.847Z","2024-01-04T06:52:54.847Z"
162875796,"PTB","1704351088","s","100","56800","170500","2024-01-04T06:51:43.843Z","2024-01-04T06:51:43.843Z"
162872053,"PTB","1704351001","s","700","56800","169500","2024-01-04T06:50:16.847Z","2024-01-04T06:50:16.847Z"
162872052,"PTB","1704351001","s","200","56800","169500","2024-01-04T06:50:16.847Z","2024-01-04T06:50:16.847Z"
162872051,"PTB","1704351001","s","100","56800","169500","2024-01-04T06:50:16.847Z","2024-01-04T06:50:16.847Z"
162869787,"PTB","1704350941","s","200","56800","163500","2024-01-04T06:49:15.840Z","2024-01-04T06:49:15.840Z"
162869786,"PTB","1704350941","s","5800","56800","163500","2024-01-04T06:49:15.840Z","2024-01-04T06:49:15.840Z"
162869548,"PTB","1704350936","s","300","56900","160500","2024-01-04T06:49:10.844Z","2024-01-04T06:49:10.844Z"
162869547,"PTB","1704350936","s","2700","56900","160500","2024-01-04T06:49:10.844Z","2024-01-04T06:49:10.844Z"
162868206,"PTB","1704350906","b","100","57000","160000","2024-01-04T06:48:40.856Z","2024-01-04T06:48:40.856Z"
162868205,"PTB","1704350906","b","200","57000","160000","2024-01-04T06:48:40.856Z","2024-01-04T06:48:40.856Z"
162868198,"PTB","1704350905","b","200","57000","160000","2024-01-04T06:48:40.856Z","2024-01-04T06:48:40.856Z"
162865432,"PTB","1704350846","s","100","56900","159900","2024-01-04T06:47:40.842Z","2024-01-04T06:47:40.842Z"
162864309,"PTB","1704350822","s","100","56900","159800","2024-01-04T06:47:16.841Z","2024-01-04T06:47:16.841Z"
162863362,"PTB","1704350801","s","1000","56900","158800","2024-01-04T06:46:55.858Z","2024-01-04T06:46:55.858Z"
162862264,"PTB","1704350777","s","100","56900","158700","2024-01-04T06:46:31.860Z","2024-01-04T06:46:31.860Z"
162862041,"PTB","1704350772","s","2000","56900","156700","2024-01-04T06:46:26.877Z","2024-01-04T06:46:26.877Z"
162852611,"PTB","1704350558","s","100","56900","156600","2024-01-04T06:42:51.850Z","2024-01-04T06:42:51.850Z"
162850246,"PTB","1704350513","b","300","57000","152600","2024-01-04T06:42:08.842Z","2024-01-04T06:42:08.842Z"
162850245,"PTB","1704350513","b","3700","57000","152600","2024-01-04T06:42:08.842Z","2024-01-04T06:42:08.842Z"
162847770,"PTB","1704350462","s","900","56900","151700","2024-01-04T06:41:16.846Z","2024-01-04T06:41:16.846Z"
162846853,"PTB","1704350440","s","900","56900","150800","2024-01-04T06:40:55.837Z","2024-01-04T06:40:55.837Z"
162843964,"PTB","1704350375","b","100","57000","150700","2024-01-04T06:39:50.836Z","2024-01-04T06:39:50.836Z"
162839695,"PTB","1704350296","s","100","56900","150600","2024-01-04T06:38:31.838Z","2024-01-04T06:38:31.838Z"
162838042,"PTB","1704350261","b","100","57000","150500","2024-01-04T06:37:55.833Z","2024-01-04T06:37:55.833Z"
162835395,"PTB","1704350211","s","600","57000","149900","2024-01-04T06:37:05.856Z","2024-01-04T06:37:05.856Z"
