"id","symbol","truncTime","matchType","matchVol","matchPrice","accumulatedVolume","createdAt","updatedAt"
163014358,"PVP","1704354294","unknown","19700","14000","378900","2024-01-04T07:45:08.888Z","2024-01-04T07:45:08.888Z"
163013257,"PVP","1704353388","s","800","14000","359200","2024-01-04T07:30:02.863Z","2024-01-04T07:30:02.863Z"
163012129,"PVP","1704353380","b","1200","14000","358400","2024-01-04T07:29:55.160Z","2024-01-04T07:29:55.160Z"
163012127,"PVP","1704353380","b","100","14000","358400","2024-01-04T07:29:55.160Z","2024-01-04T07:29:55.160Z"
163010996,"PVP","1704353376","s","600","14000","357100","2024-01-04T07:29:54.299Z","2024-01-04T07:29:54.299Z"
163010995,"PVP","1704353376","s","200","14000","357100","2024-01-04T07:29:54.299Z","2024-01-04T07:29:54.299Z"
163010994,"PVP","1704353376","s","2000","14000","357100","2024-01-04T07:29:54.299Z","2024-01-04T07:29:54.299Z"
163010993,"PVP","1704353376","s","2000","14000","357100","2024-01-04T07:29:54.299Z","2024-01-04T07:29:54.299Z"
163010992,"PVP","1704353376","s","5000","14000","357100","2024-01-04T07:29:54.299Z","2024-01-04T07:29:54.299Z"
163010991,"PVP","1704353376","s","500","14000","357100","2024-01-04T07:29:54.299Z","2024-01-04T07:29:54.299Z"
163010990,"PVP","1704353376","s","1000","14000","357100","2024-01-04T07:29:54.299Z","2024-01-04T07:29:54.299Z"
163010989,"PVP","1704353376","s","100","14000","357100","2024-01-04T07:29:54.299Z","2024-01-04T07:29:54.299Z"
163010988,"PVP","1704353376","s","600","14000","357100","2024-01-04T07:29:54.299Z","2024-01-04T07:29:54.299Z"
163010987,"PVP","1704353376","s","400","14000","357100","2024-01-04T07:29:54.299Z","2024-01-04T07:29:54.299Z"
163010986,"PVP","1704353376","s","2000","14000","357100","2024-01-04T07:29:54.299Z","2024-01-04T07:29:54.299Z"
163010985,"PVP","1704353376","s","200","14000","357100","2024-01-04T07:29:54.299Z","2024-01-04T07:29:54.299Z"
163010984,"PVP","1704353376","s","1100","14000","357100","2024-01-04T07:29:54.299Z","2024-01-04T07:29:54.299Z"
163010983,"PVP","1704353376","s","200","14000","357100","2024-01-04T07:29:54.299Z","2024-01-04T07:29:54.299Z"
163010982,"PVP","1704353376","s","500","14000","357100","2024-01-04T07:29:54.299Z","2024-01-04T07:29:54.299Z"
163010981,"PVP","1704353376","s","100","14000","357100","2024-01-04T07:29:53.970Z","2024-01-04T07:29:53.970Z"
163010980,"PVP","1704353376","s","2100","14000","357100","2024-01-04T07:29:53.970Z","2024-01-04T07:29:53.970Z"
163010979,"PVP","1704353376","s","1000","14000","357100","2024-01-04T07:29:53.970Z","2024-01-04T07:29:53.970Z"
163010978,"PVP","1704353376","s","40000","14000","357100","2024-01-04T07:29:53.970Z","2024-01-04T07:29:53.970Z"
163010977,"PVP","1704353376","s","2000","14000","357100","2024-01-04T07:29:53.970Z","2024-01-04T07:29:53.970Z"
163010976,"PVP","1704353376","s","100","14000","357100","2024-01-04T07:29:53.970Z","2024-01-04T07:29:53.970Z"
163010975,"PVP","1704353376","s","5000","14050","357100","2024-01-04T07:29:53.970Z","2024-01-04T07:29:53.970Z"
163010974,"PVP","1704353376","s","100","14050","357100","2024-01-04T07:29:53.970Z","2024-01-04T07:29:53.970Z"
163010973,"PVP","1704353376","s","2000","14050","357100","2024-01-04T07:29:53.970Z","2024-01-04T07:29:53.970Z"
163010972,"PVP","1704353376","s","1600","14050","357100","2024-01-04T07:29:53.970Z","2024-01-04T07:29:53.970Z"
163010971,"PVP","1704353376","s","200","14050","357100","2024-01-04T07:29:53.970Z","2024-01-04T07:29:53.970Z"
163010970,"PVP","1704353376","s","3100","14050","357100","2024-01-04T07:29:53.970Z","2024-01-04T07:29:53.970Z"
163010661,"PVP","1704353376","s","1900","14050","357100","2024-01-04T07:29:53.970Z","2024-01-04T07:29:53.970Z"
163010660,"PVP","1704353376","s","100","14050","357100","2024-01-04T07:29:53.970Z","2024-01-04T07:29:53.970Z"
162970171,"PVP","1704352806","b","100","14100","281400","2024-01-04T07:20:20.859Z","2024-01-04T07:20:20.859Z"
162970170,"PVP","1704352806","b","300","14100","281400","2024-01-04T07:20:20.859Z","2024-01-04T07:20:20.859Z"
162970169,"PVP","1704352806","b","1300","14100","281400","2024-01-04T07:20:20.859Z","2024-01-04T07:20:20.859Z"
162953160,"PVP","1704352467","b","800","14100","279700","2024-01-04T07:14:41.855Z","2024-01-04T07:14:41.855Z"
162953159,"PVP","1704352467","b","200","14100","279700","2024-01-04T07:14:41.855Z","2024-01-04T07:14:41.855Z"
162952525,"PVP","1704352458","b","300","14100","278700","2024-01-04T07:14:32.884Z","2024-01-04T07:14:32.884Z"
162949157,"PVP","1704352391","b","1000","14100","278400","2024-01-04T07:13:25.863Z","2024-01-04T07:13:25.863Z"
162945933,"PVP","1704352321","b","400","14100","277400","2024-01-04T07:12:15.868Z","2024-01-04T07:12:15.868Z"
162944193,"PVP","1704352283","b","2500","14100","277000","2024-01-04T07:11:37.874Z","2024-01-04T07:11:37.874Z"
162943596,"PVP","1704352275","b","500","14100","274500","2024-01-04T07:11:29.902Z","2024-01-04T07:11:29.902Z"
162940401,"PVP","1704352227","b","100","14100","274000","2024-01-04T07:10:42.976Z","2024-01-04T07:10:42.976Z"
162934879,"PVP","1704352165","b","600","14050","273900","2024-01-04T07:09:38.983Z","2024-01-04T07:09:38.983Z"
162929875,"PVP","1704352080","b","100","14050","271900","2024-01-04T07:08:15.286Z","2024-01-04T07:08:15.286Z"
162929737,"PVP","1704352080","s","1300","14050","271900","2024-01-04T07:08:15.286Z","2024-01-04T07:08:15.286Z"
162917756,"PVP","1704351931","s","500","14050","271900","2024-01-04T07:05:46.230Z","2024-01-04T07:05:46.230Z"
162917677,"PVP","1704351931","s","200","14050","271900","2024-01-04T07:05:46.230Z","2024-01-04T07:05:46.230Z"
162917676,"PVP","1704351931","s","5000","14050","271900","2024-01-04T07:05:46.230Z","2024-01-04T07:05:46.230Z"
162917675,"PVP","1704351931","s","100","14050","271900","2024-01-04T07:05:46.230Z","2024-01-04T07:05:46.230Z"
162917674,"PVP","1704351931","s","2700","14050","271900","2024-01-04T07:05:46.230Z","2024-01-04T07:05:46.230Z"
162910189,"PVP","1704351807","s","200","14050","263400","2024-01-04T07:03:42.001Z","2024-01-04T07:03:42.001Z"
162900663,"PVP","1704351593","s","2100","14050","263200","2024-01-04T07:00:08.861Z","2024-01-04T07:00:08.861Z"
162900662,"PVP","1704351593","s","500","14050","263200","2024-01-04T07:00:08.861Z","2024-01-04T07:00:08.861Z"
162900661,"PVP","1704351593","s","1500","14050","263200","2024-01-04T07:00:08.861Z","2024-01-04T07:00:08.861Z"
162900660,"PVP","1704351593","s","900","14050","263200","2024-01-04T07:00:08.861Z","2024-01-04T07:00:08.861Z"
162898073,"PVP","1704351557","s","100","14050","258200","2024-01-04T06:59:32.874Z","2024-01-04T06:59:32.874Z"
162898072,"PVP","1704351557","s","3000","14050","258200","2024-01-04T06:59:32.874Z","2024-01-04T06:59:32.874Z"
162898071,"PVP","1704351557","s","1900","14050","258200","2024-01-04T06:59:32.874Z","2024-01-04T06:59:32.874Z"
162898070,"PVP","1704351557","s","5000","14050","258200","2024-01-04T06:59:32.874Z","2024-01-04T06:59:32.874Z"
162898069,"PVP","1704351557","s","100","14050","258200","2024-01-04T06:59:32.874Z","2024-01-04T06:59:32.874Z"
162898068,"PVP","1704351557","s","1500","14050","258200","2024-01-04T06:59:32.874Z","2024-01-04T06:59:32.874Z"
162898067,"PVP","1704351557","s","200","14050","258200","2024-01-04T06:59:32.874Z","2024-01-04T06:59:32.874Z"
162898066,"PVP","1704351557","s","1000","14050","258200","2024-01-04T06:59:32.874Z","2024-01-04T06:59:32.874Z"
162898065,"PVP","1704351557","s","700","14050","258200","2024-01-04T06:59:32.874Z","2024-01-04T06:59:32.874Z"
162898064,"PVP","1704351557","s","5000","14050","258200","2024-01-04T06:59:32.874Z","2024-01-04T06:59:32.874Z"
162898063,"PVP","1704351557","s","1600","14050","258200","2024-01-04T06:59:32.874Z","2024-01-04T06:59:32.874Z"
162898062,"PVP","1704351557","s","1300","14050","258200","2024-01-04T06:59:32.874Z","2024-01-04T06:59:32.874Z"
162898061,"PVP","1704351557","s","1000","14050","258200","2024-01-04T06:59:32.874Z","2024-01-04T06:59:32.874Z"
162898060,"PVP","1704351557","s","5000","14050","258200","2024-01-04T06:59:32.874Z","2024-01-04T06:59:32.874Z"
162898059,"PVP","1704351557","s","200","14050","258200","2024-01-04T06:59:32.874Z","2024-01-04T06:59:32.874Z"
162898058,"PVP","1704351557","s","100","14100","258200","2024-01-04T06:59:32.874Z","2024-01-04T06:59:32.874Z"
162898057,"PVP","1704351557","s","300","14100","258200","2024-01-04T06:59:32.874Z","2024-01-04T06:59:32.874Z"
162895696,"PVP","1704351518","b","8700","14100","230200","2024-01-04T06:58:52.864Z","2024-01-04T06:58:52.864Z"
162895435,"PVP","1704351512","b","500","14100","221000","2024-01-04T06:58:46.861Z","2024-01-04T06:58:46.861Z"
162894124,"PVP","1704351490","b","200","14100","220800","2024-01-04T06:58:24.853Z","2024-01-04T06:58:24.853Z"
162893741,"PVP","1704351484","s","500","14100","220800","2024-01-04T06:58:18.852Z","2024-01-04T06:58:18.852Z"
162893740,"PVP","1704351484","s","100","14100","220800","2024-01-04T06:58:18.852Z","2024-01-04T06:58:18.852Z"
162893123,"PVP","1704351471","b","7900","14100","220200","2024-01-04T06:58:05.863Z","2024-01-04T06:58:05.863Z"
162891616,"PVP","1704351446","s","100","14050","212300","2024-01-04T06:57:40.855Z","2024-01-04T06:57:40.855Z"
162891615,"PVP","1704351446","s","500","14050","212300","2024-01-04T06:57:40.855Z","2024-01-04T06:57:40.855Z"
162891614,"PVP","1704351446","s","1000","14050","212300","2024-01-04T06:57:40.855Z","2024-01-04T06:57:40.855Z"
162891613,"PVP","1704351446","s","500","14050","212300","2024-01-04T06:57:40.855Z","2024-01-04T06:57:40.855Z"
162891612,"PVP","1704351446","s","100","14050","212300","2024-01-04T06:57:40.855Z","2024-01-04T06:57:40.855Z"
162891611,"PVP","1704351446","s","100","14050","212300","2024-01-04T06:57:40.855Z","2024-01-04T06:57:40.855Z"
162891610,"PVP","1704351446","s","200","14050","212300","2024-01-04T06:57:40.855Z","2024-01-04T06:57:40.855Z"
162891609,"PVP","1704351446","s","500","14050","212300","2024-01-04T06:57:40.855Z","2024-01-04T06:57:40.855Z"
162891608,"PVP","1704351446","s","100","14050","212300","2024-01-04T06:57:40.855Z","2024-01-04T06:57:40.855Z"
162891607,"PVP","1704351446","s","100","14050","212300","2024-01-04T06:57:40.855Z","2024-01-04T06:57:40.855Z"
162891568,"PVP","1704351445","b","100","14100","209100","2024-01-04T06:57:39.856Z","2024-01-04T06:57:39.856Z"
162889710,"PVP","1704351411","b","100","14100","209000","2024-01-04T06:57:06.853Z","2024-01-04T06:57:06.853Z"
162887561,"PVP","1704351368","s","1000","14100","208900","2024-01-04T06:56:22.846Z","2024-01-04T06:56:22.846Z"
162887560,"PVP","1704351368","s","900","14100","208900","2024-01-04T06:56:22.846Z","2024-01-04T06:56:22.846Z"
162880525,"PVP","1704351214","b","500","14100","207000","2024-01-04T06:53:48.863Z","2024-01-04T06:53:48.863Z"
162880524,"PVP","1704351214","b","1000","14100","207000","2024-01-04T06:53:48.863Z","2024-01-04T06:53:48.863Z"
162880523,"PVP","1704351214","b","4600","14100","207000","2024-01-04T06:53:48.863Z","2024-01-04T06:53:48.863Z"
162877597,"PVP","1704351137","b","100","14100","200900","2024-01-04T06:52:31.852Z","2024-01-04T06:52:31.852Z"
162873683,"PVP","1704351044","b","200","14100","200800","2024-01-04T06:50:57.850Z","2024-01-04T06:50:57.850Z"
162868241,"PVP","1704350907","s","100","14100","200600","2024-01-04T06:48:42.841Z","2024-01-04T06:48:42.841Z"
