"id","symbol","truncTime","matchType","matchVol","matchPrice","accumulatedVolume","createdAt","updatedAt"
163014562,"TKG","1704354323","s","54300","10000","1048000","2024-01-04T07:45:26.859Z","2024-01-04T07:45:26.859Z"
162994335,"TKG","1704353314","b","7000","9900","993700","2024-01-04T07:28:57.852Z","2024-01-04T07:28:57.852Z"
162993199,"TKG","1704353279","s","5000","9800","986700","2024-01-04T07:28:32.865Z","2024-01-04T07:28:32.865Z"
162993198,"TKG","1704353260","s","4000","9800","981700","2024-01-04T07:28:32.865Z","2024-01-04T07:28:32.865Z"
162989648,"TKG","1704353172","s","500","9800","977700","2024-01-04T07:26:17.848Z","2024-01-04T07:26:17.848Z"
162989158,"TKG","1704353162","b","9500","9900","977200","2024-01-04T07:26:04.848Z","2024-01-04T07:26:04.848Z"
162984767,"TKG","1704353091","b","100","9900","967700","2024-01-04T07:24:53.887Z","2024-01-04T07:24:53.887Z"
162981478,"TKG","1704353037","s","500","9800","967600","2024-01-04T07:23:58.879Z","2024-01-04T07:23:58.879Z"
162980330,"TKG","1704353016","b","600","10000","967100","2024-01-04T07:23:38.866Z","2024-01-04T07:23:38.866Z"
162978372,"TKG","1704352984","b","100","10000","966500","2024-01-04T07:23:05.865Z","2024-01-04T07:23:05.865Z"
162974344,"TKG","1704352903","b","27700","9900","966400","2024-01-04T07:21:44.868Z","2024-01-04T07:21:44.868Z"
162973860,"TKG","1704352894","s","1000","9800","938700","2024-01-04T07:21:36.911Z","2024-01-04T07:21:36.911Z"
162972565,"TKG","1704352868","s","5600","9800","937700","2024-01-04T07:21:10.872Z","2024-01-04T07:21:10.872Z"
162971947,"TKG","1704352857","b","1000","9800","932100","2024-01-04T07:20:59.855Z","2024-01-04T07:20:59.855Z"
162970523,"TKG","1704352828","b","5500","9800","931100","2024-01-04T07:20:29.869Z","2024-01-04T07:20:29.869Z"
162966727,"TKG","1704352748","b","100","9800","925600","2024-01-04T07:19:09.926Z","2024-01-04T07:19:09.926Z"
162964787,"TKG","1704352707","s","1000","9700","925500","2024-01-04T07:18:28.871Z","2024-01-04T07:18:28.871Z"
162964563,"TKG","1704352703","b","300","9800","924500","2024-01-04T07:18:24.858Z","2024-01-04T07:18:24.858Z"
162964035,"TKG","1704352692","s","600","9800","924200","2024-01-04T07:18:13.867Z","2024-01-04T07:18:13.867Z"
162962298,"TKG","1704352664","s","5100","9800","923600","2024-01-04T07:17:45.854Z","2024-01-04T07:17:45.854Z"
162961385,"TKG","1704352652","s","1000","9800","918500","2024-01-04T07:17:35.851Z","2024-01-04T07:17:35.851Z"
162960623,"TKG","1704352634","s","1000","9800","917500","2024-01-04T07:17:15.875Z","2024-01-04T07:17:15.875Z"
162945732,"TKG","1704352328","unknown","200","9800","916500","2024-01-04T07:12:09.866Z","2024-01-04T07:12:09.866Z"
162945695,"TKG","1704352327","b","200","9800","916300","2024-01-04T07:12:08.861Z","2024-01-04T07:12:08.861Z"
162944145,"TKG","1704352295","b","500","9800","916100","2024-01-04T07:11:36.855Z","2024-01-04T07:11:36.855Z"
162928930,"TKG","1704352059","s","1000","9700","915600","2024-01-04T07:08:13.871Z","2024-01-04T07:08:13.871Z"
162922937,"TKG","1704351974","b","1900","9800","914600","2024-01-04T07:06:57.848Z","2024-01-04T07:06:57.848Z"
162914896,"TKG","1704351903","s","100","9800","912700","2024-01-04T07:05:24.923Z","2024-01-04T07:05:24.923Z"
162912466,"TKG","1704351869","b","2000","9800","912600","2024-01-04T07:04:59.848Z","2024-01-04T07:04:59.848Z"
162905667,"TKG","1704351753","b","3000","9800","910600","2024-01-04T07:02:49.846Z","2024-01-04T07:02:49.846Z"
162904928,"TKG","1704351712","s","100","9700","907600","2024-01-04T07:02:07.858Z","2024-01-04T07:02:07.858Z"
162897566,"TKG","1704351561","b","1400","9700","907500","2024-01-04T06:59:22.843Z","2024-01-04T06:59:22.843Z"
162896930,"TKG","1704351550","b","3000","9700","906100","2024-01-04T06:59:12.862Z","2024-01-04T06:59:12.862Z"
162896317,"TKG","1704351540","b","5000","9700","903100","2024-01-04T06:59:01.866Z","2024-01-04T06:59:01.866Z"
162895988,"TKG","1704351535","b","1000","9700","898100","2024-01-04T06:58:55.855Z","2024-01-04T06:58:55.855Z"
162895234,"TKG","1704351521","b","10000","9700","897100","2024-01-04T06:58:41.848Z","2024-01-04T06:58:41.848Z"
162895101,"TKG","1704351516","b","1000","9700","887100","2024-01-04T06:58:38.859Z","2024-01-04T06:58:38.859Z"
162894716,"TKG","1704351514","b","300","9700","886100","2024-01-04T06:58:34.852Z","2024-01-04T06:58:34.852Z"
162894337,"TKG","1704351507","b","300","9700","885800","2024-01-04T06:58:28.844Z","2024-01-04T06:58:28.844Z"
162871144,"TKG","1704350991","b","200","9700","885500","2024-01-04T06:49:52.851Z","2024-01-04T06:49:52.851Z"
162868730,"TKG","1704350930","b","100","9700","885300","2024-01-04T06:48:51.860Z","2024-01-04T06:48:51.860Z"
162854436,"TKG","1704350614","b","200","9700","885200","2024-01-04T06:43:35.894Z","2024-01-04T06:43:35.894Z"
162845161,"TKG","1704350417","s","6600","9700","885000","2024-01-04T06:40:18.834Z","2024-01-04T06:40:18.834Z"
162844401,"TKG","1704350399","s","6500","9700","878400","2024-01-04T06:40:00.834Z","2024-01-04T06:40:00.834Z"
162827171,"TKG","1704350066","b","1700","9800","871900","2024-01-04T06:34:26.852Z","2024-01-04T06:34:26.852Z"
162827111,"TKG","1704350065","s","3000","9800","870200","2024-01-04T06:34:25.875Z","2024-01-04T06:34:25.875Z"
162827004,"TKG","1704350064","s","500","9800","867200","2024-01-04T06:34:25.875Z","2024-01-04T06:34:25.875Z"
162826644,"TKG","1704350057","s","1400","9800","866700","2024-01-04T06:34:17.839Z","2024-01-04T06:34:17.839Z"
162826018,"TKG","1704350044","s","3000","9800","865300","2024-01-04T06:34:05.836Z","2024-01-04T06:34:05.836Z"
162824254,"TKG","1704350015","s","5000","9800","862300","2024-01-04T06:33:36.850Z","2024-01-04T06:33:36.850Z"
162823540,"TKG","1704350000","s","10000","9800","857300","2024-01-04T06:33:20.831Z","2024-01-04T06:33:20.831Z"
162799466,"TKG","1704349700","s","900","9900","847300","2024-01-04T06:28:20.819Z","2024-01-04T06:28:20.819Z"
162796693,"TKG","1704349654","s","2000","9900","846400","2024-01-04T06:27:34.839Z","2024-01-04T06:27:34.839Z"
162782520,"TKG","1704349413","s","1000","9900","844400","2024-01-04T06:23:35.820Z","2024-01-04T06:23:35.820Z"
162779518,"TKG","1704349358","b","8300","9900","843400","2024-01-04T06:22:39.821Z","2024-01-04T06:22:39.821Z"
162778417,"TKG","1704349323","b","3500","9900","835100","2024-01-04T06:22:05.818Z","2024-01-04T06:22:05.818Z"
162777525,"TKG","1704349299","b","7100","9900","831600","2024-01-04T06:21:40.815Z","2024-01-04T06:21:40.815Z"
162766553,"TKG","1704349013","b","100","9900","824500","2024-01-04T06:16:54.874Z","2024-01-04T06:16:54.874Z"
162764329,"TKG","1704348943","b","1000","9900","824400","2024-01-04T06:15:44.815Z","2024-01-04T06:15:44.815Z"
162764033,"TKG","1704348933","b","100","9900","823400","2024-01-04T06:15:34.808Z","2024-01-04T06:15:34.808Z"
162760837,"TKG","1704348839","s","1000","9900","823300","2024-01-04T06:14:00.859Z","2024-01-04T06:14:00.859Z"
162760323,"TKG","1704348825","b","100","9900","822300","2024-01-04T06:13:46.818Z","2024-01-04T06:13:46.818Z"
162759474,"TKG","1704348803","s","200","9900","822200","2024-01-04T06:13:23.826Z","2024-01-04T06:13:23.826Z"
162757404,"TKG","1704348745","s","100","9900","822000","2024-01-04T06:12:26.814Z","2024-01-04T06:12:26.814Z"
162757210,"TKG","1704348738","s","2900","9900","821900","2024-01-04T06:12:19.807Z","2024-01-04T06:12:19.807Z"
162755501,"TKG","1704348689","s","1000","9900","819000","2024-01-04T06:11:30.807Z","2024-01-04T06:11:30.807Z"
162755277,"TKG","1704348685","s","500","9900","818000","2024-01-04T06:11:26.818Z","2024-01-04T06:11:26.818Z"
162754867,"TKG","1704348671","s","100","9900","817500","2024-01-04T06:11:12.810Z","2024-01-04T06:11:12.810Z"
162754505,"TKG","1704348660","b","100","9900","817400","2024-01-04T06:11:01.805Z","2024-01-04T06:11:01.805Z"
162754297,"TKG","1704348654","s","100","9900","817300","2024-01-04T06:10:55.810Z","2024-01-04T06:10:55.810Z"
162753362,"TKG","1704348632","s","1000","9900","817200","2024-01-04T06:10:34.798Z","2024-01-04T06:10:34.798Z"
162752194,"TKG","1704348595","b","800","9900","816200","2024-01-04T06:09:56.803Z","2024-01-04T06:09:56.803Z"
162751420,"TKG","1704348574","s","2800","9800","815400","2024-01-04T06:09:35.805Z","2024-01-04T06:09:35.805Z"
162745480,"TKG","1704348442","b","6000","9900","812600","2024-01-04T06:07:22.800Z","2024-01-04T06:07:22.800Z"
162744733,"TKG","1704348426","b","1300","9900","806600","2024-01-04T06:07:07.810Z","2024-01-04T06:07:07.810Z"
162744049,"TKG","1704348408","s","9100","9800","805300","2024-01-04T06:06:49.804Z","2024-01-04T06:06:49.804Z"
162743396,"TKG","1704348392","b","1000","9800","796200","2024-01-04T06:06:33.817Z","2024-01-04T06:06:33.817Z"
162741864,"TKG","1704348355","b","1100","9800","795200","2024-01-04T06:05:55.805Z","2024-01-04T06:05:55.805Z"
162740167,"TKG","1704348313","b","600","9800","794100","2024-01-04T06:05:14.807Z","2024-01-04T06:05:14.807Z"
162738823,"TKG","1704348272","s","200","9700","793500","2024-01-04T06:04:32.810Z","2024-01-04T06:04:32.810Z"
162737728,"TKG","1704348244","b","1000","9700","793300","2024-01-04T06:04:05.821Z","2024-01-04T06:04:05.821Z"
162736087,"TKG","1704348198","b","1600","9700","792300","2024-01-04T06:03:19.814Z","2024-01-04T06:03:19.814Z"
162735559,"TKG","1704348184","s","1500","9600","790700","2024-01-04T06:03:05.799Z","2024-01-04T06:03:05.799Z"
162730019,"TKG","1704348097","b","800","9700","789200","2024-01-04T06:01:43.791Z","2024-01-04T06:01:43.791Z"
162726423,"TKG","1704348019","s","1500","9600","788400","2024-01-04T06:00:45.845Z","2024-01-04T06:00:45.845Z"
162724883,"TKG","1704348012","unknown","6100","9600","786900","2024-01-04T06:00:23.831Z","2024-01-04T06:00:23.831Z"
162724882,"TKG","1704348011","unknown","13300","9600","780800","2024-01-04T06:00:23.831Z","2024-01-04T06:00:23.831Z"
162716814,"TKG","1704342396","unknown","200","9600","767500","2024-01-04T04:26:37.732Z","2024-01-04T04:26:37.732Z"
162715105,"TKG","1704342340","b","500","9600","767300","2024-01-04T04:25:42.721Z","2024-01-04T04:25:42.721Z"
162712984,"TKG","1704342267","b","300","9600","766800","2024-01-04T04:24:28.725Z","2024-01-04T04:24:28.725Z"
162711426,"TKG","1704342214","unknown","3000","9600","766500","2024-01-04T04:23:35.725Z","2024-01-04T04:23:35.725Z"
162707602,"TKG","1704342121","s","1000","9600","763500","2024-01-04T04:22:02.719Z","2024-01-04T04:22:02.719Z"
162696269,"TKG","1704341776","s","700","9600","762500","2024-01-04T04:16:17.715Z","2024-01-04T04:16:17.715Z"
162696195,"TKG","1704341773","b","1000","9600","761800","2024-01-04T04:16:14.742Z","2024-01-04T04:16:14.742Z"
162695148,"TKG","1704341748","b","5000","9600","760800","2024-01-04T04:15:48.722Z","2024-01-04T04:15:48.722Z"
162694170,"TKG","1704341724","b","500","9600","755800","2024-01-04T04:15:25.727Z","2024-01-04T04:15:25.727Z"
162693475,"TKG","1704341701","b","100","9600","755300","2024-01-04T04:15:02.723Z","2024-01-04T04:15:02.723Z"
162692716,"TKG","1704341672","b","7800","9600","755200","2024-01-04T04:14:33.710Z","2024-01-04T04:14:33.710Z"
162689289,"TKG","1704341542","b","100","9600","747400","2024-01-04T04:12:23.716Z","2024-01-04T04:12:23.716Z"
162686855,"TKG","1704341460","b","1000","9600","747300","2024-01-04T04:11:01.719Z","2024-01-04T04:11:01.719Z"
