"id","symbol","truncTime","matchType","matchVol","matchPrice","accumulatedVolume","createdAt","updatedAt"
163015198,"VTK","1704355197","b","100","37000","34200","2024-01-04T07:59:58.886Z","2024-01-04T07:59:58.886Z"
163015011,"VTK","1704354935","b","400","37000","34100","2024-01-04T07:55:36.877Z","2024-01-04T07:55:36.877Z"
163014984,"VTK","1704354898","b","500","37000","33700","2024-01-04T07:55:00.876Z","2024-01-04T07:55:00.876Z"
163013364,"VTK","1704353410","b","500","37000","33200","2024-01-04T07:30:11.849Z","2024-01-04T07:30:11.849Z"
162997517,"VTK","1704353292","b","300","37000","32700","2024-01-04T07:29:38.246Z","2024-01-04T07:29:38.246Z"
162970624,"VTK","1704352831","s","200","37000","32400","2024-01-04T07:20:32.860Z","2024-01-04T07:20:32.860Z"
162967431,"VTK","1704352761","b","6700","37000","32200","2024-01-04T07:19:22.858Z","2024-01-04T07:19:22.858Z"
162955204,"VTK","1704352524","s","500","36800","25500","2024-01-04T07:15:25.860Z","2024-01-04T07:15:25.860Z"
162936317,"VTK","1704352179","s","1000","36900","25000","2024-01-04T07:09:44.854Z","2024-01-04T07:09:44.854Z"
162933512,"VTK","1704352152","s","1200","37000","24000","2024-01-04T07:09:28.853Z","2024-01-04T07:09:28.853Z"
162933427,"VTK","1704352149","s","100","37100","22800","2024-01-04T07:09:14.850Z","2024-01-04T07:09:14.850Z"
162890450,"VTK","1704351439","s","100","37100","22700","2024-01-04T06:57:21.847Z","2024-01-04T06:57:21.847Z"
162876976,"VTK","1704351136","s","1000","37000","22600","2024-01-04T06:52:17.838Z","2024-01-04T06:52:17.838Z"
162873269,"VTK","1704351047","b","100","37300","21600","2024-01-04T06:50:48.842Z","2024-01-04T06:50:48.842Z"
162870291,"VTK","1704350969","unknown","1000","37200","21500","2024-01-04T06:49:30.843Z","2024-01-04T06:49:30.843Z"
162857843,"VTK","1704350691","s","1000","37200","20500","2024-01-04T06:44:52.836Z","2024-01-04T06:44:52.836Z"
162780946,"VTK","1704349390","unknown","1000","37300","19500","2024-01-04T06:23:10.819Z","2024-01-04T06:23:10.819Z"
162764103,"VTK","1704348936","b","300","37400","18500","2024-01-04T06:15:37.811Z","2024-01-04T06:15:37.811Z"
162761454,"VTK","1704348854","b","1000","37400","18200","2024-01-04T06:14:15.806Z","2024-01-04T06:14:15.806Z"
162760078,"VTK","1704348820","b","200","37200","17200","2024-01-04T06:13:41.819Z","2024-01-04T06:13:41.819Z"
162756622,"VTK","1704348719","s","800","37000","17000","2024-01-04T06:12:01.806Z","2024-01-04T06:12:01.806Z"
162744065,"VTK","1704348408","unknown","300","37200","16200","2024-01-04T06:06:49.804Z","2024-01-04T06:06:49.804Z"
162729958,"VTK","1704348070","unknown","200","37300","15900","2024-01-04T06:01:36.793Z","2024-01-04T06:01:36.793Z"
162724685,"VTK","1704348006","s","300","37300","15700","2024-01-04T06:00:15.790Z","2024-01-04T06:00:15.790Z"
162694990,"VTK","1704341743","b","200","37300","15400","2024-01-04T04:15:44.720Z","2024-01-04T04:15:44.720Z"
162688461,"VTK","1704341507","b","1000","37300","15200","2024-01-04T04:11:48.708Z","2024-01-04T04:11:48.708Z"
162660181,"VTK","1704340859","unknown","200","37200","14200","2024-01-04T04:01:00.699Z","2024-01-04T04:01:00.699Z"
162651204,"VTK","1704340453","s","500","37200","14000","2024-01-04T03:54:14.694Z","2024-01-04T03:54:14.694Z"
162648056,"VTK","1704340273","b","400","37200","13500","2024-01-04T03:51:14.689Z","2024-01-04T03:51:14.689Z"
162646141,"VTK","1704340181","b","600","37200","13100","2024-01-04T03:49:42.685Z","2024-01-04T03:49:42.685Z"
162644121,"VTK","1704340094","s","300","37000","12500","2024-01-04T03:48:14.692Z","2024-01-04T03:48:14.692Z"
162642878,"VTK","1704340038","b","200","37000","12200","2024-01-04T03:47:19.685Z","2024-01-04T03:47:19.685Z"
162641881,"VTK","1704339986","b","1000","37000","12000","2024-01-04T03:46:28.685Z","2024-01-04T03:46:28.685Z"
162641786,"VTK","1704339982","b","1500","36900","11000","2024-01-04T03:46:24.685Z","2024-01-04T03:46:24.685Z"
162641521,"VTK","1704339967","s","500","36900","9500","2024-01-04T03:46:08.677Z","2024-01-04T03:46:08.677Z"
162641495,"VTK","1704339965","s","500","36900","9000","2024-01-04T03:46:06.682Z","2024-01-04T03:46:06.682Z"
162640718,"VTK","1704339926","b","900","36900","8500","2024-01-04T03:45:28.677Z","2024-01-04T03:45:28.677Z"
162640193,"VTK","1704339903","b","100","36900","7600","2024-01-04T03:45:04.679Z","2024-01-04T03:45:04.679Z"
162639686,"VTK","1704339878","b","400","36800","7500","2024-01-04T03:44:40.684Z","2024-01-04T03:44:40.684Z"
162636835,"VTK","1704339740","b","100","36800","7100","2024-01-04T03:42:22.679Z","2024-01-04T03:42:22.679Z"
162614856,"VTK","1704338795","unknown","500","36600","7000","2024-01-04T03:26:37.670Z","2024-01-04T03:26:37.670Z"
162613393,"VTK","1704338731","s","500","36600","6500","2024-01-04T03:25:32.666Z","2024-01-04T03:25:32.666Z"
162610697,"VTK","1704338616","s","500","36500","6000","2024-01-04T03:23:37.664Z","2024-01-04T03:23:37.664Z"
162600633,"VTK","1704338227","unknown","700","37000","5500","2024-01-04T03:17:08.663Z","2024-01-04T03:17:08.663Z"
162577463,"VTK","1704337407","unknown","1000","37000","4800","2024-01-04T03:03:29.652Z","2024-01-04T03:03:29.652Z"
162566131,"VTK","1704337056","s","500","37000","3800","2024-01-04T02:57:37.666Z","2024-01-04T02:57:37.666Z"
162563778,"VTK","1704337006","unknown","500","37000","3300","2024-01-04T02:56:48.670Z","2024-01-04T02:56:48.670Z"
162528912,"VTK","1704336335","b","700","37000","2800","2024-01-04T02:45:36.677Z","2024-01-04T02:45:36.677Z"
162516331,"VTK","1704336018","unknown","600","37000","2100","2024-01-04T02:40:19.655Z","2024-01-04T02:40:19.655Z"
162473211,"VTK","1704335057","b","100","37900","1500","2024-01-04T02:24:19.645Z","2024-01-04T02:24:19.645Z"
162460249,"VTK","1704334782","b","200","38000","1400","2024-01-04T02:19:43.630Z","2024-01-04T02:19:43.630Z"
162447634,"VTK","1704334418","b","100","38000","1200","2024-01-04T02:13:39.616Z","2024-01-04T02:13:39.616Z"
162447321,"VTK","1704334294","b","100","38000","1100","2024-01-04T02:11:35.611Z","2024-01-04T02:11:35.611Z"
162446777,"VTK","1704334050","b","300","38500","1000","2024-01-04T02:07:31.610Z","2024-01-04T02:07:31.610Z"
162446463,"VTK","1704333906","b","100","38400","700","2024-01-04T02:05:07.599Z","2024-01-04T02:05:07.599Z"
162446441,"VTK","1704333891","b","100","38000","600","2024-01-04T02:04:53.599Z","2024-01-04T02:04:53.599Z"
162445891,"VTK","1704333687","b","500","38000","500","2024-01-04T02:01:28.601Z","2024-01-04T02:01:28.601Z"
