"id","symbol","truncTime","matchType","matchVol","matchPrice","accumulatedVolume","createdAt","updatedAt"
163014385,"VTO","1704354294","unknown","12000","9640","292300","2024-01-04T07:45:08.888Z","2024-01-04T07:45:08.888Z"
163011317,"VTO","1704353376","b","200","9640","280300","2024-01-04T07:29:54.299Z","2024-01-04T07:29:54.299Z"
163011316,"VTO","1704353376","b","400","9630","280300","2024-01-04T07:29:54.299Z","2024-01-04T07:29:54.299Z"
163011162,"VTO","1704353376","b","100","9630","280300","2024-01-04T07:29:54.299Z","2024-01-04T07:29:54.299Z"
163011161,"VTO","1704353376","b","300","9630","280300","2024-01-04T07:29:54.299Z","2024-01-04T07:29:54.299Z"
162987777,"VTO","1704353125","b","200","9630","279300","2024-01-04T07:25:39.866Z","2024-01-04T07:25:39.866Z"
162987776,"VTO","1704353125","b","100","9630","279300","2024-01-04T07:25:39.866Z","2024-01-04T07:25:39.866Z"
162987775,"VTO","1704353125","b","100","9630","279300","2024-01-04T07:25:39.866Z","2024-01-04T07:25:39.866Z"
162980563,"VTO","1704353009","b","400","9630","278900","2024-01-04T07:23:43.898Z","2024-01-04T07:23:43.898Z"
162979978,"VTO","1704352998","s","1100","9620","278500","2024-01-04T07:23:32.861Z","2024-01-04T07:23:32.861Z"
162979349,"VTO","1704352990","s","5000","9620","277400","2024-01-04T07:23:24.855Z","2024-01-04T07:23:24.855Z"
162977858,"VTO","1704352959","b","10000","9630","272400","2024-01-04T07:22:53.873Z","2024-01-04T07:22:53.873Z"
162974471,"VTO","1704352892","b","100","9630","262400","2024-01-04T07:21:46.859Z","2024-01-04T07:21:46.859Z"
162967811,"VTO","1704352756","s","100","9620","262300","2024-01-04T07:19:30.869Z","2024-01-04T07:19:30.869Z"
162967125,"VTO","1704352742","s","100","9620","262200","2024-01-04T07:19:16.874Z","2024-01-04T07:19:16.874Z"
162967124,"VTO","1704352742","s","100","9620","262200","2024-01-04T07:19:16.874Z","2024-01-04T07:19:16.874Z"
162967123,"VTO","1704352742","s","100","9620","262200","2024-01-04T07:19:16.874Z","2024-01-04T07:19:16.874Z"
162967122,"VTO","1704352742","s","100","9620","262200","2024-01-04T07:19:16.874Z","2024-01-04T07:19:16.874Z"
162967121,"VTO","1704352742","s","100","9620","262200","2024-01-04T07:19:16.874Z","2024-01-04T07:19:16.874Z"
162966321,"VTO","1704352726","s","100","9630","261700","2024-01-04T07:19:00.864Z","2024-01-04T07:19:00.864Z"
162965929,"VTO","1704352716","b","100","9630","261600","2024-01-04T07:18:51.854Z","2024-01-04T07:18:51.854Z"
162960331,"VTO","1704352613","s","100","9630","261500","2024-01-04T07:17:07.860Z","2024-01-04T07:17:07.860Z"
162959117,"VTO","1704352590","b","100","9630","261400","2024-01-04T07:16:45.857Z","2024-01-04T07:16:45.857Z"
162944038,"VTO","1704352279","s","500","9620","261300","2024-01-04T07:11:32.860Z","2024-01-04T07:11:32.860Z"
162943611,"VTO","1704352275","s","4400","9620","260800","2024-01-04T07:11:29.902Z","2024-01-04T07:11:29.902Z"
162943610,"VTO","1704352275","s","100","9620","260800","2024-01-04T07:11:29.902Z","2024-01-04T07:11:29.902Z"
162943609,"VTO","1704352275","s","100","9620","260800","2024-01-04T07:11:29.902Z","2024-01-04T07:11:29.902Z"
162943608,"VTO","1704352275","s","100","9620","260800","2024-01-04T07:11:29.902Z","2024-01-04T07:11:29.902Z"
162943607,"VTO","1704352275","s","100","9620","260800","2024-01-04T07:11:29.902Z","2024-01-04T07:11:29.902Z"
162943606,"VTO","1704352275","s","100","9620","260800","2024-01-04T07:11:29.902Z","2024-01-04T07:11:29.902Z"
162943605,"VTO","1704352275","s","5100","9620","260800","2024-01-04T07:11:29.902Z","2024-01-04T07:11:29.902Z"
162942985,"VTO","1704352263","s","4900","9620","250800","2024-01-04T07:11:17.881Z","2024-01-04T07:11:17.881Z"
162942984,"VTO","1704352263","s","100","9620","250800","2024-01-04T07:11:17.881Z","2024-01-04T07:11:17.881Z"
162942983,"VTO","1704352263","s","2000","9620","250800","2024-01-04T07:11:17.881Z","2024-01-04T07:11:17.881Z"
162942982,"VTO","1704352263","s","100","9620","250800","2024-01-04T07:11:17.881Z","2024-01-04T07:11:17.881Z"
162942981,"VTO","1704352263","s","1500","9620","250800","2024-01-04T07:11:17.881Z","2024-01-04T07:11:17.881Z"
162942980,"VTO","1704352263","s","400","9630","250800","2024-01-04T07:11:17.881Z","2024-01-04T07:11:17.881Z"
162941586,"VTO","1704352240","b","100","9630","241800","2024-01-04T07:10:54.896Z","2024-01-04T07:10:54.896Z"
162940506,"VTO","1704352227","b","100","9630","241700","2024-01-04T07:10:42.976Z","2024-01-04T07:10:42.976Z"
162935060,"VTO","1704352165","b","100","9630","241600","2024-01-04T07:09:40.004Z","2024-01-04T07:09:40.004Z"
162935059,"VTO","1704352165","b","100","9630","241600","2024-01-04T07:09:40.004Z","2024-01-04T07:09:40.004Z"
162929145,"VTO","1704352080","b","100","9630","241300","2024-01-04T07:08:15.042Z","2024-01-04T07:08:15.042Z"
162917977,"VTO","1704351931","b","100","9630","241300","2024-01-04T07:05:46.909Z","2024-01-04T07:05:46.909Z"
162910682,"VTO","1704351807","b","100","9630","241200","2024-01-04T07:03:42.897Z","2024-01-04T07:03:42.897Z"
162910669,"VTO","1704351807","b","100","9630","241200","2024-01-04T07:03:42.897Z","2024-01-04T07:03:42.897Z"
162903883,"VTO","1704351675","s","1000","9620","240000","2024-01-04T07:01:29.903Z","2024-01-04T07:01:29.903Z"
162892344,"VTO","1704351455","s","1000","9620","240000","2024-01-04T06:57:49.842Z","2024-01-04T06:57:49.842Z"
162888834,"VTO","1704351395","s","100","9620","239000","2024-01-04T06:56:50.861Z","2024-01-04T06:56:50.861Z"
162886987,"VTO","1704351354","s","100","9620","238900","2024-01-04T06:56:08.858Z","2024-01-04T06:56:08.858Z"
162886112,"VTO","1704351338","s","200","9620","238800","2024-01-04T06:55:52.866Z","2024-01-04T06:55:52.866Z"
162885503,"VTO","1704351324","s","1100","9620","238600","2024-01-04T06:55:38.848Z","2024-01-04T06:55:38.848Z"
162880083,"VTO","1704351205","s","1000","9620","237500","2024-01-04T06:53:40.850Z","2024-01-04T06:53:40.850Z"
162872786,"VTO","1704351020","s","1000","9620","236500","2024-01-04T06:50:34.844Z","2024-01-04T06:50:34.844Z"
162872366,"VTO","1704351009","b","100","9630","235500","2024-01-04T06:50:23.857Z","2024-01-04T06:50:23.857Z"
162870816,"VTO","1704350969","s","100","9630","235400","2024-01-04T06:49:44.838Z","2024-01-04T06:49:44.838Z"
162870815,"VTO","1704350969","s","100","9630","235400","2024-01-04T06:49:44.838Z","2024-01-04T06:49:44.838Z"
162870814,"VTO","1704350969","s","100","9630","235400","2024-01-04T06:49:44.838Z","2024-01-04T06:49:44.838Z"
162870813,"VTO","1704350969","s","1000","9630","235400","2024-01-04T06:49:44.838Z","2024-01-04T06:49:44.838Z"
162870812,"VTO","1704350969","s","100","9630","235400","2024-01-04T06:49:44.838Z","2024-01-04T06:49:44.838Z"
162870811,"VTO","1704350969","s","100","9630","235400","2024-01-04T06:49:44.838Z","2024-01-04T06:49:44.838Z"
162870810,"VTO","1704350969","s","100","9630","235400","2024-01-04T06:49:43.834Z","2024-01-04T06:49:43.834Z"
162868774,"VTO","1704350918","s","100","9630","233800","2024-01-04T06:48:53.863Z","2024-01-04T06:48:53.863Z"
162868773,"VTO","1704350918","s","100","9630","233800","2024-01-04T06:48:53.863Z","2024-01-04T06:48:53.863Z"
162868772,"VTO","1704350918","s","9800","9630","233800","2024-01-04T06:48:53.863Z","2024-01-04T06:48:53.863Z"
162867999,"VTO","1704350901","b","100","9640","223700","2024-01-04T06:48:36.857Z","2024-01-04T06:48:36.857Z"
162866597,"VTO","1704350869","b","100","9640","223700","2024-01-04T06:48:03.839Z","2024-01-04T06:48:03.839Z"
162866423,"VTO","1704350864","s","100","9630","223600","2024-01-04T06:47:58.862Z","2024-01-04T06:47:58.862Z"
162861692,"VTO","1704350764","s","100","9630","223500","2024-01-04T06:46:18.837Z","2024-01-04T06:46:18.837Z"
162861691,"VTO","1704350764","s","100","9630","223500","2024-01-04T06:46:18.837Z","2024-01-04T06:46:18.837Z"
162861690,"VTO","1704350764","s","200","9630","223500","2024-01-04T06:46:18.837Z","2024-01-04T06:46:18.837Z"
162855878,"VTO","1704350631","s","100","9630","223100","2024-01-04T06:44:05.856Z","2024-01-04T06:44:05.856Z"
162855405,"VTO","1704350623","s","100","9630","223000","2024-01-04T06:43:57.883Z","2024-01-04T06:43:57.883Z"
162853313,"VTO","1704350575","s","3200","9630","222900","2024-01-04T06:43:10.836Z","2024-01-04T06:43:10.836Z"
162851247,"VTO","1704350534","b","600","9640","219700","2024-01-04T06:42:28.840Z","2024-01-04T06:42:28.840Z"
162848402,"VTO","1704350474","b","100","9640","219100","2024-01-04T06:41:28.857Z","2024-01-04T06:41:28.857Z"
162845078,"VTO","1704350402","b","1200","9640","219000","2024-01-04T06:40:16.871Z","2024-01-04T06:40:16.871Z"
162843576,"VTO","1704350368","s","100","9640","217800","2024-01-04T06:39:43.836Z","2024-01-04T06:39:43.836Z"
162843495,"VTO","1704350366","s","100","9640","217700","2024-01-04T06:39:41.833Z","2024-01-04T06:39:41.833Z"
162843351,"VTO","1704350362","s","100","9640","217600","2024-01-04T06:39:37.832Z","2024-01-04T06:39:37.832Z"
162842980,"VTO","1704350356","s","100","9640","217500","2024-01-04T06:39:30.836Z","2024-01-04T06:39:30.836Z"
162840650,"VTO","1704350315","s","800","9640","217400","2024-01-04T06:38:49.853Z","2024-01-04T06:38:49.853Z"
162840649,"VTO","1704350315","s","100","9640","217400","2024-01-04T06:38:49.853Z","2024-01-04T06:38:49.853Z"
162840648,"VTO","1704350315","s","100","9640","217400","2024-01-04T06:38:49.853Z","2024-01-04T06:38:49.853Z"
162838064,"VTO","1704350261","s","100","9640","216400","2024-01-04T06:37:55.833Z","2024-01-04T06:37:55.833Z"
162827182,"VTO","1704350053","b","9000","9640","216300","2024-01-04T06:34:27.824Z","2024-01-04T06:34:27.824Z"
162826839,"VTO","1704350047","b","100","9640","207300","2024-01-04T06:34:21.825Z","2024-01-04T06:34:21.825Z"
162820853,"VTO","1704349941","b","100","9640","207200","2024-01-04T06:32:35.829Z","2024-01-04T06:32:35.829Z"
162814061,"VTO","1704349857","b","100","9640","207100","2024-01-04T06:31:11.885Z","2024-01-04T06:31:11.885Z"
162807601,"VTO","1704349814","b","500","9640","207000","2024-01-04T06:30:30.012Z","2024-01-04T06:30:30.012Z"
162807593,"VTO","1704349814","b","400","9640","207000","2024-01-04T06:30:30.012Z","2024-01-04T06:30:30.012Z"
162807592,"VTO","1704349814","b","1400","9640","207000","2024-01-04T06:30:30.012Z","2024-01-04T06:30:30.012Z"
162807591,"VTO","1704349814","b","4200","9640","207000","2024-01-04T06:30:30.012Z","2024-01-04T06:30:30.012Z"
162785907,"VTO","1704349467","s","300","9630","200500","2024-01-04T06:24:41.840Z","2024-01-04T06:24:41.840Z"
162782781,"VTO","1704349406","b","100","9640","200200","2024-01-04T06:23:41.833Z","2024-01-04T06:23:41.833Z"
162778023,"VTO","1704349299","b","100","9640","200100","2024-01-04T06:21:53.811Z","2024-01-04T06:21:53.811Z"
162774106,"VTO","1704349193","b","100","9640","200000","2024-01-04T06:20:07.820Z","2024-01-04T06:20:07.820Z"
162769553,"VTO","1704349086","b","100","9640","199900","2024-01-04T06:18:20.812Z","2024-01-04T06:18:20.812Z"
162765900,"VTO","1704348980","b","100","9640","199800","2024-01-04T06:16:34.811Z","2024-01-04T06:16:34.811Z"
162763089,"VTO","1704348889","s","100","9640","199700","2024-01-04T06:15:03.810Z","2024-01-04T06:15:03.810Z"
162763088,"VTO","1704348889","s","100","9640","199700","2024-01-04T06:15:03.810Z","2024-01-04T06:15:03.810Z"
