"price","change","match_qtty","side","time","total_vol"
109,4.7,17300,"","14:45:00",236600
108,3.7,200,"sd","14:29:37",219300
108,3.7,200,"sd","14:29:29",219100
108.5,4.2,100,"bu","14:29:07",218900
108,3.7,1000,"sd","14:28:37",218800
108.6,4.3,200,"bu","14:28:14",217800
108.5,4.2,500,"bu","14:28:14",217600
108.5,4.2,200,"sd","14:27:39",217100
108.5,4.2,100,"sd","14:27:19",216900
108.5,4.2,500,"sd","14:27:15",216800
108.5,4.2,100,"sd","14:27:03",216300
108.5,4.2,100,"sd","14:27:02",216200
108.5,4.2,1000,"sd","14:26:46",216100
108.5,4.2,200,"sd","14:26:42",215100
108.5,4.2,100,"bu","14:26:21",214900
108,3.7,500,"sd","14:25:15",214800
108.1,3.8,2200,"sd","14:25:15",214300
108.2,3.9,1900,"sd","14:25:15",212100
108.2,3.9,100,"sd","14:23:52",210200
108.1,3.8,200,"sd","14:22:08",210100
108.1,3.8,300,"sd","14:21:54",209900
108.1,3.8,700,"sd","14:20:51",209600
108.8,4.5,200,"sd","14:18:29",208900
108.8,4.5,800,"bu","14:17:51",208700
108,3.7,300,"sd","14:10:32",207900
108.4,4.1,1900,"sd","14:10:32",205200
108.6,4.3,800,"bu","14:08:53",202900
108.5,4.2,100,"sd","14:08:43",202100
108.5,4.2,100,"sd","14:08:21",202000
108.5,4.2,400,"sd","14:08:17",201900
108.5,4.2,1000,"sd","14:06:00",201500
108.7,4.4,200,"sd","14:04:58",200500
109,4.7,1000,"bu","14:03:24",200300
109,4.7,300,"bu","13:58:53",199300
109,4.7,100,"bu","13:58:34",199000
109,4.7,300,"bu","13:58:29",198900
109,4.7,900,"bu","13:55:35",198600
108.5,4.2,200,"bu","13:54:43",197700
108.5,4.2,1200,"sd","13:54:34",197500
108.6,4.3,100,"sd","13:54:34",196300
109,4.7,100,"bu","13:54:20",196200
109,4.7,2000,"bu","13:53:35",196100
109,4.7,2200,"bu","13:53:31",194100
109,4.7,2800,"bu","13:53:26",191900
109,4.7,1900,"bu","13:53:01",189100
109,4.7,1200,"bu","13:51:57",187200
109,4.7,1200,"bu","13:51:06",185900
108.9,4.6,1800,"bu","13:51:06",184700
108.5,4.2,200,"sd","13:50:15",182900
108.5,4.2,1100,"sd","13:49:15",182700
108.5,4.2,1700,"sd","13:48:59",181600
108.6,4.3,3300,"sd","13:48:58",179900
108.9,4.6,100,"sd","13:48:34",176600
108.9,4.6,200,"bu","13:46:58",176500
109,4.7,100,"bu","13:45:31",176300
109,4.7,900,"bu","13:44:44",176200
109,4.7,1200,"sd","13:44:31",175300
109,4.7,400,"sd","13:44:27",174100
109,4.7,600,"sd","13:44:23",173700
109,4.7,200,"sd","13:44:20",173100
109,4.7,900,"sd","13:44:17",172900
109,4.7,1000,"sd","13:44:14",172000
109,4.7,200,"sd","13:44:11",171000
109,4.7,300,"sd","13:44:10",170800
109,4.7,100,"sd","13:44:04",170500
109,4.7,100,"sd","13:43:55",170400
109.3,5,400,"bu","13:43:34",170300
109.2,4.9,100,"bu","13:43:34",169900
109.2,4.9,200,"bu","13:43:31",169800
109.2,4.9,100,"sd","13:43:17",169600
109.5,5.2,200,"sd","13:43:09",169300
109.5,5.2,200,"sd","13:43:04",169100
109.5,5.2,1400,"bu","13:42:57",168900
109.5,5.2,1800,"bu","13:42:49",167500
109.2,4.9,400,"bu","13:42:37",165700
109,4.7,6800,"bu","13:42:30",165300
109,4.7,100,"bu","13:42:23",158500
109,4.7,2000,"bu","13:42:16",158400
108.9,4.6,500,"sd","13:42:15",156400
109,4.7,100,"bu","13:42:11",155900
108.9,4.6,200,"sd","13:42:06",155800
108.9,4.6,600,"bu","13:41:52",155600
108.5,4.2,300,"sd","13:41:43",155000
109,4.7,3700,"bu","13:41:41",154700
108.5,4.2,1300,"bu","13:40:50",150700
108.5,4.2,200,"bu","13:40:49",149400
108.5,4.2,2000,"bu","13:40:46",149200
108.5,4.2,200,"bu","13:40:24",147200
108.5,4.2,100,"bu","13:40:17",147000
108.4,4.1,300,"bu","13:40:08",146900
108.3,4,300,"bu","13:40:08",146600
108.2,3.9,500,"bu","13:39:50",146300
108.2,3.9,100,"bu","13:39:49",145800
108.2,3.9,100,"bu","13:39:47",145700
108.2,3.9,100,"bu","13:39:44",145600
108.2,3.9,1000,"bu","13:39:38",145500
108.1,3.8,100,"bu","13:39:25",144500
108,3.7,500,"sd","13:39:13",144400
108,3.7,3700,"bu","13:39:04",143900
108,3.7,1500,"bu","13:39:03",140200
108,3.7,1000,"bu","13:39:01",138700
108,3.7,600,"bu","13:39:00",137700
108,3.7,4600,"bu","13:38:58",137100
108,3.7,10000,"bu","13:38:56",132500
108,3.7,100,"bu","13:38:53",122500
108,3.7,1200,"bu","13:38:49",122400
108,3.7,10000,"bu","13:38:44",121200
107.9,3.6,200,"sd","13:38:43",111200
107.9,3.6,200,"sd","13:38:39",111000
108,3.7,400,"bu","13:38:17",110800
108,3.7,200,"bu","13:38:09",110400
108,3.7,2000,"bu","13:38:06",110200
107.9,3.6,100,"bu","13:37:53",108200
107.9,3.6,100,"sd","13:37:52",108100
107.9,3.6,300,"sd","13:37:43",108000
107.9,3.6,200,"sd","13:37:36",107700
108,3.7,100,"bu","13:37:30",107500
108,3.7,900,"bu","13:37:22",107400
107.9,3.6,100,"bu","13:37:22",106500
107.9,3.6,100,"sd","13:37:15",106400
107.9,3.6,300,"bu","13:37:14",106300
107.9,3.6,200,"bu","13:37:10",106000
107.9,3.6,100,"bu","13:37:09",105800
107.9,3.6,500,"bu","13:37:05",105700
107.8,3.5,300,"bu","13:36:52",105200
107.5,3.2,200,"bu","13:36:52",104900
107.4,3.1,200,"bu","13:36:52",104700
107.8,3.5,200,"bu","13:36:51",104500
107,2.7,100,"sd","13:36:28",104000
107.5,3.2,200,"bu","13:36:28",103900
107.3,3,700,"bu","13:36:28",103700
107.2,2.9,300,"bu","13:36:28",103000
107.3,3,100,"bu","13:36:08",102700
107.2,2.9,200,"bu","13:36:07",102600
107.1,2.8,100,"bu","13:35:56",102400
107,2.7,1000,"bu","13:35:43",102300
106.9,2.6,200,"bu","13:35:17",101300
106.8,2.5,1200,"bu","13:34:06",101100
106.7,2.4,200,"bu","13:33:38",99900
106.6,2.3,100,"bu","13:32:22",99700
106.6,2.3,100,"bu","13:31:41",99600
106.4,2.1,100,"sd","13:31:15",99500
106.5,2.2,200,"sd","13:29:27",99400
106.5,2.2,200,"bu","13:28:10",99200
106.4,2.1,1400,"bu","13:27:55",99000
106.3,2,100,"bu","13:27:41",97600
106,1.7,500,"sd","13:25:38",97500
106,1.7,800,"sd","13:24:12",97000
106,1.7,1200,"sd","13:24:11",96200
106,1.7,500,"sd","13:23:10",95000
106,1.7,200,"sd","13:22:42",94500
106,1.7,2000,"sd","13:20:50",94300
106,1.7,300,"sd","13:19:52",92300
106,1.7,300,"sd","13:19:28",92000
106,1.7,100,"sd","13:19:14",91700
106,1.7,100,"sd","13:18:18",91600
106,1.7,100,"sd","13:09:23",91500
105.9,1.6,400,"sd","13:05:01",91400
105.9,1.6,100,"sd","13:04:21",91000
106.4,2.1,100,"bu","13:03:43",90900
106.4,2.1,400,"bu","13:01:35",90800
106.4,2.1,200,"sd","13:01:10",90400
106.4,2.1,1000,"bu","13:00:07",90200
106.4,2.1,400,"sd","11:25:47",89200
106.4,2.1,100,"sd","11:25:27",88800
106.4,2.1,100,"bu","11:24:23",88700
105.7,1.4,1000,"bu","11:23:46",88600
105.5,1.2,500,"bu","11:23:06",87600
105.4,1.1,1000,"sd","11:22:56",87100
105.5,1.2,200,"bu","11:22:53",86100
105.5,1.2,100,"bu","11:22:10",85900
105.5,1.2,100,"bu","11:22:05",85800
105.5,1.2,1000,"bu","11:21:58",85700
105.5,1.2,700,"sd","11:21:11",84700
105.5,1.2,200,"sd","11:21:00",84000
105.5,1.2,2000,"sd","11:20:51",83800
105.7,1.4,200,"sd","11:20:28",81800
105.7,1.4,400,"sd","11:19:02",81600
105.7,1.4,500,"sd","11:18:34",81200
105.7,1.4,300,"sd","11:17:08",80700
105.7,1.4,200,"sd","11:16:48",80400
105.7,1.4,400,"sd","11:16:18",80200
105.8,1.5,100,"sd","11:16:18",79800
105.8,1.5,400,"bu","11:15:40",79700
105.8,1.5,100,"bu","11:15:35",79300
105.8,1.5,600,"sd","11:13:44",79200
105.8,1.5,100,"bu","11:11:38",78600
105.8,1.5,400,"sd","11:11:36",78500
105.8,1.5,1000,"sd","11:11:34",78100
105.8,1.5,1500,"sd","11:11:09",77100
105.8,1.5,300,"sd","11:10:24",75600
106.2,1.9,300,"bu","11:07:37",75300
105.8,1.5,200,"sd","11:02:29",75000
105.7,1.4,200,"sd","11:01:54",74800
105.5,1.2,3200,"sd","11:00:11",74600
105.6,1.3,100,"sd","11:00:11",71400
105.5,1.2,700,"bu","10:59:14",71300
105.5,1.2,100,"bu","10:59:09",70600
105.5,1.2,1200,"sd","10:59:02",70500
105.5,1.2,200,"sd","10:58:18",69300
105.4,1.1,3000,"sd","10:58:00",69100
105.5,1.2,1000,"sd","10:58:00",66100
105.5,1.2,1200,"bu","10:57:41",65100
105.6,1.3,800,"sd","10:57:37",63900
105.6,1.3,800,"sd","10:57:11",63100
106,1.7,200,"sd","10:57:11",62300
106,1.7,1700,"sd","10:57:02",62100
106.2,1.9,200,"sd","10:56:33",60400
106.2,1.9,100,"bu","10:56:10",60200
106.2,1.9,2800,"sd","10:55:54",60100
106.2,1.9,5000,"sd","10:55:10",57300
106.4,2.1,100,"sd","10:53:05",52300
106.4,2.1,100,"sd","10:48:35",52200
106.4,2.1,300,"bu","10:42:01",52100
106.4,2.1,100,"bu","10:38:21",51800
106.3,2,400,"sd","10:32:50",51700
106.3,2,100,"sd","10:32:19",51300
106.3,2,100,"sd","10:27:00",51200
106.3,2,100,"bu","10:26:54",51100
106.2,1.9,600,"sd","10:26:40",51000
106.2,1.9,4800,"sd","10:26:08",50400
106.3,2,200,"sd","10:26:08",45600
106.4,2.1,100,"bu","10:25:10",45400
106.4,2.1,1000,"sd","10:24:55",45300
106.7,2.4,200,"bu","10:23:12",44300
106.5,2.2,2500,"sd","10:22:32",44100
106.7,2.4,200,"bu","10:21:30",41600
106.7,2.4,1600,"sd","10:21:28",41400
106.7,2.4,500,"sd","10:21:11",39800
106.8,2.5,200,"bu","10:21:04",39300
106.7,2.4,100,"sd","10:20:49",39100
106.8,2.5,500,"sd","10:20:07",39000
106.9,2.6,100,"sd","10:13:26",38500
106.9,2.6,400,"bu","10:11:48",38400
106.9,2.6,300,"sd","10:08:02",38000
106.9,2.6,200,"sd","10:07:30",37700
107,2.7,200,"bu","10:06:50",37500
107,2.7,300,"sd","10:06:49",37300
107,2.7,100,"bu","10:05:38",37000
107,2.7,700,"sd","10:05:25",36900
107,2.7,1400,"bu","10:04:08",36200
107,2.7,100,"bu","10:03:16",34800
106.9,2.6,100,"sd","09:59:16",34700
107,2.7,400,"sd","09:59:16",34600
107,2.7,100,"bu","09:59:15",34200
107,2.7,800,"sd","09:57:40",34100
107,2.7,500,"sd","09:57:08",33300
107,2.7,300,"sd","09:56:32",32800
107,2.7,100,"bu","09:56:10",32500
107,2.7,200,"bu","09:55:55",32400
107,2.7,100,"bu","09:55:49",32200
107,2.7,100,"bu","09:54:23",32100
106.9,2.6,1100,"sd","09:53:54",32000
107.4,3.1,400,"sd","09:53:54",30800
107.4,3.1,100,"bu","09:53:41",30400
107.4,3.1,200,"sd","09:53:09",30300
107.4,3.1,300,"bu","09:53:08",30100
107.4,3.1,100,"bu","09:49:51",29800
107.4,3.1,100,"bu","09:47:19",29700
107.4,3.1,100,"bu","09:46:11",29600
107.5,3.2,700,"bu","09:45:25",29500
107,2.7,100,"sd","09:45:25",28800
107,2.7,900,"bu","09:45:01",28700
107,2.7,100,"bu","09:44:24",27800
107.6,3.3,100,"sd","09:40:17",27700
107.6,3.3,100,"bu","09:39:57",27600
107.8,3.5,300,"bu","09:37:26",27500
107.7,3.4,200,"bu","09:37:26",27200
107.9,3.6,700,"sd","09:35:29",27000
107.9,3.6,100,"bu","09:35:08",26300
108,3.7,300,"bu","09:34:51",26200
107.9,3.6,500,"bu","09:34:51",25900
108,3.7,300,"bu","09:34:29",25400
108,3.7,1000,"sd","09:34:26",25100
108.3,4,100,"sd","09:34:24",22500
108.3,4,300,"bu","09:34:14",22400
107.9,3.6,200,"sd","09:34:11",22100
107.9,3.6,200,"sd","09:34:04",21900
108,3.7,300,"bu","09:33:47",21700
107.9,3.6,300,"bu","09:33:47",21400
107.9,3.6,100,"bu","09:33:43",21100
107.9,3.6,600,"sd","09:33:35",21000
108,3.7,2000,"bu","09:33:34",20400
108,3.7,100,"bu","09:33:32",18400
108,3.7,1700,"bu","09:33:13",18300
107.9,3.6,200,"bu","09:33:13",16600
106.8,2.5,700,"bu","09:33:13",14000
106.5,2.2,1200,"bu","09:33:04",13300
106.4,2.1,100,"bu","09:33:03",12100
106.4,2.1,100,"bu","09:32:38",12000
106,1.7,1700,"bu","09:31:37",11900
105.7,1.4,100,"sd","09:31:37",10200
105.8,1.5,200,"bu","09:31:25",10100
105.7,1.4,100,"bu","09:31:06",9900
105.5,1.2,100,"bu","09:31:06",9600
105.6,1.3,100,"bu","09:30:06",9500
105.6,1.3,100,"bu","09:29:50",9400
105.6,1.3,300,"bu","09:29:10",9300
105.5,1.2,200,"bu","09:29:10",9000
105,0.7,200,"sd","09:28:30",8800
105,0.7,1100,"bu","09:28:05",8600
105,0.7,900,"bu","09:27:53",7500
105,0.7,100,"bu","09:26:56",6600
104.9,0.6,300,"bu","09:26:47",6500
104.5,0.2,100,"bu","09:26:10",6200
104.2,-0.1,100,"bu","09:24:20",6100
104.2,-0.1,200,"bu","09:23:50",6000
104,-0.3,300,"bu","09:23:02",5800
104,-0.3,500,"bu","09:22:40",5500
104,-0.3,100,"bu","09:22:23",5000
104,-0.3,100,"bu","09:21:50",4900
103.5,-0.8,800,"sd","09:21:35",4800
103.5,-0.8,100,"sd","09:20:22",4000
103.3,-1,3900,"","09:15:02",3900
