"price","change","match_qtty","side","time","total_vol"
75.6,0.1,35400,"","14:45:01",693400
75.9,0.4,500,"bu","14:29:47",658000
75.9,0.4,1000,"bu","14:29:15",657500
75.8,0.3,1800,"sd","14:28:40",656500
75.8,0.3,300,"sd","14:28:00",654700
75.9,0.4,100,"sd","14:27:56",654400
75.9,0.4,100,"sd","14:27:52",654300
75.9,0.4,2000,"sd","14:27:40",654200
75.9,0.4,3000,"sd","14:27:39",652200
75.9,0.4,600,"sd","14:27:27",649200
75.9,0.4,400,"sd","14:27:23",648600
75.9,0.4,200,"sd","14:27:12",648200
76,0.5,200,"bu","14:27:09",648000
75.9,0.4,100,"sd","14:27:05",647700
75.9,0.4,1000,"sd","14:26:37",647600
75.9,0.4,500,"sd","14:26:35",646600
75.9,0.4,1000,"sd","14:26:12",646100
76,0.5,200,"bu","14:26:01",645100
75.9,0.4,100,"sd","14:25:59",644900
75.9,0.4,100,"sd","14:25:52",644800
75.9,0.4,100,"sd","14:25:47",644700
76,0.5,600,"bu","14:25:25",644600
76,0.5,200,"sd","14:25:23",644000
76,0.5,8000,"sd","14:25:21",643800
76,0.5,100,"sd","14:25:20",635800
76.1,0.6,100,"bu","14:25:15",635700
76,0.5,200,"sd","14:25:09",635600
76.1,0.6,200,"bu","14:25:01",635400
76,0.5,1000,"sd","14:24:51",635200
76,0.5,500,"sd","14:24:44",634200
76,0.5,1000,"sd","14:24:39",633700
76,0.5,5000,"sd","14:24:35",632700
76.1,0.6,200,"bu","14:24:29",627700
76,0.5,500,"sd","14:24:24",627500
76.1,0.6,200,"bu","14:23:54",627000
76.1,0.6,100,"bu","14:23:44",626800
76,0.5,1000,"sd","14:23:39",626700
76,0.5,100,"sd","14:23:23",625700
76,0.5,100,"sd","14:23:20",625600
76,0.5,100,"sd","14:23:14",625500
76,0.5,1000,"sd","14:23:13",625400
76.1,0.6,200,"bu","14:23:08",624400
76.1,0.6,200,"bu","14:22:58",624200
76,0.5,5000,"sd","14:22:51",624000
76.1,0.6,1000,"bu","14:22:31",619000
76,0.5,500,"sd","14:22:28",618000
76,0.5,1000,"sd","14:22:23",617500
76,0.5,100,"sd","14:22:17",616500
76.1,0.6,200,"bu","14:22:14",616400
76.1,0.6,200,"bu","14:22:13",616200
76,0.5,400,"sd","14:22:07",616000
76,0.5,100,"sd","14:22:04",615600
76,0.5,300,"sd","14:21:59",615500
76,0.5,1000,"sd","14:21:43",615200
76.1,0.6,200,"bu","14:21:27",614200
76,0.5,1000,"sd","14:20:47",614000
76.1,0.6,200,"bu","14:20:42",613000
76,0.5,200,"sd","14:20:40",612800
76,0.5,100,"sd","14:20:27",612600
76,0.5,1300,"bu","14:20:10",612500
76,0.5,100,"bu","14:19:56",611200
75.9,0.4,300,"sd","14:19:44",611100
75.9,0.4,200,"sd","14:19:30",610800
76,0.5,200,"bu","14:19:11",610600
75.9,0.4,11100,"sd","14:19:08",610400
75.9,0.4,100,"sd","14:19:03",599300
76,0.5,200,"bu","14:18:48",599200
76,0.5,3400,"sd","14:18:41",599000
76,0.5,500,"sd","14:18:38",595600
76,0.5,1000,"sd","14:18:31",595100
76,0.5,100,"sd","14:18:26",594100
76.1,0.6,200,"bu","14:18:25",594000
76,0.5,100,"sd","14:18:20",593800
75.9,0.4,100,"sd","14:18:14",593700
76,0.5,5000,"bu","14:18:12",593600
75.9,0.4,100,"sd","14:18:11",588600
75.9,0.4,100,"sd","14:18:04",588500
76,0.5,4800,"bu","14:18:03",588400
76,0.5,3700,"bu","14:18:02",583600
75.9,0.4,400,"sd","14:18:02",579900
75.9,0.4,100,"sd","14:17:58",579500
75.9,0.4,100,"sd","14:17:54",579400
75.9,0.4,300,"sd","14:17:53",579300
75.9,0.4,200,"sd","14:17:50",579000
75.9,0.4,100,"sd","14:17:45",578800
75.9,0.4,100,"sd","14:17:40",578700
76,0.5,200,"bu","14:17:40",578600
75.9,0.4,100,"sd","14:17:36",578400
75.9,0.4,100,"sd","14:17:28",578300
75.9,0.4,1000,"sd","14:17:27",578200
75.9,0.4,100,"sd","14:17:25",577200
75.9,0.4,100,"sd","14:17:19",577100
75.9,0.4,100,"sd","14:17:15",577000
75.9,0.4,100,"sd","14:17:08",576900
75.9,0.4,100,"sd","14:17:03",576800
75.9,0.4,100,"sd","14:16:57",576700
75.9,0.4,100,"sd","14:16:54",576600
76,0.5,100,"bu","14:16:54",576500
75.9,0.4,200,"sd","14:16:51",576400
75.9,0.4,100,"sd","14:16:47",576200
75.9,0.4,100,"sd","14:16:43",576100
76,0.5,200,"bu","14:16:09",576000
75.9,0.4,100,"sd","14:15:58",575800
75.9,0.4,100,"bu","14:15:47",575700
75.9,0.4,900,"sd","14:15:43",575600
75.9,0.4,100,"sd","14:15:42",574700
75.9,0.4,12700,"bu","14:15:36",574600
75.9,0.4,1000,"bu","14:15:34",561900
75.9,0.4,200,"bu","14:15:23",560900
75.9,0.4,200,"bu","14:14:38",560700
75.9,0.4,1000,"bu","14:14:23",560500
75.9,0.4,100,"bu","14:13:52",559500
75.8,0.3,300,"sd","14:13:46",559400
75.8,0.3,300,"sd","14:13:14",559100
75.9,0.4,200,"bu","14:13:07",558800
75.9,0.4,100,"bu","14:12:56",558600
75.9,0.4,200,"bu","14:12:21",558500
75.8,0.3,100,"sd","14:11:37",558300
75.9,0.4,200,"bu","14:11:36",558200
75.8,0.3,800,"sd","14:11:34",558000
75.8,0.3,100,"sd","14:10:55",557200
75.9,0.4,200,"bu","14:10:50",557100
75.8,0.3,100,"sd","14:10:31",556900
75.8,0.3,100,"sd","14:10:26",556800
75.9,0.4,100,"bu","14:10:05",556700
75.9,0.4,2000,"bu","14:09:42",556600
75.9,0.4,200,"bu","14:09:19",554600
75.9,0.4,100,"bu","14:09:07",554400
75.8,0.3,1000,"sd","14:08:43",554300
75.9,0.4,200,"bu","14:08:34",553300
75.9,0.4,200,"bu","14:07:48",553100
75.8,0.3,1000,"sd","14:07:17",552900
75.9,0.4,100,"bu","14:07:03",551900
75.8,0.3,1000,"sd","14:06:53",551800
75.8,0.3,300,"sd","14:06:31",550800
75.8,0.3,300,"sd","14:06:22",550500
75.9,0.4,200,"bu","14:06:17",550200
75.9,0.4,200,"bu","14:05:32",550000
75.8,0.3,100,"sd","14:05:21",549800
75.8,0.3,100,"sd","14:05:13",549700
75.8,0.3,100,"sd","14:05:09",549600
75.8,0.3,100,"sd","14:04:57",549500
75.8,0.3,100,"sd","14:04:51",549400
75.9,0.4,200,"bu","14:04:46",549300
75.8,0.3,100,"sd","14:04:46",549100
75.8,0.3,1000,"sd","14:04:41",549000
75.8,0.3,100,"sd","14:04:40",548000
75.8,0.3,100,"sd","14:04:37",547900
75.8,0.3,100,"sd","14:04:32",547800
75.8,0.3,100,"sd","14:04:26",547700
75.8,0.3,100,"sd","14:04:20",547600
75.8,0.3,100,"sd","14:04:14",547500
75.8,0.3,100,"sd","14:04:11",547400
75.8,0.3,100,"sd","14:04:06",547300
75.9,0.4,100,"bu","14:04:01",547200
75.8,0.3,100,"sd","14:04:00",547100
75.8,0.3,100,"sd","14:03:55",547000
75.8,0.3,100,"sd","14:03:44",546900
75.8,0.3,100,"sd","14:03:38",546800
75.8,0.3,1000,"sd","14:03:19",546700
75.9,0.4,200,"bu","14:03:15",545700
75.8,0.3,100,"sd","14:03:11",545500
75.9,0.4,100,"bu","14:03:06",545400
75.8,0.3,800,"sd","14:02:55",545300
75.9,0.4,200,"bu","14:02:30",544500
75.8,0.3,300,"sd","14:01:58",544300
75.9,0.4,200,"bu","14:01:44",544000
75.8,0.3,100,"sd","14:01:12",543800
75.8,0.3,100,"sd","14:01:07",543700
75.8,0.3,100,"sd","14:01:01",543600
75.9,0.4,200,"bu","14:00:59",543500
75.8,0.3,100,"sd","14:00:58",543300
75.8,0.3,300,"sd","14:00:56",543200
75.8,0.3,600,"sd","14:00:48",542900
75.8,0.3,100,"sd","14:00:43",542300
75.8,0.3,100,"sd","14:00:38",542200
75.8,0.3,100,"bu","14:00:14",542100
75.8,0.3,100,"bu","14:00:13",542000
75.8,0.3,500,"bu","13:59:50",541900
75.8,0.3,200,"bu","13:59:28",541400
75.8,0.3,3000,"bu","13:59:23",541200
75.8,0.3,400,"sd","13:59:00",538200
75.8,0.3,100,"bu","13:58:45",537800
75.8,0.3,200,"bu","13:58:42",537700
75.8,0.3,100,"sd","13:58:02",537500
75.8,0.3,4900,"bu","13:57:59",537400
75.8,0.3,200,"bu","13:57:57",532500
75.8,0.3,2000,"bu","13:57:31",532300
75.8,0.3,100,"bu","13:57:11",530300
75.7,0.2,1000,"sd","13:56:48",530200
75.8,0.3,200,"bu","13:56:26",529200
75.7,0.2,700,"sd","13:56:18",529000
75.7,0.2,1000,"sd","13:55:51",528300
75.8,0.3,200,"bu","13:55:40",527300
75.7,0.2,2000,"sd","13:55:39",527100
75.8,0.3,100,"bu","13:55:13",525100
75.8,0.3,200,"bu","13:54:55",525000
75.7,0.2,200,"sd","13:54:32",524800
75.7,0.2,2000,"sd","13:54:20",524600
75.8,0.3,100,"bu","13:54:09",522600
75.7,0.2,100,"sd","13:53:55",522500
75.8,0.3,200,"bu","13:53:24",522400
75.8,0.3,400,"bu","13:53:20",522200
75.7,0.2,1000,"sd","13:52:57",521800
75.8,0.3,200,"bu","13:52:38",520800
75.7,0.2,1000,"sd","13:52:22",520600
75.7,0.2,100,"sd","13:52:09",519600
75.8,0.3,200,"bu","13:51:53",519500
75.7,0.2,2000,"sd","13:51:48",519300
75.7,0.2,100,"sd","13:51:34",517300
75.8,0.3,600,"bu","13:51:27",517200
75.8,0.3,200,"bu","13:51:07",516600
75.7,0.2,800,"bu","13:50:59",516400
75.7,0.2,200,"sd","13:50:57",515600
75.8,0.3,200,"bu","13:50:38",515400
75.8,0.3,200,"bu","13:50:37",515200
75.7,0.2,100,"sd","13:50:36",515000
75.7,0.2,1700,"bu","13:50:28",514900
75.7,0.2,200,"bu","13:50:28",513200
75.7,0.2,100,"bu","13:50:22",513000
75.6,0.1,1000,"sd","13:49:49",512900
75.7,0.2,200,"bu","13:49:36",511900
75.6,0.1,1000,"sd","13:49:06",511700
75.6,0.1,100,"sd","13:49:05",510700
75.7,0.2,200,"bu","13:48:51",510600
75.6,0.1,1000,"sd","13:48:29",510400
75.6,0.1,100,"sd","13:48:01",509400
75.6,0.1,1000,"sd","13:47:24",509300
75.6,0.1,100,"sd","13:46:56",508300
75.7,0.2,400,"sd","13:46:35",508200
75.7,0.2,100,"sd","13:46:19",507800
75.7,0.2,1000,"sd","13:46:10",507700
75.7,0.2,1000,"sd","13:46:07",506700
75.7,0.2,1000,"sd","13:45:44",505700
75.7,0.2,4000,"sd","13:45:23",504700
75.7,0.2,1000,"sd","13:45:02",500700
75.7,0.2,1500,"bu","13:44:57",499700
75.6,0.1,1000,"sd","13:44:29",498200
75.6,0.1,100,"sd","13:44:07",497200
75.7,0.2,1000,"sd","13:43:39",497100
75.7,0.2,1000,"sd","13:43:34",496100
75.7,0.2,100,"sd","13:43:27",495100
75.7,0.2,1900,"bu","13:43:21",495000
75.7,0.2,2000,"sd","13:43:08",493100
75.7,0.2,100,"sd","13:42:19",491100
75.7,0.2,1000,"sd","13:41:54",491000
75.7,0.2,3100,"bu","13:41:42",490000
75.6,0.1,100,"sd","13:40:56",486900
75.6,0.1,100,"sd","13:40:05",486800
75.6,0.1,1000,"sd","13:39:49",486700
75.6,0.1,100,"sd","13:39:11",485700
75.7,0.2,1000,"bu","13:38:33",485600
75.7,0.2,200,"bu","13:38:02",484600
75.7,0.2,100,"bu","13:37:36",484400
75.6,0.1,200,"sd","13:36:56",484300
75.6,0.1,100,"sd","13:36:35",484100
75.6,0.1,1000,"sd","13:35:00",484000
75.7,0.2,100,"bu","13:34:02",483000
75.6,0.1,200,"sd","13:32:06",482900
75.7,0.2,1000,"bu","13:32:03",482700
75.7,0.2,300,"bu","13:30:03",481700
75.6,0.1,600,"sd","13:29:52",481400
75.7,0.2,5000,"bu","13:26:59",480800
75.7,0.2,1600,"bu","13:25:54",475800
75.6,0.1,1000,"sd","13:25:20",474200
75.6,0.1,100,"sd","13:25:12",473200
75.7,0.2,500,"bu","13:25:08",473100
75.6,0.1,1000,"sd","13:24:43",472600
75.6,0.1,1000,"sd","13:23:35",471600
75.6,0.1,3000,"sd","13:23:08",470600
75.6,0.1,1000,"sd","13:23:07",467600
75.6,0.1,1000,"sd","13:22:33",466600
75.6,0.1,1000,"sd","13:21:58",465600
75.7,0.2,600,"bu","13:21:27",464600
75.6,0.1,300,"sd","13:20:48",464000
75.6,0.1,2000,"sd","13:20:27",463700
75.7,0.2,1100,"sd","13:20:19",461700
75.8,0.3,300,"bu","13:19:24",460600
75.7,0.2,1000,"sd","13:19:02",460300
75.7,0.2,1000,"sd","13:18:34",459300
75.7,0.2,2000,"bu","13:18:09",458300
75.7,0.2,100,"sd","13:18:02",456300
75.7,0.2,1000,"sd","13:17:26",456200
75.7,0.2,600,"sd","13:17:23",455200
75.7,0.2,3500,"bu","13:16:55",454600
75.7,0.2,100,"bu","13:16:10",451100
75.7,0.2,100,"bu","13:15:56",451000
75.7,0.2,800,"bu","13:15:36",450900
75.7,0.2,100,"bu","13:14:09",450100
75.6,0.1,100,"sd","13:13:51",450000
75.7,0.2,100,"bu","13:13:41",449900
75.7,0.2,300,"bu","13:12:35",449800
75.7,0.2,100,"bu","13:11:52",449500
75.6,0.1,100,"sd","13:11:34",449400
75.6,0.1,1000,"sd","13:10:45",449300
75.6,0.1,100,"sd","13:10:07",448300
75.6,0.1,1000,"sd","13:09:46",448200
75.6,0.1,100,"sd","13:08:03",447200
75.6,0.1,1000,"sd","13:06:52",447100
75.6,0.1,700,"sd","13:04:07",446100
75.6,0.1,1000,"sd","13:04:01",445400
75.6,0.1,200,"sd","13:02:44",444400
75.6,0.1,400,"sd","13:02:31",444200
75.6,0.1,100,"sd","13:02:20",443800
75.6,0.1,500,"sd","13:02:19",443700
75.6,0.1,1000,"sd","13:01:59",443200
75.6,0.1,100,"sd","13:00:29",442200
75.6,0.1,1000,"sd","13:00:21",442100
75.6,0.1,400,"sd","13:00:16",441100
75.7,0.2,500,"bu","13:00:14",440700
75.6,0.1,100,"sd","13:00:12",440200
75.6,0.1,400,"sd","13:00:10",440100
75.6,0.1,200,"bu","13:00:06",439700
75.6,0.1,400,"bu","13:00:02",439500
75.5,0,100,"sd","13:00:02",439100
75.6,0.1,100,"bu","13:00:02",439000
75.5,0,700,"sd","13:00:01",438900
75.6,0.1,1000,"bu","13:00:00",438200
75.5,0,600,"sd","13:00:00",437200
75.6,0.1,1000,"bu","13:00:00",436600
75.5,0,1000,"sd","13:00:00",435600
75.5,0,200,"sd","11:29:49",434600
75.6,0.1,300,"bu","11:29:49",434400
75.5,0,2400,"sd","11:29:12",434100
75.5,0,100,"sd","11:28:54",431700
75.5,0,600,"sd","11:28:53",431600
75.5,0,600,"sd","11:28:19",431000
75.6,0.1,100,"bu","11:28:17",430400
75.6,0.1,100,"bu","11:28:03",430300
75.5,0,2000,"sd","11:27:16",430200
75.6,0.1,2700,"sd","11:27:04",428200
75.6,0.1,100,"sd","11:26:37",425500
75.7,0.2,300,"bu","11:26:37",425400
75.6,0.1,1000,"sd","11:26:27",425100
75.6,0.1,1000,"sd","11:25:48",424100
75.6,0.1,1200,"bu","11:25:26",423100
75.6,0.1,200,"sd","11:25:04",421900
75.6,0.1,400,"sd","11:24:55",421700
75.6,0.1,1000,"sd","11:24:42",421300
75.6,0.1,1000,"bu","11:24:35",420300
75.6,0.1,200,"bu","11:24:34",419300
75.6,0.1,5000,"bu","11:24:20",419100
75.6,0.1,500,"bu","11:24:16",414100
75.6,0.1,100,"bu","11:23:48",413600
75.6,0.1,500,"bu","11:23:38",413500
75.6,0.1,500,"bu","11:23:33",413000
75.5,0,500,"sd","11:23:04",412500
75.5,0,500,"sd","11:23:03",412000
75.5,0,300,"sd","11:22:46",411500
75.5,0,1000,"sd","11:22:46",411200
75.5,0,1000,"sd","11:21:48",410200
75.5,0,100,"sd","11:20:55",409200
75.5,0,10000,"sd","11:20:51",409100
75.5,0,1000,"sd","11:20:50",399100
75.5,0,500,"sd","11:20:39",398100
75.5,0,1100,"sd","11:20:30",397600
75.5,0,1000,"sd","11:20:15",396500
75.6,0.1,500,"bu","11:19:37",395500
75.6,0.1,100,"bu","11:19:03",395000
75.6,0.1,600,"sd","11:18:13",394900
75.6,0.1,300,"sd","11:17:58",394300
75.6,0.1,1000,"sd","11:17:52",394000
75.6,0.1,1000,"sd","11:17:46",393000
75.6,0.1,300,"sd","11:17:38",392000
75.6,0.1,2000,"sd","11:17:32",391700
75.6,0.1,100,"sd","11:17:05",389700
75.6,0.1,1000,"sd","11:16:57",389600
75.7,0.2,100,"bu","11:14:19",388600
75.6,0.1,100,"sd","11:14:19",388500
75.6,0.1,3500,"sd","11:14:14",388400
75.6,0.1,1000,"sd","11:14:12",384900
75.6,0.1,2000,"sd","11:13:43",383900
75.6,0.1,1800,"sd","11:13:39",381900
75.6,0.1,1800,"sd","11:13:36",380100
75.6,0.1,1600,"sd","11:13:34",378300
75.6,0.1,600,"sd","11:12:57",376700
75.6,0.1,100,"sd","11:12:49",376100
75.6,0.1,600,"sd","11:12:21",376000
75.6,0.1,600,"sd","11:11:41",375400
75.6,0.1,500,"sd","11:11:27",374800
75.6,0.1,200,"sd","11:10:27",374300
75.6,0.1,100,"sd","11:10:08",374100
75.6,0.1,4100,"sd","11:09:39",374000
75.7,0.2,100,"bu","11:09:24",369900
75.6,0.1,100,"sd","11:09:20",369800
75.6,0.1,1000,"sd","11:09:19",369700
75.6,0.1,100,"sd","11:09:15",368700
75.6,0.1,100,"sd","11:09:08",368600
75.6,0.1,100,"sd","11:09:04",368500
75.6,0.1,100,"sd","11:09:00",368400
75.6,0.1,100,"sd","11:08:53",368300
75.7,0.2,100,"bu","11:08:16",368200
75.7,0.2,500,"bu","11:08:10",368100
75.7,0.2,13100,"sd","11:07:47",367600
75.8,0.3,100,"bu","11:06:18",354500
75.7,0.2,2200,"sd","11:06:16",354400
75.7,0.2,100,"sd","11:05:59",352200
75.7,0.2,600,"sd","11:05:40",352100
75.8,0.3,200,"bu","11:05:37",351500
75.7,0.2,100,"sd","11:05:34",351300
75.8,0.3,200,"bu","11:05:02",351200
75.8,0.3,1900,"sd","11:04:14",351000
75.8,0.3,1000,"sd","11:04:07",349100
75.8,0.3,600,"sd","11:03:55",348100
75.8,0.3,400,"sd","11:03:53",347500
75.8,0.3,100,"sd","11:03:47",347100
75.8,0.3,600,"sd","11:03:41",347000
75.8,0.3,1000,"sd","11:03:15",346400
75.8,0.3,200,"sd","11:03:07",345400
75.8,0.3,1000,"sd","11:02:38",345200
75.8,0.3,6600,"bu","11:02:26",344200
75.8,0.3,100,"bu","11:02:25",337600
75.8,0.3,100,"bu","11:01:30",337500
75.8,0.3,500,"bu","11:01:04",337400
75.8,0.3,1900,"sd","10:58:14",336900
75.8,0.3,300,"sd","10:58:06",335000
75.8,0.3,100,"sd","10:58:04",334700
75.8,0.3,1000,"sd","10:57:51",334600
75.8,0.3,5000,"sd","10:57:33",333600
75.8,0.3,2000,"sd","10:57:16",328600
75.8,0.3,5000,"sd","10:57:02",326600
75.8,0.3,2300,"sd","10:56:45",321600
75.8,0.3,2400,"sd","10:56:36",319300
75.8,0.3,600,"sd","10:56:34",316900
75.8,0.3,100,"sd","10:55:08",316300
75.8,0.3,5000,"sd","10:54:55",316200
75.8,0.3,1000,"sd","10:54:45",311200
75.8,0.3,200,"sd","10:54:08",310200
75.8,0.3,200,"sd","10:54:07",310000
75.8,0.3,600,"sd","10:54:06",309800
75.8,0.3,200,"sd","10:54:05",309200
75.8,0.3,200,"sd","10:54:04",309000
75.8,0.3,200,"sd","10:54:04",308800
75.8,0.3,100,"sd","10:54:03",308600
75.8,0.3,100,"sd","10:53:58",308500
75.8,0.3,100,"sd","10:53:51",308400
75.8,0.3,1000,"sd","10:53:32",308300
75.8,0.3,1000,"sd","10:53:05",307300
75.8,0.3,600,"sd","10:52:55",306300
75.8,0.3,600,"sd","10:52:28",305700
75.8,0.3,1500,"sd","10:52:25",305100
75.9,0.4,100,"bu","10:52:14",303600
75.9,0.4,500,"bu","10:47:40",303500
75.9,0.4,100,"bu","10:46:02",303000
75.9,0.4,500,"bu","10:45:03",302900
75.8,0.3,500,"sd","10:45:02",302400
75.9,0.4,2000,"bu","10:45:00",301900
75.9,0.4,1000,"bu","10:44:41",299900
75.9,0.4,300,"bu","10:43:50",298900
75.9,0.4,200,"bu","10:43:42",298600
75.9,0.4,600,"sd","10:41:11",298400
75.9,0.4,100,"sd","10:40:56",297800
75.9,0.4,600,"sd","10:40:49",297700
75.9,0.4,600,"sd","10:40:11",297100
75.9,0.4,1200,"bu","10:39:36",296500
75.9,0.4,2300,"bu","10:39:35",295300
75.9,0.4,700,"sd","10:38:24",293000
75.9,0.4,1200,"sd","10:37:48",292300
75.9,0.4,1000,"sd","10:37:04",291100
75.9,0.4,1000,"sd","10:36:50",290100
75.9,0.4,600,"sd","10:36:33",289100
75.9,0.4,1000,"sd","10:35:52",288500
75.9,0.4,600,"sd","10:35:28",287500
75.9,0.4,300,"sd","10:35:18",286900
75.9,0.4,100,"sd","10:35:13",286600
75.9,0.4,600,"sd","10:35:10",286500
75.9,0.4,600,"sd","10:34:17",285900
75.9,0.4,200,"sd","10:33:51",285300
75.9,0.4,1000,"sd","10:33:44",285100
75.9,0.4,1000,"sd","10:33:35",284100
75.9,0.4,600,"sd","10:33:26",283100
75.9,0.4,600,"sd","10:33:08",282500
75.9,0.4,1000,"sd","10:32:47",281900
75.9,0.4,600,"sd","10:32:44",280900
75.9,0.4,600,"sd","10:32:29",280300
75.9,0.4,600,"sd","10:32:07",279700
75.9,0.4,600,"sd","10:31:56",279100
75.9,0.4,2000,"sd","10:31:55",278500
75.9,0.4,100,"sd","10:31:50",276500
75.9,0.4,200,"sd","10:31:41",276400
75.9,0.4,200,"sd","10:31:40",276200
75.9,0.4,200,"sd","10:31:40",276000
75.9,0.4,200,"sd","10:31:39",275800
75.9,0.4,200,"sd","10:31:38",275600
75.9,0.4,200,"sd","10:31:36",275400
75.9,0.4,200,"sd","10:31:35",275200
75.9,0.4,400,"sd","10:31:33",275000
75.9,0.4,200,"sd","10:31:32",274600
75.9,0.4,300,"sd","10:31:27",274400
75.9,0.4,900,"sd","10:30:30",274100
75.9,0.4,100,"sd","10:29:31",273200
75.9,0.4,2000,"sd","10:29:28",273100
76,0.5,200,"bu","10:28:34",271100
76,0.5,100,"bu","10:27:13",270900
76,0.5,1000,"bu","10:27:11",270800
76,0.5,2000,"bu","10:26:18",269800
76,0.5,1200,"bu","10:26:04",267800
76,0.5,1000,"bu","10:26:03",266600
76,0.5,100,"bu","10:24:22",265600
75.9,0.4,5000,"sd","10:24:15",265500
76,0.5,100,"bu","10:23:45",260500
76,0.5,500,"bu","10:23:43",260400
75.9,0.4,4000,"sd","10:23:36",259900
75.9,0.4,3000,"sd","10:23:31",255900
76,0.5,1000,"bu","10:22:46",252900
75.9,0.4,900,"sd","10:22:33",251900
76,0.5,100,"bu","10:22:18",251000
76,0.5,500,"bu","10:22:14",250900
76,0.5,200,"bu","10:20:39",250400
76,0.5,500,"sd","10:20:01",250200
76,0.5,1000,"sd","10:19:03",249700
76,0.5,2000,"sd","10:18:14",248700
76,0.5,100,"sd","10:18:05",246700
76,0.5,100,"sd","10:17:10",246600
76,0.5,300,"sd","10:16:49",246500
76,0.5,1000,"sd","10:16:48",246200
76,0.5,300,"sd","10:16:35",245200
76,0.5,300,"bu","10:15:52",244900
76,0.5,2000,"bu","10:15:18",244600
76,0.5,1000,"bu","10:14:55",242600
76,0.5,2900,"sd","10:14:42",241600
76,0.5,20000,"sd","10:14:14",238700
76.1,0.6,1400,"bu","10:13:57",218700
76.1,0.6,10000,"bu","10:13:31",217300
76,0.5,7000,"sd","10:13:30",207300
76,0.5,100,"sd","10:13:18",200300
76,0.5,1000,"sd","10:12:34",200200
76,0.5,100,"sd","10:12:23",199200
76,0.5,100,"sd","10:12:05",199100
76,0.5,600,"sd","10:10:18",199000
76.1,0.6,800,"sd","10:09:41",198400
76.1,0.6,3000,"sd","10:09:26",197600
76.1,0.6,200,"sd","10:08:35",194600
76.1,0.6,2100,"bu","10:08:20",194400
76.1,0.6,16000,"bu","10:07:58",192300
76,0.5,100,"sd","10:06:40",176300
76,0.5,600,"sd","10:05:27",176200
76.1,0.6,700,"bu","10:04:25",175600
76.1,0.6,100,"bu","10:03:40",174900
76.1,0.6,900,"sd","10:03:30",174800
76.2,0.7,300,"bu","10:03:29",173900
76.1,0.6,300,"sd","10:02:41",173600
76.1,0.6,1000,"sd","10:02:10",173300
76.1,0.6,100,"sd","10:01:49",172300
76.1,0.6,4100,"sd","10:01:41",172200
76.1,0.6,100,"sd","10:01:37",168100
76.1,0.6,200,"sd","10:01:36",168000
76.1,0.6,200,"sd","10:01:35",167800
76.1,0.6,200,"sd","10:01:32",167600
76.1,0.6,2500,"sd","10:01:28",167400
76.1,0.6,100,"sd","10:01:03",164900
76.1,0.6,100,"sd","10:00:57",164800
76.1,0.6,100,"sd","10:00:53",164700
76.1,0.6,1400,"sd","10:00:36",164600
76.1,0.6,1000,"sd","10:00:08",163200
76.1,0.6,2700,"bu","09:59:51",162200
76.1,0.6,1200,"bu","09:59:35",159500
76.1,0.6,10000,"bu","09:59:27",158300
76.1,0.6,2300,"bu","09:58:28",148300
76.1,0.6,100,"sd","09:55:15",146000
76.1,0.6,1000,"sd","09:55:08",145900
76.1,0.6,600,"bu","09:53:59",144900
76.1,0.6,3000,"bu","09:53:42",144300
76.1,0.6,5000,"bu","09:53:37",141300
76.1,0.6,100,"bu","09:52:59",136300
76.1,0.6,200,"bu","09:52:57",136200
76,0.5,3000,"sd","09:52:07",136000
76.1,0.6,100,"bu","09:52:03",133000
76.1,0.6,2000,"bu","09:51:19",132900
76.1,0.6,3000,"bu","09:50:58",130900
76,0.5,100,"sd","09:50:57",127900
76,0.5,1000,"sd","09:50:32",127800
76,0.5,2000,"bu","09:50:22",126800
75.9,0.4,1000,"sd","09:49:54",124800
76,0.5,100,"bu","09:49:52",123800
75.9,0.4,100,"sd","09:49:32",123700
75.9,0.4,9300,"sd","09:49:03",123600
76,0.5,5700,"sd","09:49:03",114300
76,0.5,10300,"bu","09:48:59",108600
75.9,0.4,1000,"sd","09:47:18",98300
75.9,0.4,1000,"sd","09:47:12",97300
75.9,0.4,1000,"sd","09:46:18",96300
75.9,0.4,2500,"bu","09:46:10",95300
75.9,0.4,100,"bu","09:46:05",92800
75.9,0.4,600,"bu","09:45:51",92700
75.9,0.4,100,"bu","09:45:49",92100
75.9,0.4,600,"sd","09:44:40",92000
75.9,0.4,5000,"sd","09:44:29",91400
75.9,0.4,2300,"sd","09:44:02",86400
75.9,0.4,100,"sd","09:43:49",84100
75.9,0.4,1000,"sd","09:41:56",84000
76,0.5,100,"bu","09:41:08",83000
76,0.5,200,"bu","09:40:57",82900
76,0.5,200,"bu","09:40:56",82700
76,0.5,200,"bu","09:40:34",82500
75.9,0.4,400,"bu","09:39:49",82300
75.9,0.4,500,"bu","09:39:26",81900
75.9,0.4,1000,"bu","09:39:15",81400
75.9,0.4,4500,"sd","09:38:47",80400
76,0.5,500,"bu","09:38:35",75900
76,0.5,300,"bu","09:38:35",75400
76,0.5,500,"bu","09:38:12",75100
76,0.5,800,"bu","09:38:06",74600
76,0.5,200,"bu","09:37:07",73800
75.9,0.4,1000,"sd","09:35:55",73600
75.9,0.4,1000,"sd","09:35:05",72600
75.9,0.4,100,"bu","09:34:57",71600
75.9,0.4,500,"bu","09:34:51",71500
75.9,0.4,600,"bu","09:34:39",71000
75.9,0.4,100,"bu","09:34:34",70400
75.9,0.4,600,"bu","09:33:24",70300
75.9,0.4,600,"bu","09:33:04",69700
75.9,0.4,600,"bu","09:32:48",69100
75.9,0.4,200,"sd","09:32:13",68500
76,0.5,100,"bu","09:30:25",68300
76,0.5,600,"bu","09:30:04",68200
76,0.5,1200,"bu","09:29:36",67600
75.9,0.4,300,"sd","09:29:31",66400
76,0.5,400,"sd","09:29:20",66100
76,0.5,500,"sd","09:29:05",65700
76.1,0.6,300,"bu","09:28:55",65200
76,0.5,5000,"sd","09:28:53",64900
76.1,0.6,500,"bu","09:28:46",59900
76.1,0.6,600,"bu","09:27:55",59400
76.1,0.6,200,"bu","09:27:52",58800
76.1,0.6,100,"bu","09:27:05",58600
76,0.5,1000,"sd","09:26:55",58500
76,0.5,100,"sd","09:26:41",57500
76,0.5,400,"sd","09:25:46",57400
76.1,0.6,600,"bu","09:25:32",57000
76,0.5,100,"sd","09:25:29",56400
76.1,0.6,100,"bu","09:23:21",56300
76,0.5,900,"bu","09:23:21",56200
76,0.5,200,"bu","09:23:12",55300
76,0.5,200,"bu","09:22:40",55100
76,0.5,1000,"bu","09:22:22",54900
76,0.5,2000,"bu","09:22:14",53900
76,0.5,200,"bu","09:21:53",51900
75.9,0.4,500,"sd","09:21:49",51700
76,0.5,600,"bu","09:21:29",51200
76,0.5,100,"bu","09:21:12",50600
76,0.5,6500,"sd","09:21:05",50500
76.1,0.6,900,"sd","09:21:05",44000
76.1,0.6,100,"sd","09:20:59",43100
76.1,0.6,200,"sd","09:20:27",43000
76.2,0.7,100,"bu","09:19:59",42800
76.2,0.7,100,"bu","09:19:49",42700
76.1,0.6,1600,"sd","09:19:48",42600
76.2,0.7,100,"bu","09:19:37",41000
76.2,0.7,5900,"sd","09:19:36",40900
76.2,0.7,100,"sd","09:19:31",35000
76.2,0.7,100,"sd","09:19:28",34900
76.3,0.8,100,"bu","09:19:25",34800
76.3,0.8,5100,"bu","09:19:06",34700
76.3,0.8,100,"bu","09:18:53",29600
76.3,0.8,300,"bu","09:18:49",29500
76.2,0.7,200,"sd","09:18:32",29200
76.3,0.8,100,"bu","09:18:22",29000
76.2,0.7,100,"sd","09:18:04",28900
76.3,0.8,7000,"bu","09:18:02",28800
76.3,0.8,100,"bu","09:17:56",21800
76.2,0.7,3000,"sd","09:17:48",21700
76.2,0.7,1700,"bu","09:17:46",18700
76.1,0.6,100,"sd","09:17:42",17000
76.2,0.7,300,"bu","09:17:30",16900
76.2,0.7,100,"bu","09:17:27",16600
76,0.5,2100,"bu","09:16:46",16500
76,0.5,2000,"bu","09:16:37",14400
76,0.5,600,"bu","09:16:12",12400
75.9,0.4,2800,"bu","09:16:11",11800
75.9,0.4,600,"bu","09:15:50",9000
75.8,0.3,100,"sd","09:15:33",8400
75.9,0.4,600,"bu","09:15:26",8300
75.8,0.3,1000,"bu","09:15:20",7700
75.8,0.3,6700,"","09:15:02",6700
