"price","change","match_qtty","side","time","total_vol"
28.2,-0.6,86800,"","14:45:02",2730900
28.3,-0.5,500,"sd","14:30:00",2644100
28.3,-0.5,800,"sd","14:29:56",2643600
28.3,-0.5,20000,"sd","14:29:55",2642800
28.3,-0.5,300,"sd","14:29:53",2622800
28.3,-0.5,3000,"sd","14:29:44",2622500
28.3,-0.5,1500,"sd","14:29:37",2619500
28.3,-0.5,10000,"sd","14:29:27",2618000
28.3,-0.5,5200,"sd","14:29:21",2608000
28.3,-0.5,20300,"sd","14:29:14",2602800
28.3,-0.5,200,"sd","14:29:05",2582500
28.3,-0.5,3000,"sd","14:28:42",2582300
28.3,-0.5,8000,"sd","14:28:09",2579300
28.35,-0.45,100,"bu","14:27:57",2571300
28.35,-0.45,30000,"bu","14:27:26",2571200
28.35,-0.45,3000,"bu","14:27:19",2541200
28.3,-0.5,800,"sd","14:27:07",2538200
28.3,-0.5,400,"sd","14:26:46",2537400
28.3,-0.5,1000,"sd","14:26:38",2537000
28.3,-0.5,700,"sd","14:25:58",2536000
28.35,-0.45,1000,"bu","14:25:51",2535300
28.35,-0.45,700,"bu","14:25:40",2534300
28.35,-0.45,15900,"sd","14:25:33",2533600
28.4,-0.4,3300,"sd","14:25:11",2517700
28.4,-0.4,1700,"bu","14:25:07",2514400
28.35,-0.45,20000,"sd","14:25:00",2512700
28.4,-0.4,4700,"bu","14:24:48",2492700
28.4,-0.4,500,"sd","14:24:39",2488000
28.4,-0.4,1000,"sd","14:24:34",2487500
28.4,-0.4,2000,"sd","14:24:33",2486500
28.4,-0.4,500,"sd","14:24:31",2484500
28.4,-0.4,6000,"bu","14:24:22",2484000
28.4,-0.4,7000,"sd","14:24:15",2478000
28.4,-0.4,2000,"sd","14:23:59",2471000
28.45,-0.35,200,"bu","14:23:31",2469000
28.4,-0.4,600,"sd","14:23:09",2468800
28.45,-0.35,700,"sd","14:23:09",2468200
28.45,-0.35,900,"sd","14:23:03",2467500
28.45,-0.35,1000,"sd","14:23:02",2466600
28.45,-0.35,1900,"sd","14:22:47",2465600
28.45,-0.35,1200,"sd","14:22:45",2463700
28.45,-0.35,13300,"bu","14:22:43",2462500
28.45,-0.35,300,"sd","14:21:40",2449200
28.5,-0.3,100,"bu","14:21:35",2448900
28.45,-0.35,200,"sd","14:21:23",2448800
28.45,-0.35,2000,"sd","14:21:08",2448600
28.45,-0.35,200,"sd","14:21:03",2446600
28.45,-0.35,1000,"sd","14:20:53",2446400
28.45,-0.35,300,"bu","14:20:23",2445400
28.45,-0.35,1800,"sd","14:19:57",2445100
28.45,-0.35,8200,"bu","14:19:44",2443300
28.4,-0.4,100,"sd","14:18:49",2435100
28.4,-0.4,100,"sd","14:18:46",2435000
28.45,-0.35,3400,"sd","14:18:31",2434900
28.45,-0.35,1000,"sd","14:17:58",2431500
28.45,-0.35,300,"sd","14:17:31",2430500
28.45,-0.35,200,"sd","14:16:36",2430200
28.45,-0.35,100,"bu","14:16:28",2430000
28.4,-0.4,1000,"sd","14:15:52",2429900
28.4,-0.4,300,"sd","14:15:30",2428900
28.45,-0.35,800,"sd","14:15:29",2428600
28.45,-0.35,1000,"sd","14:15:24",2427800
28.45,-0.35,4100,"bu","14:14:19",2426800
28.45,-0.35,5000,"bu","14:14:01",2422700
28.4,-0.4,6600,"bu","14:11:38",2417700
28.4,-0.4,2400,"sd","14:11:12",2411100
28.4,-0.4,300,"sd","14:10:34",2408700
28.4,-0.4,200,"sd","14:10:18",2408400
28.4,-0.4,1000,"sd","14:10:04",2408200
28.4,-0.4,1400,"bu","14:09:31",2407200
28.4,-0.4,500,"sd","14:09:20",2405800
28.4,-0.4,1000,"sd","14:08:53",2405300
28.4,-0.4,500,"bu","14:08:36",2404300
28.4,-0.4,100,"bu","14:08:26",2403800
28.4,-0.4,1700,"sd","14:07:56",2403700
28.4,-0.4,300,"bu","14:07:52",2402000
28.4,-0.4,700,"sd","14:07:47",2401700
28.4,-0.4,300,"bu","14:07:36",2401000
28.35,-0.45,2700,"sd","14:06:55",2400700
28.4,-0.4,1000,"bu","14:06:25",2398000
28.4,-0.4,500,"sd","14:06:21",2397000
28.4,-0.4,3000,"sd","14:06:03",2396500
28.4,-0.4,5800,"sd","14:05:16",2393500
28.4,-0.4,2000,"sd","14:05:08",2387700
28.4,-0.4,100,"sd","14:04:40",2385700
28.4,-0.4,500,"sd","14:04:23",2385600
28.4,-0.4,2000,"sd","14:04:12",2385100
28.4,-0.4,500,"sd","14:03:39",2383100
28.4,-0.4,400,"bu","14:03:16",2382600
28.4,-0.4,300,"bu","14:03:11",2382200
28.4,-0.4,2000,"bu","14:03:10",2381900
28.4,-0.4,2000,"bu","14:02:58",2379900
28.4,-0.4,100,"bu","14:02:54",2377900
28.35,-0.45,1800,"bu","14:01:27",2377800
28.35,-0.45,1000,"bu","14:01:26",2376000
28.35,-0.45,1000,"bu","14:01:24",2375000
28.35,-0.45,1900,"bu","14:01:17",2374000
28.35,-0.45,5000,"bu","14:00:56",2372100
28.35,-0.45,5000,"bu","14:00:35",2367100
28.3,-0.5,300,"sd","14:00:10",2362100
28.3,-0.5,200,"sd","13:58:38",2361800
28.3,-0.5,1700,"bu","13:57:23",2361600
28.3,-0.5,1600,"bu","13:57:14",2359900
28.3,-0.5,4000,"bu","13:57:11",2358300
28.3,-0.5,1000,"bu","13:57:07",2354300
28.3,-0.5,10000,"bu","13:56:58",2353300
28.25,-0.55,700,"sd","13:54:30",2343300
28.3,-0.5,1000,"bu","13:53:52",2342600
28.25,-0.55,100,"sd","13:53:38",2341600
28.25,-0.55,500,"sd","13:53:36",2341500
28.25,-0.55,700,"sd","13:52:45",2341000
28.25,-0.55,200,"sd","13:52:10",2340300
28.25,-0.55,2000,"sd","13:52:05",2340100
28.25,-0.55,500,"sd","13:50:38",2338100
28.25,-0.55,500,"sd","13:49:42",2337600
28.25,-0.55,800,"sd","13:49:38",2337100
28.25,-0.55,2400,"bu","13:49:06",2336300
28.2,-0.6,500,"sd","13:48:47",2333900
28.25,-0.55,2400,"sd","13:48:44",2333400
28.25,-0.55,1500,"sd","13:48:42",2331000
28.25,-0.55,2000,"sd","13:48:33",2329500
28.25,-0.55,1000,"sd","13:48:31",2327500
28.25,-0.55,4000,"sd","13:48:25",2326500
28.25,-0.55,100,"sd","13:48:24",2322500
28.25,-0.55,2000,"sd","13:48:15",2322400
28.25,-0.55,300,"sd","13:47:30",2320400
28.25,-0.55,600,"sd","13:47:23",2320100
28.3,-0.5,500,"bu","13:47:01",2319500
28.3,-0.5,100,"bu","13:46:56",2319000
28.3,-0.5,300,"bu","13:46:33",2318900
28.3,-0.5,400,"bu","13:46:19",2318600
28.35,-0.45,1100,"bu","13:43:27",2318200
28.3,-0.5,900,"bu","13:43:27",2317100
28.3,-0.5,100,"bu","13:43:23",2316200
28.3,-0.5,4900,"bu","13:43:01",2316100
28.3,-0.5,3700,"sd","13:41:36",2311200
28.3,-0.5,1300,"sd","13:41:06",2307500
28.3,-0.5,1100,"bu","13:40:58",2306200
28.3,-0.5,8500,"bu","13:40:22",2305100
28.25,-0.55,400,"sd","13:38:51",2296600
28.25,-0.55,3000,"sd","13:38:14",2296200
28.3,-0.5,300,"bu","13:37:46",2293200
28.3,-0.5,1000,"bu","13:37:42",2292900
28.3,-0.5,1500,"bu","13:36:59",2291900
28.3,-0.5,100,"bu","13:36:39",2290400
28.3,-0.5,3300,"sd","13:36:34",2290300
28.3,-0.5,10000,"sd","13:36:18",2287000
28.35,-0.45,100,"bu","13:35:15",2277000
28.35,-0.45,3000,"bu","13:35:05",2276900
28.3,-0.5,10000,"sd","13:35:00",2273900
28.3,-0.5,100,"sd","13:34:47",2263900
28.3,-0.5,1000,"sd","13:34:23",2263800
28.3,-0.5,6000,"sd","13:34:14",2262800
28.3,-0.5,1000,"sd","13:33:29",2256800
28.3,-0.5,200,"sd","13:33:25",2255800
28.3,-0.5,200,"sd","13:32:56",2255600
28.3,-0.5,3500,"bu","13:32:51",2255400
28.3,-0.5,10000,"bu","13:32:43",2251900
28.3,-0.5,200,"bu","13:32:21",2241900
28.25,-0.55,1000,"sd","13:31:51",2241700
28.25,-0.55,500,"sd","13:30:54",2240700
28.25,-0.55,100,"sd","13:30:34",2240200
28.25,-0.55,900,"sd","13:30:17",2240100
28.25,-0.55,100,"sd","13:30:12",2239200
28.25,-0.55,6700,"sd","13:29:09",2239100
28.3,-0.5,1000,"bu","13:29:06",2232400
28.3,-0.5,2000,"bu","13:28:55",2231400
28.25,-0.55,900,"bu","13:27:39",2229400
28.25,-0.55,10000,"bu","13:27:33",2228500
28.25,-0.55,500,"bu","13:26:07",2218500
28.25,-0.55,200,"bu","13:25:59",2218000
28.25,-0.55,200,"bu","13:25:53",2217800
28.25,-0.55,2400,"bu","13:25:53",2217600
28.25,-0.55,300,"bu","13:25:40",2215200
28.25,-0.55,3000,"bu","13:25:02",2214900
28.25,-0.55,900,"sd","13:24:35",2211900
28.25,-0.55,100,"sd","13:24:12",2211000
28.25,-0.55,10000,"sd","13:24:11",2210900
28.25,-0.55,2500,"sd","13:23:44",2200900
28.25,-0.55,1000,"sd","13:23:31",2198400
28.25,-0.55,500,"sd","13:23:17",2197400
28.25,-0.55,2000,"sd","13:23:14",2196900
28.25,-0.55,500,"sd","13:22:47",2194900
28.25,-0.55,2000,"sd","13:22:25",2194400
28.25,-0.55,500,"bu","13:21:38",2192400
28.2,-0.6,100,"sd","13:21:19",2191900
28.2,-0.6,200,"sd","13:21:05",2191800
28.2,-0.6,5000,"sd","13:20:05",2191600
28.2,-0.6,500,"sd","13:18:54",2186600
28.2,-0.6,200,"sd","13:18:01",2186100
28.3,-0.5,1000,"bu","13:17:58",2185900
28.2,-0.6,4600,"sd","13:17:52",2184900
28.25,-0.55,400,"sd","13:17:52",2180300
28.25,-0.55,300,"bu","13:17:51",2179900
28.25,-0.55,500,"bu","13:17:30",2179600
28.2,-0.6,1000,"sd","13:16:50",2179100
28.25,-0.55,300,"sd","13:16:43",2178100
28.2,-0.6,4700,"bu","13:15:55",2177800
28.2,-0.6,200,"bu","13:15:54",2173100
28.2,-0.6,15000,"bu","13:15:52",2172900
28.2,-0.6,3000,"bu","13:15:46",2157900
28.2,-0.6,500,"bu","13:15:45",2154900
28.2,-0.6,100,"bu","13:15:42",2154400
28.2,-0.6,100,"bu","13:15:39",2154300
28.2,-0.6,100,"bu","13:15:35",2154200
28.2,-0.6,1000,"bu","13:15:27",2154100
28.2,-0.6,100,"bu","13:15:13",2153100
28.2,-0.6,100,"bu","13:15:12",2153000
28.2,-0.6,300,"bu","13:15:11",2152900
28.2,-0.6,200,"bu","13:15:00",2152600
28.2,-0.6,1000,"bu","13:14:54",2152400
28.2,-0.6,200,"bu","13:14:53",2151400
28.2,-0.6,100,"bu","13:14:43",2151200
28.2,-0.6,5400,"bu","13:14:33",2151100
28.2,-0.6,400,"bu","13:14:30",2145700
28.2,-0.6,200,"bu","13:14:20",2145300
28.15,-0.65,4100,"sd","13:14:19",2145100
28.2,-0.6,1000,"bu","13:14:14",2141000
28.15,-0.65,1000,"sd","13:14:10",2140000
28.2,-0.6,100,"bu","13:13:53",2139000
28.1,-0.7,3300,"sd","13:11:11",2138900
28.1,-0.7,5000,"sd","13:11:01",2135600
28.1,-0.7,1200,"bu","13:10:36",2130600
28.1,-0.7,1000,"bu","13:10:35",2129400
28.1,-0.7,500,"bu","13:10:35",2128400
28.1,-0.7,2000,"bu","13:10:31",2127900
28.1,-0.7,2000,"bu","13:10:24",2125900
28.1,-0.7,3000,"bu","13:10:19",2123900
28.1,-0.7,700,"bu","13:10:16",2120900
28.1,-0.7,100,"bu","13:09:35",2120200
28.1,-0.7,100,"bu","13:09:23",2120100
28.1,-0.7,10000,"bu","13:08:56",2120000
28.1,-0.7,100,"bu","13:08:50",2110000
28.1,-0.7,100,"bu","13:08:31",2109900
28.1,-0.7,200,"bu","13:08:26",2109800
28.1,-0.7,500,"bu","13:08:24",2109600
28.05,-0.75,100,"sd","13:08:11",2109100
28.1,-0.7,300,"bu","13:07:54",2109000
28.1,-0.7,2900,"bu","13:07:44",2108700
28.1,-0.7,1000,"bu","13:07:15",2105800
28.05,-0.75,10000,"sd","13:06:10",2104800
28.1,-0.7,1000,"bu","13:06:05",2094800
28.1,-0.7,100,"bu","13:05:48",2093800
28.1,-0.7,3300,"sd","13:05:42",2093700
28.1,-0.7,800,"sd","13:05:34",2090400
28.1,-0.7,400,"sd","13:05:26",2089600
28.1,-0.7,8600,"bu","13:04:50",2089200
28.05,-0.75,200,"sd","13:04:45",2080600
28.05,-0.75,3700,"sd","13:04:44",2080400
28.1,-0.7,100,"bu","13:03:49",2076700
28.1,-0.7,100,"bu","13:03:42",2076600
28.1,-0.7,2000,"bu","13:03:39",2076500
28.1,-0.7,600,"bu","13:03:32",2074500
28.1,-0.7,3300,"bu","13:03:30",2073900
28.1,-0.7,500,"sd","13:03:24",2070600
28.1,-0.7,200,"sd","13:02:58",2070100
28.1,-0.7,2300,"bu","13:02:57",2069900
28.1,-0.7,13300,"sd","13:02:55",2067600
28.2,-0.6,200,"sd","13:02:48",2054300
28.2,-0.6,100,"sd","13:01:59",2054100
28.2,-0.6,2000,"sd","13:01:41",2054000
28.25,-0.55,100,"sd","13:01:13",2052000
28.25,-0.55,100,"sd","13:00:41",2051900
28.3,-0.5,3000,"bu","13:00:27",2051800
28.3,-0.5,500,"bu","13:00:20",2048800
28.3,-0.5,500,"bu","13:00:06",2048300
28.3,-0.5,100,"bu","13:00:04",2047800
28.3,-0.5,1000,"bu","13:00:03",2047700
28.2,-0.6,1000,"sd","13:00:01",2046700
28.25,-0.55,3000,"sd","13:00:01",2045700
28.3,-0.5,3400,"sd","13:00:00",2042700
28.35,-0.45,100,"bu","13:00:00",2039300
28.3,-0.5,100,"sd","13:00:00",2039200
28.35,-0.45,1000,"bu","11:29:44",2039100
28.35,-0.45,3000,"bu","11:29:17",2038100
28.35,-0.45,1500,"bu","11:29:03",2035100
28.35,-0.45,300,"bu","11:28:10",2033600
28.35,-0.45,1000,"bu","11:28:07",2033300
28.3,-0.5,1300,"bu","11:27:00",2032300
28.3,-0.5,500,"bu","11:26:51",2031000
28.3,-0.5,1100,"bu","11:26:49",2030500
28.3,-0.5,500,"bu","11:26:34",2029400
28.3,-0.5,500,"bu","11:26:17",2028900
28.3,-0.5,600,"bu","11:26:07",2028400
28.2,-0.6,300,"sd","11:25:15",2027800
28.2,-0.6,1300,"bu","11:24:50",2027500
28.2,-0.6,1800,"bu","11:24:25",2026200
28.1,-0.7,1000,"sd","11:24:24",2024400
28.2,-0.6,200,"bu","11:24:18",2023400
28.2,-0.6,1400,"bu","11:24:16",2023200
28.1,-0.7,1800,"bu","11:23:56",2021800
28.1,-0.7,100,"bu","11:23:54",2020000
28.1,-0.7,100,"bu","11:23:46",2019900
28.1,-0.7,1000,"bu","11:23:44",2019800
28.1,-0.7,2000,"bu","11:23:38",2018800
28.1,-0.7,1000,"bu","11:23:30",2016800
28.1,-0.7,6000,"bu","11:23:29",2015800
28.1,-0.7,1000,"bu","11:23:29",2009800
28.1,-0.7,1900,"bu","11:23:19",2008800
28.1,-0.7,2200,"bu","11:23:02",2006900
28.1,-0.7,200,"bu","11:22:34",2004700
28.1,-0.7,4000,"bu","11:22:20",2004500
28.05,-0.75,100,"sd","11:22:02",2000500
28.05,-0.75,700,"bu","11:22:00",2000400
28,-0.8,800,"sd","11:21:58",1999700
28,-0.8,300,"sd","11:21:57",1998900
28,-0.8,1000,"sd","11:21:47",1998600
28,-0.8,600,"sd","11:21:37",1997600
28,-0.8,2000,"sd","11:21:12",1997000
28,-0.8,100,"bu","11:21:10",1995000
28,-0.8,500,"bu","11:21:06",1994900
28,-0.8,300,"sd","11:21:05",1994400
28.05,-0.75,100,"sd","11:21:05",1994100
28,-0.8,200,"bu","11:20:53",1994000
28,-0.8,300,"bu","11:20:49",1993800
28,-0.8,7300,"bu","11:20:46",1993500
28,-0.8,200,"bu","11:20:33",1986200
27.95,-0.85,3000,"sd","11:20:27",1986000
27.95,-0.85,1300,"bu","11:20:15",1983000
27.95,-0.85,900,"bu","11:20:15",1981700
27.95,-0.85,300,"bu","11:20:13",1980800
27.9,-0.9,800,"sd","11:20:10",1980500
27.95,-0.85,100,"bu","11:20:03",1979700
27.95,-0.85,800,"bu","11:19:59",1979600
27.95,-0.85,200,"bu","11:19:55",1978800
27.95,-0.85,100,"bu","11:19:44",1978600
27.9,-0.9,5000,"sd","11:19:32",1978500
27.95,-0.85,2000,"bu","11:19:31",1973500
27.95,-0.85,500,"bu","11:19:30",1971500
27.9,-0.9,5000,"sd","11:19:29",1971000
27.9,-0.9,100,"sd","11:19:25",1966000
27.9,-0.9,1000,"sd","11:19:07",1965900
27.9,-0.9,1000,"sd","11:19:04",1964900
27.9,-0.9,3100,"bu","11:18:57",1963900
27.85,-0.95,1500,"sd","11:18:57",1960800
27.9,-0.9,14400,"sd","11:18:54",1959300
27.9,-0.9,100,"sd","11:18:50",1944900
27.9,-0.9,1500,"sd","11:18:42",1944800
27.95,-0.85,100,"bu","11:18:41",1943300
27.95,-0.85,2300,"bu","11:18:40",1943200
27.95,-0.85,1000,"bu","11:18:37",1940900
27.95,-0.85,300,"bu","11:18:35",1939900
27.95,-0.85,200,"bu","11:18:19",1939600
28,-0.8,100,"bu","11:18:14",1939400
28,-0.8,1000,"bu","11:18:12",1939300
28,-0.8,3000,"sd","11:18:10",1938300
28.05,-0.75,1000,"sd","11:18:07",1935300
28,-0.8,7000,"sd","11:18:02",1934300
27.9,-0.9,4100,"sd","11:17:55",1927300
27.95,-0.85,200,"sd","11:17:55",1923200
28,-0.8,4200,"sd","11:17:55",1923000
28,-0.8,900,"bu","11:17:49",1918800
28,-0.8,21100,"sd","11:17:45",1917900
28,-0.8,4000,"sd","11:17:32",1896800
28,-0.8,25000,"sd","11:17:31",1892800
28,-0.8,21200,"sd","11:17:16",1867800
28.05,-0.75,3300,"sd","11:17:16",1846600
28.05,-0.75,10500,"sd","11:17:16",1843300
28.1,-0.7,1000,"bu","11:17:13",1832800
28.1,-0.7,100,"bu","11:17:13",1831800
28.1,-0.7,400,"bu","11:17:11",1831700
28.1,-0.7,500,"bu","11:17:05",1831300
28.1,-0.7,100,"bu","11:17:04",1830800
28.1,-0.7,1000,"bu","11:17:00",1830700
28.1,-0.7,600,"sd","11:16:57",1829700
28.1,-0.7,4400,"bu","11:16:51",1829100
28.1,-0.7,1200,"bu","11:16:46",1824700
28.1,-0.7,100,"bu","11:16:42",1823500
28.1,-0.7,100,"bu","11:16:41",1823400
28.1,-0.7,100,"bu","11:16:40",1823300
28.1,-0.7,6700,"sd","11:16:31",1823200
28.1,-0.7,600,"sd","11:16:16",1816500
28.1,-0.7,700,"sd","11:16:15",1815900
28.1,-0.7,200,"sd","11:16:14",1815200
28.15,-0.65,100,"bu","11:16:13",1815000
28.15,-0.65,5200,"sd","11:16:11",1814900
28.15,-0.65,4600,"sd","11:16:08",1809700
28.15,-0.65,1300,"sd","11:16:01",1805100
28.2,-0.6,700,"sd","11:16:01",1803800
28.2,-0.6,1400,"sd","11:15:51",1803100
28.2,-0.6,100,"sd","11:15:50",1801700
28.2,-0.6,5000,"sd","11:15:50",1801600
28.2,-0.6,600,"sd","11:15:44",1796600
28.25,-0.55,100,"bu","11:15:39",1796000
28.25,-0.55,5400,"sd","11:15:35",1795900
28.25,-0.55,5000,"sd","11:14:50",1790500
28.3,-0.5,600,"sd","11:14:42",1785500
28.3,-0.5,11100,"sd","11:14:42",1784900
28.3,-0.5,5000,"sd","11:14:30",1773800
28.3,-0.5,21000,"sd","11:14:26",1768800
28.35,-0.45,200,"sd","11:14:08",1747800
28.35,-0.45,100,"bu","11:14:06",1747600
28.35,-0.45,1000,"bu","11:14:03",1747500
28.35,-0.45,2900,"sd","11:13:58",1746500
28.35,-0.45,500,"sd","11:13:47",1743600
28.35,-0.45,2300,"sd","11:13:30",1743100
28.4,-0.4,1700,"sd","11:13:30",1740800
28.4,-0.4,100,"sd","11:13:22",1739100
28.4,-0.4,8100,"sd","11:13:09",1739000
28.4,-0.4,2000,"sd","11:13:02",1730900
28.4,-0.4,300,"sd","11:13:01",1728900
28.4,-0.4,7900,"sd","11:12:51",1728600
28.45,-0.35,100,"bu","11:12:38",1720700
28.45,-0.35,200,"bu","11:11:42",1720600
28.45,-0.35,500,"sd","11:10:54",1720400
28.45,-0.35,2000,"sd","11:10:49",1719900
28.45,-0.35,2000,"sd","11:10:47",1717900
28.45,-0.35,4900,"sd","11:10:28",1715900
28.45,-0.35,2000,"sd","11:10:24",1711000
28.45,-0.35,1500,"sd","11:10:24",1709000
28.45,-0.35,7600,"bu","11:10:20",1707500
28.45,-0.35,500,"bu","11:10:09",1699900
28.4,-0.4,500,"sd","11:10:03",1699400
28.45,-0.35,5000,"bu","11:10:00",1698900
28.4,-0.4,1000,"sd","11:09:08",1693900
28.4,-0.4,1500,"sd","11:09:04",1692900
28.45,-0.35,200,"bu","11:08:38",1691400
28.45,-0.35,100,"bu","11:08:10",1691200
28.45,-0.35,600,"bu","11:07:32",1691100
28.45,-0.35,500,"bu","11:07:26",1690500
28.45,-0.35,5000,"bu","11:06:13",1690000
28.4,-0.4,100,"sd","11:05:54",1685000
28.45,-0.35,3800,"sd","11:05:30",1684900
28.45,-0.35,200,"bu","11:05:20",1681100
28.4,-0.4,2900,"bu","11:04:12",1680900
28.4,-0.4,1000,"bu","11:04:11",1678000
28.4,-0.4,2000,"bu","11:04:09",1677000
28.4,-0.4,500,"bu","11:04:03",1675000
28.4,-0.4,1400,"bu","11:03:57",1674500
28.4,-0.4,1500,"bu","11:03:54",1673100
28.4,-0.4,500,"bu","11:03:46",1671600
28.4,-0.4,2100,"bu","11:03:46",1671100
28.4,-0.4,1000,"bu","11:03:42",1669000
28.4,-0.4,5000,"bu","11:03:16",1668000
28.35,-0.45,200,"sd","11:02:57",1663000
28.4,-0.4,400,"bu","11:02:55",1662800
28.4,-0.4,5000,"bu","11:02:48",1662400
28.4,-0.4,14900,"sd","11:02:37",1657400
28.45,-0.35,2500,"sd","11:02:37",1642500
28.5,-0.3,100,"bu","11:02:25",1640000
28.45,-0.35,6400,"sd","11:02:11",1639900
28.45,-0.35,200,"sd","11:01:50",1633500
28.5,-0.3,1200,"bu","11:01:41",1633300
28.5,-0.3,100,"bu","11:01:36",1632100
28.5,-0.3,300,"bu","11:01:19",1632000
28.5,-0.3,1000,"bu","11:01:04",1631700
28.45,-0.35,8000,"bu","11:00:53",1630700
28.45,-0.35,100,"bu","11:00:51",1622700
28.45,-0.35,2000,"bu","11:00:39",1622600
28.45,-0.35,1300,"bu","11:00:38",1620600
28.45,-0.35,200,"bu","11:00:35",1619300
28.45,-0.35,500,"bu","11:00:33",1619100
28.4,-0.4,200,"bu","11:00:02",1618600
28.4,-0.4,1000,"bu","11:00:01",1618400
28.4,-0.4,1000,"bu","10:59:58",1617400
28.4,-0.4,3000,"bu","10:59:51",1616400
28.35,-0.45,400,"sd","10:59:39",1613400
28.35,-0.45,7900,"bu","10:59:39",1613000
28.35,-0.45,1000,"bu","10:59:37",1605100
28.35,-0.45,200,"bu","10:59:31",1604100
28.35,-0.45,500,"bu","10:59:30",1603900
28.35,-0.45,1000,"bu","10:59:29",1603400
28.35,-0.45,700,"bu","10:59:24",1602400
28.35,-0.45,500,"bu","10:59:22",1601700
28.35,-0.45,500,"bu","10:59:19",1601200
28.35,-0.45,3300,"bu","10:59:19",1600700
28.35,-0.45,1000,"bu","10:59:17",1597400
28.35,-0.45,4500,"sd","10:59:10",1596400
28.4,-0.4,100,"bu","10:59:09",1591900
28.35,-0.45,2000,"sd","10:59:06",1591800
28.35,-0.45,500,"sd","10:58:59",1589800
28.35,-0.45,1000,"sd","10:58:47",1589300
28.4,-0.4,500,"bu","10:58:45",1588300
28.35,-0.45,100,"sd","10:58:14",1587800
28.4,-0.4,1000,"bu","10:58:13",1587700
28.35,-0.45,100,"sd","10:58:08",1586700
28.35,-0.45,1300,"bu","10:58:06",1586600
28.3,-0.5,500,"sd","10:57:57",1585300
28.3,-0.5,4000,"bu","10:57:52",1584800
28.3,-0.5,6100,"sd","10:57:48",1580800
28.3,-0.5,5000,"sd","10:57:39",1574700
28.3,-0.5,100,"sd","10:57:31",1569700
28.35,-0.45,3900,"sd","10:57:31",1569600
28.35,-0.45,2700,"sd","10:57:29",1565700
28.4,-0.4,4200,"sd","10:57:26",1563000
28.4,-0.4,7700,"sd","10:57:23",1558800
28.4,-0.4,1000,"sd","10:57:12",1551100
28.4,-0.4,2000,"sd","10:57:10",1550100
28.4,-0.4,2800,"sd","10:57:04",1548100
28.45,-0.35,7200,"sd","10:57:04",1545300
28.5,-0.3,2000,"bu","10:57:01",1538100
28.45,-0.35,3600,"sd","10:56:59",1536100
28.5,-0.3,500,"bu","10:56:55",1532500
28.5,-0.3,100,"bu","10:56:41",1532000
28.4,-0.4,3500,"sd","10:56:32",1531900
28.45,-0.35,1400,"sd","10:56:32",1528400
28.45,-0.35,500,"sd","10:56:31",1527000
28.45,-0.35,600,"sd","10:56:28",1526500
28.45,-0.35,3000,"sd","10:56:21",1525900
28.45,-0.35,100,"sd","10:56:12",1522900
28.45,-0.35,5000,"sd","10:56:05",1522800
28.45,-0.35,500,"bu","10:55:59",1517800
28.45,-0.35,200,"sd","10:55:56",1517300
28.45,-0.35,200,"sd","10:55:49",1517100
28.45,-0.35,1600,"sd","10:55:36",1516900
28.4,-0.4,5000,"bu","10:55:35",1515300
28.4,-0.4,2700,"sd","10:55:33",1510300
28.45,-0.35,3300,"sd","10:55:33",1507600
28.45,-0.35,100,"sd","10:55:30",1504300
28.45,-0.35,1000,"sd","10:55:22",1504200
28.5,-0.3,500,"bu","10:55:20",1503200
28.45,-0.35,5600,"bu","10:55:20",1502700
28.45,-0.35,800,"bu","10:55:06",1497100
28.4,-0.4,1000,"sd","10:55:06",1496300
28.45,-0.35,10000,"bu","10:55:00",1495300
28.45,-0.35,5100,"sd","10:54:58",1485300
28.5,-0.3,500,"bu","10:54:57",1480200
28.5,-0.3,400,"sd","10:54:57",1479700
28.5,-0.3,5000,"sd","10:54:55",1479300
28.55,-0.25,1000,"sd","10:54:54",1474300
28.55,-0.25,2000,"sd","10:54:52",1473300
28.55,-0.25,3000,"bu","10:54:49",1471300
28.5,-0.3,2000,"sd","10:54:46",1468300
28.5,-0.3,1000,"sd","10:54:44",1466300
28.5,-0.3,13500,"sd","10:54:42",1465300
28.5,-0.3,23100,"sd","10:54:41",1451800
28.55,-0.25,5400,"sd","10:54:41",1428700
28.55,-0.25,4600,"bu","10:54:39",1423300
28.5,-0.3,15800,"sd","10:54:38",1418700
28.5,-0.3,1000,"sd","10:54:35",1402900
28.5,-0.3,2000,"sd","10:54:32",1401900
28.5,-0.3,2000,"sd","10:54:31",1399900
28.5,-0.3,3500,"sd","10:54:20",1397900
28.55,-0.25,3800,"sd","10:54:20",1394400
28.6,-0.2,1000,"bu","10:54:14",1390600
28.6,-0.2,1600,"sd","10:54:13",1389600
28.6,-0.2,100,"sd","10:54:12",1388000
28.6,-0.2,1800,"sd","10:54:12",1387900
28.6,-0.2,5000,"sd","10:54:09",1386100
28.6,-0.2,8000,"sd","10:54:07",1381100
28.6,-0.2,10000,"sd","10:54:07",1373100
28.6,-0.2,400,"sd","10:54:05",1363100
28.65,-0.15,300,"bu","10:53:56",1362700
28.65,-0.15,100,"bu","10:53:53",1362400
28.6,-0.2,6700,"sd","10:53:52",1362300
28.6,-0.2,100,"sd","10:53:48",1355600
28.6,-0.2,700,"sd","10:53:46",1355500
28.6,-0.2,5000,"sd","10:53:44",1354800
28.7,-0.1,5000,"bu","10:53:42",1349800
28.65,-0.15,4700,"sd","10:53:37",1344800
28.65,-0.15,10000,"sd","10:53:31",1340100
28.7,-0.1,19900,"sd","10:53:16",1330100
28.7,-0.1,2400,"sd","10:52:57",1310200
28.7,-0.1,2000,"sd","10:52:21",1307800
28.75,-0.05,4800,"sd","10:48:49",1305800
28.75,-0.05,200,"bu","10:48:46",1301000
28.75,-0.05,600,"sd","10:48:08",1300800
28.75,-0.05,400,"bu","10:48:01",1300200
28.75,-0.05,500,"bu","10:47:51",1299800
28.75,-0.05,3000,"bu","10:47:50",1299300
28.75,-0.05,3000,"bu","10:46:35",1296300
28.75,-0.05,1000,"bu","10:46:32",1293300
28.75,-0.05,2000,"bu","10:46:11",1292300
28.75,-0.05,1800,"bu","10:45:55",1290300
28.7,-0.1,2000,"sd","10:44:54",1288500
28.7,-0.1,1800,"bu","10:44:35",1286500
28.7,-0.1,300,"bu","10:43:40",1284700
28.7,-0.1,400,"bu","10:43:39",1284400
28.7,-0.1,100,"bu","10:43:36",1284000
28.7,-0.1,2000,"bu","10:43:10",1283900
28.7,-0.1,200,"bu","10:42:43",1281900
28.7,-0.1,1200,"sd","10:42:35",1281700
28.7,-0.1,4300,"bu","10:42:16",1280500
28.7,-0.1,500,"bu","10:42:15",1276200
28.7,-0.1,200,"sd","10:41:43",1275700
28.7,-0.1,600,"bu","10:41:39",1275500
28.65,-0.15,200,"bu","10:41:39",1274900
28.65,-0.15,4800,"sd","10:41:37",1274700
28.7,-0.1,5000,"bu","10:41:27",1269900
28.65,-0.15,600,"bu","10:41:10",1264900
28.65,-0.15,1000,"bu","10:40:55",1264300
28.65,-0.15,8800,"sd","10:40:37",1263300
28.65,-0.15,100,"sd","10:40:31",1254500
28.65,-0.15,300,"sd","10:39:44",1254400
28.7,-0.1,100,"sd","10:39:10",1254100
28.7,-0.1,5300,"sd","10:39:09",1254000
28.7,-0.1,500,"sd","10:37:15",1248700
28.6,-0.2,17800,"sd","10:37:12",1248200
28.65,-0.15,9900,"sd","10:37:12",1230400
28.7,-0.1,2300,"sd","10:37:12",1220500
28.7,-0.1,500,"sd","10:34:46",1218200
28.7,-0.1,9500,"sd","10:34:19",1217700
28.75,-0.05,11100,"sd","10:34:19",1208200
28.75,-0.05,20000,"sd","10:33:59",1197100
28.8,0,500,"bu","10:33:50",1177100
28.8,0,3700,"sd","10:33:45",1176600
28.8,0,200,"sd","10:33:44",1172900
28.8,0,1000,"sd","10:33:42",1172700
28.8,0,20400,"sd","10:33:37",1171700
28.8,0,100,"sd","10:33:27",1151300
28.8,0,20000,"sd","10:33:21",1151200
28.8,0,10000,"sd","10:32:52",1131200
28.85,0.05,1000,"bu","10:30:54",1121200
28.85,0.05,4800,"bu","10:29:10",1120200
28.85,0.05,1200,"sd","10:28:56",1115400
28.85,0.05,900,"bu","10:28:38",1114200
28.85,0.05,2000,"bu","10:28:14",1113300
28.85,0.05,2000,"bu","10:28:11",1111300
28.85,0.05,2000,"bu","10:27:01",1109300
28.8,0,400,"sd","10:25:50",1107300
28.85,0.05,900,"sd","10:25:28",1106900
28.85,0.05,100,"bu","10:25:14",1106000
28.85,0.05,1000,"bu","10:25:01",1105900
28.85,0.05,100,"bu","10:24:59",1104900
28.85,0.05,1000,"bu","10:24:57",1104800
28.85,0.05,9100,"sd","10:24:11",1103800
28.85,0.05,1400,"bu","10:22:26",1094700
28.85,0.05,14200,"sd","10:21:36",1093300
28.9,0.1,700,"bu","10:20:59",1079100
28.9,0.1,500,"bu","10:20:28",1078400
28.85,0.05,1400,"bu","10:18:26",1077900
28.85,0.05,500,"bu","10:18:20",1076500
28.85,0.05,100,"sd","10:15:00",1076000
28.9,0.1,4400,"bu","10:13:27",1075900
28.85,0.05,600,"bu","10:13:27",1071500
28.85,0.05,300,"bu","10:13:02",1070900
28.85,0.05,500,"bu","10:12:53",1070600
28.85,0.05,800,"bu","10:12:39",1070100
28.85,0.05,100,"bu","10:11:49",1069300
28.85,0.05,100,"sd","10:08:43",1069200
28.8,0,100,"sd","10:07:59",1069100
28.8,0,500,"sd","10:05:23",1069000
28.8,0,400,"bu","10:05:22",1068500
28.8,0,100,"bu","10:05:15",1068100
28.8,0,9500,"sd","10:05:11",1068000
28.8,0,2300,"sd","10:04:50",1058500
28.8,0,8300,"sd","10:04:50",1056200
28.85,0.05,3400,"sd","10:04:50",1047900
28.9,0.1,2000,"bu","10:03:51",1044500
28.85,0.05,10000,"sd","10:03:48",1042500
28.9,0.1,4900,"sd","10:03:11",1032500
28.9,0.1,1000,"sd","10:03:06",1027600
28.9,0.1,100,"sd","10:03:06",1026600
28.9,0.1,2000,"sd","10:02:32",1026500
28.9,0.1,500,"sd","10:02:30",1024500
28.9,0.1,1000,"sd","10:02:29",1024000
28.9,0.1,300,"bu","10:02:06",1023000
28.9,0.1,700,"sd","10:02:03",1022700
28.95,0.15,1000,"bu","10:02:02",1022000
28.95,0.15,400,"bu","10:01:47",1021000
28.95,0.15,1000,"bu","10:01:43",1020600
28.9,0.1,15000,"sd","10:01:15",1019600
28.95,0.15,5300,"bu","10:00:48",1004600
28.95,0.15,4000,"bu","10:00:41",999300
28.95,0.15,2000,"bu","10:00:25",995300
28.9,0.1,100,"sd","10:00:07",993300
28.95,0.15,1000,"bu","09:59:44",993200
28.95,0.15,100,"bu","09:59:35",992200
28.9,0.1,100,"sd","09:59:33",992100
28.95,0.15,5000,"bu","09:59:26",992000
28.95,0.15,2000,"bu","09:58:57",987000
28.95,0.15,1000,"bu","09:58:54",985000
28.95,0.15,200,"bu","09:58:45",984000
28.95,0.15,800,"bu","09:58:43",983800
28.95,0.15,100,"bu","09:58:23",983000
28.9,0.1,100,"sd","09:56:34",982900
28.9,0.1,7800,"sd","09:56:23",982800
28.9,0.1,1000,"sd","09:55:58",975000
28.9,0.1,600,"sd","09:55:32",974000
28.9,0.1,200,"sd","09:55:18",973400
28.95,0.15,2000,"bu","09:55:15",973200
28.9,0.1,300,"sd","09:54:52",971200
28.9,0.1,200,"sd","09:54:52",970900
28.9,0.1,300,"sd","09:54:45",970700
28.9,0.1,100,"sd","09:54:33",970400
28.9,0.1,100,"sd","09:54:08",970300
28.9,0.1,100,"sd","09:53:36",970200
28.9,0.1,2200,"bu","09:53:35",970100
28.9,0.1,5000,"sd","09:53:30",967900
28.9,0.1,2800,"sd","09:53:30",962900
28.9,0.1,3000,"sd","09:53:15",960100
28.95,0.15,2000,"sd","09:53:15",957100
28.9,0.1,10000,"sd","09:53:07",955100
28.9,0.1,500,"sd","09:52:57",945100
29,0.2,100,"bu","09:52:50",944600
29,0.2,26900,"sd","09:52:46",944500
29,0.2,200,"sd","09:52:45",917600
29.05,0.25,100,"bu","09:52:32",917400
29.05,0.25,500,"bu","09:52:31",917300
29.05,0.25,2000,"bu","09:52:15",916800
29.05,0.25,100,"bu","09:52:10",914800
29.05,0.25,2500,"bu","09:51:56",914700
29.05,0.25,1000,"bu","09:51:55",912200
29.05,0.25,15300,"sd","09:51:50",911200
29.1,0.3,2500,"bu","09:51:49",895900
29.05,0.25,10000,"sd","09:51:43",893400
29.1,0.3,400,"bu","09:51:17",883400
29.1,0.3,1500,"bu","09:51:17",883000
29.1,0.3,900,"bu","09:51:04",881500
29.1,0.3,500,"bu","09:50:54",880600
29.1,0.3,2500,"bu","09:50:53",880100
29.05,0.25,100,"sd","09:50:45",877600
29.1,0.3,3000,"bu","09:50:40",877500
29.1,0.3,1000,"bu","09:50:35",874500
29.1,0.3,500,"sd","09:50:24",873500
29.1,0.3,10000,"sd","09:50:21",873000
29.15,0.35,1500,"bu","09:50:14",863000
29.15,0.35,4100,"bu","09:50:06",861500
29.15,0.35,2000,"bu","09:49:59",857400
29.1,0.3,1700,"sd","09:49:54",855400
29.15,0.35,2000,"bu","09:49:53",853700
29.1,0.3,1000,"bu","09:49:40",851700
29.1,0.3,500,"bu","09:49:31",850700
29.1,0.3,43500,"sd","09:49:30",850200
29.15,0.35,2000,"bu","09:49:24",806700
29.15,0.35,13200,"sd","09:49:23",804700
29.15,0.35,500,"sd","09:49:21",791500
29.15,0.35,600,"bu","09:49:16",791000
29.15,0.35,100,"sd","09:49:06",790400
29.15,0.35,2000,"sd","09:49:06",790300
29.2,0.4,500,"bu","09:49:05",788300
29.15,0.35,10300,"bu","09:49:01",787800
29.1,0.3,200,"sd","09:48:54",777500
29.15,0.35,3000,"bu","09:48:54",777300
29.15,0.35,1000,"bu","09:48:46",774300
29.15,0.35,2100,"bu","09:48:44",773300
29.15,0.35,2300,"bu","09:48:41",771200
29.15,0.35,4500,"bu","09:48:40",768900
29.15,0.35,4000,"bu","09:48:30",764400
29.1,0.3,15400,"bu","09:48:25",760400
29.1,0.3,200,"bu","09:48:24",745000
29.05,0.25,1000,"sd","09:48:22",744800
29.1,0.3,5000,"bu","09:48:22",743800
29.1,0.3,4600,"bu","09:48:20",738800
29.1,0.3,200,"bu","09:48:19",734200
29.1,0.3,1200,"bu","09:48:18",734000
29.1,0.3,400,"bu","09:48:10",732800
29.1,0.3,3000,"bu","09:48:09",732400
29.1,0.3,5000,"bu","09:48:08",729400
29.1,0.3,15000,"bu","09:48:05",724400
29.1,0.3,4000,"bu","09:48:03",709400
29.1,0.3,2300,"bu","09:48:00",705400
29.1,0.3,10000,"bu","09:47:59",703100
29.05,0.25,500,"sd","09:47:51",693100
29.1,0.3,5000,"bu","09:47:40",692600
29.1,0.3,500,"bu","09:47:38",687600
29.05,0.25,100,"sd","09:47:37",687100
29.05,0.25,1700,"bu","09:47:36",687000
29.05,0.25,8600,"sd","09:47:33",685300
29.05,0.25,11400,"bu","09:47:32",676700
29.05,0.25,9300,"bu","09:47:26",665300
29.05,0.25,2100,"bu","09:47:20",656000
29.05,0.25,1000,"bu","09:47:16",653900
29.05,0.25,2800,"sd","09:47:12",652900
29.05,0.25,200,"sd","09:47:11",650100
29.05,0.25,500,"sd","09:47:06",649900
29.05,0.25,9900,"bu","09:47:00",649400
29.05,0.25,1000,"bu","09:46:59",639500
29,0.2,7600,"bu","09:46:55",638500
29,0.2,1500,"bu","09:46:53",630900
29,0.2,1000,"bu","09:46:52",629400
29,0.2,1000,"bu","09:46:48",628400
29,0.2,3100,"bu","09:46:46",627400
29,0.2,29000,"bu","09:46:45",624300
29,0.2,30000,"bu","09:46:43",595300
29,0.2,4400,"bu","09:46:40",565300
29,0.2,1000,"bu","09:46:39",560900
29,0.2,500,"bu","09:46:36",559900
29,0.2,100,"bu","09:46:31",559400
29,0.2,4100,"bu","09:46:30",559300
28.95,0.15,6600,"bu","09:46:30",555200
28.95,0.15,400,"bu","09:46:29",548600
28.95,0.15,13000,"sd","09:46:28",548200
29,0.2,500,"bu","09:46:26",535200
29,0.2,3000,"bu","09:46:24",534700
29,0.2,600,"bu","09:46:20",531700
29,0.2,1000,"bu","09:46:15",531100
29,0.2,100,"bu","09:46:14",530100
28.95,0.15,2800,"bu","09:46:00",530000
28.95,0.15,200,"bu","09:45:59",527200
28.95,0.15,500,"bu","09:45:59",527000
28.9,0.1,10000,"sd","09:45:58",526500
28.95,0.15,10500,"bu","09:45:54",516500
28.95,0.15,2000,"bu","09:45:53",506000
28.95,0.15,500,"bu","09:45:48",504000
28.95,0.15,500,"bu","09:45:48",503500
28.9,0.1,100,"sd","09:45:47",503000
28.95,0.15,100,"bu","09:45:44",502900
28.9,0.1,100,"sd","09:45:42",502800
28.95,0.15,3700,"bu","09:45:40",502700
28.95,0.15,5000,"bu","09:45:36",499000
28.95,0.15,100,"bu","09:45:34",494000
28.9,0.1,1400,"bu","09:45:28",493900
28.9,0.1,14100,"bu","09:45:21",492500
28.9,0.1,800,"bu","09:45:20",478400
28.9,0.1,3500,"bu","09:45:20",477600
28.9,0.1,4000,"bu","09:45:11",474100
28.85,0.05,10000,"sd","09:45:06",470100
28.9,0.1,1900,"bu","09:45:00",460100
28.9,0.1,5000,"bu","09:44:48",458200
28.85,0.05,8300,"sd","09:44:44",453200
28.85,0.05,300,"sd","09:44:26",444900
28.9,0.1,4600,"bu","09:44:20",444600
28.9,0.1,11900,"bu","09:44:18",440000
28.85,0.05,8100,"bu","09:44:18",428100
28.85,0.05,7400,"bu","09:44:15",420000
28.85,0.05,500,"bu","09:44:09",412600
28.85,0.05,2900,"bu","09:44:00",412100
28.85,0.05,1000,"bu","09:43:59",409200
28.85,0.05,500,"bu","09:43:52",408200
28.85,0.05,5000,"bu","09:43:46",407700
28.8,0,100,"sd","09:43:46",402700
28.8,0,5800,"bu","09:43:41",402600
28.8,0,7100,"bu","09:43:40",396800
28.8,0,10000,"bu","09:43:38",389700
28.8,0,3000,"bu","09:43:38",379700
28.8,0,6000,"bu","09:43:35",376700
28.8,0,8700,"bu","09:43:34",370700
28.8,0,10000,"bu","09:43:31",362000
28.8,0,10000,"bu","09:43:25",352000
28.8,0,400,"bu","09:43:00",342000
28.8,0,3000,"bu","09:42:58",341600
28.75,-0.05,2000,"sd","09:42:35",338600
28.75,-0.05,100,"sd","09:41:54",336600
28.8,0,10000,"bu","09:41:45",336500
28.8,0,500,"bu","09:41:39",326500
28.75,-0.05,100,"sd","09:41:20",326000
28.75,-0.05,400,"bu","09:41:15",325900
28.75,-0.05,2900,"bu","09:41:00",325500
28.75,-0.05,6700,"bu","09:40:56",322600
28.75,-0.05,13200,"bu","09:40:56",315900
28.7,-0.1,2000,"sd","09:39:47",302700
28.7,-0.1,100,"sd","09:39:30",300700
28.7,-0.1,200,"sd","09:39:29",300600
28.7,-0.1,800,"sd","09:39:09",300400
28.7,-0.1,7200,"bu","09:38:14",299600
28.7,-0.1,100,"bu","09:37:48",292400
28.7,-0.1,100,"bu","09:37:45",292300
28.7,-0.1,400,"bu","09:37:20",292200
28.7,-0.1,1300,"sd","09:37:15",291800
28.7,-0.1,1500,"sd","09:37:01",290500
28.7,-0.1,100,"sd","09:36:33",289000
28.7,-0.1,8300,"bu","09:36:25",288900
28.7,-0.1,100,"bu","09:36:00",280600
28.7,-0.1,800,"bu","09:35:40",280500
28.7,-0.1,5000,"bu","09:35:25",279700
28.7,-0.1,700,"bu","09:35:20",274700
28.7,-0.1,5000,"sd","09:35:01",274000
28.7,-0.1,200,"sd","09:35:01",269000
28.7,-0.1,800,"sd","09:34:57",268800
28.7,-0.1,2000,"sd","09:34:49",268000
28.7,-0.1,900,"bu","09:34:38",266000
28.7,-0.1,3800,"bu","09:34:20",265100
28.7,-0.1,6000,"bu","09:34:17",261300
28.7,-0.1,14000,"bu","09:34:16",255300
28.65,-0.15,500,"sd","09:34:13",241300
28.65,-0.15,4700,"sd","09:34:11",240800
28.65,-0.15,300,"sd","09:34:11",236100
28.65,-0.15,100,"sd","09:33:35",235800
28.7,-0.1,200,"bu","09:31:53",235700
28.7,-0.1,300,"bu","09:30:00",235500
28.7,-0.1,2000,"bu","09:29:55",235200
28.7,-0.1,100,"bu","09:29:40",233200
28.7,-0.1,100,"bu","09:29:38",233100
28.7,-0.1,1000,"bu","09:29:20",233000
28.7,-0.1,5500,"sd","09:29:17",232000
28.7,-0.1,100,"sd","09:29:13",226500
28.7,-0.1,800,"sd","09:29:12",226400
28.7,-0.1,200,"sd","09:29:01",225600
28.7,-0.1,200,"sd","09:29:00",225400
28.7,-0.1,5500,"sd","09:28:56",225200
28.7,-0.1,100,"sd","09:28:36",219700
28.7,-0.1,1500,"sd","09:28:33",219600
28.7,-0.1,5000,"sd","09:28:30",218100
28.7,-0.1,100,"sd","09:28:20",213100
28.7,-0.1,500,"sd","09:28:19",213000
28.7,-0.1,100,"sd","09:27:55",212500
28.7,-0.1,300,"sd","09:27:37",212400
28.7,-0.1,800,"sd","09:27:36",212100
28.7,-0.1,500,"sd","09:27:13",211300
28.75,-0.05,600,"bu","09:27:00",210800
28.75,-0.05,600,"bu","09:26:57",210200
28.75,-0.05,500,"bu","09:26:55",209600
28.75,-0.05,100,"bu","09:26:46",209100
28.75,-0.05,3000,"bu","09:26:40",209000
28.75,-0.05,1100,"sd","09:26:36",206000
28.75,-0.05,19200,"bu","09:26:22",204900
28.75,-0.05,100,"bu","09:25:40",185700
28.75,-0.05,500,"bu","09:25:30",185600
28.75,-0.05,400,"bu","09:25:20",185100
28.75,-0.05,2700,"bu","09:25:00",184700
28.75,-0.05,18300,"sd","09:24:46",182000
28.75,-0.05,1000,"sd","09:24:32",163700
28.8,0,400,"bu","09:23:49",162700
28.75,-0.05,4200,"bu","09:23:38",162300
28.75,-0.05,10000,"bu","09:23:25",158100
28.75,-0.05,500,"bu","09:23:16",148100
28.7,-0.1,100,"sd","09:23:00",147600
28.7,-0.1,9500,"bu","09:22:59",147500
28.65,-0.15,200,"sd","09:22:59",138000
28.7,-0.1,600,"bu","09:22:40",137800
28.65,-0.15,200,"sd","09:22:34",137200
28.65,-0.15,500,"sd","09:22:27",137000
28.7,-0.1,5000,"bu","09:22:24",136500
28.7,-0.1,100,"bu","09:22:23",131500
28.7,-0.1,500,"bu","09:22:17",131400
28.7,-0.1,100,"bu","09:21:40",130900
28.7,-0.1,300,"bu","09:21:34",130800
28.7,-0.1,900,"sd","09:21:23",130500
28.7,-0.1,1300,"bu","09:21:16",129600
28.7,-0.1,200,"bu","09:21:05",128300
28.7,-0.1,200,"bu","09:21:00",128100
28.7,-0.1,1000,"bu","09:20:50",127900
28.7,-0.1,500,"bu","09:20:40",126900
28.75,-0.05,200,"bu","09:20:37",126400
28.75,-0.05,1400,"bu","09:20:29",126200
28.7,-0.1,600,"bu","09:20:29",124800
28.7,-0.1,1400,"sd","09:20:22",124200
28.7,-0.1,100,"sd","09:20:16",122800
28.7,-0.1,100,"bu","09:19:59",122700
28.7,-0.1,900,"sd","09:19:53",122600
28.7,-0.1,200,"sd","09:19:52",121700
28.7,-0.1,5000,"sd","09:19:40",121500
28.7,-0.1,4700,"sd","09:19:30",116500
28.75,-0.05,400,"sd","09:19:30",111800
28.75,-0.05,10000,"sd","09:19:04",111400
28.75,-0.05,100,"sd","09:19:02",101400
28.75,-0.05,800,"bu","09:18:59",101300
28.75,-0.05,500,"bu","09:18:57",100500
28.75,-0.05,1500,"bu","09:18:54",100000
28.75,-0.05,3100,"bu","09:18:49",98500
28.75,-0.05,400,"bu","09:18:45",95400
28.7,-0.1,16100,"bu","09:18:30",95000
28.7,-0.1,1000,"bu","09:18:24",78900
28.7,-0.1,1300,"bu","09:18:23",77900
28.7,-0.1,1600,"bu","09:18:17",76600
28.7,-0.1,200,"bu","09:18:04",75000
28.65,-0.15,100,"sd","09:17:59",74800
28.65,-0.15,8600,"bu","09:17:47",74700
28.65,-0.15,100,"bu","09:17:44",66100
28.6,-0.2,3200,"sd","09:17:01",66000
28.65,-0.15,100,"bu","09:16:47",62800
28.65,-0.15,1000,"bu","09:16:35",62700
28.6,-0.2,1000,"sd","09:16:35",61700
28.65,-0.15,200,"sd","09:16:29",60700
28.65,-0.15,100,"bu","09:16:28",60500
28.7,-0.1,100,"bu","09:16:07",60400
28.6,-0.2,10000,"sd","09:15:56",60300
28.7,-0.1,900,"bu","09:15:45",50300
28.7,-0.1,5900,"sd","09:15:30",49400
28.7,-0.1,500,"bu","09:15:25",43500
28.7,-0.1,100,"bu","09:15:17",43000
28.7,-0.1,42900,"","09:15:02",42900
