"price","change","match_qtty","side","time","total_vol"
4.54,0.29,48800,"","14:45:03",7866200
4.54,0.29,2000,"sd","14:29:51",7817400
4.54,0.29,500,"sd","14:29:41",7815400
4.54,0.29,300,"sd","14:28:51",7814900
4.54,0.29,2000,"sd","14:28:38",7814600
4.54,0.29,2000,"sd","14:28:12",7812600
4.54,0.29,100,"sd","14:28:05",7810600
4.54,0.29,300,"sd","14:28:01",7810500
4.54,0.29,20500,"sd","14:27:52",7810200
4.54,0.29,400,"sd","14:27:25",7789700
4.54,0.29,1000,"sd","14:27:10",7789300
4.54,0.29,9500,"sd","14:27:04",7788300
4.54,0.29,300,"sd","14:26:31",7778800
4.54,0.29,800,"sd","14:26:07",7778500
4.54,0.29,500,"sd","14:25:56",7777700
4.54,0.29,1000,"sd","14:25:37",7777200
4.54,0.29,5000,"sd","14:25:30",7776200
4.54,0.29,5000,"sd","14:25:13",7771200
4.54,0.29,10000,"sd","14:25:08",7766200
4.54,0.29,1000,"sd","14:25:03",7756200
4.54,0.29,100,"sd","14:24:48",7755200
4.54,0.29,100,"sd","14:24:18",7755100
4.54,0.29,2000,"sd","14:24:08",7755000
4.54,0.29,1200,"sd","14:23:59",7753000
4.54,0.29,100,"sd","14:23:16",7751800
4.54,0.29,500,"sd","14:22:15",7751700
4.54,0.29,1000,"sd","14:22:06",7751200
4.54,0.29,600,"sd","14:21:35",7750200
4.54,0.29,1500,"sd","14:21:26",7749600
4.54,0.29,200,"sd","14:21:06",7748100
4.54,0.29,100,"sd","14:20:54",7747900
4.54,0.29,200,"sd","14:20:52",7747800
4.54,0.29,800,"sd","14:20:50",7747600
4.54,0.29,1000,"sd","14:20:11",7746800
4.54,0.29,100,"sd","14:20:10",7745800
4.54,0.29,9600,"sd","14:20:09",7745700
4.54,0.29,100,"sd","14:19:57",7736100
4.54,0.29,600,"sd","14:19:19",7736000
4.54,0.29,1800,"sd","14:18:45",7735400
4.54,0.29,2000,"sd","14:18:41",7733600
4.54,0.29,400,"sd","14:18:30",7731600
4.54,0.29,8000,"sd","14:17:34",7731200
4.54,0.29,5000,"sd","14:17:31",7723200
4.54,0.29,200,"sd","14:17:27",7718200
4.54,0.29,200,"sd","14:17:01",7718000
4.54,0.29,2000,"sd","14:16:40",7717800
4.54,0.29,100,"sd","14:16:29",7715800
4.54,0.29,20000,"sd","14:16:08",7715700
4.54,0.29,20000,"sd","14:15:49",7695700
4.54,0.29,10000,"sd","14:15:27",7675700
4.54,0.29,100,"sd","14:15:25",7665700
4.54,0.29,1500,"sd","14:15:24",7665600
4.54,0.29,1800,"sd","14:15:24",7664100
4.54,0.29,200,"sd","14:15:18",7662300
4.54,0.29,1000,"sd","14:15:15",7662100
4.54,0.29,200,"sd","14:15:13",7661100
4.54,0.29,20000,"sd","14:15:10",7660900
4.54,0.29,1000,"sd","14:15:03",7640900
4.54,0.29,300,"sd","14:14:48",7639900
4.54,0.29,16000,"sd","14:14:42",7639600
4.54,0.29,16000,"sd","14:14:38",7623600
4.54,0.29,4000,"sd","14:14:37",7607600
4.54,0.29,15000,"sd","14:14:27",7603600
4.54,0.29,13700,"sd","14:14:20",7588600
4.54,0.29,100,"sd","14:14:15",7574900
4.54,0.29,20000,"sd","14:14:07",7574800
4.54,0.29,1000,"sd","14:14:03",7554800
4.54,0.29,100,"sd","14:13:57",7553800
4.54,0.29,10000,"sd","14:13:48",7553700
4.54,0.29,15000,"sd","14:13:43",7543700
4.54,0.29,700,"sd","14:13:14",7528700
4.54,0.29,1000,"sd","14:13:13",7528000
4.54,0.29,200,"sd","14:13:03",7527000
4.54,0.29,200,"sd","14:12:55",7526800
4.54,0.29,5000,"sd","14:12:50",7526600
4.54,0.29,100,"sd","14:12:47",7521600
4.54,0.29,200,"sd","14:12:33",7521500
4.54,0.29,1000,"sd","14:11:40",7521300
4.54,0.29,11200,"sd","14:11:39",7520300
4.54,0.29,500,"sd","14:11:24",7509100
4.54,0.29,100,"sd","14:11:24",7508600
4.54,0.29,18000,"sd","14:11:10",7508500
4.54,0.29,50000,"sd","14:11:07",7490500
4.54,0.29,2000,"sd","14:11:04",7440500
4.54,0.29,3000,"sd","14:10:44",7438500
4.54,0.29,500,"sd","14:10:29",7435500
4.54,0.29,100,"sd","14:10:21",7435000
4.54,0.29,1000,"sd","14:10:16",7434900
4.54,0.29,300,"sd","14:09:22",7433900
4.54,0.29,4100,"sd","14:09:04",7433600
4.54,0.29,100,"sd","14:08:51",7429500
4.54,0.29,600,"sd","14:08:48",7429400
4.54,0.29,100,"sd","14:08:35",7428800
4.54,0.29,9400,"sd","14:08:13",7428700
4.54,0.29,6000,"sd","14:07:43",7419300
4.54,0.29,2100,"sd","14:07:19",7413300
4.54,0.29,2000,"sd","14:07:13",7411200
4.54,0.29,100,"sd","14:07:13",7409200
4.54,0.29,3000,"sd","14:07:09",7409100
4.54,0.29,1000,"sd","14:07:00",7406100
4.54,0.29,7700,"sd","14:06:55",7405100
4.54,0.29,800,"sd","14:06:45",7397400
4.54,0.29,1000,"sd","14:06:40",7396600
4.54,0.29,5500,"sd","14:06:31",7395600
4.54,0.29,800,"sd","14:06:23",7390100
4.54,0.29,50000,"sd","14:05:52",7389300
4.54,0.29,1800,"sd","14:05:45",7339300
4.54,0.29,5000,"sd","14:05:06",7337500
4.54,0.29,11500,"bu","14:04:55",7332500
4.54,0.29,2000,"bu","14:04:49",7321000
4.54,0.29,100,"bu","14:04:44",7319000
4.54,0.29,1600,"sd","14:04:38",7318900
4.54,0.29,500,"bu","14:04:35",7317300
4.54,0.29,4000,"bu","14:04:34",7316800
4.54,0.29,2000,"bu","14:04:33",7312800
4.54,0.29,1000,"bu","14:04:32",7310800
4.54,0.29,3000,"bu","14:04:31",7309800
4.54,0.29,8600,"bu","14:04:29",7306800
4.54,0.29,5000,"bu","14:04:27",7298200
4.54,0.29,2000,"bu","14:04:23",7293200
4.54,0.29,2000,"bu","14:04:08",7291200
4.54,0.29,300,"bu","14:03:59",7289200
4.54,0.29,2600,"sd","14:03:42",7288900
4.54,0.29,17500,"bu","14:03:35",7286300
4.54,0.29,500,"bu","14:03:33",7268800
4.54,0.29,100,"bu","14:03:18",7268300
4.54,0.29,65700,"sd","14:03:15",7268200
4.54,0.29,26700,"sd","14:03:14",7202500
4.54,0.29,30000,"sd","14:03:13",7175800
4.54,0.29,100,"sd","14:03:12",7145800
4.54,0.29,3000,"sd","14:03:09",7145700
4.54,0.29,1100,"sd","14:02:57",7142700
4.54,0.29,500,"sd","14:02:54",7141600
4.54,0.29,29500,"sd","14:02:53",7141100
4.54,0.29,170500,"sd","14:02:52",7111600
4.54,0.29,3000,"sd","14:02:42",6941100
4.54,0.29,400,"sd","14:02:14",6938100
4.54,0.29,2000,"sd","14:02:09",6937700
4.54,0.29,3000,"sd","14:02:07",6935700
4.54,0.29,10000,"sd","14:01:26",6932700
4.54,0.29,500,"sd","14:00:30",6922700
4.54,0.29,500,"sd","14:00:18",6922200
4.54,0.29,400,"sd","14:00:07",6921700
4.54,0.29,1000,"sd","13:59:44",6921300
4.54,0.29,5000,"sd","13:59:39",6920300
4.54,0.29,10000,"sd","13:59:36",6915300
4.54,0.29,3000,"sd","13:59:33",6905300
4.54,0.29,700,"sd","13:59:24",6902300
4.54,0.29,3100,"sd","13:59:20",6901600
4.54,0.29,100,"sd","13:58:47",6898500
4.54,0.29,500,"sd","13:58:42",6898400
4.54,0.29,2600,"sd","13:58:38",6897900
4.54,0.29,100000,"sd","13:58:27",6895300
4.54,0.29,300,"sd","13:58:15",6795300
4.54,0.29,2000,"sd","13:58:14",6795000
4.54,0.29,1800,"sd","13:58:12",6793000
4.54,0.29,300,"sd","13:58:00",6791200
4.54,0.29,500,"sd","13:57:39",6790900
4.54,0.29,300,"sd","13:57:38",6790400
4.54,0.29,100,"sd","13:57:34",6790100
4.54,0.29,5000,"sd","13:57:30",6790000
4.54,0.29,100,"sd","13:57:19",6785000
4.54,0.29,30000,"sd","13:57:17",6784900
4.54,0.29,100,"sd","13:57:15",6754900
4.54,0.29,6200,"bu","13:57:11",6754800
4.54,0.29,2000,"bu","13:57:09",6748600
4.54,0.29,2000,"bu","13:57:07",6746600
4.54,0.29,400,"bu","13:57:04",6744600
4.54,0.29,20000,"bu","13:57:04",6744200
4.54,0.29,1000,"bu","13:57:02",6724200
4.54,0.29,1900,"bu","13:56:59",6723200
4.54,0.29,7400,"bu","13:56:58",6721300
4.54,0.29,20000,"bu","13:56:56",6713900
4.54,0.29,1200,"bu","13:56:53",6693900
4.54,0.29,11900,"bu","13:56:48",6692700
4.54,0.29,12000,"bu","13:56:47",6680800
4.54,0.29,5000,"bu","13:56:46",6668800
4.54,0.29,1000,"bu","13:56:40",6663800
4.54,0.29,5800,"bu","13:56:38",6662800
4.54,0.29,200,"bu","13:56:37",6657000
4.54,0.29,40000,"bu","13:56:32",6656800
4.54,0.29,1100,"bu","13:56:28",6616800
4.54,0.29,15000,"bu","13:56:27",6615700
4.54,0.29,300,"bu","13:56:20",6600700
4.54,0.29,200,"bu","13:56:15",6600400
4.53,0.28,300,"sd","13:56:12",6600200
4.54,0.29,5000,"bu","13:56:06",6599900
4.54,0.29,10000,"bu","13:56:05",6594900
4.54,0.29,5400,"bu","13:56:04",6584900
4.54,0.29,1000,"bu","13:56:03",6579500
4.54,0.29,1000,"bu","13:56:00",6578500
4.54,0.29,5600,"bu","13:55:57",6577500
4.54,0.29,200,"bu","13:55:53",6571900
4.54,0.29,3000,"bu","13:55:52",6571700
4.54,0.29,1000,"bu","13:55:52",6568700
4.54,0.29,2000,"bu","13:55:51",6567700
4.54,0.29,20000,"bu","13:55:45",6565700
4.54,0.29,200,"bu","13:55:39",6545700
4.54,0.29,29300,"sd","13:55:38",6545500
4.54,0.29,200,"sd","13:55:34",6516200
4.54,0.29,1000,"sd","13:55:26",6516000
4.54,0.29,50000,"sd","13:55:25",6515000
4.54,0.29,100,"sd","13:55:24",6465000
4.54,0.29,2000,"sd","13:55:22",6464900
4.54,0.29,100,"sd","13:55:18",6462900
4.54,0.29,1000,"sd","13:55:17",6462800
4.54,0.29,100,"sd","13:55:11",6461800
4.54,0.29,2900,"sd","13:55:10",6461700
4.54,0.29,500,"bu","13:55:08",6458800
4.54,0.29,10000,"bu","13:55:07",6458300
4.54,0.29,800,"bu","13:55:06",6448300
4.54,0.29,10000,"bu","13:55:03",6447500
4.54,0.29,1000,"bu","13:55:02",6437500
4.54,0.29,27700,"sd","13:55:01",6436500
4.54,0.29,22800,"bu","13:54:56",6408800
4.54,0.29,1100,"bu","13:54:55",6386000
4.54,0.29,1000,"bu","13:54:53",6384900
4.54,0.29,100,"bu","13:54:45",6383900
4.54,0.29,7000,"bu","13:54:44",6383800
4.54,0.29,5000,"bu","13:54:39",6376800
4.54,0.29,25000,"bu","13:54:34",6371800
4.54,0.29,20000,"bu","13:54:29",6346800
4.54,0.29,3200,"bu","13:54:25",6326800
4.54,0.29,5000,"bu","13:54:14",6323600
4.54,0.29,25000,"sd","13:53:58",6318600
4.54,0.29,1500,"sd","13:53:55",6293600
4.54,0.29,500,"sd","13:53:54",6292100
4.54,0.29,1000,"sd","13:53:53",6291600
4.54,0.29,5000,"bu","13:53:51",6290600
4.54,0.29,195000,"sd","13:53:49",6285600
4.54,0.29,11400,"sd","13:53:42",6090600
4.54,0.29,200,"sd","13:53:37",6079200
4.54,0.29,2200,"sd","13:53:33",6079000
4.54,0.29,1000,"sd","13:53:22",6076800
4.54,0.29,300,"sd","13:53:20",6075800
4.54,0.29,3000,"sd","13:53:19",6075500
4.54,0.29,5000,"sd","13:53:14",6072500
4.54,0.29,100,"sd","13:53:13",6067500
4.54,0.29,10000,"sd","13:53:10",6067400
4.54,0.29,5000,"sd","13:53:05",6057400
4.54,0.29,5000,"sd","13:53:04",6052400
4.54,0.29,1000,"sd","13:52:57",6047400
4.54,0.29,5000,"sd","13:52:55",6046400
4.54,0.29,100,"sd","13:52:49",6041400
4.54,0.29,500,"sd","13:52:48",6041300
4.54,0.29,4500,"sd","13:52:43",6040800
4.54,0.29,2000,"sd","13:52:42",6036300
4.54,0.29,700,"sd","13:52:40",6034300
4.54,0.29,26000,"sd","13:52:27",6033600
4.54,0.29,300,"sd","13:52:26",6007600
4.54,0.29,2000,"sd","13:52:22",6007300
4.54,0.29,300,"sd","13:52:21",6005300
4.54,0.29,50000,"sd","13:52:19",6005000
4.54,0.29,100,"sd","13:52:15",5955000
4.54,0.29,700,"sd","13:52:08",5954900
4.54,0.29,200,"sd","13:52:04",5954200
4.54,0.29,900,"sd","13:51:56",5954000
4.54,0.29,2000,"sd","13:51:53",5953100
4.54,0.29,2000,"sd","13:51:52",5951100
4.54,0.29,2000,"sd","13:51:49",5949100
4.54,0.29,200,"sd","13:51:43",5947100
4.54,0.29,2000,"sd","13:51:42",5946900
4.54,0.29,5000,"sd","13:51:40",5944900
4.54,0.29,2000,"sd","13:51:40",5939900
4.54,0.29,1000,"sd","13:51:39",5937900
4.54,0.29,8500,"sd","13:51:38",5936900
4.54,0.29,10000,"sd","13:51:35",5928400
4.54,0.29,100,"sd","13:51:33",5918400
4.54,0.29,800,"sd","13:51:31",5918300
4.54,0.29,1000,"sd","13:51:30",5917500
4.54,0.29,2000,"sd","13:51:23",5916500
4.54,0.29,500,"sd","13:51:20",5914500
4.54,0.29,102000,"sd","13:51:19",5914000
4.54,0.29,200,"sd","13:51:16",5812000
4.54,0.29,12000,"sd","13:51:15",5811800
4.54,0.29,200,"sd","13:51:11",5799800
4.54,0.29,1000,"sd","13:51:11",5799600
4.54,0.29,1500,"sd","13:51:10",5798600
4.54,0.29,100,"sd","13:51:09",5797100
4.54,0.29,6000,"sd","13:51:08",5797000
4.54,0.29,25500,"sd","13:51:03",5791000
4.54,0.29,100,"sd","13:51:02",5765500
4.54,0.29,37300,"bu","13:50:56",5765400
4.54,0.29,1000,"bu","13:50:54",5728100
4.54,0.29,10000,"bu","13:50:51",5727100
4.54,0.29,30000,"bu","13:50:49",5717100
4.54,0.29,300,"bu","13:50:48",5687100
4.54,0.29,10500,"bu","13:50:47",5686800
4.54,0.29,11700,"bu","13:50:46",5676300
4.54,0.29,1000,"bu","13:50:43",5664600
4.54,0.29,700,"bu","13:50:42",5663600
4.54,0.29,5000,"bu","13:50:36",5662900
4.54,0.29,50000,"bu","13:50:33",5657900
4.54,0.29,1200,"bu","13:50:30",5607900
4.54,0.29,10000,"bu","13:50:28",5606700
4.54,0.29,3000,"bu","13:50:26",5596700
4.54,0.29,2000,"bu","13:50:24",5593700
4.54,0.29,7600,"bu","13:50:18",5591700
4.53,0.28,10000,"sd","13:50:18",5584100
4.53,0.28,1000,"sd","13:50:16",5574100
4.54,0.29,4000,"bu","13:50:16",5573100
4.54,0.29,1500,"bu","13:50:14",5569100
4.53,0.28,1000,"sd","13:50:12",5567600
4.53,0.28,8000,"sd","13:50:07",5566600
4.53,0.28,10000,"sd","13:49:57",5558600
4.53,0.28,25000,"sd","13:49:54",5548600
4.54,0.29,500,"bu","13:49:48",5523600
4.54,0.29,8800,"bu","13:49:45",5523100
4.54,0.29,393100,"sd","13:49:43",5514300
4.54,0.29,32100,"sd","13:49:42",5121200
4.54,0.29,500000,"sd","13:49:41",5089100
4.54,0.29,100,"sd","13:49:32",4589100
4.54,0.29,100,"sd","13:49:28",4589000
4.54,0.29,8800,"sd","13:49:24",4588900
4.54,0.29,5000,"sd","13:49:03",4580100
4.54,0.29,100,"sd","13:48:58",4575100
4.54,0.29,6900,"sd","13:48:54",4575000
4.54,0.29,2500,"sd","13:48:53",4568100
4.54,0.29,200,"sd","13:48:49",4565600
4.54,0.29,400,"sd","13:48:45",4565400
4.54,0.29,200,"sd","13:48:44",4565000
4.54,0.29,1600,"sd","13:48:41",4564800
4.54,0.29,1000,"sd","13:48:39",4563200
4.54,0.29,2800,"sd","13:48:22",4562200
4.54,0.29,800,"sd","13:48:17",4559400
4.54,0.29,10000,"sd","13:48:03",4558600
4.54,0.29,1100,"sd","13:47:42",4548600
4.54,0.29,10000,"sd","13:47:40",4547500
4.54,0.29,2500,"sd","13:47:36",4537500
4.54,0.29,1500,"sd","13:47:30",4535000
4.54,0.29,4000,"sd","13:47:28",4533500
4.54,0.29,5000,"sd","13:47:27",4529500
4.54,0.29,500,"sd","13:47:21",4524500
4.54,0.29,2000,"sd","13:47:19",4524000
4.54,0.29,400,"sd","13:47:17",4522000
4.54,0.29,200,"sd","13:47:12",4521600
4.54,0.29,1000,"sd","13:47:08",4521400
4.54,0.29,1000,"sd","13:47:06",4520400
4.54,0.29,100,"sd","13:46:55",4519400
4.54,0.29,200,"sd","13:46:53",4519300
4.54,0.29,100,"sd","13:46:51",4519100
4.54,0.29,100,"sd","13:46:51",4519000
4.54,0.29,100,"sd","13:46:45",4518900
4.54,0.29,1000,"sd","13:46:40",4518800
4.54,0.29,10300,"sd","13:46:38",4517800
4.54,0.29,1000,"sd","13:46:37",4507500
4.54,0.29,2000,"sd","13:46:24",4506500
4.54,0.29,1000,"sd","13:46:21",4504500
4.54,0.29,300,"sd","13:46:18",4503500
4.54,0.29,500,"sd","13:46:13",4503200
4.54,0.29,200,"sd","13:46:12",4502700
4.54,0.29,1000,"sd","13:46:06",4502500
4.54,0.29,5000,"sd","13:45:59",4501500
4.54,0.29,100,"sd","13:45:56",4496500
4.54,0.29,5000,"sd","13:45:52",4496400
4.54,0.29,8000,"sd","13:45:43",4491400
4.54,0.29,500,"sd","13:45:37",4483400
4.54,0.29,1200,"sd","13:45:32",4482900
4.54,0.29,500,"sd","13:45:31",4481700
4.54,0.29,200,"sd","13:45:29",4481200
4.54,0.29,500,"sd","13:45:26",4481000
4.54,0.29,2000,"sd","13:45:21",4480500
4.54,0.29,3000,"sd","13:45:20",4478500
4.54,0.29,10300,"sd","13:45:08",4475500
4.54,0.29,6000,"sd","13:45:07",4465200
4.54,0.29,3000,"sd","13:44:55",4459200
4.54,0.29,10000,"sd","13:44:50",4456200
4.54,0.29,100,"sd","13:44:42",4446200
4.54,0.29,500,"sd","13:44:40",4446100
4.54,0.29,4300,"sd","13:44:32",4445600
4.54,0.29,3000,"sd","13:44:30",4441300
4.54,0.29,2300,"sd","13:44:19",4438300
4.54,0.29,3700,"sd","13:44:11",4436000
4.54,0.29,300,"sd","13:44:07",4432300
4.54,0.29,3600,"sd","13:43:55",4432000
4.54,0.29,500,"sd","13:43:55",4428400
4.54,0.29,3200,"sd","13:43:51",4427900
4.54,0.29,500,"sd","13:43:47",4424700
4.54,0.29,100,"sd","13:43:44",4424200
4.54,0.29,100,"sd","13:43:42",4424100
4.54,0.29,3400,"sd","13:43:36",4424000
4.54,0.29,2500,"sd","13:43:26",4420600
4.54,0.29,6800,"sd","13:43:24",4418100
4.54,0.29,300,"sd","13:43:23",4411300
4.54,0.29,100,"sd","13:43:16",4411000
4.54,0.29,1600,"sd","13:43:15",4410900
4.54,0.29,1000,"sd","13:43:15",4409300
4.54,0.29,10000,"sd","13:43:13",4408300
4.54,0.29,100,"sd","13:43:10",4398300
4.54,0.29,1400,"sd","13:43:06",4398200
4.54,0.29,5000,"sd","13:43:05",4396800
4.54,0.29,500,"sd","13:42:59",4391800
4.54,0.29,500,"sd","13:42:57",4391300
4.54,0.29,100,"sd","13:42:55",4390800
4.54,0.29,900,"sd","13:42:51",4390700
4.54,0.29,2000,"sd","13:42:42",4389800
4.54,0.29,200,"sd","13:42:37",4387800
4.54,0.29,1500,"sd","13:42:34",4387600
4.54,0.29,10000,"sd","13:42:23",4386100
4.54,0.29,500,"sd","13:42:18",4376100
4.54,0.29,5000,"sd","13:42:17",4375600
4.54,0.29,200,"sd","13:42:14",4370600
4.54,0.29,5000,"sd","13:42:01",4370400
4.54,0.29,500,"sd","13:42:01",4365400
4.54,0.29,20000,"sd","13:42:00",4364900
4.54,0.29,200,"sd","13:41:57",4344900
4.54,0.29,2100,"sd","13:41:56",4344700
4.54,0.29,300,"sd","13:41:52",4342600
4.54,0.29,5000,"sd","13:41:50",4342300
4.54,0.29,500,"sd","13:41:47",4337300
4.54,0.29,4000,"sd","13:41:46",4336800
4.54,0.29,200,"sd","13:41:45",4332800
4.54,0.29,500,"sd","13:41:45",4332600
4.54,0.29,58300,"bu","13:41:41",4332100
4.54,0.29,50000,"bu","13:41:40",4273800
4.54,0.29,107000,"bu","13:41:39",4223800
4.54,0.29,10000,"bu","13:41:38",4116800
4.54,0.29,2000,"bu","13:41:38",4106800
4.54,0.29,90000,"bu","13:41:37",4104800
4.54,0.29,20000,"bu","13:41:36",4014800
4.54,0.29,31000,"bu","13:41:35",3994800
4.54,0.29,5900,"bu","13:41:34",3963800
4.54,0.29,100,"bu","13:41:33",3957900
4.54,0.29,50000,"bu","13:41:31",3957800
4.54,0.29,15000,"bu","13:41:30",3887800
4.54,0.29,3200,"bu","13:41:29",3872800
4.54,0.29,2000,"bu","13:41:28",3869600
4.54,0.29,20000,"bu","13:41:27",3867600
4.54,0.29,50100,"bu","13:41:22",3847600
4.53,0.28,200,"sd","13:41:21",3797500
4.54,0.29,11000,"bu","13:41:20",3797300
4.54,0.29,6000,"bu","13:41:18",3786300
4.53,0.28,500,"sd","13:41:17",3780300
4.54,0.29,5000,"bu","13:41:16",3779800
4.54,0.29,600,"bu","13:41:14",3774800
4.54,0.29,17000,"bu","13:41:13",3774200
4.54,0.29,2000,"bu","13:41:12",3757200
4.54,0.29,5000,"bu","13:41:10",3755200
4.54,0.29,100,"bu","13:41:09",3740200
4.53,0.28,100,"sd","13:41:06",3740100
4.54,0.29,10000,"bu","13:41:06",3740000
4.54,0.29,700,"bu","13:41:05",3730000
4.54,0.29,200,"bu","13:41:04",3729300
4.54,0.29,30000,"bu","13:41:00",3729100
4.54,0.29,1000,"bu","13:40:58",3699100
4.54,0.29,200,"bu","13:40:57",3698100
4.54,0.29,500,"bu","13:40:56",3697900
4.54,0.29,150000,"bu","13:40:56",3697400
4.54,0.29,28000,"bu","13:40:53",3547400
4.54,0.29,1000,"bu","13:40:51",3519400
4.54,0.29,1000,"bu","13:40:49",3518400
4.54,0.29,200,"bu","13:40:49",3517400
4.54,0.29,1000,"bu","13:40:47",3517200
4.54,0.29,8400,"bu","13:40:47",3516200
4.54,0.29,100,"bu","13:40:46",3507800
4.54,0.29,2000,"bu","13:40:44",3507700
4.54,0.29,3000,"bu","13:40:44",3505700
4.54,0.29,2000,"bu","13:40:40",3502700
4.53,0.28,3000,"sd","13:40:40",3500700
4.54,0.29,500,"bu","13:40:34",3497700
4.54,0.29,200,"bu","13:40:32",3487200
4.54,0.29,16100,"bu","13:40:29",3487000
4.54,0.29,100,"bu","13:40:28",3468900
4.54,0.29,4500,"bu","13:40:28",3468800
4.54,0.29,1200,"bu","13:40:27",3464300
4.53,0.28,100,"sd","13:40:24",3463100
4.53,0.28,4400,"sd","13:40:22",3463000
4.53,0.28,1000,"sd","13:40:22",3458600
4.53,0.28,9100,"sd","13:40:19",3457600
4.54,0.29,500,"bu","13:40:19",3448500
4.53,0.28,1000,"sd","13:40:18",3448000
4.53,0.28,500,"sd","13:40:16",3447000
4.53,0.28,7600,"bu","13:40:12",3446500
4.53,0.28,10000,"bu","13:40:10",3438900
4.53,0.28,500,"bu","13:40:07",3428900
4.53,0.28,22200,"sd","13:40:05",3428400
4.54,0.29,6800,"bu","13:40:05",3406200
4.53,0.28,600,"sd","13:40:04",3399400
4.54,0.29,5000,"bu","13:40:03",3398800
4.53,0.28,11000,"sd","13:40:01",3393800
4.54,0.29,200000,"bu","13:40:01",3382800
4.54,0.29,1900,"bu","13:39:59",3182800
4.54,0.29,500,"bu","13:39:56",3180900
4.54,0.29,500,"bu","13:39:55",3180400
4.54,0.29,600,"bu","13:39:54",3179900
4.54,0.29,500,"bu","13:39:51",3179300
4.53,0.28,100,"sd","13:39:49",3178800
4.54,0.29,800,"bu","13:39:49",3178700
4.53,0.28,500,"sd","13:39:49",3177900
4.53,0.28,1200,"sd","13:39:48",3177400
4.54,0.29,1000,"bu","13:39:47",3176200
4.53,0.28,1000,"sd","13:39:47",3175200
4.54,0.29,1000,"bu","13:39:47",3174200
4.54,0.29,600,"bu","13:39:46",3173200
4.53,0.28,1000,"sd","13:39:46",3172600
4.53,0.28,8000,"sd","13:39:44",3171600
4.53,0.28,100,"sd","13:39:43",3163600
4.53,0.28,4600,"bu","13:39:41",3163500
4.53,0.28,5000,"bu","13:39:40",3158900
4.53,0.28,20000,"bu","13:39:40",3153900
4.53,0.28,1800,"bu","13:39:39",3133900
4.53,0.28,3500,"bu","13:39:36",3132100
4.53,0.28,2000,"bu","13:39:34",3128600
4.53,0.28,14600,"bu","13:39:32",3126600
4.53,0.28,16000,"bu","13:39:31",3112000
4.53,0.28,10000,"bu","13:39:30",3096000
4.53,0.28,2000,"bu","13:39:29",3086000
4.53,0.28,2000,"bu","13:39:26",3084000
4.53,0.28,2900,"bu","13:39:26",3082000
4.52,0.27,5000,"sd","13:39:25",3079100
4.53,0.28,12000,"bu","13:39:25",3074100
4.53,0.28,100,"bu","13:39:23",3062100
4.53,0.28,200,"bu","13:39:23",3062000
4.53,0.28,5000,"bu","13:39:22",3061800
4.53,0.28,1000,"bu","13:39:20",3056800
4.53,0.28,10000,"bu","13:39:20",3055800
4.53,0.28,1000,"bu","13:39:18",3045800
4.53,0.28,50000,"bu","13:39:17",3044800
4.52,0.27,100,"sd","13:39:16",2994800
4.52,0.27,1000,"sd","13:39:14",2994700
4.52,0.27,3100,"bu","13:39:14",2993700
4.51,0.26,1000,"sd","13:39:11",2990600
4.52,0.27,1200,"bu","13:39:07",2989600
4.51,0.26,700,"sd","13:39:05",2988400
4.51,0.26,1000,"sd","13:39:04",2987700
4.51,0.26,500,"sd","13:39:03",2986700
4.51,0.26,500,"sd","13:39:02",2986200
4.51,0.26,200,"sd","13:39:01",2985700
4.51,0.26,19500,"bu","13:39:00",2985500
4.5,0.25,100,"sd","13:38:58",2966000
4.51,0.26,50000,"bu","13:38:57",2965900
4.51,0.26,1000,"bu","13:38:54",2915900
4.51,0.26,12000,"bu","13:38:53",2914900
4.5,0.25,200,"bu","13:38:53",2902900
4.49,0.24,3700,"sd","13:38:52",2902700
4.49,0.24,300,"sd","13:38:51",2899000
4.49,0.24,200,"sd","13:38:45",2898700
4.48,0.23,1000,"bu","13:38:43",2898500
4.48,0.23,1000,"bu","13:38:34",2897500
4.53,0.28,1100,"bu","13:38:29",2896500
4.52,0.27,10800,"bu","13:38:29",2895400
4.51,0.26,12500,"bu","13:38:29",2884600
4.5,0.25,243100,"bu","13:38:29",2872100
4.49,0.24,29400,"bu","13:38:29",2629000
4.48,0.23,21600,"bu","13:38:29",2599600
4.47,0.22,11500,"bu","13:38:29",2578000
4.46,0.21,100,"sd","13:38:26",2566500
4.46,0.21,800,"sd","13:38:25",2566400
4.46,0.21,1500,"bu","13:38:24",2565600
4.46,0.21,300,"bu","13:38:20",2564100
4.46,0.21,200,"bu","13:38:17",2563800
4.45,0.2,27100,"bu","13:38:14",2563600
4.45,0.2,10000,"bu","13:38:13",2536500
4.45,0.2,13700,"bu","13:38:12",2526500
4.45,0.2,1000,"bu","13:38:12",2512800
4.45,0.2,3000,"bu","13:38:11",2511800
4.45,0.2,2000,"bu","13:38:09",2508800
4.45,0.2,20000,"bu","13:38:08",2506800
4.45,0.2,200,"bu","13:38:07",2486800
4.45,0.2,200,"bu","13:38:06",2485200
4.45,0.2,1400,"bu","13:38:01",2485000
4.45,0.2,10600,"bu","13:38:00",2483600
4.45,0.2,3000,"bu","13:37:58",2473000
4.45,0.2,100,"bu","13:37:57",2470000
4.45,0.2,500,"bu","13:37:56",2469900
4.44,0.19,500,"sd","13:37:56",2469400
4.45,0.2,500,"bu","13:37:55",2468900
4.45,0.2,2000,"bu","13:37:53",2468400
4.45,0.2,400,"bu","13:37:49",2466400
4.44,0.19,200,"sd","13:37:48",2466000
4.44,0.19,10100,"bu","13:37:41",2465800
4.44,0.19,13700,"bu","13:37:41",2455700
4.43,0.18,100,"sd","13:37:40",2442000
4.44,0.19,500,"bu","13:37:40",2441900
4.44,0.19,4800,"bu","13:37:37",2441400
4.44,0.19,10000,"bu","13:37:33",2436600
4.43,0.18,600,"sd","13:37:31",2426600
4.43,0.18,10800,"bu","13:37:28",2426000
4.43,0.18,900,"bu","13:37:27",2415200
4.43,0.18,15100,"bu","13:37:26",2414300
4.43,0.18,1000,"bu","13:37:23",2399200
4.43,0.18,4500,"bu","13:37:21",2398200
4.43,0.18,5500,"bu","13:37:20",2393700
4.42,0.17,21900,"bu","13:37:16",2388200
4.42,0.17,5000,"bu","13:37:14",2366300
4.41,0.16,45200,"bu","13:37:06",2361300
4.4,0.15,900,"sd","13:37:05",2316100
4.41,0.16,10000,"bu","13:37:04",2315200
4.4,0.15,300,"sd","13:36:57",2305200
4.4,0.15,44300,"bu","13:36:53",2304900
4.4,0.15,10000,"bu","13:36:52",2260600
4.39,0.14,2000,"sd","13:36:51",2250600
4.39,0.14,1000,"sd","13:36:45",2248600
4.39,0.14,1000,"sd","13:36:36",2247600
4.39,0.14,1000,"sd","13:36:31",2246600
4.39,0.14,7100,"bu","13:36:27",2245600
4.39,0.14,200,"bu","13:36:26",2238500
4.39,0.14,20000,"bu","13:36:24",2238300
4.38,0.13,1000,"sd","13:36:24",2218300
4.39,0.14,1000,"bu","13:36:13",2217300
4.39,0.14,100,"bu","13:36:12",2216300
4.39,0.14,1000,"bu","13:36:07",2216200
4.38,0.13,2000,"sd","13:36:05",2215200
4.39,0.14,500,"bu","13:35:52",2213200
4.38,0.13,100,"sd","13:35:49",2212700
4.38,0.13,2500,"sd","13:35:46",2212600
4.39,0.14,2900,"bu","13:35:44",2210100
4.39,0.14,1200,"bu","13:35:43",2207200
4.38,0.13,1000,"sd","13:35:40",2206000
4.39,0.14,1000,"bu","13:35:40",2205000
4.38,0.13,2000,"bu","13:35:30",2204000
4.38,0.13,7000,"bu","13:35:29",2202000
4.38,0.13,3000,"bu","13:35:29",2195000
4.37,0.12,100,"sd","13:35:28",2192000
4.37,0.12,15700,"bu","13:35:21",2191900
4.37,0.12,4000,"bu","13:35:19",2176200
4.36,0.11,100,"sd","13:35:10",2172200
4.36,0.11,12800,"bu","13:35:10",2172100
4.35,0.1,56500,"bu","13:35:04",2159300
4.35,0.1,1100,"bu","13:35:03",2102800
4.34,0.09,100,"bu","13:34:58",2101700
4.34,0.09,400,"bu","13:34:51",2101600
4.35,0.1,200,"bu","13:34:48",2101200
4.35,0.1,150000,"bu","13:34:46",2101000
4.35,0.1,42400,"bu","13:34:44",1951000
4.34,0.09,7600,"bu","13:34:44",1908600
4.34,0.09,100,"bu","13:34:42",1901000
4.34,0.09,2000,"bu","13:34:41",1900900
4.34,0.09,5000,"bu","13:34:34",1898900
4.34,0.09,5000,"bu","13:34:30",1893900
4.34,0.09,50000,"bu","13:34:23",1888900
4.33,0.08,100,"sd","13:34:17",1838900
4.33,0.08,51700,"bu","13:34:11",1838800
4.32,0.07,10000,"sd","13:33:56",1787100
4.33,0.08,3000,"bu","13:33:51",1777100
4.32,0.07,1000,"sd","13:33:49",1774100
4.32,0.07,1900,"bu","13:33:40",1773100
4.32,0.07,5000,"bu","13:33:35",1771200
4.32,0.07,200,"bu","13:33:34",1766200
4.32,0.07,2900,"sd","13:33:32",1766000
4.32,0.07,4700,"bu","13:33:26",1763100
4.32,0.07,3000,"bu","13:33:22",1758400
4.32,0.07,1000,"bu","13:33:13",1755400
4.32,0.07,2000,"bu","13:33:12",1754400
4.32,0.07,5000,"bu","13:33:09",1752400
4.32,0.07,8600,"bu","13:33:07",1747400
4.32,0.07,100,"bu","13:33:05",1738800
4.32,0.07,5000,"bu","13:32:55",1738700
4.32,0.07,2500,"sd","13:32:48",1733700
4.33,0.08,2000,"bu","13:32:47",1731200
4.32,0.07,1000,"sd","13:32:35",1729200
4.33,0.08,3800,"bu","13:32:12",1728200
4.32,0.07,7500,"sd","13:32:11",1724400
4.33,0.08,100,"bu","13:32:05",1716900
4.32,0.07,2000,"sd","13:31:46",1716800
4.32,0.07,3000,"bu","13:31:45",1714800
4.32,0.07,10000,"bu","13:31:43",1711800
4.31,0.06,3000,"bu","13:31:32",1701800
4.31,0.06,20000,"bu","13:31:29",1698800
4.31,0.06,400,"bu","13:31:24",1678800
4.31,0.06,5000,"bu","13:31:10",1678400
4.31,0.06,3900,"bu","13:31:06",1673400
4.31,0.06,2000,"bu","13:31:05",1669500
4.31,0.06,5900,"bu","13:31:03",1667500
4.31,0.06,7000,"bu","13:31:01",1661600
4.31,0.06,2000,"bu","13:30:58",1654600
4.31,0.06,30000,"bu","13:30:47",1652600
4.3,0.05,600,"bu","13:30:35",1622600
4.3,0.05,4400,"sd","13:30:28",1622000
4.3,0.05,15000,"sd","13:30:26",1617600
4.3,0.05,80600,"bu","13:30:13",1602600
4.3,0.05,47800,"bu","13:29:28",1522000
4.29,0.04,52200,"bu","13:29:28",1474200
4.28,0.03,100,"sd","13:27:39",1422000
4.28,0.03,1400,"sd","13:26:29",1421900
4.28,0.03,1000,"sd","13:26:25",1420500
4.29,0.04,2300,"bu","13:26:25",1419500
4.28,0.03,1000,"sd","13:26:25",1417200
4.28,0.03,4000,"sd","13:25:05",1416200
4.28,0.03,1000,"bu","13:24:26",1412200
4.28,0.03,500,"bu","13:23:46",1411200
4.28,0.03,500,"sd","13:23:34",1410700
4.28,0.03,1000,"bu","13:23:21",1410200
4.28,0.03,500,"sd","13:23:05",1409200
4.28,0.03,1000,"sd","13:23:02",1408700
4.28,0.03,500,"sd","13:22:40",1407700
4.29,0.04,400,"bu","13:22:00",1407200
4.28,0.03,100,"bu","13:20:54",1406800
4.28,0.03,1200,"bu","13:20:33",1406700
4.28,0.03,100,"bu","13:20:30",1405500
4.28,0.03,4900,"bu","13:20:29",1405400
4.28,0.03,1000,"bu","13:20:28",1400500
4.28,0.03,5000,"bu","13:20:24",1399500
4.28,0.03,100,"bu","13:20:21",1394500
4.28,0.03,900,"bu","13:19:59",1394400
4.28,0.03,1000,"bu","13:19:26",1393500
4.28,0.03,1500,"bu","13:19:18",1392500
4.27,0.02,200,"sd","13:19:13",1391000
4.28,0.03,100,"bu","13:19:07",1390800
4.27,0.02,900,"bu","13:18:27",1390700
4.27,0.02,4100,"sd","13:17:38",1389800
4.27,0.02,13100,"bu","13:15:28",1385700
4.26,0.01,400,"bu","13:13:51",1372600
4.26,0.01,200,"bu","13:13:45",1372200
4.26,0.01,100,"bu","13:13:12",1372000
4.25,0,19700,"bu","13:12:32",1371900
4.25,0,5000,"bu","13:12:27",1352200
4.25,0,300,"bu","13:12:21",1347200
4.25,0,1000,"bu","13:11:45",1346900
4.25,0,300,"bu","13:11:42",1345900
4.25,0,3000,"bu","13:11:38",1345600
4.25,0,800,"bu","13:11:03",1342600
4.25,0,100,"bu","13:10:47",1341800
4.25,0,3600,"bu","13:09:31",1341700
4.24,-0.01,2000,"sd","13:08:32",1338100
4.24,-0.01,13000,"sd","13:06:54",1336100
4.24,-0.01,4500,"sd","13:06:39",1323100
4.24,-0.01,300,"sd","13:06:24",1318600
4.25,0,500,"bu","13:06:06",1318300
4.24,-0.01,700,"sd","13:03:42",1317800
4.25,0,100,"bu","13:03:21",1317100
4.25,0,1800,"bu","13:02:59",1317000
4.25,0,500,"bu","13:02:56",1315200
4.25,0,200,"bu","13:02:52",1314700
4.25,0,16200,"sd","13:02:34",1314500
4.25,0,4000,"sd","13:02:21",1298300
4.26,0.01,100,"bu","13:01:59",1294300
4.26,0.01,1800,"bu","13:00:26",1294200
4.25,0,8900,"bu","13:00:11",1292400
4.25,0,200,"bu","13:00:10",1283500
4.25,0,2000,"bu","13:00:06",1283300
4.25,0,200,"bu","13:00:02",1281300
4.25,0,1700,"bu","13:00:00",1281100
4.25,0,1800,"bu","11:29:00",1279400
4.25,0,500,"bu","11:28:05",1277600
4.25,0,900,"bu","11:27:48",1277100
4.25,0,200,"bu","11:27:47",1276200
4.25,0,300,"bu","11:27:30",1276000
4.25,0,5000,"bu","11:27:25",1275700
4.25,0,2000,"bu","11:26:18",1270700
4.25,0,2000,"bu","11:25:50",1268700
4.25,0,1000,"bu","11:25:43",1266700
4.24,-0.01,2500,"sd","11:25:36",1265700
4.25,0,500,"bu","11:25:33",1263200
4.25,0,900,"bu","11:25:20",1262700
4.25,0,100,"bu","11:25:17",1261800
4.25,0,1200,"bu","11:25:13",1261700
4.25,0,200,"bu","11:25:11",1260500
4.25,0,1000,"bu","11:25:08",1260300
4.25,0,300,"bu","11:25:01",1259300
4.25,0,1000,"bu","11:24:32",1259000
4.25,0,5000,"bu","11:24:32",1258000
4.25,0,1000,"bu","11:24:07",1253000
4.24,-0.01,2400,"bu","11:22:53",1252000
4.24,-0.01,1500,"bu","11:22:46",1249600
4.24,-0.01,100,"bu","11:22:43",1248100
4.24,-0.01,300,"bu","11:22:42",1248000
4.24,-0.01,1000,"bu","11:22:26",1247700
4.24,-0.01,1000,"bu","11:22:08",1246700
4.24,-0.01,2400,"bu","11:21:57",1245700
4.24,-0.01,100,"bu","11:21:47",1243300
4.24,-0.01,200,"bu","11:21:43",1243200
4.24,-0.01,100,"bu","11:21:37",1243000
4.24,-0.01,900,"sd","11:21:35",1242900
4.24,-0.01,1100,"bu","11:21:31",1242000
4.24,-0.01,1000,"bu","11:21:26",1240900
4.24,-0.01,100,"bu","11:20:54",1239900
4.24,-0.01,100,"bu","11:20:51",1239800
4.23,-0.02,12900,"sd","11:19:55",1239700
4.23,-0.02,2000,"sd","11:19:55",1226800
4.24,-0.01,3000,"bu","11:19:23",1224800
4.24,-0.01,2300,"sd","11:18:29",1221800
4.24,-0.01,2000,"sd","11:17:35",1219500
4.24,-0.01,400,"sd","11:16:50",1217500
4.24,-0.01,1800,"bu","11:16:39",1217100
4.24,-0.01,2000,"bu","11:16:32",1215300
4.24,-0.01,100,"bu","11:16:11",1213300
4.24,-0.01,1600,"sd","11:16:02",1213200
4.24,-0.01,1100,"bu","11:15:56",1211600
4.24,-0.01,400,"sd","11:15:47",1210500
4.24,-0.01,1500,"sd","11:15:42",1210100
4.24,-0.01,6000,"sd","11:15:23",1208600
4.24,-0.01,10000,"sd","11:14:39",1202600
4.25,0,2300,"sd","11:13:19",1192600
4.26,0.01,100,"bu","11:11:42",1190300
4.25,0,1500,"sd","11:10:38",1190200
4.25,0,300,"bu","11:10:04",1188700
4.25,0,1000,"bu","11:09:41",1188400
4.25,0,300,"bu","11:09:04",1187400
4.25,0,200,"bu","11:08:57",1187100
4.25,0,28200,"sd","11:08:44",1186900
4.25,0,100,"sd","11:08:26",1158700
4.25,0,10000,"sd","11:08:03",1158600
4.25,0,15600,"sd","11:07:58",1148600
4.25,0,6000,"sd","11:07:42",1133000
4.26,0.01,1200,"bu","11:07:35",1127000
4.26,0.01,2000,"bu","11:06:23",1125800
4.26,0.01,200,"bu","11:06:17",1123800
4.26,0.01,700,"bu","11:05:06",1123600
4.26,0.01,5200,"sd","11:04:14",1122900
4.27,0.02,13400,"bu","11:03:26",1117700
4.27,0.02,2000,"bu","11:02:59",1104300
4.26,0.01,6600,"bu","11:01:42",1102300
4.26,0.01,500,"bu","11:01:40",1095700
4.26,0.01,2900,"sd","11:01:09",1095200
4.26,0.01,900,"bu","11:01:00",1092300
4.26,0.01,1000,"bu","11:00:49",1091400
4.26,0.01,2700,"bu","11:00:44",1090400
4.26,0.01,3400,"bu","11:00:39",1087700
4.26,0.01,2600,"sd","10:59:55",1084300
4.26,0.01,5000,"bu","10:59:49",1081700
4.25,0,2400,"bu","10:59:49",1076700
4.25,0,5600,"sd","10:59:38",1074300
4.25,0,1000,"sd","10:59:02",1068700
4.25,0,4000,"sd","10:58:51",1067700
4.25,0,10600,"bu","10:58:50",1063700
4.25,0,500,"sd","10:58:37",1053100
4.25,0,3500,"sd","10:58:23",1052600
4.25,0,1000,"sd","10:58:10",1049100
4.25,0,15000,"bu","10:58:04",1048100
4.25,0,100,"bu","10:58:01",1033100
4.25,0,30100,"sd","10:57:50",1033000
4.26,0.01,4800,"sd","10:57:50",1002900
4.27,0.02,700,"sd","10:57:47",998100
4.27,0.02,2000,"bu","10:57:22",997400
4.26,0.01,1000,"sd","10:57:22",995400
4.25,0,2000,"sd","10:55:20",994400
4.25,0,13900,"bu","10:54:51",992400
4.25,0,4300,"bu","10:54:31",978500
4.25,0,102000,"sd","10:54:23",974200
4.26,0.01,31900,"sd","10:54:23",872200
4.27,0.02,40300,"sd","10:54:17",840300
4.28,0.03,42000,"sd","10:54:17",800000
4.29,0.04,1100,"sd","10:54:16",758000
4.29,0.04,500,"bu","10:53:45",756900
4.29,0.04,500,"sd","10:53:11",756400
4.29,0.04,7000,"bu","10:52:59",755900
4.29,0.04,4500,"bu","10:52:29",748900
4.29,0.04,100,"bu","10:52:05",744400
4.29,0.04,4200,"bu","10:51:22",744300
4.29,0.04,200,"sd","10:50:34",740100
4.29,0.04,30000,"sd","10:49:56",739900
4.3,0.05,1000,"bu","10:49:14",709900
4.29,0.04,2000,"sd","10:48:24",708900
4.29,0.04,3800,"bu","10:48:09",706900
4.29,0.04,2800,"bu","10:47:08",703100
4.29,0.04,4000,"bu","10:45:29",700300
4.29,0.04,5800,"sd","10:44:32",696300
4.29,0.04,3200,"bu","10:44:24",690500
4.29,0.04,100,"bu","10:43:18",687300
4.29,0.04,2000,"bu","10:43:08",687200
4.29,0.04,300,"bu","10:42:50",685200
4.29,0.04,100,"bu","10:42:03",684900
4.29,0.04,500,"bu","10:41:58",684800
4.29,0.04,100,"bu","10:41:35",684300
4.29,0.04,2900,"bu","10:41:32",684200
4.29,0.04,800,"bu","10:41:24",681300
4.29,0.04,4000,"bu","10:41:10",680500
4.29,0.04,1100,"bu","10:41:03",676500
4.29,0.04,1000,"bu","10:40:45",675400
4.28,0.03,4000,"sd","10:40:39",674400
4.29,0.04,1500,"bu","10:40:38",670400
4.29,0.04,5700,"sd","10:40:37",668900
4.29,0.04,8300,"bu","10:40:33",663200
4.29,0.04,1700,"sd","10:40:20",654900
4.29,0.04,1000,"sd","10:39:57",653200
4.29,0.04,10000,"sd","10:39:50",652200
4.29,0.04,17700,"bu","10:39:32",642200
4.29,0.04,1400,"sd","10:39:03",624500
4.29,0.04,10000,"sd","10:38:59",623100
4.29,0.04,300,"sd","10:38:36",613100
4.29,0.04,20300,"bu","10:38:26",612800
4.29,0.04,10000,"bu","10:38:21",592500
4.29,0.04,23000,"bu","10:37:59",582500
4.29,0.04,9700,"bu","10:34:56",559500
4.28,0.03,300,"bu","10:34:56",549800
4.28,0.03,2200,"sd","10:34:11",549500
4.28,0.03,2000,"sd","10:33:54",547300
4.28,0.03,5000,"sd","10:33:28",545300
4.28,0.03,400,"sd","10:32:48",540300
4.29,0.04,400,"bu","10:32:33",539900
4.29,0.04,300,"bu","10:30:39",539500
4.29,0.04,500,"bu","10:30:23",539200
4.29,0.04,200,"bu","10:28:58",538700
4.29,0.04,200,"bu","10:28:32",538500
4.29,0.04,4100,"sd","10:27:44",538300
4.29,0.04,2000,"sd","10:27:34",534200
4.29,0.04,5000,"sd","10:27:25",532200
4.29,0.04,5000,"sd","10:26:56",527200
4.29,0.04,100,"sd","10:26:53",522200
4.3,0.05,5000,"bu","10:26:47",522100
4.3,0.05,2000,"bu","10:26:28",517100
4.3,0.05,2000,"bu","10:23:08",515100
4.3,0.05,2000,"bu","10:21:15",513100
4.3,0.05,200,"bu","10:19:57",511100
4.3,0.05,2100,"sd","10:19:55",510900
4.3,0.05,8000,"sd","10:19:48",508800
4.3,0.05,500,"sd","10:19:36",500800
4.3,0.05,200,"bu","10:19:01",500300
4.3,0.05,200,"bu","10:18:59",500100
4.3,0.05,300,"sd","10:18:42",499900
4.3,0.05,200,"bu","10:18:13",499600
4.3,0.05,2000,"bu","10:17:57",499400
4.3,0.05,100,"bu","10:17:37",497400
4.31,0.06,17500,"bu","10:17:30",497300
4.3,0.05,2500,"bu","10:17:30",479800
4.3,0.05,2500,"bu","10:16:36",477300
4.3,0.05,1000,"bu","10:15:45",474800
4.3,0.05,1400,"sd","10:15:43",473800
4.3,0.05,100,"sd","10:15:42",472400
4.3,0.05,600,"sd","10:15:36",472300
4.3,0.05,700,"bu","10:14:53",471700
4.3,0.05,1200,"bu","10:14:52",471000
4.3,0.05,1800,"bu","10:14:51",469800
4.3,0.05,500,"bu","10:13:40",468000
4.29,0.04,200,"sd","10:13:39",467500
4.3,0.05,14000,"bu","10:13:16",467300
4.3,0.05,5000,"bu","10:11:32",453300
4.3,0.05,3000,"bu","10:10:58",448300
4.3,0.05,10000,"bu","10:10:42",445300
4.3,0.05,10000,"bu","10:10:34",435300
4.29,0.04,500,"sd","10:10:24",425300
4.29,0.04,5000,"sd","10:09:57",424800
4.29,0.04,2000,"sd","10:09:50",419800
4.29,0.04,900,"bu","10:08:50",417800
4.29,0.04,100,"bu","10:08:33",416900
4.3,0.05,2000,"bu","10:08:27",416800
4.3,0.05,8800,"bu","10:08:23",414800
4.29,0.04,10000,"bu","10:08:00",404800
4.29,0.04,1000,"bu","10:07:17",394800
4.28,0.03,15000,"sd","10:05:53",393800
4.29,0.04,100,"bu","10:05:45",378800
4.29,0.04,200,"bu","10:05:07",378700
4.28,0.03,1200,"sd","10:03:04",378500
4.3,0.05,57300,"bu","10:02:47",377300
4.29,0.04,12700,"bu","10:02:47",320000
4.29,0.04,10000,"bu","10:02:10",307300
4.28,0.03,300,"sd","10:01:40",297300
4.28,0.03,100,"sd","10:01:02",297000
4.28,0.03,100,"sd","10:00:06",296900
4.28,0.03,100,"sd","09:59:09",296800
4.28,0.03,200,"sd","09:58:40",296700
4.29,0.04,1400,"bu","09:57:21",296500
4.28,0.03,3700,"bu","09:56:45",295100
4.28,0.03,5000,"bu","09:56:29",291400
4.28,0.03,1000,"bu","09:55:40",286400
4.28,0.03,2000,"bu","09:54:51",285400
4.28,0.03,4600,"bu","09:54:49",283400
4.28,0.03,400,"bu","09:54:38",278800
4.28,0.03,10000,"bu","09:54:34",278400
4.28,0.03,2900,"bu","09:54:16",268400
4.28,0.03,4000,"bu","09:50:35",265500
4.28,0.03,4400,"bu","09:50:19",261500
4.27,0.02,5400,"bu","09:49:11",257100
4.26,0.01,300,"sd","09:48:25",251700
4.26,0.01,13700,"bu","09:48:03",251400
4.26,0.01,5000,"bu","09:47:51",237700
4.25,0,900,"sd","09:47:44",232700
4.25,0,1400,"sd","09:46:23",231800
4.25,0,600,"sd","09:46:23",230400
4.25,0,900,"sd","09:45:24",229800
4.25,0,30000,"sd","09:44:18",228900
4.25,0,8000,"sd","09:43:28",198900
4.25,0,600,"sd","09:43:09",190900
4.25,0,1400,"sd","09:42:40",190300
4.25,0,9600,"sd","09:42:21",188900
4.26,0.01,100,"bu","09:41:28",179300
4.26,0.01,200,"bu","09:41:25",179200
4.26,0.01,300,"bu","09:41:21",179000
4.26,0.01,4000,"bu","09:41:17",178700
4.26,0.01,3500,"bu","09:41:09",174700
4.26,0.01,20000,"bu","09:40:59",171200
4.26,0.01,500,"bu","09:40:50",151200
4.26,0.01,2900,"bu","09:40:42",150700
4.26,0.01,3800,"sd","09:40:23",147800
4.26,0.01,1000,"sd","09:39:59",144000
4.27,0.02,5100,"sd","09:37:56",143000
4.27,0.02,5000,"sd","09:37:50",137900
4.27,0.02,2000,"sd","09:37:39",132900
4.27,0.02,1000,"sd","09:37:15",130900
4.28,0.03,10000,"bu","09:36:13",129900
4.28,0.03,500,"bu","09:35:17",119900
4.28,0.03,100,"bu","09:32:06",119400
4.27,0.02,400,"sd","09:31:38",119300
4.28,0.03,3200,"sd","09:30:59",118900
4.28,0.03,1000,"sd","09:30:45",115700
4.28,0.03,100,"sd","09:30:39",114700
4.28,0.03,100,"sd","09:30:35",114600
4.28,0.03,10000,"sd","09:30:33",114500
4.28,0.03,900,"sd","09:30:21",104500
4.28,0.03,7800,"sd","09:30:18",103600
4.29,0.04,400,"bu","09:29:20",95800
4.29,0.04,2000,"bu","09:28:49",95400
4.29,0.04,200,"bu","09:28:46",93400
4.29,0.04,2000,"bu","09:28:15",93200
4.29,0.04,900,"bu","09:28:01",91200
4.29,0.04,300,"bu","09:27:50",90300
4.29,0.04,700,"bu","09:27:31",90000
4.29,0.04,3100,"sd","09:27:30",89300
4.29,0.04,100,"sd","09:27:23",86200
4.3,0.05,16700,"bu","09:27:20",86100
4.29,0.04,8300,"sd","09:27:20",69400
4.29,0.04,5000,"sd","09:27:11",61100
4.29,0.04,2000,"sd","09:27:06",56100
4.29,0.04,10000,"sd","09:27:03",54100
4.29,0.04,1000,"sd","09:26:32",44100
4.29,0.04,300,"sd","09:26:25",43100
4.29,0.04,3200,"bu","09:26:08",42800
4.29,0.04,200,"bu","09:26:06",39600
4.29,0.04,5000,"bu","09:26:01",39400
4.29,0.04,1000,"bu","09:25:39",34400
4.28,0.03,3400,"sd","09:25:17",33400
4.29,0.04,100,"bu","09:25:13",30000
4.28,0.03,2000,"sd","09:23:50",29900
4.28,0.03,100,"sd","09:23:45",27900
4.28,0.03,2000,"sd","09:22:27",27800
4.28,0.03,200,"sd","09:22:23",25800
4.28,0.03,6800,"bu","09:22:18",25600
4.27,0.02,2300,"sd","09:22:16",18800
4.27,0.02,1100,"sd","09:21:55",16500
4.27,0.02,100,"sd","09:21:39",15400
4.28,0.03,5000,"bu","09:21:31",15300
4.28,0.03,300,"bu","09:21:17",10300
4.28,0.03,100,"bu","09:21:14",10000
4.28,0.03,100,"bu","09:20:25",9900
4.28,0.03,200,"sd","09:20:07",9800
4.27,0.02,1900,"sd","09:19:19",9600
4.28,0.03,100,"sd","09:19:19",7700
4.27,0.02,1000,"sd","09:19:05",7600
4.27,0.02,2000,"bu","09:18:39",6600
4.27,0.02,2000,"bu","09:17:40",4600
4.25,0,1000,"sd","09:16:35",2600
4.25,0,1600,"","09:15:02",1600
