"price","change","match_qtty","side","time","total_vol"
22900,200,9753000,"sd","09:44:01",9753000
22900,200,2000,"sd","09:44:07",9755000
22900,200,10000,"bu","09:44:26",9765000
22900,200,2000,"sd","09:44:27",9767000
22900,200,50000,"sd","09:45:00",9817000
22900,200,56000,"bu","09:45:13",9873000
22900,200,38000,"sd","09:45:30",9911000
22900,200,10000,"sd","09:45:34",9921000
22900,200,25000,"sd","09:45:56",9946000
22900,200,5000,"bu","09:46:12",9951000
23000,300,5000,"sd","09:46:13",9956000
22900,200,2000,"bu","09:46:15",9958000
22900,200,7000,"sd","09:46:17",9965000
22900,200,2000,"sd","09:46:50",9967000
22900,200,200000,"sd","09:47:01",10167000
22900,200,30000,"sd","09:47:02",10197000
22900,200,50000,"sd","09:47:14",10247000
22900,200,26000,"sd","09:47:20",10273000
22900,200,1000,"sd","09:47:27",10274000
22900,200,10000,"bu","09:47:38",10284000
22900,200,15000,"bu","09:47:40",10299000
22900,200,20000,"sd","09:48:08",10319000
22900,200,1000,"bu","09:48:12",10320000
22900,200,73000,"sd","09:48:22",10393000
22900,200,10000,"sd","09:48:25",10403000
22900,200,3000,"bu","09:48:31",10406000
22900,200,5000,"sd","09:48:40",10411000
22900,200,5000,"bu","09:48:57",10416000
22900,200,30000,"bu","09:49:18",10446000
22900,200,2000,"sd","09:49:56",10448000
22900,200,20000,"sd","09:50:18",10468000
23000,300,5000,"bu","09:50:24",10473000
22900,200,5000,"bu","09:50:25",10478000
22900,200,1000,"sd","09:50:28",10479000
23000,300,10000,"bu","09:50:31",10489000
22900,200,10000,"sd","09:50:35",10499000
22900,200,1000,"sd","09:50:51",10500000
22900,200,2000,"bu","09:51:53",10502000
23000,300,5000,"sd","09:52:12",10507000
22900,200,512000,"bu","09:52:17",11019000
22900,200,7000,"bu","09:52:23",11026000
22900,200,30000,"bu","09:52:27",11056000
22900,200,20000,"sd","09:52:33",11076000
22900,200,38000,"bu","09:52:37",11114000
22900,200,20000,"bu","09:52:39",11134000
22900,200,5000,"bu","09:52:44",11139000
22900,200,9000,"bu","09:52:46",11148000
22900,200,50000,"sd","09:53:06",11198000
22900,200,409000,"sd","09:53:11",11607000
22900,200,100000,"bu","09:53:12",11707000
22900,200,1000,"bu","09:53:36",11708000
22900,200,11000,"sd","09:53:38",11719000
22900,200,5000,"sd","09:53:44",11724000
23000,300,2000,"sd","09:53:50",11726000
23000,300,11000,"sd","09:54:28",11737000
23000,300,4000,"bu","09:54:29",11741000
22900,200,5000,"bu","09:55:18",11746000
22900,200,1000,"sd","09:55:50",11747000
22900,200,1000,"sd","09:56:37",11748000
22900,200,10000,"bu","09:56:43",11758000
23000,300,10000,"sd","09:57:06",11768000
23000,300,35000,"bu","09:57:14",11803000
22900,200,5000,"bu","09:57:16",11808000
22900,200,10000,"bu","09:57:22",11818000
23000,300,3000,"bu","09:58:01",11821000
23000,300,6000,"bu","09:58:22",11827000
22900,200,3000,"bu","09:59:46",11830000
22900,200,7000,"bu","09:59:57",11837000
22900,200,1000,"bu","10:00:03",11838000
22900,200,17000,"bu","10:00:11",11855000
23000,300,5000,"bu","10:00:25",11860000
22900,200,1000,"bu","10:01:24",11861000
22900,200,10000,"bu","10:01:30",11871000
22900,200,914000,"sd","10:01:36",12785000
22900,200,1000,"sd","10:01:39",12786000
22900,200,1000,"sd","10:01:39",12786000
22900,200,2000,"sd","10:01:40",12788000
22900,200,20000,"sd","10:02:02",12808000
22900,200,2000,"bu","10:02:07",12810000
22900,200,20000,"bu","10:02:11",12830000
22900,200,19000,"sd","10:02:13",12849000
22900,200,1000,"sd","10:02:16",12850000
22900,200,2000,"bu","10:02:18",12852000
22900,200,2000,"bu","10:02:25",12854000
22900,200,5000,"sd","10:02:29",12859000
22900,200,20000,"sd","10:02:31",12879000
22900,200,1000,"sd","10:02:33",12880000
22900,200,3000,"sd","10:02:47",12883000
22900,200,1000,"bu","10:02:48",12884000
22900,200,5000,"sd","10:02:52",12889000
22900,200,1000,"bu","10:02:53",12890000
22900,200,4000,"sd","10:02:54",12894000
22900,200,5000,"sd","10:02:56",12899000
22900,200,100000,"bu","10:03:07",12999000
22900,200,30000,"bu","10:03:09",13029000
22900,200,7000,"sd","10:03:19",13036000
22900,200,5000,"sd","10:03:27",13041000
22900,200,1000,"sd","10:03:30",13042000
22900,200,1000,"bu","10:03:48",13043000
22900,200,11000,"bu","10:03:57",13054000
22900,200,10000,"bu","10:03:59",13064000
22900,200,3000,"bu","10:04:09",13067000
22900,200,1000,"bu","10:04:25",13068000
22800,100,38000,"sd","10:04:27",13106000
22900,200,1000,"bu","10:04:52",13107000
22900,200,2000,"bu","10:05:07",13109000
22900,200,5000,"bu","10:05:25",13114000
22900,200,1000,"bu","10:05:27",13115000
22900,200,2000,"sd","10:05:28",13117000
22900,200,13000,"sd","10:05:36",13130000
22900,200,7000,"sd","10:05:45",13137000
22900,200,29000,"bu","10:05:50",13166000
22900,200,5000,"sd","10:06:13",13171000
22800,100,30000,"sd","10:06:19",13201000
22900,200,5000,"bu","10:06:20",13206000
22900,200,10000,"sd","10:07:01",13216000
22900,200,1000,"sd","10:07:36",13217000
22800,100,10000,"bu","10:07:38",13227000
22800,100,5000,"sd","10:08:05",13232000
22800,100,2000,"bu","10:08:10",13234000
22800,100,4000,"sd","10:08:25",13238000
22800,100,5000,"sd","10:09:45",13243000
22800,100,31000,"bu","10:09:55",13274000
22900,200,4000,"bu","10:09:56",13278000
22900,200,4000,"bu","10:10:40",13282000
22900,200,1000,"sd","10:10:55",13283000
22900,200,2000,"bu","10:11:46",13285000
22900,200,200000,"bu","10:12:41",13485000
22900,200,5000,"sd","10:12:53",13490000
22900,200,20000,"sd","10:13:05",13510000
22800,100,1000,"bu","10:13:18",13511000
22900,200,30000,"sd","10:13:34",13541000
22800,100,5000,"sd","10:13:36",13546000
22800,100,13000,"bu","10:13:53",13559000
22900,200,4000,"bu","10:14:04",13563000
22800,100,1000,"bu","10:14:19",13564000
22800,100,17000,"bu","10:14:55",13581000
22800,100,24000,"bu","10:15:02",13605000
22900,200,30000,"sd","10:15:29",13635000
22800,100,1000,"bu","10:16:45",13636000
22800,100,3000,"bu","10:17:13",13639000
22800,100,196000,"bu","10:17:43",13835000
22800,100,170000,"sd","10:17:48",14005000
22800,100,7000,"sd","10:18:36",14012000
22800,100,4000,"sd","10:18:41",14016000
22900,200,20000,"bu","10:18:44",14036000
22800,100,10000,"sd","10:19:06",14046000
22800,100,2000,"bu","10:19:27",14048000
22900,200,136000,"sd","10:19:34",14184000
22900,200,10000,"sd","10:19:59",14194000
22900,200,12000,"sd","10:21:51",14206000
22800,100,30000,"sd","10:22:13",14236000
22800,100,5000,"bu","10:22:25",14241000
22800,100,1000,"bu","10:22:37",14242000
22800,100,8000,"sd","10:22:43",14250000
22800,100,2000,"bu","10:23:01",14252000
22800,100,1000,"sd","10:23:15",14253000
22900,200,3000,"bu","10:23:42",14256000
22900,200,10000,"sd","10:25:22",14266000
22800,100,6000,"sd","10:25:28",14272000
22800,100,202000,"bu","10:25:41",14474000
22800,100,10000,"bu","10:25:53",14484000
22800,100,9000,"sd","10:26:24",14493000
22800,100,3000,"sd","10:26:28",14496000
22800,100,25000,"bu","10:26:33",14521000
22800,100,20000,"bu","10:26:34",14541000
22800,100,1000,"sd","10:26:46",14542000
22800,100,6000,"sd","10:27:34",14548000
22800,100,35000,"sd","10:27:36",14583000
22800,100,5000,"bu","10:27:38",14588000
22900,200,1000,"sd","10:27:43",14589000
22900,200,1000,"sd","10:28:10",14590000
22900,200,37000,"sd","10:28:39",14627000
22800,100,10000,"bu","10:28:42",14637000
22800,100,6000,"bu","10:28:52",14643000
22800,100,80000,"bu","10:29:07",14723000
22800,100,30000,"bu","10:29:19",14753000
22800,100,160000,"bu","10:29:37",14913000
22800,100,1000,"sd","10:29:58",14914000
22800,100,1000,"sd","10:30:04",14915000
22800,100,10000,"sd","10:30:15",14925000
22800,100,10000,"sd","10:30:18",14935000
22800,100,2000,"sd","10:30:34",14937000
22800,100,1000,"sd","10:30:35",14938000
22800,100,9000,"sd","10:30:40",14947000
22800,100,1000,"sd","10:31:03",14948000
22800,100,50000,"bu","10:31:09",14998000
22900,200,2000,"bu","10:31:11",15000000
22800,100,2000,"sd","10:31:22",15002000
22800,100,4000,"sd","10:32:10",15006000
22800,100,8000,"bu","10:32:19",15014000
22800,100,5000,"bu","10:32:31",15019000
22800,100,5000,"sd","10:33:01",15024000
22800,100,1000,"bu","10:33:07",15025000
22800,100,80000,"sd","10:33:19",15105000
22800,100,10000,"bu","10:33:23",15115000
22800,100,50000,"sd","10:33:27",15165000
22800,100,1000,"bu","10:33:31",15166000
22800,100,10000,"bu","10:33:41",15176000
22900,200,10000,"bu","10:33:43",15186000
22800,100,8000,"bu","10:33:47",15194000
22800,100,100000,"sd","10:33:54",15294000
22800,100,90000,"bu","10:34:19",15384000
22800,100,20000,"sd","10:34:27",15404000
22800,100,50000,"sd","10:34:35",15454000
22800,100,14000,"sd","10:34:41",15468000
22800,100,7000,"bu","10:34:45",15475000
22800,100,16000,"bu","10:34:47",15491000
22800,100,92000,"sd","10:35:00",15583000
22800,100,10000,"bu","10:35:03",15593000
22800,100,10000,"sd","10:35:27",15603000
22800,100,50000,"bu","10:35:28",15653000
22800,100,10000,"bu","10:36:19",15663000
22800,100,20000,"bu","10:36:24",15683000
22800,100,1000,"sd","10:36:25",15684000
22800,100,18000,"sd","10:36:30",15702000
22800,100,36000,"sd","10:36:49",15738000
22800,100,50000,"sd","10:37:04",15788000
22800,100,3000,"bu","10:37:19",15791000
22800,100,1000,"sd","10:37:28",15792000
22800,100,10000,"sd","10:37:51",15802000
22800,100,2000,"bu","10:37:59",15804000
22800,100,20000,"sd","10:38:08",15824000
22800,100,420000,"sd","10:38:53",16244000
22800,100,13000,"sd","10:38:56",16257000
22800,100,5000,"bu","10:39:29",16262000
22800,100,50000,"sd","10:39:33",16312000
22800,100,40000,"sd","10:39:47",16352000
22900,200,1000,"bu","10:39:50",16353000
22800,100,2000,"bu","10:39:55",16355000
22800,100,50000,"bu","10:40:31",16405000
22800,100,10000,"bu","10:40:39",16415000
22800,100,5000,"sd","10:40:44",16420000
22800,100,1000,"sd","10:40:46",16421000
22800,100,1000,"bu","10:40:48",16422000
22800,100,27000,"sd","10:40:56",16449000
22800,100,1000,"bu","10:41:00",16450000
22800,100,50000,"sd","10:41:06",16500000
22800,100,100000,"bu","10:41:10",16600000
22800,100,20000,"sd","10:41:44",16620000
22800,100,10000,"sd","10:41:52",16630000
22800,100,40000,"bu","10:42:08",16670000
22800,100,50000,"bu","10:42:19",16720000
22800,100,20000,"bu","10:42:24",16740000
22800,100,100000,"bu","10:42:40",16840000
22800,100,5000,"bu","10:42:53",16845000
22800,100,5000,"bu","10:43:00",16850000
22800,100,1000000,"bu","10:43:05",17850000
22800,100,50000,"bu","10:43:09",17900000
22800,100,443000,"sd","10:43:12",18343000
22800,100,625000,"bu","10:43:15",18968000
22800,100,75000,"sd","10:43:17",19043000
22800,100,8000,"bu","10:43:18",19051000
22800,100,200000,"bu","10:43:25",19251000
22800,100,1000,"bu","10:43:26",19252000
22800,100,42000,"bu","10:43:27",19294000
22800,100,174000,"bu","10:43:30",19468000
22800,100,1000,"sd","10:43:46",19469000
22800,100,10000,"sd","10:43:50",19479000
22800,100,1000,"bu","10:44:20",19480000
22800,100,50000,"bu","10:44:28",19530000
22800,100,9000,"bu","10:44:39",19539000
22800,100,50000,"bu","10:44:42",19589000
22800,100,14000,"sd","10:44:53",19603000
22800,100,5000,"bu","10:44:54",19608000
22800,100,1000,"sd","10:44:55",19609000
22800,100,1000,"sd","10:44:58",19610000
22800,100,5000,"sd","10:45:09",19615000
22800,100,3000,"bu","10:45:17",19618000
22800,100,5000,"sd","10:45:32",19623000
22800,100,3000,"bu","10:45:42",19626000
22800,100,10000,"sd","10:46:04",19636000
22800,100,1000,"bu","10:47:43",19637000
22800,100,73000,"bu","10:47:48",19710000
22800,100,2000,"sd","10:48:08",19712000
22800,100,1000,"bu","10:48:10",19713000
22800,100,3000,"sd","10:48:17",19716000
22800,100,7000,"sd","10:48:27",19723000
22800,100,4000,"sd","10:48:33",19727000
22800,100,80000,"sd","10:48:37",19807000
22700,0,1000,"sd","10:48:52",19808000
22800,100,300000,"bu","10:48:59",20108000
22800,100,10000,"sd","10:49:05",20118000
22800,100,23000,"bu","10:49:19",20141000
22800,100,21000,"bu","10:49:21",20162000
22800,100,1000,"sd","10:49:45",20163000
22800,100,4000,"sd","10:50:00",20167000
22800,100,1000,"bu","10:50:04",20168000
22800,100,1000,"bu","10:50:16",20169000
22800,100,30000,"bu","10:50:42",20199000
22800,100,13000,"bu","10:50:51",20212000
22800,100,10000,"bu","10:51:20",20222000
22800,100,30000,"bu","10:51:33",20252000
22800,100,46000,"sd","10:51:39",20298000
22800,100,1000,"sd","10:51:55",20299000
22800,100,16000,"sd","10:52:36",20315000
22800,100,180000,"sd","10:53:04",20495000
22800,100,100000,"sd","10:53:05",20595000
22800,100,70000,"bu","10:53:09",20665000
22800,100,8000,"bu","10:53:11",20673000
22800,100,4000,"sd","10:53:12",20677000
22800,100,160000,"sd","10:53:15",20837000
22800,100,199000,"bu","10:53:19",21036000
22800,100,39000,"bu","10:53:23",21075000
22800,100,6000,"sd","10:53:25",21081000
22800,100,25000,"bu","10:53:27",21106000
22800,100,11000,"sd","10:53:30",21117000
22800,100,9000,"sd","10:53:37",21126000
22800,100,79000,"sd","10:53:38",21205000
22700,0,6000,"bu","10:54:09",21211000
22700,0,3000,"bu","10:54:19",21214000
22700,0,50000,"bu","10:54:32",21264000
22700,0,386000,"sd","10:54:37",21650000
22800,100,1000,"sd","10:54:44",21651000
22700,0,160000,"bu","10:54:46",21811000
22700,0,50000,"bu","10:54:53",21861000
22700,0,20000,"sd","10:54:54",21881000
22700,0,20000,"sd","10:54:55",21901000
22700,0,77000,"sd","10:55:03",21978000
22700,0,1000000,"sd","10:55:04",22978000
22700,0,423000,"bu","10:55:07",23401000
22700,0,11000,"bu","10:55:09",23412000
22700,0,27000,"bu","10:55:10",23439000
22700,0,30000,"sd","10:55:11",23469000
22700,0,8000,"sd","10:55:12",23477000
22700,0,126000,"sd","10:55:13",23603000
22700,0,684000,"bu","10:55:15",24287000
22700,0,10000,"bu","10:55:24",24297000
22600,-100,137000,"bu","10:55:36",24434000
22600,-100,10000,"sd","10:55:40",24444000
22700,0,20000,"bu","10:55:49",24464000
22600,-100,50000,"bu","10:55:51",24514000
22600,-100,40000,"sd","10:56:04",24554000
22600,-100,5000,"bu","10:56:05",24559000
22600,-100,138000,"bu","10:56:07",24697000
22600,-100,130000,"sd","10:56:09",24827000
22600,-100,5000,"sd","10:56:11",24832000
22600,-100,2000,"sd","10:56:14",24834000
22600,-100,10000,"bu","10:56:15",24844000
22600,-100,2000,"sd","10:56:24",24846000
22600,-100,20000,"bu","10:56:28",24866000
22600,-100,3000,"bu","10:56:29",24869000
22600,-100,50000,"sd","10:56:36",24919000
22600,-100,1000,"bu","10:56:45",24920000
22600,-100,2000,"bu","10:56:58",24922000
22600,-100,40000,"bu","10:57:03",24962000
22600,-100,1002000,"sd","10:57:08",25964000
22600,-100,50000,"bu","10:57:11",26014000
22700,0,100000,"bu","10:57:15",26114000
22600,-100,50000,"sd","10:57:18",26164000
22600,-100,70000,"sd","10:57:21",26234000
22600,-100,50000,"bu","10:57:22",26284000
22600,-100,35000,"bu","10:57:24",26319000
22600,-100,30000,"sd","10:57:26",26349000
22600,-100,236000,"bu","10:57:28",26585000
22600,-100,50000,"sd","10:57:29",26635000
22600,-100,30000,"bu","10:57:30",26665000
22600,-100,5000,"bu","10:57:35",26670000
22600,-100,19000,"bu","10:57:37",26689000
22600,-100,54000,"sd","10:57:39",26743000
22600,-100,9000,"bu","10:57:42",26752000
22600,-100,1000,"bu","10:57:43",26753000
22600,-100,88000,"bu","10:57:52",26841000
22600,-100,5000,"bu","10:57:54",26846000
22600,-100,54000,"bu","10:57:56",26900000
22600,-100,344000,"sd","10:58:00",27244000
22600,-100,20000,"bu","10:58:06",27264000
22600,-100,19000,"sd","10:58:09",27283000
22600,-100,5000,"sd","10:58:11",27288000
22600,-100,50000,"sd","10:58:12",27338000
22600,-100,2000,"bu","10:58:16",27340000
22600,-100,6000,"sd","10:58:18",27346000
22600,-100,235000,"bu","10:58:29",27581000
22600,-100,4000,"sd","10:58:30",27585000
22600,-100,10000,"sd","10:58:34",27595000
22600,-100,11000,"sd","10:58:38",27606000
22600,-100,2000,"bu","10:58:39",27608000
22600,-100,14000,"sd","10:58:43",27622000
22600,-100,189000,"bu","10:58:46",27811000
22600,-100,5000,"sd","10:58:50",27816000
22600,-100,8000,"sd","10:58:53",27824000
22600,-100,6000,"sd","10:58:57",27830000
22600,-100,100000,"sd","10:59:10",27930000
22600,-100,43000,"sd","10:59:15",27973000
22600,-100,39000,"sd","10:59:27",28012000
22600,-100,100000,"bu","10:59:31",28112000
22600,-100,2000,"bu","10:59:32",28114000
22600,-100,8000,"sd","10:59:33",28122000
22700,0,1000,"bu","10:59:38",28123000
22700,0,3000,"sd","10:59:46",28126000
22700,0,5000,"bu","10:59:54",28131000
22600,-100,5000,"sd","10:59:55",28136000
22700,0,5000,"sd","11:00:02",28141000
22600,-100,80000,"bu","11:00:04",28221000
22600,-100,20000,"sd","11:00:09",28241000
22600,-100,5000,"sd","11:00:19",28246000
22600,-100,250000,"bu","11:00:20",28496000
22700,0,1000,"sd","11:00:25",28497000
22700,0,41000,"bu","11:00:28",28538000
22600,-100,10000,"sd","11:00:31",28548000
22700,0,3000,"bu","11:00:32",28551000
22700,0,30000,"bu","11:00:41",28581000
22600,-100,4000,"bu","11:00:42",28585000
22700,0,3000,"sd","11:00:49",28588000
22700,0,3000,"sd","11:00:50",28591000
22700,0,5000,"bu","11:00:56",28596000
22700,0,5000,"bu","11:00:59",28601000
22700,0,138000,"bu","11:01:02",28739000
22700,0,5000,"sd","11:01:10",28744000
22700,0,1000,"sd","11:01:18",28745000
22600,-100,50000,"sd","11:01:20",28795000
22700,0,1000,"sd","11:01:22",28796000
22700,0,70000,"bu","11:01:24",28866000
22700,0,50000,"sd","11:01:26",28916000
22700,0,20000,"sd","11:01:29",28936000
22700,0,5000,"sd","11:01:30",28941000
22700,0,5000,"bu","11:01:32",28946000
22700,0,185000,"sd","11:01:34",29131000
22700,0,25000,"sd","11:01:37",29156000
22700,0,2000,"sd","11:01:38",29158000
22700,0,32000,"bu","11:01:39",29190000
22700,0,5000,"sd","11:01:41",29195000
22700,0,20000,"sd","11:01:42",29215000
22700,0,5000,"sd","11:01:43",29220000
22700,0,7000,"sd","11:01:44",29227000
22700,0,16000,"sd","11:01:46",29243000
22700,0,3000,"bu","11:01:48",29246000
22700,0,16000,"bu","11:01:49",29262000
22700,0,10000,"bu","11:01:51",29272000
22700,0,56000,"bu","11:01:52",29328000
22700,0,1000,"bu","11:01:53",29329000
22700,0,21000,"bu","11:01:54",29350000
22700,0,63000,"bu","11:01:55",29413000
22700,0,1000,"bu","11:01:57",29414000
22700,0,1000,"sd","11:01:59",29415000
22700,0,5000,"bu","11:02:01",29420000
22700,0,35000,"sd","11:02:03",29455000
22700,0,10000,"sd","11:02:04",29465000
22700,0,10000,"bu","11:02:10",29475000
22700,0,15000,"sd","11:02:11",29490000
22700,0,90000,"bu","11:02:37",29580000
22700,0,7000,"bu","11:02:38",29587000
22700,0,11000,"bu","11:02:40",29598000
22700,0,50000,"sd","11:02:42",29648000
22700,0,150000,"sd","11:02:53",29798000
22700,0,10000,"bu","11:03:00",29808000
22700,0,6000,"bu","11:03:05",29814000
22700,0,30000,"sd","11:03:07",29844000
22700,0,426000,"bu","11:03:08",30270000
22700,0,1000,"sd","11:03:13",30271000
22700,0,1000,"bu","11:03:14",30272000
22800,100,2000,"bu","11:03:40",30274000
22800,100,1000,"sd","11:03:49",30275000
22800,100,1000,"sd","11:04:05",30276000
22700,0,8000,"sd","11:04:17",30284000
22700,0,6000,"bu","11:04:30",30290000
22700,0,116000,"bu","11:04:53",30406000
22700,0,2000,"bu","11:04:56",30408000
22700,0,160000,"bu","11:05:04",30568000
22700,0,58000,"sd","11:05:21",30626000
22700,0,1000,"sd","11:05:23",30627000
22700,0,52000,"bu","11:05:31",30679000
22700,0,2000,"bu","11:05:35",30681000
22700,0,41000,"bu","11:05:36",30722000
22700,0,186000,"bu","11:05:39",30908000
22700,0,7000,"bu","11:05:41",30915000
22700,0,50000,"sd","11:05:45",30965000
22700,0,2000,"bu","11:05:57",30967000
22700,0,5000,"bu","11:06:04",30972000
22800,100,130000,"bu","11:06:05",31102000
22700,0,9000,"bu","11:06:07",31111000
22700,0,21000,"bu","11:06:14",31132000
22700,0,29000,"sd","11:06:17",31161000
22700,0,5000,"sd","11:06:30",31166000
22700,0,11000,"bu","11:06:31",31177000
22600,-100,30000,"bu","11:06:41",31207000
22700,0,1000,"sd","11:06:44",31208000
22700,0,18000,"sd","11:07:00",31226000
22600,-100,10000,"sd","11:07:07",31236000
22700,0,30000,"sd","11:07:14",31266000
22700,0,10000,"sd","11:07:15",31276000
22700,0,4000,"bu","11:07:29",31280000
22700,0,1000,"bu","11:07:41",31281000
22700,0,20000,"sd","11:07:42",31301000
22700,0,1000,"sd","11:07:45",31302000
22700,0,1000,"bu","11:07:47",31303000
22700,0,1000,"sd","11:07:52",31304000
22700,0,1000,"sd","11:07:54",31305000
22600,-100,100000,"sd","11:07:56",31405000
22700,0,12000,"bu","11:08:00",31417000
22700,0,10000,"sd","11:08:34",31427000
22600,-100,50000,"bu","11:08:44",31477000
22700,0,1000,"bu","11:08:47",31478000
22700,0,2000,"sd","11:09:29",31480000
22600,-100,20000,"bu","11:09:49",31500000
22600,-100,5000,"sd","11:10:19",31505000
22600,-100,10000,"sd","11:10:34",31515000
22600,-100,10000,"bu","11:10:41",31525000
22600,-100,10000,"bu","11:10:51",31535000
22600,-100,5000,"bu","11:11:01",31540000
22700,0,4000,"sd","11:11:05",31544000
22600,-100,1000,"bu","11:11:33",31545000
22600,-100,20000,"sd","11:11:39",31565000
22700,0,10000,"sd","11:11:40",31575000
22600,-100,10000,"sd","11:11:43",31585000
22600,-100,3000,"sd","11:11:59",31588000
22600,-100,10000,"sd","11:12:15",31598000
22600,-100,10000,"sd","11:12:17",31608000
22600,-100,10000,"bu","11:12:23",31618000
22700,0,20000,"bu","11:12:27",31638000
22600,-100,10000,"sd","11:12:29",31648000
22600,-100,2000,"sd","11:12:32",31650000
22700,0,1000,"sd","11:12:38",31651000
22600,-100,10000,"sd","11:13:11",31661000
22600,-100,100000,"sd","11:13:26",31761000
22600,-100,9000,"sd","11:13:32",31770000
22600,-100,20000,"bu","11:13:37",31790000
22600,-100,10000,"sd","11:13:40",31800000
22600,-100,100000,"sd","11:13:43",31900000
22600,-100,18000,"bu","11:13:45",31918000
22600,-100,40000,"bu","11:13:46",31958000
22600,-100,20000,"bu","11:13:58",31978000
22600,-100,45000,"bu","11:13:59",32023000
22600,-100,5000,"bu","11:14:02",32028000
22600,-100,10000,"bu","11:14:03",32038000
22600,-100,25000,"sd","11:14:10",32063000
22600,-100,10000,"bu","11:14:11",32073000
22600,-100,200000,"sd","11:14:13",32273000
22600,-100,1000,"bu","11:14:22",32274000
22600,-100,40000,"sd","11:14:23",32314000
22600,-100,20000,"sd","11:14:30",32334000
22600,-100,67000,"sd","11:14:35",32401000
22600,-100,14000,"bu","11:14:38",32415000
22600,-100,20000,"bu","11:14:41",32435000
22600,-100,20000,"bu","11:14:43",32455000
22600,-100,50000,"bu","11:15:05",32505000
22600,-100,150000,"sd","11:15:06",32655000
22600,-100,200000,"sd","11:15:14",32855000
22600,-100,10000,"bu","11:15:15",32865000
22600,-100,16000,"bu","11:15:23",32881000
22600,-100,55000,"sd","11:15:24",32936000
22600,-100,28000,"bu","11:15:30",32964000
22600,-100,12000,"bu","11:15:31",32976000
22600,-100,18000,"bu","11:15:33",32994000
22600,-100,13000,"bu","11:15:36",33007000
22600,-100,28000,"sd","11:15:37",33035000
22600,-100,20000,"bu","11:15:39",33055000
22600,-100,200000,"bu","11:15:40",33255000
22600,-100,141000,"sd","11:15:44",33396000
22600,-100,4000,"sd","11:15:48",33400000
22600,-100,30000,"sd","11:15:49",33430000
22600,-100,20000,"bu","11:15:50",33450000
22600,-100,18000,"bu","11:15:52",33468000
22600,-100,400000,"bu","11:15:55",33868000
22600,-100,40000,"bu","11:15:57",33908000
22600,-100,10000,"bu","11:16:00",33918000
22600,-100,2000,"sd","11:16:01",33920000
22600,-100,78000,"bu","11:16:03",33998000
22600,-100,355000,"sd","11:16:04",34353000
22600,-100,10000,"bu","11:16:05",34363000
22600,-100,10000,"sd","11:16:06",34373000
22500,-200,305000,"sd","11:16:10",34678000
22600,-100,7000,"bu","11:16:12",34685000
22600,-100,200000,"bu","11:16:18",34885000
22600,-100,1000,"bu","11:16:21",34886000
22600,-100,10000,"bu","11:16:22",34896000
22600,-100,1000,"bu","11:16:24",34897000
22500,-200,300000,"sd","11:16:28",35197000
22600,-100,2000,"bu","11:16:29",35199000
22500,-200,20000,"bu","11:16:44",35219000
22600,-100,10000,"bu","11:16:50",35229000
22600,-100,1000,"bu","11:16:51",35230000
22600,-100,5000,"bu","11:17:10",35235000
22600,-100,2000,"sd","11:17:11",35237000
22600,-100,10000,"bu","11:17:14",35247000
22600,-100,5000,"sd","11:17:21",35252000
22600,-100,23000,"bu","11:17:24",35275000
22600,-100,1000,"sd","11:17:26",35276000
22600,-100,3000,"sd","11:17:29",35279000
22500,-200,3000,"bu","11:17:30",35282000
22600,-100,22000,"sd","11:17:32",35304000
22600,-100,10000,"sd","11:17:37",35314000
22600,-100,5000,"bu","11:17:41",35319000
22600,-100,3000,"sd","11:17:48",35322000
22600,-100,10000,"sd","11:17:51",35332000
22600,-100,80000,"bu","11:17:53",35412000
22600,-100,30000,"bu","11:17:56",35442000
22600,-100,1000,"bu","11:18:04",35443000
22600,-100,2000,"sd","11:18:05",35445000
22600,-100,1000,"sd","11:18:09",35446000
22600,-100,2000,"bu","11:18:15",35448000
22600,-100,30000,"sd","11:18:16",35478000
22600,-100,11000,"sd","11:18:19",35489000
22600,-100,50000,"sd","11:18:21",35539000
22500,-200,10000,"bu","11:18:26",35549000
22600,-100,7000,"bu","11:18:27",35556000
22600,-100,8000,"bu","11:18:37",35564000
22600,-100,7000,"bu","11:18:38",35571000
22600,-100,20000,"sd","11:18:39",35591000
22600,-100,6000,"bu","11:18:43",35597000
22600,-100,10000,"sd","11:18:48",35607000
22600,-100,2000,"sd","11:18:55",35609000
22600,-100,3000,"sd","11:18:59",35612000
22600,-100,25000,"bu","11:19:00",35637000
22500,-200,220000,"sd","11:19:02",35857000
22600,-100,1000,"sd","11:19:05",35858000
22600,-100,5000,"sd","11:19:10",35863000
22600,-100,5000,"bu","11:19:16",35868000
22600,-100,11000,"sd","11:19:18",35879000
22600,-100,10000,"sd","11:19:19",35889000
22600,-100,5000,"bu","11:19:35",35894000
22600,-100,1000,"bu","11:19:47",35895000
22600,-100,11000,"bu","11:19:48",35906000
22500,-200,80000,"sd","11:19:58",35986000
22600,-100,2000,"sd","11:19:59",35988000
22500,-200,1000,"bu","11:20:00",35989000
22600,-100,1000,"sd","11:20:01",35990000
22600,-100,5000,"sd","11:20:03",35995000
22600,-100,2000,"sd","11:20:08",35997000
22600,-100,60000,"sd","11:20:11",36057000
22500,-200,50000,"bu","11:20:17",36107000
22600,-100,1000,"bu","11:20:18",36108000
22600,-100,4000,"sd","11:20:22",36112000
22500,-200,40000,"bu","11:20:25",36152000
22600,-100,3000,"bu","11:20:31",36155000
22500,-200,4000,"bu","11:20:36",36159000
22500,-200,34000,"bu","11:20:45",36193000
22600,-100,20000,"bu","11:20:47",36213000
22500,-200,50000,"sd","11:20:55",36263000
22500,-200,1000,"sd","11:21:00",36264000
22500,-200,1000,"sd","11:21:02",36265000
22600,-100,310000,"bu","11:21:05",36575000
22500,-200,4000,"bu","11:21:11",36579000
22600,-100,1000,"sd","11:21:14",36580000
22600,-100,5000,"sd","11:21:16",36585000
22600,-100,306000,"bu","11:21:20",36891000
22600,-100,2000,"sd","11:21:28",36893000
22600,-100,1000,"bu","11:21:29",36894000
22600,-100,5000,"sd","11:21:34",36899000
22600,-100,410000,"bu","11:21:37",37309000
22600,-100,2000,"bu","11:21:44",37311000
22600,-100,3000,"sd","11:21:45",37314000
22600,-100,51000,"bu","11:21:46",37365000
22600,-100,1000,"sd","11:21:51",37366000
22600,-100,10000,"bu","11:21:54",37376000
22600,-100,20000,"sd","11:22:07",37396000
22600,-100,2000,"sd","11:22:08",37398000
22600,-100,300000,"bu","11:22:09",37698000
22600,-100,29000,"sd","11:22:11",37727000
22600,-100,24000,"bu","11:22:12",37751000
22600,-100,5000,"sd","11:22:14",37756000
22600,-100,21000,"sd","11:22:15",37777000
22600,-100,111000,"bu","11:22:16",37888000
22600,-100,100000,"sd","11:22:18",37988000
22600,-100,8000,"sd","11:22:19",37996000
22600,-100,1000,"sd","11:22:20",37997000
22600,-100,51000,"sd","11:22:21",38048000
22600,-100,1000,"sd","11:22:22",38049000
22600,-100,273000,"bu","11:22:23",38322000
22600,-100,10000,"sd","11:22:24",38332000
22600,-100,90000,"bu","11:22:32",38422000
22600,-100,80000,"bu","11:22:41",38502000
22600,-100,22000,"sd","11:22:54",38524000
22600,-100,35000,"bu","11:23:03",38559000
22600,-100,30000,"bu","11:23:10",38589000
22600,-100,65000,"sd","11:23:14",38654000
22700,0,20000,"sd","11:23:18",38674000
22600,-100,20000,"sd","11:23:21",38694000
22600,-100,8000,"sd","11:23:22",38702000
22600,-100,80000,"bu","11:23:40",38782000
22600,-100,29000,"bu","11:23:42",38811000
22600,-100,10000,"sd","11:23:52",38821000
22600,-100,40000,"bu","11:23:54",38861000
22600,-100,3000,"sd","11:23:57",38864000
22600,-100,45000,"sd","11:24:01",38909000
22600,-100,37000,"bu","11:24:06",38946000
22600,-100,54000,"sd","11:24:08",39000000
22600,-100,14000,"sd","11:24:12",39014000
22600,-100,49000,"sd","11:24:14",39063000
22600,-100,5000,"bu","11:24:15",39068000
22600,-100,45000,"bu","11:24:18",39113000
22600,-100,2000,"sd","11:24:22",39115000
22600,-100,54000,"bu","11:24:28",39169000
22600,-100,90000,"sd","11:24:33",39259000
22600,-100,30000,"sd","11:24:35",39289000
22600,-100,3000,"bu","11:24:38",39292000
22600,-100,5000,"sd","11:24:43",39297000
22600,-100,35000,"bu","11:24:50",39332000
22600,-100,195000,"sd","11:24:53",39527000
22600,-100,15000,"bu","11:24:54",39542000
22600,-100,10000,"sd","11:25:05",39552000
22600,-100,350000,"sd","11:25:06",39902000
22600,-100,98000,"sd","11:25:14",40000000
22600,-100,28000,"sd","11:25:27",40028000
22600,-100,4000,"sd","11:25:31",40032000
22700,0,20000,"sd","11:25:33",40052000
22700,0,10000,"bu","11:25:41",40062000
22700,0,1000,"bu","11:25:48",40063000
22700,0,5000,"sd","11:25:49",40068000
22700,0,5000,"bu","11:25:54",40073000
22600,-100,6000,"sd","11:25:58",40079000
22600,-100,79000,"sd","11:25:59",40158000
22600,-100,5000,"bu","11:26:13",40163000
22600,-100,50000,"bu","11:26:18",40213000
22700,0,10000,"bu","11:26:19",40223000
22600,-100,6000,"bu","11:26:36",40229000
22600,-100,49000,"bu","11:27:01",40278000
22700,0,5000,"bu","11:27:11",40283000
22600,-100,5000,"bu","11:27:17",40288000
22600,-100,4000,"sd","11:27:27",40292000
22600,-100,121000,"bu","11:27:31",40413000
22600,-100,5000,"bu","11:27:34",40418000
22600,-100,10000,"bu","11:27:40",40428000
22600,-100,10000,"bu","11:27:42",40438000
22600,-100,5000,"sd","11:27:51",40443000
22600,-100,1000,"bu","11:27:52",40444000
22600,-100,194000,"bu","11:28:07",40638000
22600,-100,30000,"bu","11:28:14",40668000
22600,-100,29000,"bu","11:28:17",40697000
22600,-100,65000,"bu","11:28:19",40762000
22600,-100,5000,"sd","11:28:22",40767000
22600,-100,10000,"sd","11:28:40",40777000
22600,-100,2000,"bu","11:28:41",40779000
22600,-100,20000,"sd","11:28:48",40799000
22700,0,10000,"bu","11:29:05",40809000
22700,0,1000,"sd","11:29:10",40810000
22700,0,1000,"bu","11:29:23",40811000
22600,-100,33000,"bu","11:29:26",40844000
22600,-100,50000,"bu","11:29:32",40894000
22600,-100,10000,"sd","11:29:41",40904000
22600,-100,20000,"sd","11:29:49",40924000
22600,-100,50000,"bu","11:29:54",40974000
22600,-100,50000,"sd","11:29:58",41024000
22600,-100,50000,"bu","11:30:08",41074000
22600,-100,31000,"sd","13:00:02",41105000
22600,-100,130000,"bu","13:00:04",41235000
22600,-100,91000,"sd","13:00:05",41326000
22600,-100,139000,"sd","13:00:06",41465000
22700,0,3000,"sd","13:00:07",41468000
22600,-100,15000,"sd","13:00:09",41483000
22600,-100,10000,"sd","13:00:11",41493000
22600,-100,24000,"bu","13:00:49",41517000
22600,-100,10000,"sd","13:00:59",41527000
22600,-100,2000,"bu","13:01:04",41529000
22600,-100,7000,"bu","13:01:32",41536000
22700,0,10000,"sd","13:01:34",41546000
22600,-100,10000,"bu","13:01:46",41556000
22600,-100,3000,"bu","13:01:54",41559000
22600,-100,10000,"sd","13:01:59",41569000
22600,-100,15000,"bu","13:02:15",41584000
22600,-100,20000,"sd","13:02:25",41604000
22600,-100,5000,"bu","13:02:56",41609000
22600,-100,2000,"bu","13:02:59",41611000
22600,-100,1000,"bu","13:03:12",41612000
22600,-100,16000,"bu","13:03:23",41628000
22700,0,1000,"bu","13:03:25",41629000
22600,-100,2000,"bu","13:03:32",41631000
22600,-100,50000,"bu","13:03:33",41681000
22700,0,20000,"bu","13:03:35",41701000
22700,0,15000,"bu","13:03:57",41716000
22700,0,1000,"sd","13:03:59",41717000
22700,0,1000,"bu","13:04:00",41718000
22600,-100,30000,"sd","13:04:05",41748000
22700,0,5000,"sd","13:04:18",41753000
22700,0,5000,"sd","13:04:27",41758000
22700,0,2000,"sd","13:05:09",41760000
22700,0,1000,"sd","13:05:20",41761000
22700,0,1000,"sd","13:05:43",41762000
22700,0,4000,"sd","13:05:46",41766000
22600,-100,26000,"bu","13:06:29",41792000
22600,-100,20000,"sd","13:07:02",41812000
22600,-100,10000,"sd","13:07:15",41822000
22600,-100,2000,"bu","13:07:39",41824000
22600,-100,39000,"sd","13:07:49",41863000
22600,-100,8000,"sd","13:07:55",41871000
22600,-100,40000,"sd","13:08:31",41911000
22600,-100,8000,"bu","13:08:39",41919000
22600,-100,50000,"sd","13:08:45",41969000
22600,-100,12000,"sd","13:08:52",41981000
22600,-100,22000,"bu","13:09:25",42003000
22600,-100,13000,"bu","13:09:28",42016000
22600,-100,10000,"bu","13:09:29",42026000
22700,0,10000,"bu","13:09:30",42036000
22700,0,33000,"bu","13:10:52",42069000
22700,0,1000,"sd","13:11:02",42070000
22600,-100,13000,"sd","13:11:09",42083000
22600,-100,16000,"sd","13:12:02",42099000
22600,-100,15000,"sd","13:12:24",42114000
22600,-100,39000,"bu","13:12:30",42153000
22700,0,1000,"sd","13:12:41",42154000
22600,-100,5000,"bu","13:12:44",42159000
22700,0,10000,"sd","13:12:54",42169000
22600,-100,1000,"bu","13:12:58",42170000
22700,0,10000,"bu","13:12:59",42180000
22700,0,6000,"sd","13:13:04",42186000
22700,0,7000,"sd","13:13:09",42193000
22700,0,15000,"bu","13:13:10",42208000
22700,0,2000,"sd","13:13:11",42210000
22700,0,33000,"bu","13:13:21",42243000
22700,0,5000,"sd","13:13:28",42248000
22700,0,10000,"bu","13:13:31",42258000
22700,0,1000,"sd","13:13:32",42259000
22700,0,4000,"bu","13:13:40",42263000
22700,0,23000,"bu","13:13:53",42286000
22700,0,10000,"bu","13:14:06",42296000
22700,0,24000,"bu","13:14:09",42320000
22700,0,109000,"bu","13:14:13",42429000
22700,0,55000,"bu","13:14:20",42484000
22700,0,100000,"sd","13:14:21",42584000
22700,0,2000,"sd","13:14:23",42586000
22700,0,10000,"bu","13:14:30",42596000
22700,0,3000,"bu","13:14:31",42599000
22700,0,2000,"sd","13:14:32",42601000
22700,0,1000,"sd","13:14:41",42602000
22700,0,10000,"sd","13:14:43",42612000
22700,0,10000,"sd","13:14:45",42622000
22700,0,1000,"sd","13:14:46",42623000
22700,0,786000,"bu","13:15:53",43409000
22700,0,5000,"sd","13:16:16",43414000
22700,0,102000,"sd","13:16:27",43516000
22700,0,135000,"sd","13:16:29",43651000
22700,0,6000,"sd","13:16:46",43657000
22700,0,50000,"bu","13:16:53",43707000
22800,100,10000,"bu","13:16:59",43717000
22700,0,2000,"bu","13:17:02",43719000
22700,0,15000,"bu","13:17:17",43734000
22700,0,531000,"sd","13:17:32",44265000
22700,0,2000,"bu","13:17:38",44267000
22700,0,2000,"sd","13:17:50",44269000
22700,0,28000,"sd","13:17:59",44297000
22700,0,4000,"sd","13:18:05",44301000
22700,0,6000,"bu","13:18:20",44307000
22700,0,1000,"sd","13:18:21",44308000
22700,0,5000,"sd","13:18:46",44313000
22700,0,8000,"sd","13:18:48",44321000
22700,0,5000,"sd","13:18:49",44326000
22600,-100,215000,"sd","13:19:09",44541000
22700,0,10000,"bu","13:19:10",44551000
22700,0,17000,"bu","13:19:17",44568000
22700,0,5000,"bu","13:19:40",44573000
22700,0,1000,"sd","13:20:06",44574000
22700,0,1000,"bu","13:20:30",44575000
22700,0,5000,"bu","13:20:45",44580000
22700,0,50000,"bu","13:20:46",44630000
22700,0,3000,"bu","13:20:53",44633000
22700,0,10000,"sd","13:21:15",44643000
22700,0,5000,"sd","13:21:16",44648000
22700,0,2000,"bu","13:21:31",44650000
22700,0,11000,"bu","13:22:20",44661000
22600,-100,10000,"bu","13:22:22",44671000
22700,0,5000,"bu","13:23:17",44676000
22700,0,10000,"sd","13:24:05",44686000
22700,0,5000,"sd","13:24:19",44691000
22700,0,101000,"bu","13:24:27",44792000
22700,0,6000,"sd","13:24:45",44798000
22700,0,112000,"bu","13:25:51",44910000
22600,-100,3000,"sd","13:25:59",44913000
22700,0,124000,"sd","13:26:00",45037000
22700,0,10000,"bu","13:26:09",45047000
22600,-100,5000,"sd","13:26:24",45052000
22700,0,50000,"bu","13:26:28",45102000
22600,-100,5000,"bu","13:26:35",45107000
22700,0,2000,"sd","13:26:36",45109000
22600,-100,5000,"bu","13:27:13",45114000
22600,-100,50000,"sd","13:28:09",45164000
22600,-100,304000,"bu","13:28:10",45468000
22700,0,10000,"sd","13:28:23",45478000
22700,0,10000,"bu","13:28:25",45488000
22700,0,3000,"sd","13:28:38",45491000
22700,0,10000,"bu","13:28:48",45501000
22700,0,2000,"sd","13:29:00",45503000
22700,0,101000,"bu","13:29:11",45604000
22700,0,24000,"bu","13:29:31",45628000
22700,0,1000,"sd","13:29:32",45629000
22700,0,3000,"sd","13:29:35",45632000
22700,0,26000,"bu","13:29:44",45658000
22700,0,1000,"sd","13:29:48",45659000
22700,0,10000,"sd","13:30:00",45669000
22600,-100,2000,"bu","13:30:17",45671000
22700,0,53000,"bu","13:31:28",45724000
22700,0,1000,"bu","13:31:54",45725000
22700,0,10000,"bu","13:32:04",45735000
22700,0,261000,"bu","13:32:25",45996000
22700,0,200000,"bu","13:32:35",46196000
22700,0,405000,"bu","13:32:59",46601000
22700,0,11000,"sd","13:33:16",46612000
22700,0,30000,"bu","13:33:33",46642000
22700,0,50000,"sd","13:33:37",46692000
22700,0,135000,"bu","13:33:48",46827000
22700,0,1036000,"bu","13:33:58",47863000
22700,0,10000,"bu","13:33:59",47873000
22700,0,11000,"sd","13:34:13",47884000
22700,0,101000,"bu","13:34:14",47985000
22700,0,10000,"bu","13:34:22",47995000
22700,0,375000,"bu","13:34:37",48370000
22700,0,10000,"bu","13:34:38",48380000
22700,0,5000,"bu","13:34:49",48385000
22700,0,100000,"bu","13:34:51",48485000
22700,0,93000,"bu","13:34:56",48578000
22700,0,4000,"sd","13:35:06",48582000
22700,0,1000,"bu","13:35:07",48583000
22700,0,4000,"sd","13:35:12",48587000
22600,-100,50000,"sd","13:35:20",48637000
22700,0,2000,"sd","13:35:53",48639000
22600,-100,2000,"sd","13:36:22",48641000
22600,-100,45000,"sd","13:36:27",48686000
22700,0,5000,"bu","13:36:39",48691000
22700,0,10000,"bu","13:36:44",48701000
22700,0,6000,"bu","13:37:26",48707000
22600,-100,1000,"sd","13:37:38",48708000
22600,-100,11000,"sd","13:38:02",48719000
22700,0,18000,"sd","13:38:34",48737000
22700,0,1000,"sd","13:39:18",48738000
22700,0,10000,"sd","13:39:47",48748000
22700,0,14000,"bu","13:39:54",48762000
22600,-100,20000,"bu","13:40:03",48782000
22700,0,3000,"sd","13:40:11",48785000
22600,-100,1000,"sd","13:40:14",48786000
22600,-100,154000,"bu","13:41:12",48940000
22600,-100,205000,"sd","13:41:13",49145000
22600,-100,29000,"sd","13:41:31",49174000
22600,-100,13000,"bu","13:41:44",49187000
22600,-100,10000,"sd","13:42:48",49197000
22600,-100,1000,"sd","13:42:54",49198000
22600,-100,65000,"bu","13:42:56",49263000
22600,-100,55000,"bu","13:43:14",49318000
22600,-100,1000,"bu","13:43:16",49319000
22600,-100,45000,"bu","13:43:30",49364000
22700,0,10000,"sd","13:43:39",49374000
22700,0,1000,"sd","13:44:10",49375000
22700,0,10000,"bu","13:44:20",49385000
22700,0,3000,"sd","13:44:31",49388000
22600,-100,14000,"bu","13:44:40",49402000
22600,-100,74000,"bu","13:45:16",49476000
22600,-100,11000,"bu","13:45:20",49487000
22600,-100,70000,"bu","13:45:29",49557000
22600,-100,204000,"sd","13:46:59",49761000
22600,-100,200000,"bu","13:47:05",49961000
22600,-100,1000,"bu","13:47:09",49962000
22600,-100,363000,"bu","13:47:28",50325000
22600,-100,10000,"bu","13:47:34",50335000
22600,-100,1000,"bu","13:47:40",50336000
22600,-100,20000,"sd","13:47:47",50356000
22600,-100,25000,"sd","13:47:51",50381000
22600,-100,100000,"sd","13:48:06",50481000
22600,-100,50000,"bu","13:48:08",50531000
22600,-100,10000,"bu","13:48:36",50541000
22600,-100,1000,"bu","13:48:38",50542000
22600,-100,30000,"sd","13:48:49",50572000
22600,-100,50000,"sd","13:49:06",50622000
22600,-100,300000,"sd","13:49:07",50922000
22600,-100,5000,"bu","13:49:09",50927000
22600,-100,145000,"bu","13:49:17",51072000
22600,-100,2000,"bu","13:49:20",51074000
22600,-100,23000,"sd","13:49:28",51097000
22600,-100,5000,"sd","13:49:36",51102000
22600,-100,13000,"bu","13:49:48",51115000
22600,-100,4000,"bu","13:49:50",51119000
22600,-100,100000,"bu","13:50:06",51219000
22600,-100,15000,"bu","13:50:20",51234000
22600,-100,100000,"bu","13:50:31",51334000
22600,-100,6000,"bu","13:50:53",51340000
22600,-100,150000,"sd","13:51:07",51490000
22600,-100,22000,"bu","13:51:11",51512000
22600,-100,49000,"sd","13:51:18",51561000
22600,-100,5000,"bu","13:51:23",51566000
22600,-100,16000,"sd","13:52:01",51582000
22600,-100,23000,"bu","13:52:06",51605000
22600,-100,3000,"bu","13:52:08",51608000
22700,0,1000,"sd","13:52:13",51609000
22700,0,89000,"sd","13:52:23",51698000
22600,-100,35000,"bu","13:52:28",51733000
22700,0,3000,"sd","13:52:47",51736000
22700,0,10000,"sd","13:52:54",51746000
22700,0,206000,"sd","13:53:54",51952000
22700,0,6000,"sd","13:54:03",51958000
22700,0,300000,"sd","13:54:22",52258000
22700,0,6000,"bu","13:54:23",52264000
22600,-100,3000,"sd","13:54:33",52267000
22700,0,61000,"sd","13:54:37",52328000
22700,0,100000,"sd","13:54:50",52428000
22700,0,16000,"bu","13:55:03",52444000
22700,0,35000,"bu","13:55:26",52479000
22700,0,31000,"bu","13:55:36",52510000
22700,0,1000,"sd","13:55:40",52511000
22700,0,30000,"sd","13:55:44",52541000
22700,0,3000,"sd","13:55:48",52544000
22700,0,2000,"bu","13:56:00",52546000
22700,0,1000,"sd","13:56:02",52547000
22700,0,5000,"sd","13:56:07",52552000
22700,0,1000,"sd","13:56:09",52553000
22600,-100,5000,"sd","13:56:13",52558000
22700,0,3000,"sd","13:56:14",52561000
22700,0,30000,"bu","13:56:24",52591000
22700,0,8000,"bu","13:56:25",52599000
22700,0,70000,"bu","13:56:36",52669000
22700,0,30000,"sd","13:56:40",52699000
22700,0,148000,"sd","13:56:41",52847000
22700,0,45000,"bu","13:56:46",52892000
22700,0,2000,"bu","13:56:47",52894000
22700,0,8000,"bu","13:56:49",52902000
22700,0,41000,"sd","13:56:57",52943000
22700,0,106000,"sd","13:56:58",53049000
22700,0,11000,"bu","13:57:01",53060000
22700,0,50000,"bu","13:57:03",53110000
22700,0,50000,"sd","13:57:10",53160000
22700,0,170000,"bu","13:57:15",53330000
22700,0,1007000,"sd","13:57:20",54337000
22700,0,1000,"bu","13:57:46",54338000
22700,0,5000,"sd","13:57:47",54343000
22700,0,10000,"sd","13:57:52",54353000
22800,100,3000,"sd","13:58:15",54356000
22800,100,1000,"bu","13:58:52",54357000
22800,100,150000,"sd","13:59:24",54507000
22700,0,4000,"bu","13:59:26",54511000
22700,0,10000,"sd","13:59:34",54521000
22800,100,396000,"bu","13:59:38",54917000
22800,100,5000,"bu","13:59:49",54922000
22700,0,212000,"bu","14:00:01",55134000
22700,0,39000,"bu","14:00:57",55173000
22700,0,12000,"sd","14:01:10",55185000
22700,0,1000,"bu","14:01:12",55186000
22700,0,17000,"sd","14:01:29",55203000
22700,0,10000,"bu","14:01:49",55213000
22800,100,40000,"bu","14:02:15",55253000
22800,100,9000,"sd","14:02:30",55262000
22800,100,200000,"bu","14:02:36",55462000
22800,100,16000,"bu","14:02:45",55478000
22800,100,1000,"bu","14:02:52",55479000
22700,0,1000,"bu","14:03:15",55480000
22800,100,30000,"bu","14:03:25",55510000
22700,0,5000,"bu","14:03:58",55515000
22800,100,124000,"sd","14:04:35",55639000
22800,100,31000,"sd","14:05:06",55670000
22700,0,1000,"sd","14:05:28",55671000
22700,0,9000,"sd","14:06:13",55680000
22700,0,26000,"bu","14:06:21",55706000
22700,0,20000,"sd","14:06:25",55726000
22700,0,2000,"sd","14:06:34",55728000
22800,100,1000,"sd","14:06:35",55729000
22700,0,50000,"bu","14:06:36",55779000
22700,0,1000,"sd","14:06:53",55780000
22700,0,2000,"bu","14:07:00",55782000
22700,0,3000,"bu","14:07:03",55785000
22700,0,10000,"bu","14:07:07",55795000
22700,0,10000,"sd","14:07:08",55805000
22700,0,1000,"sd","14:07:09",55806000
22800,100,2000,"sd","14:07:19",55808000
22700,0,41000,"bu","14:07:22",55849000
22700,0,2000,"sd","14:07:33",55851000
22700,0,50000,"sd","14:07:46",55901000
22700,0,13000,"bu","14:07:47",55914000
22700,0,350000,"bu","14:08:01",56264000
22700,0,1000,"sd","14:08:13",56265000
22700,0,50000,"bu","14:08:15",56315000
22700,0,5000,"bu","14:08:21",56320000
22700,0,597000,"sd","14:08:30",56917000
22700,0,2000,"bu","14:08:36",56919000
22700,0,30000,"sd","14:08:37",56949000
22700,0,3000,"sd","14:08:45",56952000
22700,0,2000,"sd","14:08:48",56954000
22700,0,20000,"bu","14:08:50",56974000
22700,0,45000,"bu","14:08:52",57019000
22700,0,103000,"bu","14:08:54",57122000
22700,0,24000,"bu","14:08:55",57146000
22700,0,41000,"bu","14:09:14",57187000
22700,0,6000,"bu","14:09:42",57193000
22700,0,2000,"bu","14:09:56",57195000
22700,0,10000,"bu","14:09:58",57205000
22700,0,10000,"bu","14:10:09",57215000
22700,0,5000,"sd","14:10:13",57220000
22700,0,4000,"sd","14:10:24",57224000
22700,0,10000,"sd","14:10:25",57234000
22700,0,16000,"bu","14:10:31",57250000
22700,0,20000,"bu","14:10:34",57270000
22700,0,10000,"bu","14:10:45",57280000
22700,0,1000,"sd","14:10:53",57281000
22700,0,1000,"sd","14:10:55",57282000
22700,0,5000,"sd","14:10:58",57287000
22700,0,13000,"bu","14:11:00",57300000
22700,0,10000,"bu","14:11:07",57310000
22700,0,10000,"bu","14:11:25",57320000
22700,0,2000,"sd","14:11:29",57322000
22700,0,5000,"bu","14:11:51",57327000
22700,0,20000,"sd","14:11:52",57347000
22700,0,20000,"bu","14:12:07",57367000
22700,0,10000,"bu","14:12:09",57377000
22700,0,6000,"bu","14:12:18",57383000
22700,0,14000,"sd","14:12:26",57397000
22700,0,1000,"bu","14:12:32",57398000
22700,0,5000,"bu","14:12:33",57403000
22700,0,4000,"bu","14:12:37",57407000
22700,0,4000,"sd","14:12:38",57411000
22700,0,4000,"bu","14:12:40",57415000
22700,0,10000,"sd","14:12:41",57425000
22700,0,30000,"sd","14:12:42",57455000
22700,0,11000,"sd","14:12:50",57466000
22700,0,5000,"bu","14:12:51",57471000
22700,0,46000,"bu","14:12:57",57517000
22700,0,35000,"sd","14:12:58",57552000
22700,0,20000,"sd","14:13:02",57572000
22700,0,200000,"bu","14:13:07",57772000
22700,0,1000,"bu","14:13:08",57773000
22700,0,2000,"sd","14:13:16",57775000
22700,0,310000,"bu","14:13:18",58085000
22700,0,14000,"bu","14:13:19",58099000
22700,0,2000,"sd","14:13:24",58101000
22700,0,5000,"sd","14:13:33",58106000
22700,0,2000,"sd","14:13:37",58108000
22700,0,10000,"bu","14:13:54",58118000
22700,0,6000,"bu","14:13:55",58124000
22700,0,35000,"bu","14:14:14",58159000
22700,0,1000,"sd","14:14:24",58160000
22700,0,10000,"sd","14:14:29",58170000
22700,0,135000,"sd","14:14:47",58305000
22700,0,2000,"bu","14:14:57",58307000
22700,0,100000,"sd","14:15:00",58407000
22700,0,24000,"bu","14:15:12",58431000
22700,0,1000,"sd","14:15:13",58432000
22700,0,12000,"bu","14:15:17",58444000
22700,0,111000,"sd","14:15:26",58555000
22700,0,75000,"sd","14:15:30",58630000
22700,0,28000,"sd","14:15:32",58658000
22700,0,70000,"bu","14:15:34",58728000
22700,0,3000,"sd","14:15:37",58731000
22700,0,8000,"bu","14:15:41",58739000
22700,0,29000,"sd","14:15:51",58768000
22700,0,16000,"sd","14:15:57",58784000
22700,0,1000,"sd","14:15:58",58785000
22700,0,100000,"sd","14:16:00",58885000
22700,0,6000,"sd","14:16:04",58891000
22700,0,5000,"sd","14:16:10",58896000
22700,0,10000,"bu","14:16:13",58906000
22700,0,10000,"bu","14:16:16",58916000
22700,0,99000,"sd","14:16:18",59015000
22700,0,10000,"sd","14:16:25",59025000
22700,0,10000,"bu","14:16:27",59035000
22700,0,50000,"sd","14:16:31",59085000
22700,0,11000,"sd","14:16:40",59096000
22700,0,10000,"bu","14:16:46",59106000
22700,0,5000,"sd","14:16:52",59111000
22700,0,20000,"sd","14:16:57",59131000
22700,0,5000,"sd","14:16:58",59136000
22700,0,8000,"sd","14:17:01",59144000
22700,0,73000,"bu","14:17:24",59217000
22700,0,45000,"bu","14:17:56",59262000
22700,0,5000,"bu","14:18:17",59267000
22700,0,2000,"bu","14:18:20",59269000
22700,0,1000,"sd","14:18:41",59270000
22700,0,1000,"bu","14:19:13",59271000
22700,0,20000,"bu","14:19:15",59291000
22700,0,128000,"sd","14:19:26",59419000
22700,0,2000,"sd","14:19:39",59421000
22700,0,70000,"sd","14:19:44",59491000
22700,0,74000,"bu","14:19:51",59565000
22700,0,3000,"sd","14:20:13",59568000
22700,0,1000,"sd","14:20:14",59569000
22700,0,21000,"sd","14:20:49",59590000
22700,0,1000,"bu","14:20:50",59591000
22700,0,10000,"sd","14:21:03",59601000
22600,-100,20000,"sd","14:21:13",59621000
22700,0,2000,"bu","14:21:28",59623000
22700,0,1000,"bu","14:21:29",59624000
22600,-100,21000,"sd","14:21:32",59645000
22600,-100,6000,"sd","14:21:53",59651000
22600,-100,20000,"bu","14:21:54",59671000
22700,0,1000,"bu","14:21:56",59672000
22600,-100,2000,"sd","14:22:02",59674000
22700,0,6000,"sd","14:22:08",59680000
22600,-100,2000,"bu","14:22:10",59682000
22700,0,11000,"bu","14:22:14",59693000
22700,0,1000,"bu","14:22:15",59694000
22700,0,1000,"sd","14:22:16",59695000
22600,-100,30000,"bu","14:22:21",59725000
22700,0,22000,"sd","14:22:32",59747000
22700,0,1000,"bu","14:22:36",59748000
22600,-100,1000,"sd","14:22:37",59749000
22600,-100,10000,"bu","14:22:40",59759000
22700,0,1000,"bu","14:22:46",59760000
22600,-100,500000,"sd","14:22:54",60260000
22600,-100,100000,"bu","14:23:05",60360000
22600,-100,14000,"sd","14:23:06",60374000
22600,-100,6000,"bu","14:23:13",60380000
22600,-100,4000,"sd","14:23:17",60384000
22600,-100,300000,"bu","14:23:22",60684000
22600,-100,2000,"sd","14:23:27",60686000
22600,-100,300000,"bu","14:23:33",60986000
22600,-100,3000,"bu","14:23:35",60989000
22600,-100,1000,"sd","14:23:39",60990000
22600,-100,100000,"sd","14:23:41",61090000
22600,-100,1000,"bu","14:23:46",61091000
22600,-100,1000,"sd","14:23:47",61092000
22700,0,1000,"sd","14:23:51",61093000
22600,-100,106000,"bu","14:23:53",61199000
22600,-100,9000,"sd","14:24:03",61208000
22600,-100,45000,"sd","14:24:12",61253000
22600,-100,40000,"sd","14:24:13",61293000
22600,-100,30000,"sd","14:24:15",61323000
22600,-100,10000,"bu","14:24:17",61333000
22600,-100,250000,"bu","14:24:20",61583000
22600,-100,17000,"bu","14:24:22",61600000
22600,-100,40000,"sd","14:24:25",61640000
22600,-100,74000,"bu","14:24:28",61714000
22600,-100,110000,"sd","14:24:29",61824000
22600,-100,74000,"bu","14:24:31",61898000
22600,-100,5000,"sd","14:24:35",61903000
22600,-100,59000,"sd","14:24:36",61962000
22600,-100,5000,"bu","14:24:39",61967000
22600,-100,348000,"bu","14:24:41",62315000
22600,-100,30000,"bu","14:24:45",62345000
22600,-100,20000,"bu","14:24:46",62365000
22600,-100,20000,"bu","14:24:49",62385000
22600,-100,150000,"bu","14:24:50",62535000
22600,-100,95000,"bu","14:24:53",62630000
22600,-100,1000000,"bu","14:24:55",63630000
22600,-100,90000,"bu","14:24:56",63720000
22600,-100,35000,"sd","14:24:57",63755000
22600,-100,49000,"bu","14:24:59",63804000
22600,-100,10000,"bu","14:25:04",63814000
22600,-100,34000,"bu","14:25:08",63848000
22600,-100,2000,"sd","14:25:11",63850000
22500,-200,74000,"bu","14:25:19",63924000
22600,-100,10000,"bu","14:25:24",63934000
22600,-100,2000,"sd","14:25:27",63936000
22600,-100,9000,"bu","14:25:31",63945000
22600,-100,2000,"bu","14:25:42",63947000
22600,-100,5000,"sd","14:25:44",63952000
22500,-200,15000,"bu","14:25:47",63967000
22600,-100,1000,"sd","14:25:48",63968000
22600,-100,10000,"bu","14:25:50",63978000
22500,-200,1000000,"bu","14:26:04",64978000
22600,-100,2000,"sd","14:26:05",64980000
22600,-100,1000,"sd","14:26:08",64981000
22500,-200,60000,"bu","14:26:10",65041000
22500,-200,58000,"sd","14:26:11",65099000
22500,-200,1000,"sd","14:26:15",65100000
22500,-200,32000,"sd","14:26:19",65132000
22500,-200,5000,"sd","14:26:24",65137000
22500,-200,1000,"sd","14:26:27",65138000
22500,-200,20000,"bu","14:26:28",65158000
22500,-200,3000,"bu","14:26:30",65161000
22500,-200,7000,"sd","14:26:34",65168000
22500,-200,256000,"sd","14:26:44",65424000
22500,-200,10000,"sd","14:26:46",65434000
22500,-200,20000,"bu","14:26:50",65454000
22500,-200,35000,"bu","14:26:52",65489000
22500,-200,7000,"sd","14:26:54",65496000
22600,-100,20000,"sd","14:26:55",65516000
22600,-100,10000,"sd","14:26:57",65526000
22500,-200,20000,"bu","14:27:05",65546000
22500,-200,50000,"sd","14:27:10",65596000
22500,-200,4000,"sd","14:27:11",65600000
22500,-200,50000,"sd","14:27:12",65650000
22500,-200,21000,"bu","14:27:15",65671000
22600,-100,40000,"sd","14:27:17",65711000
22500,-200,100000,"sd","14:27:19",65811000
22500,-200,5000,"bu","14:27:21",65816000
22500,-200,18000,"sd","14:27:22",65834000
22600,-100,4000,"bu","14:27:29",65838000
22500,-200,9000,"sd","14:27:31",65847000
22500,-200,10000,"sd","14:27:38",65857000
22500,-200,5000,"sd","14:27:41",65862000
22500,-200,1000,"bu","14:27:43",65863000
22500,-200,1000,"sd","14:27:47",65864000
22500,-200,5000,"sd","14:27:53",65869000
22500,-200,15000,"bu","14:27:57",65884000
22600,-100,30000,"sd","14:27:59",65914000
22500,-200,20000,"sd","14:28:03",65934000
22500,-200,1000,"sd","14:28:14",65935000
22600,-100,10000,"bu","14:28:16",65945000
22500,-200,105000,"sd","14:28:25",66050000
22500,-200,13000,"sd","14:28:29",66063000
22600,-100,80000,"sd","14:28:34",66143000
22500,-200,9000,"bu","14:28:35",66152000
22600,-100,5000,"sd","14:28:40",66157000
22600,-100,7000,"sd","14:28:51",66164000
22500,-200,40000,"bu","14:28:54",66204000
22600,-100,1000,"bu","14:28:59",66205000
22500,-200,1000,"sd","14:29:06",66206000
22600,-100,10000,"bu","14:29:10",66216000
22600,-100,2000,"bu","14:29:14",66218000
22600,-100,7000,"sd","14:29:17",66225000
22600,-100,40000,"bu","14:29:18",66265000
22600,-100,1000,"sd","14:29:22",66266000
22600,-100,3000,"sd","14:29:27",66269000
22600,-100,2000,"sd","14:29:29",66271000
22500,-200,35000,"sd","14:29:31",66306000
22600,-100,1000,"bu","14:29:32",66307000
22500,-200,7000,"sd","14:29:33",66314000
22500,-200,136000,"bu","14:29:34",66450000
22600,-100,33000,"bu","14:29:35",66483000
22600,-100,3000,"sd","14:29:37",66486000
22500,-200,3000,"bu","14:29:38",66489000
22600,-100,47000,"bu","14:29:39",66536000
22500,-200,5000,"bu","14:29:41",66541000
22600,-100,10000,"bu","14:29:42",66551000
22500,-200,3000,"bu","14:29:44",66554000
22600,-100,100000,"sd","14:29:47",66654000
22600,-100,1000,"sd","14:29:49",66655000
22600,-100,6000,"sd","14:29:50",66661000
22600,-100,2000,"sd","14:29:55",66663000
22600,-100,25000,"bu","14:29:57",66688000
22600,-100,2000,"bu","14:29:58",66690000
22600,-100,2000,"bu","14:30:01",66692000
22500,-200,2709000,"bu","14:45:03",69401000
22500,-200,1000,"sd","14:52:57",69402000
22500,-200,19000,"bu","14:53:43",69421000
22500,-200,10000,"bu","14:54:33",69431000
22500,-200,3000,"bu","14:57:00",69434000
22500,-200,5000,"bu","14:57:34",69439000
22500,-200,1000,"bu","14:57:35",69440000
22500,-200,1000,"sd","14:58:00",69441000
22500,-200,1000,"sd","14:59:51",69442000
