"price","change","match_qtty","side","time","total_vol"
15700,250,124000,"sd","09:15:05",124000
15650,200,500,"bu","09:15:14",124500
15650,200,1000,"sd","09:15:36",125500
15700,250,2400,"sd","09:15:50",127900
15700,250,1000,"bu","09:15:53",128900
15700,250,400,"sd","09:15:56",129300
15700,250,700,"bu","09:15:59",130000
15700,250,300,"sd","09:15:59",130300
15700,250,2000,"sd","09:15:59",132300
15700,250,1000,"bu","09:16:00",133300
15650,200,3000,"sd","09:16:02",136300
15700,250,4300,"bu","09:16:06",140600
15700,250,100,"bu","09:16:07",140700
15700,250,1000,"bu","09:16:07",141700
15700,250,400,"sd","09:16:09",142100
15700,250,1300,"bu","09:16:11",143400
15700,250,1000,"sd","09:16:13",144400
15700,250,2000,"sd","09:16:19",146400
15700,250,3000,"bu","09:16:20",149400
15700,250,2000,"bu","09:16:24",151400
15700,250,12000,"bu","09:16:40",163400
15700,250,2000,"bu","09:16:41",165400
15700,250,100,"bu","09:16:42",165600
15700,250,1000,"bu","09:16:43",166600
15700,250,2900,"sd","09:16:45",169500
15700,250,200,"sd","09:16:48",169700
15700,250,1000,"sd","09:16:49",170700
15700,250,1200,"sd","09:16:53",171900
15700,250,600,"bu","09:16:54",172500
15700,250,100,"sd","09:17:01",172600
15700,250,800,"sd","09:17:02",173400
15700,250,1100,"sd","09:17:06",174500
15700,250,3000,"sd","09:17:08",178000
15700,250,100,"sd","09:17:09",178100
15700,250,5600,"sd","09:17:11",183700
15700,250,1500,"sd","09:17:13",185200
15700,250,200,"bu","09:17:14",185400
15700,250,100,"bu","09:17:17",185500
15700,250,2000,"bu","09:17:19",187500
15700,250,100,"bu","09:17:20",187600
15700,250,400,"sd","09:17:29",188000
15750,300,6000,"bu","09:17:31",194000
15700,250,3000,"sd","09:17:32",197000
15700,250,300,"sd","09:17:33",197300
15700,250,1000,"sd","09:17:39",198300
15700,250,24500,"bu","09:17:43",222800
15750,300,10000,"sd","09:17:44",232800
15700,250,600,"bu","09:17:44",233400
15700,250,100,"sd","09:17:46",233500
15750,300,3200,"sd","09:18:02",236700
15750,300,4800,"bu","09:18:03",241500
15750,300,46300,"bu","09:18:04",287800
15800,350,22200,"bu","09:18:04",286700
15750,300,1600,"sd","09:18:06",288300
15750,300,2000,"bu","09:18:11",290300
15700,250,100,"bu","09:18:12",290400
15750,300,700,"bu","09:18:22",291100
15750,300,100,"bu","09:18:27",291200
15750,300,2000,"sd","09:18:33",293200
15700,250,5000,"sd","09:18:34",298200
15750,300,400,"sd","09:18:35",298600
15750,300,100,"sd","09:18:35",298700
15750,300,1100,"sd","09:18:41",299800
15750,300,1200,"bu","09:18:42",301000
15700,250,300,"sd","09:18:44",301300
15700,250,100,"bu","09:19:00",301400
15750,300,10100,"bu","09:19:03",311500
15700,250,5000,"sd","09:19:12",316500
15750,300,4000,"bu","09:19:18",320500
15700,250,100,"bu","09:19:25",320600
15700,250,10000,"bu","09:19:27",330600
15700,250,2000,"sd","09:19:28",332600
15750,300,400,"sd","09:19:33",333000
15700,250,500,"bu","09:19:33",333500
15700,250,5000,"bu","09:19:39",338500
15700,250,200,"bu","09:19:40",338700
15700,250,100,"bu","09:19:41",338800
15700,250,300,"sd","09:19:45",339100
15750,300,1000,"sd","09:19:45",340100
15700,250,10000,"bu","09:19:48",350100
15700,250,6000,"bu","09:19:49",356100
15700,250,13500,"sd","09:19:50",369600
15700,250,2500,"sd","09:19:50",372100
15700,250,1200,"bu","09:19:59",373300
15700,250,12500,"bu","09:20:03",385800
15700,250,100,"sd","09:20:05",385900
15700,250,1000,"bu","09:20:07",386900
15700,250,2000,"bu","09:20:12",388900
15700,250,10000,"sd","09:20:13",398900
15700,250,500,"bu","09:20:15",399400
15700,250,2800,"sd","09:20:17",402200
15700,250,500,"sd","09:20:19",402700
15650,200,1000,"sd","09:20:22",403700
15650,200,100,"sd","09:20:37",403800
15700,250,2300,"sd","09:20:41",406100
15650,200,2000,"bu","09:20:42",408100
15650,200,500,"bu","09:20:43",408600
15650,200,3000,"sd","09:20:46",411600
15650,200,10000,"bu","09:20:49",421600
15700,250,18000,"bu","09:21:02",439600
15650,200,100,"sd","09:21:03",440100
15650,200,10000,"sd","09:21:06",450100
15650,200,7000,"bu","09:21:09",457100
15650,200,7300,"bu","09:21:13",464400
15650,200,100,"bu","09:21:14",464500
15650,200,300,"sd","09:21:15",464800
15650,200,1000,"sd","09:21:20",465800
15650,200,3300,"bu","09:21:26",469100
15650,200,200,"sd","09:21:27",469300
15700,250,400,"bu","09:21:31",469700
15650,200,1000,"sd","09:21:36",473700
15650,200,1300,"bu","09:21:36",471100
15650,200,3700,"bu","09:21:39",474800
15650,200,5000,"sd","09:21:39",479800
15650,200,2000,"sd","09:21:43",481800
15650,200,1800,"sd","09:21:46",483600
15650,200,100,"sd","09:21:49",483700
15650,200,10000,"bu","09:21:50",493700
15650,200,1500,"bu","09:21:53",495200
15650,200,3800,"sd","09:22:04",499000
15650,200,600,"sd","09:22:12",499600
15650,200,5000,"sd","09:22:14",504600
15650,200,100,"bu","09:22:17",504700
15650,200,1400,"bu","09:22:31",506100
15650,200,700,"sd","09:22:31",506800
15650,200,4700,"sd","09:22:34",511500
15650,200,3500,"sd","09:22:36",515000
15650,200,3000,"sd","09:22:38",518000
15650,200,1000,"sd","09:22:55",519000
15650,200,10000,"sd","09:23:00",529000
15650,200,800,"bu","09:23:04",529800
15650,200,100,"sd","09:23:05",529900
15600,150,1500,"sd","09:23:30",531400
15650,200,6500,"sd","09:23:48",537900
15650,200,1000,"sd","09:24:05",538900
15650,200,1800,"bu","09:24:13",540700
15650,200,500,"sd","09:24:22",541200
15650,200,7000,"bu","09:24:28",548200
15650,200,5000,"sd","09:24:41",553200
15650,200,4700,"sd","09:24:54",557900
15650,200,7000,"sd","09:24:58",564900
15650,200,3100,"bu","09:25:09",568000
15650,200,200,"bu","09:25:23",568200
15650,200,2000,"bu","09:25:24",570200
15650,200,8000,"sd","09:25:25",578200
15650,200,500,"sd","09:25:36",578700
15650,200,100,"sd","09:25:49",578800
15650,200,7100,"sd","09:25:56",585900
15650,200,2000,"bu","09:25:57",587900
15650,200,2500,"sd","09:26:00",590400
15650,200,6000,"bu","09:26:12",596400
15650,200,300,"sd","09:26:13",596700
15650,200,500,"sd","09:26:20",597200
15650,200,1500,"bu","09:26:23",598700
15650,200,200,"bu","09:26:24",598900
15650,200,100,"sd","09:26:26",599000
15650,200,500,"sd","09:26:30",599500
15650,200,2800,"sd","09:26:45",602300
15650,200,500,"sd","09:26:59",602800
15650,200,2500,"sd","09:27:03",605300
15650,200,100,"sd","09:27:07",605400
15650,200,5100,"sd","09:27:08",610500
15650,200,100,"sd","09:27:21",610600
15650,200,1100,"sd","09:27:26",611700
15650,200,4000,"sd","09:27:46",615700
15650,200,100,"sd","09:27:56",615800
15650,200,2000,"bu","09:27:57",617800
15650,200,100,"sd","09:28:04",617900
15650,200,2000,"sd","09:28:06",619900
15650,200,500,"sd","09:28:12",620400
15650,200,1500,"sd","09:28:24",621900
15650,200,3000,"bu","09:28:30",624900
15650,200,600,"bu","09:28:31",625500
15650,200,400,"bu","09:28:54",626400
15650,200,5000,"sd","09:29:07",631400
15700,250,5000,"bu","09:29:17",636400
15650,200,10500,"sd","09:29:20",646900
15650,200,100,"bu","09:29:41",647000
15650,200,200,"bu","09:29:49",647200
15700,250,1200,"sd","09:29:51",648400
15650,200,7200,"sd","09:29:56",655600
15650,200,900,"bu","09:29:57",656500
15650,200,2500,"bu","09:30:06",659000
15700,250,100,"sd","09:30:15",659100
15650,200,1000,"bu","09:30:21",660100
15650,200,10000,"sd","09:30:22",670100
15650,200,6000,"bu","09:30:32",676100
15650,200,300,"bu","09:30:34",676400
15650,200,800,"bu","09:30:38",677200
15650,200,17300,"sd","09:30:42",694500
15650,200,2700,"sd","09:30:42",697200
15650,200,5000,"sd","09:30:44",702200
15650,200,400,"sd","09:30:45",702600
15650,200,1000,"bu","09:30:47",703600
15650,200,500,"sd","09:30:53",704100
15650,200,3200,"bu","09:30:55",707300
15650,200,500,"sd","09:31:00",707800
15700,250,12500,"sd","09:31:04",720300
15650,200,500,"sd","09:31:06",720800
15650,200,5000,"sd","09:31:09",725800
15650,200,15000,"bu","09:31:18",740800
15650,200,1000,"bu","09:31:19",741800
15650,200,3000,"sd","09:31:19",744800
15650,200,20000,"sd","09:31:20",764800
15650,200,4500,"bu","09:31:21",769300
15600,150,7000,"bu","09:31:46",776300
15650,200,100,"bu","09:32:02",776400
15600,150,200,"sd","09:32:13",776600
15650,200,9000,"sd","09:32:27",785600
15650,200,100,"sd","09:32:30",785700
15650,200,13500,"bu","09:32:40",799200
15650,200,10000,"sd","09:32:41",809200
15650,200,1100,"bu","09:32:47",810300
15650,200,300,"sd","09:32:48",812300
15650,200,2700,"bu","09:32:49",815000
15650,200,200,"sd","09:32:52",815200
15650,200,8800,"sd","09:32:55",824000
15650,200,300,"sd","09:32:58",824300
15650,200,500,"bu","09:33:02",824800
15650,200,3000,"sd","09:33:07",827800
15650,200,1300,"sd","09:33:11",829100
15650,200,1000,"bu","09:33:15",830100
15650,200,200,"sd","09:33:16",830300
15600,150,1300,"sd","09:33:18",831600
15650,200,1000,"sd","09:33:19",832600
15650,200,10000,"sd","09:33:22",842600
15650,200,1300,"sd","09:33:44",843900
15650,200,6000,"bu","09:33:47",849900
15650,200,400,"bu","09:34:06",850300
15650,200,800,"sd","09:34:30",851100
15650,200,100,"sd","09:34:54",851200
15650,200,3000,"sd","09:34:57",854200
15650,200,200,"sd","09:35:16",854400
15650,200,4000,"sd","09:35:46",858400
15650,200,200,"sd","09:35:54",858600
15600,150,10000,"bu","09:36:06",868600
15650,200,200,"bu","09:36:08",868800
15650,200,100,"bu","09:36:18",868900
15600,150,3300,"bu","09:36:26",872200
15650,200,10400,"sd","09:36:29",882600
15650,200,15000,"sd","09:36:40",897600
15650,200,20000,"sd","09:36:46",917600
15650,200,200,"sd","09:36:52",917800
15650,200,20000,"bu","09:36:55",937800
15650,200,8000,"sd","09:36:56",945800
15650,200,5000,"sd","09:36:59",950800
15650,200,200,"bu","09:37:00",951000
15650,200,1000,"bu","09:37:02",952000
15650,200,100,"bu","09:37:04",952100
15650,200,5000,"bu","09:37:06",957100
15650,200,200,"bu","09:37:08",957300
15650,200,2300,"sd","09:37:15",959600
15650,200,12700,"bu","09:37:18",972300
15650,200,9100,"bu","09:37:23",981400
15650,200,20000,"sd","09:37:26",1001400
15650,200,2000,"bu","09:37:28",1003400
15650,200,4800,"bu","09:37:29",1008200
15700,250,51800,"bu","09:37:48",1060000
15700,250,3000,"bu","09:38:02",1063000
15650,200,200,"sd","09:38:20",1063200
15650,200,10000,"sd","09:38:37",1073200
15650,200,2000,"sd","09:39:16",1075200
15650,200,100,"bu","09:39:25",1075300
15700,250,30800,"bu","09:39:45",1106100
15650,200,10000,"sd","09:39:46",1116100
15650,200,5000,"sd","09:39:54",1121100
15650,200,1100,"bu","09:40:32",1122200
15700,250,900,"bu","09:40:36",1123100
15650,200,700,"sd","09:40:36",1123800
15650,200,100,"bu","09:40:49",1123900
15650,200,300,"sd","09:40:56",1124200
15650,200,1200,"bu","09:41:14",1125400
15650,200,100,"sd","09:41:27",1125500
15650,200,500,"bu","09:41:43",1126000
15650,200,700,"sd","09:42:05",1126700
15650,200,100,"bu","09:42:11",1126800
15650,200,1000,"sd","09:42:14",1127800
15650,200,8500,"bu","09:42:32",1136300
15650,200,500,"bu","09:42:55",1136800
15650,200,2000,"sd","09:43:13",1138800
15650,200,1000,"bu","09:43:14",1139800
15650,200,500,"bu","09:43:15",1140300
15650,200,3000,"sd","09:43:48",1143300
15700,250,8200,"bu","09:44:00",1151500
15650,200,200,"bu","09:44:08",1151700
15650,200,1100,"bu","09:44:29",1152800
15700,250,1100,"bu","09:44:34",1153900
15650,200,10000,"sd","09:44:39",1163900
15650,200,1000,"bu","09:44:52",1164900
15650,200,65100,"sd","09:45:20",1230000
15650,200,600,"sd","09:45:29",1230600
15650,200,1100,"sd","09:45:46",1231700
15650,200,31000,"bu","09:45:47",1262700
15650,200,20000,"sd","09:45:59",1282700
15650,200,100,"sd","09:46:02",1282800
15650,200,2000,"sd","09:46:08",1284800
15650,200,400,"sd","09:46:11",1285200
15650,200,500,"bu","09:46:22",1285700
15650,200,1000,"sd","09:46:29",1286700
15700,250,23200,"bu","09:46:30",1309900
15700,250,100,"sd","09:46:35",1310000
15650,200,1000,"sd","09:46:46",1311000
15700,250,1100,"bu","09:46:55",1312100
15700,250,2200,"bu","09:47:27",1314300
15650,200,1000,"sd","09:47:51",1315300
15700,250,500,"sd","09:47:56",1315800
15650,200,200,"sd","09:48:16",1316000
15700,250,500,"sd","09:48:25",1316500
15700,250,1000,"sd","09:48:36",1317500
15700,250,1500,"bu","09:49:58",1319000
15650,200,300,"sd","09:50:03",1319300
15650,200,200,"bu","09:50:30",1319500
15650,200,3000,"bu","09:50:44",1322500
15650,200,200,"bu","09:51:00",1322700
15650,200,300,"sd","09:51:14",1323000
15650,200,100,"bu","09:51:33",1323100
15650,200,1100,"bu","09:51:46",1324200
15700,250,200,"sd","09:51:50",1324400
15700,250,900,"sd","09:51:59",1325300
15650,200,15000,"bu","09:52:09",1340300
15700,250,300,"bu","09:52:36",1340600
15700,250,1500,"sd","09:52:49",1342100
15650,200,400,"sd","09:53:01",1342500
15650,200,500,"bu","09:53:36",1343000
15650,200,2600,"bu","09:53:49",1345600
15650,200,1000,"sd","09:53:52",1346600
15650,200,9300,"bu","09:53:53",1355900
15650,200,5000,"bu","09:53:57",1360900
15700,250,800,"bu","09:54:25",1361700
15650,200,200,"sd","09:54:39",1361900
15650,200,2000,"bu","09:54:54",1363900
15700,250,3600,"sd","09:54:56",1367500
15700,250,500,"sd","09:55:23",1368000
15700,250,1200,"sd","09:55:28",1369200
15700,250,100,"bu","09:55:43",1378200
15700,250,3000,"bu","09:55:46",1381200
15650,200,200,"bu","09:55:52",1381400
15700,250,3000,"bu","09:55:53",1384400
15700,250,22100,"bu","09:56:08",1406500
15700,250,100,"bu","09:56:09",1406600
15700,250,400,"bu","09:56:15",1407000
15650,200,700,"bu","09:56:30",1407700
15650,200,1000,"bu","09:56:34",1408700
15650,200,500,"bu","09:57:01",1409200
15650,200,5000,"bu","09:57:20",1414200
15650,200,12700,"bu","09:57:26",1426900
15650,200,100,"sd","09:57:29",1427000
15650,200,700,"sd","09:57:40",1427700
15650,200,100,"sd","09:57:43",1427800
15650,200,200,"sd","09:57:50",1428000
15650,200,5300,"bu","09:57:51",1433300
15650,200,100,"sd","09:57:53",1433400
15650,200,300,"sd","09:57:58",1433700
15700,250,100,"sd","09:58:05",1433800
15650,200,300,"sd","09:58:11",1434100
15700,250,2500,"bu","09:58:41",1436600
15650,200,100,"sd","09:58:42",1436700
15650,200,10000,"bu","09:58:45",1446700
15650,200,8000,"bu","09:58:48",1454700
15650,200,2000,"sd","09:58:49",1456700
15650,200,200,"sd","09:58:53",1456900
15650,200,1000,"bu","09:59:43",1457900
15650,200,39500,"bu","09:59:47",1497400
15650,200,2900,"sd","09:59:49",1500300
15650,200,5000,"bu","09:59:54",1508300
15650,200,100,"bu","09:59:56",1508400
15650,200,1200,"sd","10:00:09",1509600
15650,200,10000,"bu","10:00:12",1519600
15650,200,10000,"sd","10:00:18",1529600
15650,200,2500,"bu","10:00:26",1532100
15650,200,6000,"bu","10:00:27",1538100
15650,200,1500,"bu","10:00:31",1539600
15650,200,200,"bu","10:00:37",1539800
15650,200,100,"sd","10:00:42",1539900
15650,200,200,"sd","10:00:42",1540100
15650,200,2000,"bu","10:00:44",1542100
15650,200,2100,"bu","10:00:45",1544200
15650,200,2000,"bu","10:00:53",1546200
15650,200,6600,"sd","10:00:57",1552800
15650,200,9500,"sd","10:01:00",1562300
15650,200,1000,"sd","10:01:12",1563300
15650,200,100,"bu","10:01:22",1563400
15650,200,2000,"sd","10:01:36",1565400
15650,200,2100,"sd","10:01:51",1567500
15650,200,4000,"bu","10:01:57",1571500
15650,200,3000,"sd","10:02:22",1574500
15650,200,2000,"sd","10:02:30",1576500
15650,200,9000,"bu","10:03:43",1585500
15650,200,1000,"bu","10:04:01",1586500
15650,200,100,"sd","10:04:17",1586600
15650,200,200,"bu","10:04:18",1586800
15650,200,2000,"sd","10:04:22",1588800
15650,200,500,"bu","10:04:26",1589300
15650,200,1000,"sd","10:04:35",1590300
15650,200,100,"bu","10:04:42",1590400
15600,150,1000,"bu","10:04:47",1591400
15600,150,2000,"bu","10:05:20",1593400
15600,150,1500,"bu","10:05:22",1594900
15650,200,200,"sd","10:05:28",1595100
15650,200,400,"sd","10:05:59",1595500
15650,200,100,"sd","10:06:24",1595600
15600,150,2100,"bu","10:07:08",1597700
15600,150,1000,"bu","10:07:20",1598700
15600,150,500,"sd","10:07:45",1599200
15650,200,300,"sd","10:08:07",1599500
15650,200,100,"bu","10:09:02",1599600
15600,150,200,"sd","10:09:12",1599800
15600,150,10000,"bu","10:09:34",1609800
15600,150,100,"sd","10:09:58",1609900
15600,150,1000,"bu","10:10:00",1610900
15600,150,7000,"sd","10:10:35",1617900
15600,150,800,"bu","10:10:55",1618700
15600,150,400,"bu","10:10:58",1619100
15600,150,12400,"bu","10:11:00",1631500
15600,150,1500,"bu","10:11:05",1633000
15600,150,400,"bu","10:11:11",1633400
15600,150,6300,"bu","10:11:47",1639700
15600,150,11000,"bu","10:12:11",1650700
15600,150,600,"bu","10:12:23",1651300
15600,150,100,"sd","10:12:28",1651400
15600,150,1000,"sd","10:12:39",1652400
15600,150,400,"sd","10:12:59",1652800
15600,150,100,"bu","10:13:07",1652900
15650,200,1000,"bu","10:14:02",1653900
15600,150,500,"bu","10:14:04",1654400
15600,150,1300,"sd","10:14:24",1655700
15600,150,20000,"sd","10:14:54",1675700
15600,150,5000,"bu","10:15:11",1680700
15600,150,500,"sd","10:15:21",1681200
15600,150,300,"bu","10:15:30",1681500
15600,150,1500,"bu","10:15:33",1683000
15600,150,2000,"sd","10:15:35",1685000
15600,150,2500,"sd","10:16:36",1687500
15600,150,1000,"sd","10:16:41",1688500
15600,150,4000,"sd","10:16:44",1692500
15600,150,500,"sd","10:16:54",1693000
15600,150,2000,"sd","10:16:59",1695000
15600,150,5000,"bu","10:18:10",1700000
15600,150,8400,"bu","10:18:47",1708400
15600,150,100,"bu","10:18:55",1708500
15600,150,400,"bu","10:19:39",1708900
15600,150,300,"sd","10:19:52",1709200
15600,150,6000,"bu","10:19:57",1715200
15600,150,300,"sd","10:20:14",1715500
15600,150,1500,"sd","10:20:22",1717000
15600,150,600,"sd","10:20:36",1717600
15600,150,100,"sd","10:20:51",1717700
15600,150,1000,"bu","10:21:05",1718700
15600,150,7000,"bu","10:21:05",1725700
15600,150,1000,"sd","10:21:06",1726700
15600,150,100,"bu","10:21:21",1726800
15600,150,20500,"sd","10:21:36",1747300
15600,150,300,"sd","10:21:40",1747600
15650,200,10000,"bu","10:21:44",1757600
15600,150,700,"sd","10:22:13",1758300
15600,150,500,"sd","10:22:29",1758800
15600,150,700,"sd","10:22:34",1759500
15650,200,300,"sd","10:23:47",1759800
15600,150,1300,"bu","10:24:26",1761100
15600,150,10000,"sd","10:24:46",1771100
15650,200,1000,"bu","10:25:07",1772100
15600,150,200,"sd","10:25:21",1772300
15600,150,10000,"sd","10:25:38",1782300
15650,200,2500,"sd","10:25:45",1784800
15600,150,200,"bu","10:26:00",1785000
15600,150,2000,"bu","10:26:02",1787000
15600,150,5000,"sd","10:26:22",1792000
15600,150,2500,"bu","10:26:36",1794500
15600,150,100,"sd","10:26:40",1794600
15600,150,12800,"bu","10:26:56",1807400
15600,150,1000,"bu","10:27:08",1808400
15600,150,100,"sd","10:27:14",1808500
15600,150,1100,"sd","10:28:24",1809600
15650,200,10000,"sd","10:28:32",1819600
15600,150,3000,"sd","10:28:34",1822600
15600,150,100,"bu","10:28:48",1822700
15650,200,2000,"bu","10:28:56",1824700
15650,200,5000,"sd","10:29:27",1829700
15600,150,40000,"bu","10:29:33",1869700
15600,150,2000,"bu","10:30:35",1871700
15600,150,1000,"sd","10:30:38",1872700
15600,150,6000,"bu","10:31:15",1878700
15600,150,1000,"sd","10:31:17",1879700
15600,150,2000,"sd","10:31:18",1881700
15600,150,200,"bu","10:31:23",1882900
15600,150,3000,"bu","10:31:36",1885900
15600,150,1000,"bu","10:31:40",1886900
15600,150,2000,"bu","10:31:45",1888900
15600,150,100,"sd","10:31:46",1889000
15600,150,2600,"bu","10:32:00",1891600
15600,150,1000,"bu","10:32:06",1892600
15600,150,71100,"sd","10:32:30",1963700
15600,150,6100,"bu","10:32:34",1969800
15600,150,2000,"sd","10:32:37",1971800
15600,150,6300,"bu","10:32:37",1978100
15600,150,10000,"bu","10:32:38",1988100
15600,150,8000,"bu","10:32:39",1996100
15600,150,55800,"bu","10:32:46",2051900
15600,150,2500,"sd","10:32:48",2054400
15600,150,1000,"sd","10:33:37",2055400
15600,150,200,"bu","10:33:41",2055600
15550,100,100,"sd","10:34:27",2055700
15550,100,500,"bu","10:34:31",2056200
15550,100,2000,"bu","10:35:09",2058200
15550,100,900,"bu","10:35:24",2059100
15550,100,3000,"sd","10:35:29",2062100
15550,100,5000,"bu","10:35:33",2067100
15550,100,100,"bu","10:35:38",2067200
15550,100,400,"bu","10:35:49",2067600
15550,100,5400,"sd","10:36:20",2073000
15550,100,6000,"bu","10:37:10",2079000
15550,100,100,"sd","10:37:22",2079100
15600,150,500,"bu","10:37:24",2079600
15550,100,100,"bu","10:37:44",2079700
15600,150,10000,"bu","10:37:45",2089700
15600,150,2500,"bu","10:38:03",2092200
15600,150,5000,"sd","10:38:43",2097200
15600,150,3000,"bu","10:38:50",2100200
15550,100,6000,"bu","10:39:19",2106200
15550,100,10000,"bu","10:40:07",2116200
15550,100,200,"bu","10:40:25",2116400
15550,100,1100,"bu","10:40:39",2117500
15550,100,500,"bu","10:40:53",2118000
15600,150,2500,"sd","10:42:17",2120500
15550,100,1000,"sd","10:42:21",2121500
15600,150,5000,"sd","10:42:29",2126500
15550,100,400,"bu","10:43:26",2126900
15600,150,1000,"sd","10:44:10",2127900
15600,150,10000,"sd","10:45:16",2137900
15550,100,1000,"bu","10:45:33",2138900
15550,100,1500,"sd","10:46:04",2140400
15550,100,400,"bu","10:46:20",2140800
15550,100,1100,"sd","10:47:00",2141900
15550,100,2000,"bu","10:47:10",2143900
15600,150,10000,"sd","10:47:37",2153900
15550,100,500,"sd","10:47:57",2154400
15550,100,10000,"bu","10:48:11",2164400
15550,100,1600,"sd","10:48:19",2166000
15550,100,500,"bu","10:48:40",2166500
15550,100,5500,"bu","10:49:24",2172000
15550,100,700,"sd","10:49:37",2172700
15550,100,1100,"bu","10:50:58",2173800
15550,100,1600,"sd","10:51:51",2175400
15550,100,4000,"sd","10:51:54",2179400
15550,100,18700,"bu","10:53:24",2198100
15550,100,400,"sd","10:53:25",2198500
15550,100,54700,"bu","10:53:31",2253200
15550,100,189200,"sd","10:53:32",2442400
15550,100,10000,"sd","10:53:34",2452400
15550,100,3100,"bu","10:53:35",2455500
15550,100,700,"bu","10:53:36",2456200
15550,100,400,"bu","10:53:45",2456600
15550,100,1000,"sd","10:54:03",2457600
15500,50,4200,"bu","10:54:20",2461800
15500,50,5000,"sd","10:54:23",2466800
15500,50,8700,"bu","10:54:35",2475500
15500,50,4500,"bu","10:54:37",2480000
15500,50,200,"sd","10:54:40",2480200
15500,50,600,"sd","10:54:48",2480800
15500,50,23000,"bu","10:54:51",2503800
15500,50,28000,"sd","10:54:56",2531800
15500,50,15000,"bu","10:54:58",2546800
15500,50,2000,"sd","10:55:00",2548800
15500,50,5000,"bu","10:55:06",2553800
15500,50,8000,"sd","10:55:13",2561800
15500,50,16300,"bu","10:55:14",2578100
15500,50,12000,"bu","10:55:17",2590100
15500,50,10000,"sd","10:55:20",2600100
15500,50,2200,"bu","10:55:21",2602300
15500,50,10600,"bu","10:55:26",2612900
15500,50,8000,"sd","10:55:27",2620900
15500,50,27200,"bu","10:55:29",2648100
15500,50,4000,"sd","10:55:31",2652100
15500,50,800,"bu","10:55:32",2652900
15500,50,100,"bu","10:55:34",2653000
15500,50,2000,"bu","10:55:35",2655000
15500,50,8000,"sd","10:55:36",2663000
15500,50,1700,"bu","10:55:38",2664700
15500,50,3000,"bu","10:55:40",2667700
15500,50,1100,"bu","10:55:41",2668800
15500,50,6200,"bu","10:55:48",2675000
15500,50,1000,"sd","10:55:50",2676000
15500,50,50000,"bu","10:55:51",2726000
15500,50,10000,"sd","10:55:55",2736000
15500,50,1000,"bu","10:55:56",2737000
15500,50,5000,"sd","10:55:58",2742000
15500,50,700,"bu","10:56:05",2742700
15500,50,5000,"sd","10:56:06",2747700
15500,50,5000,"sd","10:56:07",2752700
15500,50,25000,"bu","10:56:10",2777700
15500,50,800,"bu","10:56:11",2778500
15500,50,2000,"bu","10:56:21",2780500
15450,0,15100,"bu","10:56:27",2795600
15450,0,700,"sd","10:56:34",2796300
15450,0,200,"bu","10:56:37",2796500
15450,0,3000,"sd","10:56:42",2799500
15450,0,600,"sd","10:56:45",2800100
15450,0,18900,"bu","10:56:54",2819000
15450,0,300,"bu","10:57:01",2819300
15450,0,3600,"sd","10:57:05",2822900
15450,0,2000,"sd","10:57:12",2824900
15450,0,2400,"bu","10:57:17",2827300
15450,0,1000,"bu","10:57:20",2828300
15450,0,10000,"bu","10:57:23",2838300
15450,0,13200,"sd","10:57:26",2851500
15450,0,6000,"bu","10:57:31",2857500
15450,0,500,"sd","10:57:37",2858000
15450,0,6000,"bu","10:57:39",2864000
15450,0,1000,"sd","10:57:45",2865000
15450,0,25400,"bu","10:57:48",2890400
15450,0,500,"sd","10:57:49",2890900
15450,0,3200,"sd","10:57:51",2894100
15450,0,16000,"sd","10:57:53",2910100
15500,50,300,"sd","10:57:56",2910400
15450,0,400,"bu","10:57:57",2910800
15450,0,100000,"sd","10:57:58",3010800
15450,0,700,"bu","10:58:02",3011500
15450,0,500,"bu","10:58:03",3012000
15450,0,5000,"sd","10:58:05",3017000
15450,0,7400,"sd","10:58:12",3024400
15450,0,3800,"sd","10:58:14",3028200
15450,0,2000,"bu","10:58:16",3030200
15500,50,100,"bu","10:58:18",3030300
15450,0,500,"bu","10:58:32",3030800
15500,50,2000,"sd","10:58:36",3032800
15450,0,2000,"bu","10:58:46",3034800
15450,0,300,"sd","10:58:47",3035100
15450,0,5000,"sd","10:58:56",3040100
15450,0,20000,"bu","10:58:58",3060100
15450,0,15000,"bu","10:59:02",3075100
15450,0,15000,"sd","10:59:03",3090100
15450,0,5000,"sd","10:59:14",3095100
15450,0,12600,"sd","10:59:18",3107700
15450,0,6100,"sd","10:59:22",3113800
15450,0,1600,"sd","10:59:24",3115400
15450,0,9400,"sd","10:59:29",3124800
15450,0,300,"sd","10:59:30",3125100
15450,0,2000,"sd","10:59:31",3127100
15450,0,8100,"bu","10:59:34",3135200
15450,0,1000,"bu","10:59:36",3136200
15450,0,4900,"bu","10:59:38",3141100
15450,0,500,"sd","10:59:42",3141600
15450,0,10400,"bu","10:59:46",3152000
15450,0,1600,"sd","10:59:51",3153600
15450,0,300,"sd","10:59:57",3153900
15450,0,2000,"sd","11:00:00",3155900
15450,0,3000,"bu","11:00:12",3158900
15450,0,900,"bu","11:00:15",3159800
15450,0,1700,"sd","11:00:19",3161500
15500,50,4000,"bu","11:00:55",3165500
15500,50,9000,"sd","11:01:04",3174500
15500,50,13000,"sd","11:01:06",3187500
15500,50,6000,"bu","11:01:07",3193500
15500,50,3200,"sd","11:01:08",3196700
15500,50,5200,"sd","11:01:11",3201900
15500,50,13700,"bu","11:01:14",3215600
15500,50,600,"bu","11:01:16",3216200
15500,50,300,"sd","11:01:17",3216500
15500,50,2000,"bu","11:01:26",3218500
15500,50,1700,"sd","11:01:34",3220200
15500,50,100,"bu","11:01:35",3220300
15550,100,500,"sd","11:01:53",3220800
15550,100,4000,"bu","11:02:01",3224800
15550,100,10000,"sd","11:02:05",3234800
15550,100,1000,"sd","11:02:14",3235800
15550,100,500,"sd","11:02:20",3236300
15550,100,5000,"sd","11:02:24",3241300
15550,100,2000,"sd","11:02:26",3243300
15550,100,700,"bu","11:02:38",3244000
15550,100,500,"sd","11:02:43",3244500
15550,100,300,"sd","11:02:44",3244800
15550,100,800,"sd","11:02:57",3245600
15550,100,5000,"sd","11:03:07",3250600
15550,100,100,"sd","11:03:09",3250700
15600,150,3000,"sd","11:03:10",3253700
15550,100,100,"bu","11:03:12",3253800
15550,100,1000,"bu","11:03:17",3254800
15550,100,200,"bu","11:03:23",3255000
15550,100,1000,"bu","11:03:25",3256000
15550,100,3000,"bu","11:03:31",3259000
15550,100,2000,"sd","11:03:36",3261000
15550,100,17500,"sd","11:03:43",3278500
15550,100,3100,"sd","11:03:48",3281600
15550,100,10000,"bu","11:03:50",3291600
15550,100,3000,"sd","11:03:51",3294600
15550,100,1500,"sd","11:03:55",3296100
15550,100,1200,"sd","11:04:01",3297300
15550,100,2000,"sd","11:04:05",3299300
15550,100,3000,"sd","11:04:25",3302300
15550,100,500,"bu","11:04:29",3302800
15550,100,2000,"bu","11:05:07",3304800
15500,50,900,"bu","11:05:13",3305700
15550,100,1500,"bu","11:05:21",3307200
15500,50,100,"sd","11:05:29",3307300
15500,50,300,"bu","11:05:38",3307600
15500,50,1000,"sd","11:05:42",3308600
15500,50,100,"bu","11:05:49",3308700
15500,50,200,"sd","11:06:06",3308900
15500,50,10000,"bu","11:06:14",3318900
15500,50,5600,"bu","11:06:24",3324500
15500,50,1000,"bu","11:06:26",3325500
15500,50,10000,"bu","11:06:27",3335500
15500,50,200,"bu","11:06:32",3335700
15500,50,10400,"sd","11:06:35",3346100
15500,50,100,"bu","11:06:45",3346200
15500,50,500,"bu","11:06:50",3346700
15500,50,200,"sd","11:07:05",3346900
15500,50,600,"sd","11:07:17",3347500
15500,50,500,"bu","11:07:28",3348000
15500,50,300,"sd","11:07:53",3348300
15500,50,1600,"bu","11:07:57",3349900
15500,50,800,"sd","11:08:12",3350700
15500,50,4300,"bu","11:08:19",3355000
15500,50,200,"bu","11:08:23",3355200
15500,50,10000,"sd","11:08:25",3365200
15500,50,2000,"bu","11:08:26",3367200
15500,50,10000,"sd","11:08:34",3377200
15500,50,3000,"bu","11:08:35",3380200
15500,50,200,"sd","11:08:45",3380400
15500,50,100,"bu","11:08:46",3380500
15500,50,1100,"sd","11:09:13",3381600
15500,50,49600,"sd","11:11:41",3431200
15450,0,600,"sd","11:11:46",3431800
15500,50,1000,"bu","11:11:48",3432800
15450,0,7400,"sd","11:12:17",3440200
15500,50,4000,"sd","11:12:25",3444200
15500,50,1000,"bu","11:12:30",3445200
15500,50,10000,"sd","11:12:31",3455200
15500,50,4000,"sd","11:12:38",3459200
15450,0,1000,"sd","11:12:45",3460200
15500,50,2500,"sd","11:13:23",3462700
15450,0,7000,"bu","11:13:28",3469700
15450,0,100,"bu","11:13:29",3469800
15450,0,300,"bu","11:13:31",3470100
15450,0,500,"bu","11:13:38",3470600
15450,0,20000,"sd","11:13:42",3490600
15450,0,700,"sd","11:13:43",3491300
15450,0,2500,"sd","11:13:49",3493800
15450,0,50000,"bu","11:13:52",3543800
15450,0,3000,"sd","11:14:17",3546800
15450,0,100,"bu","11:14:37",3546900
15450,0,1000,"bu","11:14:43",3547900
15450,0,1000,"bu","11:15:12",3548900
15450,0,1000,"sd","11:15:13",3549900
15450,0,3500,"bu","11:15:18",3553400
15450,0,2100,"bu","11:15:25",3555500
15450,0,2000,"bu","11:15:31",3557500
15450,0,1100,"bu","11:15:38",3558600
15450,0,2000,"sd","11:15:40",3560600
15450,0,3000,"sd","11:15:53",3563600
15450,0,3000,"bu","11:16:03",3566600
15450,0,1000,"bu","11:16:05",3567600
15450,0,10000,"bu","11:16:15",3577600
15450,0,1100,"bu","11:16:19",3578700
15450,0,2000,"sd","11:16:21",3580700
15450,0,17000,"bu","11:16:25",3597700
15450,0,300,"bu","11:16:30",3598000
15450,0,4000,"sd","11:16:38",3602000
15450,0,500,"sd","11:16:46",3602500
15450,0,7000,"sd","11:16:49",3609500
15450,0,1000,"bu","11:16:55",3610500
15450,0,92100,"bu","11:16:57",3702600
15400,-50,10200,"sd","11:17:02",3712800
15400,-50,1000,"bu","11:17:08",3713800
15400,-50,300,"bu","11:17:11",3714100
15450,0,1500,"sd","11:17:19",3715600
15400,-50,30000,"sd","11:17:20",3745600
15450,0,100,"bu","11:17:27",3745700
15400,-50,4000,"sd","11:17:34",3749700
15400,-50,200,"bu","11:17:54",3749900
15400,-50,2000,"bu","11:18:04",3751900
15400,-50,5000,"bu","11:18:17",3756900
15400,-50,1000,"sd","11:18:21",3757900
15400,-50,15400,"bu","11:18:23",3773300
15400,-50,1200,"bu","11:18:29",3774500
15400,-50,15000,"sd","11:18:41",3789500
15400,-50,500,"sd","11:18:55",3790000
15450,0,10500,"bu","11:19:03",3800500
15400,-50,5000,"bu","11:19:15",3805500
15450,0,5100,"sd","11:19:33",3810600
15400,-50,7000,"bu","11:19:34",3817600
15400,-50,1000,"bu","11:20:09",3818600
15400,-50,4200,"sd","11:20:11",3822800
15400,-50,5000,"sd","11:20:24",3827800
15400,-50,2000,"sd","11:20:36",3829800
15400,-50,1000,"sd","11:20:38",3830800
15450,0,1000,"sd","11:20:54",3831800
15400,-50,100,"bu","11:21:04",3831900
15450,0,400,"bu","11:21:06",3832300
15450,0,1000,"sd","11:21:20",3833300
15450,0,4100,"sd","11:21:24",3837400
15450,0,1000,"sd","11:21:27",3838400
15500,50,12800,"sd","11:21:31",3851200
15450,0,3500,"bu","11:21:33",3854700
15450,0,4000,"bu","11:21:46",3858700
15450,0,8200,"bu","11:22:14",3866900
15450,0,1000,"sd","11:22:23",3867900
15450,0,600,"bu","11:22:29",3868500
15500,50,1000,"bu","11:22:39",3869500
15500,50,500,"bu","11:22:51",3870000
15500,50,400,"bu","11:22:58",3870400
15500,50,2600,"bu","11:23:04",3873000
15500,50,5000,"sd","11:23:20",3878000
15500,50,30000,"sd","11:23:35",3908000
15500,50,500,"sd","11:23:38",3908500
15500,50,2000,"bu","11:23:40",3910500
15500,50,500,"bu","11:23:47",3911000
15500,50,14100,"bu","11:24:31",3925100
15500,50,10000,"bu","11:24:40",3935100
15500,50,5000,"sd","11:24:41",3940100
15500,50,11500,"sd","11:24:49",3951600
15500,50,4800,"bu","11:24:52",3956400
15550,100,5000,"bu","11:24:55",3961400
15550,100,1500,"bu","11:25:05",3962900
15500,50,2000,"sd","11:25:25",3964900
15550,100,3000,"bu","11:25:31",3967900
15500,50,100,"bu","11:26:02",3968000
15500,50,600,"bu","11:26:06",3968600
15500,50,200,"bu","11:26:13",3968800
15500,50,30000,"bu","11:26:15",3998800
15500,50,10000,"sd","11:26:27",4008800
15500,50,1000,"bu","11:26:36",4009800
15500,50,2000,"sd","11:26:59",4011800
15500,50,100,"sd","11:27:05",4011900
15550,100,30900,"bu","11:27:39",4042800
15550,100,300,"bu","11:27:55",4043100
15550,100,5100,"sd","11:28:05",4048200
15500,50,100,"sd","11:28:12",4048300
15500,50,1800,"bu","11:28:23",4050100
15500,50,100,"bu","11:28:25",4050200
15500,50,2200,"sd","11:28:38",4052400
15550,100,4500,"sd","11:28:44",4056900
15500,50,1700,"bu","11:28:50",4058600
15550,100,10000,"bu","11:28:51",4068600
15500,50,5000,"bu","11:28:53",4073600
15500,50,3700,"sd","11:28:58",4077300
15550,100,2000,"sd","11:29:08",4079300
15550,100,1000,"bu","11:29:39",4080300
15500,50,2300,"sd","11:30:02",4082600
15500,50,5000,"bu","13:00:18",4087600
15500,50,200,"sd","13:00:20",4087800
15550,100,100,"sd","13:00:20",4087900
15500,50,2000,"bu","13:00:22",4089900
15500,50,100,"bu","13:00:28",4090000
15500,50,700,"bu","13:00:30",4090700
15500,50,1000,"bu","13:00:36",4091700
15500,50,2000,"bu","13:00:37",4093700
15550,100,1200,"sd","13:00:44",4094900
15500,50,1400,"sd","13:00:45",4096300
15500,50,20100,"bu","13:00:49",4116400
15500,50,2000,"bu","13:00:51",4118400
15550,100,2800,"bu","13:00:55",4121200
15500,50,8000,"sd","13:00:59",4129200
15500,50,64200,"bu","13:01:10",4193400
15500,50,100,"bu","13:01:11",4193500
15500,50,4100,"bu","13:03:06",4197600
15500,50,1000,"bu","13:03:16",4198600
15500,50,2100,"bu","13:04:17",4200700
15450,0,1900,"bu","13:04:52",4202600
15450,0,100,"bu","13:05:07",4202700
15500,50,2000,"bu","13:05:16",4204700
15450,0,25000,"bu","13:06:26",4229700
15450,0,1000,"bu","13:07:25",4230700
15450,0,10000,"sd","13:07:41",4240700
15450,0,100,"bu","13:07:59",4240800
15450,0,600,"sd","13:08:34",4241400
15450,0,9000,"bu","13:09:12",4250400
15500,50,5000,"bu","13:09:46",4255400
15450,0,200,"sd","13:09:48",4255600
15450,0,500,"bu","13:09:50",4256100
15500,50,10000,"bu","13:09:56",4266100
15500,50,100,"bu","13:10:09",4266200
15500,50,100000,"sd","13:10:30",4366200
15500,50,5300,"bu","13:10:32",4371500
15500,50,5500,"sd","13:10:35",4377000
15500,50,6000,"sd","13:10:37",4383000
15500,50,500,"bu","13:10:39",4383500
15500,50,5000,"sd","13:10:47",4388500
15500,50,10000,"sd","13:10:49",4398500
15500,50,6300,"bu","13:10:53",4404800
15500,50,5500,"sd","13:11:01",4410300
15500,50,2000,"sd","13:11:10",4412300
15500,50,500,"bu","13:11:24",4412800
15500,50,200,"sd","13:11:33",4413000
15500,50,5000,"bu","13:11:36",4418000
15500,50,3000,"sd","13:11:40",4421000
15550,100,500,"bu","13:11:45",4421500
15500,50,23200,"sd","13:11:47",4444700
15500,50,2000,"bu","13:12:28",4446700
15500,50,102500,"sd","13:13:40",4549200
15550,100,29200,"bu","13:14:17",4578400
15550,100,200,"sd","13:14:19",4578600
15550,100,5300,"bu","13:14:34",4583900
15550,100,18500,"bu","13:14:37",4602400
15550,100,3000,"bu","13:14:46",4605400
15550,100,10200,"bu","13:15:45",4615600
15550,100,11000,"bu","13:16:10",4626600
15550,100,100,"sd","13:16:17",4626700
15550,100,4800,"sd","13:17:10",4631500
15550,100,100500,"bu","13:17:41",4732000
15550,100,800,"bu","13:17:49",4732800
15550,100,13000,"bu","13:17:56",4745800
15550,100,3700,"sd","13:17:59",4749500
15550,100,2500,"bu","13:18:02",4752000
15550,100,2100,"bu","13:18:27",4754100
15550,100,5300,"sd","13:18:57",4759400
15550,100,8500,"sd","13:19:21",4767900
15550,100,100,"bu","13:19:34",4768000
15500,50,105900,"sd","13:19:57",4873900
15500,50,200,"bu","13:20:05",4874100
15500,50,100,"sd","13:20:13",4874200
15500,50,1000,"sd","13:20:15",4875200
15500,50,2900,"bu","13:20:52",4878100
15500,50,1000,"sd","13:21:10",4879100
15500,50,11000,"bu","13:21:25",4890100
15500,50,1600,"bu","13:21:48",4891700
15500,50,100,"bu","13:21:50",4891800
15500,50,2000,"bu","13:22:12",4893800
15500,50,3400,"sd","13:22:15",4897200
15500,50,1000,"sd","13:22:24",4898200
15500,50,3000,"sd","13:22:25",4901200
15500,50,1900,"sd","13:22:41",4903100
15500,50,3800,"sd","13:23:11",4906900
15500,50,1100,"sd","13:23:27",4908000
15500,50,3600,"bu","13:23:33",4911600
15500,50,1400,"sd","13:23:37",4913000
15500,50,7200,"bu","13:24:05",4920200
15500,50,5900,"sd","13:26:28",4926100
15500,50,1500,"bu","13:26:31",4927600
15500,50,1700,"bu","13:27:36",4929300
15500,50,100,"sd","13:27:41",4929400
15500,50,1000,"bu","13:28:12",4930400
15500,50,1100,"bu","13:28:31",4931500
15500,50,1200,"bu","13:28:45",4932700
15500,50,1100,"sd","13:28:50",4933800
15500,50,5300,"sd","13:29:14",4939100
15500,50,2300,"sd","13:29:31",4941400
15500,50,100,"sd","13:29:35",4941500
15500,50,700,"sd","13:30:08",4942200
15500,50,100,"sd","13:30:33",4942300
15550,100,37500,"bu","13:30:50",4979800
15500,50,37400,"bu","13:30:54",5017200
15550,100,26800,"bu","13:30:57",5044000
15500,50,100,"sd","13:30:59",5044100
15550,100,500,"bu","13:31:03",5044600
15550,100,21600,"bu","13:31:15",5066200
15550,100,300,"sd","13:31:25",5066500
15550,100,2000,"bu","13:31:30",5068500
15550,100,2900,"bu","13:31:36",5071400
15550,100,1000,"bu","13:31:38",5072400
15600,150,4400,"sd","13:31:53",5076800
15550,100,2000,"bu","13:31:56",5078800
15600,150,200,"sd","13:32:10",5079000
15550,100,1000,"bu","13:32:32",5080000
15600,150,300,"bu","13:33:26",5080300
15550,100,29800,"sd","13:33:49",5110100
15600,150,1000,"sd","13:33:58",5111100
15550,100,40000,"bu","13:34:04",5151100
15550,100,400,"bu","13:34:18",5151500
15550,100,5700,"bu","13:34:32",5157200
15550,100,900,"bu","13:35:06",5158100
15550,100,500,"bu","13:35:24",5158600
15500,50,100,"bu","13:35:37",5158700
15500,50,600,"sd","13:37:16",5159300
15500,50,300,"sd","13:37:42",5159600
15500,50,5000,"bu","13:37:53",5164600
15550,100,1000,"sd","13:37:59",5165600
15500,50,300,"sd","13:38:14",5165900
15550,100,100,"sd","13:38:20",5166000
15550,100,19000,"sd","13:39:14",5185000
15550,100,15000,"bu","13:39:30",5200000
15550,100,31600,"sd","13:39:35",5231600
15550,100,20200,"bu","13:40:01",5251800
15600,150,100,"bu","13:40:28",5251900
15550,100,2000,"bu","13:40:32",5253900
15550,100,800,"sd","13:40:40",5254700
15550,100,1000,"bu","13:40:48",5255700
15550,100,500,"bu","13:40:51",5256200
15550,100,2100,"sd","13:41:16",5258300
15600,150,9500,"sd","13:41:50",5267800
15550,100,2000,"sd","13:42:11",5269800
15550,100,500,"bu","13:42:16",5270300
15550,100,200,"sd","13:42:22",5270500
15550,100,100,"sd","13:42:25",5270600
15550,100,10000,"sd","13:42:46",5280600
15550,100,500,"bu","13:43:14",5281100
15550,100,8000,"bu","13:43:30",5289100
15550,100,6000,"sd","13:43:39",5295100
15550,100,5000,"bu","13:43:50",5300100
15550,100,25000,"sd","13:43:54",5325100
15550,100,1000,"sd","13:44:03",5326100
15600,150,5400,"bu","13:44:28",5331500
15550,100,500,"bu","13:44:44",5332000
15550,100,2000,"bu","13:44:48",5334000
15550,100,300,"sd","13:44:53",5334300
15550,100,1500,"sd","13:45:26",5335800
15550,100,1100,"bu","13:45:32",5336900
15600,150,100200,"sd","13:46:18",5437100
15600,150,50000,"bu","13:46:24",5487100
15600,150,30700,"sd","13:46:48",5517800
15600,150,50000,"bu","13:46:50",5567800
15650,200,52700,"bu","13:46:56",5620500
15650,200,300,"sd","13:47:18",5620800
15650,200,400,"bu","13:47:20",5621200
15600,150,1500,"sd","13:47:28",5622700
15600,150,100,"sd","13:47:32",5622800
15600,150,1500,"sd","13:47:41",5624300
15600,150,7000,"bu","13:47:54",5631300
15600,150,2500,"sd","13:47:57",5633800
15600,150,500,"sd","13:48:04",5634300
15600,150,1000,"sd","13:48:10",5635300
15600,150,600,"sd","13:48:18",5635900
15600,150,300,"bu","13:48:20",5636200
15600,150,7000,"sd","13:48:21",5643200
15600,150,7400,"sd","13:48:29",5650600
15600,150,500,"bu","13:48:30",5651100
15600,150,5000,"sd","13:48:32",5656100
15600,150,3100,"sd","13:48:36",5659200
15600,150,5100,"sd","13:48:38",5664300
15600,150,3000,"sd","13:48:40",5667300
15600,150,6500,"bu","13:48:42",5673800
15600,150,2700,"sd","13:48:47",5676500
15600,150,100,"sd","13:48:50",5676600
15600,150,7000,"bu","13:49:00",5683600
15600,150,2500,"bu","13:49:03",5686100
15600,150,7000,"sd","13:49:14",5693100
15600,150,5000,"bu","13:49:16",5698100
15600,150,11000,"sd","13:49:17",5709100
15650,200,26200,"sd","13:49:29",5735300
15600,150,4900,"bu","13:50:38",5740200
15550,100,22000,"bu","13:51:04",5762200
15550,100,800,"bu","13:51:29",5763000
15550,100,1000,"bu","13:51:32",5764000
15550,100,100,"bu","13:51:41",5764100
15550,100,22000,"sd","13:52:03",5786100
15550,100,600,"bu","13:52:35",5786700
15550,100,300,"bu","13:52:52",5787000
15550,100,50000,"sd","13:52:57",5837000
15550,100,6700,"sd","13:53:05",5843700
15550,100,5500,"bu","13:53:28",5849200
15550,100,500,"sd","13:53:34",5849700
15550,100,5000,"sd","13:54:06",5854700
15550,100,2000,"sd","13:54:10",5856700
15550,100,100,"sd","13:54:16",5856800
15550,100,2500,"bu","13:54:21",5859300
15550,100,1000,"bu","13:54:23",5860300
15550,100,3000,"sd","13:54:36",5863300
15550,100,3400,"sd","13:55:06",5866700
15550,100,71500,"sd","13:55:18",5938200
15550,100,4900,"sd","13:55:22",5943100
15600,150,5000,"sd","13:55:46",5948100
15600,150,9000,"sd","13:55:59",5957100
15600,150,200,"bu","13:56:05",5957300
15600,150,29000,"sd","13:56:14",5986300
15600,150,1900,"bu","13:56:17",5988200
15600,150,54900,"sd","13:56:19",6043100
15600,150,100,"bu","13:56:28",6043200
15600,150,3100,"sd","13:56:35",6046300
15600,150,5500,"sd","13:57:11",6051800
15650,200,8000,"bu","13:57:27",6059800
15600,150,200,"sd","13:57:32",6060000
15600,150,10000,"bu","13:57:41",6070000
15600,150,100,"bu","13:57:43",6070100
15650,200,7000,"sd","13:57:51",6077100
15650,200,100,"bu","13:58:06",6077200
15650,200,2100,"sd","13:58:14",6079300
15650,200,1400,"sd","13:58:18",6080700
15650,200,30500,"sd","13:58:45",6111200
15600,150,1800,"sd","13:58:50",6113000
15650,200,200,"bu","13:58:51",6113200
15650,200,5000,"sd","13:58:58",6118200
15650,200,11500,"bu","13:59:18",6129700
15650,200,7000,"sd","13:59:20",6136700
15650,200,10000,"sd","13:59:30",6146700
15650,200,43000,"sd","13:59:33",6189700
15650,200,20000,"sd","13:59:35",6209700
15650,200,5700,"bu","13:59:37",6215400
15650,200,5000,"sd","13:59:39",6220400
15650,200,1000,"sd","13:59:41",6221400
15650,200,2500,"bu","13:59:45",6223900
15650,200,150000,"sd","13:59:47",6373900
15650,200,22900,"sd","13:59:51",6396800
15650,200,33100,"bu","13:59:53",6429900
15650,200,1100,"bu","13:59:59",6431000
15700,250,1400,"sd","14:00:15",6432400
15650,200,6000,"bu","14:00:21",6438400
15650,200,100,"bu","14:00:27",6438500
15700,250,1000,"sd","14:00:29",6439500
15700,250,500,"sd","14:00:46",6440000
15700,250,500,"bu","14:00:53",6440500
15650,200,700,"bu","14:00:54",6441200
15650,200,1000,"bu","14:01:00",6442200
15650,200,1500,"bu","14:01:15",6443700
15650,200,100,"bu","14:01:17",6443800
15650,200,1000,"bu","14:01:19",6444800
15700,250,159300,"sd","14:01:21",6604100
15650,200,41700,"sd","14:01:23",6645800
15650,200,500,"bu","14:01:25",6646300
15700,250,30600,"bu","14:01:44",6676900
15700,250,200,"bu","14:01:51",6677100
15700,250,17000,"sd","14:01:55",6694100
15700,250,2500,"bu","14:01:57",6696600
15700,250,2000,"bu","14:01:59",6698600
15700,250,33000,"bu","14:02:11",6731600
15700,250,8500,"bu","14:02:13",6740100
15700,250,200,"sd","14:02:16",6740300
15700,250,4500,"sd","14:02:17",6744800
15700,250,800,"bu","14:02:25",6745600
15700,250,20000,"bu","14:02:27",6765600
15700,250,700,"sd","14:02:30",6766300
15700,250,1200,"sd","14:02:33",6767500
15700,250,50000,"sd","14:02:38",6817500
15650,200,91800,"bu","14:02:44",6909300
15700,250,5000,"bu","14:02:46",6914300
15650,200,100,"bu","14:02:48",6914400
15700,250,3000,"sd","14:02:53",6917400
15700,250,5000,"bu","14:02:54",6922400
15700,250,84800,"bu","14:02:56",7007200
15700,250,25200,"bu","14:02:58",7032400
15700,250,82000,"bu","14:03:00",7114400
15700,250,5300,"bu","14:03:03",7119700
15700,250,300,"bu","14:03:05",7120000
15700,250,1200,"sd","14:03:11",7121200
15750,300,25300,"bu","14:03:15",7146500
15750,300,400,"bu","14:03:17",7146900
15750,300,126300,"sd","14:03:25",7273200
15700,250,10600,"bu","14:03:35",7283800
15750,300,2700,"bu","14:03:37",7286500
15750,300,26500,"sd","14:03:40",7313000
15750,300,10400,"bu","14:03:42",7323400
15750,300,7100,"sd","14:03:44",7330500
15750,300,46100,"bu","14:03:51",7376600
15750,300,23500,"bu","14:03:53",7400100
15750,300,51200,"bu","14:03:55",7451300
15750,300,4000,"bu","14:03:57",7455300
15750,300,18800,"bu","14:03:59",7474100
15800,350,18900,"bu","14:04:02",7493000
15750,300,2100,"sd","14:04:05",7495100
15750,300,6000,"sd","14:04:09",7501100
15750,300,500,"bu","14:04:11",7501600
15750,300,1100,"bu","14:04:13",7502700
15750,300,8000,"bu","14:04:17",7510700
15750,300,10600,"sd","14:04:19",7521300
15750,300,2500,"sd","14:04:21",7523800
15800,350,2400,"bu","14:04:23",7526200
15750,300,3000,"sd","14:04:25",7529200
15750,300,4100,"bu","14:04:27",7533300
15750,300,3000,"sd","14:04:29",7536300
15750,300,32700,"sd","14:04:37",7569000
15750,300,5600,"sd","14:04:41",7574600
15750,300,19600,"bu","14:04:45",7594200
15750,300,8300,"sd","14:04:47",7602500
15750,300,32100,"bu","14:04:49",7634600
15750,300,1300,"bu","14:05:03",7635900
15750,300,500,"bu","14:05:05",7636400
15700,250,100,"bu","14:05:14",7636500
15750,300,11200,"bu","14:05:25",7647700
15750,300,600,"bu","14:05:27",7648300
15700,250,15300,"sd","14:05:36",7663600
15700,250,5000,"sd","14:05:38",7668600
15700,250,79100,"bu","14:05:46",7747700
15700,250,500,"bu","14:05:54",7748200
15700,250,800,"bu","14:05:56",7749000
15700,250,5000,"sd","14:05:58",7754000
15700,250,1000,"sd","14:06:08",7755000
15650,200,7200,"bu","14:06:09",7762200
15650,200,300,"bu","14:06:18",7762500
15650,200,4000,"sd","14:06:24",7766500
15650,200,5500,"bu","14:06:45",7772000
15650,200,11300,"sd","14:07:11",7783300
15700,250,20000,"bu","14:07:13",7803300
15700,250,1200,"sd","14:07:25",7804500
15700,250,600,"bu","14:07:28",7805100
15700,250,11200,"sd","14:08:00",7816300
15700,250,30200,"sd","14:08:12",7846500
15700,250,73300,"sd","14:08:33",7919800
15700,250,2500,"sd","14:08:35",7922300
15700,250,5100,"sd","14:08:46",7927400
15700,250,4500,"bu","14:09:06",7931900
15700,250,200,"bu","14:09:08",7932100
15700,250,50200,"bu","14:09:50",7982300
15700,250,5500,"sd","14:09:52",7987800
15700,250,57700,"sd","14:10:02",8045500
15700,250,18000,"bu","14:10:05",8063500
15700,250,5500,"bu","14:10:06",8069000
15700,250,2800,"bu","14:10:08",8071800
15700,250,100,"bu","14:10:11",8071900
15700,250,8700,"sd","14:10:15",8080600
15700,250,5000,"bu","14:10:17",8085600
15700,250,17300,"sd","14:10:21",8102900
15700,250,14700,"sd","14:10:32",8117600
15700,250,9200,"bu","14:10:38",8126800
15700,250,3900,"sd","14:10:46",8130700
15700,250,5100,"bu","14:11:00",8135800
15700,250,9500,"bu","14:11:02",8145300
15700,250,3500,"bu","14:11:06",8148800
15700,250,2600,"sd","14:11:10",8151400
15700,250,500,"bu","14:11:23",8151900
15700,250,100,"bu","14:11:27",8152000
15700,250,3100,"bu","14:11:44",8155100
15700,250,2500,"bu","14:11:48",8157600
15700,250,2500,"bu","14:11:56",8160100
15700,250,10000,"bu","14:11:58",8170100
15700,250,2000,"sd","14:12:00",8172100
15700,250,900,"sd","14:12:05",8173000
15700,250,16000,"sd","14:12:12",8189000
15700,250,100,"sd","14:12:14",8189100
15700,250,1900,"bu","14:12:21",8191000
15700,250,24600,"bu","14:12:28",8215600
15700,250,1000,"bu","14:12:30",8216600
15700,250,1400,"bu","14:12:35",8218000
15700,250,2400,"bu","14:12:39",8220400
15700,250,200,"bu","14:12:50",8220600
15700,250,18900,"bu","14:12:52",8239500
15700,250,25200,"bu","14:13:06",8264700
15700,250,40700,"bu","14:13:29",8305400
15700,250,500,"sd","14:13:35",8305900
15700,250,2000,"sd","14:13:38",8307900
15700,250,1300,"sd","14:13:40",8309200
15700,250,4000,"sd","14:13:44",8313200
15700,250,4300,"bu","14:13:48",8317500
15700,250,2000,"sd","14:13:50",8319500
15700,250,100,"sd","14:13:52",8319600
15700,250,3500,"bu","14:13:57",8323100
15700,250,10600,"sd","14:14:07",8333700
15700,250,100,"sd","14:14:16",8333800
15700,250,300,"sd","14:14:21",8334100
15700,250,2600,"bu","14:14:23",8336700
15700,250,13200,"sd","14:14:27",8349900
15700,250,1400,"sd","14:14:32",8351300
15700,250,600,"bu","14:14:38",8351900
15700,250,3000,"sd","14:14:40",8354900
15700,250,600,"bu","14:14:44",8355500
15700,250,100,"bu","14:14:46",8355600
15750,300,21000,"sd","14:14:51",8376600
15700,250,1300,"bu","14:14:53",8377900
15700,250,50000,"bu","14:14:55",8427900
15700,250,300,"sd","14:14:58",8428200
15700,250,20000,"bu","14:15:00",8448200
15700,250,4000,"sd","14:15:02",8452200
15700,250,100,"sd","14:15:04",8452300
15700,250,18000,"bu","14:15:09",8470300
15700,250,3000,"sd","14:15:11",8473300
15700,250,8800,"sd","14:15:18",8482100
15700,250,2100,"bu","14:15:25",8484200
15700,250,2600,"sd","14:15:38",8486800
15700,250,2800,"bu","14:15:40",8489600
15700,250,7000,"sd","14:15:58",8496600
15700,250,1800,"sd","14:16:05",8498400
15700,250,2000,"sd","14:16:07",8500400
15700,250,10000,"sd","14:16:15",8510400
15700,250,500,"bu","14:16:22",8510900
15700,250,200,"bu","14:16:24",8511100
15700,250,100,"sd","14:16:26",8511200
15700,250,10000,"sd","14:16:28",8521200
15700,250,12500,"bu","14:16:33",8533700
15700,250,3000,"sd","14:16:35",8536700
15700,250,5000,"bu","14:16:37",8541700
15700,250,13100,"sd","14:16:41",8554800
15700,250,5000,"sd","14:16:58",8559800
15700,250,10000,"bu","14:17:00",8569800
15700,250,21100,"sd","14:17:02",8590900
15700,250,500,"bu","14:17:04",8591400
15700,250,200,"sd","14:17:07",8591600
15700,250,500,"sd","14:17:09",8592100
15700,250,1000,"sd","14:17:20",8593100
15700,250,12400,"sd","14:17:22",8605500
15700,250,1000,"sd","14:17:26",8606500
15700,250,200,"bu","14:17:31",8606700
15700,250,9800,"sd","14:17:41",8616500
15700,250,4000,"bu","14:17:57",8620500
15700,250,1000,"bu","14:18:11",8621500
15650,200,5000,"bu","14:18:28",8626500
15700,250,1100,"sd","14:19:00",8627600
15700,250,100,"bu","14:19:33",8627700
15700,250,30200,"bu","14:19:39",8657900
15700,250,300,"sd","14:19:43",8658200
15700,250,6000,"sd","14:20:10",8664200
15700,250,8100,"bu","14:20:50",8672300
15650,200,10000,"sd","14:20:59",8682300
15650,200,1000,"sd","14:21:01",8683300
15650,200,1100,"sd","14:21:08",8684400
15700,250,3000,"sd","14:21:24",8687400
15650,200,1000,"bu","14:21:31",8688400
15650,200,5000,"sd","14:21:42",8693400
15650,200,1800,"bu","14:21:47",8695200
15650,200,5000,"bu","14:21:51",8700200
15700,250,200,"bu","14:21:53",8700400
15650,200,500,"sd","14:22:03",8700900
15650,200,136500,"bu","14:22:08",8837400
15600,150,700,"bu","14:22:30",8838100
15600,150,200,"bu","14:22:35",8838300
15650,200,300,"bu","14:22:39",8838600
15650,200,1100,"bu","14:23:12",8839700
15600,150,5000,"sd","14:23:17",8844700
15650,200,5100,"bu","14:23:26",8849800
15650,200,2000,"sd","14:23:31",8851800
15650,200,4000,"bu","14:23:33",8855800
15600,150,20000,"bu","14:23:35",8875800
15600,150,91000,"bu","14:23:49",8966800
15600,150,2000,"sd","14:23:52",8968800
15650,200,4000,"sd","14:24:04",8972800
15600,150,15000,"sd","14:24:08",8987800
15600,150,2000,"sd","14:24:11",8989800
15650,200,100,"bu","14:24:16",8989900
15600,150,1000,"bu","14:24:27",8990900
15600,150,17300,"sd","14:24:51",9008200
15600,150,11000,"sd","14:24:54",9019200
15600,150,12100,"sd","14:24:56",9031300
15600,150,16500,"bu","14:24:59",9047800
15600,150,10000,"sd","14:25:02",9057800
15600,150,1000,"bu","14:25:04",9058800
15600,150,2700,"sd","14:25:07",9061500
15600,150,500,"sd","14:25:15",9062000
15650,200,16900,"sd","14:25:18",9078900
15600,150,10000,"bu","14:25:20",9088900
15600,150,1000,"bu","14:25:23",9089900
15600,150,1000,"bu","14:25:27",9090900
15600,150,500,"sd","14:25:32",9091400
15600,150,3500,"bu","14:25:34",9094900
15600,150,200,"sd","14:25:37",9095100
15600,150,16100,"bu","14:25:39",9111200
15600,150,5000,"sd","14:25:41",9116200
15550,100,100,"sd","14:25:50",9116300
15550,100,4600,"sd","14:26:28",9120900
15600,150,5300,"sd","14:26:30",9126200
15550,100,2200,"bu","14:26:33",9128400
15550,100,100,"bu","14:26:40",9128500
15550,100,200,"sd","14:26:48",9128700
15550,100,11500,"sd","14:26:51",9140200
15550,100,6400,"sd","14:26:53",9146600
15550,100,12500,"bu","14:26:58",9159100
15550,100,5000,"bu","14:27:05",9164100
15600,150,2900,"sd","14:27:27",9167000
15600,150,27900,"bu","14:27:30",9194900
15600,150,400,"sd","14:27:35",9195300
15550,100,10000,"sd","14:27:38",9205300
15550,100,21500,"bu","14:27:41",9226800
15550,100,10500,"sd","14:27:50",9237300
15550,100,200,"sd","14:28:12",9237500
15600,150,5000,"bu","14:28:21",9242500
15550,100,5200,"sd","14:28:26",9247700
15600,150,1100,"sd","14:28:31",9248800
15600,150,2800,"bu","14:28:43",9251600
15550,100,5200,"bu","14:28:52",9256800
15600,150,3000,"sd","14:28:55",9259800
15600,150,10500,"sd","14:29:05",9270300
15600,150,1000,"sd","14:29:07",9271300
15600,150,10500,"bu","14:29:10",9281800
15650,200,500,"sd","14:29:19",9282300
15600,150,7000,"sd","14:29:25",9289300
15600,150,2000,"sd","14:29:27",9291300
15600,150,700,"sd","14:29:34",9292000
15600,150,11000,"sd","14:29:45",9303000
15600,150,1000,"bu","14:29:50",9304000
15600,150,11700,"bu","14:29:52",9315700
15600,150,1000,"bu","14:29:59",9316700
15600,150,99800,"bu","14:45:10",9416500
