"price","change","match_qtty","side","time","total_vol"
20300,100,5846000,"bu","09:44:01",5846000
20300,100,1000,"bu","09:44:21",5847000
20300,100,3000,"bu","09:45:01",5850000
20300,100,1000,"bu","09:45:21",5851000
20300,100,1000,"sd","09:46:08",5852000
20300,100,50000,"bu","09:46:42",5902000
20300,100,1000,"sd","09:46:47",5903000
20300,100,10000,"sd","09:47:01",5913000
20300,100,8000,"bu","09:47:32",5921000
20300,100,717000,"sd","09:47:53",6638000
20300,100,10000,"sd","09:49:00",6648000
20400,200,42000,"sd","09:49:16",6690000
20400,200,5000,"sd","09:50:09",6695000
20400,200,4000,"bu","09:50:33",6699000
20400,200,10000,"bu","09:50:43",6709000
20400,200,5000,"sd","09:51:46",6714000
20300,100,5000,"bu","09:52:21",6719000
20300,100,100000,"sd","09:52:24",6819000
20400,200,57000,"bu","09:52:46",6876000
20300,100,1000,"sd","09:53:37",6877000
20300,100,10000,"bu","09:54:04",6887000
20400,200,1000000,"sd","09:55:11",7887000
20400,200,80000,"bu","09:56:08",7967000
20400,200,104000,"sd","09:56:09",8071000
20400,200,40000,"sd","09:57:07",8111000
20400,200,10000,"bu","09:57:14",8121000
20400,200,2000,"bu","09:57:26",8123000
20400,200,200000,"bu","09:57:40",8323000
20400,200,22000,"bu","09:58:09",8345000
20400,200,1000,"bu","09:58:31",8346000
20400,200,1000,"bu","09:58:49",8347000
20400,200,5000,"bu","09:59:06",8352000
20400,200,50000,"sd","10:01:44",8402000
20400,200,20000,"sd","10:02:00",8422000
20300,100,3000,"sd","10:02:30",8425000
20300,100,20000,"sd","10:02:54",8445000
20400,200,1000,"sd","10:03:14",8446000
20400,200,10000,"bu","10:04:35",8456000
20300,100,10000,"bu","10:04:39",8466000
20400,200,750000,"sd","10:05:17",9216000
20500,300,700000,"sd","10:06:08",9916000
20400,200,10000,"bu","10:06:31",9926000
20400,200,10000,"bu","10:06:38",9936000
20400,200,10000,"bu","10:06:40",9946000
20400,200,10000,"sd","10:06:43",9956000
20400,200,10000,"sd","10:06:46",9966000
20400,200,20000,"sd","10:06:47",9986000
20400,200,115000,"bu","10:06:52",10101000
20400,200,10000,"sd","10:06:54",10111000
20400,200,10000,"sd","10:06:56",10121000
20400,200,10000,"bu","10:06:58",10131000
20400,200,42000,"bu","10:07:01",10173000
20500,300,1000,"sd","10:07:12",10174000
20400,200,2000,"sd","10:07:19",10176000
20500,300,1000,"sd","10:07:26",10177000
20400,200,10000,"bu","10:07:44",10187000
20400,200,5000,"sd","10:08:08",10192000
20500,300,1000,"sd","10:08:27",10193000
20500,300,1000,"bu","10:08:54",10194000
20400,200,95000,"sd","10:10:25",10289000
20400,200,50000,"bu","10:10:36",10339000
20400,200,150000,"bu","10:10:42",10489000
20400,200,2000,"bu","10:10:49",10491000
20400,200,200000,"bu","10:10:50",10691000
20400,200,40000,"bu","10:10:57",10731000
20400,200,50000,"sd","10:11:02",10781000
20400,200,40000,"sd","10:11:06",10821000
20400,200,76000,"sd","10:11:14",10897000
20400,200,20000,"bu","10:13:22",10917000
20400,200,7000,"sd","10:14:19",10924000
20300,100,5000,"sd","10:14:54",10929000
20300,100,5000,"sd","10:14:56",10934000
20300,100,5000,"sd","10:15:04",10939000
20400,200,2000,"sd","10:15:21",10941000
20400,200,1000,"bu","10:16:35",10942000
20400,200,270000,"bu","10:16:42",11212000
20400,200,50000,"bu","10:16:48",11262000
20400,200,15000,"sd","10:17:01",11277000
20400,200,13000,"sd","10:17:04",11290000
20400,200,5000,"bu","10:17:09",11295000
20400,200,10000,"bu","10:17:13",11305000
20400,200,3000,"bu","10:17:51",11308000
20400,200,3000,"bu","10:18:24",11311000
20300,100,100000,"bu","10:20:30",11411000
20300,100,5000,"sd","10:21:00",11416000
20300,100,10000,"sd","10:23:59",11426000
20400,200,5000,"bu","10:26:44",11431000
20400,200,5000,"sd","10:26:49",11436000
20300,100,6000,"bu","10:29:08",11442000
20300,100,20000,"bu","10:29:30",11462000
20400,200,1000,"bu","10:29:57",11463000
20300,100,2000,"sd","10:30:14",11465000
20300,100,50000,"sd","10:30:50",11515000
20300,100,200000,"sd","10:31:04",11715000
20300,100,4000,"bu","10:31:24",11719000
20300,100,400000,"sd","10:31:33",12119000
20300,100,180000,"bu","10:32:14",12299000
20300,100,12000,"sd","10:32:23",12311000
20300,100,39000,"sd","10:32:35",12350000
20300,100,300000,"sd","10:32:42",12650000
20300,100,2000,"bu","10:32:48",12652000
20300,100,20000,"bu","10:32:55",12672000
20300,100,130000,"sd","10:33:00",12802000
20300,100,40000,"bu","10:33:01",12842000
20300,100,1000,"bu","10:33:20",12843000
20300,100,10000,"bu","10:33:27",12853000
20300,100,20000,"sd","10:33:33",12873000
20400,200,3000,"sd","10:33:37",12876000
20300,100,30000,"sd","10:34:45",12906000
20300,100,5000,"bu","10:34:47",12911000
20300,100,5000,"bu","10:35:18",12916000
20300,100,10000,"bu","10:36:12",12926000
20300,100,31000,"bu","10:36:33",12957000
20300,100,19000,"sd","10:36:42",12976000
20300,100,1000,"bu","10:36:51",12977000
20300,100,1000,"bu","10:36:52",12978000
20300,100,1000,"sd","10:37:02",12979000
20300,100,2000,"sd","10:37:39",12981000
20300,100,5000,"sd","10:37:50",12986000
20300,100,100000,"sd","10:38:28",13086000
20300,100,1000,"bu","10:38:43",13087000
20200,0,6000,"sd","10:38:56",13093000
20300,100,50000,"sd","10:39:59",13143000
20200,0,100000,"bu","10:40:25",13243000
20300,100,50000,"bu","10:40:56",13293000
20200,0,20000,"bu","10:42:04",13313000
20300,100,20000,"sd","10:42:19",13333000
20300,100,100000,"bu","10:43:12",13433000
20300,100,10000,"bu","10:44:21",13443000
20300,100,5000,"bu","10:44:40",13448000
20300,100,5000,"bu","10:46:18",13453000
20300,100,10000,"sd","10:46:47",13463000
20300,100,1000,"sd","10:47:07",13464000
20200,0,200000,"bu","10:48:05",13664000
20200,0,1000,"sd","10:48:34",13665000
20200,0,200000,"sd","10:49:23",13865000
20200,0,5000,"sd","10:49:47",13870000
20300,100,5000,"bu","10:50:12",13875000
20300,100,5000,"bu","10:50:23",13880000
20200,0,30000,"sd","10:52:47",13910000
20200,0,30000,"sd","10:52:56",13940000
20200,0,100000,"sd","10:53:04",14040000
20200,0,5000,"bu","10:53:31",14045000
20200,0,2000,"bu","10:53:38",14047000
20300,100,1000,"sd","10:54:03",14048000
20200,0,20000,"bu","10:54:04",14068000
20200,0,300000,"sd","10:54:06",14368000
20200,0,250000,"bu","10:54:12",14618000
20200,0,343000,"sd","10:54:15",14961000
20100,-100,500000,"bu","10:54:25",15461000
20100,-100,2000,"sd","10:54:26",15463000
20100,-100,200000,"sd","10:54:33",15663000
20100,-100,50000,"bu","10:54:34",15713000
20100,-100,30000,"sd","10:54:39",15743000
20100,-100,500000,"sd","10:54:40",16243000
20100,-100,2000,"sd","10:54:44",16245000
20100,-100,100000,"bu","10:54:46",16345000
20100,-100,50000,"sd","10:55:00",16395000
20100,-100,265000,"sd","10:55:03",16660000
20100,-100,4000,"sd","10:55:06",16664000
20100,-100,340000,"sd","10:55:08",17004000
20100,-100,1000,"bu","10:55:10",17005000
20100,-100,1000,"bu","10:55:11",17006000
20000,-200,200000,"bu","10:55:19",17206000
20000,-200,15000,"bu","10:55:21",17221000
20000,-200,250000,"bu","10:55:22",17471000
20100,-100,70000,"bu","10:55:23",17541000
20100,-100,9000,"bu","10:55:26",17550000
20100,-100,2000,"bu","10:55:33",17552000
20000,-200,10000,"bu","10:55:36",17562000
20000,-200,30000,"bu","10:55:48",17592000
20000,-200,40000,"sd","10:55:49",17632000
20000,-200,68000,"bu","10:55:51",17700000
20000,-200,10000,"sd","10:55:58",17710000
20100,-100,20000,"bu","10:56:00",17730000
20000,-200,245000,"sd","10:56:02",17975000
20000,-200,5000,"bu","10:56:06",17980000
20100,-100,20000,"sd","10:56:07",18000000
20100,-100,10000,"bu","10:56:18",18010000
20100,-100,1000,"sd","10:56:19",18011000
20000,-200,70000,"bu","10:56:25",18081000
20000,-200,276000,"sd","10:56:28",18357000
20100,-100,30000,"sd","10:56:31",18387000
20000,-200,300000,"bu","10:56:34",18687000
20000,-200,100000,"bu","10:56:41",18787000
20000,-200,500000,"bu","10:56:44",19287000
20100,-100,10000,"bu","10:56:45",19297000
20100,-100,8000,"sd","10:56:55",19305000
20100,-100,10000,"bu","10:57:01",19315000
20100,-100,50000,"bu","10:57:07",19365000
20100,-100,10000,"bu","10:57:08",19375000
20100,-100,10000,"bu","10:57:10",19385000
20000,-200,50000,"sd","10:57:15",19435000
20100,-100,1000,"sd","10:57:19",19436000
20100,-100,1000,"bu","10:57:21",19437000
20100,-100,10000,"bu","10:57:26",19447000
20000,-200,100000,"sd","10:57:31",19547000
20100,-100,2000,"bu","10:57:32",19549000
20000,-200,50000,"bu","10:57:42",19599000
20100,-100,30000,"bu","10:57:44",19629000
20100,-100,20000,"sd","10:57:49",19649000
20100,-100,5000,"sd","10:57:51",19654000
20100,-100,50000,"bu","10:57:52",19704000
20100,-100,50000,"sd","10:57:55",19754000
20100,-100,5000,"sd","10:57:59",19759000
20000,-200,10000,"sd","10:58:06",19769000
20100,-100,117000,"sd","10:58:10",19886000
20000,-200,25000,"sd","10:58:13",19911000
20000,-200,10000,"bu","10:58:27",19921000
20000,-200,30000,"sd","10:58:31",19951000
20100,-100,10000,"bu","10:58:32",19961000
20100,-100,50000,"sd","10:58:36",20011000
20100,-100,80000,"bu","10:58:51",20091000
20100,-100,5000,"bu","10:59:00",20096000
20100,-100,50000,"bu","10:59:03",20146000
20100,-100,22000,"sd","10:59:06",20168000
20100,-100,5000,"bu","10:59:09",20173000
20100,-100,12000,"sd","10:59:12",20185000
20100,-100,151000,"sd","10:59:16",20336000
20100,-100,38000,"sd","10:59:23",20374000
20100,-100,1000,"sd","10:59:26",20375000
20200,0,3000,"bu","10:59:32",20378000
20100,-100,10000,"bu","10:59:33",20388000
20100,-100,100000,"bu","10:59:38",20488000
20100,-100,154000,"bu","11:00:48",20642000
20200,0,10000,"sd","11:01:03",20652000
20100,-100,10000,"bu","11:01:05",20662000
20100,-100,5000,"bu","11:01:18",20667000
20200,0,28000,"sd","11:01:37",20695000
20100,-100,6000,"sd","11:01:41",20701000
20100,-100,1000,"bu","11:01:51",20702000
20100,-100,10000,"sd","11:01:57",20712000
20100,-100,1000,"bu","11:02:30",20713000
20100,-100,132000,"sd","11:02:38",20845000
20100,-100,5000,"bu","11:02:39",20850000
20100,-100,1000,"bu","11:03:56",20851000
20100,-100,10000,"bu","11:04:56",20861000
20100,-100,150000,"sd","11:05:25",21011000
20100,-100,10000,"bu","11:05:39",21021000
20100,-100,10000,"sd","11:06:00",21031000
20100,-100,20000,"sd","11:06:14",21051000
20100,-100,2000,"sd","11:06:28",21053000
20100,-100,277000,"bu","11:07:09",21330000
20100,-100,100000,"bu","11:07:13",21430000
20100,-100,2000,"bu","11:07:17",21432000
20100,-100,30000,"sd","11:07:26",21462000
20100,-100,8000,"bu","11:07:32",21470000
20100,-100,20000,"sd","11:07:38",21490000
20000,-200,50000,"sd","11:07:48",21540000
20000,-200,10000,"bu","11:08:22",21550000
20100,-100,1000,"sd","11:08:41",21551000
20100,-100,1000,"bu","11:08:43",21552000
20100,-100,5000,"bu","11:09:11",21557000
20000,-200,50000,"bu","11:09:45",21607000
20000,-200,5000,"bu","11:10:24",21612000
20000,-200,50000,"bu","11:10:28",21662000
20000,-200,10000,"sd","11:10:37",21672000
20000,-200,50000,"sd","11:10:39",21722000
20000,-200,3000,"bu","11:10:41",21725000
20100,-100,300000,"sd","11:11:26",22025000
20100,-100,2000,"bu","11:11:59",22027000
20100,-100,20000,"bu","11:12:10",22047000
20100,-100,44000,"sd","11:12:12",22091000
20100,-100,46000,"sd","11:12:22",22137000
20100,-100,1000,"sd","11:12:30",22138000
20000,-200,10000,"sd","11:12:47",22148000
20100,-100,10000,"bu","11:12:50",22158000
20000,-200,10000,"bu","11:13:00",22168000
20000,-200,528000,"sd","11:13:12",22696000
20000,-200,25000,"sd","11:13:31",22721000
20000,-200,1000,"bu","11:14:06",22722000
20000,-200,20000,"bu","11:14:07",22742000
20000,-200,5000,"sd","11:14:12",22747000
20000,-200,10000,"bu","11:14:21",22757000
20000,-200,50000,"bu","11:14:31",22807000
20000,-200,100000,"bu","11:14:32",22907000
20000,-200,60000,"sd","11:14:34",22967000
20000,-200,10000,"sd","11:14:37",22977000
20000,-200,10000,"bu","11:14:38",22987000
20000,-200,50000,"bu","11:14:39",23037000
20000,-200,100000,"bu","11:14:44",23137000
20000,-200,5000,"sd","11:14:56",23142000
20000,-200,10000,"bu","11:14:57",23152000
20000,-200,190000,"bu","11:14:58",23342000
20100,-100,10000,"bu","11:15:10",23352000
20000,-200,4000,"sd","11:15:11",23356000
20000,-200,10000,"sd","11:15:13",23366000
20000,-200,25000,"bu","11:15:15",23391000
20000,-200,20000,"bu","11:15:38",23411000
20000,-200,12000,"sd","11:15:52",23423000
20000,-200,10000,"bu","11:16:11",23433000
20000,-200,184000,"sd","11:16:16",23617000
20000,-200,20000,"sd","11:16:52",23637000
20000,-200,2000,"sd","11:17:01",23639000
20000,-200,25000,"bu","11:17:13",23664000
20000,-200,50000,"sd","11:17:22",23714000
20000,-200,20000,"bu","11:17:38",23734000
20000,-200,100000,"bu","11:18:11",23834000
20000,-200,1000,"sd","11:18:13",23835000
20100,-100,100000,"bu","11:18:25",23935000
20000,-200,10000,"sd","11:18:41",23945000
20000,-200,27000,"sd","11:19:08",23972000
20000,-200,3000,"bu","11:19:19",23975000
20000,-200,20000,"sd","11:19:25",23995000
20000,-200,1000,"bu","11:19:36",23996000
20000,-200,50000,"sd","11:19:41",24046000
20000,-200,22000,"bu","11:19:48",24068000
20000,-200,50000,"bu","11:19:54",24118000
20000,-200,20000,"sd","11:20:02",24138000
20000,-200,60000,"sd","11:20:15",24198000
20000,-200,200000,"sd","11:20:18",24398000
20000,-200,344000,"bu","11:20:21",24742000
20000,-200,50000,"sd","11:20:28",24792000
20000,-200,20000,"bu","11:20:34",24812000
20000,-200,5000,"sd","11:20:39",24817000
20000,-200,200000,"bu","11:20:41",25017000
20000,-200,80000,"bu","11:20:44",25097000
20000,-200,147000,"sd","11:20:48",25244000
20000,-200,7000,"sd","11:21:07",25251000
19900,-300,50000,"sd","11:21:23",25301000
20000,-200,5000,"bu","11:21:30",25306000
20000,-200,20000,"bu","11:21:40",25326000
20000,-200,5000,"sd","11:21:46",25331000
20000,-200,60000,"sd","11:23:08",25391000
19900,-300,4000,"bu","11:23:17",25395000
20000,-200,60000,"sd","11:23:53",25455000
20000,-200,2000,"bu","11:23:54",25457000
20000,-200,500000,"sd","11:23:56",25957000
20000,-200,50000,"bu","11:23:59",26007000
20000,-200,184000,"bu","11:24:00",26191000
20000,-200,30000,"bu","11:24:06",26221000
20000,-200,190000,"bu","11:25:26",26411000
20100,-100,2000,"bu","11:25:33",26413000
20100,-100,32000,"sd","11:25:39",26445000
20100,-100,1000,"bu","11:25:55",26446000
20000,-200,50000,"sd","11:26:09",26496000
20000,-200,20000,"sd","11:26:49",26516000
20100,-100,5000,"bu","11:26:50",26521000
20100,-100,2000,"bu","11:27:59",26523000
20100,-100,10000,"bu","11:28:06",26533000
20000,-200,200000,"sd","11:28:35",26733000
20000,-200,200000,"sd","11:28:54",26933000
20000,-200,126000,"sd","13:00:02",27059000
20100,-100,20000,"sd","13:00:03",27079000
20000,-200,20000,"bu","13:00:04",27099000
20000,-200,80000,"sd","13:00:05",27179000
20000,-200,40000,"sd","13:00:09",27219000
20000,-200,3000,"bu","13:00:10",27222000
20000,-200,3000,"bu","13:00:19",27225000
20000,-200,30000,"sd","13:01:04",27255000
20000,-200,1000,"sd","13:01:35",27256000
20000,-200,1000,"sd","13:01:38",27257000
20000,-200,1000,"sd","13:01:56",27258000
20000,-200,10000,"sd","13:02:03",27268000
20000,-200,30000,"sd","13:02:15",27298000
20000,-200,2000,"bu","13:02:24",27300000
20000,-200,16000,"bu","13:02:35",27316000
20000,-200,10000,"sd","13:02:41",27326000
20000,-200,100000,"bu","13:02:44",27426000
20000,-200,50000,"sd","13:02:50",27476000
20000,-200,3000,"bu","13:02:53",27479000
20000,-200,22000,"sd","13:03:00",27501000
20000,-200,5000,"sd","13:03:39",27506000
20000,-200,3000,"bu","13:03:49",27509000
20000,-200,2000,"sd","13:03:50",27511000
20000,-200,1000,"bu","13:03:51",27512000
20000,-200,10000,"bu","13:03:58",27522000
20000,-200,5000,"bu","13:04:06",27527000
20000,-200,2000,"sd","13:04:08",27529000
20000,-200,3000,"bu","13:04:13",27532000
20000,-200,10000,"bu","13:04:15",27542000
20000,-200,7000,"sd","13:04:16",27549000
20000,-200,1000,"sd","13:04:25",27550000
20000,-200,1000,"sd","13:04:33",27551000
20000,-200,1000,"sd","13:04:36",27552000
20000,-200,20000,"sd","13:04:37",27572000
20000,-200,5000,"sd","13:04:46",27577000
20100,-100,1000,"sd","13:05:33",27578000
20100,-100,6000,"sd","13:05:35",27584000
20000,-200,9000,"bu","13:08:03",27593000
20000,-200,60000,"sd","13:08:10",27653000
20000,-200,20000,"bu","13:08:13",27673000
20000,-200,1000,"sd","13:08:21",27674000
20100,-100,1000,"sd","13:08:31",27675000
20100,-100,8000,"sd","13:11:56",27683000
20100,-100,214000,"bu","13:13:26",27897000
20000,-200,100000,"sd","13:13:27",27997000
20100,-100,8000,"bu","13:13:40",28005000
20000,-200,20000,"sd","13:13:52",28025000
20100,-100,1000,"bu","13:15:25",28026000
20100,-100,12000,"bu","13:15:47",28038000
20100,-100,51000,"bu","13:16:27",28089000
20100,-100,15000,"bu","13:16:30",28104000
20100,-100,10000,"bu","13:16:31",28114000
20100,-100,30000,"sd","13:16:37",28144000
20100,-100,19000,"bu","13:16:50",28163000
20100,-100,15000,"bu","13:17:19",28178000
20100,-100,300000,"sd","13:18:27",28478000
20100,-100,35000,"bu","13:18:34",28513000
20100,-100,50000,"sd","13:18:36",28563000
20100,-100,125000,"bu","13:18:47",28688000
20100,-100,2000,"sd","13:18:52",28690000
20100,-100,151000,"bu","13:20:31",28841000
20100,-100,50000,"sd","13:21:03",28891000
20100,-100,100000,"bu","13:21:05",28991000
20100,-100,27000,"sd","13:21:17",29018000
20100,-100,2000,"sd","13:21:41",29020000
20100,-100,40000,"bu","13:22:49",29060000
20100,-100,2000,"sd","13:22:57",29062000
20100,-100,1000,"bu","13:23:12",29063000
20100,-100,1000,"bu","13:23:25",29064000
20100,-100,5000,"bu","13:23:29",29069000
20100,-100,1000,"bu","13:24:35",29070000
20100,-100,2000,"sd","13:24:57",29072000
20100,-100,13000,"sd","13:25:59",29085000
20100,-100,1000,"sd","13:26:14",29086000
20100,-100,15000,"sd","13:26:26",29101000
20100,-100,7000,"sd","13:26:53",29108000
20100,-100,10000,"sd","13:27:18",29118000
20100,-100,10000,"sd","13:27:23",29128000
20100,-100,23000,"sd","13:29:02",29151000
20100,-100,129000,"sd","13:29:19",29280000
20100,-100,50000,"bu","13:29:23",29330000
20100,-100,5000,"bu","13:29:31",29335000
20100,-100,50000,"bu","13:29:44",29385000
20100,-100,20000,"bu","13:29:55",29405000
20100,-100,2000,"sd","13:30:21",29407000
20100,-100,6000,"sd","13:30:49",29413000
20100,-100,321000,"bu","13:33:13",29734000
20100,-100,10000,"bu","13:33:15",29744000
20100,-100,10000,"bu","13:33:34",29754000
20100,-100,60000,"bu","13:33:47",29814000
20100,-100,151000,"sd","13:35:51",29965000
20100,-100,2000,"sd","13:36:02",29967000
20000,-200,1000,"bu","13:36:47",29968000
20100,-100,10000,"bu","13:37:03",29978000
20100,-100,1000,"sd","13:37:11",29979000
20100,-100,2000,"sd","13:38:03",29981000
20000,-200,278000,"bu","13:40:07",30259000
20000,-200,20000,"bu","13:40:10",30279000
20000,-200,7000,"sd","13:41:43",30286000
20100,-100,44000,"sd","13:43:09",30330000
20100,-100,5000,"sd","13:43:51",30335000
20100,-100,10000,"sd","13:44:25",30345000
20000,-200,16000,"bu","13:44:40",30361000
20000,-200,205000,"bu","13:44:54",30566000
20000,-200,10000,"sd","13:45:11",30576000
20000,-200,3000,"bu","13:45:14",30579000
20000,-200,5000,"bu","13:45:21",30584000
20000,-200,352000,"bu","13:45:43",30936000
20000,-200,133000,"sd","13:46:06",31069000
20000,-200,180000,"bu","13:46:15",31249000
20000,-200,78000,"bu","13:46:19",31327000
20000,-200,5000,"sd","13:47:12",31332000
20000,-200,50000,"bu","13:47:15",31382000
20000,-200,10000,"bu","13:47:17",31392000
20000,-200,51000,"sd","13:47:19",31443000
20000,-200,22000,"sd","13:47:25",31465000
20100,-100,62000,"bu","13:48:28",31527000
20100,-100,1000,"bu","13:49:05",31528000
20100,-100,6000,"bu","13:49:17",31534000
20100,-100,46000,"bu","13:51:49",31580000
20000,-200,20000,"bu","13:52:03",31600000
20100,-100,50000,"bu","13:52:05",31650000
20100,-100,50000,"bu","13:52:29",31700000
20100,-100,100000,"bu","13:52:51",31800000
20100,-100,100000,"sd","13:52:54",31900000
20100,-100,50000,"bu","13:52:55",31950000
20100,-100,8000,"bu","13:53:35",31958000
20100,-100,2000,"bu","13:53:39",31960000
20000,-200,2000,"sd","13:53:53",31962000
20100,-100,10000,"sd","13:55:11",31972000
20100,-100,59000,"sd","13:55:58",32031000
20100,-100,5000,"bu","13:56:00",32036000
20100,-100,3000,"bu","13:56:02",32039000
20100,-100,20000,"sd","13:56:08",32059000
20100,-100,20000,"sd","13:56:08",32079000
20100,-100,1000,"bu","13:56:15",32080000
20100,-100,10000,"sd","13:56:18",32090000
20100,-100,18000,"bu","13:56:20",32108000
20100,-100,39000,"sd","13:56:22",32147000
20100,-100,8000,"bu","13:56:40",32155000
20200,0,500000,"sd","13:57:00",32655000
20200,0,48000,"sd","13:57:21",32703000
20200,0,10000,"bu","13:57:37",32713000
20100,-100,50000,"sd","13:57:51",32763000
20100,-100,1000,"sd","13:58:21",32764000
20100,-100,1000,"bu","13:58:52",32765000
20200,0,10000,"sd","13:58:53",32775000
20200,0,12000,"sd","13:59:12",32787000
20200,0,50000,"bu","13:59:19",32837000
20200,0,50000,"sd","13:59:22",32887000
20200,0,50000,"bu","13:59:28",32937000
20200,0,10000,"bu","13:59:34",32947000
20200,0,1000,"bu","13:59:40",32948000
20200,0,43000,"bu","13:59:48",32991000
20200,0,145000,"bu","13:59:49",33136000
20200,0,73000,"sd","14:00:18",33209000
20200,0,13000,"bu","14:00:37",33222000
20200,0,14000,"bu","14:01:07",33236000
20200,0,1000,"bu","14:01:21",33237000
20200,0,5000,"bu","14:01:28",33242000
20200,0,150000,"sd","14:02:32",33392000
20200,0,1000,"bu","14:02:37",33393000
20200,0,51000,"sd","14:03:02",33444000
20200,0,15000,"sd","14:03:09",33459000
20200,0,1000,"sd","14:03:17",33460000
20100,-100,170000,"sd","14:04:43",33630000
20100,-100,16000,"sd","14:04:45",33646000
20100,-100,61000,"sd","14:06:34",33707000
20100,-100,110000,"sd","14:06:37",33817000
20100,-100,1000,"sd","14:07:06",33818000
20100,-100,3000,"sd","14:07:23",33821000
20200,0,1000,"sd","14:07:59",33822000
20200,0,25000,"bu","14:09:08",33847000
20200,0,7000,"bu","14:10:03",33854000
20200,0,3000,"bu","14:11:02",33857000
20100,-100,10000,"bu","14:12:26",33867000
20100,-100,90000,"bu","14:12:33",33957000
20200,0,19000,"bu","14:12:38",33976000
20100,-100,42000,"sd","14:12:54",34018000
20100,-100,50000,"bu","14:13:11",34068000
20100,-100,100000,"sd","14:13:17",34168000
20100,-100,10000,"bu","14:13:22",34178000
20100,-100,50000,"bu","14:13:24",34228000
20100,-100,16000,"sd","14:13:26",34244000
20100,-100,20000,"bu","14:14:09",34264000
20100,-100,12000,"bu","14:14:12",34276000
20200,0,1000,"sd","14:14:27",34277000
20200,0,38000,"bu","14:14:57",34315000
20100,-100,54000,"sd","14:16:58",34369000
20100,-100,100000,"bu","14:17:55",34469000
20100,-100,3000,"bu","14:17:59",34472000
20100,-100,44000,"sd","14:18:09",34516000
20100,-100,60000,"sd","14:18:40",34576000
20100,-100,48000,"sd","14:19:04",34624000
20100,-100,45000,"sd","14:19:49",34669000
20100,-100,2000,"bu","14:19:50",34671000
20100,-100,37000,"bu","14:19:56",34708000
20100,-100,50000,"sd","14:20:03",34758000
20100,-100,2000,"sd","14:20:14",34760000
20100,-100,3000,"sd","14:20:41",34763000
20000,-200,1000000,"sd","14:20:59",35763000
20100,-100,2000,"bu","14:21:01",35765000
20000,-200,30000,"sd","14:21:12",35795000
20100,-100,50000,"bu","14:21:20",35845000
20000,-200,2000,"sd","14:21:23",35847000
20100,-100,2000,"bu","14:21:24",35849000
20000,-200,200000,"sd","14:21:36",36049000
20000,-200,12000,"sd","14:21:46",36061000
20000,-200,10000,"sd","14:21:47",36071000
20000,-200,5000,"bu","14:21:48",36076000
20000,-200,20000,"sd","14:21:51",36096000
20000,-200,10000,"bu","14:21:55",36106000
20000,-200,10000,"sd","14:22:05",36116000
20000,-200,5000,"bu","14:22:07",36121000
20000,-200,1000,"sd","14:22:15",36122000
20000,-200,10000,"bu","14:22:21",36132000
20000,-200,8000,"bu","14:22:54",36140000
20000,-200,10000,"sd","14:22:56",36150000
20000,-200,2000,"bu","14:23:02",36152000
20000,-200,2000,"sd","14:23:14",36154000
20000,-200,159000,"bu","14:23:28",36313000
20000,-200,68000,"sd","14:23:40",36381000
20000,-200,1000,"bu","14:23:46",36382000
20000,-200,11000,"sd","14:24:02",36393000
19900,-300,100000,"bu","14:24:06",36493000
20000,-200,1000,"bu","14:24:12",36494000
20000,-200,30000,"sd","14:24:28",36524000
19900,-300,8000,"sd","14:24:31",36532000
20000,-200,5000,"sd","14:24:35",36537000
20000,-200,20000,"bu","14:24:47",36557000
20000,-200,4000,"sd","14:24:55",36561000
19900,-300,100000,"sd","14:25:33",36661000
20000,-200,1000,"bu","14:25:42",36662000
20000,-200,9000,"bu","14:25:43",36671000
20000,-200,2000,"bu","14:25:46",36673000
19900,-300,46000,"bu","14:25:59",36719000
19900,-300,10000,"bu","14:26:05",36729000
20000,-200,2000,"sd","14:26:30",36731000
19900,-300,1000,"bu","14:26:31",36732000
20000,-200,1000,"bu","14:26:34",36733000
20000,-200,1000,"sd","14:26:53",36734000
20000,-200,2000,"bu","14:26:59",36736000
20000,-200,2000,"bu","14:27:21",36738000
20000,-200,20000,"sd","14:27:26",36758000
20000,-200,1000,"bu","14:28:11",36759000
20000,-200,5000,"sd","14:28:18",36764000
19900,-300,279000,"sd","14:28:31",37043000
19900,-300,50000,"bu","14:28:33",37093000
20000,-200,1000,"bu","14:28:43",37094000
19900,-300,30000,"sd","14:28:54",37124000
20000,-200,5000,"bu","14:28:58",37129000
20000,-200,97000,"sd","14:29:14",37226000
19900,-300,22000,"bu","14:29:17",37248000
20000,-200,51000,"sd","14:29:29",37299000
20000,-200,15000,"sd","14:29:34",37314000
20000,-200,10000,"bu","14:29:35",37324000
19900,-300,5000,"sd","14:29:36",37329000
20000,-200,12000,"sd","14:29:37",37341000
19900,-300,5000,"bu","14:29:38",37346000
20000,-200,200000,"bu","14:29:57",37546000
20000,-200,20000,"sd","14:45:01",37566000
20000,-200,1494000,"sd","14:45:03",39060000
