"price","change","match_qtty","side","time","total_vol"
15800,50,8300,"bu","09:15:09",8300
15800,50,300,"bu","09:15:21",8600
15800,50,1200,"bu","09:15:21",9800
15850,100,800,"sd","09:15:45",10600
15800,50,400,"bu","09:16:30",11000
15800,50,1400,"sd","09:17:36",12400
15800,50,300,"sd","09:18:22",12700
15850,100,100,"bu","09:18:26",12800
15850,100,3000,"bu","09:19:25",15800
15850,100,2500,"sd","09:19:38",18300
15850,100,100,"bu","09:20:03",18400
15850,100,2100,"sd","09:20:04",20500
15850,100,4100,"bu","09:20:09",24600
15850,100,10000,"sd","09:20:30",34700
15850,100,3000,"sd","09:20:45",37700
15850,100,2000,"bu","09:20:59",39700
15850,100,21400,"sd","09:21:05",61100
15850,100,400,"bu","09:21:06",61500
15850,100,600,"bu","09:21:12",62100
15850,100,200,"sd","09:21:25",62300
15850,100,700,"sd","09:22:45",63000
15850,100,6000,"sd","09:23:59",69000
15850,100,600,"bu","09:24:00",69600
15900,150,51200,"sd","09:24:13",120800
15900,150,800,"bu","09:24:22",121800
15900,150,4500,"bu","09:24:40",126300
15900,150,1000,"bu","09:24:49",127300
15900,150,100,"bu","09:24:59",127400
15900,150,2300,"sd","09:25:00",129700
15900,150,900,"sd","09:25:09",130600
15900,150,200,"bu","09:25:15",130800
15950,200,50000,"bu","09:26:21",180800
15950,200,100,"sd","09:26:38",180900
15950,200,5000,"bu","09:26:57",185900
15950,200,35500,"bu","09:27:24",221400
15950,200,3500,"bu","09:27:27",224900
15950,200,300,"bu","09:27:29",225200
15950,200,1000,"bu","09:27:37",226200
15950,200,100,"bu","09:27:38",226300
15950,200,7100,"sd","09:28:11",233400
15950,200,700,"bu","09:28:13",234100
15950,200,200,"sd","09:28:36",234300
15950,200,300,"sd","09:28:38",234600
15900,150,11600,"sd","09:29:07",246200
15900,150,300,"bu","09:29:30",246500
15900,150,500,"bu","09:30:28",247000
15900,150,100,"sd","09:30:50",247100
15900,150,65200,"sd","09:31:38",312300
15900,150,6500,"bu","09:31:41",318800
15900,150,600,"bu","09:31:43",319400
15900,150,25000,"bu","09:31:57",344400
15900,150,2500,"sd","09:31:58",346900
15900,150,200,"sd","09:32:01",347100
15900,150,500,"bu","09:32:54",347600
15900,150,1200,"sd","09:33:14",348800
15900,150,25000,"bu","09:33:16",373800
15900,150,2500,"bu","09:33:17",376300
15900,150,200,"sd","09:33:18",376500
15900,150,1400,"bu","09:33:36",377900
15900,150,100,"bu","09:33:37",378000
15900,150,2000,"bu","09:34:01",380000
15900,150,200,"bu","09:34:03",380200
15900,150,500,"sd","09:34:48",380700
15950,200,6800,"sd","09:34:52",387500
15900,150,100,"sd","09:36:55",387600
15950,200,15000,"bu","09:37:25",402600
15950,200,20000,"bu","09:37:35",422600
15950,200,15000,"sd","09:37:44",437600
15950,200,20000,"sd","09:37:53",457600
15950,200,15000,"sd","09:38:09",472600
15900,150,200,"bu","09:39:07",472800
15950,200,3400,"sd","09:39:12",476200
15950,200,300,"sd","09:39:13",476500
15950,200,1100,"bu","09:39:39",477600
15950,200,100,"bu","09:39:41",477700
15950,200,1000,"bu","09:39:57",478700
15950,200,100,"bu","09:39:59",478800
16000,250,50000,"sd","09:40:04",528800
16000,250,1000,"bu","09:40:35",529800
16000,250,225000,"bu","09:40:40",754800
16000,250,1500,"bu","09:40:51",756300
15950,200,700,"bu","09:41:04",757000
16000,250,100,"sd","09:41:07",757100
16000,250,95800,"sd","09:41:08",852900
16000,250,9100,"bu","09:41:08",807100
16000,250,46200,"bu","09:41:11",853300
16000,250,500,"sd","09:41:13",853800
16000,250,200,"sd","09:41:21",854000
16000,250,100,"sd","09:41:45",854100
16000,250,1200,"bu","09:41:51",855300
16000,250,100,"bu","09:41:53",855400
16050,300,10100,"bu","09:42:11",865500
16050,300,1000,"bu","09:42:23",866500
16050,300,1000,"bu","09:42:24",867500
16050,300,33000,"sd","09:42:25",900500
16050,300,700,"bu","09:42:25",872800
16050,300,1000,"sd","09:42:30",912200
16050,300,11000,"bu","09:42:32",923200
16050,300,5900,"bu","09:42:34",929100
16050,300,500,"sd","09:42:35",929600
16100.000000000002,350,3100,"bu","09:43:08",932700
16100.000000000002,350,6300,"sd","09:43:13",939000
16100.000000000002,350,1500,"sd","09:43:15",940500
16100.000000000002,350,5000,"sd","09:43:21",945500
16100.000000000002,350,5300,"bu","09:43:23",955500
16100.000000000002,350,100,"sd","09:43:28",955600
16100.000000000002,350,1500,"bu","09:43:31",957100
16100.000000000002,350,100,"sd","09:43:33",957200
16100.000000000002,350,3000,"bu","09:43:36",960200
16100.000000000002,350,3400,"bu","09:43:37",963600
16100.000000000002,350,500,"sd","09:43:48",964100
16149.999999999998,400,99600,"bu","09:43:52",1063700
16200,450,14900,"bu","09:43:53",1078600
16200,450,11500,"bu","09:44:08",1090100
16200,450,2600,"sd","09:44:10",1093100
16200,450,5000,"sd","09:44:14",1098100
16200,450,800,"bu","09:44:15",1098900
16200,450,2000,"sd","09:44:17",1100900
16200,450,16000,"bu","09:44:19",1116900
16200,450,100,"sd","09:44:20",1117000
16200,450,1600,"sd","09:44:21",1118600
16200,450,100,"sd","09:44:23",1118700
16250,500,1200,"bu","09:44:36",1119900
16250,500,100,"bu","09:44:37",1120000
16250,500,200,"bu","09:44:42",1120200
16300,550,4000,"sd","09:44:50",1124200
16250,500,100,"bu","09:45:01",1124300
16250,500,5100,"sd","09:45:12",1129400
16250,500,1000,"sd","09:45:19",1130400
16250,500,2000,"sd","09:45:23",1132400
16250,500,10000,"bu","09:45:27",1142400
16250,500,1000,"sd","09:45:35",1143400
16250,500,1000,"sd","09:46:03",1144400
16200,450,500,"bu","09:47:07",1144900
16200,450,3000,"bu","09:47:10",1147900
16200,450,300,"sd","09:47:11",1148200
16200,450,100,"bu","09:47:16",1148300
16200,450,1100,"sd","09:47:36",1149400
16200,450,100,"sd","09:47:37",1149500
16250,500,2000,"bu","09:47:38",1151500
16250,500,30000,"sd","09:49:15",1181500
16250,500,8300,"sd","09:49:25",1189800
16250,500,3000,"sd","09:49:26",1192800
16250,500,1100,"sd","09:49:27",1193900
16250,500,100,"bu","09:49:28",1194000
16300,550,1500,"sd","09:49:32",1195500
16300,550,20000,"bu","09:49:42",1215500
16300,550,18100,"sd","09:50:00",1233600
16300,550,1400,"bu","09:50:01",1235000
16300,550,500,"sd","09:50:03",1235500
16300,550,100,"sd","09:50:14",1235600
16300,550,2500,"bu","09:50:21",1238100
16300,550,200,"bu","09:50:23",1238300
16300,550,100,"sd","09:50:30",1238400
16300,550,1000,"bu","09:50:32",1239400
16300,550,100,"bu","09:50:33",1239500
16300,550,1000,"sd","09:50:39",1240500
16300,550,100,"bu","09:51:31",1240600
16300,550,600,"bu","09:51:42",1241200
16300,550,5000,"sd","09:51:53",1246200
16300,550,1000,"sd","09:51:54",1247200
16300,550,100,"bu","09:52:00",1247300
16250,500,9000,"sd","09:52:13",1256300
16250,500,1900,"bu","09:52:19",1258200
16250,500,100,"bu","09:52:21",1258300
16250,500,1200,"bu","09:52:54",1259500
16250,500,100,"bu","09:52:56",1259600
16250,500,1000,"sd","09:53:05",1260600
16250,500,100,"sd","09:53:07",1260700
16250,500,300,"bu","09:53:27",1261000
16250,500,600,"sd","09:53:32",1261600
16250,500,500,"sd","09:53:35",1262100
16250,500,200,"sd","09:53:37",1262300
16250,500,100,"bu","09:53:41",1262400
16250,500,500,"sd","09:53:53",1262900
16250,500,2200,"sd","09:53:55",1265100
16250,500,3800,"bu","09:54:03",1280100
16250,500,1500,"sd","09:54:05",1281600
16250,500,100,"bu","09:54:07",1281700
16250,500,15100,"bu","09:54:10",1296800
16250,500,5000,"sd","09:54:11",1301800
16250,500,2000,"bu","09:54:26",1303800
16250,500,100,"bu","09:54:29",1303900
16250,500,200,"sd","09:54:52",1304100
16200,450,20000,"sd","09:55:27",1324100
16200,450,2000,"sd","09:55:29",1326100
16200,450,200,"bu","09:55:31",1326300
16250,500,1000,"sd","09:55:36",1327300
16250,500,300,"sd","09:55:40",1327600
16200,450,20000,"sd","09:56:13",1347600
16200,450,2000,"bu","09:56:15",1349600
16200,450,200,"sd","09:56:17",1349800
16200,450,10000,"bu","09:56:26",1359800
16200,450,1100,"sd","09:56:29",1360900
16250,500,2000,"sd","09:56:34",1362900
16200,450,1600,"bu","09:56:35",1364500
16200,450,500,"bu","09:56:45",1365000
16200,450,1500,"sd","09:57:19",1366500
16200,450,100,"sd","09:57:21",1366600
16149.999999999998,400,3000,"sd","09:57:29",1369600
16149.999999999998,400,300,"bu","09:57:31",1369900
16149.999999999998,400,1000,"sd","09:57:34",1370900
16149.999999999998,400,100,"sd","09:57:35",1371000
16149.999999999998,400,23800,"sd","09:57:46",1394800
16149.999999999998,400,2300,"bu","09:57:49",1397100
16149.999999999998,400,200,"sd","09:57:51",1397300
16149.999999999998,400,1500,"bu","09:58:02",1398800
16149.999999999998,400,500,"bu","09:58:13",1399300
16149.999999999998,400,1800,"sd","09:58:34",1401100
16149.999999999998,400,100,"sd","09:58:35",1401200
16149.999999999998,400,2500,"bu","09:58:57",1403700
16149.999999999998,400,200,"bu","09:58:58",1403900
16149.999999999998,400,1400,"bu","09:59:01",1405300
16149.999999999998,400,1200,"bu","09:59:02",1406500
16149.999999999998,400,100,"sd","09:59:03",1406600
16200,450,800,"bu","09:59:11",1407400
16200,450,100,"bu","10:00:00",1407500
16200,450,1000,"sd","10:00:08",1408500
16200,450,3000,"sd","10:00:48",1411500
16149.999999999998,400,1100,"bu","10:01:14",1412600
16149.999999999998,400,100,"sd","10:01:15",1412700
16149.999999999998,400,1200,"sd","10:01:42",1413900
16149.999999999998,400,100,"bu","10:01:45",1414000
16149.999999999998,400,300,"sd","10:02:37",1414300
16149.999999999998,400,10800,"bu","10:02:40",1425100
16149.999999999998,400,1000,"bu","10:02:41",1426100
16149.999999999998,400,100,"bu","10:02:43",1426200
16200,450,800,"sd","10:03:24",1427000
16200,450,1000,"bu","10:03:48",1428000
16149.999999999998,400,1100,"sd","10:03:51",1429100
16149.999999999998,400,1100,"sd","10:03:55",1430200
16149.999999999998,400,100,"bu","10:03:57",1430300
16149.999999999998,400,1000,"bu","10:04:24",1431300
16149.999999999998,400,100,"bu","10:04:25",1431400
16149.999999999998,400,200,"sd","10:04:51",1431600
16200,450,1300,"bu","10:05:42",1432900
16200,450,400,"sd","10:05:43",1433300
16200,450,200,"sd","10:08:59",1433500
16200,450,100,"bu","10:09:00",1433600
16149.999999999998,400,300,"sd","10:10:48",1433900
16149.999999999998,400,8000,"sd","10:11:03",1441900
16149.999999999998,400,800,"sd","10:11:05",1442700
16149.999999999998,400,1000,"sd","10:11:32",1443700
16149.999999999998,400,100,"bu","10:11:34",1443800
16149.999999999998,400,200,"bu","10:11:37",1444000
16149.999999999998,400,15000,"sd","10:12:32",1459000
16149.999999999998,400,1500,"sd","10:12:33",1460500
16149.999999999998,400,100,"sd","10:12:36",1460600
16149.999999999998,400,1200,"bu","10:12:44",1461800
16149.999999999998,400,100,"bu","10:12:45",1461900
16149.999999999998,400,200,"sd","10:12:54",1462100
16149.999999999998,400,1100,"bu","10:13:08",1463200
16149.999999999998,400,100,"sd","10:13:09",1463300
16149.999999999998,400,300,"sd","10:13:52",1463600
16149.999999999998,400,3400,"bu","10:14:38",1467000
16149.999999999998,400,300,"bu","10:14:40",1467300
16149.999999999998,400,900,"bu","10:14:53",1468200
16200,450,500,"sd","10:14:56",1468700
16149.999999999998,400,200,"sd","10:15:04",1468900
16149.999999999998,400,2500,"sd","10:15:11",1471400
16149.999999999998,400,500,"bu","10:15:20",1471900
16149.999999999998,400,5000,"sd","10:15:24",1476900
16149.999999999998,400,100,"bu","10:15:25",1477000
16149.999999999998,400,600,"bu","10:15:26",1477600
16200,450,300,"sd","10:15:39",1477900
16200,450,100,"sd","10:15:46",1478000
16200,450,200,"bu","10:15:54",1478200
16149.999999999998,400,2000,"sd","10:16:11",1480200
16149.999999999998,400,500,"bu","10:16:12",1480700
16149.999999999998,400,15000,"bu","10:16:52",1495700
16149.999999999998,400,1500,"sd","10:16:53",1497200
16149.999999999998,400,100,"bu","10:16:55",1497300
16149.999999999998,400,9900,"bu","10:16:56",1507200
16149.999999999998,400,2000,"bu","10:17:58",1509200
16100.000000000002,350,400,"bu","10:18:04",1509600
16100.000000000002,350,200,"sd","10:18:22",1509800
16149.999999999998,400,1000,"bu","10:18:51",1510800
16100.000000000002,350,100,"sd","10:18:53",1510900
16100.000000000002,350,1300,"sd","10:19:21",1512200
16100.000000000002,350,100,"sd","10:19:22",1512300
16100.000000000002,350,300,"bu","10:19:55",1512600
16100.000000000002,350,200,"bu","10:20:37",1512800
16149.999999999998,400,37000,"bu","10:20:47",1549800
16149.999999999998,400,3700,"bu","10:20:50",1553500
16149.999999999998,400,300,"sd","10:20:51",1553800
16149.999999999998,400,1100,"sd","10:21:34",1554900
16149.999999999998,400,100,"bu","10:21:35",1555000
16149.999999999998,400,1000,"bu","10:21:36",1556000
16149.999999999998,400,100,"sd","10:21:38",1556100
16200,450,30100,"sd","10:22:13",1586200
16200,450,500,"bu","10:22:25",1586700
16149.999999999998,400,1800,"bu","10:22:33",1588500
16200,450,700,"bu","10:22:34",1589200
16149.999999999998,400,100,"sd","10:23:15",1589300
16149.999999999998,400,1100,"bu","10:23:46",1590400
16149.999999999998,400,100,"sd","10:23:47",1590500
16149.999999999998,400,900,"bu","10:24:49",1591400
16149.999999999998,400,200,"sd","10:25:07",1591600
16149.999999999998,400,100,"sd","10:25:13",1591700
16149.999999999998,400,10000,"bu","10:25:49",1601700
16149.999999999998,400,1000,"sd","10:25:52",1602700
16149.999999999998,400,100,"sd","10:25:53",1602800
16149.999999999998,400,1200,"bu","10:25:58",1604000
16149.999999999998,400,100,"bu","10:26:00",1604100
16149.999999999998,400,10000,"sd","10:26:02",1614100
16149.999999999998,400,1100,"sd","10:26:05",1615200
16149.999999999998,400,400,"bu","10:26:31",1615600
16149.999999999998,400,100,"sd","10:26:56",1615700
16149.999999999998,400,200,"bu","10:27:04",1615900
16149.999999999998,400,800,"bu","10:27:47",1616700
16149.999999999998,400,37600,"sd","10:28:09",1654300
16149.999999999998,400,7200,"sd","10:28:21",1661500
16149.999999999998,400,1000,"sd","10:28:22",1662500
16149.999999999998,400,800,"bu","10:28:23",1663300
16200,450,50000,"sd","10:29:13",1713300
16200,450,13700,"bu","10:29:45",1727000
16200,450,1300,"bu","10:29:48",1728300
16200,450,100,"sd","10:29:50",1728400
16200,450,1400,"sd","10:30:23",1729800
16200,450,100,"sd","10:30:25",1729900
16200,450,17500,"bu","10:30:30",1747400
16200,450,1700,"bu","10:30:32",1749100
16200,450,100,"bu","10:30:34",1749200
16200,450,300,"bu","10:31:52",1749500
16200,450,1000,"bu","10:32:14",1750500
16200,450,100,"sd","10:32:16",1750600
16200,450,1200,"bu","10:32:36",1751800
16200,450,100,"sd","10:32:37",1751900
16200,450,500,"sd","10:32:55",1752400
16200,450,10000,"sd","10:33:02",1762400
16200,450,1000,"sd","10:33:03",1763400
16200,450,600,"sd","10:33:23",1764000
16200,450,100,"bu","10:34:02",1764100
16200,450,200,"bu","10:34:07",1764300
16200,450,100,"bu","10:34:09",1764400
16200,450,1100,"bu","10:34:47",1765500
16200,450,100,"bu","10:34:50",1765600
16200,450,10000,"sd","10:34:56",1775600
16200,450,1000,"bu","10:34:58",1776600
16200,450,100,"sd","10:35:00",1776700
16200,450,1000,"bu","10:36:08",1777700
16200,450,100,"bu","10:36:10",1777800
16200,450,2100,"sd","10:36:13",1779900
16200,450,200,"sd","10:36:14",1780100
16200,450,1000,"sd","10:36:20",1781100
16200,450,300,"sd","10:36:22",1781400
16200,450,100,"bu","10:36:30",1781500
16200,450,10000,"sd","10:36:31",1791500
16200,450,1000,"bu","10:36:32",1792500
16200,450,100,"bu","10:36:34",1792600
16200,450,25000,"sd","10:36:48",1817600
16200,450,2500,"sd","10:36:49",1820100
16200,450,200,"bu","10:36:52",1820300
16200,450,1200,"bu","10:36:59",1821500
16200,450,100,"sd","10:37:01",1821600
16200,450,9100,"bu","10:37:12",1830700
16200,450,900,"sd","10:37:13",1831600
16200,450,100,"sd","10:37:28",1831700
16200,450,1000,"bu","10:37:39",1832700
16200,450,100,"bu","10:37:40",1832800
16200,450,1200,"bu","10:37:44",1834000
16200,450,100,"bu","10:37:45",1834100
16200,450,700,"sd","10:38:25",1834800
16200,450,200,"sd","10:38:38",1835000
16200,450,6300,"sd","10:38:39",1841300
16200,450,600,"sd","10:38:40",1841900
16200,450,1100,"sd","10:39:12",1843000
16200,450,100,"sd","10:39:14",1843100
16200,450,11500,"sd","10:39:45",1854600
16200,450,800,"sd","10:39:49",1855400
16200,450,100,"bu","10:40:00",1855500
16200,450,1000,"bu","10:40:18",1856500
16200,450,100,"sd","10:40:19",1856600
16200,450,2000,"sd","10:40:35",1858600
16200,450,200,"sd","10:40:36",1858800
16200,450,400,"bu","10:40:38",1859200
16200,450,300,"bu","10:40:49",1859500
16200,450,200,"bu","10:40:52",1859700
16250,500,2600,"bu","10:41:01",1862300
16200,450,300,"bu","10:41:39",1862600
16200,450,200,"sd","10:42:19",1862800
16200,450,100,"sd","10:42:22",1862900
16200,450,2200,"sd","10:42:44",1865100
16200,450,1300,"bu","10:43:08",1866400
16200,450,1200,"bu","10:43:36",1867600
16200,450,100,"bu","10:43:38",1867700
16200,450,3000,"sd","10:44:14",1870700
16200,450,300,"sd","10:44:16",1871000
16200,450,200,"sd","10:45:23",1871200
16200,450,100,"sd","10:45:24",1871300
16200,450,1100,"bu","10:45:25",1872400
16200,450,100,"bu","10:45:29",1872500
16200,450,14800,"bu","10:45:50",1887300
16200,450,1400,"sd","10:45:51",1888700
16200,450,100,"sd","10:45:55",1888800
16200,450,50000,"bu","10:46:02",1938800
16200,450,700,"sd","10:46:04",1939500
16200,450,4300,"sd","10:46:05",1943800
16200,450,500,"sd","10:46:06",1944300
16200,450,5000,"sd","10:46:14",1949300
16200,450,500,"sd","10:46:16",1949800
16200,450,800,"bu","10:46:26",1950600
16200,450,5100,"sd","10:47:59",1955700
16200,450,4900,"bu","10:48:00",1960600
16200,450,3000,"bu","10:48:38",1963600
16149.999999999998,400,50000,"sd","10:49:05",2013600
16149.999999999998,400,5000,"sd","10:49:06",2018600
16149.999999999998,400,500,"bu","10:49:08",2019100
16149.999999999998,400,100,"bu","10:49:35",2019200
16149.999999999998,400,300,"bu","10:49:53",2019500
16149.999999999998,400,1100,"sd","10:50:13",2020600
16149.999999999998,400,100,"bu","10:50:16",2020700
16149.999999999998,400,200,"bu","10:50:26",2020900
16149.999999999998,400,100,"bu","10:51:26",2021000
16149.999999999998,400,200,"bu","10:52:07",2021200
16149.999999999998,400,1100,"bu","10:52:26",2022300
16149.999999999998,400,100,"sd","10:52:28",2022400
16149.999999999998,400,10200,"sd","10:53:34",2032600
16149.999999999998,400,1000,"sd","10:53:35",2033600
16149.999999999998,400,100,"sd","10:53:38",2033700
16149.999999999998,400,200,"sd","10:54:25",2033900
16149.999999999998,400,1200,"sd","10:54:39",2035100
16149.999999999998,400,100,"sd","10:54:40",2035200
16149.999999999998,400,5000,"sd","10:54:43",2040200
16149.999999999998,400,500,"bu","10:54:44",2040700
16149.999999999998,400,20000,"bu","10:54:48",2060700
16149.999999999998,400,2000,"sd","10:54:50",2062700
16149.999999999998,400,200,"bu","10:54:52",2062900
16149.999999999998,400,1400,"bu","10:54:57",2064300
16149.999999999998,400,100,"bu","10:54:58",2064400
16149.999999999998,400,500,"bu","10:55:15",2064900
16149.999999999998,400,100,"bu","10:55:16",2065000
16149.999999999998,400,300,"bu","10:55:23",2065300
16149.999999999998,400,1900,"sd","10:55:26",2067200
16149.999999999998,400,100,"bu","10:55:27",2067300
16149.999999999998,400,3200,"bu","10:55:31",2070500
16149.999999999998,400,300,"bu","10:55:32",2070800
16149.999999999998,400,1000,"bu","10:55:39",2071800
16149.999999999998,400,100,"sd","10:55:40",2071900
16149.999999999998,400,1500,"sd","10:55:44",2073400
16149.999999999998,400,1200,"bu","10:55:45",2074600
16149.999999999998,400,300,"sd","10:55:56",2074900
16149.999999999998,400,2200,"bu","10:56:23",2077100
16149.999999999998,400,1000,"bu","10:56:33",2078100
16149.999999999998,400,6700,"sd","10:56:36",2084800
16149.999999999998,400,200,"bu","10:56:38",2085000
16149.999999999998,400,1000,"sd","10:56:47",2086000
16149.999999999998,400,100,"sd","10:56:49",2086100
16149.999999999998,400,1100,"bu","10:56:51",2087200
16149.999999999998,400,1100,"sd","10:56:52",2088300
16149.999999999998,400,5000,"sd","10:56:54",2093300
16149.999999999998,400,1600,"bu","10:56:55",2094900
16149.999999999998,400,100,"bu","10:56:56",2095000
16149.999999999998,400,10000,"bu","10:57:23",2105000
16149.999999999998,400,2000,"sd","10:57:24",2107000
16149.999999999998,400,200,"bu","10:57:26",2107200
16149.999999999998,400,5000,"bu","10:57:27",2112200
16149.999999999998,400,500,"bu","10:57:28",2112700
16149.999999999998,400,16700,"sd","10:57:31",2129400
16100.000000000002,350,10000,"sd","10:57:45",2139400
16100.000000000002,350,1000,"bu","10:57:46",2140400
16100.000000000002,350,100,"sd","10:57:47",2140500
16100.000000000002,350,1600,"sd","10:57:53",2142100
16100.000000000002,350,100,"sd","10:57:55",2142200
16149.999999999998,400,13000,"sd","10:58:11",2155200
16149.999999999998,400,100,"sd","10:58:12",2155300
16149.999999999998,400,200,"sd","10:58:23",2155500
16149.999999999998,400,10000,"bu","10:58:27",2165500
16149.999999999998,400,1000,"sd","10:58:28",2166500
16149.999999999998,400,100,"sd","10:58:31",2166600
16149.999999999998,400,600,"sd","10:58:33",2167200
16100.000000000002,350,2000,"bu","10:58:50",2169200
16100.000000000002,350,400,"bu","10:58:53",2169600
16100.000000000002,350,5000,"bu","10:58:54",2174600
16100.000000000002,350,500,"sd","10:58:57",2175100
16100.000000000002,350,1100,"bu","10:59:03",2176200
16100.000000000002,350,100,"bu","10:59:05",2176300
16149.999999999998,400,1500,"bu","10:59:38",2177800
16100.000000000002,350,100,"sd","10:59:40",2177900
16149.999999999998,400,5500,"sd","11:00:12",2183400
16149.999999999998,400,2500,"bu","11:00:18",2185900
16149.999999999998,400,100,"bu","11:00:21",2186000
16149.999999999998,400,11100,"bu","11:00:36",2197100
16149.999999999998,400,1000,"sd","11:00:48",2198100
16149.999999999998,400,500,"bu","11:00:56",2198600
16100.000000000002,350,13400,"sd","11:01:00",2212000
16100.000000000002,350,1300,"sd","11:01:03",2213300
16149.999999999998,400,1000,"bu","11:01:04",2214300
16149.999999999998,400,3100,"sd","11:01:22",2217400
16149.999999999998,400,5100,"sd","11:02:08",2222500
16149.999999999998,400,500,"sd","11:02:09",2223000
16149.999999999998,400,10000,"sd","11:02:19",2233000
16149.999999999998,400,200,"sd","11:02:20",2233200
16100.000000000002,350,1000,"sd","11:02:27",2234200
16100.000000000002,350,100,"sd","11:02:28",2234300
16149.999999999998,400,3000,"sd","11:03:19",2237300
16149.999999999998,400,2000,"bu","11:03:29",2239300
16149.999999999998,400,1000,"sd","11:04:02",2240300
16149.999999999998,400,1300,"sd","11:04:33",2241600
16100.000000000002,350,100,"bu","11:06:36",2241700
16100.000000000002,350,1400,"sd","11:07:53",2243100
16100.000000000002,350,100,"bu","11:07:55",2243200
16100.000000000002,350,500,"bu","11:09:13",2243700
16100.000000000002,350,99800,"bu","11:09:40",2343500
16100.000000000002,350,7900,"bu","11:09:41",2351400
16050,300,500,"sd","11:11:15",2351900
16050,300,100,"bu","11:11:27",2352000
16050,300,300,"bu","11:11:52",2352300
16050,300,1200,"bu","11:12:17",2353500
16050,300,100,"sd","11:12:18",2353600
16050,300,200,"sd","11:12:22",2353800
16100.000000000002,350,3000,"sd","11:13:00",2356800
16100.000000000002,350,18600,"bu","11:13:19",2375400
16100.000000000002,350,1800,"sd","11:13:20",2377200
16100.000000000002,350,100,"sd","11:13:22",2377300
16100.000000000002,350,1200,"sd","11:14:29",2378500
16100.000000000002,350,100,"bu","11:14:31",2378600
16100.000000000002,350,200,"bu","11:14:37",2378800
16100.000000000002,350,3000,"bu","11:15:07",2381800
16100.000000000002,350,300,"bu","11:15:08",2382100
16100.000000000002,350,3800,"bu","11:15:19",2385900
16100.000000000002,350,300,"sd","11:15:21",2386200
16100.000000000002,350,3500,"sd","11:15:29",2389700
16100.000000000002,350,300,"sd","11:15:31",2390000
16100.000000000002,350,2200,"bu","11:15:32",2392200
16100.000000000002,350,5000,"sd","11:16:21",2397200
16100.000000000002,350,500,"sd","11:16:22",2397700
16100.000000000002,350,1200,"sd","11:16:42",2398900
16100.000000000002,350,1600,"bu","11:16:43",2400500
16100.000000000002,350,100,"sd","11:16:45",2400600
16100.000000000002,350,200,"bu","11:16:52",2400800
16100.000000000002,350,6500,"sd","11:17:13",2407300
16100.000000000002,350,1000,"bu","11:17:23",2408300
16100.000000000002,350,300,"sd","11:17:34",2408600
16100.000000000002,350,600,"sd","11:17:36",2409200
16100.000000000002,350,4300,"sd","11:17:48",2413500
16100.000000000002,350,5000,"sd","11:18:37",2418500
16100.000000000002,350,1000,"bu","11:18:41",2419500
16100.000000000002,350,4100,"sd","11:19:02",2423600
16100.000000000002,350,900,"sd","11:19:03",2424500
16100.000000000002,350,400,"bu","11:19:07",2424900
16100.000000000002,350,500,"sd","11:20:32",2425400
16100.000000000002,350,1000,"bu","11:20:38",2426400
16100.000000000002,350,3000,"bu","11:22:45",2429400
16050,300,5500,"sd","11:22:56",2434900
16050,300,1200,"bu","11:23:18",2436100
16050,300,100,"sd","11:23:20",2436200
16100.000000000002,350,600,"sd","11:23:43",2436800
16050,300,100,"sd","11:24:16",2436900
16050,300,1000,"bu","11:24:30",2437900
16050,300,100,"sd","11:24:31",2438000
16050,300,300,"sd","11:24:54",2438300
16100.000000000002,350,500,"sd","11:25:00",2438800
16100.000000000002,350,2000,"sd","11:25:52",2440800
16100.000000000002,350,35000,"bu","11:25:57",2475800
16100.000000000002,350,5400,"sd","11:26:43",2481200
16100.000000000002,350,700,"bu","11:26:45",2481900
16149.999999999998,400,3500,"bu","11:26:56",2485400
16100.000000000002,350,1100,"sd","11:28:20",2486500
16149.999999999998,400,3000,"bu","11:28:39",2489500
16149.999999999998,400,1300,"bu","11:29:57",2490800
16149.999999999998,400,3100,"bu","13:00:19",2493900
16149.999999999998,400,200,"sd","13:00:20",2494100
16149.999999999998,400,55000,"sd","13:01:52",2549100
16100.000000000002,350,200,"sd","13:03:00",2549300
16149.999999999998,400,100,"bu","13:03:19",2549400
16149.999999999998,400,500,"sd","13:03:22",2549900
16149.999999999998,400,600,"sd","13:03:24",2550500
16149.999999999998,400,400,"bu","13:03:25",2550900
16149.999999999998,400,1600,"bu","13:03:27",2552500
16149.999999999998,400,400,"bu","13:03:28",2552900
16149.999999999998,400,600,"bu","13:03:30",2553500
16149.999999999998,400,600,"bu","13:03:31",2554100
16149.999999999998,400,2100,"sd","13:03:38",2556200
16149.999999999998,400,900,"sd","13:03:39",2557100
16200,450,4400,"bu","13:04:14",2561500
16200,450,100000,"bu","13:04:47",2661500
16149.999999999998,400,500,"sd","13:05:02",2662000
16200,450,1000,"bu","13:05:06",2663000
16200,450,3700,"bu","13:06:35",2666700
16200,450,1600,"bu","13:06:37",2668300
16200,450,60000,"bu","13:07:28",2728300
16200,450,1200,"sd","13:07:33",2729500
16200,450,8400,"bu","13:07:38",2737900
16200,450,800,"bu","13:07:40",2738700
16200,450,49600,"sd","13:08:06",2788300
16200,450,400,"bu","13:08:07",2788700
16200,450,1000,"sd","13:08:11",2789700
16200,450,1100,"sd","13:08:25",2790800
16200,450,200,"sd","13:08:27",2791000
16200,450,5000,"sd","13:09:02",2796000
16200,450,400,"bu","13:09:07",2796400
16200,450,200,"sd","13:09:46",2796600
16200,450,1500,"sd","13:10:37",2798100
16200,450,2000,"bu","13:11:01",2800100
16200,450,100,"bu","13:11:03",2800200
16200,450,3600,"bu","13:13:01",2803800
16200,450,1500,"sd","13:13:06",2805300
16200,450,800,"sd","13:13:08",2806100
16200,450,1700,"sd","13:13:13",2807800
16250,500,1800,"bu","13:13:18",2809600
16250,500,400,"sd","13:13:20",2810000
16250,500,200,"sd","13:13:21",2810200
16250,500,5000,"bu","13:13:30",2815200
16250,500,200,"bu","13:13:32",2815400
16250,500,1100,"sd","13:13:37",2816500
16200,450,700,"sd","13:15:01",2817200
16200,450,10500,"sd","13:15:11",2827700
16200,450,7400,"bu","13:17:23",2835100
16149.999999999998,400,3300,"sd","13:17:27",2838400
16149.999999999998,400,1300,"sd","13:17:36",2839700
16149.999999999998,400,5500,"bu","13:17:45",2845200
16149.999999999998,400,200,"sd","13:18:20",2845400
16149.999999999998,400,2400,"bu","13:19:23",2847800
16149.999999999998,400,200,"sd","13:19:24",2848000
16149.999999999998,400,1100,"sd","13:19:45",2849100
16149.999999999998,400,500,"sd","13:19:50",2849600
16149.999999999998,400,11100,"sd","13:20:35",2860700
16149.999999999998,400,200,"bu","13:20:37",2860900
16149.999999999998,400,100,"sd","13:21:10",2861000
16149.999999999998,400,1200,"sd","13:22:01",2862200
16149.999999999998,400,200,"bu","13:22:08",2862400
16149.999999999998,400,68900,"sd","13:26:17",2931300
16149.999999999998,400,200,"sd","13:26:33",2931500
16149.999999999998,400,1700,"sd","13:26:59",2933200
16149.999999999998,400,500,"sd","13:27:05",2933700
16149.999999999998,400,17900,"bu","13:27:56",2951600
16149.999999999998,400,1300,"sd","13:28:35",2952900
16149.999999999998,400,100,"bu","13:28:36",2953000
16149.999999999998,400,300,"bu","13:28:38",2953300
16149.999999999998,400,15300,"bu","13:29:33",2968600
16149.999999999998,400,200,"bu","13:29:58",2968800
16100.000000000002,350,100,"bu","13:31:25",2968900
16100.000000000002,350,2300,"sd","13:31:53",2971200
16149.999999999998,400,18100,"sd","13:32:04",2989300
16149.999999999998,400,100,"bu","13:32:06",2989400
16149.999999999998,400,3500,"bu","13:33:26",2992900
16149.999999999998,400,200,"sd","13:33:28",2993100
16149.999999999998,400,1200,"bu","13:33:55",2994300
16149.999999999998,400,200,"sd","13:33:56",2994500
16149.999999999998,400,300,"sd","13:34:25",2994800
16149.999999999998,400,1000,"bu","13:34:57",2995800
16149.999999999998,400,100,"bu","13:34:59",2995900
16149.999999999998,400,1500,"bu","13:36:22",2997400
16149.999999999998,400,2500,"sd","13:36:29",2999900
16100.000000000002,350,5600,"bu","13:38:37",3005500
16149.999999999998,400,100,"bu","13:39:05",3005600
16149.999999999998,400,800,"sd","13:39:39",3006400
16149.999999999998,400,1000,"bu","13:39:51",3007400
16100.000000000002,350,1100,"sd","13:40:22",3008500
16100.000000000002,350,10000,"sd","13:40:44",3018500
16100.000000000002,350,1000,"sd","13:40:46",3019500
16100.000000000002,350,100,"bu","13:40:48",3019600
16100.000000000002,350,200,"bu","13:40:53",3019800
16100.000000000002,350,1200,"bu","13:41:50",3021000
16100.000000000002,350,100,"sd","13:41:52",3021100
16100.000000000002,350,1500,"bu","13:43:24",3022600
16149.999999999998,400,500,"bu","13:43:26",3023100
16100.000000000002,350,1100,"bu","13:43:50",3024200
16149.999999999998,400,1100,"sd","13:44:01",3025300
16100.000000000002,350,1200,"bu","13:44:08",3026500
16100.000000000002,350,100,"sd","13:44:10",3026600
16100.000000000002,350,29300,"sd","13:44:17",3055900
16100.000000000002,350,200,"bu","13:44:19",3056100
16100.000000000002,350,5700,"bu","13:44:57",3061800
16100.000000000002,350,200,"sd","13:45:22",3062000
16149.999999999998,400,14400,"sd","13:45:28",3076400
16149.999999999998,400,1400,"bu","13:45:30",3077800
16149.999999999998,400,100,"bu","13:45:32",3077900
16149.999999999998,400,1200,"bu","13:46:15",3079100
16149.999999999998,400,100,"sd","13:46:18",3079200
16149.999999999998,400,200,"bu","13:46:29",3079400
16149.999999999998,400,100,"sd","13:47:06",3079500
16149.999999999998,400,1400,"bu","13:48:29",3080900
16149.999999999998,400,1100,"sd","13:48:45",3082000
16200,450,400,"bu","13:49:00",3082400
16149.999999999998,400,1800,"sd","13:49:03",3084200
16149.999999999998,400,1100,"sd","13:49:07",3085300
16149.999999999998,400,2100,"sd","13:49:14",3087400
16149.999999999998,400,300,"bu","13:49:44",3087700
16149.999999999998,400,200,"sd","13:50:05",3087900
16149.999999999998,400,700,"sd","13:51:16",3088600
16149.999999999998,400,20000,"sd","13:51:43",3108600
16200,450,2500,"sd","13:52:01",3111100
16149.999999999998,400,400,"sd","13:52:57",3111500
16149.999999999998,400,2900,"bu","13:53:11",3114400
16149.999999999998,400,20000,"bu","13:53:30",3134400
16149.999999999998,400,400,"bu","13:53:32",3134800
16149.999999999998,400,1300,"sd","13:54:16",3136100
16149.999999999998,400,100,"bu","13:54:23",3136200
16149.999999999998,400,400,"sd","13:55:02",3136600
16149.999999999998,400,19300,"bu","13:55:04",3155900
16149.999999999998,400,1900,"bu","13:55:06",3157800
16149.999999999998,400,3400,"bu","13:55:18",3161200
16149.999999999998,400,1000,"sd","13:55:24",3162200
16149.999999999998,400,300,"bu","13:55:31",3162500
16200,450,300,"sd","13:55:47",3162800
16149.999999999998,400,5500,"bu","13:55:53",3168300
16200,450,300,"bu","13:56:34",3168600
16149.999999999998,400,13600,"sd","13:56:43",3182200
16149.999999999998,400,9600,"sd","13:57:17",3191800
16200,450,400,"sd","13:57:19",3192200
16200,450,1300,"sd","13:58:06",3193500
16200,450,500,"sd","13:58:10",3194000
16200,450,1000,"sd","13:58:16",3195000
16200,450,400,"bu","13:58:25",3195400
16200,450,300,"bu","13:58:50",3195700
16200,450,400,"sd","13:59:37",3196100
16200,450,200,"sd","14:00:03",3196300
16200,450,1100,"bu","14:00:21",3197400
16200,450,1000,"sd","14:00:23",3198400
16200,450,3200,"bu","14:00:54",3201600
16200,450,3000,"sd","14:00:56",3204600
16200,450,300,"bu","14:01:07",3204900
16149.999999999998,400,1000,"bu","14:02:09",3205900
16149.999999999998,400,2300,"bu","14:02:16",3208200
16149.999999999998,400,200,"bu","14:02:17",3208400
16200,450,300,"bu","14:02:38",3208700
16200,450,800,"sd","14:03:35",3209500
16149.999999999998,400,1100,"bu","14:03:51",3210600
16149.999999999998,400,1200,"sd","14:03:53",3211800
16149.999999999998,400,100,"bu","14:03:55",3211900
16200,450,400,"bu","14:04:09",3212300
16149.999999999998,400,2000,"bu","14:04:17",3214300
16149.999999999998,400,200,"sd","14:04:19",3214500
16149.999999999998,400,1100,"bu","14:04:21",3215600
16149.999999999998,400,15600,"sd","14:06:12",3231200
16149.999999999998,400,1500,"sd","14:06:14",3232700
16149.999999999998,400,2600,"bu","14:06:18",3235300
16149.999999999998,400,15200,"sd","14:06:20",3250500
16149.999999999998,400,1600,"bu","14:06:22",3252100
16200,450,500,"sd","14:06:27",3252600
16200,450,600,"bu","14:07:11",3253200
16200,450,300,"sd","14:07:37",3253500
16200,450,400,"bu","14:07:59",3253900
16149.999999999998,400,100,"bu","14:08:19",3254000
16200,450,10000,"bu","14:08:27",3264000
16200,450,300,"bu","14:08:41",3264300
16149.999999999998,400,100,"sd","14:09:18",3264400
16200,450,300,"sd","14:09:27",3264700
16149.999999999998,400,29700,"bu","14:09:46",3294400
16149.999999999998,400,100,"bu","14:09:48",3294500
16149.999999999998,400,1000,"bu","14:09:50",3295500
16149.999999999998,400,100,"sd","14:09:52",3295600
16149.999999999998,400,200,"sd","14:10:08",3295800
16200,450,400,"sd","14:10:13",3296200
16200,450,100,"bu","14:10:50",3296300
16200,450,400,"sd","14:11:00",3296700
16149.999999999998,400,700,"sd","14:11:44",3297400
16149.999999999998,400,6000,"sd","14:11:56",3303400
16149.999999999998,400,600,"bu","14:11:58",3304000
16149.999999999998,400,200,"sd","14:12:23",3304200
16200,450,3700,"bu","14:12:28",3307900
16200,450,300,"sd","14:13:15",3308200
16149.999999999998,400,600,"sd","14:14:38",3308800
16200,450,5000,"bu","14:14:40",3313800
16149.999999999998,400,1600,"sd","14:14:46",3315400
16149.999999999998,400,300,"sd","14:14:51",3315700
16149.999999999998,400,1300,"sd","14:14:53",3317000
16149.999999999998,400,500,"bu","14:14:55",3317500
16149.999999999998,400,300,"bu","14:14:58",3317800
16149.999999999998,400,100,"sd","14:15:00",3317900
16149.999999999998,400,400,"sd","14:15:02",3318300
16149.999999999998,400,200,"sd","14:15:04",3318500
16149.999999999998,400,700,"bu","14:15:09",3319200
16149.999999999998,400,400,"bu","14:15:11",3319600
16149.999999999998,400,500,"sd","14:15:23",3320100
16149.999999999998,400,5400,"sd","14:15:58",3325500
16149.999999999998,400,1600,"sd","14:16:07",3327100
16200,450,300,"sd","14:16:17",3327400
16149.999999999998,400,1100,"sd","14:16:19",3328500
16149.999999999998,400,5000,"bu","14:16:50",3333500
16149.999999999998,400,1000,"bu","14:17:02",3334500
16149.999999999998,400,8600,"sd","14:17:18",3343100
16149.999999999998,400,800,"sd","14:17:20",3343900
16200,450,300,"sd","14:17:49",3344200
16149.999999999998,400,20000,"bu","14:18:14",3364200
16149.999999999998,400,2200,"bu","14:18:18",3366400
16149.999999999998,400,16500,"sd","14:18:21",3382900
16149.999999999998,400,15100,"bu","14:18:23",3398000
16149.999999999998,400,1500,"bu","14:18:26",3399500
16149.999999999998,400,100,"sd","14:18:28",3399600
16149.999999999998,400,1300,"sd","14:18:30",3400900
16200,450,400,"sd","14:18:34",3401300
16200,450,1700,"sd","14:19:07",3403000
16200,450,700,"sd","14:20:05",3403700
16149.999999999998,400,15400,"bu","14:20:10",3419100
16149.999999999998,400,100,"sd","14:20:15",3419200
16149.999999999998,400,2200,"bu","14:20:45",3421400
16200,450,400,"sd","14:20:50",3421800
16149.999999999998,400,400,"sd","14:20:54",3422200
16149.999999999998,400,1500,"sd","14:21:35",3423700
16200,450,600,"bu","14:22:22",3424300
16149.999999999998,400,1300,"sd","14:22:59",3425600
16149.999999999998,400,400,"bu","14:23:06",3426000
16100.000000000002,350,1000,"bu","14:23:17",3427000
16100.000000000002,350,1400,"bu","14:23:20",3428400
16100.000000000002,350,100,"bu","14:23:22",3428500
16149.999999999998,400,300,"sd","14:23:52",3428800
16149.999999999998,400,4600,"bu","14:24:04",3433400
16100.000000000002,350,5000,"bu","14:24:25",3438400
16100.000000000002,350,10500,"sd","14:24:27",3448900
16100.000000000002,350,1100,"sd","14:24:31",3450000
16100.000000000002,350,10300,"bu","14:24:38",3460300
16100.000000000002,350,1000,"bu","14:24:40",3461300
16100.000000000002,350,100,"sd","14:24:43",3461400
16149.999999999998,400,2000,"bu","14:24:49",3463400
16100.000000000002,350,17800,"bu","14:25:23",3481200
16100.000000000002,350,25400,"sd","14:25:25",3506600
16100.000000000002,350,2500,"bu","14:25:27",3509100
16100.000000000002,350,200,"sd","14:25:30",3509300
16149.999999999998,400,300,"bu","14:25:32",3509600
16149.999999999998,400,2600,"sd","14:25:37",3512200
16100.000000000002,350,1600,"bu","14:25:44",3513800
16100.000000000002,350,1300,"bu","14:25:46",3515100
16149.999999999998,400,400,"sd","14:26:10",3515500
16149.999999999998,400,12000,"bu","14:27:15",3527500
16100.000000000002,350,43300,"bu","14:28:00",3570800
16100.000000000002,350,4300,"bu","14:28:03",3575100
16100.000000000002,350,400,"sd","14:28:05",3575500
16100.000000000002,350,1300,"bu","14:28:10",3576800
16100.000000000002,350,100,"sd","14:28:14",3576900
16100.000000000002,350,1100,"sd","14:28:34",3578000
16100.000000000002,350,1000,"sd","14:28:38",3579000
16100.000000000002,350,200,"sd","14:28:43",3579200
16100.000000000002,350,400,"bu","14:28:46",3579600
16100.000000000002,350,5000,"bu","14:28:52",3584600
16100.000000000002,350,1000,"sd","14:29:02",3585600
16050,300,271500,"bu","14:45:15",3857100
