"price","change","match_qtty","side","time","total_vol"
4800,0,829000,"bu","09:44:00",829000
4800,0,51000,"bu","09:44:27",880000
4800,0,4000,"bu","09:45:25",884000
4800,0,300000,"sd","09:47:11",1184000
4800,0,10000,"bu","09:48:48",1194000
4800,0,20000,"sd","09:50:26",1214000
4900,100,10000,"bu","09:51:00",1224000
4800,0,177000,"bu","09:52:46",1401000
4800,0,120000,"sd","09:56:47",1521000
4800,0,3000,"bu","09:59:03",1524000
4900,100,3000,"sd","10:03:09",1527000
4800,0,1000,"sd","10:11:35",1528000
4800,0,40000,"bu","10:11:52",1568000
4800,0,10000,"bu","10:22:37",1578000
4800,0,10000,"sd","10:29:29",1588000
4800,0,50000,"sd","10:30:27",1638000
4800,0,1000,"sd","10:30:59",1639000
4800,0,3000,"sd","10:32:56",1642000
4800,0,1147000,"bu","10:36:39",2789000
4800,0,10000,"sd","10:36:52",2799000
4800,0,10000,"bu","10:37:37",2809000
4800,0,89000,"sd","10:37:59",2898000
4800,0,4000,"bu","10:38:25",2902000
4800,0,20000,"bu","10:38:29",2922000
4800,0,20000,"bu","10:39:21",2942000
4800,0,1000,"bu","10:39:33",2943000
4800,0,100000,"sd","10:40:04",3043000
4800,0,50000,"sd","10:40:46",3093000
4800,0,1000,"bu","10:40:51",3094000
4800,0,5000,"bu","10:42:16",3099000
4800,0,3000,"bu","10:42:45",3102000
4800,0,13000,"sd","10:43:12",3115000
4800,0,18000,"bu","10:43:52",3133000
4800,0,20000,"sd","10:44:15",3153000
4800,0,60000,"bu","10:44:20",3213000
4800,0,208000,"sd","10:44:30",3421000
4800,0,8000,"bu","10:44:48",3429000
4800,0,16000,"bu","10:45:37",3445000
4800,0,1000,"sd","10:46:45",3446000
4800,0,50000,"bu","10:47:00",3496000
4800,0,30000,"bu","10:47:05",3526000
4800,0,1000,"sd","10:47:24",3527000
4800,0,5000,"bu","10:48:00",3532000
4800,0,15000,"bu","10:49:33",3547000
4800,0,2000,"sd","10:49:55",3549000
4800,0,2000,"sd","10:50:02",3551000
4800,0,92000,"sd","10:50:48",3643000
4800,0,1000,"sd","10:50:57",3644000
4800,0,10000,"sd","10:50:58",3654000
4800,0,20000,"bu","10:51:22",3674000
4800,0,10000,"bu","10:51:49",3684000
4800,0,1000,"sd","10:51:56",3685000
4800,0,10000,"sd","10:52:01",3695000
4800,0,5000,"bu","10:52:20",3700000
4800,0,3000,"sd","10:52:32",3703000
4800,0,3000,"sd","10:52:51",3706000
4800,0,3000,"bu","10:53:14",3709000
4800,0,122000,"bu","11:05:53",3831000
4800,0,10000,"sd","11:06:17",3841000
4800,0,29000,"bu","11:07:46",3870000
4800,0,5000,"bu","11:13:21",3875000
4700,-100,40000,"bu","11:13:54",3915000
4700,-100,5000,"sd","11:13:57",3920000
4700,-100,5000,"bu","11:15:46",3925000
4800,0,100000,"bu","11:16:37",4025000
4800,0,100000,"sd","11:18:50",4125000
4800,0,111000,"sd","11:20:16",4236000
4800,0,1000,"bu","11:25:11",4237000
4800,0,39000,"sd","11:25:39",4276000
4800,0,10000,"sd","11:26:07",4286000
4800,0,4000,"bu","11:27:06",4290000
4800,0,20000,"sd","11:28:25",4310000
4800,0,10000,"bu","11:28:45",4320000
4800,0,6000,"bu","11:29:38",4326000
4800,0,6000,"bu","13:00:02",4332000
4800,0,710000,"sd","13:00:02",5042000
4800,0,1000,"sd","13:00:05",5043000
4800,0,1000,"sd","13:01:45",5044000
4800,0,120000,"sd","13:02:11",5164000
4700,-100,2000,"bu","13:02:40",5166000
4800,0,50000,"sd","13:04:12",5216000
4800,0,5000,"bu","13:04:46",5221000
4800,0,3000,"sd","13:04:56",5224000
4800,0,20000,"bu","13:05:08",5244000
4800,0,12000,"bu","13:07:55",5256000
4800,0,9000,"bu","13:09:47",5265000
4800,0,12000,"bu","13:10:03",5277000
4800,0,16000,"bu","13:17:43",5293000
4800,0,11000,"sd","13:18:01",5304000
4800,0,50000,"sd","13:22:43",5354000
4800,0,55000,"sd","13:30:51",5409000
4800,0,50000,"sd","13:32:37",5459000
4800,0,8000,"sd","13:38:59",5467000
4800,0,1000,"sd","13:39:25",5468000
4800,0,159000,"sd","13:40:43",5627000
4800,0,12000,"bu","13:41:23",5639000
4800,0,3000,"bu","13:41:43",5642000
4800,0,26000,"bu","13:41:55",5668000
4800,0,12000,"sd","13:44:42",5680000
4800,0,11000,"bu","13:46:04",5691000
4800,0,1000,"bu","13:46:19",5692000
4800,0,1000,"bu","13:48:34",5693000
4800,0,5000,"sd","13:49:12",5698000
4800,0,3000,"sd","13:53:39",5701000
4800,0,1000,"sd","13:54:23",5702000
4800,0,6000,"sd","13:55:27",5708000
4800,0,9000,"sd","13:57:12",5717000
4800,0,10000,"sd","14:02:01",5727000
4700,-100,48000,"bu","14:02:56",5775000
4800,0,7000,"bu","14:05:26",5782000
4800,0,30000,"sd","14:05:38",5812000
4800,0,100000,"bu","14:06:50",5912000
4800,0,20000,"bu","14:07:00",5932000
4800,0,1000,"bu","14:07:08",5933000
4800,0,2000,"sd","14:07:20",5935000
4800,0,70000,"bu","14:09:29",6005000
4800,0,4000,"bu","14:10:24",6009000
4800,0,1000,"bu","14:10:40",6010000
4800,0,115000,"bu","14:13:08",6125000
4800,0,10000,"bu","14:13:32",6135000
4800,0,88000,"bu","14:19:23",6223000
4700,-100,50000,"bu","14:25:52",6273000
4700,-100,10000,"sd","14:27:22",6283000
4800,0,1000,"bu","14:28:03",6284000
4800,0,1000,"sd","14:29:25",6285000
4800,0,11000,"sd","14:29:26",6296000
4800,0,12000,"sd","14:29:36",6308000
4800,0,133000,"bu","14:45:03",6441000
