"price","change","match_qtty","side","time","total_vol"
18900,0,19437000,"sd","09:44:01",19437000
18900,0,258000,"sd","09:44:05",19695000
18900,0,1000,"bu","09:44:07",19696000
18900,0,32000,"bu","09:44:14",19728000
18900,0,13000,"sd","09:44:15",19741000
18900,0,43000,"bu","09:44:16",19784000
18900,0,6000,"bu","09:44:24",19790000
18900,0,1000,"bu","09:44:25",19791000
19000,100,10000,"sd","09:44:41",19801000
18900,0,5000,"bu","09:44:49",19806000
19000,100,34000,"sd","09:45:22",19840000
19000,100,10000,"sd","09:45:56",19850000
18900,0,10000,"sd","09:45:58",19860000
18900,0,2000,"sd","09:46:10",19862000
18900,0,10000,"bu","09:46:13",19872000
18900,0,3000,"bu","09:46:26",19875000
18900,0,10000,"sd","09:46:30",19885000
18900,0,1000,"sd","09:46:50",19886000
19000,100,60000,"bu","09:48:44",19946000
18900,0,1000,"sd","09:48:50",19947000
19000,100,7000,"bu","09:48:52",19954000
19000,100,80000,"bu","09:49:02",20034000
18900,0,4000,"sd","09:49:20",20038000
18900,0,100000,"sd","09:49:47",20138000
18900,0,341000,"sd","09:50:49",20479000
19000,100,11000,"bu","09:51:17",20490000
18900,0,1000,"sd","09:51:21",20491000
18900,0,1000,"sd","09:51:52",20492000
18900,0,1249000,"bu","09:52:25",21741000
18900,0,2320000,"bu","09:52:26",24061000
18900,0,50000,"bu","09:52:41",24111000
18900,0,111000,"sd","09:52:48",24222000
18900,0,5000,"sd","09:52:49",24227000
19000,100,10000,"bu","09:52:54",24237000
18900,0,1000,"bu","09:52:55",24238000
19000,100,21000,"bu","09:52:58",24259000
19000,100,103000,"bu","09:53:03",24362000
18900,0,60000,"sd","09:53:06",24422000
18900,0,1000,"bu","09:53:36",24423000
18900,0,20000,"sd","09:53:46",24443000
18900,0,5000,"bu","09:53:58",24448000
19000,100,50000,"sd","09:53:59",24498000
19000,100,10000,"sd","09:54:11",24508000
19000,100,4000,"bu","09:54:16",24512000
19000,100,5000,"sd","09:54:19",24517000
19000,100,22000,"sd","09:54:27",24539000
19000,100,79000,"bu","09:54:28",24618000
19000,100,10000,"sd","09:54:29",24628000
19000,100,2000,"sd","09:54:30",24630000
19000,100,50000,"bu","09:54:35",24680000
19000,100,50000,"bu","09:54:37",24730000
19000,100,10000,"bu","09:54:50",24740000
18900,0,10000,"bu","09:54:58",24750000
19000,100,1000,"bu","09:55:15",24751000
19000,100,5000,"sd","09:55:22",24756000
18900,0,405000,"sd","09:55:25",25161000
18900,0,3000,"bu","09:55:44",25164000
18900,0,50000,"sd","09:56:07",25214000
18900,0,1000,"sd","09:56:36",25215000
18900,0,16000,"sd","09:56:43",25231000
18900,0,10000,"bu","09:56:45",25241000
19000,100,2000,"bu","09:56:54",25243000
19000,100,500000,"sd","09:56:57",25743000
19000,100,150000,"sd","09:57:08",25893000
19000,100,40000,"bu","09:57:10",25933000
18900,0,14000,"bu","09:57:12",25947000
19000,100,1000,"sd","09:57:27",25948000
19000,100,10000,"sd","09:57:56",25958000
19000,100,10000,"bu","09:57:58",25968000
18900,0,5000,"bu","09:58:03",25973000
19000,100,101000,"bu","09:58:15",26074000
19000,100,7000,"sd","09:58:21",26081000
19000,100,80000,"bu","09:58:53",26161000
19000,100,1000,"sd","09:58:59",26162000
19000,100,100000,"sd","09:59:02",26262000
18900,0,2000,"bu","09:59:07",26264000
19000,100,10000,"bu","09:59:09",26274000
19000,100,1000,"bu","09:59:19",26275000
19000,100,32000,"bu","09:59:24",26307000
19000,100,13000,"bu","09:59:29",26320000
19000,100,60000,"sd","09:59:33",26380000
19000,100,1000,"bu","09:59:41",26381000
18900,0,5000,"sd","09:59:59",26386000
18900,0,1000,"bu","10:00:14",26387000
19000,100,10000,"sd","10:00:51",26397000
19000,100,50000,"bu","10:01:14",26447000
19000,100,10000,"sd","10:01:26",26457000
18900,0,100000,"sd","10:01:33",26557000
19000,100,10000,"sd","10:01:46",26567000
18900,0,5000,"bu","10:01:53",26572000
18900,0,10000,"bu","10:02:05",26582000
19000,100,50000,"bu","10:02:11",26632000
19000,100,34000,"bu","10:03:09",26666000
19000,100,20000,"bu","10:03:13",26686000
19000,100,6000,"sd","10:03:22",26692000
19000,100,20000,"bu","10:04:06",26712000
19000,100,1000,"bu","10:04:26",26713000
18900,0,20000,"sd","10:04:41",26733000
19000,100,10000,"bu","10:04:42",26743000
19000,100,10000,"bu","10:05:24",26753000
19000,100,10000,"sd","10:05:58",26763000
18900,0,11000,"sd","10:05:59",26774000
18900,0,50000,"sd","10:06:12",26824000
18900,0,92000,"bu","10:06:51",26916000
18900,0,4000,"sd","10:07:14",26920000
18900,0,18000,"bu","10:07:44",26938000
19000,100,5000,"bu","10:07:45",26943000
19000,100,5000,"sd","10:07:54",26948000
19000,100,4000,"sd","10:08:08",26952000
18900,0,30000,"bu","10:08:11",26982000
19000,100,1000,"sd","10:08:23",26983000
19000,100,15000,"sd","10:08:59",26998000
19000,100,1000,"sd","10:09:05",26999000
19000,100,2000,"bu","10:09:15",27001000
18900,0,20000,"sd","10:09:18",27021000
19000,100,9000,"bu","10:09:26",27030000
18900,0,50000,"sd","10:09:44",27080000
18900,0,2000,"bu","10:10:04",27082000
19000,100,1000,"sd","10:10:07",27083000
18900,0,40000,"bu","10:10:19",27123000
18900,0,20000,"sd","10:10:51",27143000
18900,0,10000,"sd","10:11:07",27153000
19000,100,15000,"sd","10:11:09",27168000
18900,0,10000,"sd","10:11:10",27178000
18900,0,65000,"bu","10:11:19",27243000
18900,0,15000,"bu","10:11:28",27258000
18900,0,5000,"sd","10:11:31",27263000
18900,0,12000,"sd","10:12:19",27275000
18900,0,91000,"sd","10:12:24",27366000
18900,0,50000,"sd","10:12:39",27416000
18900,0,40000,"bu","10:13:05",27456000
18900,0,40000,"sd","10:13:25",27496000
19000,100,1000,"sd","10:13:33",27497000
18900,0,50000,"sd","10:13:40",27547000
18900,0,100000,"bu","10:13:54",27647000
18900,0,36000,"bu","10:13:57",27683000
18900,0,29000,"sd","10:14:01",27712000
18900,0,50000,"bu","10:14:07",27762000
18900,0,8000,"bu","10:14:10",27770000
18900,0,50000,"bu","10:14:22",27820000
18900,0,6000,"bu","10:14:28",27826000
18900,0,60000,"bu","10:14:39",27886000
18900,0,5048000,"bu","10:14:45",32934000
18900,0,1000,"sd","10:14:52",32935000
18800,-100,1000,"sd","10:15:22",32936000
18900,0,900000,"sd","10:15:25",33836000
18900,0,150000,"bu","10:15:40",33986000
18900,0,5000,"bu","10:15:47",33991000
18900,0,950000,"sd","10:16:06",34941000
18900,0,15000,"bu","10:16:09",34956000
18900,0,10000,"sd","10:16:22",34966000
18900,0,1000,"bu","10:16:23",34967000
18900,0,2000,"sd","10:16:39",34969000
18900,0,20000,"sd","10:16:51",34989000
18900,0,10000,"sd","10:16:53",34999000
18900,0,22000,"bu","10:16:54",35021000
18900,0,2000,"bu","10:16:59",35023000
18900,0,10000,"sd","10:17:15",35033000
18800,-100,3000,"sd","10:17:23",35036000
18900,0,10000,"bu","10:17:32",35046000
18900,0,10000,"bu","10:17:38",35056000
18900,0,30000,"bu","10:17:45",35086000
18900,0,20000,"sd","10:17:49",35106000
18900,0,10000,"bu","10:18:05",35116000
18900,0,1000,"sd","10:18:08",35117000
18900,0,5000,"sd","10:18:11",35122000
18900,0,57000,"sd","10:18:20",35179000
18900,0,21000,"bu","10:18:52",35200000
18900,0,10000,"bu","10:18:58",35210000
18900,0,4000,"bu","10:19:19",35214000
18900,0,30000,"bu","10:19:52",35244000
18900,0,2000,"bu","10:19:58",35246000
18900,0,20000,"sd","10:20:10",35266000
18900,0,5000,"bu","10:20:12",35271000
18800,-100,5000,"sd","10:20:21",35276000
18800,-100,5000,"sd","10:21:27",35281000
18900,0,5000,"sd","10:21:28",35286000
18900,0,10000,"sd","10:21:31",35296000
18900,0,27000,"bu","10:21:46",35323000
18900,0,39000,"sd","10:22:40",35362000
18900,0,20000,"sd","10:22:51",35382000
18900,0,5000,"bu","10:22:58",35387000
18900,0,2000,"sd","10:23:10",35389000
18900,0,6000,"bu","10:23:18",35395000
18900,0,2000,"bu","10:23:22",35397000
18900,0,10000,"sd","10:23:31",35407000
18900,0,1000,"sd","10:23:32",35408000
18900,0,1000,"bu","10:23:42",35409000
18900,0,7000,"sd","10:23:47",35416000
18900,0,10000,"sd","10:23:53",35426000
18900,0,3000,"sd","10:23:55",35429000
18900,0,23000,"sd","10:24:14",35452000
18900,0,1000,"bu","10:24:23",35453000
18900,0,10000,"bu","10:24:39",35463000
18900,0,9000,"sd","10:24:40",35472000
18900,0,5000,"sd","10:24:49",35477000
18800,-100,140000,"sd","10:24:53",35617000
18800,-100,8000,"bu","10:25:09",35625000
18900,0,12000,"bu","10:25:17",35637000
18900,0,2000,"sd","10:25:33",35639000
18900,0,3000,"sd","10:25:36",35642000
18900,0,1000,"sd","10:25:42",35643000
18900,0,2000,"sd","10:25:46",35645000
18900,0,7000,"bu","10:25:47",35652000
18900,0,5000,"sd","10:25:51",35657000
18800,-100,200000,"sd","10:26:15",35857000
18900,0,4000,"sd","10:26:40",35861000
18800,-100,30000,"bu","10:27:04",35891000
18800,-100,6824000,"bu","10:27:39",42715000
18800,-100,4000,"sd","10:27:40",42719000
18800,-100,10000,"sd","10:27:41",42729000
18800,-100,1000,"bu","10:27:42",42730000
18700,-200,2000,"bu","10:27:45",42732000
18700,-200,37000,"bu","10:27:46",42769000
18800,-100,5000,"sd","10:27:50",42774000
18700,-200,40000,"sd","10:28:03",42814000
18800,-100,50000,"bu","10:28:15",42864000
18800,-100,6000,"bu","10:28:17",42870000
18800,-100,16000,"sd","10:28:18",42886000
18800,-100,10000,"sd","10:28:20",42896000
18800,-100,4000,"bu","10:28:26",42900000
18800,-100,6000,"sd","10:28:27",42906000
18800,-100,20000,"sd","10:28:28",42926000
18800,-100,5000,"bu","10:28:30",42931000
18800,-100,100000,"bu","10:28:31",43031000
18800,-100,6000,"bu","10:28:34",43037000
18800,-100,100000,"sd","10:28:38",43137000
18800,-100,15000,"sd","10:28:39",43152000
18800,-100,5000,"sd","10:28:41",43157000
18800,-100,15000,"sd","10:28:42",43172000
18800,-100,5000,"sd","10:28:47",43177000
18800,-100,1000,"sd","10:28:47",43178000
18800,-100,1000,"sd","10:28:48",43179000
18800,-100,100000,"sd","10:28:50",43279000
18800,-100,200000,"sd","10:28:51",43479000
18800,-100,103000,"sd","10:28:52",43582000
18800,-100,520000,"sd","10:28:55",44102000
18800,-100,20000,"sd","10:28:57",44129000
18800,-100,20000,"bu","10:28:58",44149000
18800,-100,4000,"sd","10:28:59",44153000
18800,-100,32000,"bu","10:29:03",44185000
18800,-100,40000,"sd","10:29:06",44225000
18800,-100,7000,"bu","10:29:17",44232000
18800,-100,30000,"bu","10:29:36",44262000
18800,-100,10000,"sd","10:29:50",44272000
18800,-100,10000,"bu","10:30:04",44282000
18800,-100,182000,"bu","10:30:06",44464000
18800,-100,234000,"sd","10:30:06",44698000
18800,-100,10000,"bu","10:30:08",44708000
18800,-100,1000,"sd","10:30:10",44709000
18800,-100,115000,"sd","10:30:16",44824000
18800,-100,6000,"sd","10:30:18",44830000
18800,-100,51000,"sd","10:30:30",44881000
18800,-100,10000,"sd","10:30:34",44891000
18800,-100,3000,"sd","10:30:41",44894000
18800,-100,10000,"bu","10:30:45",44904000
18800,-100,50000,"bu","10:30:47",44954000
18800,-100,15000,"sd","10:30:52",44969000
18800,-100,1000,"bu","10:31:04",44970000
18800,-100,20000,"sd","10:31:06",44990000
18800,-100,1000,"sd","10:31:10",44991000
18800,-100,10000,"bu","10:31:11",45001000
18800,-100,5000,"bu","10:31:17",45006000
18800,-100,140000,"bu","10:31:28",45146000
18800,-100,2000,"sd","10:31:29",45148000
18800,-100,100000,"bu","10:31:31",45248000
18800,-100,1000,"sd","10:31:38",45249000
18800,-100,2000,"bu","10:31:39",45251000
18800,-100,1000,"sd","10:31:40",45252000
18800,-100,1000,"sd","10:31:45",45253000
18800,-100,1000,"bu","10:31:52",45254000
18800,-100,8000,"bu","10:31:53",45262000
18800,-100,1000,"sd","10:31:54",45263000
18800,-100,10000,"bu","10:31:56",45273000
18800,-100,1000,"bu","10:31:57",45274000
18800,-100,50000,"sd","10:31:58",45324000
18800,-100,8000,"sd","10:32:05",45332000
18800,-100,1000,"sd","10:32:06",45333000
18800,-100,9000,"bu","10:32:08",45342000
18800,-100,200000,"bu","10:32:10",45542000
18800,-100,2000,"bu","10:32:11",45544000
18800,-100,3000,"bu","10:32:12",45547000
18800,-100,3000,"sd","10:32:13",45550000
18800,-100,30000,"sd","10:32:36",45580000
18800,-100,1000,"bu","10:32:38",45581000
18800,-100,3000,"bu","10:32:40",45584000
18800,-100,20000,"sd","10:32:46",45604000
18800,-100,1000,"sd","10:32:47",45605000
18800,-100,3000,"bu","10:32:48",45608000
18800,-100,10000,"bu","10:32:50",45618000
18800,-100,50000,"sd","10:32:51",45668000
18800,-100,248000,"bu","10:32:52",45916000
18800,-100,97000,"bu","10:32:54",46013000
18800,-100,2000,"bu","10:32:55",46015000
18800,-100,30000,"sd","10:32:57",46045000
18800,-100,3000,"bu","10:32:58",46048000
18800,-100,15000,"sd","10:33:00",46063000
18800,-100,5000,"bu","10:33:01",46068000
18800,-100,1000,"sd","10:33:02",46069000
18800,-100,200000,"bu","10:33:03",46269000
18800,-100,20000,"bu","10:33:09",46289000
18800,-100,9000,"bu","10:33:10",46298000
18800,-100,15000,"sd","10:33:12",46313000
18800,-100,65000,"bu","10:33:17",46378000
18800,-100,17000,"sd","10:33:18",46395000
18800,-100,8000,"sd","10:33:19",46403000
18800,-100,10000,"bu","10:33:20",46413000
18800,-100,22000,"bu","10:33:22",46435000
18800,-100,30000,"sd","10:33:23",46465000
18800,-100,52000,"sd","10:33:32",46517000
18700,-200,10000,"bu","10:33:34",46527000
18800,-100,1000,"sd","10:33:36",46528000
18800,-100,11000,"sd","10:33:38",46539000
18800,-100,10000,"sd","10:33:39",46549000
18800,-100,11000,"bu","10:33:42",46560000
18800,-100,62000,"bu","10:33:45",46622000
18800,-100,70000,"sd","10:33:56",46692000
18800,-100,2000,"sd","10:33:59",46694000
18800,-100,2000,"sd","10:34:04",46696000
18800,-100,30000,"sd","10:34:06",46726000
18800,-100,10000,"bu","10:34:09",46736000
18800,-100,21000,"bu","10:34:13",46757000
18800,-100,33000,"sd","10:34:16",46790000
18800,-100,52000,"sd","10:34:22",46842000
18800,-100,5000,"sd","10:34:29",46847000
18800,-100,1000,"bu","10:34:32",46848000
18800,-100,2000,"sd","10:34:33",46850000
18800,-100,32000,"sd","10:34:37",46882000
18800,-100,40000,"sd","10:34:38",46922000
18800,-100,80000,"sd","10:34:39",47002000
18800,-100,200000,"bu","10:34:40",47202000
18800,-100,360000,"bu","10:34:42",47562000
18800,-100,10000,"sd","10:34:43",47572000
18800,-100,300000,"bu","10:34:45",47872000
18800,-100,1000,"sd","10:34:46",47873000
18800,-100,10000,"sd","10:34:54",47883000
18800,-100,5000,"bu","10:34:58",47888000
18800,-100,300000,"sd","10:35:37",48188000
18800,-100,2000,"bu","10:35:39",48190000
18800,-100,200000,"bu","10:36:06",48390000
18800,-100,1000,"bu","10:36:07",48391000
18800,-100,8000,"bu","10:36:12",48399000
18800,-100,1000,"sd","10:36:24",48400000
18800,-100,50000,"sd","10:36:39",48450000
18800,-100,10000,"bu","10:36:40",48460000
18800,-100,20000,"sd","10:36:45",48480000
18800,-100,3000,"bu","10:36:47",48483000
18800,-100,5000,"sd","10:36:50",48488000
18800,-100,370000,"bu","10:36:56",48858000
18800,-100,2000,"bu","10:36:59",48860000
18800,-100,5000,"sd","10:37:00",48865000
18800,-100,500000,"sd","10:37:04",49365000
18800,-100,2000,"sd","10:37:05",49367000
18800,-100,20000,"bu","10:37:08",49387000
18800,-100,4000,"bu","10:37:14",49391000
18800,-100,5000,"sd","10:37:27",49396000
18800,-100,5000,"sd","10:37:43",49401000
18800,-100,3000,"bu","10:37:44",49404000
18800,-100,1000,"bu","10:37:55",49405000
18800,-100,30000,"sd","10:38:00",49435000
18800,-100,5000,"sd","10:38:01",49440000
18800,-100,11000,"sd","10:38:02",49451000
18800,-100,500000,"sd","10:38:03",49951000
18800,-100,5000,"sd","10:38:10",49956000
18800,-100,5000,"sd","10:38:15",49961000
18800,-100,30000,"bu","10:38:16",49991000
18800,-100,6000,"sd","10:38:18",49997000
18800,-100,7000,"bu","10:38:22",50004000
18800,-100,10000,"sd","10:38:34",50014000
18700,-200,10000,"sd","10:38:45",50024000
18800,-100,20000,"bu","10:38:49",50044000
18800,-100,115000,"sd","10:39:06",50159000
18800,-100,2000,"sd","10:39:25",50161000
18800,-100,1000,"sd","10:40:14",50162000
18800,-100,2000,"sd","10:40:22",50164000
18800,-100,4000,"bu","10:40:26",50168000
18800,-100,1000,"bu","10:40:34",50169000
18700,-200,40000,"bu","10:40:42",50209000
18800,-100,1000,"sd","10:40:43",50210000
18700,-200,10000,"sd","10:40:51",50220000
18800,-100,1000,"sd","10:40:52",50221000
18800,-100,10000,"bu","10:41:02",50231000
18800,-100,1000,"bu","10:41:06",50232000
18800,-100,1000,"bu","10:41:10",50233000
18800,-100,2000,"bu","10:41:18",50235000
18800,-100,34000,"sd","10:41:23",50269000
18800,-100,10000,"sd","10:41:27",50279000
18700,-200,2000,"bu","10:41:37",50281000
18800,-100,14000,"bu","10:41:43",50295000
18800,-100,1000,"bu","10:41:49",50296000
18700,-200,15000,"sd","10:41:52",50311000
18800,-100,200000,"sd","10:41:55",50511000
18800,-100,1000,"bu","10:41:58",50512000
18800,-100,415000,"sd","10:42:17",50927000
18800,-100,1000,"sd","10:42:22",50928000
18800,-100,1000,"bu","10:42:24",50929000
18800,-100,3000,"sd","10:42:27",50932000
18800,-100,10000,"bu","10:42:33",50942000
18800,-100,1000,"sd","10:42:41",50943000
18800,-100,10000,"sd","10:42:42",50953000
18800,-100,20000,"bu","10:42:46",50973000
18800,-100,100000,"sd","10:42:55",51073000
18800,-100,1000,"bu","10:43:07",51074000
18800,-100,7000,"bu","10:43:18",51081000
18800,-100,50000,"sd","10:43:24",51131000
18800,-100,10000,"bu","10:43:35",51141000
18800,-100,1000,"bu","10:43:36",51142000
18800,-100,1000,"sd","10:43:58",51143000
18800,-100,10000,"sd","10:43:59",51153000
18800,-100,1000,"bu","10:44:07",51154000
18800,-100,8000,"bu","10:44:26",51162000
18800,-100,5000,"sd","10:44:46",51167000
18800,-100,2000,"sd","10:44:48",51169000
18800,-100,44000,"sd","10:44:51",51213000
18800,-100,100000,"sd","10:44:52",51313000
18800,-100,10000,"bu","10:44:57",51323000
18800,-100,5000,"sd","10:45:00",51328000
18800,-100,1000,"bu","10:45:03",51329000
18800,-100,46000,"sd","10:45:12",51375000
18800,-100,1000,"sd","10:45:13",51376000
18800,-100,102000,"sd","10:45:14",51478000
18800,-100,10000,"bu","10:45:18",51488000
18800,-100,3000,"bu","10:45:26",51491000
18800,-100,30000,"bu","10:45:29",51521000
18800,-100,1000,"bu","10:45:35",51522000
18800,-100,10000,"bu","10:45:37",51532000
18700,-200,1000,"bu","10:45:49",51533000
18700,-200,2000,"bu","10:46:08",51535000
18700,-200,1000,"sd","10:46:14",51536000
18700,-200,50000,"bu","10:46:20",51586000
18700,-200,5000,"bu","10:46:21",51591000
18800,-100,100000,"bu","10:46:42",51691000
18700,-200,10000,"bu","10:46:45",51701000
18700,-200,9000,"sd","10:46:46",51710000
18800,-100,50000,"bu","10:46:47",51760000
18800,-100,9000,"bu","10:46:50",51769000
18800,-100,3000,"bu","10:46:55",51772000
18800,-100,13000,"sd","10:46:56",51785000
18800,-100,3000,"sd","10:47:12",51788000
18800,-100,1000,"sd","10:47:13",51789000
18800,-100,1000,"bu","10:47:22",51790000
18800,-100,20000,"bu","10:47:23",51810000
18800,-100,151000,"sd","10:47:25",51961000
18800,-100,10000,"sd","10:47:29",51971000
18700,-200,1000,"bu","10:47:38",51972000
18800,-100,2000,"bu","10:47:47",51974000
18800,-100,10000,"sd","10:47:53",51984000
18700,-200,15000,"sd","10:48:09",51999000
18800,-100,10000,"bu","10:48:16",52009000
18800,-100,956000,"bu","10:48:21",52965000
18800,-100,2000,"sd","10:48:51",52967000
18800,-100,4000,"sd","10:48:55",52971000
18800,-100,1000,"sd","10:49:05",52972000
18800,-100,40000,"bu","10:49:09",53012000
18800,-100,5000,"sd","10:49:20",53017000
18800,-100,2000,"bu","10:49:25",53019000
18800,-100,5000,"bu","10:49:29",53024000
18800,-100,100000,"bu","10:49:30",53124000
18800,-100,100000,"sd","10:49:37",53224000
18800,-100,11000,"bu","10:49:45",53235000
18800,-100,3000,"bu","10:49:49",53238000
18800,-100,1000,"bu","10:49:52",53239000
18800,-100,6000,"sd","10:50:05",53245000
18800,-100,10000,"bu","10:50:07",53255000
18800,-100,1000,"bu","10:50:10",53256000
18800,-100,1000,"bu","10:50:32",53257000
18700,-200,1000,"sd","10:50:33",53258000
18800,-100,10000,"sd","10:50:47",53268000
18800,-100,6000,"sd","10:50:57",53274000
18800,-100,5000,"bu","10:51:00",53279000
18800,-100,2000,"bu","10:51:11",53281000
18800,-100,1000,"bu","10:51:20",53282000
18700,-200,2000,"sd","10:51:24",53284000
18800,-100,22000,"sd","10:51:38",53306000
18800,-100,5000,"sd","10:51:42",53311000
18800,-100,5000,"bu","10:51:49",53316000
18800,-100,2000,"bu","10:51:57",53318000
18700,-200,1553000,"bu","10:51:58",54871000
18800,-100,5000,"sd","10:51:59",54876000
18800,-100,4000,"sd","10:52:32",54880000
18800,-100,10000,"sd","10:52:38",54890000
18800,-100,20000,"sd","10:52:48",54910000
18800,-100,1000,"bu","10:52:50",54911000
18800,-100,3000,"bu","10:52:56",54914000
18800,-100,7000,"bu","10:53:15",54921000
18700,-200,15000,"bu","10:53:17",54936000
18700,-200,6000000,"sd","10:53:44",60936000
18700,-200,1000000,"bu","10:53:53",61936000
18700,-200,5000,"sd","10:54:00",61941000
18700,-200,1040000,"bu","10:54:01",62981000
18700,-200,6000,"bu","10:54:02",62987000
18700,-200,23000,"sd","10:54:03",63010000
18700,-200,18000,"bu","10:54:04",63028000
18700,-200,654000,"sd","10:54:06",63682000
18700,-200,192000,"sd","10:54:09",63874000
18700,-200,10000,"bu","10:54:10",63884000
18700,-200,1000000,"sd","10:54:11",64884000
18700,-200,10000,"bu","10:54:16",64894000
18700,-200,30000,"bu","10:54:21",64924000
18700,-200,200000,"bu","10:54:23",65124000
18700,-200,150000,"bu","10:54:26",65274000
18700,-200,180000,"bu","10:54:29",65454000
18700,-200,152000,"sd","10:54:30",65606000
18700,-200,63000,"bu","10:54:31",65669000
18700,-200,50000,"bu","10:54:33",65719000
18700,-200,277000,"sd","10:54:35",65996000
18700,-200,21000,"bu","10:54:36",66017000
18700,-200,5000,"sd","10:54:39",66022000
18600,-300,10000,"sd","10:54:40",66032000
18700,-200,1000,"bu","10:54:43",66033000
18600,-300,30000,"sd","10:54:46",66063000
18600,-300,2000,"sd","10:54:50",66065000
18700,-200,2000,"bu","10:54:51",66067000
18700,-200,21000,"bu","10:54:52",66088000
18700,-200,5000,"sd","10:54:57",66093000
18700,-200,1000,"sd","10:55:02",66094000
18700,-200,1000,"bu","10:55:04",66095000
18700,-200,8000,"sd","10:55:06",66103000
18700,-200,2000,"bu","10:55:11",66105000
18600,-300,95000,"bu","10:55:13",66200000
18600,-300,104000,"sd","10:55:20",66304000
18600,-300,11000,"sd","10:55:21",66315000
18600,-300,10000,"bu","10:55:31",66325000
18600,-300,20000,"bu","10:55:35",66345000
18600,-300,51000,"sd","10:55:36",66396000
18700,-200,5000,"bu","10:55:41",66401000
18600,-300,10000,"sd","10:55:47",66411000
18700,-200,5000,"sd","10:55:54",66416000
18600,-300,20000,"bu","10:55:59",66436000
18600,-300,5000,"bu","10:56:03",66441000
18700,-200,110000,"bu","10:56:05",66551000
18600,-300,100000,"bu","10:56:06",66651000
18600,-300,20000,"bu","10:56:08",66671000
18600,-300,28000,"bu","10:56:12",66699000
18600,-300,200000,"sd","10:56:14",66899000
18700,-200,50000,"sd","10:56:17",66949000
18600,-300,100000,"bu","10:56:20",67049000
18600,-300,2000,"bu","10:56:24",67051000
18600,-300,11000,"bu","10:56:33",67062000
18700,-200,3000,"sd","10:56:36",67065000
18600,-300,105000,"sd","10:56:37",67170000
18700,-200,1000,"bu","10:56:39",67171000
18600,-300,40000,"bu","10:56:40",67211000
18600,-300,100000,"sd","10:56:44",67311000
18700,-200,1000,"bu","10:56:47",67312000
18700,-200,1000,"sd","10:56:55",67313000
18600,-300,10000,"bu","10:57:01",67323000
18700,-200,18000,"sd","10:57:04",67341000
18600,-300,70000,"sd","10:57:17",67411000
18600,-300,210000,"bu","10:57:19",67621000
18700,-200,20000,"bu","10:57:23",67641000
18600,-300,10000,"bu","10:57:26",67651000
18600,-300,5000,"sd","10:57:30",67656000
18700,-200,1000,"bu","10:57:33",67657000
18600,-300,70000,"sd","10:57:35",67727000
18600,-300,19000,"bu","10:57:47",67846000
18700,-200,2000,"sd","10:57:49",67848000
18700,-200,2000,"bu","10:57:55",67850000
18700,-200,3000,"bu","10:58:02",67853000
18700,-200,50000,"bu","10:58:04",67903000
18700,-200,2010000,"sd","10:58:07",69913000
18700,-200,19000,"bu","10:58:08",69933000
18700,-200,1000,"bu","10:58:09",69934000
18700,-200,20000,"bu","10:58:13",69954000
18700,-200,20000,"bu","10:58:13",69974000
18700,-200,8000,"bu","10:58:15",69982000
18600,-300,59000,"sd","10:58:19",70982000
18600,-300,33000,"sd","10:58:21",71015000
18700,-200,1000,"sd","10:58:24",71016000
18700,-200,20000,"sd","10:58:27",71036000
18700,-200,11000,"sd","10:58:28",71047000
18700,-200,10000,"sd","10:58:29",71057000
18700,-200,510000,"sd","10:58:32",71567000
18700,-200,5000,"bu","10:58:38",71572000
18700,-200,20000,"bu","10:58:39",71592000
18700,-200,4000,"bu","10:58:40",71596000
18700,-200,10000,"sd","10:58:43",71606000
18700,-200,40000,"sd","10:58:44",71646000
18700,-200,10000,"sd","10:58:45",71656000
18700,-200,10000,"sd","10:58:46",71666000
18700,-200,100000,"sd","10:58:47",71766000
18700,-200,2000,"bu","10:58:48",71768000
18700,-200,3000,"bu","10:58:50",71771000
18700,-200,5000,"bu","10:58:54",71776000
18700,-200,87000,"bu","10:58:56",71863000
18700,-200,20000,"bu","10:59:01",71883000
18700,-200,10000,"sd","10:59:03",71893000
18700,-200,24000,"bu","10:59:05",71917000
18700,-200,50000,"sd","10:59:06",71967000
18700,-200,544000,"bu","10:59:11",72511000
18700,-200,4000,"sd","10:59:13",72515000
18700,-200,20000,"sd","10:59:16",72535000
18700,-200,5000,"sd","10:59:17",72540000
18700,-200,30000,"bu","10:59:18",72570000
18700,-200,4000,"sd","10:59:20",72574000
18700,-200,1000,"sd","10:59:23",72575000
18700,-200,10000,"bu","10:59:31",72585000
18700,-200,118000,"bu","10:59:33",72703000
18700,-200,6000,"sd","10:59:35",72709000
18700,-200,1000,"bu","10:59:43",72710000
18700,-200,431000,"bu","10:59:46",73141000
18700,-200,10000,"sd","10:59:52",73151000
18700,-200,10000,"sd","10:59:55",73161000
18700,-200,222000,"bu","10:59:56",73383000
18700,-200,1000,"bu","11:00:05",73384000
18700,-200,10000,"bu","11:00:06",73394000
18700,-200,19000,"sd","11:00:16",73413000
18700,-200,250000,"bu","11:00:45",73663000
18700,-200,100000,"sd","11:00:54",73763000
18700,-200,30000,"sd","11:01:00",73793000
18700,-200,160000,"bu","11:01:07",73953000
18700,-200,10000,"bu","11:01:14",73963000
18700,-200,7000,"sd","11:01:17",73970000
18700,-200,20000,"bu","11:01:25",73990000
18700,-200,5000,"sd","11:01:31",73995000
18700,-200,95000,"sd","11:01:36",74090000
18700,-200,10000,"bu","11:01:38",74100000
18800,-100,30000,"sd","11:01:43",74130000
18800,-100,3000,"sd","11:01:50",74133000
18800,-100,1000,"sd","11:01:58",74134000
18800,-100,23000,"bu","11:02:29",74157000
18700,-200,10000,"sd","11:02:33",74167000
18800,-100,10000,"bu","11:03:01",74177000
18800,-100,10000,"bu","11:03:04",74187000
18800,-100,7000,"bu","11:03:15",74194000
18700,-200,13000,"sd","11:03:35",74207000
18700,-200,30000,"sd","11:03:36",74237000
18700,-200,95000,"bu","11:03:46",74332000
18700,-200,5000,"sd","11:03:52",74337000
18700,-200,10000,"bu","11:03:53",74347000
18700,-200,10000,"sd","11:03:55",74357000
18800,-100,7000,"sd","11:04:19",74364000
18700,-200,10000,"bu","11:04:21",74374000
18800,-100,20000,"bu","11:04:23",74394000
18800,-100,100000,"sd","11:04:24",74494000
18700,-200,4000,"bu","11:04:45",74498000
18800,-100,66000,"bu","11:04:49",74564000
18800,-100,1000,"sd","11:04:54",74565000
18800,-100,1000,"sd","11:04:57",74566000
18800,-100,20000,"sd","11:05:11",74586000
18700,-200,1000,"sd","11:05:15",74587000
18700,-200,23000,"sd","11:05:27",74610000
18700,-200,1000,"sd","11:05:50",74611000
18700,-200,1000,"bu","11:06:05",74612000
18700,-200,50000,"sd","11:06:16",74662000
18700,-200,300000,"bu","11:07:21",74962000
18700,-200,2000,"bu","11:07:29",74964000
18700,-200,20000,"bu","11:07:40",74984000
18700,-200,10000,"sd","11:07:43",74994000
18700,-200,300000,"bu","11:07:47",75294000
18700,-200,110000,"bu","11:07:50",75404000
18700,-200,10000,"bu","11:07:52",75414000
18700,-200,500000,"sd","11:07:55",75914000
18700,-200,700000,"sd","11:07:58",76614000
18700,-200,50000,"bu","11:07:59",76664000
18700,-200,5000,"bu","11:08:01",76669000
18700,-200,32000,"sd","11:08:05",76701000
18700,-200,46000,"sd","11:08:07",76747000
18700,-200,90000,"bu","11:08:08",76837000
18700,-200,89000,"bu","11:08:13",76926000
18700,-200,230000,"bu","11:08:15",77156000
18700,-200,100000,"sd","11:08:16",77256000
18700,-200,100000,"sd","11:08:17",77356000
18700,-200,45000,"sd","11:08:20",77401000
18700,-200,120000,"bu","11:08:23",77521000
18700,-200,1240000,"sd","11:08:24",78761000
18700,-200,50000,"bu","11:08:27",78811000
18700,-200,166000,"bu","11:08:28",78977000
18700,-200,116000,"bu","11:08:29",79093000
18700,-200,5000,"sd","11:08:36",79098000
18700,-200,50000,"sd","11:08:48",79148000
18700,-200,10000,"bu","11:09:02",79158000
18700,-200,1000,"sd","11:09:14",79159000
18700,-200,10000,"bu","11:09:26",79169000
18700,-200,18000,"sd","11:09:31",79187000
18700,-200,20000,"sd","11:09:40",79207000
18700,-200,2000,"sd","11:10:08",79209000
18700,-200,1000,"bu","11:10:15",79210000
18700,-200,120000,"sd","11:10:20",79330000
18700,-200,2000,"sd","11:10:23",79332000
18700,-200,5000,"sd","11:10:27",79337000
18600,-300,3000,"sd","11:10:35",79340000
18600,-300,10000,"sd","11:10:38",79350000
18600,-300,21000,"bu","11:10:48",79371000
18600,-300,50000,"sd","11:10:57",79421000
18700,-200,101000,"sd","11:11:03",79522000
18700,-200,10000,"bu","11:11:10",79532000
18700,-200,5000,"bu","11:11:16",79537000
18700,-200,30000,"bu","11:11:42",79567000
18600,-300,30000,"bu","11:11:45",79597000
18600,-300,10000,"sd","11:11:57",79607000
18700,-200,1000,"sd","11:12:08",79608000
18600,-300,18000,"sd","11:12:21",79626000
18600,-300,20000,"sd","11:12:33",79646000
18600,-300,5000,"sd","11:12:34",79651000
18600,-300,75000,"sd","11:12:36",79726000
18700,-200,41000,"sd","11:12:40",79767000
18600,-300,22000,"bu","11:12:45",79789000
18700,-200,50000,"sd","11:12:48",79839000
18700,-200,10000,"bu","11:12:56",79849000
18700,-200,200000,"sd","11:12:58",80049000
18700,-200,17000,"sd","11:13:14",80066000
18700,-200,3000,"sd","11:13:21",80069000
18700,-200,300000,"bu","11:13:26",80369000
18700,-200,2000,"bu","11:13:27",80371000
18700,-200,2000,"bu","11:13:34",80373000
18700,-200,4000,"sd","11:13:37",80377000
18700,-200,60000,"bu","11:13:38",80437000
18700,-200,2000,"bu","11:13:51",80439000
18700,-200,5000,"sd","11:13:58",80444000
18700,-200,1000,"bu","11:14:06",80445000
18600,-300,50000,"sd","11:14:13",80495000
18600,-300,2000,"bu","11:14:28",80497000
18600,-300,9000,"bu","11:14:32",80506000
18600,-300,13000,"sd","11:14:34",80519000
18600,-300,11000,"bu","11:14:36",80530000
18600,-300,10000,"sd","11:14:49",80540000
18600,-300,15000,"bu","11:14:51",80555000
18600,-300,2000,"sd","11:14:53",80557000
18600,-300,25000,"bu","11:14:58",80582000
18600,-300,31000,"bu","11:15:02",80613000
18600,-300,1000,"sd","11:15:04",80614000
18600,-300,30000,"sd","11:15:08",80644000
18600,-300,30000,"bu","11:15:11",80674000
18600,-300,5000,"bu","11:15:20",80679000
18600,-300,160000,"bu","11:15:30",80839000
18600,-300,200000,"sd","11:15:33",81039000
18600,-300,40000,"sd","11:15:34",81079000
18600,-300,10000,"sd","11:15:37",81089000
18600,-300,200000,"bu","11:15:38",81289000
18700,-200,2000,"bu","11:15:40",81291000
18600,-300,30000,"sd","11:15:52",81321000
18600,-300,2000,"sd","11:15:58",81323000
18600,-300,30000,"bu","11:16:10",81353000
18700,-200,1000,"sd","11:16:17",81354000
18600,-300,300000,"sd","11:16:23",81654000
18700,-200,20000,"sd","11:16:24",81674000
18600,-300,1000,"sd","11:16:27",81675000
18600,-300,10000,"sd","11:16:37",81685000
18600,-300,22000,"bu","11:16:38",81707000
18600,-300,100000,"bu","11:16:39",81807000
18600,-300,15000,"bu","11:16:40",81822000
18600,-300,10000,"bu","11:16:41",81832000
18700,-200,1000,"sd","11:16:43",81833000
18600,-300,45000,"bu","11:16:45",81878000
18600,-300,10000,"bu","11:16:51",81888000
18700,-200,1000,"bu","11:16:57",81889000
18600,-300,200000,"sd","11:17:07",82089000
18700,-200,10000,"bu","11:17:09",82099000
18600,-300,5000,"bu","11:17:14",82104000
18600,-300,141000,"bu","11:17:15",82245000
18600,-300,3000,"bu","11:17:22",82248000
18600,-300,1000,"bu","11:17:24",82249000
18600,-300,200000,"bu","11:17:37",82449000
18700,-200,10000,"bu","11:17:39",82459000
18600,-300,4000,"bu","11:17:40",82463000
18600,-300,1000,"sd","11:17:41",82464000
18600,-300,20000,"sd","11:17:57",82484000
18700,-200,13000,"sd","11:17:58",82497000
18600,-300,35000,"sd","11:17:59",82532000
18600,-300,50000,"bu","11:18:06",82582000
18600,-300,116000,"sd","11:18:08",82698000
18600,-300,10000,"sd","11:18:16",82708000
18600,-300,1000,"bu","11:18:17",82709000
18600,-300,81000,"sd","11:18:21",82790000
18600,-300,3000,"sd","11:18:24",82793000
18600,-300,160000,"bu","11:18:31",82953000
18600,-300,4000,"bu","11:18:32",82957000
18600,-300,50000,"bu","11:18:34",83007000
18600,-300,30000,"bu","11:18:39",83037000
18600,-300,105000,"bu","11:18:40",83142000
18600,-300,3000,"bu","11:18:45",83145000
18600,-300,5000,"bu","11:18:46",83150000
18600,-300,4000,"bu","11:18:54",83154000
18600,-300,10000,"bu","11:18:55",83164000
18600,-300,500000,"sd","11:18:56",83664000
18600,-300,10000,"sd","11:19:01",83674000
18600,-300,20000,"bu","11:19:02",83694000
18600,-300,65000,"sd","11:19:05",83759000
18600,-300,15000,"bu","11:19:12",83774000
18600,-300,153000,"bu","11:19:14",83927000
18600,-300,200000,"bu","11:19:16",84127000
18600,-300,22000,"sd","11:19:21",84149000
18600,-300,10000,"bu","11:19:25",84159000
18600,-300,500000,"bu","11:19:26",84659000
18600,-300,6000,"sd","11:19:28",84665000
18600,-300,3000,"bu","11:19:30",84668000
18600,-300,70000,"sd","11:19:31",84738000
18600,-300,30000,"sd","11:19:35",84768000
18600,-300,100000,"bu","11:19:37",84868000
18600,-300,20000,"sd","11:19:39",84888000
18600,-300,30000,"bu","11:19:44",84918000
18700,-200,19000,"sd","11:19:48",84937000
18600,-300,497000,"bu","11:19:51",85434000
18600,-300,3000,"bu","11:19:57",85437000
18600,-300,50000,"sd","11:19:59",85487000
18600,-300,11000,"sd","11:20:02",85498000
18700,-200,10000,"sd","11:20:06",85508000
18600,-300,30000,"bu","11:20:09",85538000
18700,-200,5000,"bu","11:20:11",85543000
18600,-300,5000,"sd","11:20:12",85548000
18600,-300,200000,"sd","11:20:17",85748000
18600,-300,100000,"bu","11:20:21",85848000
18600,-300,2000,"sd","11:20:26",85850000
18600,-300,30000,"bu","11:20:33",85880000
18600,-300,11000,"bu","11:20:41",85891000
18600,-300,13000,"bu","11:20:45",85904000
18700,-200,300000,"sd","11:20:46",86204000
18600,-300,5000,"sd","11:20:47",86209000
18700,-200,5000,"bu","11:20:50",86214000
18600,-300,30000,"bu","11:20:58",86244000
18600,-300,11000,"bu","11:21:02",86255000
18700,-200,1000,"bu","11:21:06",86256000
18600,-300,6000,"sd","11:21:11",86262000
18600,-300,30000,"sd","11:21:20",86292000
18600,-300,10000,"sd","11:21:27",86302000
18600,-300,2000,"bu","11:21:29",86304000
18700,-200,101000,"sd","11:21:38",86405000
18600,-300,4000,"bu","11:21:39",86425000
18600,-300,30000,"bu","11:21:43",86455000
18700,-200,80000,"bu","11:21:49",86535000
18600,-300,100000,"bu","11:21:52",86635000
18600,-300,18000,"sd","11:21:53",86653000
18600,-300,100000,"bu","11:21:55",86753000
18700,-200,10000,"sd","11:21:59",86763000
18700,-200,21000,"bu","11:22:02",86784000
18600,-300,15000,"sd","11:22:05",86799000
18600,-300,22000,"sd","11:22:06",86821000
18600,-300,2000,"bu","11:22:07",86823000
18600,-300,20000,"bu","11:22:08",86843000
18600,-300,5000,"bu","11:22:17",86848000
18600,-300,1000,"bu","11:22:18",86849000
18600,-300,9000,"bu","11:22:32",86858000
18700,-200,72000,"sd","11:22:45",86930000
18600,-300,2000,"sd","11:22:47",86932000
18700,-200,60000,"bu","11:23:08",86992000
18600,-300,2000,"bu","11:23:09",86994000
18700,-200,2000,"sd","11:23:13",86996000
18700,-200,58000,"sd","11:23:14",87054000
18700,-200,100000,"bu","11:23:17",87154000
18600,-300,200000,"sd","11:23:19",87354000
18600,-300,7000,"sd","11:23:22",87361000
18700,-200,100000,"bu","11:23:23",87461000
18600,-300,20000,"bu","11:23:33",87481000
18700,-200,25000,"sd","11:23:36",87506000
18700,-200,3000,"bu","11:23:41",87509000
18700,-200,25000,"bu","11:23:41",87534000
18700,-200,1000,"bu","11:23:50",87535000
18700,-200,15000,"bu","11:23:58",87550000
18700,-200,200000,"bu","11:24:00",87750000
18700,-200,36000,"bu","11:24:06",87786000
18700,-200,54000,"bu","11:24:09",87840000
18700,-200,5000,"sd","11:24:13",87845000
18700,-200,30000,"bu","11:24:16",87875000
18700,-200,551000,"sd","11:24:17",88426000
18700,-200,100000,"bu","11:24:18",88526000
18700,-200,56000,"sd","11:24:21",88582000
18700,-200,420000,"bu","11:24:24",89002000
18700,-200,10000,"bu","11:24:25",89012000
18700,-200,10000,"bu","11:24:26",89022000
18700,-200,10000,"sd","11:24:28",89032000
18700,-200,100000,"sd","11:24:30",89132000
18700,-200,5000,"sd","11:24:32",89137000
18700,-200,104000,"sd","11:24:33",89241000
18700,-200,20000,"sd","11:24:35",89261000
18700,-200,200000,"sd","11:24:37",89461000
18700,-200,100000,"sd","11:24:40",89561000
18700,-200,2000,"bu","11:24:41",89563000
18700,-200,61000,"sd","11:24:42",89624000
18700,-200,100000,"bu","11:24:43",89724000
18700,-200,84000,"sd","11:24:44",89808000
18700,-200,6000,"bu","11:24:44",89814000
18700,-200,3000,"bu","11:24:46",89817000
18700,-200,100000,"bu","11:24:49",89917000
18700,-200,10000,"sd","11:24:50",89927000
18700,-200,40000,"sd","11:24:52",89967000
18700,-200,5000,"bu","11:24:53",89972000
18700,-200,254000,"bu","11:24:54",90226000
18700,-200,4000,"sd","11:24:57",90306000
18700,-200,75000,"bu","11:24:58",90381000
18700,-200,20000,"bu","11:25:01",90401000
18700,-200,15000,"sd","11:25:02",90416000
18700,-200,5000,"bu","11:25:03",90421000
18700,-200,5000,"sd","11:25:04",90426000
18700,-200,307000,"bu","11:25:05",90733000
18700,-200,10000,"bu","11:25:06",90743000
18700,-200,386000,"bu","11:25:07",91129000
18700,-200,1000,"bu","11:25:11",91130000
18700,-200,31000,"bu","11:25:14",91161000
18800,-100,10000,"sd","11:25:24",91171000
18700,-200,150000,"bu","11:25:26",91321000
18800,-100,30000,"sd","11:25:27",91351000
18800,-100,200000,"sd","11:25:50",91551000
18800,-100,100000,"bu","11:26:01",91651000
18700,-200,10000,"sd","11:26:04",91661000
18700,-200,3000,"sd","11:26:11",91664000
18700,-200,10000,"bu","11:26:18",91674000
18800,-100,1000,"bu","11:26:35",91675000
18700,-200,20000,"sd","11:26:37",91695000
18700,-200,10000,"bu","11:26:39",91705000
18700,-200,1000,"sd","11:26:49",91706000
18700,-200,1000,"sd","11:27:29",91707000
18700,-200,1000,"sd","11:27:30",91708000
18700,-200,50000,"bu","11:27:44",91758000
18700,-200,50000,"bu","11:27:57",91808000
18700,-200,5000,"sd","11:28:04",91813000
18700,-200,30000,"sd","11:28:12",91843000
18700,-200,10000,"sd","11:28:15",91853000
18800,-100,100000,"sd","11:28:27",91953000
18700,-200,200000,"bu","11:28:28",92153000
18700,-200,20000,"sd","11:28:59",92173000
18700,-200,100000,"sd","11:29:06",92273000
18700,-200,30000,"sd","11:29:15",92303000
18700,-200,86000,"bu","11:29:36",92389000
18700,-200,40000,"sd","11:29:37",92429000
18700,-200,386000,"sd","11:30:03",92815000
18700,-200,100000,"sd","11:30:05",92915000
18700,-200,833000,"sd","13:00:01",93748000
18700,-200,929000,"sd","13:00:02",94677000
18700,-200,36000,"bu","13:00:03",94713000
18700,-200,34000,"sd","13:00:04",94747000
18700,-200,21000,"bu","13:00:05",94768000
18700,-200,150000,"sd","13:00:08",94918000
18700,-200,3000,"bu","13:00:09",94921000
18700,-200,1000,"sd","13:00:10",94922000
18700,-200,6000,"sd","13:00:11",94928000
18700,-200,2000,"bu","13:00:57",94930000
18700,-200,50000,"sd","13:01:13",94980000
18700,-200,1000,"bu","13:01:24",94981000
18700,-200,9000,"bu","13:01:34",94990000
18700,-200,29000,"bu","13:01:42",95019000
18700,-200,1000,"sd","13:01:43",95020000
18700,-200,55000,"bu","13:01:57",95075000
18700,-200,13000,"bu","13:02:01",95088000
18600,-300,5000,"sd","13:02:14",95093000
18600,-300,20000,"bu","13:02:29",95113000
18700,-200,50000,"sd","13:02:37",95163000
18700,-200,1000,"bu","13:02:41",95164000
18700,-200,4000,"bu","13:02:46",95168000
18700,-200,120000,"bu","13:02:51",95288000
18600,-300,20000,"sd","13:02:58",95308000
18700,-200,1000,"sd","13:03:12",95309000
18600,-300,1000,"sd","13:03:15",95310000
18600,-300,20000,"sd","13:03:21",95330000
18700,-200,1000,"bu","13:03:31",95331000
18700,-200,200000,"bu","13:03:40",95531000
18700,-200,5000,"sd","13:03:54",95536000
18700,-200,3000,"bu","13:03:58",95539000
18600,-300,6000,"sd","13:04:10",95545000
18700,-200,20000,"bu","13:04:12",95565000
18700,-200,6000,"sd","13:04:25",95571000
18700,-200,11000,"sd","13:04:31",95582000
18600,-300,12000,"sd","13:04:40",95594000
18700,-200,3000,"sd","13:04:42",95597000
18700,-200,5000,"sd","13:04:44",95602000
18700,-200,3000,"sd","13:04:57",95605000
18700,-200,76000,"bu","13:05:07",95681000
18700,-200,5000,"bu","13:05:10",95686000
18700,-200,1000,"bu","13:05:20",95687000
18700,-200,4000,"sd","13:05:28",95691000
18700,-200,1000,"bu","13:05:35",95692000
18700,-200,100000,"bu","13:05:47",95792000
18600,-300,15000,"sd","13:05:49",95807000
18700,-200,3000,"bu","13:06:06",95810000
18700,-200,2000,"bu","13:06:18",95812000
18700,-200,1000,"sd","13:06:30",95813000
18700,-200,20000,"sd","13:06:38",95833000
18700,-200,15000,"bu","13:06:43",95848000
18700,-200,1000,"sd","13:06:49",95849000
18700,-200,10000,"sd","13:06:50",95859000
18700,-200,5000,"sd","13:06:58",95864000
18700,-200,10000,"sd","13:07:01",95874000
18700,-200,29000,"sd","13:07:15",95903000
18600,-300,60000,"bu","13:07:22",95963000
18700,-200,50000,"bu","13:07:33",96013000
18600,-300,5000,"bu","13:07:37",96018000
18700,-200,6000,"bu","13:08:03",96024000
18700,-200,7000,"sd","13:08:11",96031000
18600,-300,5000,"sd","13:08:22",96036000
18700,-200,3000,"sd","13:08:25",96039000
18600,-300,54000,"sd","13:08:28",96093000
18700,-200,17000,"bu","13:08:37",96110000
18700,-200,660000,"sd","13:08:45",96770000
18700,-200,372000,"bu","13:09:01",97142000
18700,-200,50000,"sd","13:09:03",97192000
18700,-200,50000,"bu","13:09:10",97242000
18700,-200,50000,"bu","13:09:13",97292000
18700,-200,1000,"sd","13:09:16",97293000
18700,-200,1147000,"sd","13:09:17",98440000
18700,-200,20000,"bu","13:09:20",98460000
18700,-200,579000,"sd","13:09:25",99039000
18700,-200,2000,"sd","13:09:26",99041000
18700,-200,10000,"sd","13:09:27",99051000
18700,-200,55000,"bu","13:09:28",99106000
18700,-200,86000,"bu","13:09:29",99192000
18700,-200,64000,"bu","13:09:30",99256000
18700,-200,70000,"bu","13:09:34",99326000
18700,-200,41000,"bu","13:09:39",99367000
18700,-200,4000,"sd","13:09:42",99371000
18700,-200,15000,"sd","13:09:43",99386000
18700,-200,10000,"bu","13:09:44",99396000
18700,-200,5000,"bu","13:09:45",99401000
18700,-200,5000,"sd","13:09:47",99406000
18700,-200,20000,"bu","13:09:49",99426000
18700,-200,50000,"sd","13:09:51",99476000
18700,-200,89000,"sd","13:10:00",99565000
18700,-200,2000,"sd","13:10:02",99567000
18700,-200,330000,"sd","13:10:04",99897000
18800,-100,7000,"bu","13:11:14",99904000
18800,-100,6000,"sd","13:12:01",99910000
18700,-200,36000,"bu","13:12:21",99946000
18800,-100,1000,"bu","13:12:27",99947000
18800,-100,100000,"bu","13:12:38",100047000
18800,-100,8000,"sd","13:13:09",100055000
18800,-100,6000,"sd","13:13:10",100061000
18800,-100,20000,"sd","13:13:16",100081000
18700,-200,1000,"bu","13:13:44",100082000
18800,-100,1000,"bu","13:13:53",100083000
18700,-200,100000,"sd","13:14:04",100183000
18700,-200,2000,"sd","13:14:20",100185000
18700,-200,32000,"bu","13:14:40",100217000
18800,-100,50000,"sd","13:15:08",100267000
18800,-100,36000,"sd","13:16:28",100303000
18800,-100,191000,"bu","13:17:32",100494000
18800,-100,35000,"sd","13:17:48",100529000
18800,-100,10000,"sd","13:18:17",100539000
18800,-100,20000,"sd","13:18:51",100559000
18800,-100,6000,"bu","13:18:55",100565000
18700,-200,11000,"sd","13:19:06",100576000
18700,-200,3000,"sd","13:19:09",100579000
18700,-200,20000,"sd","13:19:34",100599000
18700,-200,10000,"sd","13:19:35",100609000
18700,-200,20000,"bu","13:20:01",100629000
18700,-200,15000,"bu","13:20:48",100644000
18700,-200,10000,"sd","13:20:51",100654000
18700,-200,80000,"sd","13:20:55",100734000
18700,-200,15000,"bu","13:21:02",100749000
18700,-200,20000,"sd","13:21:10",100769000
18700,-200,100000,"bu","13:21:16",100869000
18700,-200,4000,"bu","13:21:20",100873000
18700,-200,1000,"sd","13:21:23",100874000
18700,-200,10000,"bu","13:21:35",100884000
18700,-200,60000,"sd","13:21:36",100944000
18700,-200,500000,"sd","13:21:42",101444000
18700,-200,180000,"sd","13:21:49",101624000
18800,-100,5000,"bu","13:21:54",101629000
18700,-200,1000,"bu","13:22:04",101630000
18800,-100,51000,"bu","13:22:09",101681000
18700,-200,3000,"bu","13:22:57",101684000
18700,-200,2512000,"bu","13:23:11",104196000
18700,-200,51000,"sd","13:23:24",104247000
18700,-200,42000,"bu","13:23:37",104289000
18700,-200,46000,"bu","13:23:39",104335000
18700,-200,27000,"sd","13:23:55",104362000
18700,-200,11000,"bu","13:24:02",104373000
18700,-200,82000,"sd","13:24:11",104455000
18700,-200,20000,"bu","13:24:12",104475000
18700,-200,300000,"sd","13:24:18",104775000
18700,-200,200000,"sd","13:24:19",104975000
18700,-200,5000,"bu","13:24:25",104980000
18700,-200,1000,"sd","13:24:27",104981000
18700,-200,36000,"bu","13:24:30",105017000
18700,-200,2000,"sd","13:24:31",105019000
18700,-200,10000,"sd","13:24:34",105029000
18700,-200,6000,"sd","13:24:40",105035000
18600,-300,55000,"sd","13:24:41",105090000
18700,-200,1500000,"sd","13:24:45",106590000
18700,-200,10000,"sd","13:24:52",106600000
18700,-200,100000,"sd","13:24:54",106700000
18700,-200,7000,"sd","13:24:55",106707000
18700,-200,155000,"bu","13:25:09",106862000
18700,-200,4000,"sd","13:25:10",106866000
18700,-200,43000,"bu","13:25:22",106909000
18700,-200,2000,"sd","13:25:25",106911000
18700,-200,50000,"sd","13:25:33",106961000
18700,-200,50000,"sd","13:25:34",107011000
18700,-200,10000,"sd","13:25:43",107021000
18700,-200,7000,"bu","13:25:44",107028000
18700,-200,5000,"sd","13:25:58",107033000
18700,-200,15000,"bu","13:26:13",107048000
18700,-200,20000,"sd","13:26:18",107068000
18700,-200,10000,"bu","13:26:32",107078000
18700,-200,7000,"bu","13:27:25",107085000
18700,-200,117000,"bu","13:27:45",107202000
18700,-200,5000,"bu","13:28:03",107207000
18700,-200,10000,"bu","13:28:27",107217000
18700,-200,9000,"sd","13:28:40",107226000
18700,-200,80000,"sd","13:29:08",107306000
18700,-200,3000,"sd","13:29:14",107309000
18800,-100,1000,"bu","13:29:49",107310000
18700,-200,20000,"bu","13:30:17",107330000
18700,-200,6000,"sd","13:30:26",107336000
18700,-200,25000,"sd","13:31:28",107361000
18700,-200,3000,"bu","13:31:58",107364000
18700,-200,10000,"bu","13:33:19",107374000
18700,-200,1000,"bu","13:33:27",107375000
18700,-200,250000,"sd","13:33:47",107625000
18800,-100,3000,"sd","13:33:48",107628000
18800,-100,2000,"bu","13:33:50",107630000
18800,-100,1000,"bu","13:34:06",107631000
18700,-200,2000,"bu","13:34:29",107633000
18700,-200,40000,"bu","13:35:04",107673000
18800,-100,10000,"bu","13:35:06",107683000
18700,-200,35000,"sd","13:35:23",107718000
18700,-200,10000,"bu","13:35:37",107728000
18700,-200,30000,"sd","13:35:39",107758000
18700,-200,6000,"sd","13:35:55",107764000
18700,-200,2000,"sd","13:35:57",107766000
18700,-200,104000,"bu","13:36:20",107870000
18700,-200,200000,"sd","13:36:24",108070000
18700,-200,30000,"bu","13:36:39",108100000
18700,-200,12000,"sd","13:36:45",108112000
18700,-200,19000,"sd","13:36:48",108131000
18700,-200,30000,"bu","13:37:01",108161000
18700,-200,10000,"bu","13:37:03",108171000
18700,-200,1775000,"bu","13:37:19",109946000
18700,-200,4000,"sd","13:37:21",109950000
18700,-200,4000,"sd","13:37:21",109950000
18700,-200,2000,"bu","13:37:26",109952000
18700,-200,13000,"bu","13:37:35",109965000
18700,-200,2000,"bu","13:37:37",109967000
18700,-200,41000,"sd","13:38:22",110008000
18600,-300,14000,"bu","13:38:27",110022000
18700,-200,10000,"bu","13:39:04",110032000
18700,-200,55000,"sd","13:39:21",110087000
18700,-200,37000,"bu","13:39:35",110124000
18700,-200,13000,"sd","13:39:55",110137000
18600,-300,50000,"bu","13:40:02",110187000
18600,-300,50000,"bu","13:40:17",110237000
18600,-300,1000,"bu","13:40:34",110238000
18700,-200,5000,"bu","13:40:35",110243000
18700,-200,30000,"bu","13:40:41",110273000
18700,-200,3000,"sd","13:40:56",110276000
18700,-200,3000,"bu","13:40:59",110279000
18600,-300,16000,"sd","13:41:52",110295000
18700,-200,10000,"sd","13:41:53",110305000
18700,-200,10000,"sd","13:41:54",110315000
18700,-200,10000,"sd","13:42:19",110325000
18700,-200,10000,"sd","13:42:33",110335000
18700,-200,18000,"sd","13:42:46",110353000
18700,-200,1000,"bu","13:42:50",110354000
18700,-200,2000,"bu","13:42:58",110356000
18700,-200,52000,"bu","13:43:26",110408000
18700,-200,1000,"bu","13:43:37",110409000
18700,-200,2000,"bu","13:43:43",110411000
18600,-300,18000,"bu","13:44:02",110429000
18700,-200,7000,"sd","13:44:17",110436000
18600,-300,80000,"bu","13:44:18",110516000
18700,-200,2000,"sd","13:44:20",110518000
18700,-200,4000,"sd","13:44:34",110522000
18700,-200,201000,"sd","13:44:42",110723000
18700,-200,10000,"bu","13:44:44",110733000
18700,-200,20000,"bu","13:44:47",110753000
18700,-200,100000,"sd","13:44:54",110853000
18700,-200,501000,"bu","13:45:03",111354000
18700,-200,1000,"bu","13:45:04",111355000
18700,-200,5000,"bu","13:45:05",111360000
18700,-200,146000,"bu","13:45:13",111506000
18700,-200,10000,"sd","13:45:15",111516000
18700,-200,39000,"sd","13:45:17",111555000
18700,-200,1000,"sd","13:45:18",111556000
18700,-200,16000,"bu","13:45:21",111572000
18700,-200,1000,"bu","13:45:25",111573000
18700,-200,51000,"bu","13:46:01",111624000
18700,-200,3000,"sd","13:46:09",111627000
18700,-200,4000,"sd","13:46:10",111631000
18600,-300,2000,"sd","13:46:21",111633000
18700,-200,54000,"sd","13:46:36",111687000
18700,-200,160000,"bu","13:46:46",111847000
18700,-200,6000,"sd","13:46:47",111853000
18700,-200,5000,"bu","13:47:01",111858000
18700,-200,72000,"bu","13:47:37",111930000
18700,-200,3000,"sd","13:47:47",111933000
18700,-200,20000,"bu","13:47:49",111953000
18700,-200,7000,"bu","13:48:06",111960000
18700,-200,9000,"bu","13:48:12",111969000
18700,-200,10000,"sd","13:48:15",111979000
18700,-200,50000,"bu","13:48:18",112029000
18700,-200,3000,"bu","13:48:20",112032000
18600,-300,1000,"bu","13:48:35",112033000
18600,-300,420000,"sd","13:49:05",112453000
18600,-300,30000,"sd","13:49:07",112483000
18600,-300,70000,"bu","13:49:09",112553000
18600,-300,2000,"sd","13:49:15",112555000
18600,-300,5000,"bu","13:49:22",112560000
18600,-300,6000,"sd","13:49:30",112566000
18600,-300,20000,"bu","13:49:37",112586000
18600,-300,105000,"bu","13:49:40",112691000
18600,-300,200000,"sd","13:49:50",112891000
18600,-300,21000,"sd","13:50:09",112912000
18600,-300,50000,"sd","13:50:22",112962000
18700,-200,1000,"bu","13:50:27",112963000
18600,-300,1000,"bu","13:50:28",112964000
18600,-300,253000,"bu","13:50:37",113217000
18700,-200,5000,"bu","13:50:56",113222000
18600,-300,57000,"bu","13:51:17",113279000
18700,-200,18000,"sd","13:51:19",113297000
18700,-200,23000,"bu","13:51:40",113320000
18700,-200,1000,"sd","13:51:42",113321000
18700,-200,50000,"sd","13:51:44",113371000
18700,-200,2000,"sd","13:51:45",113373000
18700,-200,2000,"bu","13:51:48",113375000
18700,-200,6000,"bu","13:52:07",113381000
18700,-200,80000,"sd","13:52:14",113461000
18700,-200,10000,"sd","13:52:17",113471000
18700,-200,50000,"bu","13:52:21",113521000
18700,-200,50000,"bu","13:52:22",113571000
18700,-200,29000,"bu","13:52:25",113600000
18700,-200,330000,"bu","13:52:34",113930000
18700,-200,331000,"sd","13:52:42",114261000
18700,-200,50000,"bu","13:52:43",114311000
18700,-200,50000,"sd","13:52:44",114361000
18700,-200,2000,"sd","13:52:48",114363000
18700,-200,55000,"bu","13:52:51",114418000
18700,-200,57000,"sd","13:52:53",114475000
18700,-200,2000,"sd","13:52:56",114477000
18700,-200,1000,"sd","13:52:57",114478000
18700,-200,50000,"sd","13:53:00",114528000
18700,-200,100000,"sd","13:53:05",114628000
18700,-200,65000,"bu","13:53:06",114693000
18700,-200,57000,"bu","13:53:07",114750000
18700,-200,34000,"bu","13:53:09",114784000
18700,-200,260000,"bu","13:53:12",115044000
18700,-200,10000,"bu","13:53:13",115054000
18700,-200,10000,"sd","13:53:14",115064000
18700,-200,120000,"bu","13:53:16",115184000
18700,-200,20000,"sd","13:53:17",115204000
18700,-200,101000,"bu","13:53:19",115305000
18700,-200,18000,"sd","13:53:21",115323000
18700,-200,15000,"bu","13:53:22",115338000
18700,-200,1000,"bu","13:53:23",115339000
18700,-200,10000,"bu","13:53:25",115349000
18700,-200,10000,"bu","13:53:26",115359000
18700,-200,40000,"bu","13:53:46",115399000
18700,-200,190000,"sd","13:53:51",115589000
18700,-200,10000,"bu","13:53:52",115599000
18700,-200,100000,"bu","13:53:53",115699000
18700,-200,42000,"bu","13:53:54",115741000
18700,-200,80000,"bu","13:53:56",115821000
18700,-200,20000,"sd","13:54:02",115841000
18700,-200,2000,"bu","13:54:03",115843000
18700,-200,62000,"sd","13:54:04",115905000
18700,-200,3000,"sd","13:54:06",115908000
18700,-200,50000,"bu","13:54:07",115958000
18700,-200,118000,"bu","13:54:11",116076000
18700,-200,10000,"bu","13:54:12",116086000
18700,-200,46000,"bu","13:54:22",116132000
18700,-200,4000,"sd","13:54:27",116136000
18700,-200,58000,"bu","13:54:29",116194000
18700,-200,50000,"sd","13:54:37",116244000
18700,-200,15000,"sd","13:54:55",116259000
18800,-100,135000,"sd","13:55:55",116394000
18800,-100,1000,"sd","13:56:08",116395000
18800,-100,280000,"bu","13:56:22",116675000
18800,-100,20000,"sd","13:56:36",116695000
18700,-200,25000,"bu","13:57:00",116720000
18700,-200,69000,"sd","13:57:23",116789000
18700,-200,135000,"bu","13:58:01",116924000
18800,-100,1000,"bu","13:58:10",116925000
18800,-100,1000,"sd","13:58:38",116926000
18700,-200,31000,"bu","13:58:54",116957000
18700,-200,55000,"sd","13:59:44",117012000
18700,-200,115000,"bu","13:59:53",117127000
18800,-100,5000,"sd","14:00:55",117132000
18700,-200,20000,"sd","14:01:13",117152000
18700,-200,6000,"sd","14:02:43",117158000
18800,-100,138000,"bu","14:02:55",117296000
18800,-100,9000,"bu","14:03:08",117305000
18800,-100,1000,"bu","14:03:13",117306000
18800,-100,113000,"bu","14:04:03",117419000
18700,-200,6000,"bu","14:04:13",117425000
18800,-100,5000,"bu","14:04:15",117430000
18800,-100,23000,"sd","14:04:41",117453000
18700,-200,100000,"bu","14:05:02",117553000
18700,-200,28000,"sd","14:05:18",117581000
18700,-200,4000,"bu","14:05:36",117585000
18700,-200,37000,"bu","14:05:47",117622000
18700,-200,2000,"sd","14:06:03",117624000
18700,-200,6000,"sd","14:06:25",117630000
18700,-200,1000,"bu","14:06:31",117631000
18700,-200,4000,"bu","14:06:41",117635000
18700,-200,30000,"sd","14:06:52",117665000
18700,-200,50000,"bu","14:06:55",117715000
18700,-200,9000,"bu","14:07:07",117724000
18700,-200,26000,"bu","14:07:11",117750000
18700,-200,10000,"sd","14:07:28",117760000
18700,-200,15000,"bu","14:07:30",117775000
18700,-200,10000,"bu","14:08:01",117785000
18700,-200,11000,"sd","14:08:03",117796000
18700,-200,1000,"bu","14:08:04",117797000
18700,-200,105000,"sd","14:08:33",117902000
18700,-200,2000,"sd","14:08:43",117904000
18800,-100,25000,"bu","14:08:53",117929000
18700,-200,147000,"bu","14:08:58",118076000
18700,-200,4000,"bu","14:08:59",118080000
18700,-200,20000,"sd","14:09:25",118100000
18700,-200,40000,"sd","14:10:45",118140000
18700,-200,50000,"bu","14:10:53",118190000
18700,-200,1000,"bu","14:11:29",118191000
18800,-100,5000,"bu","14:11:38",118196000
18700,-200,25000,"bu","14:11:44",118221000
18700,-200,350000,"bu","14:11:51",118571000
18800,-100,1000,"sd","14:12:01",118572000
18800,-100,1000,"bu","14:12:09",118573000
18800,-100,1000,"sd","14:12:18",118574000
18800,-100,3000,"bu","14:12:25",118577000
18700,-200,79000,"bu","14:12:34",118656000
18700,-200,3000,"sd","14:12:50",118659000
18700,-200,40000,"bu","14:12:56",118699000
18700,-200,1000,"bu","14:13:01",118700000
18700,-200,2000,"bu","14:13:02",118702000
18700,-200,64000,"sd","14:13:04",118766000
18700,-200,30000,"bu","14:13:17",118796000
18700,-200,22000,"sd","14:13:27",118818000
18700,-200,20000,"sd","14:13:28",118838000
18700,-200,10000,"bu","14:13:32",118848000
18800,-100,20000,"bu","14:13:34",118868000
18800,-100,1000,"bu","14:14:01",118869000
18700,-200,160000,"bu","14:14:25",119029000
18700,-200,5000,"sd","14:14:55",119034000
18700,-200,38000,"bu","14:14:56",119072000
18700,-200,1550000,"bu","14:15:11",120622000
18700,-200,139000,"bu","14:15:36",120761000
18700,-200,10000,"sd","14:15:45",120771000
18700,-200,25000,"sd","14:15:49",120796000
18700,-200,20000,"sd","14:15:50",120816000
18700,-200,11000,"sd","14:15:54",120827000
18700,-200,102000,"bu","14:15:57",120929000
18800,-100,1000,"bu","14:15:58",120930000
18800,-100,1000,"bu","14:15:59",120931000
18700,-200,100000,"sd","14:16:03",121031000
18700,-200,2000,"bu","14:16:07",121033000
18700,-200,3000,"sd","14:16:18",121036000
18700,-200,15000,"sd","14:16:20",121051000
18700,-200,230000,"sd","14:16:24",121281000
18700,-200,30000,"bu","14:16:29",121311000
18700,-200,1000,"bu","14:16:35",121312000
18800,-100,1000,"sd","14:16:40",121313000
18700,-200,10000,"sd","14:16:41",121323000
18700,-200,30000,"sd","14:16:42",121353000
18800,-100,50000,"sd","14:16:45",121403000
18700,-200,1000,"bu","14:16:54",121440000
18700,-200,10000,"sd","14:17:00",121450000
18800,-100,25000,"bu","14:17:20",121475000
18700,-200,68000,"bu","14:17:21",121543000
18700,-200,120000,"bu","14:17:28",121663000
18700,-200,50000,"sd","14:17:37",121713000
18700,-200,6000,"bu","14:17:56",121719000
18800,-100,2000,"bu","14:17:59",121721000
18700,-200,195000,"bu","14:18:04",121916000
18700,-200,40000,"bu","14:18:17",121956000
18700,-200,218000,"sd","14:18:23",122174000
18700,-200,20000,"sd","14:18:24",122194000
18700,-200,1000,"sd","14:18:40",122195000
18700,-200,26000,"sd","14:18:50",122221000
18700,-200,10000,"sd","14:18:56",122231000
18700,-200,53000,"bu","14:19:05",122284000
18700,-200,49000,"sd","14:19:11",122333000
18700,-200,9000,"bu","14:19:20",122342000
18700,-200,20000,"sd","14:19:28",122362000
18700,-200,5000,"bu","14:19:31",122367000
18600,-300,2000,"bu","14:19:39",122369000
18700,-200,25000,"sd","14:19:44",122394000
18700,-200,5000,"sd","14:19:45",122399000
18700,-200,4000,"bu","14:19:57",122403000
18700,-200,49000,"sd","14:20:37",122452000
18700,-200,1000,"sd","14:20:40",122453000
18700,-200,5000,"bu","14:20:43",122458000
18700,-200,30000,"bu","14:20:52",122488000
18700,-200,2000,"bu","14:20:53",122490000
18700,-200,5000,"sd","14:20:54",122495000
18600,-300,12000,"bu","14:21:06",122507000
18600,-300,1000,"sd","14:21:15",122508000
18700,-200,2000,"sd","14:21:17",122510000
18700,-200,1000,"sd","14:21:20",122511000
18700,-200,5000,"bu","14:21:23",122516000
18700,-200,54000,"sd","14:21:34",122570000
18700,-200,3000,"sd","14:21:38",122573000
18600,-300,154000,"bu","14:21:40",122727000
18700,-200,50000,"bu","14:21:51",122777000
18700,-200,1000,"bu","14:22:00",122778000
18600,-300,160000,"sd","14:22:05",122938000
18700,-200,30000,"bu","14:22:06",122968000
18600,-300,10000,"sd","14:22:13",122978000
18700,-200,2000,"sd","14:22:20",122980000
18600,-300,200000,"bu","14:22:25",123180000
18700,-200,1000,"sd","14:22:40",123181000
18600,-300,200000,"sd","14:22:58",123381000
18600,-300,10000,"bu","14:23:08",123391000
18600,-300,15000,"bu","14:23:11",123406000
18700,-200,301000,"sd","14:23:19",123707000
18700,-200,1000,"bu","14:23:20",123708000
18600,-300,6000,"bu","14:23:26",123714000
18600,-300,2000,"bu","14:23:39",123716000
18600,-300,4000,"bu","14:23:51",123720000
18700,-200,2000,"bu","14:23:53",123722000
18700,-200,1000,"sd","14:24:00",123723000
18700,-200,300000,"bu","14:24:02",124023000
18700,-200,1000,"sd","14:24:04",124024000
18600,-300,241000,"bu","14:24:06",124265000
18600,-300,4000000,"bu","14:24:09",128265000
18600,-300,2000,"bu","14:24:10",128267000
18600,-300,200000,"sd","14:24:18",128467000
18600,-300,117000,"sd","14:24:20",128584000
18700,-200,5000,"sd","14:24:21",128589000
18600,-300,20000,"sd","14:24:24",128609000
18600,-300,15000,"bu","14:24:26",128624000
18700,-200,5000,"sd","14:24:28",128629000
18600,-300,9500000,"bu","14:24:31",138129000
18600,-300,106000,"bu","14:24:35",138235000
18600,-300,224000,"sd","14:24:37",138459000
18600,-300,1000,"sd","14:24:39",138460000
18700,-200,201000,"bu","14:24:40",138661000
18600,-300,10000,"sd","14:24:41",138671000
18600,-300,50000,"sd","14:24:42",138721000
18600,-300,124000,"sd","14:24:43",138845000
18600,-300,10000,"sd","14:24:44",138855000
18600,-300,15000,"sd","14:24:45",138870000
18600,-300,241000,"bu","14:24:46",139111000
18600,-300,266000,"bu","14:24:47",139377000
18600,-300,200000,"sd","14:24:48",139577000
18600,-300,7000,"sd","14:24:49",139584000
18600,-300,256000,"bu","14:24:53",139840000
18600,-300,13000,"bu","14:24:57",139853000
18600,-300,3000,"sd","14:25:00",139856000
18600,-300,20000,"bu","14:25:02",139876000
18600,-300,2000,"bu","14:25:05",139878000
18600,-300,18000,"bu","14:25:06",139896000
18500,-400,50000,"bu","14:25:12",139946000
18600,-300,11000,"sd","14:25:13",139957000
18600,-300,110000,"bu","14:25:17",140067000
18500,-400,20000,"bu","14:25:18",140087000
18600,-300,1000,"sd","14:25:21",140088000
18600,-300,60000,"bu","14:25:23",140148000
18600,-300,10000,"bu","14:25:25",140158000
18600,-300,10000,"sd","14:25:33",140168000
18500,-400,20000,"bu","14:25:37",140188000
18600,-300,2000,"sd","14:25:38",140190000
18600,-300,2000,"bu","14:25:42",140192000
18500,-400,27000,"bu","14:25:46",140219000
18500,-400,90000,"bu","14:25:48",140309000
18500,-400,1002000,"sd","14:25:52",141311000
18600,-300,20000,"bu","14:25:58",141331000
18600,-300,114000,"sd","14:25:59",141445000
18500,-400,200000,"sd","14:26:00",141645000
18600,-300,101000,"bu","14:26:01",141746000
18500,-400,193000,"bu","14:26:03",141939000
18600,-300,1000,"bu","14:26:05",141940000
18600,-300,1000,"bu","14:26:06",141941000
18600,-300,1000000,"sd","14:26:07",142941000
18500,-400,20000,"sd","14:26:11",142961000
18500,-400,5000,"sd","14:26:14",142966000
18500,-400,30000,"sd","14:26:16",142996000
18600,-300,10000,"bu","14:26:21",143006000
18500,-400,10000,"sd","14:26:25",143016000
18500,-400,1000,"bu","14:26:28",143017000
18500,-400,21000,"bu","14:26:29",143038000
18500,-400,64000,"bu","14:26:35",143102000
18600,-300,10000,"sd","14:26:36",143112000
18500,-400,70000,"bu","14:26:38",143182000
18500,-400,21000,"sd","14:26:41",143203000
18500,-400,50000,"sd","14:26:43",143253000
18500,-400,250000,"bu","14:26:45",143503000
18500,-400,230000,"sd","14:26:46",143733000
18500,-400,200000,"bu","14:26:47",143933000
18500,-400,5000,"bu","14:26:49",143938000
18500,-400,6000,"sd","14:26:50",143944000
18500,-400,5000,"sd","14:26:52",143949000
18500,-400,140000,"sd","14:26:55",144089000
18500,-400,74000,"sd","14:26:56",144163000
18500,-400,450000,"bu","14:26:57",144613000
18500,-400,2000,"bu","14:26:58",144615000
18500,-400,15000,"bu","14:27:00",144630000
18500,-400,23000,"bu","14:27:01",144653000
18500,-400,22000,"sd","14:27:02",144675000
18500,-400,2013000,"bu","14:27:04",146688000
18500,-400,15000,"sd","14:27:09",146703000
18500,-400,66000,"bu","14:27:10",146769000
18500,-400,21000,"bu","14:27:12",146790000
18500,-400,5000000,"bu","14:27:13",151790000
18500,-400,10000,"sd","14:27:16",151800000
18500,-400,269000,"sd","14:27:17",152069000
18500,-400,11000,"bu","14:27:18",152080000
18500,-400,1110000,"bu","14:27:19",153190000
18500,-400,195000,"bu","14:27:20",153385000
18600,-300,1000,"sd","14:27:21",153386000
18500,-400,95000,"bu","14:27:22",153481000
18500,-400,2016000,"bu","14:27:24",155497000
18500,-400,10000,"sd","14:27:25",155507000
18500,-400,1040000,"sd","14:27:26",156547000
18500,-400,245000,"bu","14:27:27",156792000
18500,-400,1036000,"bu","14:27:28",157828000
18500,-400,167000,"sd","14:27:29",157995000
18500,-400,74000,"bu","14:27:30",158069000
18500,-400,31000,"sd","14:27:31",158100000
18500,-400,10000,"bu","14:27:32",158110000
18500,-400,2000,"bu","14:27:33",158112000
18500,-400,74000,"bu","14:27:34",158186000
18500,-400,58000,"sd","14:27:35",158244000
18500,-400,2000,"bu","14:27:36",158246000
18500,-400,56000,"sd","14:27:38",158302000
18500,-400,86000,"bu","14:27:39",158388000
18500,-400,4000,"sd","14:27:40",158392000
18500,-400,5000,"sd","14:27:41",158397000
18500,-400,10000,"sd","14:27:42",158407000
18500,-400,30000,"sd","14:27:43",158437000
18500,-400,1000,"sd","14:27:44",158438000
18500,-400,131000,"sd","14:27:45",158569000
18400,-500,20000,"bu","14:27:46",158589000
18500,-400,11000,"bu","14:27:47",158600000
18400,-500,50000,"bu","14:27:48",158650000
18500,-400,52000,"bu","14:27:49",158702000
18500,-400,8000,"sd","14:27:50",158710000
18500,-400,1000,"bu","14:27:51",158711000
18500,-400,41000,"sd","14:27:52",158752000
18500,-400,40000,"sd","14:27:54",158792000
18500,-400,20000,"bu","14:27:55",158812000
18500,-400,37000,"bu","14:27:56",158849000
18500,-400,13000,"bu","14:27:57",158862000
18500,-400,10000,"sd","14:27:58",158872000
18500,-400,13000,"bu","14:27:59",158885000
18500,-400,25000,"sd","14:28:00",158910000
18500,-400,12000,"bu","14:28:01",158922000
18500,-400,110000,"bu","14:28:02",159032000
18500,-400,5000,"bu","14:28:03",159037000
18500,-400,133000,"bu","14:28:04",159170000
18500,-400,121000,"bu","14:28:05",159291000
18500,-400,6000,"bu","14:28:07",159297000
18500,-400,62000,"bu","14:28:08",159359000
18500,-400,20000,"sd","14:28:09",159379000
18500,-400,3000,"sd","14:28:11",159382000
18500,-400,41000,"bu","14:28:12",159423000
18500,-400,11000,"bu","14:28:13",159434000
18500,-400,54000,"bu","14:28:14",159488000
18500,-400,37000,"bu","14:28:15",159525000
18500,-400,40000,"sd","14:28:16",159565000
18500,-400,8000,"sd","14:28:17",159573000
18500,-400,235000,"sd","14:28:18",159808000
18500,-400,1034000,"sd","14:28:19",160842000
18500,-400,42000,"bu","14:28:30",160884000
18500,-400,10000,"sd","14:28:32",160894000
18500,-400,85000,"sd","14:28:33",160979000
18500,-400,2000,"sd","14:28:36",160981000
18500,-400,123000,"bu","14:28:41",161104000
18600,-300,23000,"bu","14:28:44",161127000
18600,-300,28000,"bu","14:28:46",161155000
18500,-400,109000,"sd","14:29:01",161264000
18600,-300,20000,"sd","14:29:05",161284000
18600,-300,62000,"bu","14:29:06",161346000
18600,-300,1000,"bu","14:29:08",161347000
18600,-300,20000,"bu","14:29:09",161367000
18600,-300,20000,"bu","14:29:10",161387000
18600,-300,14000,"bu","14:29:14",161401000
18600,-300,10000,"bu","14:29:15",161411000
18600,-300,20000,"sd","14:29:16",161431000
18500,-400,200000,"bu","14:29:17",161631000
18600,-300,58000,"sd","14:29:19",161689000
18500,-400,20000,"bu","14:29:22",161709000
18600,-300,100000,"bu","14:29:24",161809000
18500,-400,21000,"bu","14:29:25",161830000
18600,-300,2000,"bu","14:29:26",161832000
18600,-300,82000,"sd","14:29:28",161914000
18600,-300,22000,"sd","14:29:29",161936000
18500,-400,110000,"bu","14:29:30",162046000
18500,-400,1000,"sd","14:29:31",162047000
18500,-400,18000,"sd","14:29:32",162065000
18600,-300,113000,"bu","14:29:33",162178000
18500,-400,6000,"sd","14:29:34",162184000
18600,-300,1000,"bu","14:29:35",162185000
18600,-300,669000,"bu","14:29:37",162854000
18600,-300,23000,"bu","14:29:38",162877000
18600,-300,16000,"sd","14:29:39",162893000
18500,-400,3000,"sd","14:29:40",162896000
18600,-300,2000,"bu","14:29:42",162898000
18600,-300,30000,"bu","14:29:43",162928000
18600,-300,55000,"bu","14:29:44",162983000
18500,-400,5000,"bu","14:29:46",162988000
18600,-300,206000,"sd","14:29:48",163194000
18600,-300,26000,"sd","14:29:50",163220000
18500,-400,95000,"bu","14:29:51",163315000
18600,-300,500000,"bu","14:29:53",163815000
18500,-400,25000,"sd","14:29:54",163840000
18600,-300,26000,"bu","14:29:55",163866000
18500,-400,20000,"bu","14:29:56",163886000
18500,-400,40000,"bu","14:29:59",163926000
18600,-300,204000,"sd","14:30:00",164130000
18600,-300,10000,"sd","14:30:01",164140000
18500,-400,8050000,"bu","14:45:03",172190000
18500,-400,25000,"sd","14:46:27",172215000
18500,-400,5000,"bu","14:46:30",172220000
