"price","change","match_qtty","side","time","total_vol"
65400.00000000001,1800,7300,"sd","09:15:10",7300
65099.99999999999,1500,200,"sd","09:15:37",7500
65000,1400,1000,"bu","09:15:56",8500
65500,1900,4100,"sd","09:15:58",12600
65000,1400,300,"sd","09:17:03",12900
65000,1400,500,"bu","09:18:54",13400
65000,1400,100,"bu","09:19:19",13500
65500,1900,1500,"bu","09:19:26",15000
65500,1900,200,"bu","09:19:35",15200
65500,1900,3200,"sd","09:20:02",18400
65500,1900,100,"sd","09:20:04",18500
65500,1900,300,"sd","09:20:22",18800
65500,1900,900,"bu","09:20:23",19700
65500,1900,100,"bu","09:20:57",19800
65500,1900,2200,"bu","09:21:22",22000
65500,1900,1000,"bu","09:21:25",23000
65900,2300,1100,"sd","09:22:18",24100
66000,2400,2000,"bu","09:23:21",26100
66000,2400,4500,"bu","09:23:22",30600
65500,1900,200,"bu","09:24:06",30800
65500,1900,1800,"sd","09:24:46",32600
65200,1600,200,"sd","09:27:27",32800
65000,1400,200,"bu","09:28:06",33000
65000,1400,6000,"bu","09:28:30",39000
65000,1400,100,"bu","09:28:37",39100
65000,1400,2000,"sd","09:28:38",41100
65000,1400,100,"sd","09:28:41",41200
64800,1200,700,"bu","09:31:23",41900
64800,1200,1300,"bu","09:32:04",43200
64800,1200,200,"bu","09:33:07",43400
65000,1400,500,"bu","09:33:48",43900
64800,1200,3600,"bu","09:34:03",47500
64700,1100,100,"bu","09:35:28",47600
64599.99999999999,1000,1000,"sd","09:36:40",48600
64599.99999999999,1000,100,"bu","09:37:23",48700
64500,900,400,"bu","09:38:09",49100
64800,1200,500,"sd","09:38:14",49600
64800,1200,100,"sd","09:38:32",49700
64800,1200,400,"sd","09:41:45",50100
64200,600,200,"sd","09:42:09",50300
65000,1400,2000,"sd","09:46:08",52300
65000,1400,200,"sd","09:46:27",52500
65000,1400,100,"bu","09:46:39",52600
65000,1400,200,"sd","09:47:07",52800
65000,1400,300,"bu","09:51:10",53100
65400.00000000001,1800,5500,"bu","09:57:54",58600
65099.99999999999,1500,200,"sd","09:58:48",58800
64700,1100,100,"sd","10:00:11",58900
65000,1400,600,"sd","10:02:07",59500
65000,1400,1000,"bu","10:02:19",60500
65000,1400,600,"sd","10:03:47",61100
65000,1400,800,"bu","10:03:59",61900
64700,1100,100,"bu","10:04:42",62000
65000,1400,3600,"sd","10:06:38",65600
65000,1400,100,"sd","10:08:39",65700
65000,1400,200,"sd","10:09:13",65900
65000,1400,100,"bu","10:10:49",66000
65099.99999999999,1500,200,"bu","10:11:31",66200
64700,1100,300,"bu","10:13:43",66500
64700,1100,500,"sd","10:17:41",67000
64700,1100,200,"bu","10:18:14",67200
64700,1100,100,"sd","10:21:59",67300
64599.99999999999,1000,700,"bu","10:23:50",68000
64800,1200,4000,"bu","10:24:54",72000
64500,900,5000,"bu","10:25:53",77000
64500,900,200,"bu","10:27:16",77200
64500,900,1200,"bu","10:31:31",78400
64500,900,100,"bu","10:31:45",78500
64800,1200,500,"bu","10:36:03",79000
64500,900,200,"sd","10:36:16",79200
64800,1200,100,"sd","10:37:02",79300
64500,900,300,"sd","10:45:18",79600
64500,900,100,"bu","10:48:48",79700
64599.99999999999,1000,300,"bu","10:54:22",80000
64599.99999999999,1000,500,"sd","10:55:35",80500
64599.99999999999,1000,500,"bu","10:56:20",81000
64500,900,3000,"bu","10:57:01",84000
64500,900,4000,"bu","10:58:08",88000
64400.00000000001,800,200,"sd","10:58:50",88200
64400.00000000001,800,200,"sd","10:59:18",88400
64300,700,1000,"sd","10:59:55",89400
64300,700,500,"sd","11:00:05",89900
64300,700,200,"bu","11:00:51",90100
64300,700,1000,"bu","11:00:56",91100
64300,700,300,"bu","11:01:56",91400
64300,700,500,"bu","11:02:14",91900
64300,700,200,"sd","11:02:17",92100
64300,700,100,"bu","11:03:22",92200
64300,700,600,"bu","11:04:02",92800
64300,700,100,"sd","11:04:19",92900
64300,700,400,"bu","11:04:41",93300
64300,700,500,"bu","11:06:39",93800
64300,700,200,"bu","11:07:53",94000
64300,700,500,"bu","11:08:38",94500
64300,700,100,"bu","11:09:54",94600
64300,700,2000,"sd","11:10:08",96600
64200,600,200,"bu","11:10:42",96800
64300,700,300,"sd","11:16:54",97100
64300,700,100,"bu","11:21:24",97200
64300,700,300,"sd","11:22:11",97500
64300,700,1300,"sd","11:22:59",98800
64300,700,2000,"sd","11:23:32",100800
64300,700,1200,"sd","11:23:52",102000
64300,700,800,"bu","11:24:30",102800
64400.00000000001,800,200,"sd","11:25:54",103000
64800,1200,500,"sd","11:27:08",103500
64400.00000000001,800,200,"bu","11:28:44",103700
64300,700,1500,"sd","13:00:22",105200
64300,700,200,"sd","13:00:24",105400
64400.00000000001,800,100,"sd","13:00:49",105500
64400.00000000001,800,8100,"bu","13:01:11",113600
64400.00000000001,800,2000,"sd","13:01:14",115600
64400.00000000001,800,300,"sd","13:03:03",115900
64400.00000000001,800,300,"bu","13:04:57",116200
64400.00000000001,800,1000,"sd","13:05:06",117200
64500,900,5000,"sd","13:05:13",122200
65000,1400,5300,"sd","13:06:20",127500
64500,900,200,"sd","13:06:27",127700
64599.99999999999,1000,1700,"sd","13:08:27",129400
64500,900,100,"bu","13:09:27",129500
64500,900,400,"sd","13:09:45",129900
64500,900,500,"sd","13:09:48",130400
64700,1100,200,"bu","13:13:06",130600
64700,1100,1300,"bu","13:13:44",131900
64700,1100,500,"sd","13:14:04",132400
64700,1100,300,"bu","13:18:27",132700
64700,1100,400,"bu","13:18:36",133100
64599.99999999999,1000,1700,"bu","13:19:03",134800
64500,900,1600,"sd","13:22:58",136400
64599.99999999999,1000,300,"sd","13:24:08",136700
65000,1400,4200,"sd","13:26:00",140900
65000,1400,3800,"bu","13:26:33",144700
64700,1100,100,"bu","13:27:29",144800
64599.99999999999,1000,300,"sd","13:32:00",145100
64599.99999999999,1000,1500,"bu","13:32:20",146600
64599.99999999999,1000,100,"sd","13:34:20",146700
64599.99999999999,1000,200,"sd","13:34:35",146900
64500,900,1000,"bu","13:34:45",147900
64300,700,1300,"sd","13:35:51",149200
64300,700,1400,"sd","13:37:06",150600
64700,1100,6500,"sd","13:39:11",157100
64700,1100,1500,"sd","13:40:01",158600
64700,1100,200,"sd","13:41:01",158800
64700,1100,700,"sd","13:42:25",159500
64800,1200,500,"sd","13:43:50",160000
64700,1100,300,"bu","13:44:23",160300
64700,1100,100,"bu","13:45:32",160400
64900.00000000001,1300,1300,"bu","13:46:41",161700
65000,1400,4300,"bu","13:47:13",166000
65000,1400,2000,"bu","13:47:45",168000
65000,1400,300,"bu","13:47:54",168300
64700,1100,300,"bu","13:48:20",168600
65000,1400,1000,"sd","13:48:21",169600
64800,1200,200,"bu","13:50:03",169800
64800,1200,1900,"sd","13:50:19",171700
64700,1100,200,"bu","13:50:33",171900
65000,1400,4400,"sd","13:50:50",176300
65000,1400,100,"bu","13:51:20",176400
65000,1400,500,"sd","13:52:01",176900
65099.99999999999,1500,3000,"sd","13:52:15",179900
65099.99999999999,1500,2700,"sd","13:52:31",182600
65099.99999999999,1500,1000,"bu","13:52:35",183600
65099.99999999999,1500,1300,"bu","13:52:50",184900
65099.99999999999,1500,500,"sd","13:54:06",185400
65099.99999999999,1500,100,"bu","13:54:33",185500
65099.99999999999,1500,300,"sd","13:54:36",185800
65099.99999999999,1500,200,"bu","13:54:47",186000
65400.00000000001,1800,3900,"bu","13:57:41",189900
65400.00000000001,1800,800,"bu","13:57:51",190700
65500,1900,3500,"bu","13:57:59",194200
65500,1900,3000,"sd","13:58:08",197200
65500,1900,3000,"sd","13:58:25",200200
65600,2000,200,"sd","13:58:32",200400
65600,2000,700,"sd","13:58:45",201100
65600,2000,1300,"sd","13:58:51",202400
65800,2200,10400,"sd","13:58:58",212800
65800,2200,200,"bu","13:59:05",213000
65800,2200,400,"bu","13:59:07",213400
65600,2000,200,"bu","13:59:22",213600
65800,2200,600,"bu","13:59:33",214200
65600,2000,4000,"bu","13:59:35",218200
65800,2200,200,"bu","13:59:49",218400
66000,2400,20800,"sd","14:02:03",239200
66200,2600,1500,"bu","14:02:17",240700
66200,2600,1500,"sd","14:02:58",242200
66200,2600,500,"bu","14:03:15",242700
66300,2700,700,"bu","14:03:19",243400
66300,2700,100,"bu","14:03:29",243500
66500,2900,4600,"bu","14:03:35",248100
66500,2900,700,"bu","14:03:40",248800
66600,3000,2100,"bu","14:04:09",250900
66600,3000,1400,"sd","14:04:15",252300
66500,2900,100,"bu","14:04:23",252400
66600,3000,1000,"bu","14:04:25",253400
66200,2600,100,"bu","14:05:36",253500
66300,2700,1200,"bu","14:05:50",254700
66100,2500,200,"bu","14:06:08",254900
66600,3000,1100,"sd","14:06:09",256000
66100,2500,200,"sd","14:06:20",256200
66100,2500,1000,"sd","14:07:18",257200
66000,2400,4000,"sd","14:07:33",261200
66000,2400,200,"sd","14:07:49",261400
66500,2900,4000,"bu","14:08:00",265400
66000,2400,200,"sd","14:08:06",265600
66000,2400,4200,"sd","14:09:01",269800
66000,2400,300,"bu","14:09:08",270100
66000,2400,2200,"sd","14:09:12",272300
66000,2400,1000,"sd","14:09:16",273300
65900,2300,1400,"bu","14:12:33",274700
65600,2000,100,"bu","14:12:35",274800
65900,2300,600,"bu","14:12:39",275400
65500,1900,3700,"bu","14:18:34",279100
65500,1900,3000,"bu","14:19:12",282100
65200,1600,4500,"bu","14:24:35",286600
65200,1600,200,"sd","14:26:08",286800
65200,1600,1000,"sd","14:26:23",287800
65400.00000000001,1800,1900,"sd","14:29:42",289700
65600,2000,300,"sd","14:29:50",290000
65099.99999999999,1500,7600,"sd","14:45:18",297600
