"price","change","match_qtty","side","time","total_vol"
33000,200,128000,"bu","09:15:10",128000
33000,200,1300,"bu","09:15:16",129300
33050,250,100,"sd","09:15:20",139400
33050,250,500,"bu","09:15:21",141300
33050,250,2900,"bu","09:15:27",144200
33050,250,5100,"sd","09:15:30",149300
33050,250,2000,"sd","09:15:36",151300
33000,200,18100,"sd","09:15:39",169400
33000,200,200,"sd","09:15:44",169600
33000,200,2000,"sd","09:15:47",171600
33000,200,5100,"sd","09:15:55",176700
33000,200,10000,"sd","09:15:58",186700
33000,200,12800,"sd","09:15:59",199500
33000,200,800,"bu","09:16:07",201300
33050,250,30000,"bu","09:16:08",231300
33050,250,15000,"sd","09:16:09",246300
33100,300,5100,"sd","09:16:17",251400
33100,300,1200,"bu","09:16:26",252600
33050,250,5000,"sd","09:16:31",257600
33050,250,100,"sd","09:16:33",257700
33100,300,400,"bu","09:16:37",258100
33100,300,5200,"bu","09:16:38",263300
33100,300,70200,"bu","09:16:38",333500
33100,300,24600,"sd","09:16:41",358100
33100,300,7200,"sd","09:16:43",365300
33100,300,2800,"sd","09:16:50",368100
33100,300,400,"bu","09:16:53",373400
33100,300,4400,"bu","09:16:53",372500
33100,300,2400,"bu","09:16:55",374900
33100,300,200,"sd","09:16:59",375100
33100,300,9000,"bu","09:17:00",384100
33050,250,100,"sd","09:17:02",384200
33050,250,2100,"sd","09:17:06",386300
33100,300,300,"sd","09:17:10",386600
33100,300,10000,"bu","09:17:13",396600
33100,300,2000,"bu","09:17:14",398600
33050,250,4000,"sd","09:17:15",402600
33100,300,300,"sd","09:17:16",402900
33050,250,200,"bu","09:17:20",403100
33100,300,3500,"bu","09:17:21",406600
33050,250,28700,"bu","09:17:23",435300
33050,250,1000,"sd","09:17:24",436300
33050,250,5100,"sd","09:17:26",441400
33050,250,2200,"bu","09:17:29",443600
33050,250,600,"sd","09:17:34",444200
33050,250,1700,"sd","09:17:36",445900
33000,200,100,"bu","09:17:39",446000
33050,250,1100,"sd","09:17:41",447100
33000,200,200,"sd","09:17:49",447300
33050,250,300,"sd","09:17:51",447600
33050,250,700,"sd","09:18:09",448300
33000,200,1500,"sd","09:18:12",449800
33050,250,5100,"sd","09:18:13",454900
33000,200,100,"bu","09:18:26",455000
33050,250,500,"bu","09:18:36",455500
33000,200,200,"bu","09:18:45",455700
33000,200,10000,"sd","09:18:51",465700
33000,200,300,"bu","09:19:01",466000
33050,250,200,"bu","09:19:06",466200
33000,200,2200,"sd","09:19:07",468400
33050,250,200,"sd","09:19:08",468600
33000,200,5000,"bu","09:19:13",473600
33050,250,1000,"sd","09:19:14",474600
33000,200,20000,"sd","09:19:20",494600
33000,200,39400,"bu","09:19:28",534000
33000,200,7000,"sd","09:19:35",541000
33000,200,30200,"sd","09:19:39",571200
33000,200,1600,"bu","09:19:40",572800
33000,200,1000,"sd","09:19:41",573800
33000,200,20500,"sd","09:19:44",594300
33000,200,2000,"sd","09:19:47",597300
33000,200,200,"bu","09:19:49",597500
33000,200,6900,"sd","09:19:51",604400
33000,200,1800,"bu","09:19:51",606200
33000,200,18200,"bu","09:19:56",624400
33000,200,1000,"sd","09:20:00",625400
33000,200,1500,"bu","09:20:01",626900
33000,200,2800,"sd","09:20:02",629700
33000,200,3000,"bu","09:20:03",632700
33000,200,1000,"bu","09:20:11",633700
33000,200,100,"bu","09:20:19",633800
33000,200,1400,"sd","09:20:25",635200
33000,200,2000,"bu","09:20:26",637200
33000,200,200,"sd","09:20:35",637400
33000,200,1800,"sd","09:20:38",639200
33000,200,200,"bu","09:20:48",639400
33000,200,600,"sd","09:20:54",640000
33000,200,1000,"bu","09:20:56",641000
33000,200,3800,"bu","09:20:58",644800
33000,200,300,"sd","09:21:02",645100
33000,200,1000,"sd","09:21:10",646100
33000,200,2000,"sd","09:21:11",648100
33000,200,1000,"sd","09:21:14",649100
33000,200,100,"bu","09:21:23",649200
33000,200,3000,"bu","09:21:32",652200
33000,200,5100,"bu","09:21:34",657300
33000,200,7500,"sd","09:21:40",664800
33000,200,5000,"bu","09:21:44",669800
33000,200,100,"sd","09:21:45",669900
33000,200,4300,"sd","09:21:53",674200
33000,200,500,"bu","09:22:04",674700
33000,200,300,"sd","09:22:06",675000
33000,200,12500,"bu","09:22:09",687500
33000,200,2500,"sd","09:22:10",690000
33000,200,3000,"sd","09:22:11",693000
33000,200,2000,"sd","09:22:12",695000
33000,200,500,"bu","09:22:14",695500
33000,200,1000,"sd","09:22:17",696500
33000,200,100,"sd","09:22:19",696600
33000,200,400,"bu","09:22:20",697000
33000,200,200,"sd","09:22:21",697200
33000,200,2700,"sd","09:22:23",699900
33000,200,13200,"sd","09:22:23",713100
33000,200,4000,"sd","09:22:27",717100
33000,200,1200,"bu","09:22:32",718300
33000,200,200,"bu","09:22:34",718500
33000,200,6200,"sd","09:22:35",724700
33000,200,200,"sd","09:22:36",724900
33000,200,800,"bu","09:22:37",725700
33000,200,200,"sd","09:22:42",725900
33000,200,14000,"sd","09:22:48",739900
33000,200,500,"sd","09:22:57",740400
33000,200,400,"sd","09:23:07",740800
33000,200,10000,"bu","09:23:08",750800
33000,200,3000,"bu","09:23:09",753800
33000,200,4000,"bu","09:23:16",757800
33000,200,1400,"sd","09:23:24",767800
33000,200,28900,"sd","09:23:27",796700
33000,200,200,"bu","09:23:27",796900
33000,200,2900,"bu","09:23:28",802800
33000,200,1600,"sd","09:23:32",804400
32950,150,1000,"bu","09:23:37",805400
32950,150,200,"sd","09:23:51",805600
33000,200,100,"sd","09:23:59",805700
33000,200,300,"sd","09:24:10",806000
33000,200,10000,"sd","09:24:13",816000
33000,200,100,"bu","09:24:14",816100
33000,200,1000,"bu","09:24:17",817100
33000,200,1700,"bu","09:24:21",818800
33000,200,400,"bu","09:24:22",819200
33000,200,200,"sd","09:24:38",819400
33000,200,2800,"bu","09:24:40",822200
33000,200,100,"bu","09:24:41",822300
33000,200,9400,"sd","09:24:49",831700
33000,200,3000,"bu","09:24:50",834700
32950,150,100,"sd","09:24:51",834800
33000,200,5100,"bu","09:25:08",839900
33000,200,100,"sd","09:25:10",840000
33000,200,600,"sd","09:25:18",840600
33000,200,700,"sd","09:25:21",841300
32950,150,30000,"sd","09:25:36",871300
33000,200,5100,"bu","09:25:37",876400
33000,200,500,"sd","09:25:41",876900
32950,150,200,"sd","09:25:45",877100
33000,200,10000,"sd","09:25:48",887100
33000,200,2900,"sd","09:25:51",890000
33000,200,5100,"sd","09:26:01",895100
33000,200,500,"bu","09:26:09",895600
33000,200,1000,"sd","09:26:11",896600
32950,150,2000,"bu","09:26:13",898600
33000,200,1000,"bu","09:26:24",899600
32950,150,1400,"bu","09:26:29",901000
32950,150,2000,"bu","09:26:44",903000
32950,150,2500,"bu","09:26:46",905500
33000,200,1500,"bu","09:26:51",907000
32950,150,5000,"sd","09:26:52",912000
32950,150,2500,"bu","09:26:53",914500
32950,150,1500,"bu","09:26:55",916000
32950,150,21000,"sd","09:27:04",937000
32950,150,200,"sd","09:27:06",939800
33000,200,2000,"sd","09:27:11",941800
33000,200,2000,"bu","09:27:12",943800
32950,150,1600,"sd","09:27:23",945400
32950,150,200,"sd","09:27:35",945600
32950,150,2500,"bu","09:27:42",948100
32950,150,200,"bu","09:27:46",948300
32950,150,300,"bu","09:27:48",948600
33000,200,100,"bu","09:27:53",948700
32950,150,1000,"sd","09:27:55",949700
32950,150,100,"sd","09:28:14",949800
32950,150,10000,"sd","09:28:14",959800
33000,200,3000,"bu","09:28:18",962800
33000,200,1300,"bu","09:28:42",964100
33000,200,100,"sd","09:28:45",964200
32950,150,3000,"bu","09:28:45",967200
33000,200,200,"sd","09:28:51",967400
32950,150,100,"sd","09:28:59",967500
33000,200,3000,"bu","09:29:05",970500
32950,150,20000,"bu","09:29:11",990500
32950,150,88200,"bu","09:29:15",1078700
32950,150,2000,"sd","09:29:31",1080700
32950,150,200,"bu","09:29:32",1080900
32900,100,500,"sd","09:29:46",1081400
32950,150,3500,"bu","09:29:48",1084900
32950,150,5100,"sd","09:30:09",1090000
32950,150,600,"bu","09:30:10",1090600
32950,150,500,"sd","09:30:13",1091100
32950,150,4000,"bu","09:30:17",1095100
32950,150,100,"sd","09:30:24",1095200
32950,150,2000,"bu","09:30:33",1097200
32900,100,200,"sd","09:30:38",1097400
32950,150,100,"sd","09:30:39",1097500
32900,100,1000,"sd","09:30:42",1098500
32950,150,1500,"bu","09:30:50",1100000
32950,150,900,"sd","09:30:53",1100900
32950,150,2000,"sd","09:31:03",1102900
32950,150,3000,"bu","09:31:05",1105900
32950,150,1700,"sd","09:31:06",1107600
32950,150,1800,"bu","09:31:14",1109600
32950,150,8000,"bu","09:31:21",1117600
32950,150,6200,"bu","09:31:23",1123800
32900,100,44800,"sd","09:31:25",1168600
32950,150,5000,"sd","09:31:29",1173600
32950,150,600,"sd","09:31:36",1174200
32950,150,100,"sd","09:31:46",1174300
32950,150,1800,"bu","09:32:07",1176100
32950,150,2000,"sd","09:32:08",1178100
32950,150,100,"bu","09:32:09",1178200
32950,150,300,"bu","09:32:14",1178500
32950,150,1500,"sd","09:32:15",1180000
32950,150,2000,"bu","09:32:16",1182000
32950,150,5000,"sd","09:32:20",1187000
32950,150,18000,"sd","09:32:26",1205000
32950,150,1000,"bu","09:32:27",1206000
32950,150,900,"sd","09:32:28",1206900
32900,100,800,"bu","09:32:30",1207700
32900,100,3000,"sd","09:32:33",1210700
32950,150,500,"bu","09:32:38",1211200
32950,150,5000,"bu","09:32:39",1216200
32950,150,1500,"sd","09:32:40",1217700
32900,100,5000,"bu","09:32:48",1222700
32950,150,5100,"bu","09:32:54",1227800
32950,150,100,"bu","09:32:57",1227900
32950,150,400,"sd","09:32:58",1228300
32950,150,2000,"bu","09:33:01",1230300
32950,150,1000,"bu","09:33:03",1231300
32950,150,8200,"sd","09:33:10",1239500
32950,150,2900,"sd","09:33:11",1242400
32950,150,4000,"bu","09:33:19",1246400
32950,150,100,"sd","09:33:21",1246500
32950,150,1000,"sd","09:33:26",1247500
32950,150,200,"sd","09:33:28",1247700
32950,150,10500,"sd","09:33:29",1258200
33000,200,1000,"sd","09:33:40",1259200
32950,150,100,"bu","09:34:10",1259300
33000,200,4000,"bu","09:34:39",1263300
32950,150,100,"sd","09:34:53",1263400
33000,200,800,"sd","09:35:27",1264200
33000,200,300,"sd","09:35:36",1264500
33000,200,1500,"bu","09:35:37",1266000
32950,150,1000,"sd","09:35:38",1267000
32950,150,500,"bu","09:35:52",1267500
32950,150,2500,"bu","09:36:05",1270000
32950,150,400,"bu","09:36:20",1270400
32950,150,6500,"bu","09:36:27",1276900
33000,200,3000,"sd","09:36:32",1279900
32950,150,3800,"sd","09:36:34",1283700
32950,150,100,"bu","09:36:39",1283800
32950,150,3600,"bu","09:36:54",1287400
32950,150,1100,"sd","09:37:00",1288500
32950,150,500,"sd","09:37:04",1289000
32950,150,2000,"sd","09:37:21",1291000
32950,150,6000,"sd","09:37:38",1297000
32950,150,3300,"bu","09:37:48",1300300
32950,150,100,"sd","09:37:53",1300400
32950,150,1100,"bu","09:37:58",1301500
32950,150,500,"bu","09:38:00",1302000
32950,150,28100,"bu","09:38:05",1330100
32950,150,1800,"sd","09:38:14",1331900
32950,150,400,"bu","09:38:27",1332300
32950,150,3000,"bu","09:38:31",1335300
32950,150,4000,"sd","09:38:34",1339300
33000,200,500,"sd","09:38:43",1339800
32950,150,100,"sd","09:38:44",1339900
33000,200,2700,"bu","09:38:47",1342600
32950,150,6800,"bu","09:39:11",1349400
32950,150,2000,"bu","09:39:21",1351400
32950,150,100,"sd","09:39:41",1351500
33000,200,4200,"bu","09:40:06",1355700
32950,150,500,"sd","09:40:36",1356200
32950,150,1300,"sd","09:40:37",1357500
32950,150,200,"bu","09:40:40",1357700
32950,150,700,"sd","09:40:55",1358400
33000,200,3000,"bu","09:40:59",1361400
33000,200,100,"sd","09:41:14",1361500
32950,150,700,"bu","09:41:40",1362200
32950,150,1000,"bu","09:41:48",1363200
32950,150,100,"sd","09:41:49",1363300
32950,150,500,"bu","09:41:59",1363800
32950,150,15000,"bu","09:42:04",1378800
32950,150,3200,"bu","09:42:06",1382000
32950,150,2000,"sd","09:42:08",1384000
32950,150,500,"sd","09:42:25",1384500
32950,150,100,"sd","09:42:30",1384600
32950,150,4500,"sd","09:42:38",1389100
32950,150,2000,"sd","09:42:41",1391100
32950,150,100,"sd","09:42:52",1391200
32950,150,500,"bu","09:43:09",1391700
33000,200,2200,"sd","09:43:17",1393900
32950,150,1000,"bu","09:43:20",1394900
33000,200,200,"sd","09:43:45",1395100
32950,150,79600,"sd","09:43:48",1474700
32950,150,900,"bu","09:43:53",1475600
32950,150,2500,"bu","09:44:01",1478100
32950,150,500,"bu","09:44:06",1478600
32950,150,100,"sd","09:44:09",1478700
32950,150,3100,"sd","09:44:21",1481800
32950,150,6000,"sd","09:44:36",1487800
32950,150,1500,"sd","09:44:37",1489300
32950,150,1800,"sd","09:44:45",1491100
32950,150,500,"sd","09:44:46",1491600
32950,150,9000,"bu","09:44:49",1500600
32950,150,3800,"sd","09:44:53",1513100
32950,150,1000,"bu","09:45:09",1514100
32950,150,100,"sd","09:45:12",1514200
32950,150,1800,"bu","09:45:22",1516000
32950,150,900,"sd","09:45:30",1516900
32950,150,1000,"bu","09:45:35",1517900
32950,150,200,"sd","09:45:36",1518100
33000,200,1000,"bu","09:45:40",1519100
33000,200,30000,"bu","09:45:53",1549100
33000,200,100,"bu","09:46:01",1549200
32950,150,3000,"bu","09:46:02",1552200
33000,200,20000,"bu","09:46:03",1572200
33000,200,123000,"sd","09:46:05",1695200
33000,200,20000,"bu","09:46:11",1715200
33000,200,20000,"bu","09:46:19",1735200
33000,200,2000,"sd","09:46:20",1764800
33000,200,40400,"bu","09:46:20",1805200
33000,200,5000,"bu","09:46:22",1810200
33000,200,5000,"bu","09:46:24",1815200
33000,200,30300,"bu","09:46:26",1845500
33000,200,3300,"sd","09:46:33",1848800
33000,200,1100,"sd","09:46:40",1849900
33050,250,19400,"bu","09:46:49",1869400
33050,250,1800,"bu","09:46:51",1871200
33000,200,3000,"sd","09:46:54",1874200
33050,250,500,"sd","09:46:59",1934200
33050,250,7000,"sd","09:47:22",1941200
33050,250,500,"sd","09:47:27",1941700
33050,250,12000,"sd","09:47:31",1953700
33050,250,4000,"bu","09:47:32",1957700
33050,250,5000,"sd","09:47:37",1962700
33050,250,100,"bu","09:47:38",1962800
33050,250,1700,"sd","09:47:39",1964500
33050,250,400,"bu","09:47:42",1965900
33050,250,200,"sd","09:47:44",1966100
33050,250,1000,"sd","09:47:46",1967100
33050,250,200,"sd","09:47:46",1967300
33050,250,1000,"bu","09:47:47",1968300
33050,250,5000,"sd","09:47:54",1973300
33050,250,24000,"bu","09:47:59",1997300
33050,250,300,"sd","09:48:00",1997600
33050,250,28000,"bu","09:48:02",2025600
33050,250,2000,"bu","09:48:03",2027600
33050,250,1000,"sd","09:48:03",2028600
33050,250,10000,"bu","09:48:06",2038600
33050,250,1000,"bu","09:48:07",2039600
33050,250,3600,"sd","09:48:08",2043200
33050,250,500,"bu","09:48:10",2043700
33050,250,300,"bu","09:48:28",2044000
33100,300,100,"bu","09:48:37",2044100
33100,300,22100,"bu","09:48:44",2066200
33050,250,300,"sd","09:48:45",2066500
33100,300,29000,"sd","09:48:52",2095500
33050,250,500,"bu","09:48:54",2096000
33100,300,70000,"sd","09:49:14",2166000
33050,250,900,"bu","09:49:15",2166900
33050,250,500,"bu","09:49:16",2167400
33100,300,9000,"sd","09:49:21",2176400
33050,250,200,"sd","09:49:22",2176600
33050,250,2000,"sd","09:49:26",2178600
33100,300,100000,"sd","09:49:36",2278600
33100,300,28000,"sd","09:49:37",2306600
33050,250,600,"bu","09:49:38",2307200
33050,250,8000,"bu","09:49:42",2315200
33050,250,200,"sd","09:50:00",2315400
33050,250,1000,"bu","09:50:03",2316400
33050,250,6000,"sd","09:50:07",2322400
33050,250,300,"sd","09:50:08",2322700
33050,250,100,"bu","09:50:16",2322800
33050,250,25100,"bu","09:50:28",2347900
33100,300,1400,"sd","09:50:30",2349300
33050,250,700,"sd","09:50:34",2350000
33100,300,500,"sd","09:50:37",2350500
33100,300,800,"bu","09:50:44",2351300
33100,300,500,"bu","09:50:52",2351800
33100,300,700,"bu","09:50:53",2352500
33100,300,500,"bu","09:50:59",2353000
33100,300,1000,"sd","09:51:00",2354000
33100,300,500,"sd","09:51:05",2354500
33100,300,200,"bu","09:51:11",2354700
33050,250,5000,"bu","09:51:13",2359700
33100,300,1500,"bu","09:51:18",2361200
33100,300,1600,"sd","09:51:21",2363000
33050,250,800,"sd","09:51:23",2363800
33100,300,700,"sd","09:51:25",2364500
33100,300,1100,"sd","09:51:27",2365600
33100,300,1000,"sd","09:51:29",2366600
33100,300,15000,"sd","09:51:34",2381600
33100,300,3700,"bu","09:51:37",2385300
33100,300,128900,"sd","09:51:38",2514200
33100,300,400,"bu","09:51:42",2514600
33100,300,6300,"sd","09:51:43",2520900
33100,300,1500,"sd","09:51:43",2522400
33100,300,40500,"bu","09:51:44",2562900
33100,300,100,"bu","09:51:45",2563000
33100,300,2000,"sd","09:51:46",2565000
33100,300,17800,"bu","09:51:47",2582800
33100,300,100,"bu","09:51:47",2582900
33150,350,35300,"sd","09:51:48",2618200
33100,300,5000,"sd","09:51:53",2623200
33150,350,4000,"sd","09:52:03",2627200
33100,300,100000,"sd","09:52:11",2727200
33100,300,500,"sd","09:52:13",2727700
33150,350,100,"sd","09:52:16",2727800
33100,300,200,"bu","09:52:19",2728000
33150,350,9000,"sd","09:52:21",2737000
33150,350,700,"sd","09:52:24",2737700
33150,350,2000,"bu","09:52:25",2739700
33100,300,5000,"bu","09:52:29",2744700
33150,350,8000,"sd","09:52:38",2752700
33150,350,20000,"sd","09:52:40",2772700
33150,350,3000,"bu","09:52:42",2775700
33150,350,3000,"sd","09:52:45",2778700
33150,350,100,"bu","09:52:46",2778800
33150,350,700,"bu","09:52:52",2779500
33150,350,55000,"bu","09:53:00",2834500
33150,350,15000,"sd","09:53:01",2849500
33150,350,10000,"bu","09:53:02",2859500
33150,350,10000,"sd","09:53:03",2869500
33150,350,11800,"bu","09:53:04",2881300
33150,350,15000,"bu","09:53:05",2896300
33150,350,22000,"sd","09:53:06",2918300
33150,350,2000,"sd","09:53:07",2925600
33150,350,100,"bu","09:53:09",2944600
33150,350,900,"bu","09:53:23",2949400
33200,400,5300,"bu","09:53:25",2954700
33150,350,1700,"bu","09:53:26",2956400
33150,350,3900,"sd","09:53:32",2976400
33150,350,2000,"sd","09:53:33",2978400
33150,350,5000,"sd","09:53:50",2983400
33200,400,3000,"bu","09:53:51",2986400
33200,400,100,"sd","09:53:51",2986500
33150,350,200,"bu","09:53:52",2986700
33150,350,2500,"sd","09:53:56",2989200
33150,350,200,"sd","09:54:00",2989400
33200,400,5000,"bu","09:54:03",2994400
33150,350,400,"bu","09:54:05",2994800
33150,350,80100,"bu","09:54:06",3074900
33200,400,300,"bu","09:54:07",3075200
33200,400,5800,"sd","09:54:08",3081000
33150,350,30100,"sd","09:54:12",3111100
33150,350,5000,"sd","09:54:14",3131100
33150,350,200,"bu","09:54:15",3133300
33200,400,34800,"sd","09:54:16",3168100
33150,350,73900,"sd","09:54:17",3242000
33150,350,1000,"bu","09:54:20",3243000
33200,400,83500,"sd","09:54:23",3326500
33150,350,500,"sd","09:54:25",3327000
33150,350,100,"bu","09:54:26",3327100
33200,400,5000,"sd","09:54:27",3332100
33150,350,100,"sd","09:54:27",3332200
33150,350,900,"bu","09:54:31",3333100
33150,350,100,"bu","09:54:33",3333200
33200,400,20000,"sd","09:54:34",3353200
33150,350,100,"bu","09:54:37",3353300
33150,350,4000,"bu","09:54:38",3357300
33150,350,1200,"bu","09:54:39",3358500
33200,400,3500,"bu","09:54:43",3362000
33150,350,5000,"sd","09:54:48",3367000
33150,350,5100,"bu","09:55:04",3372100
33150,350,200,"sd","09:55:06",3372300
33150,350,100,"bu","09:55:09",3372400
33150,350,1000,"sd","09:55:12",3373400
33150,350,1000,"bu","09:55:14",3374400
33150,350,300,"bu","09:55:17",3374700
33150,350,10100,"sd","09:55:23",3384800
33150,350,100,"sd","09:55:26",3384900
33150,350,40400,"bu","09:55:30",3425300
33150,350,5000,"bu","09:55:32",3430300
33200,400,50000,"bu","09:55:35",3480300
33150,350,100,"sd","09:55:38",3480400
33150,350,3900,"sd","09:55:45",3484300
33150,350,10600,"sd","09:55:49",3494900
33150,350,300,"bu","09:55:51",3495200
33150,350,1500,"sd","09:55:52",3496700
33150,350,400,"bu","09:55:54",3497100
33150,350,200,"bu","09:55:55",3497300
33150,350,1000,"bu","09:55:59",3498300
33150,350,2000,"bu","09:56:00",3500300
33150,350,5000,"bu","09:56:02",3505300
33150,350,2000,"bu","09:56:11",3507300
33150,350,300,"sd","09:56:11",3507600
33150,350,5000,"bu","09:56:12",3512600
33150,350,200,"sd","09:56:13",3512800
33150,350,300,"bu","09:56:18",3513100
33150,350,5000,"sd","09:56:27",3518100
33150,350,100,"sd","09:56:36",3518200
33150,350,600,"sd","09:56:47",3518800
33100,300,1500,"bu","09:56:48",3520300
33100,300,1000,"sd","09:56:50",3521300
33150,350,800,"sd","09:56:57",3522100
33100,300,61400,"sd","09:57:08",3583500
33100,300,400,"bu","09:57:11",3583900
33100,300,2000,"sd","09:57:15",3585900
33100,300,10000,"sd","09:57:16",3595900
33100,300,36900,"sd","09:57:19",3632800
33100,300,11000,"bu","09:57:21",3643800
33100,300,200,"bu","09:57:24",3644000
33100,300,1000,"sd","09:57:26",3645000
33100,300,5000,"sd","09:57:30",3650000
33100,300,2000,"sd","09:57:31",3652000
33100,300,20000,"sd","09:57:37",3672000
33100,300,1000,"sd","09:57:39",3673000
33100,300,100,"sd","09:57:40",3673100
33150,350,500,"bu","09:57:44",3673600
33100,300,200,"bu","09:57:45",3673800
33100,300,21200,"sd","09:57:49",3695000
33100,300,1000,"bu","09:57:51",3696100
33100,300,300,"sd","09:57:54",3696400
33100,300,3800,"bu","09:57:55",3700200
33100,300,5000,"bu","09:57:57",3705200
33100,300,12000,"sd","09:57:59",3717200
33100,300,17600,"bu","09:58:03",3734800
33100,300,2000,"bu","09:58:05",3736800
33100,300,1700,"bu","09:58:07",3738500
33100,300,5000,"bu","09:58:11",3743500
33100,300,10000,"bu","09:58:14",3753500
33050,250,800,"bu","09:58:38",3754300
33100,300,1600,"bu","09:58:39",3755900
33100,300,5000,"sd","09:58:45",3760900
33100,300,800,"bu","09:58:51",3761700
33100,300,400,"bu","09:58:53",3762100
33050,250,2000,"sd","09:58:59",3764100
33050,250,1500,"sd","09:59:19",3765600
33100,300,700,"bu","09:59:33",3766300
33050,250,1500,"sd","09:59:34",3767800
33100,300,5000,"sd","09:59:35",3772800
33100,300,500,"sd","09:59:45",3773300
33100,300,3500,"sd","09:59:46",3776800
33100,300,12000,"sd","09:59:52",3788800
33100,300,12000,"bu","09:59:56",3800800
33100,300,1000,"sd","10:00:02",3801800
33100,300,2000,"sd","10:00:12",3803800
33100,300,200,"bu","10:00:14",3804000
33100,300,2000,"sd","10:00:22",3806000
33100,300,100,"sd","10:00:27",3806100
33050,250,200,"bu","10:00:29",3806300
33050,250,1000,"sd","10:00:32",3807300
33050,250,1200,"bu","10:01:24",3808500
33100,300,700,"sd","10:01:44",3809200
33100,300,40200,"sd","10:01:47",3849400
33100,300,1500,"sd","10:02:05",3850900
33100,300,43600,"sd","10:02:05",3894500
33100,300,1000,"bu","10:02:10",3895500
33100,300,1700,"sd","10:02:15",3897200
33100,300,300,"bu","10:02:17",3897500
33100,300,20000,"bu","10:02:17",3917500
33100,300,2600,"bu","10:02:21",3920100
33100,300,1000,"bu","10:02:32",3921100
33100,300,30000,"sd","10:02:35",3951100
33100,300,1800,"bu","10:02:37",3952900
33100,300,100,"bu","10:03:03",3953000
33050,250,2100,"bu","10:03:18",3955100
33100,300,10000,"bu","10:03:20",3965100
33100,300,100,"sd","10:03:25",3965200
33050,250,300,"sd","10:03:33",3965500
33100,300,100,"sd","10:03:35",3965600
33100,300,200,"bu","10:03:45",3965800
33100,300,800,"bu","10:03:51",3966600
33100,300,1900,"sd","10:03:53",3968500
33100,300,1000,"sd","10:03:56",3969500
33100,300,12400,"bu","10:03:57",3981900
33100,300,37600,"sd","10:03:58",4019500
33100,300,500,"sd","10:04:03",4020000
33100,300,36600,"bu","10:04:06",4056600
33100,300,5000,"sd","10:04:07",4061600
33100,300,100,"sd","10:04:11",4061700
33100,300,10000,"bu","10:04:19",4071700
33100,300,3000,"sd","10:04:20",4074700
33100,300,400,"sd","10:04:21",4075100
33100,300,4100,"bu","10:04:36",4079200
33100,300,1200,"bu","10:04:38",4080400
33100,300,5200,"bu","10:04:42",4085600
33100,300,1800,"sd","10:04:52",4087400
33050,250,200,"bu","10:04:54",4087600
33050,250,1000,"sd","10:05:10",4088600
33050,250,16200,"bu","10:05:20",4104800
33100,300,10000,"sd","10:05:30",4114800
33100,300,2100,"sd","10:05:35",4116900
33100,300,1000,"bu","10:06:00",4117900
33100,300,1300,"sd","10:06:16",4119200
33100,300,1000,"bu","10:06:29",4120200
33100,300,600,"sd","10:06:32",4120800
33050,250,1000,"sd","10:06:37",4121800
33100,300,1900,"bu","10:07:22",4123700
33050,250,100,"sd","10:07:24",4123800
33100,300,300,"bu","10:07:43",4124100
33050,250,150000,"bu","10:07:46",4274100
33100,300,400,"bu","10:07:48",4274500
33050,250,100,"sd","10:07:58",4274600
33050,250,7000,"bu","10:08:01",4281600
33050,250,600,"bu","10:08:07",4333600
33050,250,50000,"bu","10:08:08",4383600
33050,250,300,"bu","10:08:12",4383900
33050,250,1100,"bu","10:08:14",4385000
33050,250,3000,"bu","10:08:16",4388000
33050,250,9100,"bu","10:08:23",4397100
33050,250,1000,"bu","10:08:36",4398100
33050,250,500,"sd","10:08:39",4398600
33000,200,10000,"bu","10:08:42",4408600
33050,250,500,"bu","10:08:52",4409100
33050,250,5000,"bu","10:08:53",4414100
33050,250,1800,"sd","10:09:22",4415900
33000,200,1000,"bu","10:09:31",4416900
33050,250,700,"sd","10:09:34",4417600
33050,250,100,"sd","10:09:36",4417700
33000,200,1000,"bu","10:09:45",4418700
33050,250,500,"sd","10:09:55",4419200
33000,200,100,"bu","10:10:16",4419300
33000,200,5100,"sd","10:10:24",4424400
33000,200,6800,"sd","10:10:48",4431200
33050,250,11000,"sd","10:11:02",4442200
33000,200,500,"bu","10:11:06",4442700
33000,200,10000,"bu","10:11:09",4452700
33000,200,500,"bu","10:11:16",4453200
33000,200,700,"sd","10:11:24",4453900
33000,200,100,"sd","10:11:25",4454000
33000,200,10000,"sd","10:11:37",4464000
33000,200,50000,"sd","10:11:40",4514000
33050,250,10000,"sd","10:11:50",4524000
33000,200,3700,"sd","10:11:52",4527700
33000,200,3500,"sd","10:11:55",4531200
33000,200,15000,"sd","10:11:56",4546200
33000,200,45000,"bu","10:11:56",4591200
33000,200,17500,"bu","10:12:04",4608700
33000,200,10000,"bu","10:12:06",4618700
33000,200,1100,"bu","10:12:09",4619800
33050,250,10000,"sd","10:12:21",4629800
33050,250,1500,"bu","10:12:40",4631300
33000,200,1000,"bu","10:12:46",4632300
33050,250,100,"sd","10:13:11",4632400
33000,200,400,"sd","10:13:14",4632800
33000,200,7000,"bu","10:13:28",4639800
33000,200,100,"sd","10:13:32",4639900
33000,200,300,"bu","10:13:40",4640200
33000,200,5000,"sd","10:13:51",4645200
33000,200,700,"bu","10:13:58",4645900
33000,200,15000,"bu","10:13:59",4660900
33000,200,2000,"bu","10:14:02",4662900
33000,200,27700,"sd","10:14:13",4690600
33000,200,500,"bu","10:14:24",4691100
33000,200,1400,"bu","10:14:26",4692500
32950,150,300,"sd","10:14:37",4692800
33000,200,25800,"sd","10:14:40",4718600
33000,200,1500,"bu","10:14:55",4720100
33000,200,100,"bu","10:15:06",4720200
33000,200,4800,"bu","10:15:10",4725000
33000,200,100,"bu","10:15:13",4725100
33000,200,200,"sd","10:15:24",4725300
32950,150,500,"sd","10:15:40",4725800
33000,200,500,"sd","10:15:41",4726300
33000,200,100,"bu","10:15:48",4726400
33000,200,30000,"bu","10:15:49",4756400
33000,200,200,"sd","10:15:58",4756600
33000,200,2900,"sd","10:16:07",4759500
33000,200,1200,"bu","10:16:17",4760700
33000,200,2000,"bu","10:16:31",4762700
33000,200,3000,"sd","10:17:07",4765700
33000,200,10000,"bu","10:17:16",4775700
33000,200,300,"bu","10:17:16",4776000
33000,200,700,"bu","10:17:35",4776700
33000,200,10000,"sd","10:17:49",4786700
33000,200,1000,"bu","10:18:03",4787700
33000,200,600,"bu","10:18:10",4788300
33000,200,10000,"sd","10:18:17",4798300
33000,200,100,"sd","10:18:22",4798400
33000,200,1000,"bu","10:18:27",4799400
33000,200,1800,"sd","10:18:41",4801200
33000,200,1000,"bu","10:18:59",4802200
33050,250,2000,"bu","10:19:00",4804200
33000,200,500,"bu","10:19:01",4804700
33000,200,600,"sd","10:19:50",4805300
33000,200,26000,"bu","10:20:14",4831300
33000,200,1000,"sd","10:20:19",4832300
33000,200,1200,"sd","10:20:22",4833500
33000,200,1000,"sd","10:20:30",4834500
33000,200,100,"bu","10:20:31",4834600
33000,200,10000,"bu","10:20:36",4844600
33000,200,1000,"sd","10:20:50",4845600
33000,200,800,"sd","10:20:51",4846400
33000,200,1000,"sd","10:20:52",4847400
33000,200,4000,"sd","10:20:58",4851400
33000,200,1000,"bu","10:21:00",4852400
33000,200,700,"sd","10:21:02",4853100
33000,200,10000,"sd","10:21:05",4863100
33000,200,500,"bu","10:21:14",4863600
33000,200,20000,"bu","10:21:20",4883600
33000,200,6500,"sd","10:21:24",4890100
33000,200,9000,"sd","10:21:28",4899100
33000,200,100,"bu","10:21:42",4899200
32950,150,4900,"bu","10:21:44",4904100
33000,200,4700,"sd","10:22:07",4908800
33000,200,10000,"bu","10:22:19",4918800
33000,200,700,"sd","10:22:22",4919500
33000,200,600,"sd","10:22:23",4920100
33000,200,200,"sd","10:22:24",4920300
33000,200,5000,"bu","10:22:42",4925300
33000,200,1800,"bu","10:22:52",4927100
33000,200,1200,"sd","10:23:03",4928300
33000,200,5000,"sd","10:23:10",4933300
32950,150,5000,"bu","10:23:15",4938300
33000,200,3000,"sd","10:23:18",4941300
33000,200,2000,"bu","10:23:19",4943300
33000,200,1000,"sd","10:23:24",4944300
33000,200,2600,"bu","10:23:54",4946900
33000,200,100,"bu","10:23:59",4947000
33000,200,500,"sd","10:24:12",4947500
33000,200,200,"bu","10:24:17",4947700
33000,200,2200,"bu","10:24:30",4949900
33000,200,3600,"bu","10:24:36",4953500
33000,200,200,"bu","10:24:37",4953700
33000,200,500,"sd","10:24:58",4954200
33000,200,10000,"sd","10:25:05",4964200
33000,200,1700,"sd","10:25:07",4965900
33000,200,400,"sd","10:25:13",4966300
33000,200,100,"sd","10:25:52",4966400
33000,200,200,"bu","10:26:07",4966600
33000,200,1000,"sd","10:26:13",4967600
33000,200,100,"sd","10:26:17",4967700
32950,150,15000,"bu","10:26:25",4982700
33000,200,10000,"sd","10:26:46",4992700
33000,200,1800,"bu","10:27:22",4994500
33000,200,100,"bu","10:27:31",4994600
33000,200,3000,"sd","10:27:33",4997600
33000,200,500,"sd","10:27:37",4998100
33000,200,10000,"sd","10:27:39",5008100
33000,200,500,"sd","10:27:43",5008600
33000,200,2000,"bu","10:28:04",5010600
33000,200,4000,"sd","10:28:15",5014600
33000,200,400,"bu","10:28:24",5015000
33000,200,50000,"sd","10:28:35",5065000
32950,150,1000,"sd","10:29:01",5066000
33000,200,200,"bu","10:29:03",5066200
33000,200,5800,"bu","10:29:25",5072000
33000,200,3000,"sd","10:29:26",5075000
32950,150,200,"bu","10:29:32",5075200
32950,150,4000,"bu","10:29:34",5079200
32950,150,1700,"sd","10:29:37",5080900
32950,150,800,"bu","10:29:46",5081700
32950,150,300,"sd","10:29:54",5082000
32950,150,30000,"sd","10:30:09",5112000
32950,150,5000,"bu","10:30:26",5117000
32950,150,500,"sd","10:30:31",5117500
32950,150,300,"bu","10:30:42",5117800
32950,150,1500,"sd","10:30:44",5119300
32950,150,400,"bu","10:30:54",5119700
32950,150,2400,"sd","10:30:56",5122100
32950,150,5000,"bu","10:30:58",5127100
32950,150,500,"bu","10:31:03",5127600
32950,150,1700,"bu","10:31:14",5129300
32950,150,1700,"sd","10:31:38",5131000
32950,150,5100,"sd","10:31:43",5136100
32950,150,1700,"bu","10:31:44",5137800
33000,200,15400,"sd","10:31:48",5153200
32950,150,2900,"sd","10:31:56",5156100
32950,150,5100,"bu","10:32:02",5161200
33000,200,500,"bu","10:32:05",5161700
33000,200,100,"bu","10:32:16",5161800
33000,200,600,"sd","10:32:30",5162400
32950,150,5100,"sd","10:32:36",5167500
32950,150,2500,"bu","10:32:41",5170000
32950,150,100000,"bu","10:32:46",5270000
33000,200,6100,"bu","10:32:50",5276100
32950,150,7900,"bu","10:33:01",5284000
32950,150,1000,"bu","10:33:06",5285000
32950,150,2000,"sd","10:33:11",5287000
32950,150,5100,"sd","10:33:13",5292100
32950,150,1000,"sd","10:33:24",5293100
32950,150,6000,"sd","10:33:29",5299100
32950,150,8100,"sd","10:33:32",5307200
32950,150,21500,"bu","10:33:34",5328700
32950,150,100,"sd","10:33:53",5337300
32950,150,300,"bu","10:34:07",5337600
32950,150,1500,"bu","10:34:08",5339100
32950,150,200,"bu","10:34:15",5339300
32900,100,6100,"bu","10:34:23",5345400
32950,150,10000,"sd","10:34:25",5355400
32950,150,400,"sd","10:34:32",5355800
32950,150,1000,"sd","10:34:59",5356800
32950,150,500,"bu","10:35:00",5357300
32900,100,5600,"sd","10:35:16",5362900
32900,100,3500,"sd","10:35:17",5366400
32950,150,600,"bu","10:35:18",5367000
32950,150,100,"bu","10:35:28",5367100
32950,150,3100,"bu","10:35:38",5370200
32950,150,2000,"sd","10:35:44",5372200
32950,150,1000,"sd","10:35:47",5373200
32950,150,2000,"bu","10:35:54",5375200
32950,150,100,"bu","10:35:55",5375300
32900,100,800,"sd","10:35:57",5376100
32950,150,3000,"sd","10:36:23",5379100
32900,100,18000,"bu","10:36:43",5397100
32900,100,1800,"bu","10:37:20",5398900
32900,100,100,"sd","10:37:23",5399000
32900,100,1000,"bu","10:37:36",5400000
32900,100,50000,"sd","10:37:56",5450000
32900,100,50000,"sd","10:38:02",5500000
32900,100,300,"bu","10:38:04",5500300
32950,150,20700,"bu","10:38:08",5521000
32900,100,1000,"sd","10:38:11",5522000
32950,150,300,"sd","10:38:17",5522300
32900,100,200,"sd","10:38:31",5522500
32950,150,10000,"bu","10:38:40",5532500
32950,150,500,"sd","10:38:59",5533000
32950,150,300,"bu","10:39:07",5533300
32950,150,3600,"sd","10:39:15",5536900
32950,150,56800,"sd","10:39:22",5593700
32900,100,200,"sd","10:39:37",5593900
32900,100,1000,"sd","10:39:48",5594900
32900,100,5600,"sd","10:40:17",5600500
32900,100,2200,"bu","10:40:27",5602700
32900,100,3900,"sd","10:40:30",5606600
32900,100,1700,"sd","10:40:31",5608300
32900,100,10200,"bu","10:40:55",5618500
32900,100,200,"bu","10:40:56",5618700
32900,100,500,"bu","10:41:02",5619200
32900,100,1000,"bu","10:41:36",5620200
32900,100,1300,"sd","10:41:40",5621500
32900,100,1500,"bu","10:41:51",5623000
32900,100,5100,"sd","10:41:55",5628100
32900,100,100,"sd","10:42:21",5628200
32900,100,1000,"bu","10:42:37",5629200
32950,150,500,"sd","10:42:45",5629700
32900,100,200,"bu","10:42:46",5629900
32950,150,100,"sd","10:43:08",5630000
32950,150,1000,"bu","10:43:17",5631000
32950,150,2300,"bu","10:43:32",5633300
32900,100,300,"sd","10:43:34",5633600
32950,150,2300,"bu","10:43:44",5635900
32900,100,2000,"bu","10:43:45",5637900
32950,150,6100,"sd","10:44:04",5644000
32950,150,5000,"bu","10:44:09",5649000
32950,150,600,"bu","10:44:18",5649600
32950,150,100,"bu","10:44:37",5649700
32950,150,5000,"bu","10:44:40",5654700
32950,150,900,"bu","10:44:42",5655600
32950,150,4000,"bu","10:44:45",5659600
32950,150,800,"bu","10:44:55",5660400
32950,150,4000,"bu","10:45:03",5664400
32900,100,7000,"sd","10:45:09",5671400
32900,100,1000,"bu","10:45:15",5672400
32900,100,3100,"bu","10:45:19",5675500
32900,100,8000,"bu","10:45:24",5683500
32900,100,7000,"bu","10:45:29",5690500
32900,100,9000,"bu","10:45:30",5699500
32900,100,12000,"bu","10:45:30",5711500
32900,100,1500,"sd","10:45:34",5713000
32900,100,45700,"sd","10:45:39",5758700
32900,100,800,"sd","10:45:52",5759500
32900,100,5000,"bu","10:45:53",5764500
32900,100,8000,"bu","10:46:01",5772500
32900,100,11000,"bu","10:46:02",5783500
32900,100,2700,"bu","10:46:04",5786200
32900,100,32900,"bu","10:46:06",5819100
32900,100,27000,"bu","10:46:07",5846100
32900,100,200,"bu","10:46:08",5852900
32900,100,2000,"sd","10:46:09",5854900
32900,100,90100,"sd","10:46:14",5945000
32900,100,3000,"bu","10:46:27",5948000
32900,100,2300,"sd","10:46:29",5950300
32900,100,100,"bu","10:46:30",5950400
32900,100,200,"bu","10:46:37",5950600
32900,100,1800,"sd","10:46:38",5952400
32900,100,50700,"sd","10:46:47",6003100
32900,100,4000,"sd","10:46:53",6007100
32900,100,100,"sd","10:46:59",6007200
32900,100,12200,"sd","10:47:03",6019400
32900,100,700,"sd","10:47:06",6020100
32900,100,4500,"bu","10:47:09",6024600
32900,100,5000,"bu","10:47:10",6029600
32900,100,100,"bu","10:47:11",6029700
32900,100,200,"bu","10:47:15",6029900
32900,100,5000,"bu","10:47:19",6034900
32900,100,100,"sd","10:47:34",6035000
32900,100,1800,"sd","10:47:38",6036800
32900,100,2400,"sd","10:47:39",6039200
32900,100,1000,"sd","10:47:42",6040200
32850,50,3000,"sd","10:47:43",6043200
32900,100,1400,"sd","10:47:48",6044600
32900,100,700,"bu","10:47:59",6045300
32900,100,100,"sd","10:48:11",6045400
32900,100,10200,"sd","10:48:20",6055600
32900,100,100,"sd","10:48:22",6055700
32900,100,1000,"sd","10:48:27",6056700
32900,100,200,"bu","10:48:35",6056900
32900,100,3500,"sd","10:48:46",6060400
32900,100,200,"sd","10:48:47",6060600
32900,100,2000,"sd","10:48:48",6062600
32900,100,800,"sd","10:48:49",6063400
32900,100,700,"sd","10:48:52",6064100
32900,100,10000,"bu","10:48:54",6074100
32900,100,24000,"bu","10:49:08",6098100
32900,100,3000,"bu","10:49:14",6101100
32900,100,500,"sd","10:49:15",6101600
32900,100,200,"sd","10:49:23",6101800
32900,100,16200,"bu","10:49:24",6118000
32900,100,1900,"sd","10:49:26",6119900
32900,100,800,"sd","10:49:35",6120700
32900,100,100,"sd","10:49:40",6120800
32900,100,400,"bu","10:49:55",6121200
32900,100,8000,"sd","10:49:59",6129200
32900,100,100,"sd","10:50:16",6129300
32900,100,200,"bu","10:50:43",6129500
32900,100,2000,"sd","10:50:54",6131500
32900,100,200,"sd","10:51:04",6131700
32900,100,37800,"sd","10:51:05",6169500
32900,100,100,"sd","10:51:09",6169600
32900,100,400,"bu","10:51:17",6170000
32900,100,300,"bu","10:51:31",6170300
32900,100,200,"sd","10:51:46",6170500
32900,100,1000,"sd","10:51:48",6171500
32900,100,100,"bu","10:51:51",6171600
32900,100,1700,"bu","10:52:07",6173300
32900,100,1600,"sd","10:52:13",6174900
32900,100,2900,"bu","10:52:22",6177800
32900,100,400,"bu","10:52:28",6178200
32850,50,5100,"bu","10:52:33",6183300
32900,100,7100,"bu","10:53:07",6190400
32850,50,5000,"bu","10:53:18",6195400
32900,100,2900,"bu","10:53:25",6198300
32850,50,37900,"sd","10:53:35",6236200
32850,50,263100,"bu","10:53:36",6499300
32850,50,200,"bu","10:53:42",6499500
32850,50,52000,"bu","10:53:43",6551500
32850,50,3000,"bu","10:53:44",6554500
32850,50,29500,"sd","10:53:47",6584000
32800,0,15000,"bu","10:53:55",6599000
32800,0,800,"sd","10:53:57",6599800
32800,0,2900,"sd","10:54:10",6602700
32800,0,5100,"bu","10:54:13",6607800
32800,0,20000,"bu","10:54:18",6627800
32800,0,100,"sd","10:54:19",6627900
32800,0,26600,"sd","10:54:22",6654500
32800,0,4000,"sd","10:54:25",6658500
32800,0,10000,"sd","10:54:27",6668500
32800,0,400,"sd","10:54:29",6668900
32800,0,5000,"sd","10:54:30",6673900
32800,0,2000,"bu","10:54:31",6675900
32800,0,29000,"bu","10:54:32",6704900
32800,0,1000,"bu","10:54:35",6705900
32800,0,40000,"bu","10:54:37",6745900
32800,0,36100,"sd","10:54:38",6782000
32800,0,11100,"sd","10:54:42",6793100
32800,0,1200,"bu","10:54:46",6794300
32800,0,27200,"sd","10:54:47",6821500
32800,0,2000,"bu","10:54:49",6823500
32800,0,10000,"sd","10:54:50",6833500
32800,0,1000,"bu","10:54:53",6834500
32800,0,6800,"sd","10:54:57",6841300
32800,0,14100,"bu","10:54:59",6855400
32800,0,5000,"sd","10:55:01",6860400
32800,0,7200,"bu","10:55:02",6867600
32800,0,22000,"sd","10:55:05",6889600
32800,0,9100,"bu","10:55:06",6898700
32800,0,6400,"sd","10:55:07",6905100
32800,0,20000,"sd","10:55:09",6925100
32800,0,700,"sd","10:55:10",6925800
32800,0,25100,"sd","10:55:11",6950900
32800,0,4000,"bu","10:55:13",6954900
32800,0,16000,"sd","10:55:14",6970900
32800,0,20100,"sd","10:55:18",6991000
32800,0,1100,"sd","10:55:22",6992100
32800,0,900,"bu","10:55:23",6993000
32800,0,24500,"bu","10:55:26",7017500
32800,0,500,"bu","10:55:48",7018000
32750,-50,15000,"bu","10:55:52",7033000
32800,0,100,"bu","10:55:56",7033100
32750,-50,900,"bu","10:56:00",7034000
32750,-50,3000,"bu","10:56:09",7037000
32750,-50,200,"bu","10:56:10",7037200
32750,-50,500,"bu","10:56:11",7037700
32750,-50,2500,"bu","10:56:17",7040200
32750,-50,3000,"sd","10:56:20",7043200
32750,-50,500,"sd","10:56:21",7043700
32750,-50,1600,"bu","10:56:23",7045300
32750,-50,3000,"bu","10:56:28",7048300
32750,-50,100,"sd","10:56:29",7048400
32750,-50,900,"bu","10:56:31",7049300
32750,-50,500,"bu","10:56:33",7049800
32750,-50,3500,"bu","10:56:36",7053300
32750,-50,21000,"sd","10:56:38",7074300
32750,-50,5100,"sd","10:56:40",7079400
32750,-50,1500,"sd","10:56:42",7080900
32750,-50,100,"bu","10:56:43",7081000
32750,-50,1000,"bu","10:56:44",7082000
32750,-50,15000,"bu","10:56:45",7097000
32750,-50,5000,"bu","10:56:49",7102000
32750,-50,600,"sd","10:56:50",7102600
32750,-50,5100,"bu","10:56:51",7107700
32750,-50,2000,"sd","10:56:54",7109700
32750,-50,12300,"bu","10:56:55",7122000
32750,-50,10000,"sd","10:56:56",7132000
32750,-50,6600,"sd","10:57:00",7138600
32750,-50,20200,"sd","10:57:05",7158800
32750,-50,12400,"sd","10:57:10",7171200
32750,-50,3500,"sd","10:57:12",7174700
32700.000000000004,-100,60700,"sd","10:57:13",7235400
32700.000000000004,-100,200,"sd","10:57:14",7235600
32750,-50,8000,"bu","10:57:17",7243600
32750,-50,3000,"sd","10:57:24",7246600
32700.000000000004,-100,10000,"bu","10:57:25",7256600
32700.000000000004,-100,500,"sd","10:57:28",7257100
32700.000000000004,-100,3000,"bu","10:57:30",7260100
32700.000000000004,-100,35000,"sd","10:57:33",7295100
32700.000000000004,-100,1100,"sd","10:57:36",7296200
32700.000000000004,-100,27200,"bu","10:57:43",7323400
32700.000000000004,-100,9100,"bu","10:57:46",7332500
32700.000000000004,-100,500,"sd","10:57:47",7333000
32750,-50,2100,"bu","10:57:49",7335100
32700.000000000004,-100,1500,"bu","10:57:51",7336600
32700.000000000004,-100,3100,"sd","10:57:55",7339700
32750,-50,700,"sd","10:57:56",7340400
32700.000000000004,-100,50500,"sd","10:57:58",7390900
32700.000000000004,-100,3300,"sd","10:58:00",7394200
32700.000000000004,-100,1000,"sd","10:58:01",7395200
32700.000000000004,-100,6000,"sd","10:58:02",7401200
32700.000000000004,-100,50000,"bu","10:58:03",7451200
32700.000000000004,-100,3100,"bu","10:58:05",7454300
32700.000000000004,-100,28600,"bu","10:58:11",7482900
32700.000000000004,-100,500,"bu","10:58:12",7483400
32700.000000000004,-100,8500,"bu","10:58:14",7491900
32700.000000000004,-100,39800,"bu","10:58:15",7531700
32700.000000000004,-100,500,"bu","10:58:19",7532200
32700.000000000004,-100,13400,"bu","10:58:20",7545600
32700.000000000004,-100,300,"sd","10:58:22",7545900
32700.000000000004,-100,1500,"bu","10:58:23",7547400
32700.000000000004,-100,4200,"sd","10:58:25",7551600
32700.000000000004,-100,4500,"sd","10:58:28",7556100
32750,-50,17000,"sd","10:58:32",7573100
32700.000000000004,-100,7000,"bu","10:58:33",7580100
32750,-50,100,"bu","10:58:37",7580200
32700.000000000004,-100,85600,"sd","10:58:38",7665800
32750,-50,2000,"bu","10:58:40",7667800
32750,-50,100,"bu","10:58:42",7667900
32700.000000000004,-100,1600,"sd","10:58:48",7669500
32800,0,44700,"sd","10:58:49",7714200
32800,0,5200,"sd","10:58:54",7719400
32800,0,300,"sd","10:58:57",7719700
32850,50,4000,"bu","10:59:00",7723700
32800,0,4700,"bu","10:59:02",7728400
32750,-50,200,"sd","10:59:03",7728600
32800,0,6100,"sd","10:59:05",7734700
32800,0,800,"bu","10:59:10",7735500
32800,0,1200,"bu","10:59:19",7736700
32800,0,800,"bu","10:59:20",7737500
32800,0,100,"bu","10:59:23",7737600
32800,0,2100,"sd","10:59:24",7739700
32750,-50,200,"bu","10:59:34",7739900
32750,-50,100,"sd","10:59:37",7740000
32800,0,800,"bu","10:59:42",7740800
32750,-50,3000,"bu","10:59:44",7743800
32750,-50,1200,"bu","10:59:47",7745000
32750,-50,20000,"sd","11:00:05",7765000
32800,0,700,"sd","11:00:06",7765700
32800,0,1000,"sd","11:00:08",7766700
32750,-50,5000,"sd","11:00:09",7771700
32800,0,100,"bu","11:00:16",7771800
32800,0,1100,"bu","11:00:27",7772900
32800,0,600,"bu","11:00:32",7773500
32800,0,5000,"sd","11:00:36",7778500
32750,-50,100,"sd","11:00:37",7778600
32800,0,31900,"bu","11:00:48",7810500
32800,0,500,"bu","11:00:50",7811000
32800,0,8300,"bu","11:01:01",7819300
32800,0,4000,"bu","11:01:11",7823300
32800,0,1000,"sd","11:01:14",7824300
32800,0,10000,"bu","11:01:16",7834300
32800,0,500,"sd","11:01:18",7834800
32800,0,4000,"sd","11:01:21",7838800
32800,0,100,"sd","11:01:38",7838900
32850,50,2700,"bu","11:01:40",7841600
32800,0,10000,"sd","11:01:41",7851600
32800,0,500,"sd","11:01:54",7852100
32800,0,700,"sd","11:01:56",7852800
32800,0,200,"sd","11:02:06",7853000
32850,50,1600,"sd","11:02:09",7854600
32850,50,100,"sd","11:02:11",7854700
32850,50,5000,"sd","11:02:18",7859700
32850,50,12000,"sd","11:02:24",7871700
32850,50,100,"sd","11:02:27",7871800
32850,50,3000,"sd","11:02:33",7874800
32850,50,100,"bu","11:02:36",7874900
32850,50,5000,"bu","11:02:40",7879900
32850,50,22500,"sd","11:02:42",7902400
32800,0,200,"bu","11:02:43",7902600
32850,50,5000,"bu","11:02:49",7907600
32850,50,5000,"sd","11:02:51",7912600
32850,50,3800,"sd","11:02:53",7916400
32850,50,10000,"bu","11:02:55",7926400
32850,50,4300,"sd","11:02:57",7930700
32850,50,3000,"sd","11:02:58",7933700
32850,50,2000,"sd","11:03:03",7935700
32850,50,6000,"sd","11:03:06",7941700
32800,0,900,"bu","11:03:09",7942600
32850,50,500,"bu","11:03:14",7943100
32850,50,1000,"bu","11:03:17",7944100
32850,50,300,"sd","11:03:18",7944400
32850,50,500,"sd","11:03:22",7944900
32850,50,1800,"sd","11:03:23",7946700
32800,0,200,"sd","11:03:24",7946900
32850,50,20100,"sd","11:03:27",7967000
32850,50,20000,"sd","11:03:28",7987000
32850,50,500,"bu","11:03:29",7987500
32850,50,5000,"bu","11:03:31",7992500
32850,50,500,"sd","11:03:32",7993000
32850,50,7500,"bu","11:03:35",8000500
32850,50,1000,"sd","11:03:36",8001500
32850,50,6200,"bu","11:03:40",8007700
32850,50,14700,"bu","11:03:41",8022400
32850,50,500,"sd","11:03:42",8022900
32850,50,5000,"bu","11:03:43",8027900
32800,0,5600,"bu","11:03:48",8033500
32850,50,1200,"sd","11:03:50",8034700
32850,50,200,"sd","11:03:54",8034900
32850,50,27200,"bu","11:04:15",8062100
32850,50,400,"bu","11:04:23",8062500
32800,0,2000,"sd","11:04:28",8064500
32800,0,600,"sd","11:04:38",8065100
32800,0,7400,"sd","11:04:42",8072500
32800,0,30700,"sd","11:04:44",8103200
32850,50,2500,"bu","11:04:48",8105700
32850,50,400,"bu","11:04:55",8106100
32850,50,100,"sd","11:05:03",8106200
32850,50,500,"sd","11:05:22",8106700
32850,50,300,"sd","11:05:34",8107000
32850,50,100,"bu","11:05:35",8107100
32850,50,1800,"bu","11:05:38",8108900
32800,0,800,"bu","11:05:42",8109700
32800,0,29000,"bu","11:05:44",8138700
32800,0,1200,"sd","11:05:46",8139900
32800,0,5100,"sd","11:05:48",8145000
32850,50,3300,"sd","11:05:51",8148300
32850,50,100,"bu","11:05:54",8148400
32800,0,800,"sd","11:05:56",8149200
32800,0,75900,"bu","11:06:01",8225100
32800,0,400,"sd","11:06:06",8225500
32800,0,8000,"sd","11:06:09",8233500
32800,0,300,"bu","11:06:10",8233800
32800,0,100,"bu","11:06:14",8233900
32800,0,300,"bu","11:06:15",8234200
32800,0,500,"sd","11:06:35",8234700
32800,0,1300,"bu","11:06:40",8236000
32800,0,10000,"sd","11:06:45",8246000
32800,0,31000,"bu","11:06:53",8277000
32800,0,100,"sd","11:07:06",8277100
32800,0,5000,"sd","11:07:07",8282100
32800,0,27300,"bu","11:07:12",8309400
32800,0,200,"bu","11:07:22",8309600
32800,0,400,"bu","11:07:31",8310000
32800,0,200,"sd","11:07:45",8310200
32800,0,2200,"sd","11:07:53",8312400
32800,0,8000,"bu","11:07:56",8320400
32800,0,100,"sd","11:08:00",8320500
32800,0,46400,"bu","11:08:07",8366900
32800,0,2000,"sd","11:08:10",8368900
32800,0,1000,"sd","11:08:11",8369900
32800,0,3100,"bu","11:08:21",8373000
32750,-50,3100,"bu","11:08:54",8376100
32800,0,3300,"sd","11:08:57",8379400
32750,-50,1000,"bu","11:08:58",8380400
32800,0,500,"sd","11:09:01",8380900
32750,-50,1500,"sd","11:09:02",8382400
32750,-50,5000,"bu","11:09:04",8387400
32750,-50,800,"bu","11:09:05",8388200
32750,-50,190300,"sd","11:09:06",8578500
32750,-50,4500,"sd","11:09:08",8583000
32750,-50,200,"sd","11:09:10",8583200
32750,-50,900,"bu","11:09:12",8584100
32700.000000000004,-100,900,"bu","11:09:16",8585000
32700.000000000004,-100,190700,"sd","11:09:17",8775700
32700.000000000004,-100,10000,"sd","11:09:19",8785700
32700.000000000004,-100,14100,"bu","11:09:24",8799800
32700.000000000004,-100,1500,"sd","11:09:26",8801300
32700.000000000004,-100,300,"bu","11:09:27",8801600
32700.000000000004,-100,1000,"bu","11:09:28",8802600
32700.000000000004,-100,29900,"bu","11:09:30",8832500
32700.000000000004,-100,8000,"sd","11:09:31",8840500
32700.000000000004,-100,10000,"sd","11:09:33",8850500
32700.000000000004,-100,35800,"sd","11:09:34",8886300
32700.000000000004,-100,18300,"sd","11:09:35",8904600
32700.000000000004,-100,500,"bu","11:09:38",8905100
32700.000000000004,-100,5700,"sd","11:09:42",8910800
32700.000000000004,-100,1200,"sd","11:09:46",8912000
32700.000000000004,-100,400,"bu","11:09:49",8912400
32650,-150,500,"bu","11:09:50",8912900
32650,-150,1600,"bu","11:09:54",8914500
32650,-150,300,"sd","11:09:57",8914800
32700.000000000004,-100,4000,"sd","11:09:58",8918800
32650,-150,5000,"bu","11:10:00",8923800
32650,-150,1000,"bu","11:10:08",8924800
32700.000000000004,-100,1000,"bu","11:10:11",8925800
32650,-150,2100,"bu","11:10:12",8927900
32650,-150,22300,"sd","11:10:15",8950200
32650,-150,3000,"bu","11:10:17",8953200
32650,-150,2300,"sd","11:10:18",8955500
32700.000000000004,-100,65000,"sd","11:10:21",9020500
32650,-150,1400,"bu","11:10:22",9021900
32650,-150,500,"sd","11:10:24",9022400
32700.000000000004,-100,2000,"bu","11:10:25",9024400
32700.000000000004,-100,3800,"bu","11:10:26",9028200
32700.000000000004,-100,8500,"sd","11:10:27",9036700
32750,-50,900,"bu","11:10:30",9037600
32700.000000000004,-100,1500,"bu","11:10:33",9039100
32700.000000000004,-100,12200,"bu","11:10:34",9051300
32700.000000000004,-100,2000,"sd","11:10:36",9053300
32700.000000000004,-100,10400,"bu","11:10:41",9063700
32700.000000000004,-100,5000,"bu","11:10:51",9068700
32750,-50,100,"bu","11:10:52",9068800
32750,-50,1000,"bu","11:10:56",9069800
32750,-50,1500,"sd","11:10:58",9071300
32750,-50,26500,"bu","11:11:02",9097800
32750,-50,1000,"bu","11:11:03",9098800
32750,-50,900,"bu","11:11:05",9099700
32750,-50,24800,"sd","11:11:06",9124500
32700.000000000004,-100,4000,"sd","11:11:07",9128500
32700.000000000004,-100,7100,"sd","11:11:09",9135600
32650,-150,8100,"bu","11:11:11",9143700
32700.000000000004,-100,3000,"sd","11:11:14",9146700
32700.000000000004,-100,5400,"bu","11:11:15",9152100
32700.000000000004,-100,100,"bu","11:11:20",9152200
32700.000000000004,-100,5300,"bu","11:11:23",9157500
32700.000000000004,-100,4800,"bu","11:11:25",9162300
32700.000000000004,-100,4000,"sd","11:11:30",9166300
32700.000000000004,-100,1300,"sd","11:11:32",9167600
32700.000000000004,-100,500,"sd","11:11:37",9168100
32700.000000000004,-100,400,"sd","11:11:43",9168500
32700.000000000004,-100,1500,"sd","11:11:45",9170000
32700.000000000004,-100,5100,"bu","11:11:48",9175100
32700.000000000004,-100,10000,"sd","11:11:52",9185100
32700.000000000004,-100,10000,"bu","11:12:11",9195100
32700.000000000004,-100,100,"sd","11:12:12",9195200
32700.000000000004,-100,1000,"bu","11:12:15",9196200
32700.000000000004,-100,500,"bu","11:12:17",9196700
32700.000000000004,-100,10000,"sd","11:12:18",9206700
32700.000000000004,-100,4800,"bu","11:12:21",9211500
32700.000000000004,-100,23500,"sd","11:12:22",9235000
32650,-150,400,"bu","11:12:25",9235400
32700.000000000004,-100,6100,"sd","11:12:26",9241500
32700.000000000004,-100,100,"sd","11:12:27",9241600
32700.000000000004,-100,4500,"sd","11:12:28",9246100
32700.000000000004,-100,1100,"sd","11:12:35",9247200
32650,-150,21100,"sd","11:12:47",9268300
32650,-150,26500,"bu","11:12:49",9294800
32700.000000000004,-100,3200,"bu","11:12:50",9298000
32700.000000000004,-100,100,"bu","11:12:52",9298100
32650,-150,800,"bu","11:12:56",9298900
32650,-150,5100,"bu","11:13:04",9304000
32700.000000000004,-100,1000,"sd","11:13:10",9305000
32700.000000000004,-100,100,"sd","11:13:16",9305100
32700.000000000004,-100,2000,"bu","11:13:19",9307100
32700.000000000004,-100,100,"bu","11:13:25",9307200
32650,-150,7900,"bu","11:13:28",9315100
32650,-150,200,"bu","11:13:29",9315300
32650,-150,2000,"sd","11:13:32",9317300
32650,-150,400,"bu","11:13:38",9317700
32650,-150,2900,"sd","11:13:39",9320600
32650,-150,1000,"sd","11:13:51",9321600
32650,-150,36000,"sd","11:14:07",9357600
32650,-150,500,"bu","11:14:08",9358100
32650,-150,3000,"sd","11:14:10",9361100
32700.000000000004,-100,5500,"bu","11:14:11",9366600
32700.000000000004,-100,1000,"bu","11:14:13",9367600
32700.000000000004,-100,500,"bu","11:14:33",9368100
32700.000000000004,-100,16900,"bu","11:14:36",9385000
32700.000000000004,-100,1800,"sd","11:14:37",9386800
32700.000000000004,-100,35600,"bu","11:14:38",9422400
32700.000000000004,-100,800,"bu","11:14:40",9423200
32700.000000000004,-100,500,"sd","11:14:41",9423700
32700.000000000004,-100,51800,"bu","11:14:43",9475500
32700.000000000004,-100,3400,"sd","11:14:48",9478900
32700.000000000004,-100,400,"bu","11:14:51",9479300
32700.000000000004,-100,1700,"sd","11:14:53",9481000
32700.000000000004,-100,500,"bu","11:14:55",9481500
32700.000000000004,-100,7400,"sd","11:14:59",9488900
32700.000000000004,-100,20000,"sd","11:15:02",9508900
32700.000000000004,-100,100,"sd","11:15:03",9509000
32700.000000000004,-100,4000,"sd","11:15:05",9513000
32700.000000000004,-100,300,"sd","11:15:12",9513300
32700.000000000004,-100,400,"bu","11:15:15",9513700
32700.000000000004,-100,100,"bu","11:15:18",9513800
32700.000000000004,-100,5000,"sd","11:15:19",9518800
32700.000000000004,-100,100,"sd","11:15:22",9518900
32650,-150,2600,"bu","11:15:31",9521500
32650,-150,3700,"sd","11:15:32",9525200
32700.000000000004,-100,100,"bu","11:15:38",9525300
32700.000000000004,-100,500,"bu","11:15:46",9525800
32650,-150,225300,"bu","11:15:53",9751100
32650,-150,500,"bu","11:15:58",9751600
32650,-150,100,"bu","11:16:02",9751700
32650,-150,5100,"sd","11:16:05",9756800
32650,-150,5500,"sd","11:16:11",9762300
32650,-150,7200,"bu","11:16:12",9769500
32650,-150,2000,"bu","11:16:14",9771500
32650,-150,3300,"bu","11:16:15",9774800
32700.000000000004,-100,200,"bu","11:16:18",9775000
32650,-150,10000,"bu","11:16:19",9785000
32650,-150,500,"sd","11:16:21",9785500
32650,-150,5000,"sd","11:16:24",9790500
32650,-150,11200,"bu","11:16:29",9801700
32650,-150,2600,"sd","11:16:30",9804300
32650,-150,2000,"bu","11:16:35",9806300
32650,-150,2800,"bu","11:16:38",9809100
32650,-150,1000,"bu","11:16:42",9810100
32650,-150,1200,"bu","11:16:52",9811300
32650,-150,2500,"sd","11:16:55",9813800
32650,-150,3800,"bu","11:16:57",9817600
32650,-150,1700,"bu","11:17:01",9819300
32650,-150,2000,"bu","11:17:02",9821300
32650,-150,6000,"sd","11:17:06",9827300
32650,-150,5400,"bu","11:17:17",9832700
32650,-150,2000,"bu","11:17:31",9834700
32650,-150,600,"sd","11:17:32",9835300
32700.000000000004,-100,31000,"sd","11:17:37",9866300
32650,-150,3000,"bu","11:17:41",9869300
32700.000000000004,-100,100,"bu","11:17:47",9869400
32650,-150,10000,"sd","11:17:49",9879400
32700.000000000004,-100,200,"bu","11:17:55",9879600
32650,-150,4100,"bu","11:17:58",9883700
32650,-150,7900,"bu","11:17:59",9891600
32650,-150,500,"sd","11:18:03",9892100
32650,-150,300,"sd","11:18:04",9892400
32650,-150,20000,"bu","11:18:15",9912400
32650,-150,3000,"sd","11:18:20",9915400
32650,-150,100,"bu","11:18:23",9915500
32650,-150,500,"bu","11:18:26",9916000
32650,-150,100,"bu","11:18:28",9916100
32700.000000000004,-100,500,"sd","11:18:34",9916600
32650,-150,1000,"bu","11:18:38",9917600
32650,-150,1100,"sd","11:18:45",9918700
32650,-150,3500,"bu","11:18:49",9922200
32700.000000000004,-100,200,"bu","11:18:51",9922400
32700.000000000004,-100,1700,"sd","11:19:07",9924100
32700.000000000004,-100,3000,"bu","11:19:14",9927100
32650,-150,15000,"bu","11:19:21",9942100
32700.000000000004,-100,300,"bu","11:19:33",9942400
32650,-150,5000,"bu","11:19:35",9947400
32650,-150,24100,"sd","11:19:37",9971500
32650,-150,1100,"bu","11:19:39",9972600
32650,-150,4200,"bu","11:19:56",9976800
32650,-150,4000,"bu","11:20:01",9980800
32650,-150,1200,"bu","11:20:04",9982000
32700.000000000004,-100,500,"sd","11:20:07",9982500
32650,-150,1500,"bu","11:20:14",9984000
32650,-150,900,"sd","11:20:31",9984900
32650,-150,11000,"sd","11:20:38",9995900
32650,-150,8000,"bu","11:20:39",10003900
32650,-150,2700,"bu","11:20:46",10006600
32650,-150,2000,"sd","11:20:53",10008600
32650,-150,200,"sd","11:20:57",10008800
32650,-150,10000,"bu","11:21:02",10018800
32650,-150,1000,"sd","11:21:06",10019800
32650,-150,15100,"sd","11:21:07",10034900
32650,-150,1100,"sd","11:21:24",10036000
32650,-150,13000,"bu","11:21:30",10049000
32650,-150,100,"sd","11:21:35",10049100
32700.000000000004,-100,2000,"sd","11:21:36",10051100
32650,-150,5000,"bu","11:21:38",10056100
32700.000000000004,-100,5000,"sd","11:21:53",10061100
32700.000000000004,-100,8000,"sd","11:21:58",10069100
32700.000000000004,-100,30000,"sd","11:21:59",10099100
32700.000000000004,-100,10200,"bu","11:22:01",10109300
32700.000000000004,-100,200,"bu","11:22:03",10109500
32700.000000000004,-100,35400,"bu","11:22:06",10144900
32700.000000000004,-100,100,"sd","11:22:07",10145000
32700.000000000004,-100,3000,"sd","11:22:14",10148000
32700.000000000004,-100,1100,"bu","11:22:17",10149100
32700.000000000004,-100,100,"sd","11:22:19",10149200
32700.000000000004,-100,500,"sd","11:22:20",10149700
32700.000000000004,-100,1000,"bu","11:22:22",10150700
32700.000000000004,-100,400,"bu","11:22:23",10151100
32700.000000000004,-100,3000,"sd","11:22:27",10154100
32700.000000000004,-100,100,"bu","11:22:31",10154200
32700.000000000004,-100,32000,"bu","11:22:33",10186200
32700.000000000004,-100,2000,"sd","11:22:34",10188200
32700.000000000004,-100,14400,"sd","11:22:36",10202600
32700.000000000004,-100,1000,"bu","11:22:45",10203600
32700.000000000004,-100,5000,"sd","11:22:46",10208600
32700.000000000004,-100,200,"bu","11:22:58",10208800
32700.000000000004,-100,4100,"sd","11:23:04",10212900
32700.000000000004,-100,2200,"bu","11:23:09",10215100
32750,-50,100,"sd","11:23:15",10215200
32750,-50,500,"bu","11:23:18",10215700
32700.000000000004,-100,2000,"sd","11:23:25",10217700
32750,-50,5000,"bu","11:23:31",10222700
32700.000000000004,-100,12500,"sd","11:23:33",10235200
32750,-50,28200,"sd","11:23:38",10263400
32700.000000000004,-100,1000,"bu","11:23:41",10264400
32750,-50,400,"sd","11:23:44",10264800
32750,-50,500,"bu","11:23:55",10265300
32750,-50,3300,"bu","11:24:01",10268600
32750,-50,300,"bu","11:24:07",10268900
32750,-50,20000,"sd","11:24:10",10288900
32750,-50,16000,"sd","11:24:13",10304900
32750,-50,6900,"bu","11:24:14",10311800
32750,-50,5000,"bu","11:24:16",10316800
32750,-50,3500,"sd","11:24:19",10320300
32750,-50,5200,"bu","11:24:22",10325500
32750,-50,500,"sd","11:24:24",10326000
32750,-50,800,"bu","11:24:25",10326800
32750,-50,800,"bu","11:24:27",10327600
32800,0,5100,"sd","11:24:43",10332700
32800,0,20000,"sd","11:24:54",10352700
32800,0,3000,"bu","11:25:08",10355700
32750,-50,26000,"sd","11:25:14",10381700
32750,-50,30000,"sd","11:25:37",10411700
32750,-50,3000,"sd","11:25:39",10414700
32750,-50,2000,"sd","11:25:50",10416700
32750,-50,300,"sd","11:25:54",10417000
32750,-50,1000,"bu","11:26:11",10418000
32800,0,500,"sd","11:26:22",10418500
32800,0,1000,"sd","11:26:32",10419500
32800,0,300,"bu","11:26:40",10419800
32800,0,500,"bu","11:26:42",10420300
32800,0,2000,"sd","11:26:43",10422300
32800,0,7000,"sd","11:26:48",10429300
32800,0,92100,"sd","11:26:51",10521400
32800,0,1900,"sd","11:27:17",10523300
32800,0,200,"bu","11:27:19",10523500
32800,0,40000,"bu","11:27:24",10563500
32800,0,3500,"bu","11:27:27",10567000
32800,0,300,"bu","11:27:33",10567300
32800,0,2000,"sd","11:27:45",10569300
32800,0,1000,"sd","11:27:51",10570300
32800,0,3500,"bu","11:27:52",10573800
32850,50,19000,"bu","11:28:08",10592800
32850,50,10000,"sd","11:28:10",10602800
32800,0,200,"bu","11:28:19",10603000
32800,0,5100,"bu","11:28:27",10608100
32850,50,200,"bu","11:28:36",10608300
32850,50,10000,"bu","11:28:39",10618300
32850,50,3000,"bu","11:28:43",10621300
32800,0,500,"sd","11:28:44",10621800
32800,0,6100,"bu","11:29:00",10627900
32800,0,25000,"bu","11:29:01",10652900
32800,0,8000,"bu","11:29:11",10660900
32800,0,25000,"sd","11:29:13",10685900
32800,0,40000,"sd","11:29:14",10725900
32800,0,1000,"sd","11:29:19",10726900
32800,0,7100,"bu","11:29:24",10734000
32800,0,500,"sd","11:29:29",10734500
32800,0,500,"bu","11:29:34",10735000
32800,0,1000,"bu","11:29:51",10736000
32800,0,100,"bu","13:00:20",10736100
32800,0,5300,"sd","13:00:22",10741400
32750,-50,2600,"bu","13:00:26",10761400
32750,-50,3000,"sd","13:00:31",10764400
32800,0,3800,"sd","13:00:38",10768200
32750,-50,1700,"sd","13:00:40",10769900
32800,0,1200,"bu","13:00:42",10771100
32750,-50,6000,"bu","13:00:45",10777100
32800,0,2500,"bu","13:00:50",10779600
32800,0,300,"bu","13:00:51",10779900
32800,0,400,"bu","13:00:59",10780300
32750,-50,11800,"bu","13:01:00",10792100
32750,-50,400,"bu","13:01:03",10792500
32750,-50,400,"sd","13:01:07",10792900
32800,0,20000,"sd","13:01:09",10812900
32800,0,96100,"bu","13:01:11",10909000
32800,0,1000,"sd","13:01:14",10910000
32800,0,500,"bu","13:01:16",10910500
32850,50,900,"bu","13:01:18",10911400
32800,0,6000,"bu","13:01:24",10917400
32800,0,1900,"bu","13:01:26",10919300
32800,0,100,"sd","13:01:37",10919400
32800,0,7000,"bu","13:01:42",10926400
32800,0,500,"bu","13:01:43",10926900
32800,0,100,"sd","13:01:52",10927000
32800,0,5000,"bu","13:01:56",10932000
32800,0,20700,"sd","13:02:00",10952700
32800,0,11500,"bu","13:02:01",10964200
32800,0,3000,"sd","13:02:02",10967200
32800,0,19100,"sd","13:02:05",10986300
32800,0,2000,"bu","13:02:25",10988300
32800,0,200,"bu","13:02:36",10988500
32800,0,1500,"sd","13:02:38",10990000
32800,0,1000,"sd","13:02:53",10991000
32750,-50,3000,"bu","13:03:14",10994000
32800,0,3900,"bu","13:03:17",10997900
32800,0,600,"sd","13:03:25",10998500
32800,0,21600,"bu","13:03:27",11020100
32800,0,100,"sd","13:03:28",11020200
32800,0,3100,"sd","13:03:33",11023300
32800,0,5000,"bu","13:03:55",11028300
32800,0,41000,"sd","13:04:01",11069300
32800,0,3000,"bu","13:04:02",11072300
32800,0,500,"bu","13:04:07",11072800
32850,50,4600,"sd","13:04:23",11077400
32850,50,100,"bu","13:04:25",11077500
32800,0,500,"sd","13:04:26",11078000
32850,50,900,"sd","13:04:35",11078900
32800,0,15000,"bu","13:04:39",11093900
32750,-50,100000,"sd","13:04:44",11193900
32750,-50,400,"sd","13:04:47",11194300
32800,0,2000,"sd","13:04:55",11196300
32800,0,1000,"sd","13:05:00",11197300
32800,0,100,"sd","13:05:07",11197400
32800,0,2100,"sd","13:05:21",11199500
32800,0,5000,"bu","13:05:42",11204500
32800,0,500,"bu","13:05:52",11205000
32800,0,300,"sd","13:05:56",11205300
32800,0,800,"bu","13:06:00",11206100
32800,0,700,"bu","13:06:05",11206800
32800,0,5300,"bu","13:06:08",11212100
32800,0,87200,"sd","13:06:12",11299300
32800,0,900,"sd","13:06:22",11300200
32800,0,1000,"sd","13:06:29",11301200
32800,0,100,"sd","13:06:40",11301300
32800,0,1900,"bu","13:06:43",11303200
32800,0,1600,"bu","13:06:52",11304800
32750,-50,100,"bu","13:07:23",11304900
32800,0,600,"sd","13:07:28",11305500
32750,-50,3000,"sd","13:07:47",11308500
32750,-50,2000,"bu","13:08:23",11310500
32750,-50,10000,"bu","13:08:25",11320500
32800,0,100,"bu","13:08:32",11320600
32800,0,2100,"sd","13:08:56",11322700
32800,0,3700,"bu","13:08:59",11326400
32800,0,100,"sd","13:09:18",11326500
32800,0,900,"bu","13:09:43",11327400
32750,-50,3700,"bu","13:09:46",11331100
32800,0,200,"bu","13:09:57",11331300
32800,0,2000,"bu","13:10:07",11333300
32800,0,100000,"sd","13:10:13",11433300
32750,-50,10000,"sd","13:10:15",11443300
32800,0,14900,"sd","13:10:18",11458200
32750,-50,2300,"bu","13:10:35",11460500
32750,-50,2200,"sd","13:10:49",11462700
32750,-50,3000,"sd","13:11:10",11465700
32800,0,2300,"sd","13:11:14",11468000
32800,0,3100,"bu","13:11:31",11471100
32800,0,500,"sd","13:11:33",11471600
32800,0,100,"sd","13:11:38",11471700
32800,0,600,"sd","13:12:02",11472300
32800,0,51200,"sd","13:12:04",11523500
32800,0,1300,"sd","13:12:12",11524800
32800,0,4200,"bu","13:12:19",11529000
32750,-50,11700,"bu","13:12:21",11540700
32800,0,500,"sd","13:12:23",11541200
32800,0,5800,"sd","13:12:31",11547000
32800,0,13200,"bu","13:12:42",11560200
32800,0,5100,"sd","13:13:00",11565300
32800,0,800,"sd","13:13:05",11566100
32800,0,9900,"sd","13:13:30",11576000
32800,0,900,"bu","13:13:44",11576900
32800,0,3000,"bu","13:14:23",11579900
32800,0,500,"sd","13:14:27",11580400
32800,0,5100,"sd","13:14:41",11585500
32850,50,11800,"bu","13:15:46",11597300
32850,50,5000,"bu","13:15:48",11602300
32850,50,100,"sd","13:15:50",11602400
32850,50,1000,"bu","13:15:53",11603400
32850,50,19900,"bu","13:16:10",11623300
32850,50,1300,"sd","13:16:17",11624600
32850,50,3000,"bu","13:16:23",11627600
32850,50,6000,"sd","13:16:56",11633600
32850,50,1800,"bu","13:17:07",11635400
32850,50,2000,"bu","13:17:12",11637400
32850,50,100,"bu","13:17:19",11637500
32850,50,30900,"bu","13:17:21",11668400
32850,50,3000,"bu","13:17:23",11671400
32850,50,14200,"bu","13:17:27",11685600
32850,50,9800,"sd","13:17:32",11695400
32850,50,2100,"bu","13:17:36",11697500
32900,100,1100,"sd","13:17:45",11698600
32850,50,1000,"sd","13:17:47",11699600
32850,50,200,"sd","13:17:50",11699800
32850,50,9100,"bu","13:18:09",11708900
32850,50,5000,"sd","13:18:18",11713900
32850,50,12100,"bu","13:18:20",11726000
32850,50,100,"bu","13:18:42",11726100
32850,50,11000,"bu","13:18:54",11737100
32800,0,28000,"sd","13:19:26",11765100
32850,50,7900,"bu","13:19:37",11773000
32850,50,6000,"bu","13:19:55",11779000
32800,0,11900,"sd","13:20:23",11790900
32800,0,4500,"sd","13:20:30",11795400
32800,0,11200,"bu","13:21:29",11806600
32800,0,10700,"sd","13:21:30",11817300
32800,0,3000,"sd","13:21:32",11820300
32800,0,83900,"sd","13:21:48",11904200
32750,-50,42000,"sd","13:22:10",11946200
32750,-50,6200,"sd","13:22:25",11952400
32700.000000000004,-100,2000,"sd","13:22:39",11954400
32700.000000000004,-100,4000,"bu","13:23:03",11958400
32700.000000000004,-100,4000,"sd","13:23:11",11962400
32750,-50,600,"sd","13:23:35",11963000
32750,-50,5600,"sd","13:23:55",11968600
32750,-50,5000,"bu","13:24:02",11973600
32750,-50,13500,"bu","13:24:17",11987100
32750,-50,2000,"sd","13:24:22",11989100
32750,-50,500,"bu","13:24:46",11989600
32800,0,1800,"bu","13:24:48",11991400
32800,0,3100,"bu","13:25:11",11994500
32800,0,500,"bu","13:26:12",11995000
32800,0,500,"bu","13:26:31",11995500
32750,-50,900,"bu","13:26:48",11996400
32800,0,1600,"bu","13:26:51",11998000
32800,0,200,"sd","13:26:56",11998200
32800,0,1800,"sd","13:27:05",12000000
32800,0,1000,"bu","13:27:16",12001000
32800,0,200,"sd","13:27:21",12001200
32800,0,1000,"sd","13:27:45",12002200
32800,0,500,"bu","13:28:00",12002700
32800,0,2500,"sd","13:28:05",12005200
32800,0,3500,"bu","13:28:33",12008700
32800,0,400,"sd","13:28:38",12009100
32800,0,1800,"sd","13:29:10",12010900
32800,0,1700,"sd","13:29:20",12012600
32800,0,300,"sd","13:29:38",12012900
32800,0,1100,"bu","13:30:08",12014000
32750,-50,6900,"sd","13:30:15",12020900
32800,0,100,"bu","13:30:24",12021000
32750,-50,200,"sd","13:30:32",12021200
32750,-50,100,"sd","13:30:33",12021300
32800,0,1000,"bu","13:31:32",12022300
32800,0,2900,"bu","13:31:36",12025200
32800,0,1000,"bu","13:31:45",12026200
32750,-50,900,"sd","13:32:13",12027100
32800,0,1000,"bu","13:32:18",12028100
32750,-50,50500,"bu","13:33:00",12078600
32750,-50,114000,"sd","13:33:11",12192600
32750,-50,3000,"bu","13:33:17",12195600
32750,-50,700,"bu","13:33:24",12196300
32700.000000000004,-100,200,"sd","13:33:30",12196500
32700.000000000004,-100,4000,"sd","13:33:46",12200500
32750,-50,500,"sd","13:33:49",12201000
32750,-50,1900,"sd","13:33:51",12202900
32750,-50,10300,"bu","13:34:39",12213200
32750,-50,100,"bu","13:34:43",12213300
32750,-50,22100,"bu","13:34:53",12235400
32750,-50,200,"sd","13:34:55",12235600
32750,-50,900,"sd","13:34:59",12236500
32700.000000000004,-100,16000,"bu","13:35:11",12252500
32700.000000000004,-100,5000,"bu","13:35:37",12257500
32700.000000000004,-100,60000,"bu","13:35:44",12317500
32700.000000000004,-100,50200,"bu","13:35:46",12367700
32700.000000000004,-100,75200,"sd","13:35:55",12442900
32700.000000000004,-100,4000,"sd","13:35:58",12446900
32700.000000000004,-100,63400,"sd","13:36:05",12510300
32700.000000000004,-100,136900,"sd","13:36:09",12647200
32650,-150,1000,"sd","13:36:13",12648200
32650,-150,50000,"bu","13:36:15",12698200
32700.000000000004,-100,101000,"sd","13:36:20",12799200
32650,-150,151700,"bu","13:36:29",12950900
32700.000000000004,-100,39600,"bu","13:36:42",12990500
32700.000000000004,-100,100,"sd","13:36:48",12990600
32700.000000000004,-100,200,"sd","13:36:56",12990800
32700.000000000004,-100,15000,"sd","13:37:05",13005800
32700.000000000004,-100,1000,"sd","13:37:18",13006800
32700.000000000004,-100,10000,"sd","13:37:25",13016800
32700.000000000004,-100,3100,"sd","13:37:35",13019900
32700.000000000004,-100,300,"sd","13:37:37",13020200
32700.000000000004,-100,1000,"bu","13:37:39",13021200
32700.000000000004,-100,3800,"bu","13:37:42",13025000
32700.000000000004,-100,8900,"bu","13:37:44",13033900
32750,-50,3200,"bu","13:38:12",13037100
32700.000000000004,-100,5000,"sd","13:38:16",13042100
32700.000000000004,-100,8800,"sd","13:38:48",13050900
32700.000000000004,-100,6300,"sd","13:39:03",13057200
32700.000000000004,-100,300,"bu","13:39:05",13057500
32750,-50,5200,"sd","13:39:21",13062700
32700.000000000004,-100,10200,"sd","13:39:51",13072900
32700.000000000004,-100,1000,"bu","13:39:53",13073900
32700.000000000004,-100,400,"sd","13:39:56",13074300
32700.000000000004,-100,30000,"sd","13:39:59",13104300
32700.000000000004,-100,1000,"bu","13:40:01",13105300
32700.000000000004,-100,7500,"bu","13:40:07",13112800
32700.000000000004,-100,1200,"sd","13:40:09",13114000
32700.000000000004,-100,500,"bu","13:40:12",13114500
32700.000000000004,-100,3500,"sd","13:40:19",13118000
32700.000000000004,-100,2500,"bu","13:40:32",13120500
32700.000000000004,-100,1000,"bu","13:40:37",13121500
32700.000000000004,-100,1800,"bu","13:40:39",13123300
32700.000000000004,-100,2000,"sd","13:40:40",13125300
32700.000000000004,-100,5200,"sd","13:40:44",13130500
32700.000000000004,-100,4700,"sd","13:41:14",13135200
32700.000000000004,-100,2000,"bu","13:41:18",13137200
32700.000000000004,-100,1000,"bu","13:41:20",13138200
32700.000000000004,-100,3200,"sd","13:41:28",13141400
32700.000000000004,-100,500,"sd","13:41:30",13141900
32700.000000000004,-100,10500,"sd","13:41:35",13152400
32700.000000000004,-100,2200,"sd","13:41:39",13154600
32700.000000000004,-100,3800,"sd","13:41:41",13158400
32700.000000000004,-100,2000,"sd","13:41:42",13160400
32700.000000000004,-100,5400,"sd","13:41:48",13165800
32700.000000000004,-100,500,"bu","13:41:50",13166300
32700.000000000004,-100,3200,"sd","13:41:56",13169500
32700.000000000004,-100,1000,"bu","13:42:01",13170500
32700.000000000004,-100,100,"bu","13:42:05",13170600
32700.000000000004,-100,3000,"sd","13:42:07",13173600
32700.000000000004,-100,100,"bu","13:42:11",13173700
32700.000000000004,-100,10100,"bu","13:42:18",13183800
32700.000000000004,-100,1000,"bu","13:42:27",13184800
32700.000000000004,-100,300,"bu","13:42:33",13185100
32700.000000000004,-100,3100,"sd","13:42:35",13188200
32700.000000000004,-100,16000,"sd","13:42:41",13204200
32700.000000000004,-100,1000,"sd","13:42:43",13205200
32700.000000000004,-100,15100,"sd","13:42:52",13220300
32700.000000000004,-100,1700,"sd","13:42:54",13222000
32700.000000000004,-100,3000,"sd","13:42:56",13225000
32700.000000000004,-100,8400,"bu","13:43:35",13233400
32750,-50,600,"sd","13:43:50",13234000
32700.000000000004,-100,5000,"bu","13:44:43",13239000
32700.000000000004,-100,41400,"bu","13:44:48",13280400
32700.000000000004,-100,2800,"bu","13:45:08",13283200
32700.000000000004,-100,600,"bu","13:45:12",13283800
32700.000000000004,-100,500,"bu","13:45:14",13284300
32700.000000000004,-100,1000,"sd","13:45:22",13285300
32700.000000000004,-100,3400,"sd","13:45:28",13288700
32700.000000000004,-100,500,"sd","13:45:32",13289200
32700.000000000004,-100,100,"bu","13:45:34",13289300
32700.000000000004,-100,3000,"sd","13:45:45",13292300
32700.000000000004,-100,1100,"sd","13:46:05",13293400
32700.000000000004,-100,500,"bu","13:46:07",13293900
32700.000000000004,-100,400,"bu","13:46:12",13294300
32700.000000000004,-100,900,"sd","13:46:22",13295200
32700.000000000004,-100,700,"bu","13:46:31",13295900
32700.000000000004,-100,100,"bu","13:46:35",13296000
32700.000000000004,-100,500,"bu","13:46:41",13296500
32700.000000000004,-100,100,"bu","13:46:52",13296600
32700.000000000004,-100,1600,"bu","13:47:07",13298200
32700.000000000004,-100,1900,"bu","13:47:25",13300100
32650,-150,1000,"sd","13:47:30",13301100
32700.000000000004,-100,10000,"sd","13:47:35",13311100
32700.000000000004,-100,500,"sd","13:47:43",13311600
32700.000000000004,-100,300,"sd","13:47:50",13311900
32650,-150,27000,"sd","13:47:58",13338900
32650,-150,50000,"bu","13:48:10",13388900
32650,-150,50000,"sd","13:48:18",13438900
32650,-150,25000,"bu","13:48:20",13463900
32650,-150,35200,"bu","13:48:23",13499100
32650,-150,50300,"sd","13:48:25",13549400
32650,-150,8000,"sd","13:48:29",13557400
32650,-150,1800,"bu","13:48:30",13559200
32650,-150,17000,"bu","13:48:36",13576200
32650,-150,600,"bu","13:48:38",13576800
32600,-200,4900,"bu","13:48:49",13581700
32650,-150,10700,"sd","13:48:56",13592400
32600,-200,2100,"sd","13:48:58",13594500
32600,-200,2200,"bu","13:49:00",13596700
32650,-150,1000,"sd","13:49:01",13597700
32650,-150,3900,"bu","13:49:07",13601600
32650,-150,7900,"sd","13:49:09",13609500
32650,-150,3600,"sd","13:49:14",13613100
32650,-150,1000,"sd","13:49:16",13614100
32650,-150,700,"bu","13:49:19",13614800
32650,-150,4500,"bu","13:49:23",13619300
32650,-150,3100,"bu","13:49:26",13622400
32700.000000000004,-100,1700,"sd","13:49:42",13624100
32650,-150,1600,"bu","13:49:48",13625700
32650,-150,1000,"sd","13:49:58",13626700
32650,-150,50100,"bu","13:50:07",13676800
32650,-150,400,"bu","13:50:17",13677200
32700.000000000004,-100,3500,"bu","13:50:21",13680700
32700.000000000004,-100,2200,"sd","13:50:35",13682900
32700.000000000004,-100,2200,"sd","13:50:44",13685100
32700.000000000004,-100,1700,"sd","13:50:46",13686800
32700.000000000004,-100,20100,"bu","13:50:50",13706900
32650,-150,50100,"bu","13:51:00",13757000
32650,-150,36000,"bu","13:51:12",13793000
32650,-150,1100,"sd","13:51:16",13794100
32650,-150,1100,"sd","13:51:18",13795200
32650,-150,5000,"sd","13:51:22",13800200
32650,-150,2500,"sd","13:51:32",13802700
32600,-200,100,"bu","13:51:34",13802800
32650,-150,5100,"bu","13:51:38",13807900
32650,-150,100,"sd","13:51:39",13808000
32650,-150,2700,"bu","13:51:41",13810700
32650,-150,1200,"bu","13:51:43",13811900
32650,-150,41500,"bu","13:51:53",13853400
32700.000000000004,-100,6000,"sd","13:51:55",13859400
32700.000000000004,-100,400,"bu","13:52:01",13859800
32650,-150,50000,"bu","13:52:03",13909800
32700.000000000004,-100,1000,"sd","13:52:07",13910800
32650,-150,22900,"sd","13:52:09",13933700
32650,-150,800,"bu","13:52:11",13934500
32650,-150,1300,"bu","13:52:13",13935800
32650,-150,3000,"sd","13:52:15",13938800
32650,-150,2500,"bu","13:52:21",13941300
32650,-150,5000,"bu","13:52:31",13946300
32650,-150,10300,"sd","13:52:32",13956600
32650,-150,5000,"sd","13:52:36",13961600
32650,-150,5000,"bu","13:52:38",13966600
32650,-150,3600,"sd","13:52:44",13970200
32650,-150,2300,"sd","13:52:46",13972500
32650,-150,1100,"bu","13:52:48",13973600
32650,-150,11600,"sd","13:52:57",13985200
32650,-150,11000,"sd","13:52:59",13996200
32650,-150,15500,"sd","13:53:09",14011700
32650,-150,23600,"bu","13:53:19",14035300
32650,-150,19100,"bu","13:53:26",14054400
32650,-150,5200,"sd","13:53:28",14059600
32650,-150,1100,"sd","13:53:32",14060700
32650,-150,500,"bu","13:53:49",14061200
32700.000000000004,-100,1400,"bu","13:54:08",14062600
32700.000000000004,-100,2300,"bu","13:54:16",14064900
32700.000000000004,-100,1000,"sd","13:54:23",14065900
32700.000000000004,-100,2900,"bu","13:54:27",14068800
32700.000000000004,-100,13600,"sd","13:54:29",14082400
32700.000000000004,-100,200,"sd","13:54:37",14082600
32700.000000000004,-100,300,"bu","13:54:45",14082900
32700.000000000004,-100,8000,"bu","13:54:56",14090900
32750,-50,10000,"bu","13:54:58",14100900
32750,-50,100,"sd","13:55:02",14101000
32750,-50,1000,"bu","13:55:24",14102000
32750,-50,400,"bu","13:55:28",14102400
32750,-50,1000,"bu","13:55:46",14103400
32750,-50,100,"bu","13:55:47",14103500
32700.000000000004,-100,1000,"sd","13:56:08",14104500
32750,-50,400,"bu","13:56:17",14104900
32750,-50,1700,"sd","13:56:28",14106600
32750,-50,1700,"sd","13:56:32",14108300
32700.000000000004,-100,3200,"bu","13:56:34",14111500
32750,-50,19000,"sd","13:56:45",14130500
32750,-50,100,"bu","13:56:47",14130600
32750,-50,9200,"sd","13:56:49",14139800
32750,-50,1100,"bu","13:57:03",14140900
32750,-50,200,"sd","13:57:05",14141100
32750,-50,3200,"sd","13:57:11",14144300
32750,-50,200,"bu","13:57:15",14144500
32750,-50,100,"bu","13:57:19",14144600
32750,-50,10000,"sd","13:57:21",14154600
32750,-50,7800,"sd","13:57:27",14162400
32750,-50,6900,"bu","13:57:51",14169300
32750,-50,1000,"bu","13:57:53",14170300
32750,-50,200,"sd","13:58:06",14170500
32750,-50,2100,"bu","13:58:43",14172600
32750,-50,100,"bu","13:58:50",14172700
32750,-50,11500,"bu","13:59:00",14184200
32750,-50,6000,"bu","13:59:03",14190200
32750,-50,100,"sd","13:59:07",14190300
32750,-50,7000,"bu","13:59:20",14197300
32750,-50,2100,"bu","13:59:24",14199400
32750,-50,3100,"sd","13:59:30",14202500
32750,-50,1000,"sd","13:59:33",14203500
32750,-50,200,"sd","13:59:35",14203700
32750,-50,100,"bu","13:59:43",14203800
32750,-50,11000,"bu","13:59:45",14214800
32750,-50,700,"sd","13:59:47",14215500
32750,-50,100,"bu","13:59:49",14215600
32750,-50,4000,"sd","13:59:51",14219600
32750,-50,700,"sd","13:59:57",14220300
32800,0,100,"sd","14:00:21",14220400
32800,0,600,"sd","14:00:37",14221000
32750,-50,800,"sd","14:00:46",14221800
32800,0,4400,"sd","14:01:00",14226200
32800,0,2000,"sd","14:01:07",14228200
32750,-50,1000,"bu","14:01:11",14229200
32750,-50,800,"sd","14:01:15",14230000
32750,-50,800,"sd","14:01:19",14230800
32750,-50,2000,"sd","14:01:27",14232800
32750,-50,7400,"bu","14:01:46",14240200
32800,0,300,"bu","14:02:01",14240500
32750,-50,10100,"bu","14:02:33",14250600
32800,0,100,"bu","14:02:38",14250700
32750,-50,2100,"sd","14:02:56",14252800
32800,0,1000,"bu","14:03:00",14253800
32800,0,1700,"sd","14:03:15",14255500
32750,-50,800,"bu","14:03:19",14256300
32750,-50,300,"bu","14:03:25",14256600
32750,-50,7400,"bu","14:03:53",14264000
32750,-50,1800,"bu","14:03:55",14265800
32800,0,1900,"bu","14:03:59",14267700
32750,-50,3000,"bu","14:04:02",14270700
32800,0,4700,"bu","14:04:09",14275400
32750,-50,900,"sd","14:04:13",14276300
32750,-50,24500,"sd","14:04:15",14300800
32750,-50,2000,"bu","14:04:17",14302800
32750,-50,800,"sd","14:04:19",14303600
32750,-50,5800,"bu","14:04:25",14309400
32750,-50,8000,"sd","14:04:27",14317400
32750,-50,1800,"bu","14:04:29",14319200
32750,-50,3000,"bu","14:04:45",14322200
32750,-50,800,"bu","14:04:49",14323000
32750,-50,3100,"sd","14:04:58",14326100
32750,-50,800,"bu","14:05:01",14326900
32750,-50,1800,"bu","14:05:14",14328700
32750,-50,800,"sd","14:05:18",14329500
32750,-50,3200,"bu","14:05:56",14332700
32800,0,600,"bu","14:06:03",14333300
32750,-50,2500,"bu","14:06:05",14335800
32800,0,100,"bu","14:06:20",14335900
32750,-50,10100,"sd","14:06:33",14346000
32750,-50,200,"bu","14:06:35",14346200
32800,0,12200,"sd","14:07:01",14358400
32750,-50,2000,"bu","14:07:09",14360400
32800,0,200,"sd","14:07:11",14360600
32750,-50,1000,"sd","14:07:15",14361600
32750,-50,7500,"bu","14:07:26",14369100
32800,0,1500,"sd","14:07:33",14370600
32750,-50,35600,"bu","14:07:47",14406200
32750,-50,1400,"bu","14:07:50",14407600
32750,-50,10000,"sd","14:07:53",14417600
32800,0,1100,"bu","14:07:59",14418700
32750,-50,3600,"bu","14:08:12",14422300
32750,-50,6300,"sd","14:08:19",14428600
32750,-50,6000,"sd","14:08:23",14434600
32750,-50,3000,"sd","14:08:33",14437600
32700.000000000004,-100,1000,"sd","14:08:35",14438600
32750,-50,200,"bu","14:08:41",14438800
32750,-50,3000,"sd","14:08:52",14441800
32750,-50,100,"bu","14:08:54",14441900
32750,-50,7100,"sd","14:09:06",14449000
32750,-50,200,"bu","14:09:16",14449200
32750,-50,10100,"bu","14:09:18",14459300
32750,-50,1500,"sd","14:09:25",14460800
32750,-50,100,"bu","14:09:27",14460900
32750,-50,10500,"bu","14:10:01",14471400
32750,-50,1700,"sd","14:10:02",14473100
32750,-50,5100,"sd","14:10:13",14478200
32750,-50,100,"sd","14:10:32",14478300
32750,-50,1900,"bu","14:10:38",14480200
32750,-50,8700,"sd","14:10:44",14488900
32750,-50,100,"bu","14:10:53",14489000
32750,-50,30100,"bu","14:10:57",14519100
32800,0,200,"sd","14:11:00",14519300
32750,-50,800,"bu","14:11:04",14520100
32750,-50,100,"bu","14:11:10",14520200
32750,-50,2000,"sd","14:11:23",14522200
32700.000000000004,-100,4100,"bu","14:11:46",14526300
32750,-50,4000,"bu","14:12:02",14530300
32750,-50,400,"sd","14:12:07",14530700
32750,-50,1400,"sd","14:12:12",14532100
32750,-50,1900,"bu","14:12:19",14534000
32750,-50,200,"sd","14:12:28",14534200
32750,-50,100,"bu","14:12:48",14534300
32750,-50,3300,"sd","14:13:15",14537600
32750,-50,4000,"sd","14:13:18",14541600
32750,-50,1000,"bu","14:13:20",14542600
32700.000000000004,-100,1000,"bu","14:13:22",14543600
32750,-50,600,"bu","14:13:25",14544200
32750,-50,5400,"bu","14:13:35",14549600
32750,-50,9000,"sd","14:13:46",14558600
32750,-50,1500,"bu","14:13:50",14560100
32750,-50,2000,"sd","14:13:57",14562100
32750,-50,3200,"sd","14:14:10",14565300
32750,-50,10300,"bu","14:14:27",14575600
32750,-50,1600,"bu","14:14:30",14577200
32750,-50,6800,"bu","14:14:33",14584000
32750,-50,40000,"bu","14:14:40",14624000
32750,-50,5600,"bu","14:14:46",14629600
32750,-50,5100,"sd","14:15:02",14634700
32750,-50,3000,"sd","14:15:09",14637700
32750,-50,100,"bu","14:15:18",14637800
32750,-50,200,"bu","14:15:25",14638000
32750,-50,3100,"sd","14:15:38",14641100
32750,-50,11300,"sd","14:15:48",14652400
32750,-50,100,"bu","14:15:53",14652500
32750,-50,5000,"bu","14:15:55",14657500
32750,-50,3000,"bu","14:16:00",14660500
32750,-50,6000,"bu","14:16:03",14666500
32750,-50,3000,"bu","14:16:07",14669500
32750,-50,200,"bu","14:16:15",14669700
32750,-50,10200,"sd","14:16:17",14679900
32750,-50,3100,"sd","14:16:19",14683000
32750,-50,2100,"sd","14:16:22",14685100
32750,-50,23900,"bu","14:16:47",14709000
32700.000000000004,-100,7900,"sd","14:16:55",14716900
32750,-50,1000,"bu","14:16:58",14717900
32700.000000000004,-100,800,"sd","14:17:00",14718700
32750,-50,100,"sd","14:17:02",14718800
32700.000000000004,-100,2800,"sd","14:17:04",14721600
32700.000000000004,-100,800,"bu","14:17:11",14722400
32750,-50,1800,"sd","14:17:18",14724200
32750,-50,3800,"sd","14:17:22",14728000
32700.000000000004,-100,10800,"sd","14:17:29",14738800
32750,-50,1800,"bu","14:17:41",14740600
32750,-50,1800,"bu","14:17:49",14742400
32700.000000000004,-100,800,"bu","14:17:55",14743200
32700.000000000004,-100,3200,"sd","14:17:59",14746400
32700.000000000004,-100,800,"bu","14:18:03",14747200
32750,-50,2100,"sd","14:18:14",14749300
32700.000000000004,-100,800,"bu","14:18:18",14750100
32750,-50,4300,"sd","14:18:30",14754400
32700.000000000004,-100,1900,"sd","14:18:34",14756300
32700.000000000004,-100,3000,"sd","14:18:37",14759300
32700.000000000004,-100,36100,"sd","14:18:56",14795400
32700.000000000004,-100,1300,"sd","14:18:58",14796700
32700.000000000004,-100,5500,"sd","14:19:00",14802200
32700.000000000004,-100,38300,"sd","14:19:02",14840500
32650,-150,800,"bu","14:19:12",14841300
32700.000000000004,-100,2900,"bu","14:19:18",14844200
32700.000000000004,-100,3000,"bu","14:19:33",14847200
32700.000000000004,-100,100,"bu","14:19:37",14847300
32700.000000000004,-100,11900,"sd","14:19:47",14859200
32650,-150,4000,"sd","14:19:52",14863200
32700.000000000004,-100,25200,"bu","14:20:05",14888400
32700.000000000004,-100,500,"sd","14:20:13",14888900
32650,-150,100,"sd","14:20:15",14889000
32650,-150,30000,"bu","14:20:17",14919000
32650,-150,17900,"sd","14:20:28",14936900
32650,-150,15400,"sd","14:20:41",14952300
32650,-150,41100,"sd","14:20:50",14993400
32700.000000000004,-100,6700,"bu","14:20:52",15000100
32700.000000000004,-100,1300,"bu","14:20:54",15001400
32700.000000000004,-100,1800,"sd","14:21:01",15003200
32700.000000000004,-100,1000,"bu","14:21:15",15004200
32700.000000000004,-100,3000,"sd","14:21:17",15007200
32700.000000000004,-100,100,"bu","14:21:24",15007300
32700.000000000004,-100,200,"bu","14:21:35",15007500
32700.000000000004,-100,600,"bu","14:21:42",15008100
32700.000000000004,-100,1000,"bu","14:21:45",15009100
32700.000000000004,-100,1000,"bu","14:21:53",15010100
32700.000000000004,-100,4000,"sd","14:22:03",15014100
32700.000000000004,-100,4200,"bu","14:22:06",15018300
32700.000000000004,-100,8600,"bu","14:22:22",15026900
32650,-150,6200,"bu","14:22:27",15033100
32700.000000000004,-100,500,"bu","14:22:32",15033600
32700.000000000004,-100,1000,"bu","14:22:39",15034600
32700.000000000004,-100,1800,"bu","14:22:50",15036400
32700.000000000004,-100,500,"bu","14:23:01",15036900
32700.000000000004,-100,100,"bu","14:23:06",15037000
32650,-150,15200,"bu","14:23:15",15052200
32700.000000000004,-100,1000,"sd","14:23:17",15053200
32700.000000000004,-100,1700,"bu","14:23:20",15054900
32650,-150,800,"bu","14:23:22",15055700
32700.000000000004,-100,1000,"bu","14:23:24",15056700
32650,-150,800,"sd","14:23:29",15057500
32650,-150,6000,"sd","14:23:31",15063500
32650,-150,800,"sd","14:23:33",15064300
32650,-150,1000,"bu","14:23:35",15065300
32700.000000000004,-100,11200,"bu","14:23:42",15076500
32650,-150,400,"bu","14:23:44",15076900
32650,-150,32700,"sd","14:23:49",15109600
32700.000000000004,-100,1200,"bu","14:23:52",15110800
32650,-150,50800,"bu","14:23:54",15161600
32650,-150,55200,"bu","14:24:01",15216800
32650,-150,4100,"bu","14:24:04",15220900
32650,-150,1900,"bu","14:24:11",15222800
32600,-200,11700,"bu","14:24:18",15234500
32650,-150,2000,"bu","14:24:22",15236500
32650,-150,600,"sd","14:24:33",15237100
32650,-150,200,"bu","14:24:35",15237300
32650,-150,600,"sd","14:24:38",15237900
32650,-150,1300,"sd","14:24:46",15239200
32650,-150,100,"sd","14:24:49",15239300
32650,-150,6200,"bu","14:24:51",15245500
32650,-150,4100,"sd","14:24:54",15249600
32650,-150,5000,"bu","14:24:56",15254600
32650,-150,30000,"sd","14:24:59",15284600
32650,-150,1000,"bu","14:25:02",15285600
32650,-150,2200,"bu","14:25:04",15287800
32650,-150,100,"bu","14:25:07",15287900
32650,-150,2100,"bu","14:25:18",15290000
32650,-150,200,"bu","14:25:20",15290200
32650,-150,21700,"bu","14:25:23",15311900
32600,-200,200,"sd","14:25:25",15312100
32650,-150,300,"sd","14:25:27",15312400
32600,-200,150000,"bu","14:25:32",15462400
32650,-150,20200,"bu","14:25:34",15482600
32600,-200,101800,"bu","14:25:37",15584400
32600,-200,130100,"bu","14:25:39",15714500
32549.999999999996,-250,120400,"bu","14:25:41",15834900
32600,-200,64300,"bu","14:25:44",15899200
32600,-200,110000,"bu","14:25:50",16009200
32600,-200,1500,"bu","14:25:53",16010700
32549.999999999996,-250,4400,"bu","14:25:55",16015100
32549.999999999996,-250,2000,"sd","14:25:57",16017100
32549.999999999996,-250,10000,"sd","14:26:00",16027100
32549.999999999996,-250,14300,"sd","14:26:02",16041400
32549.999999999996,-250,26000,"sd","14:26:06",16067400
32549.999999999996,-250,5200,"bu","14:26:08",16072600
32549.999999999996,-250,5100,"sd","14:26:10",16077700
32549.999999999996,-250,7300,"sd","14:26:15",16085000
32549.999999999996,-250,14900,"sd","14:26:17",16099900
32500,-300,1000,"bu","14:26:20",16100900
32549.999999999996,-250,2200,"bu","14:26:23",16103100
32549.999999999996,-250,200,"bu","14:26:25",16103300
32549.999999999996,-250,6000,"bu","14:26:28",16109300
32500,-300,10100,"sd","14:26:33",16119400
32549.999999999996,-250,5500,"sd","14:26:35",16124900
32549.999999999996,-250,11400,"sd","14:26:37",16136300
32549.999999999996,-250,3000,"sd","14:26:44",16139300
32549.999999999996,-250,23400,"sd","14:26:46",16162700
32549.999999999996,-250,1000,"sd","14:26:48",16163700
32600,-200,1300,"sd","14:26:53",16165000
32549.999999999996,-250,2000,"bu","14:26:56",16167000
32600,-200,5000,"sd","14:26:58",16172000
32600,-200,100,"bu","14:27:00",16172100
32549.999999999996,-250,200,"bu","14:27:03",16172300
32600,-200,500,"sd","14:27:05",16172800
32600,-200,10100,"sd","14:27:10",16182900
32600,-200,5100,"bu","14:27:18",16188000
32600,-200,13200,"bu","14:27:27",16201200
32600,-200,7400,"sd","14:27:30",16208600
32600,-200,5000,"sd","14:27:33",16213600
32600,-200,27600,"sd","14:27:35",16241200
32600,-200,8000,"bu","14:27:38",16249200
32600,-200,200,"bu","14:27:41",16249400
32600,-200,500,"sd","14:27:43",16249900
32600,-200,8600,"sd","14:27:53",16258500
32600,-200,7900,"bu","14:27:58",16266400
32600,-200,19000,"sd","14:28:00",16285400
32600,-200,7500,"sd","14:28:03",16292900
32600,-200,3600,"bu","14:28:05",16296500
32600,-200,6500,"bu","14:28:08",16303000
32600,-200,6600,"bu","14:28:10",16309600
32549.999999999996,-250,118600,"bu","14:28:12",16428200
32600,-200,1600,"bu","14:28:19",16429800
32600,-200,100,"sd","14:28:26",16429900
32600,-200,500,"sd","14:28:29",16430400
32600,-200,10500,"bu","14:28:34",16440900
32600,-200,7000,"sd","14:28:50",16447900
32600,-200,11000,"sd","14:28:52",16458900
32549.999999999996,-250,9400,"sd","14:29:00",16468300
32600,-200,2500,"sd","14:29:02",16470800
32549.999999999996,-250,100500,"sd","14:29:07",16571300
32600,-200,200,"sd","14:29:10",16571500
32600,-200,14500,"bu","14:29:19",16586000
32549.999999999996,-250,5000,"bu","14:29:22",16591000
32549.999999999996,-250,3400,"sd","14:29:25",16594400
32549.999999999996,-250,2500,"sd","14:29:27",16596900
32549.999999999996,-250,22100,"sd","14:29:29",16619000
32500,-300,1100,"sd","14:29:32",16620100
32549.999999999996,-250,1100,"sd","14:29:34",16621200
32549.999999999996,-250,1600,"sd","14:29:37",16622800
32500,-300,4400,"bu","14:29:45",16627200
32500,-300,303200,"sd","14:29:54",16930400
32500,-300,119700,"sd","14:29:59",17050100
32500,-300,10500,"bu","14:30:02",17060600
32549.999999999996,-250,6000,"sd","14:30:05",17066600
32549.999999999996,-250,22000,"bu","14:30:07",17088600
32500,-300,963700,"bu","14:45:15",18052300
