"price","change","match_qtty","side","time","total_vol"
24.95,-0.6,16300,"","14:45:00",633600
25.3,-0.25,500,"bu","14:29:44",617300
25.3,-0.25,1000,"bu","14:28:43",616800
25.3,-0.25,1000,"bu","14:28:17",615800
25.3,-0.25,4200,"bu","14:28:10",614800
25.3,-0.25,2700,"bu","14:28:06",610600
25.3,-0.25,2400,"bu","14:27:57",607900
25.3,-0.25,3200,"bu","14:27:53",605500
25.3,-0.25,2000,"bu","14:27:49",602300
25.15,-0.4,1200,"bu","14:27:46",600300
25.15,-0.4,200,"bu","14:23:43",599100
25.15,-0.4,500,"bu","14:21:39",598900
25.15,-0.4,300,"bu","14:19:37",598400
25,-0.55,1000,"sd","14:19:34",598100
25,-0.55,6100,"sd","14:19:10",597100
25.15,-0.4,3900,"sd","14:19:10",591000
25.15,-0.4,4000,"sd","14:17:29",587100
25.15,-0.4,500,"sd","14:16:43",583100
25.15,-0.4,400,"sd","14:16:14",582600
25.15,-0.4,200,"sd","14:15:58",582200
25.4,-0.4,100,"bu","14:17:12",621400
25.4,-0.4,5000,"bu","14:16:59",621300
25.4,-0.4,5000,"bu","14:16:39",616300
25.35,-0.45,1000,"sd","14:16:37",611300
25.4,-0.4,10000,"bu","14:16:33",610300
25.35,-0.45,5000,"sd","14:16:32",600300
25.35,-0.45,2500,"sd","14:15:57",595300
25.35,-0.45,1300,"sd","14:15:15",592800
25.4,-0.4,16100,"sd","14:14:33",591500
25.45,-0.35,800,"sd","14:13:19",575400
25.5,-0.3,400,"bu","14:13:14",574600
25.5,-0.3,100,"bu","14:13:09",574200
25.45,-0.35,4200,"bu","14:13:04",574100
25.4,-0.4,200,"sd","14:12:58",569900
25.45,-0.35,800,"sd","14:12:53",569700
25.45,-0.35,200,"bu","14:12:48",568900
25.45,-0.35,2000,"bu","14:12:45",568700
25.45,-0.35,1500,"bu","14:12:41",566700
25.45,-0.35,1300,"sd","14:12:33",565200
25.45,-0.35,300,"sd","14:12:10",563900
25.5,-0.3,2400,"sd","14:11:31",563600
25.5,-0.3,7600,"bu","14:10:50",561200
25.45,-0.35,900,"bu","14:10:44",553600
25.45,-0.35,1000,"bu","14:10:27",552700
25.45,-0.35,900,"bu","14:10:24",551700
25.4,-0.4,2500,"sd","14:10:16",550800
25.45,-0.35,500,"bu","14:09:30",548300
25.45,-0.35,100,"bu","14:09:04",547800
25.45,-0.35,1600,"sd","14:08:19",547700
25.45,-0.35,1700,"bu","14:07:30",546100
25.45,-0.35,2000,"bu","14:07:26",544400
25.45,-0.35,200,"bu","14:07:11",542400
25.45,-0.35,100,"bu","14:07:07",542200
25.4,-0.4,3000,"sd","14:07:01",542100
25.45,-0.35,1700,"sd","14:06:48",539100
25.5,-0.3,100,"bu","14:06:05",537400
25.5,-0.3,300,"bu","14:05:57",537300
25.5,-0.3,2300,"sd","14:05:41",537000
25.55,-0.25,100,"bu","14:05:29",534700
25.55,-0.25,900,"bu","14:03:52",534600
25.55,-0.25,800,"bu","14:03:40",533700
25.5,-0.3,800,"bu","14:03:32",532900
25.5,-0.3,100,"bu","14:03:27",532100
25.5,-0.3,400,"bu","14:03:24",532000
25.5,-0.3,500,"bu","14:03:21",531600
25.5,-0.3,1200,"sd","14:03:15",531100
25.55,-0.25,100,"bu","14:02:33",529900
25.55,-0.25,100,"bu","14:02:31",529800
25.55,-0.25,300,"bu","14:02:28",529700
25.5,-0.3,8800,"bu","14:02:22",529400
25.5,-0.3,700,"bu","14:01:59",520600
25.5,-0.3,100,"bu","14:01:55",519900
25.45,-0.35,4400,"bu","14:01:50",519800
25.4,-0.4,300,"sd","14:01:43",515400
25.45,-0.35,600,"sd","14:01:37",515100
25.5,-0.3,400,"sd","13:59:50",514500
25.5,-0.3,1600,"bu","13:59:43",514100
25.5,-0.3,3000,"bu","13:59:42",512500
25.5,-0.3,100,"bu","13:58:55",509500
25.5,-0.3,400,"bu","13:58:50",509400
25.5,-0.3,500,"bu","13:58:36",509000
25.45,-0.35,800,"bu","13:58:28",508500
25.45,-0.35,1000,"bu","13:58:13",507700
25.45,-0.35,500,"bu","13:57:40",506700
25.45,-0.35,300,"bu","13:56:34",506200
25.4,-0.4,2000,"sd","13:56:26",505900
25.4,-0.4,1500,"sd","13:56:22",503900
25.45,-0.35,400,"sd","13:56:16",502400
25.45,-0.35,2000,"sd","13:56:02",502000
25.5,-0.3,900,"sd","13:54:37",500000
25.5,-0.3,1000,"sd","13:54:25",499100
25.5,-0.3,1100,"bu","13:54:24",498100
25.5,-0.3,5000,"bu","13:54:19",497000
25.5,-0.3,3000,"bu","13:54:15",492000
25.5,-0.3,1500,"bu","13:54:11",489000
25.45,-0.35,9700,"bu","13:54:04",487500
25.45,-0.35,1000,"sd","13:52:17",477800
25.5,-0.3,900,"bu","13:51:39",476800
25.5,-0.3,100,"bu","13:51:35",475900
25.45,-0.35,3600,"bu","13:49:45",475800
25.45,-0.35,900,"bu","13:47:05",472200
25.45,-0.35,200,"bu","13:46:14",471300
25.45,-0.35,500,"bu","13:45:06",471100
25.45,-0.35,3800,"sd","13:42:56",470600
25.45,-0.35,4200,"bu","13:42:30",466800
25.45,-0.35,100,"bu","13:41:40",462600
25.45,-0.35,300,"bu","13:40:30",462500
25.45,-0.35,500,"bu","13:40:27",462200
25.45,-0.35,1500,"bu","13:40:23",461700
25.45,-0.35,1400,"sd","13:40:17",460200
25.45,-0.35,3600,"bu","13:40:03",458800
25.45,-0.35,600,"sd","13:39:58",455200
25.45,-0.35,2900,"bu","13:39:54",454600
25.45,-0.35,500,"bu","13:39:46",451700
25.45,-0.35,200,"bu","13:39:43",451200
25.4,-0.4,1500,"sd","13:39:36",451000
25.4,-0.4,3000,"sd","13:39:30",449500
25.45,-0.35,2500,"bu","13:39:14",446500
25.45,-0.35,200,"bu","13:39:11",444000
25.45,-0.35,900,"bu","13:39:09",443800
25.45,-0.35,500,"bu","13:39:03",442900
25.45,-0.35,2300,"sd","13:37:12",442400
25.5,-0.3,1600,"bu","13:35:24",440100
25.5,-0.3,100,"bu","13:34:07",438500
25.5,-0.3,100,"bu","13:32:13",438400
25.5,-0.3,100,"bu","13:31:04",438300
25.5,-0.3,1000,"bu","13:31:00",438200
25.5,-0.3,900,"bu","13:30:57",437200
25.5,-0.3,100,"bu","13:30:53",436300
25.5,-0.3,5000,"bu","13:30:49",436200
25.45,-0.35,2900,"bu","13:30:29",431200
25.45,-0.35,1200,"sd","13:29:54",428300
25.5,-0.3,100,"bu","13:29:22",427100
25.45,-0.35,300,"bu","13:28:47",427000
25.45,-0.35,100,"bu","13:28:37",426700
25.45,-0.35,300,"bu","13:28:33",426600
25.45,-0.35,100,"bu","13:27:52",426300
25.45,-0.35,1000,"bu","13:27:39",426200
25.45,-0.35,1700,"sd","13:26:52",425200
25.45,-0.35,400,"sd","13:26:44",423500
25.5,-0.3,1600,"sd","13:26:44",423100
25.5,-0.3,900,"bu","13:26:43",421500
25.5,-0.3,5000,"bu","13:26:38",420600
25.5,-0.3,500,"bu","13:26:34",415600
25.5,-0.3,1200,"bu","13:26:31",415100
25.5,-0.3,500,"bu","13:26:27",413900
25.5,-0.3,400,"bu","13:26:24",413400
25.5,-0.3,100,"bu","13:26:19",413000
25.45,-0.35,3300,"bu","13:26:10",412900
25.45,-0.35,100,"bu","13:24:56",409600
25.45,-0.35,100,"bu","13:23:30",409500
25.45,-0.35,400,"bu","13:23:24",409400
25.45,-0.35,4600,"sd","13:21:29",409000
25.5,-0.3,800,"sd","13:19:07",404400
25.55,-0.25,500,"sd","13:18:56",403600
25.55,-0.25,4500,"bu","13:18:52",403100
25.5,-0.3,100,"sd","13:18:42",398600
25.5,-0.3,600,"sd","13:18:38",398500
25.5,-0.3,400,"sd","13:18:35",397900
25.55,-0.25,100,"bu","13:18:11",397500
25.55,-0.25,500,"bu","13:18:02",397400
25.5,-0.3,4100,"bu","13:17:58",396900
25.5,-0.3,500,"bu","13:17:53",392800
25.5,-0.3,1100,"sd","13:17:47",392300
25.55,-0.25,200,"bu","13:16:34",391200
25.55,-0.25,300,"bu","13:16:25",391000
25.5,-0.3,1900,"bu","13:16:13",390700
25.5,-0.3,400,"bu","13:16:07",388800
25.5,-0.3,2500,"bu","13:16:01",388400
25.5,-0.3,200,"bu","13:15:47",385900
25.5,-0.3,500,"bu","13:15:43",385700
25.5,-0.3,100,"bu","13:15:37",385200
25.45,-0.35,200,"sd","13:15:25",385100
25.45,-0.35,200,"sd","13:15:18",384900
25.45,-0.35,100,"bu","13:15:06",384700
25.45,-0.35,400,"bu","13:15:00",384600
25.45,-0.35,4000,"sd","13:14:28",384200
25.5,-0.3,1400,"sd","13:14:06",380200
25.5,-0.3,8600,"bu","13:13:09",378800
25.5,-0.3,300,"bu","13:12:43",370200
25.5,-0.3,1500,"sd","13:09:08",369900
25.5,-0.3,1800,"bu","13:07:17",368400
25.5,-0.3,2200,"bu","13:07:13",366600
25.5,-0.3,500,"bu","13:07:08",364400
25.45,-0.35,100,"bu","13:06:44",363900
25.4,-0.4,300,"sd","13:02:49",363800
25.4,-0.4,100,"sd","13:00:35",363500
25.4,-0.4,100,"sd","13:00:34",363400
25.4,-0.4,400,"sd","13:00:33",363300
25.45,-0.35,100,"sd","13:00:33",362900
25.5,-0.3,100,"bu","13:00:07",362800
25.5,-0.3,700,"bu","13:00:04",362700
25.4,-0.4,300,"sd","13:00:01",362000
25.45,-0.35,100,"sd","13:00:01",361700
25.5,-0.3,200,"bu","11:29:23",361600
25.5,-0.3,800,"bu","11:28:31",361400
25.5,-0.3,300,"bu","11:27:18",360600
25.4,-0.4,100,"sd","11:24:09",360300
25.4,-0.4,500,"sd","11:23:23",360200
25.45,-0.35,2500,"sd","11:23:23",359700
25.45,-0.35,9000,"sd","11:22:55",357200
25.5,-0.3,6000,"sd","11:22:55",348200
25.5,-0.3,3100,"sd","11:22:40",342200
25.55,-0.25,1900,"sd","11:22:40",339100
25.6,-0.2,1200,"sd","11:21:41",337200
25.7,-0.1,500,"bu","11:20:48",336000
25.65,-0.15,900,"sd","11:20:35",335500
25.65,-0.15,2100,"bu","11:20:31",334600
25.65,-0.15,400,"bu","11:20:27",332500
25.6,-0.2,1300,"bu","11:20:17",332100
25.6,-0.2,800,"bu","11:20:11",330800
25.6,-0.2,2900,"sd","11:19:52",330000
25.65,-0.15,500,"bu","11:19:35",327100
25.6,-0.2,1100,"bu","11:16:40",326600
25.6,-0.2,1000,"bu","11:16:30",325500
25.6,-0.2,500,"bu","11:16:21",324500
25.6,-0.2,200,"bu","11:14:15",324000
25.7,-0.1,100,"bu","11:10:49",323800
25.65,-0.15,100,"sd","11:10:43",323700
25.65,-0.15,2300,"bu","11:10:39",323600
25.6,-0.2,2000,"bu","11:10:11",315700
25.6,-0.2,200,"bu","11:10:07",313700
25.6,-0.2,1700,"sd","11:10:02",313500
25.65,-0.15,1000,"bu","11:09:50",311800
25.65,-0.15,500,"bu","11:09:44",310800
25.65,-0.15,500,"bu","11:08:13",310300
25.6,-0.2,1300,"bu","11:08:04",309800
25.6,-0.2,1000,"bu","11:07:55",308500
25.55,-0.25,100,"bu","11:06:52",307500
25.55,-0.25,500,"bu","11:06:09",307400
25.55,-0.25,200,"bu","11:05:41",306900
25.55,-0.25,100,"bu","11:04:45",306700
25.55,-0.25,100,"bu","11:02:15",306600
25.55,-0.25,4000,"sd","10:59:41",306500
25.6,-0.2,1700,"sd","10:59:34",302500
25.65,-0.15,200,"bu","10:55:38",300800
25.65,-0.15,2500,"bu","10:52:57",300600
25.65,-0.15,1300,"sd","10:52:51",298100
25.7,-0.1,1000,"bu","10:52:22",296800
25.7,-0.1,2600,"sd","10:52:13",295800
25.7,-0.1,2000,"bu","10:52:03",293200
25.65,-0.15,400,"bu","10:52:03",291200
25.65,-0.15,100,"bu","10:51:55",290800
25.65,-0.15,500,"bu","10:51:43",290700
25.65,-0.15,500,"bu","10:51:36",290200
25.65,-0.15,3500,"sd","10:51:28",289700
25.7,-0.1,1600,"sd","10:51:04",286200
25.75,-0.05,1000,"sd","10:50:54",284600
25.8,0,2000,"bu","10:48:35",283600
25.75,-0.05,900,"sd","10:47:35",281600
25.8,0,200,"bu","10:47:33",280700
25.75,-0.05,4100,"bu","10:47:28",280500
25.75,-0.05,500,"bu","10:45:48",276400
25.7,-0.1,2800,"bu","10:45:44",275900
25.7,-0.1,1200,"bu","10:45:40",273100
25.65,-0.15,3300,"bu","10:45:17",271900
25.6,-0.2,900,"bu","10:45:12",268600
25.6,-0.2,4100,"sd","10:45:07",267700
25.7,-0.1,5000,"bu","10:44:14",263600
25.7,-0.1,100,"bu","10:43:19",258600
25.65,-0.15,2900,"sd","10:43:14",258500
25.65,-0.15,2100,"bu","10:43:12",255600
25.65,-0.15,500,"bu","10:42:23",253500
25.65,-0.15,1000,"bu","10:42:19",253000
25.65,-0.15,500,"bu","10:42:13",252000
25.65,-0.15,1200,"bu","10:42:09",251500
25.6,-0.2,1300,"bu","10:42:04",250300
25.55,-0.25,2300,"bu","10:41:58",249000
25.5,-0.3,100,"sd","10:41:51",246700
25.55,-0.25,700,"sd","10:41:47",246600
25.6,-0.2,200,"bu","10:41:40",245900
25.55,-0.25,800,"bu","10:41:32",245700
25.55,-0.25,4000,"bu","10:41:27",244900
25.5,-0.3,2500,"sd","10:41:16",240900
25.55,-0.25,400,"sd","10:41:11",238400
25.6,-0.2,500,"bu","10:40:06",238000
25.6,-0.2,100,"bu","10:39:48",237500
25.6,-0.2,1700,"bu","10:39:05",237400
25.55,-0.25,300,"bu","10:39:05",235700
25.55,-0.25,300,"bu","10:38:54",235400
25.55,-0.25,500,"bu","10:38:44",235100
25.55,-0.25,500,"bu","10:38:17",234600
25.55,-0.25,200,"bu","10:38:04",234100
25.55,-0.25,500,"bu","10:37:56",233900
25.55,-0.25,100,"bu","10:35:26",233400
25.55,-0.25,3100,"sd","10:33:36",233300
25.6,-0.2,600,"sd","10:33:30",230200
25.7,-0.1,500,"bu","10:33:12",229600
25.6,-0.2,1000,"sd","10:32:59",229100
25.7,-0.1,200,"bu","10:32:20",228100
25.65,-0.15,1500,"sd","10:32:06",227900
25.65,-0.15,3500,"bu","10:32:01",226400
25.65,-0.15,1000,"bu","10:30:47",222900
25.65,-0.15,100,"bu","10:30:37",221900
25.65,-0.15,500,"bu","10:30:36",221800
25.65,-0.15,100,"bu","10:30:32",221300
25.6,-0.2,1400,"bu","10:30:28",221200
25.6,-0.2,1200,"bu","10:30:24",219800
25.6,-0.2,1400,"sd","10:30:17",218600
25.65,-0.15,100,"bu","10:30:03",217200
25.65,-0.15,200,"bu","10:29:58",217100
25.6,-0.2,1600,"bu","10:29:43",216900
25.6,-0.2,200,"bu","10:29:34",215300
25.6,-0.2,1000,"bu","10:29:29",215100
25.6,-0.2,500,"bu","10:29:26",214100
25.55,-0.25,1500,"sd","10:29:16",213600
25.55,-0.25,4400,"bu","10:29:06",212100
25.55,-0.25,1000,"bu","10:28:50",207700
25.55,-0.25,500,"bu","10:28:42",206700
25.5,-0.3,2000,"sd","10:26:55",206200
25.55,-0.25,1000,"bu","10:25:39",204200
25.55,-0.25,500,"bu","10:25:30",203200
25.55,-0.25,800,"bu","10:22:53",202700
25.55,-0.25,2000,"sd","10:22:15",201900
25.6,-0.2,300,"sd","10:21:30",199900
25.6,-0.2,900,"sd","10:21:30",199600
25.65,-0.15,1000,"sd","10:21:10",198700
25.7,-0.1,1000,"bu","10:20:57",197700
25.65,-0.15,4600,"bu","10:20:37",196700
25.65,-0.15,1000,"bu","10:20:05",192100
25.65,-0.15,900,"bu","10:20:01",191100
25.6,-0.2,400,"bu","10:19:57",190200
25.6,-0.2,200,"bu","10:19:52",189800
25.6,-0.2,400,"sd","10:19:46",189600
25.6,-0.2,1600,"bu","10:19:35",189200
25.55,-0.25,100,"bu","10:19:29",187600
25.55,-0.25,500,"bu","10:19:23",187500
25.55,-0.25,1000,"bu","10:19:14",187000
25.55,-0.25,900,"sd","10:19:12",186000
25.6,-0.2,3000,"bu","10:18:17",185100
25.6,-0.2,800,"bu","10:18:13",182100
25.6,-0.2,500,"bu","10:18:09",181300
25.55,-0.25,1100,"bu","10:18:04",180800
25.55,-0.25,500,"bu","10:17:58",179700
25.55,-0.25,1000,"bu","10:16:38",179200
25.55,-0.25,500,"bu","10:16:32",178200
25.55,-0.25,100,"bu","10:15:13",177700
25.55,-0.25,1000,"sd","10:14:02",177600
25.6,-0.2,1200,"bu","10:13:40",176600
25.55,-0.25,3000,"bu","10:13:36",174600
25.55,-0.25,1200,"sd","10:13:30",171600
25.6,-0.2,900,"sd","10:13:18",170400
25.6,-0.2,100,"bu","10:12:08",169500
25.6,-0.2,500,"bu","10:11:58",169400
25.6,-0.2,1000,"bu","10:11:54",168900
25.6,-0.2,500,"bu","10:11:46",167900
25.6,-0.2,500,"bu","10:11:29",167400
25.6,-0.2,200,"sd","10:10:39",166900
25.6,-0.2,1900,"sd","10:10:39",166700
25.65,-0.15,500,"bu","10:10:04",164800
25.65,-0.15,1000,"bu","10:07:59",164300
25.5,-0.3,17400,"sd","10:05:22",163300
25.5,-0.3,4400,"sd","10:05:22",145900
25.55,-0.25,1200,"sd","10:05:22",141500
25.7,-0.1,300,"bu","10:05:14",140300
25.7,-0.1,100,"bu","10:02:59",140000
25.5,-0.3,2200,"sd","10:00:58",139900
25.55,-0.25,2800,"sd","10:00:58",137700
25.55,-0.25,4000,"sd","09:59:00",134900
25.6,-0.2,100,"sd","09:59:00",130900
25.6,-0.2,5000,"sd","09:59:00",130800
25.65,-0.15,900,"sd","09:59:00",125800
25.65,-0.15,1300,"sd","09:58:24",124900
25.7,-0.1,1700,"sd","09:58:24",123600
25.75,-0.05,400,"sd","09:57:46",121900
25.75,-0.05,700,"sd","09:57:12",121500
25.8,0,300,"sd","09:57:12",120800
25.8,0,4700,"bu","09:57:10",120500
25.75,-0.05,1000,"sd","09:56:24",115800
25.8,0,400,"bu","09:56:12",114800
25.75,-0.05,3100,"bu","09:55:57",114400
25.75,-0.05,600,"bu","09:55:50",111300
25.7,-0.1,1000,"sd","09:54:47",110700
25.75,-0.05,100,"bu","09:54:29",109700
25.75,-0.05,800,"bu","09:54:26",109600
25.75,-0.05,500,"bu","09:54:21",108800
25.75,-0.05,2800,"bu","09:54:14",108300
25.75,-0.05,1000,"bu","09:53:32",105500
25.7,-0.1,600,"sd","09:53:27",104500
25.7,-0.1,400,"sd","09:53:24",103900
25.7,-0.1,1300,"bu","09:53:18",103500
25.7,-0.1,500,"bu","09:52:25",102200
25.65,-0.15,3800,"bu","09:52:19",101700
25.65,-0.15,500,"bu","09:52:01",97900
25.65,-0.15,100,"bu","09:51:57",97400
25.6,-0.2,1100,"bu","09:51:53",97300
25.55,-0.25,2800,"bu","09:51:04",96200
25.55,-0.25,2200,"sd","09:51:03",93400
25.55,-0.25,800,"bu","09:50:35",91200
25.55,-0.25,1000,"bu","09:50:09",90400
25.55,-0.25,200,"sd","09:50:08",89400
25.55,-0.25,5000,"sd","09:50:03",89200
25.6,-0.2,1000,"bu","09:49:55",84200
25.6,-0.2,2900,"sd","09:49:39",83200
25.65,-0.15,500,"bu","09:49:31",80300
25.65,-0.15,100,"bu","09:47:32",79800
25.65,-0.15,400,"bu","09:47:24",79700
25.65,-0.15,300,"bu","09:47:19",79300
25.65,-0.15,1000,"bu","09:46:02",79000
25.65,-0.15,500,"sd","09:45:49",78000
25.65,-0.15,600,"bu","09:44:55",77500
25.65,-0.15,1900,"sd","09:44:30",76900
25.7,-0.1,500,"bu","09:44:09",75000
25.7,-0.1,100,"bu","09:43:42",74500
25.7,-0.1,500,"bu","09:41:52",74400
25.7,-0.1,100,"sd","09:41:49",73900
25.7,-0.1,400,"bu","09:41:41",73800
25.7,-0.1,200,"bu","09:41:35",73400
25.7,-0.1,500,"bu","09:41:25",73200
25.65,-0.15,8600,"bu","09:41:18",72700
25.6,-0.2,1400,"bu","09:41:13",64100
25.6,-0.2,100,"bu","09:41:09",62700
25.6,-0.2,3500,"sd","09:41:00",62600
25.65,-0.15,1000,"bu","09:39:32",59100
25.65,-0.15,500,"bu","09:39:28",58100
25.65,-0.15,400,"bu","09:39:27",57600
25.6,-0.2,1500,"bu","09:39:18",57200
25.6,-0.2,1000,"bu","09:38:30",55700
25.6,-0.2,1000,"bu","09:38:15",54700
25.6,-0.2,1000,"sd","09:38:09",53700
25.6,-0.2,5500,"sd","09:38:00",52700
25.6,-0.2,900,"sd","09:36:50",47200
25.65,-0.15,1500,"bu","09:35:31",46300
25.65,-0.15,200,"bu","09:35:25",44800
25.65,-0.15,1800,"sd","09:32:00",44600
25.7,-0.1,800,"bu","09:31:43",42800
25.7,-0.1,200,"bu","09:31:37",42000
25.7,-0.1,500,"bu","09:31:28",41800
25.7,-0.1,1400,"sd","09:29:11",41300
25.7,-0.1,1000,"sd","09:29:06",39900
25.7,-0.1,500,"sd","09:29:02",38900
25.75,-0.05,500,"bu","09:27:54",38400
25.75,-0.05,1000,"sd","09:25:53",37900
25.8,0,500,"bu","09:25:47",36900
25.8,0,1200,"sd","09:24:36",36400
25.85,0.05,1700,"sd","09:23:38",35200
25.9,0.1,1500,"sd","09:23:30",33500
25.9,0.1,1500,"sd","09:23:26",32000
26,0.2,100,"bu","09:23:13",30500
25.95,0.15,1100,"sd","09:23:09",30400
26,0.2,500,"bu","09:23:09",29300
25.95,0.15,900,"bu","09:23:05",28800
25.95,0.15,3200,"bu","09:23:00",27900
25.9,0.1,2100,"bu","09:22:56",24700
25.85,0.05,2300,"bu","09:22:51",22600
25.85,0.05,800,"bu","09:22:31",20300
25.85,0.05,100,"bu","09:22:23",19500
25.8,0,1600,"bu","09:22:17",19400
25.75,-0.05,200,"bu","09:21:34",17800
25.75,-0.05,100,"bu","09:21:33",17600
25.75,-0.05,500,"bu","09:21:20",17500
25.75,-0.05,500,"bu","09:21:15",17000
25.75,-0.05,100,"bu","09:21:10",16500
25.75,-0.05,3600,"sd","09:20:59",16400
25.8,0,1000,"bu","09:20:50",12800
25.8,0,300,"bu","09:19:09",11800
25.8,0,100,"bu","09:18:53",11500
25.75,-0.05,2400,"bu","09:18:48",11400
25.75,-0.05,1300,"bu","09:18:44",9000
25.75,-0.05,300,"bu","09:18:37",7700
25.75,-0.05,100,"bu","09:18:33",7400
25.7,-0.1,2500,"bu","09:18:13",7300
25.7,-0.1,400,"bu","09:18:07",4800
25.7,-0.1,100,"bu","09:18:01",4400
25.7,-0.1,2000,"sd","09:17:51",4300
25.75,-0.05,100,"sd","09:17:45",2300
25.8,0,700,"sd","09:15:52",2200
25.9,0.1,1500,"","09:15:00",1500
25.25,0.05,500,"bu","09:33:09",69000
25.25,0.05,1300,"sd","09:33:03",68500
25.25,0.05,1500,"sd","09:27:19",41700
25.3,0.1,1500,"sd","09:27:13",40200
25.3,0.1,100,"bu","09:32:45",67200
25.3,0.1,300,"bu","09:32:44",67100
25.3,0.1,300,"bu","09:32:43",66800
25.3,0.1,500,"sd","09:27:04",38700
25.35,0.15,500,"bu","09:33:55",80400
25.35,0.15,200,"bu","09:33:46",79900
25.3,0.1,1000,"bu","09:27:42",43200
25.3,0.1,5900,"bu","09:24:59",36000
25.35,0.15,500,"bu","09:33:42",79700
25.35,0.15,100,"bu","09:33:39",79200
25.35,0.15,100,"bu","09:25:33",38100
25.3,0.1,1000,"sd","09:25:19",38000
25.3,0.1,500,"sd","09:25:07",37000
25.3,0.1,500,"sd","09:25:05",36500
25.35,0.15,1300,"sd","09:20:38",25700
25.3,0.1,1100,"sd","09:20:15",20700
25.35,0.15,3700,"bu","09:20:30",24400
25.35,0.15,100,"bu","09:20:09",19600
25.3,0.1,100,"sd","09:20:59",25800
25.3,0.1,800,"sd","09:19:44",19500
25.35,0.15,2200,"bu","09:18:04",18700
25.4,0.2,300,"bu","09:15:37",8900
25.4,0.2,100,"bu","09:15:32",8600
25.35,0.15,600,"sd","09:16:43",16500
25.35,0.15,1000,"sd","09:16:35",15900
25.2,0,200,"sd","09:15:02",8500
25.35,0.15,100,"bu","09:16:01",11500
25.4,0.2,8300,"","09:15:00",8300
25.35,0.15,1500,"sd","09:15:56",11400
25.4,0.2,1000,"bu","09:15:42",9900
25.35,0.15,3400,"bu","09:16:19",14900
25.3,0.1,500,"sd","09:23:14",26800
25.3,0.1,500,"sd","09:23:11",26300
25.3,0.1,100,"bu","09:41:21",92400
25.3,0.1,100,"bu","09:41:18",92300
25.3,0.1,200,"bu","09:41:10",92200
25.3,0.1,100,"bu","09:41:07",92000
25.35,0.15,1500,"bu","10:03:37",140200
25.3,0.1,300,"bu","09:41:03",91900
25.3,0.1,2600,"sd","09:40:30",91600
25.35,0.15,200,"bu","09:37:57",89000
25.25,0.05,100,"sd","09:45:32",98400
25.25,0.05,3200,"sd","09:46:16",106600
25.3,0.1,5000,"bu","09:46:15",103400
25.25,0.05,1500,"bu","09:24:43",28300
26.3,-0.3,1000,"bu","09:22:04",34400
26.2,-0.4,5000,"sd","09:22:00",33400
26.3,-0.3,2000,"bu","09:21:43",28400
26.3,-0.3,100,"bu","09:21:39",26400
26.2,-0.4,1000,"sd","09:21:24",26300
26.2,-0.4,4900,"sd","09:21:19",25300
26.25,-0.35,100,"sd","09:21:19",20400
26.25,-0.35,1500,"sd","09:21:15",20300
26.3,-0.3,1400,"sd","09:20:54",18800
26.4,-0.2,100,"bu","09:20:36",17400
26.4,-0.2,600,"sd","09:20:29",17300
26.5,-0.1,1000,"bu","09:20:00",16700
26.5,-0.1,100,"bu","09:19:51",15700
26.5,-0.1,400,"bu","09:17:48",15600
26.5,-0.1,1000,"bu","09:17:41",15200
26.5,-0.1,500,"bu","09:17:16",14200
26.5,-0.1,100,"bu","09:17:11",13700
26.4,-0.2,1400,"bu","09:17:05",13600
26.35,-0.25,1000,"bu","09:17:05",12200
26.3,-0.3,500,"bu","09:16:57",11200
26.3,-0.3,1000,"bu","09:16:51",10700
26.3,-0.3,500,"bu","09:16:47",9700
26.3,-0.3,100,"bu","09:16:26",9200
26.3,-0.3,1000,"sd","09:16:20",9100
26.3,-0.3,2000,"sd","09:16:13",8100
26.4,-0.2,500,"bu","09:15:55",6100
26.4,-0.2,1000,"bu","09:15:47",5600
26.4,-0.2,100,"bu","09:15:35",4600
26.3,-0.3,4500,"","09:15:00",4500
26.7,0.8,3000,"sd","09:45:22",243200
26.7,0.8,4600,"bu","09:45:00",240200
26.7,0.8,2200,"bu","09:44:40",235600
26.65,0.75,2800,"bu","09:44:40",233400
26.7,0.8,5000,"bu","09:43:23",230600
26.7,0.8,1000,"bu","09:43:20",225600
26.65,0.75,100,"sd","09:43:14",224600
26.65,0.75,1900,"sd","09:43:04",224500
26.7,0.8,3000,"bu","09:42:32",222600
26.65,0.75,200,"sd","09:42:07",219600
26.65,0.75,900,"bu","09:41:46",219400
26.65,0.75,1000,"bu","09:41:42",218500
26.65,0.75,500,"bu","09:41:37",217500
26.65,0.75,100,"bu","09:41:31",217000
26.6,0.7,1300,"bu","09:41:25",216900
26.6,0.7,1000,"bu","09:41:21",215600
26.6,0.7,500,"bu","09:41:17",214600
26.6,0.7,1000,"bu","09:41:13",214100
26.6,0.7,900,"bu","09:41:12",213100
26.6,0.7,300,"sd","09:40:51",212200
26.7,0.8,2600,"bu","09:40:51",211900
26.7,0.8,500,"bu","09:40:45",209300
26.7,0.8,100,"bu","09:40:41",208800
26.7,0.8,1000,"bu","09:40:37",208700
26.6,0.7,700,"bu","09:40:24",207700
26.6,0.7,2000,"bu","09:40:18",207000
26.55,0.65,1700,"bu","09:40:13",205000
26.55,0.65,100,"bu","09:40:12",203300
26.5,0.6,1000,"bu","09:39:56",203200
26.5,0.6,10000,"bu","09:39:51",202200
26.5,0.6,500,"bu","09:39:48",192200
26.5,0.6,100,"bu","09:39:43",191700
26.45,0.55,900,"bu","09:39:35",191600
26.45,0.55,100,"bu","09:39:29",190700
26.45,0.55,2000,"bu","09:39:24",190600
26.4,0.5,2200,"bu","09:38:54",188600
26.4,0.5,2500,"bu","09:38:53",186400
26.35,0.45,200,"bu","09:38:52",183900
26.35,0.45,100,"bu","09:38:50",183700
26.35,0.45,1000,"bu","09:38:44",183600
26.35,0.45,200,"bu","09:38:41",182600
26.35,0.45,500,"bu","09:38:33",182400
26.35,0.45,500,"bu","09:38:32",181900
26.35,0.45,500,"bu","09:38:31",181400
26.35,0.45,500,"bu","09:38:30",180900
26.3,0.4,500,"sd","09:38:11",180400
26.3,0.4,5100,"bu","09:38:02",179900
26.25,0.35,1300,"bu","09:37:54",174800
26.25,0.35,700,"bu","09:37:49",173500
26.25,0.35,2500,"bu","09:37:46",172800
26.2,0.3,400,"bu","09:37:17",170300
26.2,0.3,5000,"bu","09:37:09",169900
26.2,0.3,500,"bu","09:36:45",164900
26.2,0.3,1000,"bu","09:36:38",164400
26.15,0.25,400,"bu","09:36:27",163400
26.15,0.25,500,"bu","09:35:05",163000
26.15,0.25,100,"bu","09:34:49",162500
26.15,0.25,500,"bu","09:34:41",162400
26.15,0.25,1000,"bu","09:34:32",161900
26.15,0.25,200,"bu","09:34:22",160900
26.1,0.2,5700,"bu","09:34:21",160700
26.1,0.2,3300,"sd","09:34:08",155000
26.1,0.2,4200,"bu","09:33:40",151700
26.05,0.15,300,"bu","09:33:29",147500
26.05,0.15,1000,"bu","09:33:20",147200
26.05,0.15,500,"bu","09:33:10",146200
26.05,0.15,500,"bu","09:33:04",145700
26,0.1,9300,"bu","09:32:44",145200
25.95,0.05,2900,"bu","09:32:34",135900
25.95,0.05,1100,"sd","09:32:21",133000
25.95,0.05,1900,"bu","09:32:12",131900
25.9,0,300,"bu","09:32:00",130000
25.9,0,3000,"bu","09:31:59",129700
25.9,0,500,"bu","09:31:56",126700
25.9,0,500,"bu","09:31:55",126200
25.9,0,100,"bu","09:31:50",125700
25.9,0,1000,"bu","09:31:45",125600
25.85,-0.05,200,"bu","09:31:27",124600
25.85,-0.05,1000,"bu","09:31:23",124400
25.85,-0.05,500,"bu","09:31:16",123400
25.85,-0.05,1000,"bu","09:31:09",122900
25.85,-0.05,1000,"bu","09:31:05",121900
25.85,-0.05,500,"bu","09:31:04",120900
25.85,-0.05,800,"sd","09:30:58",120400
25.85,-0.05,300,"sd","09:30:52",119600
25.85,-0.05,3500,"sd","09:30:50",119300
25.85,-0.05,5000,"sd","09:30:43",115800
25.85,-0.05,3000,"sd","09:30:38",110800
25.85,-0.05,3000,"sd","09:30:20",107800
25.85,-0.05,500,"sd","09:30:02",104800
25.9,0,2400,"sd","09:29:08",104300
25.9,0,2000,"sd","09:29:02",101900
25.95,0.05,500,"bu","09:28:53",99900
25.9,0,500,"sd","09:28:52",99400
25.95,0.05,500,"bu","09:28:38",98900
25.95,0.05,100,"bu","09:28:31",98400
25.9,0,200,"sd","09:27:52",98300
25.9,0,500,"sd","09:27:30",98100
25.9,0,2000,"sd","09:27:25",97600
25.9,0,4200,"sd","09:27:13",95600
25.9,0,1000,"sd","09:27:12",91400
25.9,0,5000,"sd","09:27:07",90400
25.95,0.05,1500,"sd","09:26:59",85400
25.95,0.05,3500,"sd","09:26:50",83900
26,0.1,3700,"sd","09:26:28",80400
26.1,0.2,800,"sd","09:26:21",76700
26.1,0.2,1000,"sd","09:26:16",75900
26.15,0.25,100,"sd","09:25:40",74900
26.15,0.25,100,"sd","09:25:35",74800
26.2,0.3,5200,"bu","09:25:03",74700
26.2,0.3,500,"bu","09:24:25",69500
26.15,0.25,500,"sd","09:23:55",69000
26.15,0.25,4300,"bu","09:23:18",68500
26.15,0.25,3700,"sd","09:23:00",64200
26.2,0.3,100,"bu","09:22:45",60500
26.15,0.25,300,"sd","09:22:45",60400
26.15,0.25,1000,"sd","09:22:21",60100
26.15,0.25,500,"sd","09:22:20",59100
26.2,0.3,4300,"sd","09:22:02",58600
26.25,0.35,100,"bu","09:21:58",54300
26.2,0.3,600,"bu","09:21:27",54200
26.2,0.3,500,"bu","09:21:24",53600
26.2,0.3,1000,"bu","09:21:05",53100
26.2,0.3,500,"bu","09:21:01",52100
26.2,0.3,1000,"bu","09:20:56",51600
26.2,0.3,2400,"sd","09:20:30",50600
26.25,0.35,2500,"sd","09:20:30",48200
26.25,0.35,1500,"bu","09:20:29",45700
26.2,0.3,1500,"sd","09:20:20",44200
26.25,0.35,1000,"sd","09:20:01",42700
26.25,0.35,500,"sd","09:19:59",41700
26.3,0.4,100,"sd","09:19:29",41200
26.3,0.4,1300,"bu","09:19:27",41100
26.3,0.4,200,"sd","09:19:23",39800
26.3,0.4,500,"sd","09:19:16",39600
26.3,0.4,1000,"sd","09:19:12",39100
26.3,0.4,2300,"bu","09:19:06",38100
26.3,0.4,500,"bu","09:19:01",35800
26.25,0.35,600,"bu","09:18:55",35300
26.2,0.3,1200,"sd","09:18:48",34700
26.25,0.35,1000,"bu","09:18:37",33500
26.25,0.35,400,"bu","09:18:32",32500
26.25,0.35,100,"bu","09:18:28",32100
26.2,0.3,1500,"sd","09:18:22",32000
26.2,0.3,4000,"sd","09:18:16",30500
26.25,0.35,100,"sd","09:18:10",26500
26.3,0.4,700,"bu","09:18:09",26400
26.25,0.35,100,"sd","09:17:32",25700
26.3,0.4,1000,"bu","09:17:30",25600
26.3,0.4,500,"bu","09:17:25",24600
26.3,0.4,100,"bu","09:17:19",24100
26.25,0.35,800,"bu","09:17:07",24000
26.25,0.35,500,"bu","09:17:02",23200
26.25,0.35,500,"bu","09:16:51",22700
26.2,0.3,100,"bu","09:16:39",22200
26.2,0.3,100,"bu","09:16:31",22100
26.15,0.25,1000,"sd","09:16:12",22000
26.2,0.3,5000,"bu","09:16:08",21000
26.2,0.3,100,"bu","09:16:04",16000
26.2,0.3,100,"bu","09:16:02",15900
26.2,0.3,300,"bu","09:15:20",15800
26.2,0.3,100,"bu","09:15:13",15500
26.2,0.3,15400,"","09:15:00",15400
29.95,0.45,400,"bu","13:02:28",355400
29.95,0.45,1000,"bu","13:02:28",355000
29.95,0.45,100,"bu","13:02:28",354000
29.95,0.45,500,"bu","13:02:28",353900
29.9,0.4,500,"bu","13:02:24",353400
29.9,0.4,1000,"bu","13:02:24",352900
29.9,0.4,600,"bu","13:02:24",351900
29.9,0.4,4800,"bu","13:02:24",350300
29.9,0.4,1000,"bu","13:02:24",351300
29.85,0.35,1000,"bu","13:02:01",345500
29.8,0.3,400,"sd","13:02:00",344500
29.8,0.3,100,"sd","13:02:00",344100
29.8,0.3,2000,"sd","13:02:00",344000
29.8,0.3,500,"sd","13:02:00",342000
29.85,0.35,1000,"bu","13:01:48",341500
29.85,0.35,2000,"bu","13:01:48",340500
29.85,0.35,500,"bu","13:01:48",338500
29.85,0.35,1500,"bu","13:01:48",338000
29.85,0.35,500,"bu","13:01:46",336500
29.85,0.35,500,"bu","13:01:42",336000
29.8,0.3,800,"bu","13:01:26",335500
29.8,0.3,500,"bu","13:01:25",334700
29.8,0.3,100,"bu","13:01:20",334200
29.8,0.3,200,"bu","13:01:18",334100
29.8,0.3,900,"bu","13:01:16",333900
29.8,0.3,100,"bu","13:01:16",333000
29.8,0.3,200,"bu","13:01:14",332900
29.8,0.3,5800,"bu","13:01:14",332700
29.8,0.3,1200,"bu","13:01:10",326900
29.8,0.3,2700,"bu","13:01:10",325700
29.8,0.3,1000,"bu","13:01:10",323000
29.8,0.3,900,"bu","13:01:10",322000
29.8,0.3,1000,"bu","13:01:10",321100
29.8,0.3,4400,"bu","13:01:10",320100
29.8,0.3,400,"bu","13:00:42",315700
29.8,0.3,1500,"bu","13:00:37",315300
29.7,0.2,300,"bu","13:00:23",313800
29.7,0.2,200,"bu","13:00:23",313500
29.7,0.2,2000,"bu","13:00:23",313300
29.7,0.2,1100,"bu","13:00:23",311300
29.7,0.2,1000,"bu","13:00:23",310200
29.7,0.2,1000,"bu","13:00:23",309200
29.7,0.2,4200,"bu","13:00:23",308200
29.7,0.2,3300,"bu","13:00:23",304000
29.65,0.15,500,"bu","13:00:23",300700
29.65,0.15,4300,"bu","13:00:23",300200
29.6,0.1,700,"sd","13:00:22",295900
29.6,0.1,100,"sd","13:00:22",295200
29.6,0.1,3200,"sd","13:00:22",295100
29.65,0.15,200,"bu","13:00:11",291900
29.65,0.15,500,"bu","13:00:06",291700
29.6,0.1,400,"sd","13:00:03",291200
29.6,0.1,1500,"sd","13:00:02",290800
29.7,0.2,1000,"bu","13:00:01",289300
29.7,0.2,700,"bu","13:00:01",288300
29.65,0.15,200,"bu","13:00:01",287600
29.65,0.15,200,"bu","13:00:01",287400
29.65,0.15,200,"bu","13:00:01",287200
29.6,0.1,1000,"sd","13:00:01",287000
29.6,0.1,400,"sd","13:00:01",286000
29.6,0.1,100,"sd","13:00:01",285600
29.65,0.15,100,"bu","13:00:00",285500
29.65,0.15,400,"bu","13:00:00",285400
29.65,0.15,100,"bu","13:00:00",285000
29.6,0.1,600,"sd","13:00:00",284900
29.65,0.15,1200,"bu","13:00:00",284300
29.6,0.1,200,"bu","13:00:00",283100
29.6,0.1,2500,"bu","13:00:00",282900
29.6,0.1,100,"bu","13:00:00",280400
29.5,0,1500,"bu","11:29:58",280300
29.45,-0.05,1000,"sd","11:27:00",278800
29.4,-0.1,500,"unknown","11:22:20",277800
29.4,-0.1,500,"unknown","11:22:20",277300
29.4,-0.1,500,"sd","11:22:20",276800
29.4,-0.1,500,"sd","11:22:20",276300
29.5,0,400,"sd","11:22:17",275800
29.5,0,1500,"sd","11:22:17",275400
29.5,0,1000,"sd","11:22:17",273900
29.5,0,400,"sd","11:22:17",272900
29.5,0,1000,"sd","11:22:17",272500
29.6,0.1,300,"bu","11:20:59",270100
29.6,0.1,200,"bu","11:20:59",269800
29.5,0,100,"sd","11:19:20",269600
29.65,0.15,300,"bu","11:19:19",269500
29.6,0.1,100,"bu","11:19:19",269200
29.6,0.1,200,"bu","11:19:18",269100
29.6,0.1,200,"bu","11:19:18",268900
29.6,0.1,400,"bu","11:19:18",268700
29.6,0.1,500,"bu","11:18:57",268300
29.6,0.1,200,"bu","11:18:04",267800
29.6,0.1,200,"bu","11:18:04",267600
29.55,0.05,100,"bu","11:18:04",267400
29.55,0.05,300,"bu","11:18:03",267300
29.6,0.1,100,"bu","11:17:32",267000
29.6,0.1,100,"bu","11:17:31",266900
29.55,0.05,100,"unknown","11:17:30",266800
29.55,0.05,100,"bu","11:17:29",266700
29.5,0,200,"sd","11:14:48",266600
29.55,0.05,100,"sd","11:14:48",266400
29.55,0.05,100,"sd","11:14:44",266300
29.55,0.05,100,"sd","11:14:44",266300
29.55,0.05,100,"sd","11:14:13",266200
29.6,0.1,300,"bu","11:14:00",266100
29.6,0.1,200,"bu","11:14:00",265800
29.6,0.1,300,"bu","11:13:49",265600
29.6,0.1,500,"sd","11:12:16",265300
29.6,0.1,200,"bu","11:12:09",264800
29.6,0.1,200,"bu","11:12:09",264600
29.6,0.1,1100,"bu","11:12:09",264400
29.6,0.1,900,"bu","11:12:04",263300
29.6,0.1,900,"bu","11:11:43",262400
29.6,0.1,200,"bu","11:11:24",261500
29.55,0.05,100,"bu","11:11:24",261300
29.55,0.05,100,"bu","11:11:24",261200
29.55,0.05,200,"bu","11:11:24",261100
29.55,0.05,700,"bu","11:11:24",260900
29.55,0.05,700,"bu","11:11:24",260200
29.55,0.05,200,"bu","11:11:09",259500
29.55,0.05,600,"bu","11:11:08",259300
29.55,0.05,600,"bu","11:11:07",258700
29.55,0.05,600,"bu","11:11:06",258100
29.55,0.05,600,"bu","11:11:06",257500
29.5,0,800,"sd","11:10:53",256900
29.5,0,100,"bu","11:10:38",256100
29.5,0,300,"bu","11:10:38",256000
29.5,0,100,"bu","11:10:38",255700
29.5,0,600,"bu","11:10:38",255600
29.5,0,1400,"bu","11:10:38",255000
29.5,0,300,"bu","11:08:49",253600
29.5,0,200,"bu","11:08:49",253300
29.5,0,500,"bu","11:05:21",253100
29.5,0,2100,"bu","11:04:48",252600
29.45,-0.05,200,"bu","11:04:48",250500
29.45,-0.05,100,"bu","11:03:48",250300
29.45,-0.05,100,"bu","11:03:48",250200
29.45,-0.05,1500,"bu","11:03:48",250100
29.45,-0.05,300,"bu","11:03:48",248600
29.4,-0.1,700,"bu","11:02:50",248300
29.4,-0.1,1000,"bu","11:02:50",247600
29.4,-0.1,3000,"bu","11:02:50",246600
29.4,-0.1,500,"bu","11:02:17",243300
29.4,-0.1,1200,"bu","11:01:46",242800
29.3,-0.2,1800,"bu","11:01:24",241600
29.3,-0.2,1000,"bu","11:00:43",239800
29.35,-0.15,1900,"unknown","10:58:17",238800
29.3,-0.2,200,"bu","10:57:34",236900
29.3,-0.2,100,"bu","10:57:34",236700
29.3,-0.2,200,"bu","10:57:34",236600
29.3,-0.2,200,"bu","10:57:34",236400
29.35,-0.15,100,"bu","10:57:34",236200
29.35,-0.15,200,"bu","10:57:34",236100
29.3,-0.2,500,"bu","10:57:33",235900
29.3,-0.2,500,"bu","10:57:33",235400
29.2,-0.3,1600,"bu","10:57:24",234900
29.2,-0.3,400,"bu","10:56:57",233300
29.2,-0.3,100,"bu","10:56:57",232900
29.2,-0.3,500,"bu","10:56:33",232800
29.2,-0.3,500,"bu","10:56:00",232300
29.2,-0.3,200,"sd","10:55:54",231800
29.2,-0.3,1000,"sd","10:55:54",231600
29.2,-0.3,100,"sd","10:55:54",230600
29.3,-0.2,1300,"bu","10:54:46",230500
29.3,-0.2,200,"bu","10:54:46",229200
29.3,-0.2,23500,"bu","10:54:46",229000
29.3,-0.2,2800,"bu","10:52:40",205500
29.2,-0.3,1000,"bu","10:44:56",202700
29.2,-0.3,1200,"bu","10:44:56",201700
29.1,-0.4,300,"sd","10:40:48",200500
29.15,-0.35,100,"sd","10:40:48",200200
29.15,-0.35,500,"sd","10:40:48",200100
29.15,-0.35,600,"sd","10:40:48",199600
29.15,-0.35,500,"sd","10:40:48",198000
29.15,-0.35,1000,"sd","10:40:48",199000
29.2,-0.3,100,"sd","10:40:43",197500
29.2,-0.3,200,"sd","10:40:43",197400
29.2,-0.3,500,"sd","10:40:43",197200
29.2,-0.3,200,"sd","10:40:43",196700
29.2,-0.3,500,"sd","10:40:43",196500
29.2,-0.3,100,"sd","10:40:43",196000
29.2,-0.3,100,"sd","10:40:43",195900
29.2,-0.3,100,"sd","10:40:43",195900
29.2,-0.3,700,"sd","10:40:43",195800
29.2,-0.3,500,"sd","10:38:51",195100
29.2,-0.3,400,"sd","10:38:51",194600
29.2,-0.3,500,"sd","10:38:51",194200
29.2,-0.3,200,"sd","10:37:49",193700
29.2,-0.3,500,"sd","10:35:57",193500
29.2,-0.3,800,"sd","10:35:47",193000
29.2,-0.3,500,"sd","10:35:47",192200
29.2,-0.3,600,"sd","10:34:39",191700
29.2,-0.3,300,"sd","10:34:39",191100
29.2,-0.3,200,"sd","10:33:46",190800
29.25,-0.25,500,"sd","10:33:46",190600
29.25,-0.25,1000,"sd","10:33:46",190100
29.25,-0.25,500,"sd","10:33:46",189100
29.25,-0.25,100,"sd","10:33:46",188600
29.25,-0.25,300,"sd","10:33:46",188500
29.25,-0.25,1000,"sd","10:33:46",188200
29.25,-0.25,1400,"sd","10:33:46",187200
29.25,-0.25,100,"sd","10:32:49",185800
29.25,-0.25,300,"sd","10:32:49",185700
29.25,-0.25,1700,"sd","10:29:40",185400
29.25,-0.25,300,"sd","10:29:40",183700
29.25,-0.25,1000,"sd","10:29:40",183400
29.3,-0.2,1000,"bu","10:28:58",182400
29.3,-0.2,200,"bu","10:27:42",181400
29.3,-0.2,100,"bu","10:25:16",181200
29.3,-0.2,200,"bu","10:21:59",181100
29.3,-0.2,300,"bu","10:20:56",180900
29.3,-0.2,5000,"bu","10:20:53",180600
29.3,-0.2,100,"bu","10:19:35",175600
29.3,-0.2,1200,"bu","10:19:14",175500
29.3,-0.2,900,"bu","10:17:56",174300
29.3,-0.2,3800,"bu","10:17:43",173400
29.3,-0.2,500,"bu","10:16:39",169600
29.3,-0.2,400,"bu","10:15:39",169100
29.3,-0.2,500,"bu","10:14:41",168700
29.25,-0.25,500,"sd","10:11:42",168200
29.25,-0.25,200,"sd","10:11:05",167700
29.3,-0.2,100,"bu","10:10:54",167500
29.3,-0.2,600,"sd","10:10:40",167400
29.3,-0.2,700,"sd","10:10:40",166800
29.3,-0.2,100,"sd","10:10:40",166100
29.3,-0.2,1000,"sd","10:10:40",166000
29.3,-0.2,200,"sd","10:10:40",165000
29.3,-0.2,100,"sd","10:10:40",164800
29.3,-0.2,500,"sd","10:10:40",164700
29.3,-0.2,5000,"sd","10:10:40",164200
29.3,-0.2,200,"sd","10:10:40",159200
29.3,-0.2,1000,"sd","10:10:40",159000
29.3,-0.2,100,"sd","10:04:41",158000
29.3,-0.2,200,"sd","10:04:41",157900
29.3,-0.2,600,"sd","10:04:38",157700
29.3,-0.2,100,"sd","10:02:52",157100
29.3,-0.2,300,"sd","10:00:13",157000
29.3,-0.2,400,"sd","10:00:13",156700
29.3,-0.2,100,"sd","10:00:13",156300
29.3,-0.2,1500,"sd","10:00:11",156200
29.3,-0.2,2000,"sd","09:58:58",154700
29.3,-0.2,100,"sd","09:58:54",152700
29.3,-0.2,500,"bu","09:57:48",152500
29.3,-0.2,400,"bu","09:57:48",152000
29.3,-0.2,400,"bu","09:56:50",151600
29.3,-0.2,100,"bu","09:54:50",151200
29.3,-0.2,200,"bu","09:54:48",151100
29.3,-0.2,100,"bu","09:54:44",150900
29.3,-0.2,500,"bu","09:54:19",150800
29.3,-0.2,500,"bu","09:51:02",150300
29.3,-0.2,6000,"sd","09:49:40",149800
29.3,-0.2,6000,"sd","09:49:40",143800
29.3,-0.2,1000,"bu","09:47:51",137800
29.3,-0.2,1500,"bu","09:47:51",136800
29.25,-0.25,1500,"bu","09:47:51",135300
29.25,-0.25,200,"bu","09:47:41",133800
29.25,-0.25,100,"sd","09:47:28",133600
29.25,-0.25,200,"sd","09:47:28",133500
29.25,-0.25,100,"sd","09:46:35",133300
29.25,-0.25,200,"sd","09:45:04",133200
29.25,-0.25,100,"sd","09:44:15",133000
29.3,-0.2,100,"bu","09:44:03",132900
29.3,-0.2,500,"bu","09:42:40",132800
29.3,-0.2,300,"sd","09:42:03",132300
29.3,-0.2,300,"sd","09:42:03",132000
29.3,-0.2,600,"bu","09:41:27",131700
29.3,-0.2,200,"bu","09:41:27",131100
29.3,-0.2,900,"bu","09:41:26",130900
29.3,-0.2,300,"bu","09:39:18",130000
29.3,-0.2,200,"bu","09:38:43",129700
29.2,-0.3,400,"sd","09:37:04",129500
29.2,-0.3,100,"sd","09:37:04",129100
29.2,-0.3,400,"sd","09:36:12",129000
29.2,-0.3,100,"sd","09:36:12",128600
29.2,-0.3,1000,"sd","09:36:12",128500
29.2,-0.3,200,"sd","09:36:12",127500
29.2,-0.3,500,"sd","09:36:09",127300
29.2,-0.3,500,"sd","09:34:10",126800
29.3,-0.2,200,"bu","09:34:06",126300
29.3,-0.2,100,"bu","09:32:52",126100
29.3,-0.2,300,"bu","09:30:56",126000
29.3,-0.2,700,"bu","09:30:56",125700
29.3,-0.2,1300,"bu","09:30:39",125000
29.3,-0.2,300,"bu","09:30:39",123700
29.3,-0.2,400,"bu","09:30:39",123400
29.2,-0.3,1000,"sd","09:29:15",123000
29.3,-0.2,200,"bu","09:28:51",122000
29.3,-0.2,1800,"bu","09:27:40",121800
29.3,-0.2,600,"bu","09:26:17",120000
29.2,-0.3,2800,"bu","09:26:05",119400
29.1,-0.4,1000,"bu","09:25:20",116600
29.05,-0.45,800,"sd","09:23:55",115600
29.05,-0.45,4200,"bu","09:23:28",114800
29,-0.5,1200,"bu","09:22:31",110600
29,-0.5,500,"bu","09:21:55",109400
29,-0.5,600,"bu","09:21:43",108900
29,-0.5,2000,"bu","09:21:30",108300
29,-0.5,1000,"bu","09:21:24",106300
29,-0.5,200,"bu","09:21:21",105300
29,-0.5,800,"bu","09:20:59",105100
29,-0.5,1900,"bu","09:20:47",104300
29,-0.5,2000,"bu","09:20:27",102400
29,-0.5,200,"bu","09:20:20",100400
28.95,-0.55,500,"sd","09:20:15",100200
28.95,-0.55,500,"sd","09:20:15",99700
28.95,-0.55,2600,"sd","09:20:15",99200
28.95,-0.55,5000,"sd","09:20:15",96600
29,-0.5,100,"bu","09:20:08",91600
29,-0.5,1600,"sd","09:20:00",91500
29,-0.5,1600,"bu","09:18:57",89900
29,-0.5,1000,"bu","09:18:49",88300
29,-0.5,1000,"bu","09:18:24",87300
29,-0.5,100,"bu","09:18:06",86300
29,-0.5,300,"bu","09:18:02",86200
29,-0.5,700,"bu","09:18:02",85900
29,-0.5,200,"bu","09:17:41",85200
29,-0.5,500,"sd","09:17:37",85000
29,-0.5,100,"sd","09:17:37",84500
29,-0.5,300,"sd","09:17:37",84400
29,-0.5,200,"sd","09:17:37",84100
29,-0.5,1000,"sd","09:17:37",83900
29,-0.5,200,"sd","09:17:37",82900
29,-0.5,200,"sd","09:17:37",82900
29,-0.5,1000,"sd","09:17:37",82700
29,-0.5,5000,"sd","09:17:37",81700
29.1,-0.4,100,"sd","09:17:37",76700
29.1,-0.4,700,"sd","09:17:37",76600
29.1,-0.4,2300,"bu","09:17:30",75900
29.1,-0.4,1000,"bu","09:17:22",73600
29.1,-0.4,400,"sd","09:17:20",72600
29.1,-0.4,5000,"sd","09:17:20",72200
29.1,-0.4,100,"sd","09:17:20",67200
29.1,-0.4,1000,"sd","09:17:20",67100
29.1,-0.4,4200,"sd","09:17:20",66100
29.2,-0.3,100,"sd","09:17:16",61900
29.2,-0.3,2500,"sd","09:17:16",61800
29.2,-0.3,2000,"sd","09:17:16",59300
29.3,-0.2,300,"sd","09:17:12",57300
29.3,-0.2,100,"sd","09:17:12",57000
29.3,-0.2,800,"sd","09:17:12",56900
29.5,0,100,"bu","09:17:09",56100
29.5,0,500,"unknown","09:17:09",56000
49.4,-0.1,700,"sd","09:33:25",113100
49.4,-0.1,300,"sd","09:33:18",112400
49.4,-0.1,100,"sd","09:33:18",112100
49.45,-0.05,100,"bu","09:33:11",112000
49.4,-0.1,100,"sd","09:32:59",111900
49.4,-0.1,800,"bu","09:32:35",111800
49.4,-0.1,100,"sd","09:32:27",111000
49.4,-0.1,100,"sd","09:32:27",110900
49.4,-0.1,600,"sd","09:32:27",110800
49.5,0,100,"sd","09:32:27",110200
49.5,0,300,"bu","09:32:21",110100
49.5,0,800,"bu","09:32:21",109800
49.45,-0.05,800,"bu","09:32:21",109000
49.5,0,100,"sd","09:32:01",108200
49.5,0,200,"sd","09:32:01",108100
49.5,0,400,"sd","09:32:01",107900
49.5,0,100,"sd","09:31:44",107500
49.5,0,1000,"sd","09:31:44",107400
49.5,0,800,"sd","09:31:44",106400
49.5,0,100,"sd","09:31:44",105600
49.5,0,900,"sd","09:31:43",105500
49.5,0,100,"sd","09:31:43",104600
49.5,0,100,"sd","09:31:40",104500
49.5,0,200,"sd","09:31:40",104400
49.5,0,100,"sd","09:31:40",104200
49.5,0,500,"sd","09:31:40",104100
49.5,0,1100,"sd","09:31:40",103600
49.5,0,900,"sd","09:31:33",102500
49.5,0,800,"sd","09:31:33",101600
49.5,0,300,"sd","09:31:33",100800
49.5,0,100,"sd","09:31:28",100500
49.55,0.05,2200,"sd","09:30:47",100400
49.55,0.05,100,"sd","09:30:47",98200
49.6,0.1,3000,"sd","09:30:32",98100
49.6,0.1,200,"sd","09:30:32",95100
49.6,0.1,100,"sd","09:30:32",94900
49.6,0.1,200,"sd","09:30:32",94800
49.6,0.1,100,"sd","09:30:32",94600
49.6,0.1,900,"sd","09:30:32",94500
49.6,0.1,100,"sd","09:30:20",93600
49.65,0.15,400,"bu","09:30:17",93500
49.65,0.15,100,"sd","09:30:17",93100
49.7,0.2,1000,"sd","09:29:42",93000
49.7,0.2,500,"sd","09:29:42",92000
49.75,0.25,800,"sd","09:29:42",91500
49.75,0.25,1200,"bu","09:29:38",90700
49.75,0.25,100,"bu","09:29:35",89500
49.75,0.25,100,"sd","09:29:30",89400
49.75,0.25,500,"sd","09:29:30",89300
49.75,0.25,100,"sd","09:29:30",88800
49.8,0.3,100,"bu","09:29:26",88700
49.8,0.3,100,"sd","09:29:15",88600
49.8,0.3,500,"sd","09:29:15",88500
49.8,0.3,100,"sd","09:29:15",88000
49.85,0.35,100,"bu","09:29:10",87900
49.8,0.3,300,"sd","09:29:09",87800
49.8,0.3,1100,"sd","09:29:09",87500
49.8,0.3,300,"sd","09:29:09",86400
49.8,0.3,200,"sd","09:29:09",86100
49.8,0.3,700,"sd","09:29:09",85900
49.8,0.3,400,"sd","09:29:09",85200
49.85,0.35,300,"bu","09:29:02",84800
49.85,0.35,900,"bu","09:28:56",84500
49.85,0.35,100,"bu","09:28:56",83600
49.85,0.35,500,"bu","09:28:53",83500
49.85,0.35,200,"bu","09:28:51",83000
49.85,0.35,1000,"bu","09:28:33",82800
49.85,0.35,200,"bu","09:28:32",81800
49.8,0.3,600,"sd","09:28:20",81600
49.8,0.3,700,"sd","09:28:20",81000
49.8,0.3,200,"sd","09:28:11",80300
49.8,0.3,400,"sd","09:28:11",80100
49.8,0.3,100,"sd","09:28:04",79700
49.9,0.4,400,"bu","09:28:00",79600
49.9,0.4,700,"bu","09:27:51",79200
49.9,0.4,1000,"bu","09:27:50",78500
49.9,0.4,2100,"bu","09:27:46",77500
49.85,0.35,100,"bu","09:27:46",75400
49.9,0.4,300,"bu","09:27:36",75300
49.9,0.4,200,"bu","09:27:36",75000
49.9,0.4,500,"bu","09:27:36",74800
49.85,0.35,1200,"bu","09:27:36",74300
49.8,0.3,1500,"bu","09:27:36",73100
49.75,0.25,700,"bu","09:27:32",71600
49.75,0.25,100,"bu","09:27:30",70900
49.75,0.25,100,"bu","09:27:23",70800
49.7,0.2,1500,"bu","09:27:17",70700
49.65,0.15,700,"bu","09:27:11",69200
49.65,0.15,100,"bu","09:27:08",68500
49.65,0.15,200,"bu","09:27:07",68400
49.65,0.15,100,"bu","09:27:07",68200
49.65,0.15,100,"bu","09:27:05",68100
49.65,0.15,100,"bu","09:27:00",68000
49.65,0.15,500,"bu","09:26:59",67900
49.6,0.1,100,"sd","09:26:53",67400
49.6,0.1,3000,"bu","09:26:41",67300
49.6,0.1,700,"bu","09:26:41",64300
49.6,0.1,200,"bu","09:26:39",63600
49.6,0.1,200,"bu","09:26:30",63400
49.6,0.1,900,"bu","09:26:12",63200
49.6,0.1,200,"bu","09:26:02",62300
49.55,0.05,300,"bu","09:26:02",62100
49.55,0.05,900,"bu","09:25:58",61800
49.5,0,200,"bu","09:24:07",60900
49.5,0,1100,"bu","09:24:07",60700
49.5,0,400,"bu","09:23:28",59600
49.5,0,100,"bu","09:23:28",59200
49.5,0,500,"bu","09:23:28",59100
49.5,0,400,"bu","09:23:12",58600
49.45,-0.05,1200,"bu","09:23:12",58200
49.45,-0.05,500,"bu","09:23:12",57000
49.3,-0.2,100,"sd","09:23:01",56500
49.45,-0.05,1600,"bu","09:23:00",56400
49.4,-0.1,400,"bu","09:23:00",54800
49.45,-0.05,500,"bu","09:23:00",54400
49.45,-0.05,200,"bu","09:22:44",53900
49.4,-0.1,300,"bu","09:22:44",53700
49.4,-0.1,100,"sd","09:22:42",53400
49.4,-0.1,300,"sd","09:22:42",53300
49.4,-0.1,300,"sd","09:22:42",53000
49.4,-0.1,500,"bu","09:22:28",52700
49.4,-0.1,500,"bu","09:22:28",52200
49.4,-0.1,2000,"bu","09:22:23",51700
49.4,-0.1,500,"bu","09:22:22",49700
49.4,-0.1,500,"bu","09:22:03",49200
49.3,-0.2,1000,"sd","09:21:42",48700
49.3,-0.2,1000,"bu","09:21:33",47700
49.3,-0.2,100,"bu","09:21:33",46700
49.2,-0.3,400,"bu","09:21:33",46600
49.2,-0.3,100,"sd","09:21:26",46200
49.2,-0.3,100,"sd","09:21:26",46100
49.2,-0.3,100,"sd","09:21:26",46000
49.2,-0.3,100,"sd","09:21:26",45900
49.2,-0.3,200,"sd","09:21:26",45800
49.3,-0.2,100,"bu","09:21:22",45600
49.3,-0.2,100,"bu","09:21:12",45500
49.3,-0.2,500,"bu","09:21:10",45400
49.3,-0.2,200,"bu","09:21:04",44900
49.15,-0.35,600,"sd","09:20:43",44700
49.1,-0.4,1000,"sd","09:20:11",44100
49.1,-0.4,100,"sd","09:20:01",42900
49.05,-0.45,400,"sd","09:19:20",42800
49.1,-0.4,100,"sd","09:19:20",42400
49,-0.5,200,"sd","09:18:36",42300
49,-0.5,100,"sd","09:18:36",42100
49,-0.5,200,"sd","09:18:24",42000
49,-0.5,500,"sd","09:18:24",41800
49,-0.5,300,"sd","09:18:24",41300
49,-0.5,300,"sd","09:18:06",41000
49,-0.5,400,"sd","09:18:02",40700
49,-0.5,4000,"sd","09:18:02",40300
49,-0.5,600,"sd","09:18:02",36300
49,-0.5,400,"sd","09:17:49",35700
49,-0.5,100,"sd","09:17:49",35300
49,-0.5,1900,"sd","09:17:43",35200
49,-0.5,100,"sd","09:17:43",33300
49,-0.5,200,"sd","09:17:43",33200
49,-0.5,200,"sd","09:17:43",33000
49,-0.5,300,"sd","09:17:17",32800
49,-0.5,100,"sd","09:17:17",32500
49,-0.5,100,"sd","09:17:17",32400
49,-0.5,500,"sd","09:17:17",32300
49,-0.5,100,"sd","09:16:59",31800
49,-0.5,100,"sd","09:16:59",31700
49,-0.5,200,"sd","09:16:59",31600
49,-0.5,800,"sd","09:16:36",31400
49,-0.5,200,"sd","09:16:36",30600
49,-0.5,300,"sd","09:16:31",30400
49,-0.5,100,"sd","09:16:31",30100
49,-0.5,100,"sd","09:16:31",30000
49,-0.5,100,"sd","09:16:31",29900
49,-0.5,500,"sd","09:16:31",29800
49,-0.5,600,"sd","09:16:31",29300
49.05,-0.45,300,"unknown","09:16:31",28700
49,-0.5,400,"bu","09:16:17",28400
49,-0.5,100,"bu","09:16:16",28000
49,-0.5,100,"bu","09:16:16",27900
49,-0.5,100,"bu","09:16:15",27800
49,-0.5,100,"bu","09:16:07",27700
49,-0.5,200,"bu","09:15:54",27600
49,-0.5,200,"bu","09:15:54",27600
48.8,-0.7,200,"bu","09:15:54",27400
48.7,-0.8,100,"sd","09:15:44",27200
48.8,-0.7,300,"bu","09:15:42",27100
48.7,-0.8,100,"sd","09:15:38",26800
48.6,-0.9,500,"sd","09:15:01",26700
48.6,-0.9,3000,"sd","09:15:01",26200
48.6,-0.9,23200,"unknown","09:15:00",23200
