"price","change","match_qtty","side","time","total_vol"
12.2,0.1,12200,"","14:45:00",553800
12.2,0.1,12200,"bu","14:29:57",541600
12.2,0.1,5000,"bu","14:29:47",529400
12.2,0.1,1100,"bu","14:27:41",524400
12.15,0.05,500,"bu","14:26:20",523300
12.15,0.05,12000,"bu","14:25:55",522800
12.15,0.05,300,"bu","14:24:42",510800
12.1,0,2000,"bu","14:24:04",510500
12.05,-0.05,800,"sd","14:23:18",508500
12.05,-0.05,6200,"sd","14:23:17",507700
12.1,0,3800,"sd","14:23:17",501500
12.1,0,1000,"sd","14:22:23",497700
12.1,0,300,"bu","14:22:00",496700
12.1,0,10000,"bu","14:21:51",496400
12.1,0,200,"bu","14:21:12",486400
12.1,0,1200,"sd","14:20:21",486200
12.1,0,16300,"sd","14:20:09",485000
12.1,0,1000,"sd","14:19:40",468700
12.1,0,100,"sd","14:19:22",467700
12.15,0.05,7000,"bu","14:17:41",467600
12.2,0.1,2000,"sd","13:57:26",407100
12.2,0.1,100,"sd","13:56:57",405100
12.2,0.1,100,"sd","13:56:46",405000
12.2,0.1,100,"sd","13:55:17",404900
12.2,0.1,2600,"bu","13:54:22",404800
12.2,0.1,11600,"sd","13:54:08",402200
12.2,0.1,100,"sd","13:52:18",390600
12.2,0.1,100,"sd","13:51:17",390500
12.2,0.1,5100,"bu","13:50:01",390400
12.2,0.1,100,"bu","13:49:51",385300
12.2,0.1,500,"bu","13:49:26",385200
12.2,0.1,500,"bu","13:49:23",384700
12.2,0.1,1000,"bu","13:47:28",384200
12.2,0.1,200,"bu","13:46:30",383200
12.2,0.1,400,"bu","13:46:12",383000
12.2,0.1,700,"sd","13:44:15",382600
12.2,0.1,1000,"sd","13:42:54",381900
12.2,0.1,1000,"sd","13:42:31",380900
12.2,0.1,5200,"sd","13:41:44",379900
12.2,0.1,1000,"sd","13:40:37",374700
12.15,0.05,100,"bu","11:01:34",189600
12.1,0,2200,"bu","11:01:03",189500
12.05,-0.05,200,"sd","11:00:59",187300
12.1,0,500,"bu","11:00:55",187100
12.1,0,2700,"bu","11:00:48",186600
12.1,0,2300,"bu","11:00:47",183900
12.1,0,1000,"bu","10:59:45",181600
12.1,0,600,"bu","10:57:52",180600
12.1,0,2000,"bu","10:57:43",180000
12.1,0,800,"bu","10:56:58",178000
12.1,0,10000,"bu","10:56:06",177200
12.1,0,600,"bu","10:55:55",167200
12.05,-0.05,1000,"sd","10:48:00",166600
12.05,-0.05,400,"sd","10:46:49",165600
12.05,-0.05,400,"sd","10:43:39",165200
12.05,-0.05,1700,"sd","10:39:51",164800
12.05,-0.05,3500,"bu","10:36:43",163100
12.05,-0.05,1000,"bu","10:35:03",159600
12.05,-0.05,300,"bu","10:30:18",158600
12.05,-0.05,10000,"bu","10:30:05",158300
12.05,-0.05,200,"bu","10:25:11",148300
12.05,-0.05,6400,"sd","10:23:49",148100
12.05,-0.05,100,"sd","10:23:24",141700
12.1,0,500,"bu","10:22:57",141600
12.05,-0.05,5500,"bu","10:18:43",141100
12.05,-0.05,5000,"bu","10:15:59",135600
12,-0.1,9200,"bu","10:15:45",130600
12,-0.1,500,"bu","10:14:49",121400
12,-0.1,5000,"bu","10:14:01",120900
12,-0.1,12000,"sd","10:13:45",115900
12,-0.1,200,"sd","10:11:32",103900
12.05,-0.05,1000,"bu","10:10:24",103700
12,-0.1,100,"sd","10:05:57",102700
12,-0.1,2100,"sd","10:04:38",102600
12,-0.1,100,"bu","10:04:21",100500
11.95,-0.15,300,"sd","09:59:59",93800
11.95,-0.15,800,"sd","09:55:19",93500
12,-0.1,800,"bu","09:51:14",92700
12,-0.1,5000,"sd","09:49:47",91900
12,-0.1,5000,"sd","09:49:39",86900
12,-0.1,3500,"sd","09:42:04",81900
12.05,-0.05,2000,"bu","09:36:37",78400
12,-0.1,1000,"bu","09:34:53",76400
12,-0.1,500,"bu","09:33:22",75400
12,-0.1,1000,"bu","09:32:15",74900
12,-0.1,5000,"bu","09:31:53",73900
11.95,-0.15,9200,"bu","09:29:49",68900
11.95,-0.15,100,"bu","09:29:37",59700
11.95,-0.15,100,"bu","09:28:46",59600
11.9,-0.2,300,"sd","09:27:23",59500
11.9,-0.2,1000,"sd","09:27:17",59200
11.95,-0.15,1800,"sd","09:25:45",58200
11.95,-0.15,5000,"sd","09:25:05",56400
12,-0.1,2200,"bu","09:23:49",51400
11.95,-0.15,5000,"sd","09:23:45",49200
11.95,-0.15,4000,"sd","09:23:24",44200
11.95,-0.15,5000,"sd","09:23:13",40200
12,-0.1,11100,"sd","09:22:20",35200
12,-0.1,3000,"sd","09:22:18",24100
12.05,-0.05,300,"sd","09:20:46",21100
12.1,-0.1,3000,"sd","09:52:24",66900
12.15,-0.05,100,"sd","09:51:28",63900
12.15,-0.05,2900,"bu","09:50:11",63800
12.1,-0.1,4000,"sd","09:49:03",60900
12.15,-0.05,100,"bu","09:45:48",56900
12.15,-0.05,5000,"bu","09:45:39",56800
12.15,-0.05,900,"bu","09:45:24",51800
12.15,-0.05,6000,"bu","09:45:09",50900
12.15,-0.05,1100,"bu","09:45:00",44900
12.15,-0.05,1900,"bu","09:43:46",43800
12.15,-0.05,900,"bu","09:43:36",41900
12.15,-0.05,1000,"bu","09:41:49",41000
12.15,-0.05,300,"bu","09:41:23",40000
12,-0.2,100,"sd","09:40:18",39700
12,-0.2,8000,"sd","09:40:01",39600
12,-0.2,2500,"sd","09:38:58",31600
12.1,-0.1,1500,"sd","09:38:58",29100
12.1,-0.1,6800,"sd","09:38:49",27600
12.15,-0.05,5500,"sd","09:37:21",20800
12.15,-0.05,500,"sd","09:37:03",15300
12.15,-0.05,100,"sd","09:36:32",14800
12.15,-0.05,1100,"sd","09:35:29",14700
12.2,0,3100,"sd","09:27:13",13600
12.2,0,100,"sd","09:26:23",10500
12.2,0,1800,"bu","09:22:15",10400
12.2,0,2000,"bu","09:21:35",8600
12.2,0,2600,"sd","09:20:40",6600
12.2,0,500,"sd","09:17:50",4000
12.2,0,3500,"","09:15:00",3500
12.2,0,500,"sd","09:25:54",4900
12.2,0,100,"sd","09:25:12",4400
12.2,0,300,"sd","09:24:34",4300
12.2,0,200,"sd","09:22:17",4000
12.2,0,200,"sd","09:21:36",3800
12.25,0.05,500,"bu","09:19:51",3600
12.25,0.05,100,"bu","09:19:10",3100
12.25,0.05,200,"sd","09:16:41",3000
12.25,0.05,1300,"bu","09:16:10",2800
12.2,0,1500,"","09:15:00",1500
12.1,0,1500,"sd","09:52:59",21000
12.1,0,200,"sd","09:50:13",19500
12.1,0,10000,"sd","09:37:29",19300
12.1,0,100,"sd","09:36:04",9300
12.1,0,1400,"sd","09:32:25",9200
12.15,0.05,100,"bu","09:32:18",7800
12.1,0,800,"sd","09:30:09",7700
12.1,0,2400,"sd","09:29:35",6900
12.1,0,1100,"sd","09:29:35",4500
12.1,0,500,"sd","09:27:26",3400
12.1,0,400,"sd","09:25:10",2900
12.1,0,100,"sd","09:25:06",2500
12.2,0.1,300,"bu","09:20:20",2400
12.2,0.1,2100,"","09:15:00",2100
12.05,0.15,300,"bu","09:55:51",60000
12.05,0.15,500,"bu","09:55:47",59700
12.05,0.15,1000,"bu","09:55:41",59200
12.05,0.15,200,"bu","09:55:32",58200
12.05,0.15,2500,"bu","09:55:31",58000
12.05,0.15,100,"bu","09:55:27",55500
12.05,0.15,100,"bu","09:55:24",55400
12.05,0.15,300,"bu","09:55:03",55300
12.05,0.15,500,"bu","09:54:22",55000
12.05,0.15,100,"bu","09:54:02",54500
12.05,0.15,1000,"bu","09:53:19",54400
12.05,0.15,2500,"bu","09:51:44",53400
12.05,0.15,2000,"bu","09:51:21",50900
12.05,0.15,100,"bu","09:47:41",48900
12.05,0.15,2900,"bu","09:47:05",48800
12.05,0.15,5000,"bu","09:46:51",45900
12,0.1,14000,"sd","09:46:46",40900
12,0.1,600,"bu","09:42:08",26900
12,0.1,300,"bu","09:41:44",26300
12,0.1,4100,"sd","09:41:19",26000
12,0.1,200,"bu","09:39:18",21900
12,0.1,4000,"bu","09:39:14",21700
12,0.1,3000,"bu","09:38:52",17700
11.95,0.05,900,"bu","09:38:39",14700
11.95,0.05,300,"bu","09:38:36",13800
11.95,0.05,2900,"bu","09:38:30",13500
11.95,0.05,300,"bu","09:38:23",10600
11.95,0.05,300,"bu","09:38:02",10300
11.95,0.05,200,"bu","09:37:42",10000
11.95,0.05,200,"bu","09:37:34",9800
11.95,0.05,200,"bu","09:37:20",9600
11.95,0.05,200,"bu","09:37:05",9400
11.95,0.05,300,"bu","09:37:00",9200
11.95,0.05,200,"bu","09:36:50",8900
11.95,0.05,200,"bu","09:36:35",8700
11.9,0,700,"sd","09:34:15",8500
11.9,0,1300,"sd","09:34:14",7800
11.9,0,800,"sd","09:30:36",6500
12.05,0.15,300,"sd","09:19:55",5700
12.05,0.15,500,"sd","09:19:36",5400
12,0.1,200,"bu","09:18:59",4900
12,0.1,3200,"bu","09:17:53",4700
11.9,0,200,"bu","09:17:37",1500
11.9,0,200,"bu","09:17:20",1300
11.9,0,100,"bu","09:16:53",1100
11.85,-0.05,1000,"","09:15:00",1000
12.2,0.15,6000,"bu","13:34:43",256500
12.2,0.15,8800,"sd","13:30:24",250500
12.2,0.15,200,"bu","13:29:26",241700
12.2,0.15,4300,"bu","13:29:16",241500
12.2,0.15,20000,"bu","13:28:59",237200
12.15,0.1,5000,"sd","13:28:45",217200
12.2,0.15,5000,"bu","13:28:42",212200
12.2,0.15,3900,"bu","13:28:29",207200
12.15,0.1,4300,"bu","13:26:40",203300
12.1,0.05,16100,"bu","13:26:19",199000
12.1,0.05,20000,"bu","13:26:09",182900
12.05,0,3700,"bu","13:25:54",162900
12.05,0,800,"bu","13:25:33",159200
12.05,0,13800,"bu","13:25:07",158400
12.05,0,100,"bu","13:11:17",144600
11.95,-0.1,900,"sd","13:10:39",144500
11.95,-0.1,100,"sd","13:10:27",143600
12,-0.05,200,"bu","13:07:22",143500
11.95,-0.1,5000,"sd","13:05:51",143300
12,-0.05,100,"bu","13:04:52",138300
12,-0.05,100,"bu","13:04:40",138200
12,-0.05,8800,"bu","13:04:14",138100
11.95,-0.1,200,"sd","13:00:07",129300
12,-0.05,400,"bu","13:00:00",129100
12,-0.05,300,"bu","11:28:29",128700
12,-0.05,1600,"bu","11:28:24",128400
12,-0.05,600,"bu","11:28:09",126800
12,-0.05,2000,"bu","11:27:13",126200
12,-0.05,10000,"bu","11:23:23",124200
11.95,-0.1,200,"sd","11:20:55",114200
11.95,-0.1,100,"sd","11:20:30",114000
11.95,-0.1,400,"bu","11:16:27",113900
11.95,-0.1,5000,"bu","11:16:05",113500
11.95,-0.1,7000,"bu","11:15:39",108500
11.95,-0.1,100,"bu","11:15:18",101500
11.95,-0.1,400,"bu","11:05:08",101400
11.95,-0.1,5000,"bu","11:01:29",101000
11.9,-0.15,100,"sd","10:55:04",96000
11.9,-0.15,200,"sd","10:52:32",95900
11.9,-0.15,1000,"sd","10:51:43",95700
11.9,-0.15,100,"sd","10:50:05",94700
11.9,-0.15,100,"sd","10:45:54",94600
11.9,-0.15,5000,"sd","10:43:32",94500
11.95,-0.1,4000,"bu","10:39:33",89500
11.9,-0.15,100,"sd","10:37:30",85500
11.9,-0.15,2000,"sd","10:37:26",85400
11.9,-0.15,1100,"sd","10:35:21",83400
11.95,-0.1,700,"bu","10:28:54",82300
11.95,-0.1,300,"bu","10:28:38",81600
11.9,-0.15,4800,"sd","10:26:03",81300
11.9,-0.15,100,"sd","10:26:02",76500
11.9,-0.15,100,"sd","10:25:14",76400
11.9,-0.15,100,"sd","10:21:10",76300
11.9,-0.15,1000,"sd","10:16:43",76200
11.95,-0.1,100,"bu","10:14:56",75200
11.9,-0.15,11100,"sd","10:03:37",75100
11.95,-0.1,8900,"sd","10:03:37",64000
11.95,-0.1,500,"sd","10:03:20",55100
11.95,-0.1,1000,"sd","10:01:46",54600
11.95,-0.1,200,"sd","10:00:54",53600
11.95,-0.1,2000,"sd","09:56:46",53400
12,-0.05,5000,"bu","09:56:16",51400
11.9,-0.15,200,"sd","09:54:33",46400
11.9,-0.15,8800,"sd","09:54:12",46200
11.95,-0.1,1200,"sd","09:54:12",37400
11.95,-0.1,5000,"sd","09:53:02",36200
11.95,-0.1,7500,"bu","09:52:48",31200
11.95,-0.1,3000,"bu","09:51:53",23700
11.95,-0.1,2500,"bu","09:51:46",20700
11.9,-0.15,100,"sd","09:45:04",18200
11.9,-0.15,700,"sd","09:44:13",18100
11.9,-0.15,800,"sd","09:41:38",17400
11.9,-0.15,200,"sd","09:40:56",16600
11.9,-0.15,200,"sd","09:38:13",16400
11.95,-0.1,1000,"sd","09:36:53",16200
11.95,-0.1,100,"sd","09:36:40",15200
11.95,-0.1,3000,"sd","09:36:27",15100
11.95,-0.1,100,"sd","09:36:13",12100
11.95,-0.1,2900,"sd","09:35:21",12000
12,-0.05,100,"bu","09:29:41",9100
12,-0.05,600,"sd","09:28:36",9000
12,-0.05,3600,"sd","09:28:25",8400
12,-0.05,1000,"sd","09:23:02",4800
12.05,0,100,"bu","09:22:14",3800
12.05,0,300,"bu","09:21:25",3700
12.05,0,100,"bu","09:19:36",3400
12.05,0,1000,"sd","09:18:20",3300
12.05,0,100,"sd","09:16:27",2300
12.05,0,500,"sd","09:15:56",2200
12.05,0,1700,"","09:15:00",1700
12.2,0.35,11500,"bu","10:05:01",896500
12.15,0.3,1000,"sd","10:04:52",885000
12.15,0.3,2300,"bu","10:04:20",884000
12.15,0.3,2700,"sd","10:04:11",881700
12.2,0.35,30000,"bu","10:04:09",879000
12.15,0.3,2400,"bu","10:03:57",849000
12.15,0.3,5000,"sd","10:02:52",846600
12.15,0.3,300,"sd","10:02:51",841600
12.15,0.3,700,"sd","10:02:49",841300
12.15,0.3,5000,"sd","10:02:31",840600
12.15,0.3,100,"bu","10:01:39",835600
12.1,0.25,2000,"sd","10:01:29",835500
12.1,0.25,1000,"sd","10:01:01",833500
12.1,0.25,100,"sd","10:00:05",832500
12.1,0.25,1800,"bu","10:00:02",832400
12.1,0.25,3200,"sd","09:59:50",830600
12.1,0.25,4900,"sd","09:59:35",827400
12.15,0.3,100,"sd","09:59:35",822500
12.2,0.35,1000,"bu","09:59:09",822400
12.2,0.35,400,"bu","09:59:04",821400
12.25,0.4,5500,"bu","09:58:51",821000
12.2,0.35,9500,"bu","09:58:51",815500
12.2,0.35,200,"bu","09:58:49",806000
12.2,0.35,6500,"bu","09:58:48",805800
12.2,0.35,13000,"bu","09:58:37",799300
12.2,0.35,25000,"bu","09:58:31",786300
12.2,0.35,49500,"bu","09:58:24",761300
12.15,0.3,500,"bu","09:58:24",711800
12.2,0.35,30000,"bu","09:58:17",711300
12.2,0.35,900,"bu","09:58:10",681300
12.15,0.3,1700,"bu","09:58:10",680400
12.15,0.3,10500,"bu","09:58:10",678700
12.1,0.25,1900,"bu","09:58:10",668200
12.1,0.25,200,"bu","09:57:53",666300
12.1,0.25,22600,"bu","09:57:34",666100
12.05,0.2,1100,"bu","09:57:34",643500
12,0.15,1300,"bu","09:57:34",642400
12,0.15,4200,"sd","09:56:33",641100
12,0.15,5800,"bu","09:56:33",636900
12,0.15,4500,"bu","09:56:27",631100
12,0.15,10500,"bu","09:56:26",626600
12,0.15,17000,"bu","09:56:20",616100
12,0.15,12000,"bu","09:56:14",599100
11.9,0.05,2400,"sd","09:56:07",587100
11.95,0.1,9100,"sd","09:56:07",584700
12,0.15,30000,"bu","09:56:06",575600
11.95,0.1,10900,"bu","09:56:01",545600
11.9,0.05,4600,"bu","09:55:50",534700
11.9,0.05,10000,"bu","09:55:40",530100
11.9,0.05,8000,"bu","09:55:35",520100
11.9,0.05,16000,"bu","09:55:29",512100
11.85,0,1000,"sd","09:54:53",496100
11.85,0,3000,"sd","09:54:52",495100
11.85,0,5000,"sd","09:54:41",492100
11.85,0,9300,"bu","09:54:20",487100
11.85,0,10700,"sd","09:54:18",477800
11.85,0,19300,"bu","09:53:49",467100
11.85,0,700,"sd","09:53:45",447800
11.85,0,100,"sd","09:53:31",447100
11.85,0,20000,"sd","09:53:21",447000
11.85,0,200,"sd","09:53:11",427000
11.85,0,20000,"sd","09:52:41",426800
11.85,0,100,"sd","09:52:18",406800
11.85,0,20000,"sd","09:52:14",406700
11.85,0,200,"sd","09:52:11",386700
11.85,0,11000,"sd","09:51:34",386500
11.85,0,300,"sd","09:50:22",375500
11.85,0,5000,"sd","09:49:39",375200
11.9,0.05,1600,"bu","09:46:17",370200
11.9,0.05,200,"bu","09:45:24",368600
11.85,0,1000,"sd","09:44:47",368400
11.85,0,300,"sd","09:43:28",367400
11.85,0,100,"sd","09:42:55",367100
11.9,0.05,20000,"bu","09:42:02",367000
11.9,0.05,20000,"bu","09:41:29",347000
11.9,0.05,1300,"bu","09:40:50",327000
11.9,0.05,2000,"bu","09:40:33",325700
11.9,0.05,400,"bu","09:39:46",323700
11.9,0.05,20000,"bu","09:39:40",323300
11.9,0.05,19800,"sd","09:39:15",303300
11.9,0.05,200,"bu","09:39:01",283500
11.9,0.05,19800,"sd","09:38:35",283300
11.9,0.05,800,"bu","09:38:19",263500
11.9,0.05,10000,"bu","09:37:44",262700
11.85,0,100,"sd","09:36:21",252700
11.85,0,100,"sd","09:35:41",252600
11.85,0,2000,"sd","09:35:33",252500
11.85,0,1000,"sd","09:35:29",250500
11.85,0,11500,"bu","09:35:22",249500
11.85,0,1000,"bu","09:34:57",238000
11.85,0,8000,"sd","09:34:50",237000
11.85,0,100,"sd","09:34:38",229000
11.85,0,5000,"sd","09:34:10",228900
11.85,0,2000,"sd","09:33:37",223900
11.85,0,100,"sd","09:32:31",221900
11.85,0,5000,"sd","09:28:46",221800
11.85,0,900,"bu","09:28:16",216800
11.85,0,19100,"sd","09:27:44",215900
11.85,0,900,"bu","09:27:42",196800
11.85,0,6300,"sd","09:27:19",195900
11.85,0,200,"sd","09:27:17",189600
11.85,0,200,"sd","09:25:22",189400
11.9,0.05,100,"bu","09:24:47",189200
11.9,0.05,100,"bu","09:24:38",189100
11.9,0.05,500,"bu","09:23:56",189000
11.85,0,2000,"sd","09:23:37",188500
11.85,0,5000,"sd","09:22:56",186500
11.85,0,2000,"sd","09:22:45",181500
11.85,0,3000,"sd","09:21:01",179500
11.85,0,600,"sd","09:20:16",176500
11.9,0.05,20000,"bu","09:19:06",175900
11.9,0.05,200,"bu","09:18:27",155900
11.9,0.05,800,"bu","09:18:02",155700
11.9,0.05,100,"bu","09:17:42",154900
11.9,0.05,18300,"sd","09:17:17",154800
11.9,0.05,600,"bu","09:17:16",136500
11.85,0,1100,"bu","09:17:16",135900
11.85,0,19400,"sd","09:16:29",134800
11.85,0,100,"sd","09:16:21",115400
11.85,0,500,"bu","09:16:20",115300
11.8,-0.05,1000,"sd","09:16:16",114800
11.85,0,100,"bu","09:15:53",113800
11.85,0,1100,"bu","09:15:49",113700
11.8,-0.05,112600,"","09:15:00",112600
8.62,-0.33,500,"bu","09:32:44",91500
8.6,-0.35,100,"bu","09:32:02",91000
8.6,-0.35,1000,"bu","09:31:54",90900
8.6,-0.35,100,"bu","09:31:34",89900
8.6,-0.35,200,"bu","09:31:17",89800
8.57,-0.38,1100,"bu","09:30:51",89600
8.57,-0.38,500,"bu","09:30:50",88500
8.56,-0.39,500,"sd","09:30:14",88000
8.57,-0.38,400,"bu","09:30:13",87500
8.57,-0.38,1000,"bu","09:30:02",87100
8.56,-0.39,400,"sd","09:30:00",86100
8.57,-0.38,100,"bu","09:29:56",85700
8.57,-0.38,1000,"bu","09:29:47",85600
8.57,-0.38,1000,"bu","09:29:32",84600
8.57,-0.38,2500,"bu","09:29:15",83600
8.57,-0.38,400,"sd","09:28:11",81100
8.6,-0.35,8900,"bu","09:28:06",80700
8.58,-0.37,1100,"bu","09:28:06",71800
8.57,-0.38,100,"sd","09:27:54",70700
8.56,-0.39,100,"sd","09:27:39",70600
8.58,-0.37,1400,"sd","09:26:45",70500
8.59,-0.36,500,"sd","09:26:45",69100
8.6,-0.35,500,"sd","09:26:32",68600
8.62,-0.33,500,"bu","09:26:08",68100
8.62,-0.33,6500,"bu","09:25:48",67600
8.6,-0.35,2500,"bu","09:25:48",61100
8.6,-0.35,15000,"bu","09:25:31",58600
8.58,-0.37,200,"bu","09:24:57",43600
8.58,-0.37,1000,"bu","09:24:46",43400
8.58,-0.37,2500,"sd","09:24:32",42400
8.58,-0.37,500,"bu","09:23:51",39900
8.56,-0.39,200,"sd","09:23:29",39400
8.58,-0.37,500,"sd","09:23:18",39200
8.59,-0.36,100,"sd","09:23:08",38700
8.6,-0.35,6500,"sd","09:22:57",38600
8.61,-0.34,500,"sd","09:22:55",32100
8.62,-0.33,3300,"sd","09:22:51",31600
8.63,-0.32,900,"sd","09:22:51",28300
8.7,-0.25,1600,"bu","09:22:11",27400
8.64,-0.31,3400,"bu","09:22:11",25800
8.63,-0.32,2200,"sd","09:22:07",22400
8.64,-0.31,1800,"sd","09:21:43",20200
8.64,-0.31,300,"sd","09:20:13",18400
8.79,-0.16,1000,"bu","09:20:11",18100
8.63,-0.32,1000,"sd","09:18:23",17100
8.6,-0.35,16100,"","09:15:00",16100
9.66,-0.02,500,"sd","11:17:29",784500
9.66,-0.02,100,"sd","11:17:29",784000
9.67,-0.01,200,"sd","11:17:29",783900
9.67,-0.01,500,"sd","11:17:29",783700
9.67,-0.01,100,"sd","11:17:29",783200
9.67,-0.01,100,"sd","11:17:29",783100
9.67,-0.01,1000,"sd","11:17:29",783000
9.67,-0.01,1600,"sd","11:17:29",782000
9.67,-0.01,3400,"sd","11:14:21",780400
9.68,0,500,"sd","11:14:21",777000
9.68,0,300,"sd","11:14:21",776500
9.68,0,800,"sd","11:14:21",776200
9.68,0,900,"sd","11:13:10",775400
9.68,0,1100,"sd","11:13:10",774500
9.68,0,3900,"sd","11:11:51",773400
9.68,0,900,"sd","11:11:51",769500
9.69,0.01,200,"sd","11:11:51",768600
9.7,0.02,3300,"bu","11:11:39",768400
9.7,0.02,400,"bu","11:11:39",765100
9.7,0.02,800,"bu","11:11:39",764700
9.69,0.01,500,"bu","11:10:54",763900
9.69,0.01,3000,"bu","11:10:04",763400
9.69,0.01,1000,"bu","11:09:52",760400
9.68,0,4100,"bu","11:07:49",759400
9.68,0,100,"bu","11:05:54",755300
9.68,0,1000,"sd","11:04:59",755200
9.68,0,1800,"sd","11:04:59",754200
9.68,0,500,"sd","11:04:59",752400
9.68,0,4500,"sd","11:04:59",751900
9.69,0.01,1000,"bu","11:04:25",747400
9.69,0.01,6000,"sd","11:04:24",746400
9.69,0.01,4000,"bu","11:03:57",740400
9.69,0.01,5000,"bu","11:03:51",736400
9.69,0.01,4000,"sd","11:03:03",731400
9.69,0.01,1000,"sd","11:02:24",727400
9.7,0.02,200,"sd","11:02:14",726400
9.7,0.02,500,"bu","11:01:47",726200
9.7,0.02,300,"bu","11:01:04",725700
9.7,0.02,400,"sd","11:01:01",725400
9.7,0.02,100,"bu","11:00:58",725000
9.7,0.02,500,"bu","11:00:58",724900
9.7,0.02,500,"bu","11:00:23",724400
9.7,0.02,500,"bu","11:00:23",723900
9.7,0.02,1000,"bu","11:00:09",723400
9.7,0.02,100,"bu","11:00:07",722400
9.7,0.02,400,"bu","10:59:56",722300
9.7,0.02,100,"bu","10:59:56",721900
9.7,0.02,600,"bu","10:57:48",721800
9.7,0.02,100,"bu","10:57:12",721200
9.7,0.02,500,"bu","10:57:12",721100
9.69,0.01,1000,"bu","10:55:47",720600
9.68,0,100,"sd","10:55:40",719600
9.68,0,400,"sd","10:55:18",719500
9.67,-0.01,400,"bu","10:54:14",719100
9.67,-0.01,1000,"bu","10:53:34",718700
9.68,0,200,"sd","10:53:11",717700
9.68,0,100,"sd","10:53:11",717500
9.68,0,200,"sd","10:53:11",717400
9.68,0,100,"sd","10:53:11",717200
9.69,0.01,200,"bu","10:52:59",717100
9.7,0.02,100,"bu","10:50:51",716900
9.7,0.02,1000,"bu","10:49:45",716800
9.7,0.02,1300,"bu","10:48:20",715800
9.69,0.01,300,"sd","10:48:13",714500
9.69,0.01,1000,"bu","10:48:05",714200
9.69,0.01,10000,"bu","10:48:05",713200
9.69,0.01,400,"bu","10:48:05",703200
9.68,0,400,"bu","10:47:46",702800
9.66,-0.02,500,"bu","10:47:22",702400
9.65,-0.03,100,"sd","10:47:20",701900
9.65,-0.03,200,"sd","10:47:20",701800
9.65,-0.03,500,"sd","10:47:00",701600
9.65,-0.03,500,"sd","10:47:00",701100
9.66,-0.02,200,"bu","10:46:54",700600
9.66,-0.02,300,"bu","10:46:39",700400
9.66,-0.02,300,"sd","10:46:24",700100
9.66,-0.02,200,"sd","10:46:24",699800
9.68,0,100,"bu","10:46:19",699600
9.68,0,500,"bu","10:46:10",699500
9.68,0,2000,"bu","10:46:00",699000
9.68,0,200,"bu","10:45:53",697000
9.68,0,100,"bu","10:45:50",696800
9.68,0,1000,"bu","10:45:36",696700
9.68,0,300,"bu","10:44:00",695700
9.68,0,4000,"bu","10:43:50",695400
9.68,0,500,"sd","10:43:32",691400
9.68,0,100,"sd","10:43:32",690900
9.68,0,100,"sd","10:43:32",690800
9.68,0,100,"sd","10:43:32",690700
9.68,0,500,"sd","10:43:32",690600
9.68,0,2300,"sd","10:43:32",690100
9.68,0,8500,"sd","10:43:32",687800
9.69,0.01,1000,"bu","10:42:32",679300
9.69,0.01,300,"sd","10:42:19",678300
9.69,0.01,100,"sd","10:42:19",678000
9.69,0.01,300,"sd","10:42:19",677900
9.7,0.02,500,"bu","10:40:41",677600
9.7,0.02,100,"bu","10:40:16",677100
9.68,0,100,"sd","10:39:51",677000
9.68,0,1400,"sd","10:39:44",676900
9.68,0,100,"sd","10:39:44",675500
9.68,0,900,"sd","10:39:31",675400
9.68,0,1000,"sd","10:39:31",674500
9.69,0.01,300,"sd","10:39:21",673500
9.69,0.01,500,"sd","10:39:21",673100
9.69,0.01,100,"sd","10:39:21",673200
9.7,0.02,100,"sd","10:39:18",672600
9.7,0.02,100,"sd","10:39:18",672500
9.7,0.02,100,"sd","10:39:18",672400
9.7,0.02,5000,"sd","10:39:18",672300
9.7,0.02,500,"sd","10:39:18",667300
9.7,0.02,100,"sd","10:39:18",666800
9.7,0.02,100,"sd","10:39:18",666700
9.7,0.02,100,"sd","10:39:18",666600
9.7,0.02,1500,"sd","10:39:18",666500
9.7,0.02,300,"sd","10:39:18",665000
9.7,0.02,3000,"sd","10:39:18",664700
9.7,0.02,1000,"sd","10:39:18",661700
9.7,0.02,4600,"sd","10:39:18",660700
9.7,0.02,1600,"sd","10:38:21",656100
9.73,0.05,100,"bu","10:37:36",654500
9.73,0.05,900,"bu","10:37:36",654400
9.71,0.03,200,"sd","10:36:50",653500
9.7,0.02,20000,"sd","10:35:30",653300
9.7,0.02,3800,"sd","10:34:56",633300
9.7,0.02,100,"sd","10:34:56",629500
9.7,0.02,1500,"sd","10:34:56",629400
9.7,0.02,3000,"sd","10:34:56",627900
9.71,0.03,500,"sd","10:34:55",624900
9.71,0.03,1000,"sd","10:34:55",624400
9.71,0.03,1000,"sd","10:34:55",623400
9.71,0.03,500,"sd","10:34:55",622400
9.71,0.03,500,"sd","10:34:55",621900
9.72,0.04,1000,"sd","10:34:55",621400
9.72,0.04,100,"sd","10:34:55",620400
9.72,0.04,2200,"sd","10:34:55",620300
9.72,0.04,100,"sd","10:34:55",618100
9.72,0.04,100,"sd","10:34:55",618000
9.72,0.04,300,"sd","10:34:55",617900
9.72,0.04,4300,"sd","10:34:55",617600
9.73,0.05,100,"sd","10:34:45",613300
9.73,0.05,500,"sd","10:34:26",613200
9.73,0.05,2000,"bu","10:34:08",612700
9.72,0.04,1000,"sd","10:33:29",610700
9.72,0.04,5800,"sd","10:32:29",609700
9.72,0.04,300,"sd","10:32:29",603900
9.72,0.04,2600,"sd","10:32:29",603600
9.72,0.04,100,"sd","10:32:29",601000
9.72,0.04,10000,"sd","10:32:29",600800
9.72,0.04,100,"sd","10:32:29",600900
9.73,0.05,200,"sd","10:32:29",590800
9.73,0.05,500,"sd","10:32:29",590600
9.73,0.05,100,"sd","10:32:29",590100
9.73,0.05,6700,"sd","10:32:29",590000
9.74,0.06,600,"sd","10:32:29",583300
9.75,0.07,100,"bu","10:31:38",582700
9.75,0.07,100,"bu","10:31:18",582600
9.75,0.07,200,"bu","10:30:12",582500
9.75,0.07,3000,"bu","10:29:17",582300
9.74,0.06,300,"sd","10:27:53",579300
9.74,0.06,600,"sd","10:27:21",579000
9.74,0.06,4500,"sd","10:26:21",578400
9.74,0.06,1000,"sd","10:26:08",573900
9.75,0.07,500,"bu","10:25:56",572900
9.74,0.06,3000,"sd","10:24:51",572400
9.75,0.07,100,"bu","10:23:21",569400
9.74,0.06,3500,"sd","10:23:04",569300
9.74,0.06,1500,"sd","10:23:04",565800
9.74,0.06,1000,"sd","10:22:30",564300
9.74,0.06,2000,"sd","10:21:48",563300
9.74,0.06,4400,"sd","10:21:19",561300
9.74,0.06,100,"sd","10:21:07",556900
9.75,0.07,400,"bu","10:19:59",556800
9.74,0.06,1000,"sd","10:19:54",556400
9.75,0.07,100,"sd","10:17:35",555400
9.75,0.07,900,"bu","10:17:18",555300
9.73,0.05,1000,"sd","10:15:47",554400
9.73,0.05,200,"sd","10:15:47",553400
9.73,0.05,800,"sd","10:15:47",553200
9.74,0.06,200,"sd","10:15:37",552400
9.73,0.05,200,"sd","10:14:45",552200
9.74,0.06,300,"bu","10:14:39",552000
9.73,0.05,200,"sd","10:13:05",551700
9.73,0.05,200,"unknown","10:12:49",551500
9.73,0.05,1000,"sd","10:12:41",551300
9.73,0.05,3900,"sd","10:12:20",550300
9.73,0.05,300,"sd","10:12:20",546400
9.73,0.05,400,"sd","10:11:58",546100
9.73,0.05,100,"sd","10:11:58",545700
9.75,0.07,1000,"bu","10:11:23",545600
9.75,0.07,200,"bu","10:11:06",544600
9.75,0.07,200,"bu","10:10:51",544400
9.75,0.07,3000,"bu","10:10:49",544200
9.75,0.07,100,"bu","10:10:46",541200
9.75,0.07,1000,"bu","10:10:43",541100
9.75,0.07,100,"bu","10:10:40",540100
9.75,0.07,5000,"bu","10:10:28",540000
9.75,0.07,6400,"sd","10:10:19",535000
9.75,0.07,100,"sd","10:10:19",528600
9.75,0.07,2000,"sd","10:10:19",528500
9.78,0.1,400,"bu","10:09:27",526500
9.78,0.1,100,"bu","10:09:23",526100
9.76,0.08,500,"sd","10:09:22",526000
9.76,0.08,1000,"sd","10:09:06",525500
9.76,0.08,300,"sd","10:08:58",524500
9.76,0.08,4000,"sd","10:08:58",524200
9.76,0.08,1400,"sd","10:08:58",520200
9.76,0.08,1000,"sd","10:08:58",518800
9.77,0.09,100,"sd","10:08:33",517800
9.77,0.09,300,"sd","10:08:33",517700
9.79,0.11,2000,"sd","10:08:17",517400
9.79,0.11,1000,"unknown","10:08:02",515400
9.79,0.11,500,"bu","10:07:58",514400
9.8,0.12,1000,"bu","10:07:51",513900
9.8,0.12,100,"bu","10:07:47",512900
9.79,0.11,1900,"unknown","10:07:47",512800
9.8,0.12,6900,"bu","10:07:26",510900
9.79,0.11,3100,"bu","10:07:26",504000
9.78,0.1,700,"sd","10:07:21",500900
9.78,0.1,4000,"sd","10:07:21",500200
9.79,0.11,200,"bu","10:06:41",496200
9.78,0.1,500,"sd","10:06:36",496000
9.78,0.1,500,"sd","10:06:22",495500
9.79,0.11,700,"sd","10:06:04",495000
9.79,0.11,9500,"sd","10:06:04",494300
9.8,0.12,4600,"bu","10:05:51",484800
9.8,0.12,100,"bu","10:05:51",480200
9.8,0.12,500,"bu","10:05:51",480100
9.8,0.12,200,"bu","10:05:51",479600
9.8,0.12,300,"bu","10:05:51",479400
9.8,0.12,500,"bu","10:05:51",479100
9.8,0.12,8800,"bu","10:05:51",478600
9.8,0.12,1000,"bu","10:05:17",469800
9.8,0.12,100,"bu","10:04:44",468800
9.79,0.11,500,"bu","10:03:27",468700
9.79,0.11,500,"sd","10:03:21",468200
9.79,0.11,100,"sd","10:03:12",467700
9.79,0.11,200,"bu","10:02:33",467600
9.79,0.11,1300,"bu","10:02:30",467400
9.79,0.11,2700,"bu","10:02:30",466100
9.79,0.11,300,"bu","10:02:07",463400
9.79,0.11,400,"bu","10:02:07",463100
9.79,0.11,300,"bu","10:02:07",462700
9.79,0.11,200,"bu","10:01:34",462400
9.8,0.12,100,"bu","09:58:11",462200
9.76,0.08,6600,"sd","09:57:07",462100
9.76,0.08,1000,"sd","09:56:37",455500
9.77,0.09,20000,"bu","09:56:07",454500
9.78,0.1,600,"unknown","09:56:07",434500
9.78,0.1,10000,"sd","09:56:07",433900
9.78,0.1,1800,"sd","09:56:07",423900
9.79,0.11,1500,"sd","09:56:07",422100
9.79,0.11,3500,"sd","09:55:53",420600
9.79,0.11,5000,"sd","09:55:53",417100
9.79,0.11,500,"sd","09:55:53",412100
9.8,0.12,100,"unknown","09:55:33",411600
9.8,0.12,100,"unknown","09:55:33",411500
9.8,0.12,500,"unknown","09:55:33",411400
9.8,0.12,1000,"unknown","09:55:33",410900
9.8,0.12,300,"sd","09:55:33",409900
9.8,0.12,200,"sd","09:55:33",409600
9.8,0.12,500,"sd","09:55:33",409400
9.8,0.12,200,"sd","09:55:33",408900
9.81,0.13,3100,"sd","09:55:25",408700
9.81,0.13,1000,"sd","09:55:25",405600
9.81,0.13,300,"sd","09:55:25",404600
9.81,0.13,100,"sd","09:55:25",404300
9.81,0.13,100,"sd","09:55:25",404200
9.82,0.14,6400,"sd","09:55:08",404100
9.82,0.14,1000,"sd","09:55:08",397700
9.82,0.14,1000,"sd","09:55:08",396700
9.83,0.15,100,"sd","09:55:01",395700
9.83,0.15,500,"sd","09:55:01",395600
9.83,0.15,200,"sd","09:53:16",395100
9.83,0.15,300,"sd","09:52:23",394900
9.83,0.15,500,"sd","09:52:23",394600
9.83,0.15,800,"sd","09:52:23",394100
9.84,0.16,1400,"sd","09:51:57",393300
9.84,0.16,800,"sd","09:51:42",391900
9.84,0.16,200,"bu","09:50:52",391100
9.84,0.16,300,"bu","09:50:30",390900
9.84,0.16,200,"bu","09:50:03",390600
9.84,0.16,100,"bu","09:50:03",390400
9.84,0.16,200,"bu","09:50:02",390300
9.84,0.16,1000,"bu","09:49:51",390100
9.84,0.16,500,"bu","09:49:51",389100
9.84,0.16,100,"bu","09:49:34",388600
9.84,0.16,500,"bu","09:49:26",388500
9.84,0.16,1200,"bu","09:49:19",388000
9.84,0.16,800,"bu","09:49:19",386800
9.84,0.16,100,"bu","09:49:03",386000
9.84,0.16,100,"bu","09:48:55",385900
9.83,0.15,500,"bu","09:47:45",385800
9.83,0.15,100,"bu","09:46:49",385300
9.83,0.15,400,"bu","09:44:53",385200
9.83,0.15,100,"bu","09:42:47",384800
9.83,0.15,300,"bu","09:41:08",384700
9.83,0.15,200,"bu","09:41:08",384400
9.83,0.15,1500,"bu","09:41:08",384200
9.83,0.15,600,"bu","09:39:29",382700
9.83,0.15,300,"bu","09:39:29",382100
9.8,0.12,100,"sd","09:38:59",381800
9.8,0.12,200,"sd","09:38:59",381700
9.8,0.12,200,"sd","09:38:59",381500
9.83,0.15,200,"bu","09:38:57",381300
9.83,0.15,500,"bu","09:38:55",381100
9.8,0.12,1200,"sd","09:38:08",380600
9.8,0.12,800,"sd","09:38:08",379400
9.8,0.12,200,"sd","09:36:58",378600
9.8,0.12,100,"bu","09:33:48",378400
9.8,0.12,1500,"bu","09:31:06",378300
9.78,0.1,200,"sd","09:29:51",376800
9.8,0.12,500,"bu","09:29:48",376600
9.78,0.1,100,"sd","09:27:28",376100
9.78,0.1,200,"sd","09:27:23",376000
9.78,0.1,200,"bu","09:27:23",375800
9.77,0.09,2300,"unknown","09:27:21",375600
9.77,0.09,5000,"unknown","09:27:21",373300
9.78,0.1,200,"sd","09:26:56",368300
9.8,0.12,600,"sd","09:25:45",368100
9.8,0.12,5000,"sd","09:25:22",367500
9.8,0.12,600,"sd","09:25:22",362500
9.8,0.12,4400,"sd","09:24:53",361900
9.82,0.14,500,"sd","09:24:53",357500
9.82,0.14,2000,"sd","09:24:53",357000
9.82,0.14,100,"sd","09:24:53",355000
9.82,0.14,2000,"sd","09:24:53",354900
9.83,0.15,100,"sd","09:24:50",352900
9.83,0.15,300,"sd","09:24:42",352800
9.83,0.15,1000,"sd","09:24:41",352500
9.84,0.16,400,"sd","09:24:41",351500
9.83,0.15,600,"sd","09:24:15",351100
9.83,0.15,1000,"sd","09:24:15",350500
9.83,0.15,800,"sd","09:24:15",349500
9.84,0.16,100,"sd","09:24:15",348700
9.83,0.15,100,"sd","09:23:41",348600
9.83,0.15,9100,"sd","09:22:52",348500
9.83,0.15,100,"sd","09:22:52",339400
9.83,0.15,500,"sd","09:22:52",339300
9.83,0.15,200,"sd","09:21:58",338800
9.93,0.25,100,"bu","09:21:44",338600
9.93,0.25,200,"bu","09:21:39",338500
9.93,0.25,300,"bu","09:21:39",338300
9.94,0.26,1000,"sd","09:21:01",338000
9.94,0.26,2000,"sd","09:21:01",337000
9.94,0.26,500,"sd","09:21:01",335000
9.94,0.26,500,"bu","09:20:21",334500
9.95,0.27,5500,"bu","09:19:31",334000
9.94,0.26,1000,"bu","09:19:31",328500
9.94,0.26,200,"bu","09:19:31",327500
9.94,0.26,2000,"bu","09:19:31",327300
9.94,0.26,100,"bu","09:19:31",325300
9.94,0.26,500,"bu","09:19:31",325200
9.94,0.26,400,"bu","09:19:31",324700
9.94,0.26,300,"bu","09:19:31",324300
9.8,0.12,2700,"bu","09:18:18",324000
9.8,0.12,200,"bu","09:18:15",321300
9.8,0.12,100,"bu","09:17:58",321100
9.8,0.12,2000,"sd","09:17:54",321000
9.94,0.26,700,"bu","09:17:43",319000
9.94,0.26,100,"bu","09:17:43",318300
9.92,0.24,2200,"bu","09:17:43",318200
9.94,0.26,100,"bu","09:17:24",316000
9.94,0.26,100,"bu","09:17:24",315900
9.94,0.26,200,"bu","09:16:51",315800
9.95,0.27,9800,"bu","09:16:30",315600
9.94,0.26,200,"bu","09:16:30",305800
9.95,0.27,1500,"bu","09:16:01",305600
9.94,0.26,3500,"bu","09:16:01",304100
9.97,0.29,300600,"unknown","09:14:59",300600
10.9,-0.8,1000,"sd","11:05:39",2693500
10.9,-0.8,100,"sd","11:05:39",2692500
10.9,-0.8,400,"sd","11:05:39",2692400
10.9,-0.8,2000,"sd","11:05:39",2692000
10.9,-0.8,500,"sd","11:05:39",2690000
10.9,-0.8,5800,"sd","11:05:39",2689500
10.9,-0.8,100,"sd","11:05:39",2683700
10.9,-0.8,200,"sd","11:05:39",2683600
10.9,-0.8,3200,"sd","11:05:39",2683400
10.9,-0.8,300,"sd","11:05:39",2680200
10.9,-0.8,1000,"sd","11:05:39",2679900
10.9,-0.8,2000,"sd","11:05:39",2678900
10.9,-0.8,300,"sd","11:05:39",2676900
10.9,-0.8,900,"sd","11:05:39",2676600
10.9,-0.8,100,"sd","11:05:39",2675700
10.9,-0.8,1000,"sd","11:05:39",2675600
10.9,-0.8,1000,"sd","11:05:39",2674600
10.9,-0.8,200,"sd","11:05:39",2673600
10.9,-0.8,100,"sd","11:05:39",2673400
10.9,-0.8,1000,"sd","11:05:39",2673300
10.9,-0.8,200,"sd","11:05:39",2672300
10.9,-0.8,100,"sd","11:05:39",2672100
10.9,-0.8,1000,"sd","11:05:39",2672000
10.9,-0.8,1000,"sd","11:05:39",2671000
10.9,-0.8,2400,"sd","11:05:39",2670000
10.9,-0.8,1200,"sd","11:05:39",2667600
10.9,-0.8,300,"sd","11:05:39",2666400
10.9,-0.8,1000,"sd","11:05:39",2666100
10.9,-0.8,500,"sd","11:05:39",2665100
10.9,-0.8,1000,"sd","11:05:39",2664600
10.9,-0.8,1000,"sd","11:05:39",2663600
10.9,-0.8,2000,"sd","11:05:39",2662600
10.9,-0.8,600,"sd","11:05:39",2660600
10.9,-0.8,1000,"sd","11:05:39",2660000
10.9,-0.8,20000,"sd","11:05:39",2659000
10.9,-0.8,5000,"sd","11:05:39",2639000
10.9,-0.8,3000,"sd","11:05:39",2634000
10.9,-0.8,300,"sd","11:05:39",2631000
10.9,-0.8,100,"sd","11:05:39",2630700
10.9,-0.8,200,"sd","11:05:39",2630600
11.3,-0.55,1000,"sd","13:25:00",1771700
11.35,-0.5,100,"bu","13:24:47",1770700
11.35,-0.5,200,"bu","13:24:47",1770600
11.3,-0.55,1000,"sd","13:24:45",1770400
11.3,-0.55,1000,"sd","13:24:45",1769400
11.3,-0.55,100,"sd","13:24:45",1768400
11.3,-0.55,400,"sd","13:24:45",1768300
11.3,-0.55,100,"sd","13:24:45",1767900
11.3,-0.55,200,"sd","13:24:45",1767800
11.3,-0.55,2000,"sd","13:24:45",1767600
11.3,-0.55,2100,"sd","13:24:45",1765600
11.3,-0.55,200,"sd","13:24:40",1763500
11.3,-0.55,3100,"sd","13:24:34",1763300
11.3,-0.55,500,"sd","13:24:27",1760200
11.3,-0.55,400,"sd","13:23:49",1759700
11.3,-0.55,200,"sd","13:23:29",1759300
11.3,-0.55,300,"sd","13:23:08",1759100
11.35,-0.5,500,"bu","13:22:59",1758800
11.35,-0.5,100,"bu","13:22:59",1758300
11.35,-0.5,600,"bu","13:22:55",1758200
11.35,-0.5,1300,"bu","13:22:53",1757600
11.35,-0.5,3700,"bu","13:22:53",1756300
11.35,-0.5,4000,"bu","13:22:30",1752600
11.35,-0.5,500,"bu","13:22:29",1748600
11.35,-0.5,300,"bu","13:22:18",1748100
11.3,-0.55,1900,"sd","13:21:59",1747800
11.3,-0.55,100,"sd","13:21:59",1745900
11.3,-0.55,500,"sd","13:21:59",1745800
11.3,-0.55,2000,"sd","13:21:59",1745300
11.3,-0.55,500,"sd","13:21:59",1743300
11.3,-0.55,200,"sd","13:21:30",1742800
11.3,-0.55,1800,"sd","13:21:30",1742600
11.3,-0.55,300,"sd","13:21:29",1740800
11.3,-0.55,300,"sd","13:21:24",1740500
11.35,-0.5,2000,"bu","13:21:05",1740200
11.3,-0.55,100,"sd","13:20:47",1738200
11.3,-0.55,300,"sd","13:20:30",1738100
11.35,-0.5,100,"bu","13:20:27",1737800
11.3,-0.55,200,"sd","13:19:59",1737700
11.3,-0.55,200,"sd","13:19:42",1737500
11.3,-0.55,1800,"sd","13:19:26",1737300
11.3,-0.55,300,"sd","13:19:26",1735500
11.3,-0.55,200,"sd","13:19:26",1735200
11.3,-0.55,300,"sd","13:19:26",1735000
11.3,-0.55,100,"sd","13:19:26",1734700
11.3,-0.55,500,"sd","13:19:25",1734600
11.3,-0.55,2800,"sd","13:19:25",1734100
11.3,-0.55,2200,"sd","13:19:10",1731300
11.3,-0.55,1000,"sd","13:19:10",1729100
11.3,-0.55,200,"sd","13:19:10",1728100
11.3,-0.55,400,"sd","13:19:10",1727900
11.3,-0.55,3000,"sd","13:19:10",1727500
11.3,-0.55,100,"sd","13:19:10",1724500
11.3,-0.55,2000,"sd","13:19:10",1724400
11.3,-0.55,500,"sd","13:19:10",1722400
11.3,-0.55,1500,"sd","13:19:10",1721900
11.3,-0.55,200,"sd","13:19:10",1720400
11.3,-0.55,5000,"sd","13:19:10",1720200
11.3,-0.55,500,"sd","13:19:10",1715200
11.3,-0.55,2400,"sd","13:19:10",1714700
11.3,-0.55,500,"sd","13:19:10",1715200
11.3,-0.55,2400,"sd","13:19:10",1714700
11.3,-0.55,500,"sd","13:19:10",1712300
11.3,-0.55,300,"sd","13:19:08",1711800
11.3,-0.55,300,"sd","13:18:46",1711500
11.3,-0.55,2300,"sd","13:18:42",1711200
11.35,-0.5,5000,"sd","13:18:39",1708900
11.35,-0.5,500,"sd","13:18:39",1703900
11.35,-0.5,1800,"sd","13:18:39",1703400
11.35,-0.5,2100,"sd","13:18:39",1701600
11.35,-0.5,500,"sd","13:18:30",1699500
11.35,-0.5,200,"sd","13:18:18",1699000
11.35,-0.5,1800,"sd","13:18:18",1698800
11.35,-0.5,200,"sd","13:18:17",1697000
11.35,-0.5,100,"sd","13:18:11",1696800
11.35,-0.5,300,"sd","13:18:11",1696700
11.35,-0.5,2000,"sd","13:18:11",1696400
11.35,-0.5,1000,"sd","13:18:11",1694400
11.35,-0.5,2600,"sd","13:18:11",1693400
11.35,-0.5,100,"sd","13:18:11",1690800
11.35,-0.5,100,"sd","13:18:10",1685900
11.35,-0.5,1600,"sd","13:18:01",1685800
11.35,-0.5,5000,"sd","13:18:01",1684200
11.35,-0.5,100,"sd","13:18:01",1679200
11.35,-0.5,4000,"sd","13:18:01",1679100
11.35,-0.5,5000,"sd","13:18:01",1675100
11.35,-0.5,300,"sd","13:18:01",1670100
11.35,-0.5,700,"sd","13:17:39",1669800
11.35,-0.5,100,"sd","13:17:39",1669100
11.35,-0.5,2200,"sd","13:17:39",1669000
11.4,-0.45,400,"bu","13:17:35",1666800
11.35,-0.5,500,"sd","13:17:07",1666400
11.4,-0.45,100,"bu","13:16:38",1665900
11.4,-0.45,200,"bu","13:16:31",1665800
11.4,-0.45,100,"bu","13:16:15",1665600
11.4,-0.45,1000,"bu","13:16:09",1665500
11.4,-0.45,700,"sd","13:15:31",1664500
11.4,-0.45,500,"sd","13:15:31",1663800
11.4,-0.45,200,"sd","13:15:31",1663300
11.4,-0.45,300,"sd","13:15:31",1663100
11.4,-0.45,100,"sd","13:15:26",1662800
11.4,-0.45,900,"sd","13:15:16",1662700
11.4,-0.45,100,"sd","13:15:16",1661800
11.4,-0.45,200,"sd","13:15:04",1661700
11.4,-0.45,300,"bu","13:15:03",1661500
11.4,-0.45,100,"bu","13:15:03",1661200
11.4,-0.45,5300,"bu","13:15:03",1661100
11.4,-0.45,500,"bu","13:14:40",1655800
11.4,-0.45,1000,"bu","13:14:39",1655300
11.4,-0.45,500,"bu","13:14:21",1654300
11.4,-0.45,100,"bu","13:14:21",1653800
11.4,-0.45,100,"sd","13:14:00",1653700
11.4,-0.45,400,"sd","13:13:39",1653600
11.4,-0.45,300,"sd","13:13:39",1653200
11.4,-0.45,300,"sd","13:13:39",1652900
11.4,-0.45,200,"sd","13:13:39",1652600
11.45,-0.4,500,"bu","13:13:24",1652400
11.4,-0.45,200,"sd","13:13:22",1651900
11.4,-0.45,300,"sd","13:13:22",1651700
11.45,-0.4,2600,"bu","13:13:05",1651400
11.4,-0.45,400,"sd","13:13:02",1648800
11.4,-0.45,100,"sd","13:13:02",1648400
11.4,-0.45,1500,"sd","13:13:02",1648300
11.4,-0.45,1000,"sd","13:12:58",1646800
11.45,-0.4,1000,"bu","13:12:46",1645800
11.45,-0.4,1800,"bu","13:12:46",1644800
11.45,-0.4,200,"bu","13:12:46",1643000
11.4,-0.45,100,"sd","13:12:45",1642800
11.4,-0.45,5900,"sd","13:12:45",1642700
11.45,-0.4,100,"bu","13:12:15",1636800
11.45,-0.4,100,"bu","13:12:02",1636700
11.45,-0.4,200,"bu","13:12:00",1636600
11.45,-0.4,100,"bu","13:12:00",1636400
11.45,-0.4,100,"bu","13:12:00",1636300
11.45,-0.4,600,"bu","13:12:00",1636200
11.45,-0.4,400,"bu","13:11:52",1635600
11.4,-0.45,700,"bu","13:11:40",1635200
11.4,-0.45,3400,"bu","13:11:40",1634500
11.4,-0.45,100,"bu","13:11:40",1631100
11.4,-0.45,1000,"bu","13:11:39",1631000
11.4,-0.45,2800,"bu","13:11:35",1630000
11.4,-0.45,100,"bu","13:11:35",1627200
11.4,-0.45,5000,"bu","13:11:35",1627100
11.4,-0.45,1700,"bu","13:11:35",1622100
11.4,-0.45,400,"bu","13:11:35",1620400
11.4,-0.45,1600,"bu","13:11:31",1620000
11.4,-0.45,300,"bu","13:11:31",1618400
11.4,-0.45,100,"bu","13:11:31",1618100
11.4,-0.45,500,"bu","13:11:31",1618000
11.4,-0.45,500,"bu","13:11:31",1617500
11.4,-0.45,400,"bu","13:11:23",1617000
11.4,-0.45,1000,"bu","13:11:13",1616600
11.4,-0.45,2000,"bu","13:11:09",1615600
11.4,-0.45,1100,"bu","13:10:54",1613600
11.4,-0.45,1100,"bu","13:10:54",1612500
11.4,-0.45,800,"bu","13:10:54",1611400
11.35,-0.5,300,"sd","13:10:42",1610600
11.35,-0.5,300,"sd","13:10:42",1610300
11.35,-0.5,500,"sd","13:10:42",1610000
11.35,-0.5,500,"sd","13:10:42",1609500
11.35,-0.5,500,"sd","13:10:43",1610000
11.35,-0.5,500,"sd","13:10:43",1609500
11.35,-0.5,100,"sd","13:10:40",1609000
11.35,-0.5,500,"sd","13:10:25",1608900
11.35,-0.5,500,"bu","13:09:56",1608400
11.35,-0.5,1500,"bu","13:09:52",1607900
11.35,-0.5,1000,"bu","13:09:52",1606400
11.35,-0.5,500,"bu","13:09:52",1605400
11.35,-0.5,8000,"bu","13:09:39",1604900
11.35,-0.5,500,"bu","13:09:32",1596900
11.35,-0.5,100,"bu","13:09:15",1596400
11.3,-0.55,6700,"sd","13:09:12",1596300
11.3,-0.55,2000,"sd","13:09:12",1589600
11.3,-0.55,400,"sd","13:09:12",1587600
11.3,-0.55,100,"sd","13:09:12",1587200
11.3,-0.55,100,"sd","13:09:12",1587100
11.3,-0.55,500,"sd","13:09:12",1587000
11.3,-0.55,100,"sd","13:09:12",1586500
11.3,-0.55,500,"sd","13:09:12",1586400
11.3,-0.55,200,"sd","13:09:12",1585900
11.3,-0.55,500,"sd","13:09:12",1585700
11.35,-0.5,400,"bu","13:09:07",1585200
11.3,-0.55,100,"sd","13:09:01",1584800
11.35,-0.5,2000,"bu","13:08:59",1584700
11.35,-0.5,2000,"bu","13:08:56",1582700
11.35,-0.5,100,"bu","13:08:47",1580700
11.35,-0.5,500,"bu","13:08:47",1580600
11.35,-0.5,1500,"sd","13:08:47",1580100
11.35,-0.5,800,"sd","13:08:47",1578600
11.35,-0.5,1000,"sd","13:08:47",1577800
11.35,-0.5,400,"sd","13:08:47",1576800
11.35,-0.5,700,"sd","13:08:47",1576400
11.35,-0.5,400,"sd","13:08:47",1575700
11.35,-0.5,500,"sd","13:08:47",1575300
11.35,-0.5,600,"sd","13:08:47",1574800
11.35,-0.5,200,"bu","13:08:14",1574200
11.35,-0.5,1300,"bu","13:08:14",1574000
11.35,-0.5,900,"bu","13:08:14",1572700
11.35,-0.5,700,"bu","13:08:09",1571800
11.35,-0.5,900,"bu","13:08:07",1571100
11.35,-0.5,100,"bu","13:07:56",1570000
11.35,-0.5,300,"bu","13:07:49",1569900
11.35,-0.5,2000,"bu","13:07:49",1569600
11.35,-0.5,1000,"bu","13:07:49",1567600
11.35,-0.5,100,"bu","13:07:49",1566600
11.35,-0.5,200,"bu","13:07:49",1566500
11.35,-0.5,500,"bu","13:07:49",1566300
11.35,-0.5,200,"bu","13:07:49",1565800
11.35,-0.5,600,"bu","13:07:49",1565600
11.35,-0.5,100,"bu","13:07:49",1565000
11.35,-0.5,400,"bu","13:07:48",1564900
11.35,-0.5,100,"bu","13:07:48",1564500
11.35,-0.5,500,"bu","13:07:48",1564400
11.35,-0.5,500,"bu","13:07:38",1563900
11.3,-0.55,4400,"sd","13:07:19",1563400
11.3,-0.55,200,"sd","13:07:19",1559000
11.3,-0.55,400,"sd","13:07:19",1558800
11.3,-0.55,100,"bu","13:07:07",1558400
11.3,-0.55,700,"bu","13:07:02",1558300
11.3,-0.55,200,"bu","13:07:02",1557600
11.3,-0.55,700,"bu","13:07:02",1558300
11.3,-0.55,200,"bu","13:07:02",1557600
11.3,-0.55,100,"bu","13:07:00",1557400
11.3,-0.55,700,"bu","13:06:56",1557300
11.3,-0.55,100,"bu","13:06:56",1556600
11.3,-0.55,200,"bu","13:06:56",1556500
11.3,-0.55,500,"bu","13:06:53",1556300
11.3,-0.55,100,"bu","13:06:45",1555800
11.3,-0.55,100,"bu","13:06:45",1555700
11.3,-0.55,1000,"bu","13:06:39",1555600
11.3,-0.55,2100,"bu","13:06:38",1554600
11.3,-0.55,3800,"bu","13:06:38",1552500
11.3,-0.55,100,"bu","13:06:35",1548700
11.3,-0.55,200,"bu","13:06:28",1548600
11.3,-0.55,900,"bu","13:06:27",1548400
11.3,-0.55,9100,"bu","13:06:27",1547500
11.3,-0.55,900,"bu","13:06:23",1538400
11.3,-0.55,1000,"bu","13:06:23",1537500
11.3,-0.55,100,"bu","13:06:23",1536500
11.25,-0.6,600,"sd","13:06:05",1536400
11.25,-0.6,500,"sd","13:05:39",1534500
11.25,-0.6,1800,"sd","13:05:23",1534000
11.25,-0.6,200,"sd","13:05:23",1532200
11.25,-0.6,800,"sd","13:05:13",1532000
11.25,-0.6,200,"sd","13:05:13",1531200
11.25,-0.6,100,"sd","13:05:08",1531000
11.25,-0.6,200,"sd","13:05:08",1530900
11.25,-0.6,200,"sd","13:05:02",1530700
11.2,-0.65,3000,"sd","13:04:44",1530500
11.25,-0.6,1300,"sd","13:04:43",1527500
11.25,-0.6,500,"bu","13:04:39",1526200
11.25,-0.6,5000,"bu","13:04:39",1525700
11.25,-0.6,100,"bu","13:04:39",1520700
11.2,-0.65,2300,"sd","13:04:37",1520600
11.25,-0.6,500,"bu","13:04:36",1518300
11.25,-0.6,400,"bu","13:04:31",1517800
11.25,-0.6,600,"bu","13:04:31",1517400
11.2,-0.65,8500,"sd","13:04:30",1516800
11.2,-0.65,10000,"sd","13:04:30",1508300
11.2,-0.65,1000,"sd","13:04:30",1498300
11.4,0.7,7000,"sd","10:02:34",2942600
11.4,0.7,1000,"sd","10:02:34",2935600
11.4,0.7,5000,"sd","10:02:34",2934600
11.4,0.7,200,"sd","10:02:34",2929600
11.4,0.7,300,"sd","10:02:34",2929400
11.4,0.7,1000,"sd","10:02:34",2929100
11.4,0.7,11300,"sd","10:02:34",2928100
11.4,0.7,500,"sd","10:02:34",2916800
11.4,0.7,100,"sd","10:02:34",2916300
11.4,0.7,2500,"sd","10:02:32",2916200
11.4,0.7,200,"sd","10:02:32",2913700
11.4,0.7,300,"sd","10:02:32",2913500
11.4,0.7,100,"sd","10:02:32",2913200
11.4,0.7,3000,"sd","10:02:32",2913100
11.4,0.7,10000,"sd","10:02:32",2910100
11.4,0.7,500,"sd","10:02:32",2900100
11.4,0.7,3000,"sd","10:02:31",2899600
11.4,0.7,300,"sd","10:02:31",2896600
11.4,0.7,300,"sd","10:02:31",2896300
11.4,0.7,100,"sd","10:02:31",2896000
11.4,0.7,11700,"sd","10:02:31",2895900
11.4,0.7,300,"sd","10:02:29",2884200
11.4,0.7,700,"sd","10:02:29",2883900
11.4,0.7,400,"sd","10:02:29",2883200
11.4,0.7,900,"sd","10:02:29",2882800
11.4,0.7,4000,"sd","10:02:29",2881900
11.4,0.7,1000,"sd","10:02:29",2877900
11.4,0.7,300,"sd","10:02:29",2876900
11.4,0.7,2200,"sd","10:02:29",2876600
11.4,0.7,900,"sd","10:02:28",2874400
11.4,0.7,100,"sd","10:02:28",2873500
11.4,0.7,100,"sd","10:02:28",2873400
11.4,0.7,500,"sd","10:02:28",2873300
11.4,0.7,2000,"sd","10:02:28",2872800
11.4,0.7,1000,"sd","10:02:25",2870800
11.4,0.7,500,"sd","10:02:24",2869800
11.4,0.7,1000,"sd","10:02:24",2869300
11.4,0.7,2500,"sd","10:02:24",2868300
11.4,0.7,32300,"sd","10:02:24",2865800
11.4,0.7,1000,"sd","10:02:24",2833500
11.4,0.7,1000,"sd","10:02:24",2832500
11.4,0.7,1000,"sd","10:02:24",2831500
11.4,0.7,300,"sd","10:02:24",2830500
11.4,0.7,3800,"sd","10:02:24",2830200
11.4,0.7,5000,"sd","10:02:24",2826400
11.4,0.7,1500,"sd","10:02:24",2821400
11.4,0.7,100,"sd","10:02:24",2819900
11.4,0.7,400,"sd","10:02:24",2819800
11.4,0.7,1100,"sd","10:02:24",2819400
11.4,0.7,1800,"sd","10:02:24",2818300
11.4,0.7,3800,"sd","10:02:24",2816500
11.4,0.7,1400,"sd","10:02:24",2812700
11.4,0.7,1000,"sd","10:02:24",2811300
11.4,0.7,2000,"sd","10:02:24",2810300
11.4,0.7,1000,"sd","10:02:24",2808300
11.4,0.7,2000,"sd","10:02:24",2807300
11.4,0.7,4000,"sd","10:02:24",2805300
11.4,0.7,1000,"sd","10:02:24",2801300
11.4,0.7,8600,"sd","10:02:24",2800300
11.4,0.7,10000,"sd","10:02:24",2791700
11.4,0.7,10100,"sd","10:02:23",2781700
11.4,0.7,6000,"sd","10:02:23",2771600
11.4,0.7,6200,"sd","10:02:23",2765600
11.4,0.7,100,"sd","10:02:23",2759400
11.4,0.7,5000,"sd","10:02:23",2759300
11.4,0.7,1200,"sd","10:02:17",2754300
11.4,0.7,18800,"sd","10:02:17",2753100
11.4,0.7,100,"sd","10:02:14",2734300
11.4,0.7,800,"sd","10:02:13",2734200
11.4,0.7,300,"sd","10:02:13",2733400
11.4,0.7,1000,"sd","10:02:07",2733100
11.4,0.7,200,"sd","10:02:07",2732100
11.4,0.7,1400,"sd","10:02:07",2731900
11.4,0.7,1000,"sd","10:02:07",2730500
11.4,0.7,1100,"sd","10:02:07",2729500
11.4,0.7,700,"sd","10:02:07",2728400
11.4,0.7,1000,"sd","10:02:07",2727700
11.4,0.7,2500,"sd","10:02:07",2726700
11.4,0.7,100,"sd","10:02:07",2724200
11.4,0.7,1700,"sd","10:02:07",2724100
11.4,0.7,100,"sd","10:02:07",2722400
11.4,0.7,200,"sd","10:02:07",2722300
11.4,0.7,3900,"sd","10:02:07",2722100
11.4,0.7,4600,"sd","10:02:07",2718200
11.4,0.7,100,"sd","10:02:07",2713600
11.4,0.7,400,"sd","10:02:07",2713500
11.4,0.7,100,"sd","10:02:04",2713100
11.4,0.7,1000,"sd","10:02:02",2713000
11.4,0.7,1000,"sd","10:02:00",2712000
11.4,0.7,1900,"sd","10:01:51",2711000
11.4,0.7,200,"sd","10:01:50",2709100
11.4,0.7,300,"sd","10:01:48",2708900
11.4,0.7,2100,"sd","10:01:45",2708600
11.4,0.7,1100,"sd","10:01:45",2706500
11.4,0.7,900,"sd","10:01:45",2705400
11.4,0.7,49100,"sd","10:01:44",2704500
11.4,0.7,900,"sd","10:01:44",2655400
11.4,0.7,100,"sd","10:01:33",2654500
11.4,0.7,100,"sd","10:01:33",2654400
11.4,0.7,1500,"sd","10:01:26",2654300
11.4,0.7,500,"sd","10:01:26",2652800
11.4,0.7,500,"sd","10:01:23",2652300
11.4,0.7,400,"sd","10:01:23",2651800
11.4,0.7,600,"sd","10:01:23",2651400
11.4,0.7,1000,"sd","10:01:21",2650800
11.4,0.7,1600,"sd","10:01:21",2649800
11.4,0.7,5000,"sd","10:01:21",2648200
11.4,0.7,2900,"sd","10:01:21",2643200
11.4,0.7,1000,"sd","10:01:21",2640300
11.4,0.7,100,"sd","10:01:21",2639300
11.4,0.7,1200,"sd","10:01:21",2639200
11.4,0.7,300,"sd","10:01:21",2638000
11.4,0.7,100,"sd","10:01:21",2637700
11.4,0.7,1400,"sd","10:01:21",2637600
11.4,0.7,500,"sd","10:01:21",2636200
11.4,0.7,2000,"sd","10:01:21",2635700
11.4,0.7,100,"sd","10:01:21",2633700
11.4,0.7,1500,"sd","10:01:21",2633600
11.4,0.7,1000,"sd","10:01:21",2632100
11.4,0.7,300,"sd","10:01:21",2631100
11.4,0.7,2000,"sd","10:01:21",2646100
11.4,0.7,100,"sd","10:01:21",2644100
11.4,0.7,1500,"sd","10:01:21",2644000
11.4,0.7,1000,"sd","10:01:21",2642500
11.4,0.7,300,"sd","10:01:21",2641500
11.4,0.7,1000,"sd","10:01:21",2641200
11.4,0.7,1600,"sd","10:01:21",2640200
11.4,0.7,5000,"sd","10:01:21",2638600
11.4,0.7,1000,"sd","10:01:21",2633600
11.4,0.7,1200,"sd","10:01:21",2632600
11.4,0.7,100,"sd","10:01:21",2631400
11.4,0.7,500,"sd","10:01:21",2631300
11.4,0.7,100,"sd","10:01:12",2630800
11.4,0.7,200,"sd","10:01:11",2630700
11.4,0.7,200,"sd","10:01:07",2630500
11.4,0.7,800,"sd","10:01:07",2630300
11.4,0.7,200,"sd","10:00:55",2629500
11.4,0.7,500,"sd","10:00:55",2629300
11.4,0.7,400,"sd","10:00:55",2628800
11.4,0.7,200,"sd","10:00:55",2628400
11.4,0.7,100,"sd","10:00:55",2628200
11.4,0.7,1000,"sd","10:00:55",2628100
11.4,0.7,5000,"sd","10:00:55",2627100
11.4,0.7,2000,"sd","10:00:55",2622100
11.4,0.7,200,"sd","10:00:55",2620100
11.4,0.7,10400,"sd","10:00:55",2619900
11.4,0.7,500,"sd","10:00:54",2609500
11.4,0.7,100,"sd","10:00:52",2609000
11.4,0.7,100,"sd","10:00:48",2608900
11.4,0.7,2000,"sd","10:00:47",2608800
11.4,0.7,10000,"sd","10:00:27",2606800
11.4,0.7,5000,"sd","10:00:22",2596800
11.4,0.7,1200,"sd","10:00:21",2591800
11.4,0.7,100,"sd","10:00:19",2590600
11.4,0.7,600,"sd","10:00:14",2590500
11.4,0.7,400,"sd","10:00:14",2589900
11.4,0.7,1100,"sd","10:00:12",2589500
11.4,0.7,18900,"sd","10:00:12",2588400
11.4,0.7,2000,"sd","10:00:07",2569500
11.4,0.7,2000,"sd","10:00:07",2567500
11.4,0.7,2800,"sd","09:59:47",2565500
11.4,0.7,100,"sd","09:59:47",2562700
11.4,0.7,300,"sd","09:59:47",2562600
11.4,0.7,2600,"sd","09:59:47",2562300
11.4,0.7,100,"sd","09:59:47",2559700
11.4,0.7,200,"sd","09:59:47",2559600
11.4,0.7,300,"sd","09:59:47",2559400
11.4,0.7,100,"sd","09:59:47",2559100
11.4,0.7,1000,"sd","09:59:47",2559000
11.4,0.7,500,"sd","09:59:47",2558000
11.4,0.7,2000,"sd","09:59:47",2557500
11.4,0.7,1000,"sd","09:59:45",2555500
11.4,0.7,1000,"sd","09:59:41",2554500
11.4,0.7,1000,"sd","09:59:35",2553500
11.4,0.7,14200,"sd","09:59:18",2552500
11.4,0.7,100,"sd","09:59:18",2538300
11.4,0.7,4000,"sd","09:59:18",2538200
11.4,0.7,300,"sd","09:59:18",2534200
11.4,0.7,1400,"sd","09:59:18",2533900
11.4,0.7,600,"sd","09:59:11",2532500
11.4,0.7,1000,"sd","09:59:11",2531900
11.4,0.7,4000,"sd","09:59:11",2530900
11.4,0.7,1600,"sd","09:59:11",2526900
11.4,0.7,2800,"sd","09:59:11",2525300
11.4,0.7,2100,"sd","09:58:55",2522500
11.4,0.7,1900,"sd","09:58:55",2520400
11.4,0.7,3000,"sd","09:58:55",2518500
11.4,0.7,1900,"sd","09:58:55",2515500
11.4,0.7,1100,"sd","09:58:55",2513600
11.4,0.7,800,"sd","09:58:55",2512500
11.4,0.7,900,"sd","09:58:55",2511700
11.4,0.7,2000,"sd","09:58:55",2510800
11.4,0.7,6300,"sd","09:58:55",2508800
11.4,0.7,100,"sd","09:58:45",2502500
11.4,0.7,100,"sd","09:58:39",2502400
11.4,0.7,3500,"sd","09:58:20",2502300
11.4,0.7,600,"sd","09:58:20",2498800
11.4,0.7,5000,"sd","09:58:20",2498200
11.4,0.7,400,"sd","09:58:20",2493200
11.4,0.7,200,"sd","09:58:20",2492800
11.4,0.7,10000,"sd","09:58:20",2492600
11.4,0.7,300,"sd","09:58:20",2482600
11.4,0.7,2200,"sd","09:57:49",2482300
11.4,0.7,1000,"sd","09:57:49",2480100
11.4,0.7,1800,"sd","09:57:49",2479100
11.4,0.7,1000,"sd","09:57:33",2477300
11.4,0.7,100,"sd","09:57:25",2476300
11.4,0.7,3000,"sd","09:57:08",2476200
11.4,0.7,1100,"sd","09:57:07",2473200
11.4,0.7,20000,"sd","09:56:44",2472100
11.4,0.7,1100,"sd","09:56:35",2452100
11.4,0.7,1900,"sd","09:56:12",2451000
11.4,0.7,1900,"sd","09:56:12",2449100
11.4,0.7,8800,"sd","09:56:12",2447200
11.4,0.7,6000,"sd","09:56:12",2438400
11.4,0.7,1700,"sd","09:56:12",2432400
11.4,0.7,5000,"sd","09:56:12",2430700
11.4,0.7,2300,"sd","09:56:12",2425700
11.4,0.7,5000,"sd","09:56:12",2423400
11.4,0.7,1000,"sd","09:56:12",2418400
11.4,0.7,300,"sd","09:56:12",2417400
11.4,0.7,500,"sd","09:56:12",2417100
11.4,0.7,2000,"sd","09:56:12",2416600
11.4,0.7,200,"sd","09:56:06",2414600
11.4,0.7,400,"sd","09:56:06",2414400
11.4,0.7,2000,"sd","09:55:59",2414000
11.4,0.7,1000,"sd","09:55:35",2412000
11.4,0.7,1000,"sd","09:55:23",2411000
11.4,0.7,4000,"sd","09:55:18",2410000
11.4,0.7,1000,"sd","09:54:55",2406000
11.4,0.7,300,"sd","09:54:54",2405000
11.4,0.7,100,"sd","09:54:27",2404700
11.4,0.7,2500,"sd","09:54:20",2404600
11.4,0.7,1500,"sd","09:54:17",2402100
11.4,0.7,200,"sd","09:54:15",2400600
11.4,0.7,100,"sd","09:53:49",2400400
11.4,0.7,1000,"sd","09:53:48",2400300
11.4,0.7,12400,"sd","09:53:42",2399300
11.4,0.7,2900,"sd","09:53:42",2386900
11.4,0.7,4700,"sd","09:53:42",2384000
11.4,0.7,300,"sd","09:52:49",2379300
11.4,0.7,49800,"sd","09:52:38",2379000
11.4,0.7,1000,"sd","09:52:35",2329200
11.4,0.7,100,"sd","09:52:01",2328200
11.4,0.7,20000,"sd","09:51:45",2328100
11.4,0.7,3000,"sd","09:51:35",2308100
11.4,0.7,6300,"sd","09:51:19",2305100
11.4,0.7,10500,"sd","09:50:58",2298800
11.4,0.7,3000,"sd","09:50:48",2288300
11.4,0.7,100,"sd","09:50:40",2285300
11.4,0.7,500,"sd","09:50:40",2285200
11.4,0.7,500,"sd","09:50:08",2284700
11.4,0.7,200,"sd","09:49:40",2284200
11.4,0.7,400,"sd","09:49:40",2284000
11.4,0.7,100,"sd","09:49:27",2283600
11.4,0.7,3800,"sd","09:49:27",2283500
11.4,0.7,6600,"sd","09:49:27",2279700
11.4,0.7,4900,"sd","09:49:27",2273100
11.4,0.7,1800,"sd","09:49:27",2268200
11.4,0.7,300,"sd","09:49:27",2266400
11.4,0.7,500,"sd","09:49:27",2266100
11.4,0.7,2000,"sd","09:49:27",2265600
11.4,0.7,2000,"sd","09:49:24",2263600
11.4,0.7,200,"sd","09:48:57",2261600
11.4,0.7,4000,"sd","09:48:30",2261400
11.4,0.7,200,"sd","09:48:17",2257400
11.4,0.7,2000,"sd","09:48:07",2257200
11.4,0.7,500,"sd","09:48:06",2255200
11.4,0.7,1000,"sd","09:48:04",2254700
11.4,0.7,100,"sd","09:47:54",2253700
11.4,0.7,500,"sd","09:47:47",2253600
11.4,0.7,2900,"sd","09:47:25",2253100
11.4,0.7,100,"sd","09:47:25",2250200
11.4,0.7,200,"sd","09:47:24",2250100
11.4,0.7,400,"sd","09:47:18",2249900
11.4,0.7,500,"sd","09:47:07",2249500
11.4,0.7,20000,"sd","09:47:07",2249000
11.4,0.7,29500,"sd","09:47:07",2229000
11.4,0.7,100,"sd","09:47:04",2199500
11.4,0.7,400,"sd","09:46:54",2199400
11.4,0.7,20000,"sd","09:44:49",2168500
11.4,0.7,2800,"sd","09:44:40",2148500
11.4,0.7,900,"sd","09:44:30",2145700
11.4,0.7,5000,"sd","09:44:24",2144800
11.4,0.7,400,"sd","09:44:22",2139800
11.4,0.7,2000,"sd","09:44:00",2139400
11.4,0.7,20000,"sd","09:43:59",2137400
11.4,0.7,1000,"sd","09:43:48",2117400
11.4,0.7,7000,"sd","09:43:47",2116400
11.4,0.7,2000,"sd","09:43:03",2109400
11.4,0.7,20000,"sd","09:43:00",2107400
11.4,0.7,10700,"sd","09:43:00",2087400
11.4,0.7,200,"sd","09:42:58",2076700
11.4,0.7,6100,"sd","09:42:56",2076500
11.4,0.7,100,"sd","09:42:48",2070400
11.4,0.7,1000,"sd","09:42:46",2070300
11.4,0.7,500,"sd","09:42:37",2069300
11.4,0.7,20000,"sd","09:42:03",2068800
11.4,0.7,300,"sd","09:42:00",2048800
11.4,0.7,1000,"sd","09:41:41",2048500
11.4,0.7,1000,"sd","09:43:48",2117400
11.4,0.7,7000,"sd","09:43:47",2116400
11.4,0.7,2000,"sd","09:43:03",2109400
11.4,0.7,20000,"sd","09:43:00",2107400
11.4,0.7,10700,"sd","09:43:00",2087400
11.4,0.7,200,"sd","09:42:58",2076700
11.4,0.7,6100,"sd","09:42:56",2076500
11.4,0.7,100,"sd","09:42:48",2070400
11.4,0.7,1000,"sd","09:42:46",2070300
11.4,0.7,500,"sd","09:42:37",2069300
11.4,0.7,20000,"sd","09:42:03",2068800
11.4,0.7,300,"sd","09:42:00",2048800
11.4,0.7,1000,"sd","09:41:40",2048500
11.4,0.7,5000,"sd","09:41:15",2047500
11.4,0.7,700,"sd","09:40:36",2042500
11.4,0.7,1200,"sd","09:39:51",2041800
11.4,0.7,5000,"sd","09:39:48",2040600
11.4,0.7,300,"sd","09:39:47",2035600
11.4,0.7,100,"sd","09:39:38",2035300
11.4,0.7,100,"sd","09:39:37",2035200
11.4,0.7,1300,"sd","09:37:31",2011900
11.4,0.7,500,"sd","09:37:17",2010600
11.4,0.7,5000,"sd","09:37:13",2010100
11.4,0.7,3000,"sd","09:36:53",2005100
11.4,0.7,3000,"sd","09:36:48",2002100
11.4,0.7,5000,"sd","09:36:36",1999100
11.4,0.7,500,"sd","09:36:32",1994100
11.4,0.7,100,"sd","09:36:29",1993600
11.4,0.7,12700,"sd","09:36:25",1993500
11.4,0.7,1000,"sd","09:36:02",1980800
11.4,0.7,10000,"sd","09:36:00",1979800
11.4,0.7,300,"sd","09:35:50",1969800
11.4,0.7,100,"sd","09:35:41",1969500
11.4,0.7,900,"sd","09:35:31",1969400
11.4,0.7,400,"sd","09:35:31",1968500
11.4,0.7,600,"sd","09:35:28",1968100
11.4,0.7,6000,"sd","09:35:24",1967500
11.4,0.7,9400,"sd","09:35:20",1961500
11.4,0.7,1000,"sd","09:35:14",1952100
11.4,0.7,300,"sd","09:35:14",1951100
11.4,0.7,10000,"sd","09:35:09",1950800
11.4,0.7,1100,"sd","09:35:08",1940800
11.4,0.7,500,"sd","09:34:51",1939700
11.4,0.7,1000,"sd","09:34:49",1939200
11.4,0.7,2000,"sd","09:34:48",1938200
11.4,0.7,1000,"sd","09:34:21",1936200
11.4,0.7,200,"sd","09:34:18",1935200
11.4,0.7,100,"sd","09:34:16",1935000
11.4,0.7,200,"sd","09:34:05",1934900
11.4,0.7,500,"sd","09:34:04",1934700
11.4,0.7,2000,"sd","09:34:02",1934200
11.4,0.7,200,"sd","09:33:54",1932200
11.4,0.7,1000,"sd","09:33:54",1932000
11.4,0.7,1400,"sd","09:33:42",1931000
11.4,0.7,5000,"sd","09:33:37",1929600
11.4,0.7,400,"sd","09:33:30",1924600
11.4,0.7,11500,"sd","09:33:29",1924200
11.4,0.7,5000,"sd","09:33:27",1912700
11.4,0.7,100,"sd","09:33:26",1907700
11.4,0.7,5000,"sd","09:33:24",1907600
11.4,0.7,1500,"sd","09:33:03",1902600
11.4,0.7,500,"sd","09:32:46",1901100
11.4,0.7,3000,"sd","09:32:46",1900600
11.4,0.7,400,"sd","09:32:40",1897600
11.4,0.7,1000,"sd","09:32:26",1897200
11.4,0.7,100,"sd","09:32:20",1896200
11.4,0.7,7000,"sd","09:32:17",1896100
11.4,0.7,300,"sd","09:32:15",1889100
11.4,0.7,9700,"sd","09:32:13",1888800
11.4,0.7,5000,"sd","09:32:13",1879100
11.4,0.7,1000,"sd","09:32:13",1874100
11.4,0.7,2000,"sd","09:32:13",1873100
11.4,0.7,22300,"sd","09:32:13",1871100
11.4,0.7,500,"sd","09:32:02",1848800
11.4,0.7,2500,"sd","09:31:59",1848300
11.4,0.7,200,"sd","09:31:54",1845800
11.4,0.7,4500,"sd","09:31:43",1845600
11.4,0.7,500,"sd","09:31:43",1841100
11.4,0.7,2000,"sd","09:31:40",1840600
11.4,0.7,500,"sd","09:31:36",1838600
11.4,0.7,300,"sd","09:32:15",1889100
11.4,0.7,9700,"sd","09:32:13",1888800
11.4,0.7,5000,"sd","09:32:13",1879100
11.4,0.7,1000,"sd","09:32:13",1874100
11.4,0.7,2000,"sd","09:32:13",1873100
11.4,0.7,22300,"sd","09:32:13",1871100
11.4,0.7,500,"sd","09:32:02",1848800
11.4,0.7,2500,"sd","09:31:59",1848300
11.4,0.7,200,"sd","09:31:54",1845800
11.4,0.7,4500,"sd","09:31:43",1845600
11.4,0.7,500,"sd","09:31:43",1841100
11.4,0.7,2000,"sd","09:31:40",1840600
11.4,0.7,500,"sd","09:31:36",1838600
11.4,0.7,1400,"sd","09:31:36",1838100
11.4,0.7,1000,"sd","09:31:36",1836700
11.4,0.7,2100,"sd","09:31:36",1835700
11.4,0.7,1000,"sd","09:31:30",1833600
11.4,0.7,1100,"sd","09:31:26",1832600
11.4,0.7,2000,"sd","09:31:22",1831500
11.4,0.7,800,"sd","09:31:14",1829500
11.4,0.7,1000,"sd","09:31:14",1828700
11.4,0.7,1000,"sd","09:31:14",1827700
11.4,0.7,2200,"sd","09:31:14",1826700
11.4,0.7,1000,"sd","09:31:14",1824500
11.4,0.7,700,"sd","09:31:10",1823500
11.4,0.7,600,"sd","09:31:09",1822800
11.4,0.7,700,"sd","09:31:02",1822200
11.4,0.7,100,"sd","09:30:54",1821500
11.4,0.7,200,"sd","09:30:54",1821400
11.4,0.7,300,"sd","09:30:54",1821200
11.4,0.7,2000,"sd","09:30:49",1820900
11.4,0.7,500,"sd","09:30:40",1818900
11.4,0.7,500,"sd","09:30:40",1818400
11.4,0.7,500,"sd","09:30:29",1817900
11.4,0.7,1500,"sd","09:30:29",1817400
11.4,0.7,500,"sd","09:30:27",1815900
11.4,0.7,3000,"sd","09:30:27",1815400
11.4,0.7,100,"sd","09:30:26",1812400
11.4,0.7,2100,"sd","09:30:26",1812300
11.4,0.7,5000,"sd","09:30:26",1810200
11.4,0.7,500,"sd","09:30:23",1805200
11.4,0.7,5000,"sd","09:30:10",1804700
11.4,0.7,100,"sd","09:30:07",1799700
11.4,0.7,200,"sd","09:30:00",1799600
11.4,0.7,7000,"sd","09:29:52",1799400
11.4,0.7,100,"sd","09:29:50",1792400
11.4,0.7,100,"sd","09:29:49",1792300
11.4,0.7,100,"sd","09:29:49",1792200
11.4,0.7,10000,"sd","09:29:41",1792100
11.4,0.7,100,"sd","09:29:33",1782100
11.4,0.7,200,"sd","09:29:26",1782000
11.4,0.7,10000,"sd","09:29:26",1781800
11.4,0.7,3000,"sd","09:29:23",1771800
11.4,0.7,3000,"sd","09:29:17",1768800
11.4,0.7,100,"sd","09:29:09",1765800
11.4,0.7,4600,"sd","09:29:02",1765700
11.4,0.7,500,"sd","09:28:55",1761100
11.4,0.7,100,"sd","09:28:53",1760600
11.4,0.7,3000,"sd","09:28:49",1760500
11.4,0.7,600,"sd","09:28:48",1757500
11.4,0.7,4000,"sd","09:28:45",1756900
11.4,0.7,100,"sd","09:28:43",1752900
11.4,0.7,200,"sd","09:28:32",1752800
11.4,0.7,500,"sd","09:28:24",1752600
11.4,0.7,5000,"sd","09:28:15",1752100
11.4,0.7,2000,"sd","09:28:03",1747100
11.4,0.7,5000,"sd","09:28:01",1745100
11.4,0.7,200,"sd","09:27:57",1740100
11.4,0.7,1000,"sd","09:27:43",1739900
11.4,0.7,1000,"sd","09:27:42",1738900
11.4,0.7,500,"sd","09:27:41",1737900
11.4,0.7,100,"sd","09:27:37",1737400
11.4,0.7,1400,"sd","09:27:31",1737300
11.4,0.7,300,"sd","09:27:28",1735900
11.4,0.7,100,"sd","09:27:23",1735600
11.4,0.7,2100,"sd","09:27:21",1735500
11.4,0.7,2000,"sd","09:27:08",1733400
11.4,0.7,1000,"sd","09:27:06",1731400
11.4,0.7,3900,"sd","09:26:54",1730400
11.4,0.7,14200,"sd","09:26:54",1726500
11.4,0.7,1800,"sd","09:26:54",1712300
11.4,0.7,900,"sd","09:26:50",1710500
11.4,0.7,1000,"sd","09:26:49",1709600
11.4,0.7,500,"sd","09:26:46",1708600
11.4,0.7,100,"sd","09:26:28",1708100
11.4,0.7,200,"sd","09:26:28",1708000
11.4,0.7,500,"sd","09:26:27",1707800
11.4,0.7,200,"sd","09:26:07",1707300
11.4,0.7,1000,"sd","09:26:02",1707100
11.4,0.7,1000,"sd","09:25:57",1706100
11.4,0.7,600,"sd","09:25:55",1705100
11.4,0.7,1000,"sd","09:25:39",1704500
11.4,0.7,1200,"sd","09:25:39",1703500
11.4,0.7,1800,"sd","09:25:39",1702300
11.4,0.7,100,"sd","09:25:21",1700500
11.4,0.7,1000,"sd","09:25:17",1700400
11.4,0.7,300,"sd","09:25:15",1699400
11.4,0.7,2000,"sd","09:24:54",1699100
11.4,0.7,1000,"sd","09:24:47",1697100
11.4,0.7,100,"sd","09:24:44",1696100
11.4,0.7,1000,"sd","09:24:42",1696000
11.4,0.7,1400,"sd","09:24:40",1695000
11.4,0.7,300,"sd","09:24:33",1693600
11.4,0.7,300,"sd","09:24:28",1693300
11.4,0.7,1000,"sd","09:24:17",1693000
11.4,0.7,1000,"sd","09:24:17",1692000
11.4,0.7,500,"sd","09:24:14",1691000
11.4,0.7,500,"sd","09:24:08",1690500
11.4,0.7,500,"sd","09:24:08",1690000
11.4,0.7,1600,"sd","09:23:58",1689500
11.4,0.7,1600,"sd","09:23:54",1687900
11.4,0.7,400,"sd","09:23:54",1686300
11.4,0.7,1000,"sd","09:23:54",1685900
11.4,0.7,3500,"sd","09:23:49",1684900
11.4,0.7,6000,"sd","09:23:45",1681400
11.4,0.7,1000,"sd","09:23:43",1675400
11.4,0.7,5300,"sd","09:23:39",1674400
11.4,0.7,300,"sd","09:23:39",1669100
11.4,0.7,1500,"sd","09:23:35",1668800
11.4,0.7,500,"sd","09:23:33",1667300
11.4,0.7,5000,"sd","09:23:30",1666800
11.4,0.7,100,"sd","09:23:28",1661800
11.4,0.7,100,"sd","09:23:24",1661700
11.4,0.7,500,"sd","09:23:18",1661600
11.4,0.7,1000,"sd","09:23:15",1661100
11.4,0.7,100,"sd","09:23:12",1660100
11.4,0.7,5000,"sd","09:22:56",1660000
11.4,0.7,100,"sd","09:22:49",1655000
11.4,0.7,100,"sd","09:22:42",1654900
11.4,0.7,2200,"sd","09:22:36",1654800
11.4,0.7,2300,"sd","09:22:33",1652600
11.4,0.7,5700,"sd","09:22:33",1650300
11.4,0.7,100,"sd","09:22:31",1644600
11.4,0.7,2000,"sd","09:22:30",1644500
11.4,0.7,100,"sd","09:22:25",1642500
11.4,0.7,2000,"sd","09:22:22",1642400
11.4,0.7,1000,"sd","09:22:20",1640400
11.4,0.7,500,"sd","09:22:19",1639400
11.4,0.7,200,"sd","09:22:17",1638900
11.4,0.7,3400,"sd","09:22:17",1638700
11.4,0.7,6600,"sd","09:22:17",1635300
11.4,0.7,500,"sd","09:22:10",1628700
11.4,0.7,200,"sd","09:22:08",1628200
11.4,0.7,1000,"sd","09:22:06",1628000
11.4,0.7,3200,"sd","09:22:05",1627000
11.4,0.7,19600,"sd","09:22:01",1623800
11.4,0.7,200,"sd","09:21:58",1604200
11.4,0.7,10000,"sd","09:21:57",1604000
11.4,0.7,600,"sd","09:21:57",1594000
11.4,0.7,400,"sd","09:21:50",1593400
11.4,0.7,3000,"sd","09:21:35",1593000
11.4,0.7,300,"sd","09:21:29",1590000
11.4,0.7,10000,"sd","09:21:27",1589700
11.4,0.7,500,"sd","09:21:23",1579700
11.4,0.7,200,"sd","09:21:20",1579200
11.4,0.7,1000,"sd","09:21:13",1579000
11.4,0.7,200,"sd","09:21:12",1578000
11.4,0.7,1000,"sd","09:21:10",1577800
11.4,0.7,1000,"sd","09:21:09",1576800
11.4,0.7,4300,"sd","09:21:05",1575800
11.4,0.7,1000,"sd","09:21:05",1571500
11.4,0.7,100,"sd","09:21:05",1570500
11.4,0.7,1000,"sd","09:21:00",1570400
11.4,0.7,4000,"sd","09:20:59",1569400
11.4,0.7,100,"sd","09:20:52",1565400
11.4,0.7,100,"sd","09:20:52",1565300
11.4,0.7,500,"sd","09:20:52",1565200
11.4,0.7,2200,"sd","09:20:52",1564700
11.4,0.7,2000,"sd","09:20:49",1562500
11.4,0.7,1000,"sd","09:20:34",1560500
11.4,0.7,1000,"sd","09:20:30",1559500
11.4,0.7,100,"sd","09:20:28",1558500
11.4,0.7,100,"sd","09:20:26",1558400
11.4,0.7,1500,"sd","09:20:26",1558300
11.4,0.7,4000,"sd","09:20:23",1556800
11.4,0.7,3000,"sd","09:20:13",1552800
11.4,0.7,12000,"sd","09:20:13",1549800
11.4,0.7,300,"sd","09:20:13",1537800
11.4,0.7,100,"sd","09:20:12",1537500
11.4,0.7,100,"sd","09:20:06",1537400
11.4,0.7,2000,"sd","09:19:45",1509600
11.4,0.7,300,"sd","09:19:45",1507600
11.4,0.7,1000,"sd","09:19:45",1507300
11.4,0.7,2200,"sd","09:19:45",1506300
11.4,0.7,900,"sd","09:19:44",1504100
11.4,0.7,600,"sd","09:19:44",1503200
11.4,0.7,800,"sd","09:19:43",1502600
11.4,0.7,7000,"sd","09:19:42",1501800
11.4,0.7,13000,"sd","09:19:42",1494800
11.4,0.7,9000,"sd","09:19:42",1481800
11.4,0.7,1000,"sd","09:19:42",1472800
11.4,0.7,500,"sd","09:19:40",1471800
11.4,0.7,1000,"sd","09:19:40",1471300
11.4,0.7,1000,"sd","09:19:38",1470300
11.4,0.7,500,"sd","09:19:38",1469300
11.4,0.7,100,"sd","09:19:33",1468800
11.4,0.7,100,"sd","09:19:32",1468700
11.4,0.7,700,"sd","09:19:32",1468600
11.4,0.7,500,"sd","09:19:31",1467900
11.4,0.7,400,"sd","09:19:30",1467400
11.4,0.7,800,"sd","09:19:42",1502600
11.4,0.7,9000,"sd","09:19:42",1501800
11.4,0.7,1000,"sd","09:19:42",1492800
11.4,0.7,7000,"sd","09:19:41",1491800
11.4,0.7,13000,"sd","09:19:41",1484800
11.4,0.7,1000,"sd","09:19:40",1471800
11.4,0.7,500,"sd","09:19:40",1470800
11.4,0.7,1000,"sd","09:19:38",1470300
11.4,0.7,500,"sd","09:19:38",1469300
11.4,0.7,100,"sd","09:19:33",1468800
11.4,0.7,100,"sd","09:19:32",1468700
11.4,0.7,700,"sd","09:19:32",1468600
11.4,0.7,500,"sd","09:19:31",1467900
11.4,0.7,400,"sd","09:19:30",1467400
11.4,0.7,5000,"sd","09:19:28",1467000
11.4,0.7,1000,"sd","09:19:24",1462000
11.4,0.7,14400,"sd","09:19:23",1461000
11.4,0.7,300,"sd","09:19:23",1446600
11.4,0.7,200,"sd","09:19:23",1446300
11.4,0.7,5000,"sd","09:19:23",1446100
11.4,0.7,100,"sd","09:19:23",1441100
11.4,0.7,4000,"sd","09:19:23",1441000
11.4,0.7,3000,"sd","09:19:23",1437000
11.4,0.7,2000,"sd","09:19:23",1434000
11.4,0.7,1000,"sd","09:19:23",1432000
11.4,0.7,2000,"bu","09:19:23",1431000
11.4,0.7,500,"bu","09:19:23",1429000
11.4,0.7,200,"bu","09:19:23",1428500
11.4,0.7,1100,"bu","09:19:23",1428300
11.4,0.7,5500,"bu","09:19:23",1427200
11.4,0.7,900,"bu","09:19:23",1421700
11.4,0.7,1500,"bu","09:19:23",1420800
11.4,0.7,600,"bu","09:19:23",1419300
11.4,0.7,10000,"bu","09:19:23",1418700
11.4,0.7,1700,"bu","09:19:23",1408700
11.4,0.7,200,"bu","09:19:23",1407000
11.4,0.7,13000,"bu","09:19:23",1406800
11.4,0.7,1000,"bu","09:19:23",1393800
11.4,0.7,100,"bu","09:19:23",1392800
11.4,0.7,100,"bu","09:19:23",1392700
11.4,0.7,3000,"bu","09:19:23",1392600
11.4,0.7,1200,"bu","09:19:23",1389600
11.4,0.7,2000,"bu","09:19:23",1388400
11.4,0.7,600,"bu","09:19:23",1386400
11.4,0.7,4600,"bu","09:19:23",1385800
11.4,0.7,2000,"bu","09:19:23",1381200
11.4,0.7,100,"bu","09:19:23",1379200
11.4,0.7,1000,"bu","09:19:23",1379100
11.4,0.7,5000,"bu","09:19:23",1378100
11.4,0.7,1000,"bu","09:19:23",1373100
11.4,0.7,1000,"bu","09:19:23",1372100
11.4,0.7,500,"bu","09:19:23",1371100
11.4,0.7,500,"bu","09:19:23",1370600
11.4,0.7,1000,"bu","09:19:23",1370100
11.4,0.7,500,"bu","09:19:23",1369100
11.4,0.7,2700,"bu","09:19:23",1368600
11.4,0.7,1000,"bu","09:19:23",1365900
11.4,0.7,100,"bu","09:19:23",1364900
11.4,0.7,200,"bu","09:19:23",1364800
11.4,0.7,1200,"bu","09:19:23",1364600
11.4,0.7,600,"bu","09:19:23",1363400
11.4,0.7,18000,"bu","09:19:23",1362800
11.4,0.7,16000,"bu","09:19:22",1344800
11.4,0.7,100,"bu","09:19:22",1328800
11.4,0.7,300,"bu","09:19:22",1328700
11.4,0.7,3600,"bu","09:19:22",1328400
11.4,0.7,17500,"bu","09:19:22",1324800
11.4,0.7,3400,"bu","09:19:21",1307300
11.4,0.7,500,"bu","09:19:21",1303900
11.4,0.7,2100,"bu","09:19:21",1303400
11.4,0.7,5000,"bu","09:19:21",1301300
11.4,0.7,300,"bu","09:19:21",1296300
11.4,0.7,2600,"bu","09:19:20",1296000
11.4,0.7,100,"bu","09:19:20",1293400
11.4,0.7,1500,"bu","09:19:20",1293300
11.4,0.7,2500,"bu","09:19:20",1291800
11.4,0.7,500,"bu","09:19:20",1289300
11.4,0.7,500,"bu","09:19:20",1288800
11.4,0.7,1000,"bu","09:19:20",1288300
11.4,0.7,1000,"bu","09:19:20",1287300
11.4,0.7,1000,"bu","09:19:20",1286300
11.4,0.7,30000,"bu","09:19:19",1285300
11.4,0.7,200,"bu","09:19:19",1255300
11.4,0.7,300,"bu","09:19:19",1255100
11.4,0.7,500,"bu","09:19:19",1254800
11.4,0.7,200,"bu","09:19:19",1254300
11.4,0.7,200,"bu","09:19:19",1254100
11.4,0.7,1600,"bu","09:19:19",1253900
11.4,0.7,1000,"bu","09:19:19",1252300
11.4,0.7,800,"bu","09:19:19",1251300
11.4,0.7,200,"bu","09:19:19",1250500
11.4,0.7,3000,"bu","09:19:19",1250300
11.4,0.7,7000,"bu","09:19:19",1247300
11.4,0.7,1000,"bu","09:19:19",1240300
11.4,0.7,100,"bu","09:19:19",1239300
11.4,0.7,1000,"bu","09:19:19",1239200
11.4,0.7,100,"bu","09:19:19",1238200
11.4,0.7,1000,"bu","09:19:19",1238100
11.4,0.7,800,"bu","09:19:19",1237100
11.4,0.7,1000,"bu","09:19:19",1236300
11.4,0.7,800,"bu","09:19:19",1235300
11.4,0.7,300,"bu","09:19:19",1234500
11.4,0.7,200,"bu","09:19:19",1234200
11.4,0.7,100,"bu","09:19:19",1234000
11.4,0.7,10000,"bu","09:19:19",1233900
11.4,0.7,700,"bu","09:19:18",1223900
11.4,0.7,5000,"bu","09:19:18",1223200
11.4,0.7,4300,"bu","09:19:18",1218200
11.4,0.7,3700,"bu","09:19:18",1213900
11.4,0.7,100,"bu","09:19:18",1210200
11.4,0.7,100,"bu","09:19:18",1210100
11.4,0.7,100,"bu","09:19:18",1210000
11.4,0.7,300,"bu","09:19:17",1209900
11.4,0.7,500,"bu","09:19:17",1209600
11.4,0.7,100,"bu","09:19:16",1209100
11.4,0.7,400,"bu","09:19:16",1209000
11.4,0.7,500,"bu","09:19:16",1208600
11.4,0.7,5000,"bu","09:19:16",1208100
11.4,0.7,700,"bu","09:19:14",1203100
11.4,0.7,5000,"bu","09:19:14",1202400
11.4,0.7,500,"bu","09:19:14",1165700
11.4,0.7,200,"bu","09:19:14",1165200
11.4,0.7,5000,"bu","09:19:14",1165000
11.4,0.7,100,"bu","09:19:14",1160000
11.4,0.7,5800,"bu","09:19:14",1159900
11.4,0.7,5000,"bu","09:19:14",1154100
11.4,0.7,1800,"bu","09:19:14",1149100
11.4,0.7,1000,"bu","09:19:14",1147300
11.4,0.7,3200,"bu","09:19:14",1146300
11.4,0.7,400,"bu","09:19:14",1143100
11.4,0.7,300,"bu","09:19:14",1142700
11.4,0.7,10400,"bu","09:19:14",1142400
11.4,0.7,100,"bu","09:19:14",1132000
11.4,0.7,4000,"bu","09:19:14",1131900
11.4,0.7,100,"bu","09:19:14",1127900
11.4,0.7,2000,"bu","09:19:14",1127800
11.4,0.7,1900,"bu","09:19:14",1125800
11.4,0.7,200,"bu","09:19:14",1123900
11.4,0.7,100,"bu","09:19:14",1123700
11.4,0.7,200,"bu","09:19:14",1123600
11.4,0.7,100,"bu","09:19:14",1165900
11.4,0.7,1000,"bu","09:19:14",1165800
11.4,0.7,500,"bu","09:19:14",1164800
11.4,0.7,1000,"bu","09:19:14",1164300
11.4,0.7,1000,"bu","09:19:14",1163300
11.4,0.7,9200,"bu","09:19:14",1162300
11.4,0.7,200,"bu","09:19:14",1153100
11.4,0.7,700,"bu","09:19:14",1152900
11.4,0.7,100,"bu","09:19:14",1152200
11.4,0.7,500,"bu","09:19:14",1152100
11.4,0.7,5000,"bu","09:19:14",1151600
11.4,0.7,1000,"bu","09:19:14",1146600
11.4,0.7,2000,"bu","09:19:14",1145600
11.4,0.7,3000,"bu","09:19:14",1143600
11.4,0.7,100,"bu","09:19:14",1140600
11.4,0.7,200,"bu","09:19:14",1140500
11.4,0.7,1900,"bu","09:19:14",1140300
11.4,0.7,200,"bu","09:19:14",1138400
11.4,0.7,100,"bu","09:19:14",1138200
11.4,0.7,300,"bu","09:19:14",1138100
11.4,0.7,2000,"bu","09:19:14",1137800
11.4,0.7,1100,"bu","09:19:14",1135800
11.4,0.7,1000,"bu","09:19:14",1134700
11.4,0.7,100,"bu","09:19:14",1133700
11.4,0.7,1800,"bu","09:19:14",1133600
11.4,0.7,300,"bu","09:19:14",1131800
11.4,0.7,8400,"bu","09:19:14",1131500
11.4,0.7,1600,"bu","09:19:14",1123100
11.4,0.7,2000,"bu","09:19:14",1121500
11.4,0.7,500,"bu","09:19:14",1119500
11.4,0.7,500,"bu","09:19:14",1119000
11.4,0.7,500,"bu","09:19:14",1118500
11.4,0.7,4000,"bu","09:19:14",1118000
11.4,0.7,100,"bu","09:19:14",1114000
11.4,0.7,15000,"bu","09:19:14",1113900
11.4,0.7,1000,"bu","09:19:14",1098900
11.4,0.7,600,"bu","09:19:14",1097900
11.4,0.7,4900,"bu","09:19:14",1097300
11.4,0.7,1000,"bu","09:19:14",1092400
11.4,0.7,5000,"bu","09:19:14",1091400
11.4,0.7,2000,"bu","09:19:14",1086400
11.4,0.7,1000,"bu","09:19:14",1084400
11.4,0.7,1100,"bu","09:19:14",1083400
11.4,0.7,1200,"bu","09:19:14",1082300
11.4,0.7,100,"bu","09:19:13",1081100
11.4,0.7,700,"bu","09:19:10",1081000
11.4,0.7,300,"bu","09:19:10",1080300
11.4,0.7,400,"bu","09:19:10",1080000
11.4,0.7,7800,"bu","09:19:08",1079600
11.4,0.7,5000,"bu","09:19:08",1071800
11.4,0.7,2300,"bu","09:19:08",1066800
11.4,0.7,2000,"bu","09:19:08",1064500
11.4,0.7,300,"bu","09:19:08",1062500
11.4,0.7,5800,"bu","09:19:08",1062200
11.4,0.7,100,"bu","09:19:08",1056400
11.4,0.7,500,"bu","09:19:08",1056300
11.4,0.7,100,"bu","09:19:08",1055800
11.4,0.7,1500,"bu","09:19:08",1055700
11.4,0.7,500,"bu","09:19:08",1054200
11.4,0.7,2000,"bu","09:19:08",1053700
11.4,0.7,500,"bu","09:18:39",938000
11.35,0.65,2000,"sd","09:18:31",937500
11.35,0.65,100,"bu","09:18:24",935500
11.35,0.65,9000,"bu","09:18:24",935400
11.35,0.65,1500,"bu","09:18:22",926400
11.35,0.65,2600,"bu","09:18:22",924900
11.3,0.6,100,"sd","09:18:21",922300
11.3,0.6,500,"sd","09:18:21",922200
11.3,0.6,2000,"sd","09:18:21",921700
11.3,0.6,2000,"sd","09:18:21",919700
11.35,0.65,200,"bu","09:18:21",917700
11.3,0.6,2000,"sd","09:18:21",917500
11.3,0.6,2000,"sd","09:18:21",915500
11.3,0.6,2000,"sd","09:18:21",913500
11.3,0.6,200,"sd","09:18:21",911500
11.3,0.6,2000,"sd","09:18:21",911300
11.35,0.65,8400,"bu","09:18:21",909300
11.35,0.65,1300,"bu","09:18:21",900900
11.3,0.6,16800,"sd","09:18:21",899600
11.3,0.6,10000,"sd","09:18:21",882800
11.4,0.7,3000,"bu","09:18:50",946600
11.4,0.7,900,"bu","09:18:49",943600
11.35,0.65,500,"sd","09:18:49",942700
11.35,0.65,3000,"sd","09:18:44",942200
11.4,0.7,500,"bu","09:18:44",939200
11.4,0.7,200,"bu","09:18:43",938700
11.4,0.7,500,"bu","09:18:43",938500
11.4,0.7,500,"bu","09:18:38",938000
11.35,0.65,2000,"sd","09:18:31",937500
11.35,0.65,100,"bu","09:18:24",935500
11.35,0.65,9000,"bu","09:18:24",935400
11.35,0.65,1500,"bu","09:18:22",926400
11.35,0.65,2600,"bu","09:18:22",924900
11.35,0.65,200,"bu","09:18:21",922300
11.3,0.6,100,"sd","09:18:21",922100
11.3,0.6,500,"sd","09:18:21",922000
11.3,0.6,2000,"sd","09:18:21",921500
11.3,0.6,2000,"sd","09:18:21",919500
11.3,0.6,2000,"sd","09:18:21",917500
11.3,0.6,2000,"sd","09:18:21",915500
11.3,0.6,2000,"sd","09:18:21",913500
11.3,0.6,200,"sd","09:18:21",911500
11.3,0.6,16800,"sd","09:18:21",911300
11.3,0.6,2000,"sd","09:18:21",894500
11.3,0.6,10000,"sd","09:18:21",892500
11.3,0.6,7400,"sd","09:18:21",882500
11.3,0.6,2000,"sd","09:18:21",875100
11.3,0.6,1000,"sd","09:18:21",873100
11.35,0.65,1700,"bu","09:18:21",872100
11.35,0.65,1000,"bu","09:18:21",870400
11.35,0.65,1000,"bu","09:18:21",869400
11.35,0.65,1300,"bu","09:18:21",868400
11.35,0.65,200,"bu","09:18:20",867100
11.35,0.65,400,"bu","09:18:20",866900
11.35,0.65,100,"bu","09:18:19",866500
11.35,0.65,500,"bu","09:18:19",866400
11.35,0.65,100,"bu","09:18:19",865900
11.35,0.65,1300,"bu","09:18:19",865800
11.35,0.65,1700,"bu","09:18:16",864500
11.35,0.65,100,"bu","09:18:16",862800
11.35,0.65,500,"bu","09:18:16",862700
11.35,0.65,2700,"bu","09:18:16",862200
11.3,0.6,500,"sd","09:18:14",859500
11.35,0.65,200,"bu","09:18:13",859000
11.35,0.65,1000,"bu","09:18:13",858800
11.3,0.6,500,"sd","09:18:10",857800
11.35,0.65,400,"bu","09:18:10",857300
11.3,0.6,200,"sd","09:18:10",856900
11.35,0.65,2900,"bu","09:18:10",856700
11.35,0.65,100,"bu","09:18:10",853800
11.35,0.65,1000,"bu","09:18:09",853700
11.35,0.65,1900,"bu","09:18:09",852700
11.35,0.65,300,"bu","09:18:09",850800
11.35,0.65,2800,"bu","09:18:09",850500
11.3,0.6,2000,"sd","09:18:06",847700
11.3,0.6,1500,"sd","09:18:05",845700
11.35,0.65,200,"bu","09:18:00",844200
11.35,0.65,300,"bu","09:18:00",844000
11.35,0.65,100,"bu","09:18:00",843700
11.35,0.65,500,"bu","09:18:00",843600
11.35,0.65,500,"bu","09:18:00",843100
11.35,0.65,300,"bu","09:18:00",842600
11.35,0.65,100,"bu","09:18:00",842300
11.3,0.6,7900,"sd","09:17:58",842200
11.3,0.6,200,"sd","09:17:58",834300
11.3,0.6,1000,"sd","09:17:58",834100
11.3,0.6,10900,"sd","09:17:58",833100
11.3,0.6,1000,"bu","09:17:54",822200
11.3,0.6,100,"bu","09:17:54",821200
11.3,0.6,300,"bu","09:17:54",821100
11.3,0.6,300,"bu","09:17:54",820800
11.3,0.6,2800,"bu","09:17:54",820500
11.3,0.6,1200,"bu","09:17:54",817700
11.3,0.6,1000,"bu","09:17:54",816500
11.3,0.6,700,"bu","09:17:53",815500
11.3,0.6,1200,"bu","09:17:53",814800
11.3,0.6,500,"bu","09:17:52",813600
11.3,0.6,700,"bu","09:17:52",813100
11.3,0.6,2600,"bu","09:17:51",812400
11.3,0.6,400,"bu","09:17:51",809800
11.3,0.6,200,"bu","09:17:51",809400
11.3,0.6,400,"bu","09:17:51",809200
11.3,0.6,500,"bu","09:17:49",808800
11.3,0.6,100,"bu","09:17:49",808300
11.3,0.6,1400,"bu","09:17:49",808200
11.3,0.6,5600,"bu","09:17:49",806800
11.3,0.6,200,"bu","09:17:49",801200
11.3,0.6,500,"bu","09:17:49",801000
11.3,0.6,300,"bu","09:17:49",800500
11.3,0.6,8000,"bu","09:17:49",800200
11.3,0.6,7800,"bu","09:17:49",792200
11.3,0.6,100,"bu","09:17:49",784400
11.3,0.6,500,"bu","09:17:49",784300
11.3,0.6,100,"bu","09:17:49",783800
11.3,0.6,1000,"bu","09:17:49",783700
11.3,0.6,500,"bu","09:17:49",782700
11.3,0.6,100,"bu","09:17:49",782200
11.3,0.6,400,"bu","09:17:49",782100
11.3,0.6,100,"bu","09:17:49",781700
11.3,0.6,700,"bu","09:17:49",781600
11.3,0.6,100,"bu","09:17:49",780900
11.3,0.6,4000,"bu","09:17:49",780800
11.3,0.6,30000,"bu","09:17:48",776800
11.3,0.6,2600,"bu","09:17:48",746800
11.3,0.6,1200,"bu","09:17:47",744200
11.3,0.6,7000,"bu","09:17:47",743000
11.3,0.6,1000,"bu","09:17:47",736000
11.3,0.6,1000,"bu","09:17:47",735000
11.3,0.6,800,"bu","09:17:46",734000
11.3,0.6,7000,"bu","09:17:45",733200
11.3,0.6,500,"bu","09:17:43",726200
11.3,0.6,100,"bu","09:17:43",725700
11.3,0.6,4600,"bu","09:17:42",725600
11.3,0.6,800,"bu","09:17:39",721000
11.3,0.6,1000,"bu","09:17:38",720200
11.3,0.6,1000,"bu","09:17:36",719200
11.3,0.6,5400,"bu","09:17:34",718200
11.3,0.6,500,"bu","09:17:34",712800
11.3,0.6,2200,"bu","09:17:34",712300
11.3,0.6,2800,"bu","09:17:32",710100
11.25,0.55,500,"sd","09:17:17",634000
11.25,0.55,100,"sd","09:17:17",633500
11.25,0.55,5000,"sd","09:17:17",633400
11.25,0.55,1000,"sd","09:17:17",628400
11.25,0.55,4500,"sd","09:17:17",627400
11.25,0.55,300,"sd","09:17:17",622900
11.25,0.55,2500,"sd","09:17:17",622600
11.25,0.55,1500,"sd","09:17:17",620100
11.25,0.55,800,"sd","09:17:17",618600
11.25,0.55,500,"sd","09:17:17",617800
11.25,0.55,3200,"sd","09:17:17",617300
11.3,0.6,500,"bu","09:17:15",614100
11.3,0.6,1000,"bu","09:17:14",613600
11.3,0.6,5000,"bu","09:17:14",612600
11.3,0.6,1000,"bu","09:17:13",607600
11.3,0.6,3000,"bu","09:17:10",606600
11.25,0.55,1200,"sd","09:17:07",603600
11.3,0.6,1000,"bu","09:17:04",602400
11.3,0.6,100,"bu","09:17:04",601400
11.3,0.6,1500,"bu","09:17:04",601300
11.3,0.6,10000,"bu","09:17:04",599800
11.3,0.6,3000,"bu","09:17:04",589800
11.3,0.6,14400,"bu","09:17:04",586800
11.25,0.55,300,"sd","09:17:02",572400
11.25,0.55,3300,"sd","09:17:01",572100
11.25,0.55,1000,"sd","09:17:01",568800
11.25,0.55,500,"sd","09:17:01",567800
11.25,0.55,200,"sd","09:17:01",567300
11.25,0.55,2000,"sd","09:17:00",567100
11.3,0.6,200,"bu","09:16:59",565100
11.25,0.55,100,"sd","09:16:57",564900
11.25,0.55,200,"sd","09:16:55",564800
11.25,0.55,500,"sd","09:16:54",564600
11.25,0.55,900,"sd","09:16:54",564100
11.25,0.55,1600,"sd","09:16:54",563200
11.25,0.55,400,"sd","09:16:50",561600
11.25,0.55,100,"bu","09:16:47",561200
11.25,0.55,900,"bu","09:16:47",561100
11.25,0.55,500,"bu","09:16:43",560200
11.25,0.55,500,"bu","09:16:42",559700
11.25,0.55,100,"bu","09:16:42",559200
11.25,0.55,3000,"sd","09:16:41",559100
11.25,0.55,500,"bu","09:16:40",556100
11.25,0.55,3500,"bu","09:16:37",555600
11.25,0.55,2500,"bu","09:16:35",552100
11.25,0.55,2500,"bu","09:16:35",549600
11.25,0.55,200,"bu","09:16:35",547100
11.2,0.5,700,"sd","09:16:34",546900
11.25,0.55,100,"bu","09:16:33",546200
11.25,0.55,100,"bu","09:16:32",546100
11.25,0.55,1000,"bu","09:16:32",546000
11.2,0.5,100,"sd","09:16:32",545000
11.25,0.55,1000,"bu","09:16:32",544900
11.2,0.5,2300,"sd","09:16:29",543900
11.25,0.55,1000,"bu","09:16:29",541600
11.25,0.55,1000,"bu","09:16:29",540600
11.25,0.55,6000,"bu","09:16:28",539600
11.25,0.55,14000,"bu","09:16:24",533600
11.25,0.55,5000,"bu","09:16:24",519600
11.25,0.55,2000,"bu","09:16:24",514600
11.25,0.55,500,"bu","09:16:23",512600
11.25,0.55,500,"bu","09:16:23",512100
11.2,0.5,900,"sd","09:16:23",511600
11.25,0.55,500,"bu","09:16:21",510700
11.25,0.55,1000,"bu","09:16:20",510200
11.25,0.55,1000,"bu","09:16:20",509200
11.2,0.5,400,"sd","09:16:16",508200
11.25,0.55,10000,"bu","09:16:14",507800
11.3,0.6,1600,"bu","09:16:12",497800
11.25,0.55,2000,"bu","09:16:12",496200
11.25,0.55,1000,"bu","09:16:12",494200
11.25,0.55,1400,"bu","09:16:12",493200
11.2,0.5,2000,"sd","09:16:12",491800
11.25,0.55,600,"bu","09:16:09",489800
11.25,0.55,400,"bu","09:16:09",489200
11.2,0.5,6900,"sd","09:16:06",488800
11.25,0.55,500,"sd","09:16:06",481900
11.25,0.55,2600,"sd","09:16:06",481400
11.25,0.55,6000,"sd","09:16:04",478800
11.25,0.55,300,"bu","09:15:59",472800
11.25,0.55,1000,"bu","09:16:32",546000
11.2,0.5,100,"sd","09:16:32",545000
11.25,0.55,1000,"bu","09:16:32",544900
11.2,0.5,2300,"sd","09:16:29",543900
11.25,0.55,1000,"bu","09:16:29",541600
11.25,0.55,1000,"bu","09:16:29",540600
11.25,0.55,6000,"bu","09:16:28",539600
11.25,0.55,14000,"bu","09:16:24",533600
11.25,0.55,5000,"bu","09:16:24",519600
11.25,0.55,2000,"bu","09:16:24",514600
11.25,0.55,500,"bu","09:16:23",512600
11.25,0.55,500,"bu","09:16:23",512100
11.2,0.5,900,"sd","09:16:22",511600
11.25,0.55,500,"bu","09:16:21",510700
11.25,0.55,1000,"bu","09:16:20",510200
11.25,0.55,1000,"bu","09:16:20",509200
11.2,0.5,400,"sd","09:16:16",508200
11.25,0.55,10000,"bu","09:16:14",507800
11.3,0.6,1600,"bu","09:16:12",497800
11.25,0.55,2000,"bu","09:16:12",496200
11.25,0.55,1000,"bu","09:16:12",494200
11.25,0.55,1400,"bu","09:16:12",493200
11.2,0.5,2000,"sd","09:16:12",491800
11.25,0.55,600,"bu","09:16:09",489800
11.25,0.55,400,"bu","09:16:09",489200
11.2,0.5,6900,"sd","09:16:05",488800
11.25,0.55,500,"sd","09:16:05",481900
11.25,0.55,2600,"sd","09:16:05",481400
11.25,0.55,6000,"sd","09:16:04",478800
11.25,0.55,300,"bu","09:15:59",472800
11.2,0.5,1000,"sd","09:15:58",472500
11.25,0.55,200,"bu","09:15:57",471500
11.25,0.55,800,"bu","09:15:57",471300
11.2,0.5,1500,"sd","09:15:56",470500
11.2,0.5,3500,"sd","09:15:56",469000
11.2,0.5,1500,"sd","09:15:53",465500
11.2,0.5,700,"sd","09:15:53",464000
11.2,0.5,4800,"sd","09:15:53",463300
11.2,0.5,100,"sd","09:15:52",458500
11.2,0.5,100,"sd","09:15:50",458400
11.25,0.55,400,"sd","09:15:24",422500
11.25,0.55,400,"sd","09:15:22",422100
11.25,0.55,200,"sd","09:15:14",421700
11.3,0.6,500,"bu","09:15:13",421500
11.3,0.6,421000,"unknown","09:14:59",421000
7.85,0.32,2900,"sd","09:34:32",2130900
7.86,0.33,300,"bu","09:34:31",2128000
7.85,0.32,1000,"sd","09:34:27",2127700
7.85,0.32,200,"sd","09:34:22",2126700
7.86,0.33,2000,"bu","09:34:16",2126500
7.85,0.32,1300,"sd","09:34:11",2124500
7.86,0.33,1000,"sd","09:34:11",2123200
7.86,0.33,100,"unknown","09:34:00",2122200
7.86,0.33,200,"sd","09:33:56",2122100
7.86,0.33,1700,"sd","09:33:56",2121900
7.86,0.33,100,"sd","09:33:51",2120200
7.87,0.34,100,"bu","09:33:48",2120100
7.86,0.33,300,"sd","09:33:44",2120000
7.86,0.33,700,"sd","09:33:40",2119700
7.87,0.34,600,"bu","09:33:40",2119000
7.87,0.34,100,"bu","09:33:34",2118400
7.86,0.33,100,"sd","09:33:32",2118300
7.86,0.33,1500,"sd","09:33:31",2118200
7.87,0.34,100,"bu","09:33:24",2116700
7.86,0.33,100,"sd","09:33:24",2116600
7.86,0.33,100,"sd","09:33:51",2120200
7.87,0.34,100,"bu","09:33:48",2120100
7.86,0.33,300,"sd","09:33:43",2120000
7.86,0.33,700,"sd","09:33:40",2119700
7.87,0.34,600,"bu","09:33:40",2119000
7.87,0.34,100,"bu","09:33:34",2118400
7.86,0.33,100,"sd","09:33:32",2118300
7.86,0.33,1500,"sd","09:33:31",2118200
7.87,0.34,100,"bu","09:33:24",2116700
7.86,0.33,100,"sd","09:33:24",2116600
7.85,0.32,1100,"sd","09:33:19",2116500
7.86,0.33,100,"sd","09:33:19",2115400
7.86,0.33,200,"sd","09:33:19",2115300
7.86,0.33,100,"sd","09:33:17",2115100
7.86,0.33,400,"sd","09:33:17",2115000
7.87,0.34,700,"bu","09:33:16",2114600
7.86,0.33,100,"sd","09:33:01",2113900
7.86,0.33,100,"sd","09:32:55",2113800
7.86,0.33,200,"sd","09:32:54",2113700
7.86,0.33,200,"sd","09:32:53",2113500
7.85,0.32,100,"sd","09:32:39",2113300
7.85,0.32,100,"sd","09:32:37",2113200
7.85,0.32,100,"sd","09:32:36",2113100
7.87,0.34,100,"bu","09:32:34",2113000
7.86,0.33,2900,"bu","09:32:34",2112900
7.86,0.33,100,"bu","09:32:30",2110000
7.85,0.32,5400,"sd","09:32:29",2109900
7.85,0.32,1100,"bu","09:32:25",2104500
7.85,0.32,600,"bu","09:32:25",2103400
7.85,0.32,1000,"bu","09:32:25",2102800
7.85,0.32,200,"bu","09:32:25",2101800
7.85,0.32,1200,"bu","09:32:25",2101600
7.84,0.31,500,"sd","09:32:25",2100400
7.84,0.31,800,"sd","09:32:25",2099900
7.85,0.32,100,"bu","09:32:14",2099100
7.85,0.32,200,"bu","09:32:07",2099000
7.84,0.31,800,"sd","09:32:05",2098800
7.85,0.32,2000,"bu","09:32:02",2098000
7.85,0.32,100,"bu","09:32:02",2096000
7.85,0.32,200,"bu","09:31:58",2095900
7.85,0.32,100,"bu","09:31:46",2086300
7.85,0.32,300,"bu","09:31:45",2086200
7.85,0.32,200,"bu","09:31:45",2085900
7.85,0.32,100,"bu","09:31:45",2085700
7.85,0.32,100,"bu","09:31:23",2085600
7.84,0.31,300,"sd","09:31:20",2085500
7.85,0.32,100,"bu","09:31:09",2085200
7.85,0.32,100,"bu","09:31:06",2085100
7.85,0.32,100,"bu","09:31:00",2085000
7.85,0.32,200,"bu","09:30:52",2084900
7.85,0.32,100,"bu","09:30:50",2084700
7.85,0.32,300,"sd","09:30:47",2084600
7.85,0.32,1700,"sd","09:30:47",2084300
7.88,0.35,100,"bu","09:30:44",2082600
7.85,0.32,300,"sd","09:30:43",2082500
7.85,0.32,1000,"sd","09:30:43",2082200
7.85,0.32,200,"sd","09:30:43",2081200
7.85,0.32,100,"sd","09:30:41",2081000
7.85,0.32,200,"sd","09:30:38",2080900
7.85,0.32,100,"sd","09:30:38",2080700
7.85,0.32,500,"sd","09:30:38",2080600
7.85,0.32,100,"sd","09:30:38",2080100
7.85,0.32,1100,"sd","09:30:38",2080000
7.85,0.32,900,"sd","09:30:36",2078900
7.85,0.32,1100,"sd","09:30:36",2078000
7.85,0.32,1900,"sd","09:30:14",2076900
7.86,0.33,500,"sd","09:30:14",2075000
7.86,0.33,2000,"sd","09:30:14",2074500
7.86,0.33,100,"sd","09:30:14",2072500
7.87,0.34,200,"sd","09:30:14",2072400
7.88,0.35,3000,"sd","09:30:14",2072200
7.88,0.35,100,"sd","09:30:14",2069200
7.88,0.35,200,"sd","09:30:14",2069100
7.88,0.35,12000,"sd","09:30:14",2068900
7.88,0.35,18000,"sd","09:30:12",2056900
7.89,0.36,100,"bu","09:30:06",2038900
7.89,0.36,100,"bu","09:30:03",2038800
7.89,0.36,1500,"sd","09:29:55",2038700
7.89,0.36,500,"sd","09:29:55",2037200
7.89,0.36,100,"sd","09:29:55",2036700
7.88,0.35,100,"sd","09:30:14",2069200
7.88,0.35,200,"sd","09:30:14",2069100
7.88,0.35,12000,"sd","09:30:14",2068900
7.88,0.35,18000,"sd","09:30:12",2056900
7.89,0.36,100,"bu","09:30:06",2038900
7.89,0.36,100,"bu","09:30:03",2038800
7.89,0.36,1500,"sd","09:29:55",2038700
7.89,0.36,500,"sd","09:29:55",2037200
7.89,0.36,100,"sd","09:29:55",2036700
7.89,0.36,2100,"sd","09:29:55",2036600
7.89,0.36,600,"sd","09:29:54",2034500
7.89,0.36,1000,"sd","09:29:54",2033900
7.89,0.36,300,"sd","09:29:45",2032900
7.89,0.36,100,"sd","09:29:45",2032600
7.89,0.36,100,"sd","09:29:45",2032500
7.9,0.37,10000,"bu","09:29:41",2032400
7.9,0.37,100,"bu","09:29:37",2022400
7.9,0.37,200,"sd","09:29:33",2022300
7.9,0.37,600,"sd","09:29:33",2022100
7.9,0.37,1000,"sd","09:29:33",2021500
7.9,0.37,2000,"sd","09:29:33",2020500
7.9,0.37,100,"sd","09:29:33",2018500
7.9,0.37,100,"sd","09:29:33",2018400
7.9,0.37,3100,"sd","09:29:33",2018300
7.9,0.37,1000,"sd","09:29:33",2015200
7.9,0.37,1000,"sd","09:29:33",2014200
7.9,0.37,1000,"sd","09:29:33",2013200
7.9,0.37,7300,"sd","09:29:33",2012200
7.9,0.37,5000,"sd","09:29:33",2004900
7.9,0.37,500,"sd","09:29:33",1999900
7.9,0.37,100,"sd","09:29:33",1999400
7.9,0.37,4000,"sd","09:29:33",1999300
7.9,0.37,3000,"sd","09:29:33",1995300
7.9,0.37,100,"sd","09:29:33",1992300
7.9,0.37,4300,"sd","09:29:33",1992200
7.9,0.37,4100,"sd","09:29:31",1987900
7.9,0.37,500,"sd","09:29:31",1983800
7.9,0.37,10000,"sd","09:29:31",1983300
7.9,0.37,3000,"sd","09:29:31",1973300
7.9,0.37,1000,"sd","09:29:31",1970300
7.9,0.37,200,"sd","09:29:31",1969300
7.9,0.37,100,"sd","09:29:31",1969100
7.9,0.37,1100,"sd","09:29:31",1969000
7.9,0.37,1900,"sd","09:29:30",1967900
7.9,0.37,8100,"sd","09:29:30",1966000
7.9,0.37,10000,"sd","09:29:30",1957900
7.9,0.37,10000,"sd","09:29:29",1947900
7.9,0.37,10000,"sd","09:29:29",1937900
7.9,0.37,10000,"sd","09:29:29",1927900
7.9,0.37,10000,"sd","09:29:29",1917900
7.9,0.37,10000,"sd","09:29:29",1907900
7.9,0.37,3000,"sd","09:29:29",1897900
7.9,0.37,10000,"sd","09:29:29",1894900
7.9,0.37,10000,"sd","09:29:29",1884900
7.9,0.37,8900,"sd","09:29:29",1874900
7.9,0.37,500,"sd","09:29:29",1866000
7.9,0.37,600,"sd","09:29:29",1865500
7.9,0.37,400,"sd","09:29:28",1864900
7.9,0.37,100,"sd","09:29:28",1864500
7.9,0.37,100,"sd","09:29:28",1864400
7.9,0.37,5000,"sd","09:29:12",1853900
7.9,0.37,500,"sd","09:29:10",1848900
7.91,0.38,200,"bu","09:29:09",1848400
7.91,0.38,200,"bu","09:29:09",1848200
7.9,0.37,17100,"sd","09:29:06",1848000
7.9,0.37,5300,"sd","09:29:04",1830900
7.9,0.37,5000,"sd","09:29:03",1825600
7.91,0.38,2000,"bu","09:28:57",1820600
7.91,0.38,1000,"bu","09:28:49",1818600
7.91,0.38,100,"bu","09:28:44",1817600
7.91,0.38,5200,"bu","09:28:37",1817500
7.91,0.38,14400,"sd","09:28:33",1812300
7.91,0.38,1000,"sd","09:28:31",1797900
7.91,0.38,4600,"sd","09:28:30",1796900
7.91,0.38,400,"sd","09:28:30",1792300
7.91,0.38,100,"sd","09:28:29",1791900
7.91,0.38,1500,"sd","09:28:26",1791800
7.91,0.38,10000,"sd","09:28:26",1790300
7.91,0.38,1000,"sd","09:28:26",1780300
7.91,0.38,100,"sd","09:28:26",1779300
7.91,0.38,100,"sd","09:28:26",1779200
7.91,0.38,200,"sd","09:28:26",1779100
7.91,0.38,200,"sd","09:28:26",1778900
7.91,0.38,1900,"sd","09:28:26",1778700
7.91,0.38,100,"sd","09:28:25",1776800
7.91,0.38,1000,"sd","09:28:16",1776700
7.91,0.38,1000,"sd","09:28:16",1775700
7.92,0.39,100,"bu","09:28:12",1774700
7.92,0.39,100,"bu","09:28:03",1774600
7.92,0.39,100,"bu","09:27:55",1774500
7.92,0.39,1100,"sd","09:27:47",1774400
7.92,0.39,1000,"bu","09:27:43",1773300
7.92,0.39,100,"bu","09:27:43",1772300
7.92,0.39,1000,"bu","09:27:43",1772200
7.92,0.39,800,"bu","09:27:43",1771200
7.92,0.39,1500,"bu","09:27:43",1770400
7.92,0.39,500,"sd","09:27:35",1768900
7.92,0.39,500,"sd","09:27:33",1768400
7.92,0.39,100,"bu","09:27:20",1767900
7.92,0.39,400,"bu","09:27:19",1767800
7.92,0.39,1000,"bu","09:27:43",1773300
7.92,0.39,100,"bu","09:27:43",1772300
7.92,0.39,1000,"bu","09:27:43",1772200
7.92,0.39,800,"bu","09:27:43",1771200
7.92,0.39,1500,"bu","09:27:43",1770400
7.92,0.39,500,"sd","09:27:35",1768900
7.92,0.39,500,"sd","09:27:33",1768400
7.92,0.39,100,"bu","09:27:19",1767900
7.92,0.39,400,"bu","09:27:19",1767800
7.92,0.39,400,"bu","09:27:19",1767400
7.92,0.39,200,"bu","09:27:17",1767000
7.92,0.39,400,"sd","09:27:13",1766800
7.93,0.4,700,"bu","09:27:11",1766400
7.92,0.39,100,"sd","09:27:10",1765700
7.92,0.39,500,"sd","09:27:10",1765600
7.92,0.39,600,"sd","09:27:10",1765100
7.92,0.39,500,"sd","09:27:10",1764500
7.92,0.39,300,"sd","09:27:10",1764000
7.92,0.39,400,"sd","09:27:10",1763700
7.92,0.39,300,"sd","09:27:10",1763300
7.92,0.39,700,"sd","09:27:08",1763000
7.92,0.39,200,"sd","09:27:08",1762300
7.92,0.39,5000,"sd","09:27:08",1762100
7.92,0.39,3000,"sd","09:27:08",1757100
7.92,0.39,300,"sd","09:27:08",1754100
7.92,0.39,5800,"sd","09:27:08",1753800
7.92,0.39,100,"sd","09:27:05",1748000
7.93,0.4,700,"bu","09:27:03",1747900
7.92,0.39,2000,"sd","09:27:00",1747200
7.92,0.39,1100,"sd","09:26:59",1745200
7.93,0.4,200,"bu","09:26:51",1744100
7.92,0.39,1000,"sd","09:26:50",1743900
7.93,0.4,1000,"bu","09:26:44",1742900
7.93,0.4,1000,"sd","09:26:42",1741900
7.93,0.4,14500,"sd","09:26:42",1740900
7.93,0.4,10000,"sd","09:26:42",1726400
7.93,0.4,100,"sd","09:26:42",1716400
7.93,0.4,100,"sd","09:26:42",1716300
7.93,0.4,300,"sd","09:26:42",1716200
7.93,0.4,2000,"sd","09:26:42",1715900
7.93,0.4,100,"sd","09:26:42",1713900
7.93,0.4,5300,"sd","09:26:42",1713800
7.93,0.4,10400,"sd","09:26:42",1708500
7.93,0.4,10000,"sd","09:26:42",1698100
7.93,0.4,3000,"sd","09:26:42",1688100
7.93,0.4,200,"sd","09:26:42",1685100
7.93,0.4,400,"sd","09:26:42",1684900
7.93,0.4,500,"sd","09:26:42",1684500
7.93,0.4,4700,"sd","09:26:39",1684000
7.93,0.4,500,"sd","09:26:39",1679300
7.93,0.4,100,"sd","09:26:39",1678800
7.93,0.4,9600,"sd","09:26:39",1678700
7.93,0.4,100,"sd","09:26:39",1669100
7.94,0.41,100,"bu","09:26:24",1669000
7.94,0.41,400,"bu","09:26:17",1668900
7.94,0.41,100,"bu","09:26:13",1668500
7.94,0.41,200,"bu","09:26:11",1668400
7.94,0.41,500,"bu","09:26:11",1668200
7.94,0.41,100,"bu","09:26:02",1667700
7.94,0.41,300,"bu","09:25:58",1667600
7.94,0.41,100,"bu","09:25:06",1661700
7.93,0.4,500,"sd","09:25:06",1661600
7.94,0.41,100,"bu","09:25:02",1661100
7.94,0.41,1900,"bu","09:25:01",1661000
7.93,0.4,300,"sd","09:24:48",1659100
7.93,0.4,1000,"sd","09:24:47",1658800
7.93,0.4,500,"sd","09:24:46",1657800
7.93,0.4,1000,"sd","09:24:33",1657300
7.93,0.4,100,"sd","09:24:29",1656300
7.93,0.4,2000,"bu","09:24:25",1656200
7.93,0.4,1000,"bu","09:24:25",1654200
7.93,0.4,2000,"bu","09:24:25",1653200
7.93,0.4,200,"bu","09:24:25",1651200
7.93,0.4,1000,"bu","09:24:25",1651000
7.93,0.4,22000,"bu","09:24:25",1650000
7.93,0.4,500,"bu","09:24:25",1628000
7.93,0.4,500,"bu","09:24:25",1627500
7.93,0.4,3000,"bu","09:24:25",1627000
7.93,0.4,1000,"bu","09:24:25",1624000
7.93,0.4,1400,"bu","09:24:25",1623000
7.93,0.4,500,"bu","09:24:18",1621600
7.92,0.39,100,"sd","09:24:17",1621100
7.92,0.39,200,"sd","09:24:14",1621000
7.92,0.39,400,"sd","09:24:14",1620800
7.92,0.39,100,"sd","09:24:13",1620400
7.93,0.4,500,"bu","09:24:07",1620300
7.93,0.4,600,"bu","09:24:07",1619800
7.93,0.4,1400,"bu","09:24:07",1619200
7.92,0.39,900,"sd","09:24:00",1617800
7.93,0.4,500,"bu","09:23:48",1616900
7.93,0.4,500,"bu","09:23:45",1616400
7.93,0.4,700,"bu","09:23:42",1615900
7.93,0.4,100,"bu","09:23:30",1615200
7.93,0.4,3300,"sd","09:23:30",1615100
7.93,0.4,100,"sd","09:23:23",1611800
7.93,0.4,2000,"sd","09:23:19",1611700
7.93,0.4,1000,"sd","09:23:19",1609700
7.94,0.41,1400,"bu","09:23:17",1608700
7.94,0.41,2000,"bu","09:23:17",1607300
7.94,0.41,1000,"bu","09:23:17",1605300
7.93,0.4,700,"bu","09:23:42",1615900
7.93,0.4,100,"sd","09:23:30",1615200
7.93,0.4,3300,"sd","09:23:30",1615100
7.93,0.4,100,"sd","09:23:23",1611800
7.93,0.4,2000,"sd","09:23:19",1611700
7.93,0.4,1000,"sd","09:23:19",1609700
7.94,0.41,1400,"bu","09:23:17",1608700
7.94,0.41,2000,"bu","09:23:17",1607300
7.94,0.41,1000,"bu","09:23:17",1605300
7.94,0.41,600,"bu","09:23:17",1604300
7.93,0.4,1000,"sd","09:23:16",1603700
7.93,0.4,600,"sd","09:23:16",1602700
7.93,0.4,400,"sd","09:23:16",1602100
7.93,0.4,600,"sd","09:23:09",1601700
7.93,0.4,100,"sd","09:23:09",1601100
7.93,0.4,300,"sd","09:23:09",1601000
7.93,0.4,2000,"sd","09:23:04",1600700
7.94,0.41,500,"bu","09:22:52",1598700
7.94,0.41,900,"bu","09:22:51",1598200
7.94,0.41,100,"bu","09:22:51",1597300
7.93,0.4,500,"sd","09:22:48",1597200
7.94,0.41,400,"bu","09:22:42",1596700
7.93,0.4,200,"sd","09:22:35",1596300
7.93,0.4,1000,"bu","09:22:20",1596100
7.95,0.42,100,"bu","09:22:06",1595100
7.91,0.38,5500,"sd","09:22:02",1595000
7.91,0.38,50000,"sd","09:22:02",1589500
7.91,0.38,100,"sd","09:22:02",1539500
7.91,0.38,100,"sd","09:22:02",1539400
7.91,0.38,500,"sd","09:22:02",1539300
7.91,0.38,10000,"sd","09:22:02",1538800
7.91,0.38,10000,"sd","09:22:02",1528800
7.91,0.38,2000,"sd","09:22:02",1518800
7.91,0.38,200,"sd","09:22:02",1516800
7.91,0.38,3000,"sd","09:22:02",1516600
7.91,0.38,500,"sd","09:22:02",1513600
7.92,0.39,2000,"sd","09:22:02",1513100
7.92,0.39,100,"sd","09:22:02",1511100
7.92,0.39,100,"sd","09:22:02",1511000
7.93,0.4,10000,"sd","09:22:02",1510900
7.93,0.4,5800,"sd","09:22:02",1500900
7.94,0.41,100,"sd","09:22:02",1495100
7.93,0.4,500,"sd","09:21:56",1495000
7.93,0.4,200,"sd","09:21:56",1494500
7.93,0.4,300,"sd","09:21:56",1494300
7.95,0.42,200,"bu","09:21:56",1494000
7.95,0.42,800,"bu","09:21:56",1493800
7.95,0.42,900,"bu","09:21:56",1493000
7.95,0.42,1500,"bu","09:21:56",1492100
7.95,0.42,100,"bu","09:21:56",1490600
7.95,0.42,300,"bu","09:21:56",1490500
7.95,0.42,1800,"bu","09:21:56",1490200
7.94,0.41,4500,"bu","09:21:56",1488400
7.94,0.41,4900,"bu","09:21:56",1483900
7.94,0.41,100,"bu","09:21:53",1479000
7.93,0.4,1000,"sd","09:21:48",1478900
7.95,0.42,500,"bu","09:21:36",1477900
7.93,0.4,100,"sd","09:21:35",1477400
7.95,0.42,700,"bu","09:21:34",1477300
7.95,0.42,500,"bu","09:21:34",1476600
7.95,0.42,500,"bu","09:21:34",1476100
7.95,0.42,200,"bu","09:21:34",1475600
7.95,0.42,400,"bu","09:21:34",1475400
7.94,0.41,200,"bu","09:21:34",1475000
7.93,0.4,200,"sd","09:21:31",1474800
7.95,0.42,200,"bu","09:21:29",1474600
7.95,0.42,100,"bu","09:21:29",1474400
7.95,0.42,800,"bu","09:21:19",1474300
7.94,0.41,1200,"bu","09:21:19",1473500
7.95,0.42,2000,"bu","09:21:00",1472300
7.95,0.42,500,"bu","09:20:58",1470300
7.94,0.41,1400,"unknown","09:20:58",1469800
7.95,0.42,2700,"bu","09:20:48",1468400
7.94,0.41,1000,"bu","09:20:48",1465700
7.94,0.41,100,"bu","09:20:48",1464700
7.94,0.41,200,"bu","09:20:48",1464600
7.94,0.41,800,"bu","09:20:48",1464400
7.93,0.4,200,"bu","09:20:48",1463600
7.91,0.38,3700,"sd","09:20:40",1463400
7.92,0.39,200,"sd","09:20:40",1459700
7.93,0.4,700,"bu","09:20:38",1459500
7.91,0.38,100,"sd","09:20:35",1458800
7.91,0.38,2100,"sd","09:20:33",1458700
7.91,0.38,100,"sd","09:20:33",1456600
7.91,0.38,500,"sd","09:20:33",1456500
7.92,0.39,2000,"sd","09:20:33",1456000
7.92,0.39,300,"sd","09:20:33",1454000
7.93,0.4,100,"bu","09:20:28",1453700
7.91,0.38,700,"bu","09:20:19",1453600
7.91,0.38,1200,"bu","09:20:12",1452900
7.91,0.38,400,"sd","09:20:12",1451700
7.91,0.38,600,"sd","09:20:06",1451300
7.91,0.38,100,"sd","09:20:06",1450700
7.91,0.38,1200,"sd","09:20:06",1450600
7.91,0.38,100,"sd","09:20:05",1449400
7.91,0.38,5000,"sd","09:20:05",1449300
7.91,0.38,200,"sd","09:20:05",1444300
7.91,0.38,4600,"sd","09:20:05",1444100
7.91,0.38,3000,"sd","09:20:04",1439500
7.94,0.41,200,"unknown","09:20:03",1436500
7.95,0.42,100,"bu","09:19:53",1436300
7.95,0.42,1200,"bu","09:19:48",1436200
7.95,0.42,300,"bu","09:19:48",1435000
7.95,0.42,400,"bu","09:19:48",1434700
7.94,0.41,1500,"bu","09:19:48",1434300
7.94,0.41,100,"bu","09:19:48",1432800
7.94,0.41,300,"bu","09:19:48",1432700
7.94,0.41,1000,"bu","09:19:48",1432400
7.94,0.41,200,"bu","09:19:48",1431400
7.91,0.38,1000,"bu","09:19:47",1431200
7.91,0.38,300,"bu","09:19:47",1430200
7.91,0.38,100,"bu","09:19:47",1429900
7.91,0.38,1000,"bu","09:19:47",1429800
7.91,0.38,100,"bu","09:19:47",1428800
7.91,0.38,1000,"bu","09:19:47",1428700
7.91,0.38,100,"bu","09:19:34",1427700
7.91,0.38,100,"bu","09:19:34",1427600
7.91,0.38,100,"bu","09:19:33",1427500
7.91,0.38,1500,"bu","09:19:33",1427400
7.91,0.38,1000,"bu","09:19:29",1425900
7.93,0.4,1000,"sd","09:19:08",1387100
7.93,0.4,200,"sd","09:19:08",1386100
7.94,0.41,3900,"sd","09:19:08",1385900
7.91,0.38,1000,"sd","09:19:08",1382000
7.91,0.38,100,"sd","09:19:08",1381000
7.91,0.38,1700,"sd","09:19:08",1380900
7.92,0.39,300,"sd","09:19:08",1379200
7.92,0.39,100,"sd","09:19:08",1378900
7.94,0.41,200,"sd","09:19:08",1378800
7.95,0.42,100,"bu","09:19:08",1378600
7.94,0.41,2000,"sd","09:19:06",1378500
7.95,0.42,900,"bu","09:19:03",1376500
7.94,0.41,3900,"sd","09:18:59",1375600
7.94,0.41,100,"sd","09:18:59",1371700
7.95,0.42,300,"bu","09:18:53",1371600
7.95,0.42,1000,"bu","09:18:48",1371300
7.94,0.41,1000,"sd","09:18:48",1370300
7.95,0.42,300,"bu","09:18:47",1369300
7.94,0.41,300,"sd","09:18:47",1369000
7.95,0.42,500,"bu","09:18:45",1368700
7.95,0.42,900,"bu","09:19:03",1376500
7.94,0.41,3900,"sd","09:18:59",1375600
7.94,0.41,100,"sd","09:18:59",1371700
7.95,0.42,300,"bu","09:18:53",1371600
7.95,0.42,1000,"bu","09:18:48",1371300
7.94,0.41,1000,"sd","09:18:48",1370300
7.95,0.42,300,"bu","09:18:47",1369300
7.94,0.41,300,"sd","09:18:47",1369000
7.95,0.42,500,"bu","09:18:45",1368700
7.95,0.42,100,"bu","09:18:44",1368200
7.95,0.42,1700,"bu","09:18:39",1368100
7.95,0.42,100,"bu","09:18:37",1366400
7.95,0.42,300,"bu","09:18:37",1366300
7.94,0.41,600,"sd","09:18:36",1366000
7.94,0.41,400,"sd","09:18:36",1365400
7.95,0.42,2300,"bu","09:18:35",1365000
7.95,0.42,1000,"bu","09:18:34",1362700
7.95,0.42,100,"bu","09:18:32",1361700
7.95,0.42,100,"bu","09:18:25",1361600
7.95,0.42,800,"sd","09:18:25",1361500
7.95,0.42,300,"sd","09:18:25",1360700
7.95,0.42,1700,"sd","09:18:25",1360400
7.96,0.43,100,"bu","09:18:22",1358700
7.95,0.42,100,"sd","09:18:22",1358600
7.96,0.43,100,"bu","09:18:15",1358500
7.94,0.41,100,"bu","09:18:08",1358400
7.91,0.38,8300,"sd","09:18:06",1358300
7.91,0.38,3400,"sd","09:18:06",1350000
7.91,0.38,9000,"sd","09:18:06",1346600
7.91,0.38,100,"sd","09:18:06",1337600
7.91,0.38,100,"sd","09:18:06",1337500
7.91,0.38,5000,"sd","09:18:06",1337400
7.91,0.38,2000,"sd","09:18:06",1332400
7.92,0.39,300,"sd","09:18:06",1330400
7.92,0.39,5000,"sd","09:18:06",1330100
7.92,0.39,100,"sd","09:18:06",1325100
7.92,0.39,13300,"sd","09:18:06",1325000
7.94,0.41,900,"sd","09:18:06",1311700
7.95,0.42,1000,"sd","09:18:06",1310800
7.95,0.42,500,"sd","09:18:06",1309800
