"price","change","match_qtty","side","time","total_vol"
13.7,-0.1,2000,"sd","11:23:48",18100
13.7,-0.1,3000,"sd","11:19:37",16100
13.8,0,5000,"","11:04:39",13100
13.8,0,1000,"sd","10:50:12",8100
13.7,-0.1,200,"bu","09:33:06",7100
13.6,-0.2,1300,"sd","09:26:38",6900
13.7,-0.1,500,"bu","09:21:15",5600
13.7,-0.1,300,"sd","09:20:28",5100
13.7,-0.1,100,"sd","09:13:52",4800
13.7,-0.1,1900,"sd","09:13:34",4700
13.7,-0.1,800,"sd","09:13:17",2800
13.7,-0.1,2000,"sd","09:13:08",2000
13.9,-0.1,1100,"sd","10:42:22",17200
13.9,-0.1,100,"sd","10:38:51",16100
13.9,-0.1,1500,"bu","10:28:48",16000
13.9,-0.1,2000,"bu","10:28:25",14500
13.9,-0.1,3000,"bu","10:28:04",12500
13.9,-0.1,500,"bu","10:23:01",9500
13.9,-0.1,4000,"bu","10:21:21",9000
13.9,-0.1,1000,"sd","09:53:45",5000
13.9,-0.1,1000,"sd","09:50:36",4000
13.9,-0.1,2000,"sd","09:34:59",3000
13.9,-0.1,1000,"sd","09:28:22",1000
14.5,0.7,400,"sd","13:43:33",117500
14.5,0.7,800,"sd","13:43:23",117100
14.6,0.8,100,"bu","13:41:50",116300
14.5,0.7,1800,"bu","13:41:28",116200
14.4,0.6,800,"bu","13:41:09",114400
14.4,0.6,2000,"bu","13:41:08",113600
14.4,0.6,2000,"bu","13:40:35",111600
14.4,0.6,500,"bu","13:40:33",109600
14.4,0.6,1800,"bu","13:40:32",109100
14.4,0.6,3000,"bu","13:40:29",107300
14.4,0.6,300,"bu","13:40:24",104300
14.4,0.6,1000,"bu","13:40:12",104000
14.4,0.6,3500,"bu","13:40:08",103000
14.4,0.6,100,"bu","13:39:48",99500
14.4,0.6,2000,"bu","13:39:47",99400
14.4,0.6,1000,"bu","13:39:38",97400
14.4,0.6,2000,"bu","13:39:35",96400
14.5,0.7,1000,"bu","13:39:21",94400
14.5,0.7,100,"bu","13:39:17",93400
14.5,0.7,2000,"bu","13:38:50",93300
14.5,0.7,1300,"bu","13:38:39",91300
14.3,0.5,400,"sd","13:38:16",90000
14.3,0.5,5000,"bu","13:38:10",89600
14.3,0.5,500,"bu","13:38:07",84600
14.3,0.5,1000,"bu","13:38:06",84100
14.3,0.5,200,"bu","13:37:58",83100
14.2,0.4,200,"bu","13:37:41",82900
14.2,0.4,5000,"bu","13:37:39",82700
14.2,0.4,1000,"bu","13:37:34",77700
14.1,0.3,1400,"bu","13:37:18",76700
14.1,0.3,1000,"bu","13:37:17",75300
14.1,0.3,3000,"bu","13:37:14",74300
14.1,0.3,3000,"bu","13:37:12",71300
14.1,0.3,3000,"bu","13:37:09",68300
14.1,0.3,200,"bu","13:37:04",65300
14.1,0.3,7400,"bu","13:36:09",65100
14.1,0.3,1000,"bu","13:31:51",57700
14.1,0.3,100,"bu","13:08:18",56700
14.1,0.3,8200,"bu","11:28:53",56600
14.1,0.3,1000,"bu","11:22:05",48400
14.1,0.3,5000,"bu","11:08:24",47400
14.1,0.3,5000,"bu","11:08:01",42400
14.1,0.3,300,"","11:07:46",37400
14.1,0.3,2000,"sd","11:07:23",37100
14.1,0.3,400,"","10:59:32",35100
14.1,0.3,200,"bu","10:56:38",34700
14.1,0.3,5000,"bu","10:56:15",34500
14,0.2,1200,"sd","10:55:35",29500
14.1,0.3,4400,"bu","10:53:30",28300
14.2,0.4,1800,"","10:38:15",23900
14.2,0.4,200,"bu","10:37:41",22100
14.3,0.5,500,"bu","10:29:56",21900
14.3,0.5,9300,"bu","10:28:30",21400
14.3,0.5,600,"sd","10:27:48",12100
14.3,0.5,500,"sd","10:27:15",11500
14.3,0.5,2600,"bu","10:19:26",11000
14.1,0.3,2000,"sd","10:17:52",8400
14.2,0.4,100,"bu","10:17:46",6400
14.2,0.4,600,"bu","10:15:39",6300
14.2,0.4,600,"bu","10:15:27",5700
14.1,0.3,2100,"bu","10:15:06",5100
14,0.2,1000,"sd","10:14:13",3000
14,0.2,2000,"bu","10:12:44",2000
19.1,1.4,100,"bu","09:50:28",119000
19.1,1.4,800,"bu","09:50:08",118900
19.1,1.4,100,"bu","09:49:56",118100
19,1.3,1000,"sd","09:48:54",118000
19,1.3,1300,"sd","09:48:48",117000
19,1.3,1000,"bu","09:48:39",115700
19,1.3,1000,"bu","09:47:58",114700
18.8,1.1,100,"sd","09:47:39",113700
18.6,0.9,200,"sd","09:47:32",113600
18.6,0.9,400,"bu","09:46:23",113400
18.6,0.9,100,"bu","09:46:10",113000
18.5,0.8,2300,"bu","09:45:15",112900
18.5,0.8,300,"bu","09:45:11",110600
18.5,0.8,11000,"bu","09:45:10",110300
18.5,0.8,3500,"bu","09:44:59",99300
18.4,0.7,5000,"sd","09:44:57",95800
18.5,0.8,1000,"bu","09:44:40",90800
18.5,0.8,1000,"bu","09:44:27",89800
18.4,0.7,200,"sd","09:44:12",88800
18.4,0.7,600,"sd","09:44:02",88600
18.4,0.7,700,"sd","09:44:00",88000
18.4,0.7,400,"sd","09:43:37",87300
18.4,0.7,300,"sd","09:43:25",86900
18.5,0.8,18500,"bu","09:42:44",86600
18.5,0.8,2500,"sd","09:42:31",68100
18.5,0.8,1000,"sd","09:42:05",65600
18.6,0.9,1000,"bu","09:41:50",64600
18.6,0.9,2000,"bu","09:41:45",63600
18.6,0.9,400,"sd","09:41:33",61600
18.6,0.9,600,"sd","09:41:32",61200
18.6,0.9,10000,"sd","09:41:20",60600
18.8,1.1,900,"unknown","09:41:09",50600
18.8,1.1,2000,"sd","09:40:46",49700
18.9,1.2,1900,"sd","09:40:17",47700
19.1,1.4,1700,"sd","09:35:56",45800
19.1,1.4,400,"sd","09:35:54",44100
19.1,1.4,1000,"sd","09:35:31",43700
19.1,1.4,500,"sd","09:34:18",42700
19.1,1.4,1500,"sd","09:33:41",42200
19.1,1.4,4900,"sd","09:33:26",40700
19,1.3,2500,"unknown","09:32:49",35800
19,1.3,500,"sd","09:32:39",33300
19,1.3,2500,"sd","09:30:04",32800
19.1,1.4,100,"sd","09:29:39",30300
19.1,1.4,1500,"sd","09:29:05",30200
19.1,1.4,1000,"sd","09:28:47",28700
19.1,1.4,2000,"sd","09:28:20",27700
19.1,1.4,500,"sd","09:27:38",25700
19.1,1.4,1000,"unknown","09:26:50",25200
19,1.3,500,"sd","09:26:28",24200
19,1.3,800,"sd","09:25:58",23700
19,1.3,200,"bu","09:25:15",22900
18.9,1.2,1500,"bu","09:24:14",22700
18.8,1.1,1600,"sd","09:24:02",21200
18.8,1.1,2000,"bu","09:23:27",19600
18.8,1.1,200,"bu","09:23:09",17600
18.7,1,100,"sd","09:22:59",17400
18.8,1.1,1000,"bu","09:22:50",17300
18.7,1,1000,"sd","09:22:26",16300
18.7,1,300,"sd","09:21:43",15300
18.8,1.1,500,"bu","09:20:02",15000
18.8,1.1,100,"bu","09:19:39",14500
18.7,1,1000,"sd","09:19:25",14400
18.8,1.1,200,"bu","09:18:23",13400
19,1.3,100,"unknown","09:18:02",13200
19,1.3,100,"bu","09:17:22",13100
19,1.3,100,"sd","09:16:28",13000
19,1.3,500,"sd","09:16:18",12900
19,1.3,500,"sd","09:16:09",12400
19,1.3,5000,"sd","09:15:26",11900
19,1.3,100,"sd","09:14:43",6900
19,1.3,100,"sd","09:14:18",6800
19.1,1.4,500,"bu","09:14:10",6700
19.1,1.4,400,"sd","09:14:01",6200
19.1,1.4,600,"sd","09:13:04",5800
19.1,1.4,1000,"sd","09:12:29",5200
19.1,1.4,500,"sd","09:11:31",4200
19.8,2.1,200,"bu","09:06:00",3700
19.8,2.1,1500,"bu","09:05:20",3500
20,2.3,2000,"bu","09:02:29",2000
