"price","change","match_qtty","side","time","total_vol"
6.82,-0.14,8300,"","14:45:01",134700
6.83,-0.13,100,"sd","14:29:28",126400
6.83,-0.13,3000,"sd","14:29:13",126300
6.85,-0.11,100,"bu","14:28:35",123300
6.89,-0.07,100,"bu","14:21:39",123200
6.81,-0.15,10000,"sd","14:18:12",123100
6.83,-0.13,400,"sd","14:18:12",103500
6.83,-0.13,1000,"sd","14:15:18",103100
6.83,-0.13,1000,"sd","14:14:57",102100
6.83,-0.13,2000,"sd","14:13:56",101100
6.83,-0.13,1000,"sd","14:12:34",99100
6.83,-0.13,100,"sd","14:05:24",98100
6.83,-0.13,1000,"sd","14:03:36",98000
6.84,-0.12,800,"sd","14:03:36",97000
6.86,-0.1,200,"sd","14:03:36",96200
6.86,-0.1,200,"bu","13:50:57",96000
6.84,-0.12,2000,"sd","13:50:10",95800
6.86,-0.1,100,"bu","13:50:02",93800
6.86,-0.1,900,"bu","13:47:37",93700
6.84,-0.12,2600,"bu","13:46:19",92800
7.01,-0.09,3000,"sd","13:23:09",101800
7.01,-0.09,1000,"sd","13:20:28",98800
7,-0.1,2600,"sd","13:19:00",97800
7.01,-0.09,100,"bu","13:18:49",95200
7.01,-0.09,300,"bu","13:18:33",95100
7.01,-0.09,3600,"sd","13:18:14",94800
7.01,-0.09,100,"sd","13:16:52",91200
7.03,-0.07,200,"bu","13:16:45",91100
7.04,-0.06,200,"sd","13:11:26",90900
7.04,-0.06,100,"bu","13:08:26",90700
7.01,-0.09,100,"sd","13:06:06",90600
7.01,-0.09,2000,"sd","13:06:03",90500
7.01,-0.09,1400,"sd","13:04:49",88500
7.01,-0.09,2000,"sd","13:04:41",87100
7.01,-0.09,400,"sd","13:04:17",85100
7.02,-0.08,2600,"sd","13:04:17",84700
7.02,-0.08,1800,"sd","13:03:43",82100
7.03,-0.07,200,"sd","13:03:43",80300
7.04,-0.06,500,"sd","13:03:43",80100
7.05,-0.05,500,"bu","11:11:37",79600
7.05,-0.05,200,"sd","10:58:10",79100
7.05,-0.05,2000,"sd","10:30:40",78900
7.05,-0.05,300,"bu","10:30:18",76900
7.05,-0.05,700,"bu","10:28:08",76600
7.02,-0.08,300,"sd","10:23:17",75900
7.09,-0.01,300,"bu","10:22:24",75600
7.03,-0.07,200,"bu","10:22:24",75300
7.03,-0.07,1000,"sd","10:22:07",75100
7.05,-0.05,2300,"sd","10:20:50",74100
7.05,-0.05,700,"sd","10:18:17",71800
7.09,-0.01,3000,"sd","10:07:30",71100
7.09,-0.01,100,"bu","10:06:37",68100
7.09,-0.01,5000,"bu","10:03:14",68000
7.09,-0.01,4900,"sd","10:01:15",63000
7.09,-0.01,100,"bu","10:01:00",58100
7.09,-0.01,1000,"bu","09:59:39",58000
7.09,-0.01,100,"bu","09:53:45",57000
7.02,-0.08,100,"sd","09:50:52",56900
7.01,-0.09,19300,"bu","09:37:58",56800
7.01,-0.09,100,"bu","09:37:49",37500
7.01,-0.09,1000,"bu","09:37:27",37400
7.01,-0.09,3200,"sd","09:36:15",36400
7.02,-0.08,14400,"bu","09:31:07",33200
7.01,-0.09,300,"bu","09:30:30",18800
7.01,-0.09,300,"bu","09:29:21",18500
7.01,-0.09,100,"bu","09:29:01",18200
7.01,-0.09,100,"bu","09:28:42",18100
7.01,-0.09,16200,"sd","09:28:35",18000
7.02,-0.08,1200,"sd","09:27:04",1800
7.03,-0.07,400,"sd","09:27:04",600
7.1,0,200,"","09:15:01",200
7.25,0.25,2100,"sd","09:53:03",91500
7.25,0.25,2600,"bu","09:52:38",89400
7.24,0.24,500,"bu","09:52:30",86800
7.23,0.23,6300,"bu","09:51:46",86300
7.21,0.21,2000,"bu","09:51:36",80000
7.2,0.2,500,"sd","09:51:14",78000
7.21,0.21,1000,"bu","09:50:30",77500
7.21,0.21,2500,"bu","09:50:12",76500
7.2,0.2,3100,"bu","09:50:01",74000
7.18,0.18,600,"sd","09:47:38",70900
7.18,0.18,2200,"bu","09:47:28",70300
7.17,0.17,200,"sd","09:46:21",68100
7.17,0.17,200,"sd","09:41:47",67900
7.17,0.17,500,"sd","09:39:48",67700
7.17,0.17,2000,"sd","09:37:58",67200
7.17,0.17,800,"sd","09:37:36",65200
7.19,0.19,2100,"bu","09:37:35",64400
7.17,0.17,500,"sd","09:37:33",62300
7.17,0.17,2000,"sd","09:37:02",61800
7.19,0.19,500,"sd","09:34:34",59800
7.19,0.19,200,"sd","09:34:29",59300
7.19,0.19,3000,"sd","09:34:12",59100
7.19,0.19,500,"sd","09:34:06",56100
7.19,0.19,300,"sd","09:34:00",55600
7.2,0.2,2600,"sd","09:32:35",55300
7.2,0.2,1000,"sd","09:32:33",52700
7.2,0.2,500,"sd","09:32:16",51700
7.2,0.2,3000,"sd","09:31:36",51200
7.23,0.23,1000,"bu","09:28:52",48200
7.23,0.23,900,"bu","09:28:41",47200
7.22,0.22,500,"bu","09:28:41",46300
7.23,0.23,300,"bu","09:28:39",45800
7.23,0.23,1600,"bu","09:28:11",45500
7.23,0.23,900,"bu","09:27:40",43900
7.2,0.2,400,"sd","09:27:37",43000
7.2,0.2,1800,"sd","09:27:09",42600
7.2,0.2,2000,"sd","09:26:43",40800
7.2,0.2,2000,"sd","09:26:15",38800
7.2,0.2,2900,"bu","09:25:39",36800
7.2,0.2,2400,"bu","09:25:27",33900
7.19,0.19,500,"sd","09:25:25",31500
7.2,0.2,300,"sd","09:24:37",31000
7.2,0.2,400,"sd","09:24:28",30700
7.2,0.2,500,"sd","09:24:26",30300
7.2,0.2,200,"sd","09:24:02",29800
7.23,0.23,5400,"bu","09:23:10",29600
7.23,0.23,100,"bu","09:22:55",24200
7.2,0.2,200,"bu","09:22:36",24100
7.2,0.2,200,"bu","09:22:20",23900
7.19,0.19,1000,"bu","09:22:02",23700
7.19,0.19,500,"bu","09:21:49",22700
7.18,0.18,500,"bu","09:21:41",22200
7.18,0.18,4000,"bu","09:21:35",21700
7.18,0.18,700,"bu","09:21:07",17700
7.15,0.15,1000,"bu","09:21:07",17000
7.14,0.14,2300,"bu","09:21:07",16000
7.13,0.13,700,"bu","09:20:40",13700
7.13,0.13,8000,"bu","09:20:20",13000
7.13,0.13,1800,"sd","09:19:36",5000
7.13,0.13,200,"bu","09:19:06",3200
6.96,-0.04,1500,"sd","09:18:23",3000
6.97,-0.03,1400,"sd","09:17:57",1500
6.98,-0.02,100,"sd","09:17:57",100
7.15,-0.03,400,"sd","09:31:03",42500
7.15,-0.03,1900,"sd","09:30:33",42100
7.16,-0.02,200,"bu","09:30:28",40200
7.16,-0.02,1000,"bu","09:30:25",40000
7.16,-0.02,1000,"bu","09:30:01",39000
7.16,-0.02,100,"bu","09:29:52",38000
7.16,-0.02,1000,"bu","09:29:46",37900
7.15,-0.03,3000,"sd","09:28:50",36900
7.15,-0.03,5000,"sd","09:28:50",33900
7.16,-0.02,1000,"bu","09:28:23",28900
7.16,-0.02,500,"bu","09:28:19",27900
7.16,-0.02,2000,"bu","09:28:09",27400
7.16,-0.02,9200,"sd","09:27:41",25400
7.18,0,3000,"sd","09:27:41",16200
7.16,-0.02,1000,"sd","09:26:06",13200
7.18,0,900,"sd","09:26:06",12200
7.18,0,500,"sd","09:25:25",11300
7.2,0.02,1000,"bu","09:23:57",10800
7.2,0.02,500,"bu","09:23:57",9800
7.18,0,500,"sd","09:23:55",9300
7.2,0.02,500,"bu","09:23:43",8800
7.2,0.02,500,"bu","09:23:42",8300
7.2,0.02,1000,"bu","09:23:38",7800
7.2,0.02,1000,"sd","09:23:12",6800
7.2,0.02,100,"bu","09:19:30",5800
7.18,0,500,"sd","09:19:27",5700
7.18,0,500,"sd","09:18:09",5200
7.18,0,200,"sd","09:17:07",4700
7.14,-0.04,4500,"","09:15:01",4500
8.32,0.41,500,"sd","09:26:09",109300
8.34,0.43,300,"bu","09:26:30",114100
8.3,0.39,100,"sd","09:26:28",113800
8.4,0.49,18100,"bu","09:28:02",156100
8.3,0.39,900,"sd","09:26:24",113700
8.35,0.44,1400,"bu","09:26:46",115500
8.3,0.39,100,"bu","09:25:33",105200
8.3,0.39,500,"sd","10:06:03",435100
8.35,0.44,3600,"bu","10:12:29",448800
8.36,0.45,100,"bu","10:13:12",449900
8.41,0.5,700,"sd","09:57:25",388500
8.41,0.5,700,"sd","09:57:24",387800
8.41,0.5,5000,"bu","09:57:09",387100
8.4,0.49,1600,"bu","09:57:09",382100
8.4,0.49,3400,"sd","09:57:07",380500
8.4,0.49,4300,"bu","09:58:21",392800
8.15,0.24,1900,"bu","09:22:28",67100
8.14,0.23,500,"bu","09:22:28",65200
8.35,0.44,1000,"bu","10:12:44",449800
8.41,0.5,300,"bu","09:56:19",377100
8.3,0.39,300,"sd","10:06:18",435400
8.3,0.39,500,"sd","10:06:46",435900
8.12,0.21,1400,"bu","09:22:02",64700
8.41,0.5,400,"bu","09:52:47",360700
8.4,0.49,5000,"sd","09:51:07",353600
8.4,0.49,6000,"sd","09:51:03",348600
8.4,0.49,3400,"sd","09:50:57",342600
8.11,0.2,600,"bu","09:21:44",63300
8.41,0.5,1000,"bu","09:50:44",339200
8.41,0.5,1000,"bu","09:50:38",338200
8.4,0.49,2000,"sd","09:50:29",337200
8.4,0.49,5000,"sd","09:51:21",358600
8.42,0.51,200,"bu","09:31:00",168100
8.31,0.4,1100,"bu","14:27:07",855700
8.34,0.43,1600,"sd","10:20:03",466400
8.29,0.38,200,"sd","14:29:05",869800
8.42,0.51,100,"bu","09:30:53",167900
8.31,0.4,100,"bu","14:27:02",854600
8.4,0.49,1100,"sd","09:28:59",166200
8.36,0.45,6000,"bu","10:18:58",463600
8.42,0.51,200,"bu","09:29:51",167200
8.4,0.49,3000,"sd","09:28:44",165100
8.35,0.44,1200,"sd","10:19:38",464800
8.36,0.45,400,"bu","10:18:05",455800
8.41,0.5,600,"bu","09:29:43",167000
8.31,0.4,3000,"bu","14:26:47",854500
8.3,0.39,5000,"bu","14:29:55",884800
8.35,0.44,600,"sd","10:18:49",457600
8.35,0.44,1000,"sd","10:18:43",457000
8.44,0.53,700,"bu","09:31:21",173200
8.41,0.5,100,"bu","09:29:27",166400
8.43,0.52,1000,"bu","09:31:15",172500
8.35,0.44,100,"sd","10:18:36",456000
8.35,0.44,100,"sd","10:18:31",455900
8.42,0.51,3400,"bu","09:31:05",171500
8.41,0.5,100,"bu","09:29:12",166300
8.4,0.49,2000,"sd","10:01:46",411500
8.41,0.5,500,"bu","09:46:18",298500
8.4,0.49,200,"sd","10:01:39",409500
8.42,0.51,500,"bu","09:45:20",296200
8.31,0.4,200,"sd","14:24:59",849500
8.4,0.49,3800,"sd","10:00:03",402000
8.42,0.51,500,"bu","09:46:09",298000
8.4,0.49,200,"sd","10:01:15",409300
8.41,0.5,2000,"sd","09:49:58",335000
8.42,0.51,500,"bu","09:45:10",295700
8.31,0.4,400,"bu","14:24:50",849300
8.42,0.51,300,"bu","09:45:59",297500
8.4,0.49,3000,"sd","09:45:06",295200
8.41,0.5,1000,"sd","09:45:06",292200
8.4,0.49,2000,"sd","10:01:03",409100
8.42,0.51,8100,"bu","09:46:48",312800
8.41,0.5,900,"bu","09:46:48",304700
8.4,0.49,700,"sd","10:02:10",412900
8.4,0.49,4000,"bu","10:00:53",407100
8.39,0.48,500,"sd","10:00:51",403100
8.4,0.49,600,"bu","10:00:50",402600
8.4,0.49,4000,"sd","09:46:41",303800
8.41,0.5,500,"bu","09:46:40",299800
8.41,0.5,300,"bu","09:46:37",299300
8.42,0.51,500,"bu","09:45:45",297200
8.4,0.49,500,"sd","10:02:02",412200
8.31,0.4,600,"bu","14:24:18",848900
8.41,0.5,500,"bu","09:46:29",299000
8.42,0.51,400,"bu","09:45:34",296700
8.41,0.5,100,"bu","09:45:34",296300
8.4,0.49,200,"sd","10:01:55",411700
8.3,0.39,600,"bu","14:23:26",848300
8.28,0.37,1900,"sd","14:20:11",847700
8.29,0.38,100,"sd","14:20:11",845800
8.34,0.43,5800,"sd","13:56:51",717900
8.31,0.4,200,"sd","14:16:39",823300
8.34,0.43,4900,"sd","13:58:00",722800
8.32,0.41,200,"bu","13:34:26",639600
8.32,0.41,600,"bu","13:33:22",639200
8.32,0.41,200,"bu","13:34:17",639400
8.42,0.51,200,"bu","09:38:14",272000
8.35,0.44,200,"bu","13:55:46",712100
8.32,0.41,1000,"bu","13:42:09",664300
8.32,0.41,4100,"sd","13:40:49",647400
8.41,0.5,200,"sd","09:38:03",271800
8.35,0.44,10000,"bu","13:55:41",711900
8.41,0.5,100,"sd","09:38:01",271600
8.42,0.51,2000,"bu","09:39:03",274500
8.41,0.5,200,"sd","09:37:46",271500
8.31,0.4,10000,"sd","13:41:57",663300
8.41,0.5,500,"sd","09:38:53",272500
8.32,0.41,3200,"bu","13:38:33",643300
8.35,0.44,1800,"bu","13:53:41",701800
8.32,0.41,5900,"bu","13:41:45",653300
8.35,0.44,100,"bu","13:55:20",701900
8.29,0.38,2000,"sd","13:11:19",602900
8.21,0.3,7000,"sd","13:00:26",581100
8.22,0.31,500,"bu","13:02:15",592000
8.22,0.31,2000,"bu","13:00:24",574100
8.3,0.39,100,"bu","11:24:19",554600
8.22,0.31,1000,"bu","13:01:23",590100
8.3,0.39,800,"sd","13:12:03",613800
8.29,0.38,2000,"sd","13:11:06",600900
8.27,0.36,100,"bu","13:03:29",592200
8.3,0.39,300,"bu","11:25:32",555000
8.3,0.39,2000,"sd","13:11:59",613000
8.3,0.39,200,"bu","13:00:04",571900
8.3,0.39,7200,"bu","13:11:44",611000
8.22,0.31,100,"bu","13:02:49",592100
8.3,0.39,100,"bu","11:25:08",554700
8.29,0.38,700,"sd","13:11:33",603800
8.3,0.39,400,"bu","13:00:00",555500
8.31,0.4,300,"sd","13:29:49",633800
8.31,0.4,700,"sd","13:29:48",633500
8.22,0.31,400,"bu","13:02:08",591500
8.2,0.29,8000,"sd","13:00:33",589100
8.25,0.34,100,"sd","13:05:45",592400
8.27,0.36,100,"sd","13:05:45",592300
8.22,0.31,1000,"bu","13:01:40",591100
8.29,0.38,200,"sd","13:11:22",603100
8.21,0.3,200,"sd","13:00:09",572100
8.3,0.39,100,"sd","11:29:56",555100
8.3,0.39,1500,"sd","10:55:51",527300
8.35,0.44,100,"bu","10:43:08",510300
8.3,0.39,300,"sd","10:37:04",498400
8.33,0.42,500,"bu","10:20:49",466900
8.21,0.3,1700,"sd","10:07:26",440100
8.25,0.34,100,"sd","10:07:26",438400
8.29,0.38,900,"sd","10:07:26",438300
8.3,0.39,1300,"sd","10:07:26",437400
8.35,0.44,2000,"bu","10:40:20",510200
8.3,0.39,10000,"sd","10:36:54",498100
8.21,0.3,1000,"sd","10:08:19",441100
8.3,0.39,3000,"sd","10:59:56",531000
8.3,0.39,1000,"sd","10:49:39",521500
8.34,0.43,100,"sd","10:40:13",508200
8.3,0.39,2000,"sd","11:01:12",534000
8.33,0.42,100,"sd","10:30:04",479400
8.3,0.39,100,"sd","10:07:12",436100
8.34,0.43,700,"bu","10:46:08",513200
8.32,0.41,1000,"bu","11:07:55",544900
8.3,0.39,400,"sd","10:51:17",523900
8.31,0.4,500,"sd","10:35:56",483100
8.3,0.39,200,"bu","10:59:24",528000
8.3,0.39,800,"sd","10:52:55",524700
8.34,0.43,100,"sd","10:38:49",507800
8.32,0.41,3000,"bu","11:07:41",543900
8.3,0.39,2000,"sd","10:50:47",523500
8.34,0.43,3000,"sd","10:38:41",507700
8.31,0.4,1400,"sd","10:35:48",482600
8.3,0.39,200,"sd","10:37:35",498600
8.3,0.39,600,"bu","10:38:29",500600
8.33,0.42,500,"bu","10:38:29",501100
8.34,0.43,3600,"bu","10:38:29",504700
8.31,0.4,400,"sd","10:35:32",481200
8.33,0.42,100,"sd","10:35:32",480800
8.3,0.39,100,"bu","10:58:58",527800
8.35,0.44,5000,"sd","10:05:22",434400
8.41,0.5,2000,"sd","09:49:19",323000
8.42,0.51,500,"sd","09:40:34",275300
8.4,0.49,1000,"sd","09:55:09",370700
8.41,0.5,8000,"bu","09:55:04",369700
8.37,0.46,1600,"sd","10:05:10",429400
8.42,0.51,500,"bu","09:47:08",313800
8.42,0.51,300,"bu","09:40:21",274800
8.37,0.46,4600,"sd","10:05:07",427800
8.37,0.46,3000,"sd","10:05:02",423200
8.38,0.47,1300,"sd","10:03:45",420200
8.39,0.48,5600,"sd","10:03:42",418900
8.4,0.49,100,"sd","10:00:01",398200
8.42,0.51,5000,"bu","09:47:53",319800
8.42,0.51,500,"bu","09:47:00",313300
8.1,0.19,3000,"bu","09:19:17",38600
8.4,0.49,100,"sd","09:59:57",398100
8.4,0.49,5000,"sd","09:59:52",398000
8.42,0.51,1000,"bu","09:47:49",314800
8.42,0.51,500,"bu","09:44:58",291200
8.42,0.51,800,"sd","09:44:01",290700
8.41,0.5,10000,"sd","09:49:43",333000
8.4,0.49,100,"sd","09:59:28",393000
8.3,0.39,100,"sd","10:07:04",436000
8.1,0.19,500,"bu","09:18:49",35600
8.3,0.39,200,"sd","10:05:44",434600
8.4,0.49,100,"sd","09:59:19",392900
8.42,0.51,1200,"bu","09:48:21",321000
8.1,0.19,3000,"bu","09:17:02",34400
8.1,0.19,100,"bu","09:16:43",31400
8.1,0.19,100,"bu","09:18:32",35100
8.02,0.11,200,"sd","09:16:35",31300
8.1,0.19,8600,"bu","09:16:34",31100
8.09,0.18,1400,"bu","09:16:34",22500
8.1,0.19,100,"bu","09:17:47",35000
8.05,0.14,500,"bu","09:17:37",34900
8.43,0.52,1000,"bu","09:32:11",184700
8.43,0.52,6500,"sd","09:32:05",183700
8.42,0.51,100,"bu","09:30:02",167300
8.44,0.53,1000,"bu","09:33:13",208300
8.39,0.48,1000,"sd","09:27:55",138000
8.39,0.48,500,"bu","09:27:28",129800
8.43,0.52,1000,"sd","09:31:55",177200
8.4,0.49,600,"bu","09:27:51",137000
8.44,0.53,1000,"sd","09:33:52",236000
8.44,0.53,1000,"sd","09:33:51",235000
8.44,0.53,300,"sd","09:35:02",260500
8.4,0.49,6600,"bu","09:27:44",136400
8.44,0.53,10000,"bu","09:32:53",207300
8.43,0.52,3000,"sd","09:31:35",176200
8.44,0.53,7300,"sd","09:34:56",260200
8.44,0.53,200,"bu","09:32:47",197300
8.44,0.53,100,"sd","09:33:55",236100
8.44,0.53,1000,"bu","09:32:43",197100
8.44,0.53,100,"bu","09:35:03",260600
8.42,0.51,500,"bu","09:30:31",167800
8.44,0.53,3000,"sd","09:34:48",252900
8.43,0.52,3000,"sd","09:32:35",196100
8.43,0.52,8300,"bu","09:32:33",193100
8.44,0.53,1200,"sd","09:33:47",234000
8.44,0.53,1000,"sd","09:33:43",232800
8.43,0.52,100,"bu","09:32:25",184800
8.44,0.53,22500,"bu","09:33:35",231800
8.43,0.52,1000,"sd","09:33:34",209300
8.3,0.39,2100,"bu","09:25:52",107300
8.29,0.38,500,"bu","09:25:29",105100
8.29,0.38,500,"bu","09:25:28",104600
8.39,0.48,900,"bu","09:27:07",129000
8.39,0.48,200,"bu","09:27:26",129300
8.37,0.46,100,"sd","09:27:25",129100
8.37,0.46,10000,"bu","09:26:48",128100
8.35,0.44,2600,"bu","09:26:48",118100
8.32,0.41,1500,"bu","09:25:59",108800
8.25,0.34,100,"bu","09:25:03",104000
8.29,0.38,100,"bu","09:25:03",104100
8.29,0.38,5000,"bu","09:25:02",103900
8.2,0.29,2000,"bu","09:23:54",92800
8.2,0.29,10000,"bu","09:23:49",90800
8.18,0.27,300,"bu","09:23:47",80800
8.18,0.27,100,"bu","09:23:42",80500
8.25,0.34,2100,"bu","09:24:17",94900
8.29,0.38,1300,"bu","09:24:47",96200
8.16,0.25,100,"bu","09:23:30",80400
8.29,0.38,600,"bu","09:24:54",98900
8.29,0.38,2100,"bu","09:24:50",98300
8.1,0.19,100,"bu","09:20:13",45600
8.1,0.19,1400,"bu","09:20:11",45500
8.1,0.19,2900,"bu","09:21:19",62700
8.1,0.19,3000,"bu","09:21:18",59800
8.1,0.19,1600,"bu","09:20:05",44100
8.1,0.19,500,"bu","09:21:13",56800
8.1,0.19,1000,"bu","09:21:09",56300
8.1,0.19,300,"bu","09:19:59",42500
8.15,0.24,2000,"bu","09:22:48",69100
8.1,0.19,500,"bu","09:19:52",42200
8.15,0.24,4600,"bu","09:23:00",80300
8.1,0.19,3000,"bu","09:20:58",55300
8.1,0.19,200,"bu","09:20:57",52300
8.1,0.19,2000,"bu","09:20:53",52100
8.09,0.18,2000,"sd","09:19:39",41700
8.09,0.18,1000,"bu","09:19:35",39700
8.15,0.24,2500,"bu","09:22:54",75700
8.15,0.24,3600,"bu","09:22:53",73200
8.09,0.18,100,"bu","09:19:28",38700
8.1,0.19,3000,"bu","09:20:37",50100
8.1,0.19,600,"bu","09:20:35",47100
8.15,0.24,500,"bu","09:22:50",69600
8.1,0.19,400,"bu","09:20:34",46500
8.1,0.19,500,"bu","09:20:20",46100
7.7,-0.06,500,"sd","09:33:17",56100
7.7,-0.06,100,"sd","09:33:17",55600
7.7,-0.06,1000,"sd","09:33:17",55500
7.7,-0.06,300,"sd","09:33:17",54500
7.7,-0.06,100,"sd","09:33:17",54200
7.7,-0.06,100,"sd","09:33:17",54100
7.73,-0.03,800,"bu","09:31:26",54000
7.7,-0.06,200,"sd","09:30:48",53200
7.7,-0.06,2000,"sd","09:30:48",53000
7.7,-0.06,800,"sd","09:30:48",51000
7.7,-0.06,200,"sd","09:29:52",50200
7.7,-0.06,500,"sd","09:29:52",50000
7.7,-0.06,300,"sd","09:29:41",49500
7.7,-0.06,100,"sd","09:29:41",49200
7.7,-0.06,500,"sd","09:29:41",49100
7.7,-0.06,100,"sd","09:29:41",48600
7.7,-0.06,100,"sd","09:29:23",48500
7.7,-0.06,100,"sd","09:29:04",48400
7.7,-0.06,400,"sd","09:29:04",48300
7.7,-0.06,600,"sd","09:27:52",47900
7.7,-0.06,500,"sd","09:27:52",47300
7.7,-0.06,1000,"sd","09:27:52",46800
7.7,-0.06,200,"sd","09:27:52",45800
7.73,-0.03,500,"sd","09:27:52",45600
7.75,-0.01,200,"sd","09:27:52",45100
7.75,-0.01,100,"sd","09:27:44",44900
7.76,0,1900,"sd","09:26:39",44800
7.76,0,500,"sd","09:26:39",42900
7.76,0,100,"sd","09:26:39",42400
7.76,0,900,"sd","09:26:39",42300
7.76,0,1500,"sd","09:26:39",41400
7.76,0,200,"sd","09:26:39",39900
7.76,0,9100,"sd","09:26:39",39700
7.76,0,400,"sd","09:25:28",30600
7.76,0,1000,"sd","09:25:03",30200
7.76,0,3000,"sd","09:25:02",29200
7.76,0,2500,"sd","09:23:50",26200
7.76,0,4000,"sd","09:23:50",23700
7.76,0,3500,"sd","09:23:50",19700
7.76,0,1800,"sd","09:23:27",16200
7.78,0.02,200,"sd","09:23:27",14400
7.76,0,1100,"sd","09:19:06",14200
7.76,0,200,"sd","09:18:19",13100
7.76,0,3400,"sd","09:15:47",12900
7.76,0,100,"sd","09:15:47",9500
7.76,0,400,"sd","09:15:47",9400
7.76,0,9000,"sd","09:14:59",9000
20.6,-1.4,1600,"sd","09:22:03",62000
20.65,-1.35,100,"bu","09:22:03",60400
20.65,-1.35,500,"bu","09:22:03",60300
20.65,-1.35,500,"sd","09:21:55",59800
20.7,-1.3,1000,"bu","09:21:52",59300
20.7,-1.3,300,"sd","09:21:42",58300
20.6,-1.4,800,"sd","09:21:42",58000
20.65,-1.35,1200,"sd","09:21:42",57200
20.65,-1.35,100,"sd","09:21:42",56000
20.7,-1.3,1000,"sd","09:21:42",55900
20.7,-1.3,300,"sd","09:21:42",54900
20.7,-1.3,100,"sd","09:21:42",54600
20.7,-1.3,100,"sd","09:21:26",54500
20.95,-1.05,2200,"bu","09:21:26",54400
20.8,-1.2,600,"bu","09:21:26",52200
20.8,-1.2,300,"bu","09:21:26",51600
20.8,-1.2,200,"bu","09:21:21",51300
20.7,-1.3,300,"sd","09:21:18",51100
20.7,-1.3,1300,"sd","09:21:15",50800
20.7,-1.3,900,"sd","09:21:15",49500
20.8,-1.2,700,"bu","09:21:14",48600
20.7,-1.3,100,"sd","09:21:14",47900
20.8,-1.2,500,"sd","09:21:02",47800
20.8,-1.2,500,"sd","09:20:52",47300
20.95,-1.05,100,"bu","09:20:44",46800
20.95,-1.05,2000,"bu","09:20:42",46700
21,-1,1000,"bu","09:20:11",44700
21,-1,1000,"bu","09:20:08",43700
21,-1,100,"bu","09:20:03",42700
21,-1,2000,"bu","09:19:55",42600
21,-1,100,"bu","09:19:50",40600
21,-1,1000,"bu","09:19:42",40500
21,-1,200,"bu","09:19:38",39500
21,-1,200,"bu","09:19:38",39300
21,-1,200,"bu","09:19:38",39100
21,-1,500,"bu","09:19:32",38900
21,-1,100,"bu","09:19:20",38400
20.6,-1.4,200,"sd","09:19:18",38300
20.6,-1.4,100,"sd","09:19:18",38100
20.6,-1.4,200,"sd","09:19:13",38000
20.6,-1.4,300,"sd","09:19:09",37800
20.6,-1.4,100,"sd","09:19:09",37500
20.6,-1.4,100,"sd","09:19:09",37400
20.6,-1.4,900,"bu","09:18:56",37300
20.6,-1.4,100,"sd","09:18:50",36400
21.05,-0.95,100,"bu","09:18:40",36300
20.9,-1.1,100,"bu","09:18:38",36200
20.55,-1.45,700,"sd","09:18:31",36100
20.6,-1.4,100,"sd","09:18:31",35400
20.9,-1.1,100,"sd","09:18:31",35300
20.9,-1.1,100,"sd","09:18:31",35200
21.1,-0.9,500,"sd","09:18:19",35100
21.15,-0.85,500,"bu","09:18:13",34600
21.1,-0.9,1000,"sd","09:17:42",34100
21.1,-0.9,1000,"sd","09:17:42",33100
21.1,-0.9,300,"sd","09:17:42",32100
21.15,-0.85,200,"sd","09:17:42",31800
21.15,-0.85,200,"sd","09:17:39",31600
21.15,-0.85,1000,"sd","09:17:39",31400
21.2,-0.8,100,"sd","09:17:39",30400
21.1,-0.9,200,"sd","09:17:26",30300
21.15,-0.85,800,"bu","09:17:26",30100
21.15,-0.85,200,"bu","09:17:26",29300
21.15,-0.85,500,"bu","09:17:22",29100
21.1,-0.9,100,"sd","09:17:13",28600
21.1,-0.9,100,"sd","09:17:12",28500
21.1,-0.9,200,"sd","09:17:11",28400
21.1,-0.9,300,"sd","09:17:05",28200
21.1,-0.9,1000,"sd","09:17:02",27900
21.1,-0.9,1000,"bu","09:16:59",26900
21.1,-0.9,400,"bu","09:16:54",25900
21.1,-0.9,600,"bu","09:16:54",25500
21.1,-0.9,400,"bu","09:16:43",24900
20.95,-1.05,100,"bu","09:16:43",24500
20.95,-1.05,100,"sd","09:16:41",24400
21.1,-0.9,1000,"sd","09:16:28",24300
21.8,-0.2,2000,"sd","09:16:11",23300
21.9,-0.1,100,"sd","09:16:11",21300
21.9,-0.1,900,"sd","09:16:01",21200
21.9,-0.1,2100,"sd","09:16:01",20300
21.9,-0.1,900,"sd","09:15:17",18200
22,0,17300,"bu","09:15:01",17300
25,0.4,200,"bu","09:44:12",224700
25,0.4,100,"bu","09:44:12",224500
24.95,0.35,600,"sd","09:44:08",224400
24.95,0.35,400,"sd","09:44:08",223800
24.95,0.35,100,"sd","09:44:08",223400
24.95,0.35,100,"sd","09:44:08",223300
24.95,0.35,800,"sd","09:44:08",223200
24.95,0.35,3000,"sd","09:44:05",222400
24.95,0.35,1200,"sd","09:44:02",219400
24.95,0.35,100,"sd","09:44:02",218200
24.95,0.35,1000,"sd","09:44:02",218100
24.95,0.35,2900,"sd","09:44:02",217100
24.95,0.35,1000,"sd","09:43:50",214200
24.95,0.35,1100,"sd","09:43:22",213200
24.95,0.35,1900,"sd","09:43:22",212100
25,0.4,500,"bu","09:43:21",210200
25,0.4,3500,"bu","09:43:21",209700
25,0.4,1000,"bu","09:43:21",206200
25,0.4,1800,"bu","09:43:18",205200
25,0.4,100,"bu","09:43:14",203400
25,0.4,300,"bu","09:43:11",203200
25,0.4,300,"bu","09:43:11",202900
25,0.4,200,"bu","09:43:08",202600
25,0.4,1000,"bu","09:43:04",202400
25,0.4,2000,"bu","09:43:00",201400
25,0.4,500,"bu","09:43:00",199400
25,0.4,200,"bu","09:43:00",198900
25,0.4,400,"bu","09:43:00",198700
25,0.4,200,"bu","09:43:00",198300
25,0.4,1700,"bu","09:43:00",198100
25,0.4,2300,"bu","09:42:57",196400
25,0.4,700,"bu","09:42:57",194100
25,0.4,300,"bu","09:42:54",193400
25,0.4,100,"bu","09:42:54",193100
25,0.4,1600,"bu","09:42:54",193000
25,0.4,200,"bu","09:42:45",191400
24.95,0.35,100,"sd","09:42:25",191200
25,0.4,4000,"bu","09:42:24",191100
24.9,0.3,2500,"sd","09:42:09",187100
24.9,0.3,1100,"sd","09:42:09",184600
24.9,0.3,1100,"sd","09:42:09",184600
24.9,0.3,500,"sd","09:42:09",183500
24.9,0.3,600,"sd","09:42:09",183000
24.9,0.3,900,"sd","09:42:09",182400
24.9,0.3,200,"sd","09:42:09",181500
24.95,0.35,1000,"sd","09:42:09",181300
25,0.4,900,"bu","09:42:06",180300
24.95,0.35,2000,"bu","09:42:06",179400
24.95,0.35,100,"bu","09:42:06",177400
24.95,0.35,4900,"bu","09:42:01",177300
24.95,0.35,100,"bu","09:42:01",172400
24.9,0.3,500,"sd","09:41:53",172300
24.9,0.3,300,"bu","09:41:44",171800
24.9,0.3,500,"bu","09:41:44",171500
24.9,0.3,200,"bu","09:41:44",171000
24.9,0.3,1500,"bu","09:41:44",170800
24.8,0.2,300,"bu","09:41:34",169300
24.8,0.2,100,"bu","09:41:34",169000
24.8,0.2,400,"bu","09:41:34",168900
24.8,0.2,100,"bu","09:41:34",168500
24.75,0.15,200,"bu","09:41:25",168400
24.75,0.15,200,"bu","09:41:25",168200
24.75,0.15,100,"bu","09:41:25",168000
24.75,0.15,200,"bu","09:41:23",167900
24.75,0.15,1200,"bu","09:41:23",167700
24.7,0.1,500,"bu","09:41:18",166500
24.7,0.1,300,"bu","09:41:18",166000
24.7,0.1,100,"bu","09:41:18",165700
24.7,0.1,200,"bu","09:41:18",165600
24.7,0.1,3000,"bu","09:41:10",165400
24.7,0.1,700,"bu","09:41:10",162400
24.7,0.1,100,"bu","09:41:10",161700
24.7,0.1,200,"bu","09:41:10",161600
24.7,0.1,1000,"bu","09:41:10",161400
24.7,0.1,100,"bu","09:41:08",160400
24.65,0.05,600,"bu","09:40:51",160300
24.65,0.05,700,"bu","09:40:51",159700
24.65,0.05,1700,"bu","09:40:51",159000
24.6,0,2400,"bu","09:40:43",157300
24.6,0,500,"bu","09:40:40",154900
24.6,0,100,"bu","09:40:39",154400
24.6,0,300,"bu","09:40:39",154300
24.6,0,500,"bu","09:40:30",154000
24.6,0,300,"bu","09:40:30",153500
24.6,0,2100,"bu","09:40:30",153200
24.6,0,200,"bu","09:40:28",151100
24.55,-0.05,200,"sd","09:40:28",150900
24.6,0,100,"bu","09:40:27",150700
24.55,-0.05,200,"bu","09:40:23",150600
24.55,-0.05,100,"bu","09:40:19",150400
24.5,-0.1,100,"sd","09:40:13",150300
24.5,-0.1,100,"bu","09:40:09",150200
24.5,-0.1,2000,"bu","09:40:09",150100
24.5,-0.1,900,"bu","09:40:09",148100
24.5,-0.1,100,"bu","09:40:05",147200
24.5,-0.1,100,"bu","09:40:00",147100
24.5,-0.1,1000,"bu","09:39:55",147000
24.5,-0.1,600,"bu","09:39:50",146000
24.4,-0.2,100,"sd","09:39:47",145400
24.4,-0.2,100,"sd","09:39:47",145300
24.4,-0.2,300,"sd","09:39:47",145200
24.5,-0.1,100,"bu","09:39:37",144900
24.5,-0.1,100,"bu","09:39:37",144800
24.5,-0.1,100,"bu","09:39:15",144700
24.4,-0.2,200,"bu","09:38:56",144600
24.4,-0.2,500,"bu","09:38:56",144400
24.4,-0.2,900,"bu","09:38:56",143900
24.4,-0.2,500,"bu","09:38:42",143000
24.4,-0.2,500,"sd","09:38:40",142500
24.4,-0.2,600,"sd","09:38:40",142000
24.4,-0.2,100,"sd","09:38:22",141400
24.4,-0.2,200,"bu","09:38:17",141300
24.4,-0.2,100,"bu","09:38:17",141100
24.4,-0.2,100,"bu","09:38:06",141000
24.3,-0.3,100,"sd","09:37:56",140900
24.4,-0.2,900,"bu","09:37:31",140800
24.4,-0.2,1500,"bu","09:37:31",139900
24.4,-0.2,1200,"bu","09:37:31",138400
24.4,-0.2,100,"bu","09:37:30",137200
24.2,-0.4,100,"sd","09:37:16",137100
24.2,-0.4,100,"sd","09:37:16",137000
24.2,-0.4,300,"sd","09:37:16",136900
24.2,-0.4,700,"sd","09:37:16",136600
24.2,-0.4,500,"sd","09:37:16",135900
24.2,-0.4,200,"unknown","09:36:55",135400
24.2,-0.4,1000,"unknown","09:36:55",135200
24.35,-0.25,2800,"unknown","09:36:55",134200
24.2,-0.4,500,"sd","09:36:55",131400
24.4,-0.2,100,"bu","09:36:51",130900
24.2,-0.4,5000,"sd","09:36:34",130800
24.2,-0.4,100,"sd","09:36:34",125800
24.3,-0.3,6000,"sd","09:36:34",125700
24.3,-0.3,200,"sd","09:36:34",119700
24.3,-0.3,1400,"sd","09:36:34",119500
24.3,-0.3,100,"sd","09:36:34",118100
24.3,-0.3,1000,"sd","09:36:34",118000
24.3,-0.3,1000,"sd","09:36:34",117000
24.3,-0.3,100,"sd","09:36:34",116000
24.2,-0.4,5000,"sd","09:36:34",115900
24.3,-0.3,100,"sd","09:36:34",110900
24.4,-0.2,500,"bu","09:36:32",110800
24.4,-0.2,2000,"bu","09:36:29",110300
24.4,-0.2,400,"bu","09:36:19",108300
24.4,-0.2,300,"bu","09:35:52",107900
24.4,-0.2,500,"bu","09:35:39",107600
24.4,-0.2,200,"bu","09:35:22",107100
24.4,-0.2,1000,"bu","09:35:19",106900
24.4,-0.2,500,"bu","09:35:19",105900
24.45,-0.15,100,"bu","09:35:19",105400
24.4,-0.2,100,"sd","09:35:01",105300
24.4,-0.2,100,"sd","09:35:01",105200
24.4,-0.2,400,"sd","09:34:45",105100
24.4,-0.2,100,"sd","09:34:36",104700
24.4,-0.2,100,"sd","09:34:31",104600
24.4,-0.2,300,"sd","09:34:29",104500
24.4,-0.2,100,"sd","09:34:29",104200
24.4,-0.2,100,"sd","09:34:29",104100
24.4,-0.2,100,"sd","09:34:14",104000
24.4,-0.2,100,"sd","09:34:10",103900
24.4,-0.2,300,"sd","09:34:05",103800
24.4,-0.2,4500,"sd","09:34:05",102500
24.45,-0.15,100,"bu","09:33:57",98000
24.4,-0.2,500,"sd","09:33:56",97900
24.45,-0.15,100,"sd","09:33:52",97400
24.5,-0.1,4800,"sd","09:33:25",97300
24.5,-0.1,1000,"sd","09:33:25",92500
24.5,-0.1,1500,"sd","09:33:25",91500
24.5,-0.1,500,"sd","09:33:25",90000
24.5,-0.1,700,"sd","09:33:25",89500
24.5,-0.1,300,"sd","09:33:22",88800
24.5,-0.1,200,"sd","09:33:22",88500
24.5,-0.1,300,"sd","09:33:04",88300
24.5,-0.1,100,"sd","09:33:04",88000
24.5,-0.1,1000,"sd","09:32:58",87900
24.55,-0.05,1000,"bu","09:32:36",86900
24.55,-0.05,200,"bu","09:32:22",85900
24.55,-0.05,200,"bu","09:32:22",85700
24.55,-0.05,1100,"bu","09:32:22",85500
24.55,-0.05,200,"sd","09:32:15",84400
24.55,-0.05,500,"sd","09:32:00",84200
24.55,-0.05,1000,"sd","09:32:00",83700
24.55,-0.05,300,"sd","09:32:00",82700
24.55,-0.05,200,"sd","09:32:00",82400
24.6,0,2000,"bu","09:31:41",82200
24.6,0,300,"bu","09:30:36",80200
24.6,0,300,"bu","09:30:34",79900
24.65,0.05,300,"bu","09:30:18",79600
24.6,0,100,"bu","09:30:18",79300
24.6,0,100,"bu","09:30:18",79200
24.6,0,200,"sd","09:29:42",79100
24.6,0,300,"bu","09:29:31",78900
24.6,0,600,"bu","09:29:31",78600
24.6,0,500,"bu","09:29:31",78000
24.6,0,3400,"bu","09:29:31",77500
24.6,0,100,"bu","09:29:16",74100
24.6,0,1500,"bu","09:29:07",74000
24.6,0,100,"bu","09:29:07",72500
24.6,0,1300,"bu","09:29:07",72400
24.55,-0.05,100,"sd","09:28:59",71100
24.55,-0.05,100,"sd","09:28:59",71000
24.55,-0.05,100,"sd","09:28:59",70900
24.6,0,300,"bu","09:28:54",70800
24.6,0,100,"bu","09:28:52",70500
24.6,0,500,"bu","09:28:20",70400
24.6,0,3300,"sd","09:27:32",69900
24.6,0,700,"bu","09:27:26",66600
24.6,0,500,"sd","09:27:12",65900
24.6,0,200,"sd","09:27:12",65400
24.6,0,1000,"sd","09:27:12",65200
24.6,0,100,"sd","09:27:12",64200
24.6,0,2000,"sd","09:27:12",64100
24.6,0,100,"sd","09:27:12",62100
24.6,0,400,"sd","09:27:12",62000
24.65,0.05,100,"bu","09:26:59",61600
24.6,0,3600,"sd","09:26:59",61500
24.6,0,400,"sd","09:26:59",57900
24.6,0,2100,"sd","09:26:59",57500
24.6,0,200,"sd","09:26:59",55400
24.6,0,1000,"sd","09:26:59",55200
24.6,0,500,"sd","09:26:59",54200
24.6,0,200,"sd","09:26:54",53700
24.6,0,300,"sd","09:26:51",53500
24.6,0,400,"sd","09:26:51",53200
24.6,0,100,"sd","09:26:51",52800
24.6,0,100,"sd","09:26:51",52700
24.6,0,300,"sd","09:26:51",52600
24.6,0,200,"sd","09:26:40",52300
24.6,0,200,"sd","09:26:40",52100
24.6,0,600,"sd","09:26:40",51900
24.6,0,100,"sd","09:26:40",51300
24.6,0,300,"sd","09:26:40",51200
24.65,0.05,600,"sd","09:25:57",50900
24.65,0.05,1900,"sd","09:25:57",50300
24.65,0.05,100,"sd","09:25:29",48400
24.65,0.05,300,"sd","09:25:29",48300
24.65,0.05,1000,"sd","09:25:29",48000
24.65,0.05,1000,"sd","09:25:20",47000
24.7,0.1,200,"bu","09:23:54",46000
24.7,0.1,1000,"bu","09:23:54",45800
24.7,0.1,800,"bu","09:23:54",44800
24.7,0.1,200,"bu","09:23:50",44000
24.7,0.1,200,"bu","09:23:50",43800
24.7,0.1,300,"sd","09:21:49",43600
24.75,0.15,500,"sd","09:21:33",43300
24.75,0.15,100,"sd","09:21:33",42800
24.75,0.15,100,"sd","09:21:33",42700
24.75,0.15,300,"sd","09:21:15",42600
24.75,0.15,200,"sd","09:20:47",42300
24.75,0.15,200,"sd","09:20:39",42100
24.75,0.15,700,"sd","09:20:34",41900
24.75,0.15,2400,"sd","09:20:31",41200
24.75,0.15,1800,"sd","09:20:31",38800
24.75,0.15,3200,"sd","09:20:22",37000
24.75,0.15,600,"sd","09:20:22",33800
24.75,0.15,100,"sd","09:20:16",33200
24.8,0.2,100,"bu","09:20:12",33100
24.8,0.2,100,"bu","09:20:10",33000
24.85,0.25,100,"sd","09:19:56",32900
24.85,0.25,100,"bu","09:19:53",32800
24.85,0.25,100,"bu","09:19:43",32700
24.9,0.3,1000,"bu","09:19:16",32600
24.9,0.3,1000,"bu","09:18:36",31600
24.9,0.3,200,"bu","09:18:27",30600
24.95,0.35,100,"bu","09:16:31",30400
25,0.4,1000,"bu","09:15:11",30300
25,0.4,29300,"bu","09:15:02",29300
