"price","change","match_qtty","side","time","total_vol"
11.6,-0.2,1000,"sd","14:59:32",1445200
11.6,-0.2,300,"sd","14:59:10",1444200
11.6,-0.2,4000,"sd","14:58:58",1443900
11.6,-0.2,5000,"sd","14:58:08",1439900
11.6,-0.2,300,"sd","14:57:51",1434900
11.6,-0.2,3000,"sd","14:57:48",1434600
11.6,-0.2,400,"sd","14:57:26",1431600
11.6,-0.2,100,"sd","14:56:40",1431200
11.7,-0.1,1000,"bu","14:56:36",1431100
11.6,-0.2,100,"sd","14:56:26",1430100
11.7,-0.1,100,"bu","14:52:41",1430000
11.6,-0.2,100,"sd","14:52:27",1429900
11.7,-0.1,100,"bu","14:52:25",1429800
11.6,-0.2,100,"sd","14:51:37",1429700
11.6,-0.2,100,"sd","14:50:17",1429600
11.7,-0.1,300,"bu","14:45:44",1429500
11.6,-0.2,1000,"sd","14:44:41",1429200
11.6,-0.2,400,"sd","14:44:24",1428200
11.6,-0.2,4600,"sd","14:44:18",1427800
11.6,-0.2,1000,"sd","14:44:01",1423200
11.6,-0.2,1000,"bu","14:22:59",1300700
11.6,-0.2,1000,"bu","14:22:57",1299700
11.6,-0.2,200,"bu","14:22:49",1298700
11.6,-0.2,100,"bu","14:22:43",1298500
11.6,-0.2,1000,"bu","14:22:34",1298400
11.6,-0.2,1000,"bu","14:22:24",1297400
11.6,-0.2,500,"bu","14:22:22",1296400
11.6,-0.2,1000,"bu","14:22:19",1295900
11.6,-0.2,100,"bu","14:22:15",1294900
11.6,-0.2,2000,"bu","14:22:10",1294800
11.6,-0.2,100,"bu","14:21:38",1292800
11.6,-0.2,400,"bu","14:21:31",1292700
11.6,-0.2,200,"bu","14:21:27",1292300
11.6,-0.2,2000,"bu","14:21:15",1292100
11.6,-0.2,100,"bu","14:20:56",1290100
11.6,-0.2,200,"bu","14:20:49",1290000
11.5,-0.3,100,"sd","14:20:36",1289800
11.5,-0.3,800,"sd","14:20:35",1289700
11.6,-0.2,100,"bu","14:19:39",1288900
11.6,-0.2,19600,"bu","14:19:24",1288800
11.6,-0.2,20000,"sd","14:19:23",1269200
11.6,-0.2,500,"sd","14:19:20",1249200
11.6,-0.2,30000,"sd","14:19:15",1248700
11.6,-0.2,20200,"sd","14:19:14",1218700
11.6,-0.2,4100,"sd","14:19:12",1198500
11.6,-0.2,2000,"sd","14:19:09",1194400
11.6,-0.2,50000,"sd","14:19:05",1192400
11.6,-0.2,5000,"sd","14:19:03",1142400
11.6,-0.2,3000,"sd","14:19:02",1137400
11.6,-0.2,4000,"sd","14:19:00",1134400
11.6,-0.2,800,"sd","14:18:47",1130400
11.6,-0.2,100,"sd","14:18:41",1129600
11.6,-0.2,500,"sd","14:18:34",1129500
11.6,-0.2,1000,"sd","14:18:19",1129000
11.6,-0.2,16000,"sd","14:18:00",1128000
11.6,-0.2,30000,"sd","14:17:53",1112000
11.6,-0.2,5000,"sd","14:17:07",1082000
11.6,-0.2,3000,"sd","14:17:06",1077000
11.6,-0.2,500,"sd","14:17:01",1074000
11.6,-0.2,20000,"sd","14:16:47",1073500
11.7,-0.2,100,"sd","14:18:27",1042400
11.8,-0.1,500,"bu","14:17:23",1042300
11.8,-0.1,1700,"bu","14:17:16",1041800
11.8,-0.1,300,"sd","14:17:13",1040100
11.8,-0.1,30000,"sd","14:17:01",1039800
11.8,-0.1,2000,"sd","14:16:49",1009800
11.8,-0.1,800,"sd","14:16:07",1007800
11.8,-0.1,1000,"sd","14:16:03",1007000
11.8,-0.1,2000,"sd","14:15:40",1006000
11.8,-0.1,5000,"sd","14:15:37",1004000
11.8,-0.1,5000,"sd","14:14:47",999000
11.8,-0.1,2000,"sd","14:14:39",994000
11.8,-0.1,10000,"sd","14:14:28",992000
11.8,-0.1,8900,"sd","14:14:24",982000
11.8,-0.1,20000,"sd","14:14:06",973100
11.8,-0.1,100,"sd","14:12:49",953100
11.9,0,100,"bu","14:07:25",953000
11.8,-0.1,3000,"sd","14:06:18",952900
11.8,-0.1,1400,"sd","14:04:48",949900
11.9,0,2000,"bu","14:04:22",948500
11.8,-0.1,200,"sd","14:02:42",946500
11.8,-0.1,300,"sd","14:02:04",946300
11.8,-0.1,100,"sd","14:01:31",946000
11.8,-0.1,5800,"sd","14:01:13",945900
11.8,-0.1,2100,"sd","13:59:23",940100
11.9,0,1700,"bu","13:59:18",938000
11.9,0,100,"bu","13:58:49",936300
11.8,-0.1,1000,"sd","13:57:44",936200
11.8,-0.1,300,"sd","13:56:53",935200
11.8,-0.1,1100,"sd","13:55:16",934900
11.8,-0.1,100,"sd","13:53:25",933800
11.9,0,100,"bu","13:52:35",933700
11.8,-0.1,1000,"sd","13:52:14",933600
11.8,-0.1,1500,"sd","13:51:47",932600
11.8,-0.1,1000,"sd","13:51:04",931100
11.8,-0.1,4300,"sd","13:49:37",930100
11.8,-0.1,100,"sd","13:48:00",925800
11.8,-0.1,100,"sd","13:47:56",925700
11.8,-0.1,5000,"sd","13:47:29",925600
11.8,-0.1,7000,"sd","13:46:08",920600
11.8,-0.1,1000,"sd","13:45:59",913600
11.8,-0.1,1000,"sd","13:45:58",912600
11.8,-0.1,100,"sd","13:45:53",911600
11.8,-0.1,1400,"sd","13:45:45",911500
11.8,-0.1,9900,"sd","13:45:32",910100
11.8,-0.1,6000,"sd","13:44:50",900200
11.8,-0.1,100,"sd","13:43:07",894200
11.8,-0.1,200,"sd","13:42:11",894100
11.8,-0.1,500,"sd","13:41:51",893900
11.8,-0.1,5000,"sd","13:41:44",893400
11.8,-0.1,500,"sd","13:39:44",888400
11.8,-0.1,100,"sd","13:39:25",887900
11.8,-0.1,1000,"sd","13:38:35",887800
11.8,-0.1,200,"sd","13:38:23",886800
11.8,-0.1,800,"sd","13:37:35",886600
11.8,-0.1,2700,"sd","13:37:27",885800
11.8,-0.1,2000,"sd","13:36:32",883100
11.8,-0.1,1500,"sd","13:36:21",881100
11.8,-0.1,500,"sd","13:36:07",879600
11.9,0,100,"bu","13:35:51",879100
11.8,-0.1,600,"sd","13:35:48",879000
11.8,-0.1,100,"sd","13:34:18",878400
11.8,-0.1,600,"sd","13:34:03",878300
11.8,-0.1,3000,"sd","13:33:45",877700
11.8,-0.1,2000,"sd","13:33:28",874700
11.8,-0.1,1000,"sd","13:33:01",872700
11.8,-0.1,3300,"sd","13:32:37",871700
11.8,-0.1,2000,"sd","13:32:28",868400
11.8,-0.1,6300,"sd","13:30:22",866400
11.8,-0.1,200,"sd","13:28:51",860100
11.8,-0.1,900,"sd","13:28:26",859900
11.8,-0.1,200,"sd","13:28:16",859000
11.8,-0.1,1000,"sd","13:28:01",858800
11.8,-0.1,1800,"sd","13:27:40",857800
11.8,-0.1,400,"sd","13:27:31",856000
11.8,-0.1,2000,"sd","13:27:04",855600
11.8,-0.1,1200,"sd","13:26:09",853600
11.8,-0.1,2900,"bu","13:25:42",852400
11.8,-0.1,600,"bu","13:25:02",849500
11.8,-0.1,100,"sd","13:24:54",848900
11.8,-0.1,19300,"bu","13:24:52",848800
11.8,-0.1,200,"sd","13:24:11",829500
11.8,-0.1,500,"sd","13:23:47",829300
11.8,-0.1,9300,"sd","13:23:45",828800
11.8,-0.1,10600,"bu","13:23:32",819500
11.8,-0.1,400,"bu","13:23:14",808900
11.8,-0.1,10000,"bu","13:22:46",808500
11.8,-0.1,100,"bu","13:22:41",798500
11.8,-0.1,5000,"bu","13:22:05",798400
11.8,-0.1,100,"bu","13:21:56",793400
11.8,-0.1,1600,"bu","13:21:48",793300
11.8,-0.1,5000,"bu","13:21:01",791700
11.8,-0.1,5000,"bu","13:20:54",786700
11.8,-0.1,100,"bu","13:20:39",781700
11.8,-0.1,500,"bu","13:20:22",781600
11.8,-0.1,200,"bu","13:19:50",781100
11.8,-0.1,9800,"sd","13:19:27",780900
11.8,-0.1,7200,"bu","13:19:24",771100
11.8,-0.1,5000,"sd","13:19:12",763900
11.8,-0.1,6200,"sd","13:19:09",758900
11.8,-0.1,1000,"sd","13:18:40",752700
11.8,-0.1,200,"sd","13:17:43",751700
11.8,-0.1,3000,"sd","13:17:25",751500
11.8,-0.1,200,"sd","13:17:22",748500
11.8,-0.1,4000,"sd","13:16:27",748300
11.8,-0.1,600,"sd","13:15:51",744300
11.9,0,100,"bu","13:15:04",743700
11.8,-0.1,2500,"sd","13:14:58",743600
11.8,-0.1,3200,"sd","13:14:15",741100
11.8,-0.1,600,"sd","13:13:42",737900
11.8,-0.1,200,"sd","13:13:05",737300
11.8,-0.1,100,"sd","13:12:59",737100
11.8,-0.1,15000,"sd","13:12:46",737000
11.8,-0.1,100,"sd","13:11:43",722000
11.8,-0.1,200,"sd","13:11:30",721900
11.8,-0.1,200,"sd","13:10:48",721700
11.8,-0.1,100,"sd","13:10:36",721500
11.8,-0.1,12200,"sd","13:09:41",721400
11.8,-0.1,3000,"sd","13:08:31",709200
11.8,-0.1,3500,"sd","13:08:04",706200
11.8,-0.1,200,"sd","13:07:37",702700
11.8,-0.1,100,"sd","13:07:17",702500
11.8,-0.1,25300,"sd","13:06:56",702400
11.8,-0.1,40000,"bu","13:06:51",677100
11.8,-0.1,1000,"bu","13:06:24",637100
11.8,-0.1,500,"bu","13:06:19",636100
11.8,-0.1,100,"bu","13:06:18",635600
11.8,-0.1,100,"bu","13:06:00",635500
11.8,-0.1,500,"bu","13:05:27",635400
11.8,-0.1,36500,"bu","13:05:13",634900
11.8,-0.1,1000,"sd","13:05:03",598400
11.9,0,1700,"bu","13:04:34",597400
11.8,-0.1,2000,"sd","13:04:27",595700
11.8,-0.1,1700,"sd","13:04:26",593700
11.8,-0.1,5000,"sd","13:04:18",592000
11.8,-0.1,500,"sd","13:04:17",587000
11.8,-0.1,1500,"sd","13:04:05",586500
11.8,-0.1,500,"sd","13:03:37",585000
11.8,-0.1,1000,"sd","13:03:30",584500
11.8,-0.1,1000,"sd","13:03:23",583500
11.8,-0.1,3000,"sd","13:02:01",582500
11.8,-0.1,149000,"sd","13:01:39",579500
11.8,-0.1,600,"sd","13:00:50",430500
11.8,-0.1,15000,"sd","13:00:08",429900
11.9,0,100,"bu","13:00:07",414900
11.9,0,200,"bu","13:00:05",414800
11.9,0,4300,"bu","13:00:03",414600
11.9,0,300,"bu","13:00:02",410300
11.9,0,100,"bu","11:29:12",410000
11.9,0,1000,"bu","11:28:05",409900
11.8,-0.1,4100,"sd","11:27:33",408900
11.8,-0.1,6100,"sd","11:27:30",404800
11.8,-0.1,300,"sd","11:23:54",398700
11.8,-0.1,2600,"sd","11:21:15",398400
11.9,0,100,"bu","11:18:12",395800
11.8,-0.1,19000,"sd","11:15:07",395700
11.9,0,5000,"bu","11:12:37",376700
11.9,0,200,"bu","11:11:50",371700
11.9,0,1000,"bu","11:11:38",371500
11.9,0,100,"bu","11:11:32",370500
11.9,0,3900,"sd","11:11:19",370400
11.9,0,3600,"sd","11:11:14",366500
11.9,0,22500,"bu","11:10:37",362900
11.9,0,2000,"bu","11:09:48",340400
11.9,0,1000,"bu","11:08:26",338400
11.9,0,2500,"bu","11:08:20",337400
11.9,0,1000,"bu","11:07:59",334900
11.8,-0.1,100,"sd","11:06:47",333900
11.8,-0.1,2000,"sd","11:06:26",333800
11.8,-0.1,23000,"sd","11:05:24",331800
11.8,-0.1,3000,"sd","11:04:28",308800
11.9,0,3000,"bu","11:04:22",305800
11.8,-0.1,10000,"sd","11:02:43",302800
11.9,0,200,"bu","11:00:10",292800
11.9,0,1000,"bu","10:59:19",292600
11.9,0,1000,"bu","10:59:00",291600
11.9,0,3000,"bu","10:58:59",290600
11.9,0,100,"bu","10:58:44",287600
11.9,0,100,"bu","10:57:33",287500
11.9,0,100,"bu","10:56:38",287400
11.9,0,500,"bu","10:56:21",287300
11.9,0,100,"bu","10:56:15",286800
11.9,0,100,"bu","10:55:52",286700
11.9,0,700,"sd","10:55:50",286600
11.9,0,300,"bu","10:55:44",285900
11.9,0,200,"bu","10:55:23",285600
11.9,0,600,"sd","10:54:34",285400
11.9,0,200,"sd","10:54:33",284800
11.9,0,10000,"sd","10:54:13",284600
11.9,0,400,"sd","10:52:24",274600
11.9,0,10000,"bu","10:52:08",274200
11.9,0,1100,"bu","10:52:06",264200
11.9,0,10300,"sd","10:51:49",263100
11.9,0,100,"sd","10:51:39",252800
11.9,0,3000,"sd","10:51:27",252700
11.9,0,30000,"sd","10:50:12",249700
11.9,0,400,"sd","10:48:09",219700
11.9,0,7400,"sd","10:45:23",219300
11.9,0,400,"sd","10:45:11",211900
11.9,0,500,"sd","10:44:44",211500
11.9,0,500,"sd","10:43:08",211000
11.9,0,300,"sd","10:40:00",210500
11.9,0,1000,"sd","10:39:16",210200
11.9,0,5000,"sd","10:39:08",209200
11.9,0,1000,"sd","10:38:57",204200
11.9,0,7100,"sd","10:38:51",203200
11.9,0,1000,"sd","10:38:12",196100
12,0.1,3000,"bu","10:38:08",195100
12,0.1,1000,"bu","10:36:53",192100
11.9,0,1000,"sd","10:34:05",191100
11.9,0,4000,"sd","10:34:00",190100
11.9,0,2000,"sd","10:33:17",186100
11.9,0,1000,"sd","10:33:01",184100
11.9,0,200,"sd","10:32:49",183100
11.9,0,2000,"sd","10:32:30",182900
11.9,0,500,"sd","10:30:39",180900
11.9,0,10000,"sd","10:29:37",180400
11.9,0,4000,"sd","10:23:53",170400
11.9,0,100,"sd","10:22:01",166400
11.9,0,5000,"sd","10:21:51",166300
11.9,0,2000,"sd","10:21:46",161300
11.9,0,5000,"sd","10:21:43",159300
11.9,0,5000,"sd","10:21:32",154300
11.9,0,5000,"sd","10:21:23",149300
11.9,0,3000,"sd","10:21:14",144300
11.9,0,27100,"sd","10:21:12",141300
12,0.1,100,"bu","10:21:11",114200
11.9,0,1000,"sd","10:21:07",114100
11.9,0,2200,"sd","10:20:15",113100
11.9,0,600,"sd","10:19:46",110900
11.9,0,6600,"sd","10:19:37",110300
11.9,0,4900,"sd","10:17:48",103700
11.9,0,100,"sd","10:17:26",98800
12,0.1,5000,"bu","10:17:24",98700
12,0.1,300,"bu","10:15:24",93700
11.9,0,20000,"sd","10:15:10",93400
11.9,0,1500,"sd","10:14:57",73400
11.9,0,1000,"sd","10:14:51",71900
11.9,0,6000,"sd","10:14:02",70900
11.9,0,2200,"sd","10:12:12",64900
11.9,0,1000,"sd","10:11:02",62700
11.9,0,400,"sd","10:09:38",61700
11.9,0,500,"sd","10:08:53",61300
11.9,0,200,"sd","10:08:33",60800
11.9,0,300,"sd","10:08:22",60600
12,0.1,1000,"bu","10:07:48",60300
12,0.1,10000,"bu","10:07:13",59300
12,0.1,5000,"bu","10:06:45",49300
12,0.1,1300,"bu","10:05:49",44300
12,0.1,1000,"bu","10:05:28",43000
12,0.1,6200,"bu","10:03:21",42000
11.9,0,1000,"sd","10:01:49",35800
12,0.1,500,"bu","10:01:32",34800
12,0.1,2000,"bu","09:54:20",34300
12,0.1,600,"bu","09:53:07",32300
12,0.1,200,"bu","09:52:43",31700
11.9,0,300,"sd","09:52:42",31500
12,0.1,100,"bu","09:47:56",31200
11.9,0,100,"sd","09:45:20",31100
11.9,0,300,"sd","09:43:37",31000
11.9,0,300,"sd","09:42:15",30700
11.9,0,4200,"sd","09:41:59",30400
12,0.1,500,"bu","09:41:07",26200
12,0.1,100,"bu","09:37:38",25700
12,0.1,1000,"bu","09:36:09",25600
12,0.1,1000,"bu","09:31:49",24600
12,0.1,100,"bu","09:29:22",23600
11.9,0,300,"sd","09:29:04",23500
11.9,0,5000,"sd","09:28:14",23200
11.9,0,200,"sd","09:19:30",18200
11.9,0,1000,"sd","09:18:13",18000
12,0.1,10000,"bu","09:17:46",17000
12,0.1,700,"bu","09:17:35",7000
12,0.1,500,"bu","09:14:13",6300
12,0.1,100,"bu","09:13:42",5800
11.9,0,3000,"sd","09:12:38",5700
11.9,0,500,"sd","09:05:28",2700
12,0.1,2000,"bu","09:01:57",2200
12,0.1,100,"bu","09:00:22",200
12,0.1,100,"sd","09:00:05",100
12,0,10000,"bu","09:54:59",301200
12,0,300,"bu","09:54:53",291200
12,0,3000,"bu","09:54:49",290900
12,0,1000,"bu","09:54:48",287900
12,0,4000,"bu","09:54:39",286900
12,0,300,"bu","09:54:38",282900
12,0,4000,"bu","09:54:35",282600
12,0,500,"bu","09:54:32",278600
12,0,1000,"bu","09:54:31",278100
12,0,5000,"bu","09:54:29",277100
12,0,5000,"bu","09:54:28",272100
12,0,200,"bu","09:54:27",267100
12,0,300,"bu","09:54:23",266900
12,0,2000,"bu","09:54:18",266600
12,0,8000,"bu","09:54:17",264600
12,0,20000,"bu","09:54:08",256600
12,0,10000,"bu","09:54:05",236600
12,0,2000,"bu","09:54:03",226600
12,0,300,"bu","09:53:56",224600
12,0,200,"bu","09:53:55",224300
12,0,1300,"bu","09:53:48",224100
12,0,20000,"bu","09:53:30",222800
12,0,10000,"bu","09:53:02",202800
12,0,1000,"bu","09:52:46",192800
12,0,800,"bu","09:51:32",191800
12,0,1000,"bu","09:51:30",191000
12,0,1000,"bu","09:51:29",190000
12,0,17500,"bu","09:51:15",189000
12,0,100,"bu","09:51:00",171500
11.9,-0.1,600,"sd","09:49:44",171400
11.9,-0.1,10000,"sd","09:49:06",170800
11.9,-0.1,300,"sd","09:43:55",160800
11.9,-0.1,10000,"sd","09:41:25",160500
11.9,-0.1,10000,"sd","09:40:31",150500
12,0,2500,"bu","09:39:14",140500
12,0,5000,"bu","09:38:36",138000
12,0,2000,"bu","09:37:23",133000
12,0,100,"bu","09:37:08",131000
12,0,1000,"bu","09:37:03",130900
12,0,200,"bu","09:35:11",129900
12,0,31800,"sd","09:34:06",129700
12,0,2000,"sd","09:33:40",97900
12,0,600,"sd","09:33:35",95900
12,0,100,"sd","09:33:08",95300
12,0,41000,"sd","09:33:05",95200
12,0,1000,"sd","09:32:46",54200
12,0,5000,"sd","09:32:16",53200
12,0,1000,"sd","09:31:47",48200
12,0,200,"sd","09:31:23",47200
12.1,0.1,100,"bu","09:30:05",47000
12,0,1000,"sd","09:29:58",46900
12.1,0.1,2000,"bu","09:28:06",45900
12,0,1000,"sd","09:27:37",43900
12.1,0.1,1000,"bu","09:26:21",42900
12.1,0.1,200,"bu","09:25:32",41900
12,0,1000,"sd","09:25:16",41700
12.1,0.1,5000,"bu","09:24:52",40700
12,0,6000,"sd","09:24:36",35700
12,0,200,"sd","09:23:11",29700
12,0,5300,"sd","09:22:03",29500
12,0,100,"sd","09:21:01",24200
12.1,0.1,1000,"bu","09:20:38",24100
12,0,100,"sd","09:20:04",23100
12,0,100,"sd","09:19:55",23000
12,0,300,"sd","09:17:31",22900
12,0,2000,"sd","09:15:24",22600
12,0,700,"sd","09:15:01",20600
12,0,800,"sd","09:11:37",19900
12,0,2000,"sd","09:10:32",19100
12,0,3000,"sd","09:06:17",17100
12,0,500,"sd","09:04:02",14100
12,0,2000,"sd","09:03:57",13600
12,0,1000,"sd","09:03:32",11600
12.1,0.1,1000,"bu","09:02:39",10600
12,0,4200,"sd","09:02:10",9600
12,0,2600,"sd","09:02:03",5400
12,0,1000,"sd","09:00:57",2800
12,0,200,"sd","09:00:36",1800
12.1,0.1,500,"bu","09:00:15",1600
12,0,1100,"sd","09:00:14",1100
12.1,0.1,9000,"sd","09:36:34",137100
12.2,0.2,300,"bu","09:36:11",128100
12.2,0.2,2000,"bu","09:35:55",127800
12.1,0.1,10000,"sd","09:35:42",125800
12.1,0.1,800,"sd","09:35:10",115800
12.1,0.1,2000,"sd","09:34:55",115000
12.2,0.2,2000,"bu","09:34:53",113000
12.1,0.1,100,"sd","09:34:15",111000
12.1,0.1,1000,"sd","09:33:31",110900
12.1,0.1,2000,"sd","09:33:23",109900
12.1,0.1,100,"sd","09:33:09",107900
12.1,0.1,200,"sd","09:32:09",107800
12.1,0.1,500,"sd","09:31:59",107600
12.1,0.1,500,"sd","09:31:08",107100
12.1,0.1,500,"sd","09:30:48",106600
12.1,0.1,10000,"sd","09:30:47",106100
12.2,0.2,3000,"bu","09:30:28",96100
12.1,0.1,4000,"sd","09:30:23",93100
12.1,0.1,100,"sd","09:30:21",89100
12.1,0.1,1000,"sd","09:30:08",89000
12.1,0.1,500,"sd","09:30:06",88000
12.1,0.1,500,"sd","09:29:50",87500
12.2,0.2,3000,"bu","09:29:42",87000
12.2,0.2,1000,"bu","09:29:29",84000
12.2,0.2,3000,"bu","09:29:15",83000
12.2,0.2,200,"bu","09:29:05",80000
12.2,0.2,3000,"bu","09:27:42",79800
12.1,0.1,1100,"sd","09:26:12",76800
12.1,0.1,1000,"sd","09:25:03",75700
12.1,0.1,500,"sd","09:24:46",74700
12.2,0.2,3000,"bu","09:24:37",74200
12.1,0.1,500,"sd","09:24:02",71200
12.1,0.1,500,"sd","09:23:30",70700
12.2,0.2,3000,"bu","09:23:15",70200
12.2,0.2,300,"bu","09:22:22",67200
12.2,0.2,1000,"bu","09:22:01",66900
12.2,0.2,2000,"bu","09:21:51",65900
12.2,0.2,3000,"bu","09:21:16",63900
12.2,0.2,3000,"bu","09:20:20",60900
12.2,0.2,500,"bu","09:20:07",57900
12.2,0.2,1000,"bu","09:19:59",57400
12.2,0.2,12000,"bu","09:19:22",56400
12.2,0.2,1000,"bu","09:19:02",44400
12.2,0.2,2200,"bu","09:18:57",43400
12.2,0.2,2000,"bu","09:18:48",41200
12.2,0.2,3000,"bu","09:18:13",39200
12.2,0.2,2000,"bu","09:17:07",36200
12.2,0.2,3000,"bu","09:16:50",34200
12.1,0.1,100,"sd","09:15:35",31200
12.2,0.2,2500,"bu","09:15:16",31100
12.2,0.2,2000,"bu","09:13:50",28600
12.1,0.1,900,"sd","09:12:21",26600
12.2,0.2,2000,"bu","09:12:06",25700
12.2,0.2,1500,"bu","09:10:35",23700
12.2,0.2,2000,"bu","09:10:10",22200
12.2,0.2,3000,"bu","09:09:42",20200
12.2,0.2,2000,"bu","09:09:18",17200
12.1,0.1,300,"sd","09:08:09",15200
12.1,0.1,600,"sd","09:07:42",14900
12.1,0.1,2000,"sd","09:06:37",14300
12.1,0.1,1000,"sd","09:01:57",12300
12.1,0.1,200,"sd","09:01:16",11300
12.1,0.1,100,"sd","09:00:34",11100
12.2,0.2,400,"bu","09:00:26",11000
12.2,0.2,1900,"sd","09:00:24",10600
12.2,0.2,5000,"sd","09:00:21",8700
12.2,0.2,3100,"bu","09:00:14",3700
12.2,0.2,600,"bu","09:00:13",600
12,0.2,500,"bu","10:20:49",933700
12,0.2,2000,"bu","10:20:48",933200
12,0.2,12800,"bu","10:20:47",931200
12,0.2,6000,"bu","10:20:46",918400
12,0.2,6600,"bu","10:20:45",912400
12,0.2,25000,"bu","10:20:44",905800
12,0.2,2000,"bu","10:20:43",880800
12,0.2,100,"bu","10:20:42",878800
12,0.2,20000,"bu","10:20:41",878700
12,0.2,20000,"bu","10:20:40",858700
12,0.2,500,"bu","10:20:39",838700
12,0.2,300,"bu","10:20:38",838200
12,0.2,3000,"bu","10:20:37",837900
12,0.2,6000,"bu","10:20:36",834900
12,0.2,5000,"bu","10:20:34",828900
12,0.2,5000,"bu","10:20:33",823900
12,0.2,2100,"bu","10:20:31",818900
12,0.2,3400,"bu","10:20:30",816800
12,0.2,5000,"bu","10:20:28",813400
11.9,0.1,3100,"sd","10:20:26",808400
12,0.2,6000,"bu","10:20:25",805300
12,0.2,10000,"bu","10:20:23",799300
12,0.2,5300,"bu","10:20:20",789300
12,0.2,2000,"bu","10:20:17",784000
12,0.2,10000,"bu","10:20:16",782000
12,0.2,4200,"bu","10:20:14",772000
12,0.2,800,"bu","10:20:12",767800
12,0.2,500,"bu","10:20:06",767000
12,0.2,10000,"bu","10:20:02",766500
12,0.2,15000,"bu","10:19:55",756500
11.9,0.1,9300,"sd","10:19:09",741500
12,0.2,100,"bu","10:18:59",732200
12,0.2,6000,"bu","10:18:40",732100
12,0.2,1500,"bu","10:18:28",726100
12,0.2,2000,"bu","10:18:09",724600
12,0.2,16000,"bu","10:17:54",722600
12,0.2,1000,"bu","10:17:50",706600
12,0.2,600,"bu","10:17:43",705600
12,0.2,4000,"bu","10:17:42",705000
12,0.2,10000,"bu","10:17:33",701000
12,0.2,5300,"bu","10:17:25",691000
12,0.2,10000,"bu","10:17:20",685700
12,0.2,4000,"bu","10:16:43",675700
12,0.2,700,"bu","10:16:39",671700
12,0.2,15100,"bu","10:16:12",671000
11.9,0.1,1000,"sd","10:16:08",655900
11.9,0.1,200,"sd","10:15:13",654900
12,0.2,900,"bu","10:15:11",654700
11.9,0.1,100,"sd","10:14:31",653800
11.9,0.1,100,"sd","10:14:11",653700
11.9,0.1,300,"sd","10:13:40",653600
12,0.2,700,"bu","10:13:39",653300
11.9,0.1,300,"sd","10:13:01",652600
12,0.2,2500,"bu","10:12:54",652300
12,0.2,1400,"bu","10:12:48",649800
12,0.2,1200,"bu","10:12:46",648400
12,0.2,1500,"bu","10:12:31",647200
12,0.2,800,"bu","10:12:18",645700
12,0.2,300,"bu","10:11:54",644900
12,0.2,2000,"bu","10:11:43",644600
12,0.2,9300,"bu","10:11:40",642600
12,0.2,1000,"bu","10:11:35",633300
12,0.2,1000,"bu","10:11:26",632300
12,0.2,15000,"bu","10:11:15",631300
12,0.2,1000,"bu","10:10:59",616300
12,0.2,17000,"bu","10:10:53",615300
12,0.2,2000,"bu","10:10:24",598300
12,0.2,200,"bu","10:08:25",596300
12,0.2,1000,"bu","10:08:11",596100
12,0.2,6000,"bu","10:07:53",595100
12,0.2,300,"bu","10:07:05",589100
12,0.2,3000,"bu","10:06:47",588800
12,0.2,3800,"bu","10:06:20",585800
12,0.2,10000,"bu","10:06:15",582000
12,0.2,4900,"bu","10:05:53",572000
12,0.2,9000,"bu","10:05:51",567100
12,0.2,3900,"bu","10:05:37",558100
12,0.2,1000,"bu","10:05:33",554200
12,0.2,2000,"bu","10:05:29",553200
12,0.2,200,"bu","10:05:21",551200
12,0.2,100,"bu","10:05:13",551000
12,0.2,6000,"bu","10:05:01",550900
12,0.2,2000,"bu","10:04:52",544900
12,0.2,5000,"bu","10:04:09",542900
12,0.2,100,"bu","10:04:01",537900
12,0.2,600,"bu","10:04:00",537800
12,0.2,6000,"bu","10:03:49",537200
12,0.2,400,"bu","10:03:38",531200
11.9,0.1,1500,"sd","10:03:36",530800
12,0.2,5000,"bu","10:03:35",529300
12,0.2,1000,"bu","10:03:19",524300
12,0.2,10000,"bu","10:03:09",523300
12,0.2,20300,"bu","10:02:32",513300
12,0.2,1000,"bu","10:02:19",493000
12,0.2,900,"bu","10:02:14",492000
12,0.2,3600,"bu","10:01:38",491100
12,0.2,3100,"bu","10:01:36",487500
12,0.2,1000,"bu","10:01:20",484400
12,0.2,300,"bu","10:00:42",483400
11.9,0.1,100,"sd","10:00:29",483100
12,0.2,7700,"bu","10:00:21",483000
12,0.2,2500,"bu","10:00:07",475300
12,0.2,4000,"bu","09:59:59",472800
12,0.2,2500,"bu","09:59:50",468800
12,0.2,10500,"bu","09:59:37",466300
12,0.2,2000,"bu","09:59:35",455800
12,0.2,700,"bu","09:59:21",453800
12,0.2,800,"bu","09:59:18",453100
11.9,0.1,300,"sd","09:59:12",452300
11.9,0.1,9800,"bu","09:58:44",452000
11.9,0.1,5000,"bu","09:58:42",442200
11.9,0.1,1600,"bu","09:58:40",437200
11.9,0.1,19800,"bu","09:58:34",435600
11.8,0,4600,"sd","09:58:32",415800
11.9,0.1,2000,"bu","09:58:31",411200
11.9,0.1,3300,"bu","09:58:29",409200
11.9,0.1,10000,"bu","09:58:28",405900
11.9,0.1,82100,"bu","09:58:21",395900
11.9,0.1,3000,"bu","09:57:39",195900
11.9,0.1,300,"bu","09:57:36",192900
11.9,0.1,2900,"bu","09:56:51",192600
11.9,0.1,1000,"bu","09:56:30",189700
11.8,0,2900,"sd","09:56:16",188700
11.8,0,3000,"sd","09:55:24",185800
11.8,0,2000,"sd","09:55:16",182800
11.8,0,1500,"sd","09:52:15",180800
11.8,0,1200,"sd","09:51:07",179300
11.8,0,3000,"sd","09:50:58",178100
11.8,0,5000,"sd","09:48:43",175100
11.9,0.1,400,"bu","09:46:09",170100
11.9,0.1,2000,"bu","09:44:54",169700
11.9,0.1,4000,"bu","09:43:14",167700
11.8,0,5000,"sd","09:43:02",163700
11.8,0,1000,"sd","09:43:01",158700
11.8,0,1700,"sd","09:40:57",157700
11.8,0,5800,"sd","09:40:17",156000
11.8,0,2000,"bu","09:40:06",150200
11.8,0,300,"bu","09:40:02",148200
11.8,0,10000,"bu","09:39:32",147900
11.8,0,500,"bu","09:39:00",137900
11.8,0,300,"bu","09:38:54",137400
11.8,0,5000,"bu","09:38:52",137100
11.8,0,700,"bu","09:38:45",132100
11.8,0,500,"bu","09:38:41",131400
11.8,0,6400,"bu","09:38:33",130900
11.8,0,100,"bu","09:38:26",124500
11.8,0,8000,"bu","09:38:25",124400
11.8,0,30000,"bu","09:38:17",116400
11.8,0,1000,"bu","09:37:59",86400
11.8,0,5000,"bu","09:37:35",85400
11.8,0,3000,"bu","09:37:27",80400
11.7,-0.1,1700,"sd","09:37:26",77400
11.7,-0.1,4000,"sd","09:37:17",75700
11.7,-0.1,100,"sd","09:33:34",71700
11.7,-0.1,1100,"sd","09:33:01",71600
11.8,0,700,"bu","09:28:38",70500
11.8,0,4900,"sd","09:24:59",69800
11.8,0,100,"sd","09:24:54",64900
11.8,0,2000,"bu","09:24:34",64800
11.8,0,300,"bu","09:24:05",62800
11.8,0,4000,"bu","09:23:09",62500
11.8,0,2000,"bu","09:22:23",58500
11.8,0,9200,"sd","09:21:51",56500
11.8,0,5000,"sd","09:20:42",47300
11.8,0,4400,"bu","09:20:02",42300
11.8,0,600,"sd","09:18:18",37900
11.8,0,29400,"bu","09:18:06",37300
11.8,0,1000,"bu","09:12:25",7900
11.8,0,400,"bu","09:06:33",6900
11.8,0,500,"bu","09:05:51",6500
11.8,0,100,"bu","09:05:47",6000
11.7,-0.1,500,"sd","09:05:39",5900
11.8,0,200,"bu","09:04:15",5400
11.8,0,600,"sd","09:02:36",5200
11.8,0,100,"sd","09:02:26",4600
11.8,0,4300,"bu","09:01:26",4500
11.8,0,100,"bu","09:00:15",200
11.8,0,100,"bu","09:00:10",100
12.2,-0.3,3000,"sd","10:11:30",744600
12.3,-0.2,200,"bu","10:11:26",741600
12.3,-0.2,900,"bu","10:11:23",741400
12.3,-0.2,400,"bu","10:11:15",740500
12.2,-0.3,2000,"sd","10:11:11",740100
12.3,-0.2,1000,"bu","10:11:08",738100
12.3,-0.2,200,"bu","10:11:05",737100
12.3,-0.2,500,"bu","10:10:41",736900
12.3,-0.2,200,"bu","10:10:39",736400
12.3,-0.2,1000,"bu","10:10:28",736200
12.2,-0.3,400,"sd","10:10:24",735200
12.2,-0.3,500,"sd","10:10:23",734800
12.3,-0.2,200,"bu","10:10:22",734300
12.3,-0.2,100,"bu","10:10:20",734100
12.3,-0.2,5000,"bu","10:10:11",734000
12.3,-0.2,100,"bu","10:10:09",729000
12.3,-0.2,3900,"bu","10:10:06",728900
12.3,-0.2,1000,"bu","10:10:04",725000
12.3,-0.2,1000,"bu","10:09:55",724000
12.3,-0.2,300,"bu","10:09:48",723000
12.3,-0.2,100,"bu","10:09:20",722700
12.3,-0.2,100,"bu","10:09:08",722600
12.3,-0.2,1000,"bu","10:09:04",722500
12.3,-0.2,500,"bu","10:08:59",721500
12.3,-0.2,2000,"bu","10:08:04",721000
12.3,-0.2,1000,"bu","10:08:01",719000
12.3,-0.2,200,"bu","10:07:55",718000
12.3,-0.2,1000,"bu","10:07:27",717800
12.3,-0.2,600,"bu","10:07:22",716800
12.3,-0.2,3400,"sd","10:07:19",716200
12.3,-0.2,2500,"sd","10:07:17",712800
12.3,-0.2,1600,"sd","10:07:07",710300
12.3,-0.2,500,"sd","10:07:06",708700
12.3,-0.2,1500,"sd","10:07:00",708200
12.3,-0.2,800,"sd","10:06:58",706700
12.3,-0.2,500,"sd","10:06:55",705900
12.3,-0.2,3000,"sd","10:06:54",705400
12.3,-0.2,300,"sd","10:06:47",702400
12.3,-0.2,5000,"sd","10:06:42",702100
12.3,-0.2,2000,"sd","10:06:35",697100
12.3,-0.2,11000,"sd","10:06:33",695100
12.3,-0.2,10000,"sd","10:06:22",684100
12.3,-0.2,2700,"sd","10:06:16",674100
12.3,-0.2,10000,"sd","10:06:14",671400
12.3,-0.2,3000,"sd","10:06:13",661400
12.3,-0.2,13000,"sd","10:06:06",658400
12.3,-0.2,7400,"sd","10:06:02",645400
12.3,-0.2,10000,"sd","10:05:59",638000
12.3,-0.2,100,"sd","10:05:39",628000
12.3,-0.2,5400,"sd","10:05:32",627900
12.3,-0.2,2000,"sd","10:04:56",622500
12.3,-0.2,20000,"sd","10:04:21",620500
12.3,-0.2,1000,"sd","10:04:11",600500
12.3,-0.2,500,"sd","10:04:06",599500
12.3,-0.2,3000,"sd","10:04:05",599000
12.3,-0.2,1000,"sd","10:03:56",596000
12.3,-0.2,1000,"sd","10:03:51",595000
12.3,-0.2,200,"sd","10:03:37",594000
12.3,-0.2,2000,"sd","10:02:58",593800
12.3,-0.2,4300,"sd","10:02:57",591800
12.3,-0.2,500,"sd","10:01:50",587500
12.3,-0.2,200,"sd","10:01:49",587000
12.3,-0.2,600,"sd","10:01:46",586800
12.3,-0.2,500,"sd","10:01:32",586200
12.4,-0.1,1000,"bu","10:01:22",585700
12.4,-0.1,100,"bu","10:01:04",584700
12.3,-0.2,300,"sd","10:00:34",584600
12.3,-0.2,100,"sd","10:00:12",584300
12.3,-0.2,500,"sd","09:59:23",584200
12.3,-0.2,4700,"sd","09:57:56",583700
12.5,0,2000,"bu","09:57:52",579000
12.4,-0.1,1100,"sd","09:57:37",577000
12.4,-0.1,800,"bu","09:57:34",575900
12.4,-0.1,2000,"bu","09:57:31",575100
12.4,-0.1,100,"bu","09:57:29",573100
12.4,-0.1,100,"bu","09:57:24",573000
12.4,-0.1,500,"bu","09:57:20",572900
12.4,-0.1,1000,"bu","09:57:15",572400
12.4,-0.1,50000,"bu","09:57:13",571400
12.4,-0.1,600,"bu","09:57:11",521400
12.4,-0.1,200,"bu","09:57:05",520800
12.4,-0.1,100,"bu","09:56:59",520600
12.4,-0.1,100,"bu","09:56:56",520500
12.4,-0.1,1000,"bu","09:56:35",520400
12.3,-0.2,2000,"sd","09:56:28",519400
12.4,-0.1,3000,"bu","09:56:18",517400
12.4,-0.1,100,"bu","09:56:05",514400
12.3,-0.2,500,"sd","09:56:00",514300
12.3,-0.2,600,"sd","09:55:57",513800
12.3,-0.2,800,"sd","09:55:09",513200
12.3,-0.2,5000,"sd","09:54:53",512400
12.3,-0.2,500,"sd","09:54:45",507400
12.3,-0.2,2000,"sd","09:54:29",506900
12.3,-0.2,5000,"sd","09:54:18",504900
12.3,-0.2,5000,"sd","09:54:13",499900
12.3,-0.2,9000,"sd","09:53:57",494900
12.3,-0.2,300,"sd","09:53:55",485900
12.3,-0.2,5000,"sd","09:53:53",485600
12.3,-0.2,1000,"sd","09:53:27",480600
12.3,-0.2,5500,"sd","09:53:23",479600
12.3,-0.2,1900,"sd","09:53:17",474100
12.3,-0.2,1000,"sd","09:53:14",472200
12.3,-0.2,400,"sd","09:53:11",471200
12.3,-0.2,2000,"sd","09:52:57",470800
12.3,-0.2,13300,"sd","09:52:55",468800
12.3,-0.2,3000,"sd","09:52:50",455500
12.3,-0.2,2000,"sd","09:52:35",452500
12.3,-0.2,8000,"sd","09:52:32",450500
12.3,-0.2,300,"sd","09:52:15",442500
12.3,-0.2,5000,"sd","09:52:14",442200
12.3,-0.2,500,"sd","09:52:11",437200
12.3,-0.2,1300,"sd","09:51:53",436700
12.3,-0.2,13000,"sd","09:51:49",435400
12.3,-0.2,3100,"sd","09:51:44",422400
12.3,-0.2,2000,"sd","09:51:35",419300
12.3,-0.2,100,"sd","09:51:26",417300
12.3,-0.2,1000,"sd","09:51:19",417200
12.3,-0.2,6000,"sd","09:51:13",416200
12.3,-0.2,8000,"sd","09:51:12",410200
12.4,-0.1,14600,"bu","09:51:02",402200
12.4,-0.1,3000,"sd","09:51:01",387600
12.4,-0.1,65000,"sd","09:50:58",384600
12.4,-0.1,2000,"sd","09:50:56",319600
12.4,-0.1,400,"sd","09:50:55",317600
12.4,-0.1,100,"sd","09:50:53",317200
12.4,-0.1,1200,"sd","09:50:52",317100
12.4,-0.1,16400,"sd","09:50:51",315900
12.4,-0.1,900,"sd","09:50:49",299500
12.4,-0.1,200,"sd","09:50:46",298600
12.4,-0.1,21000,"sd","09:50:45",298400
12.4,-0.1,900,"sd","09:50:35",277400
12.4,-0.1,300,"sd","09:50:31",276500
12.4,-0.1,2800,"sd","09:50:30",276200
12.4,-0.1,3000,"sd","09:50:29",273400
12.4,-0.1,3000,"sd","09:50:12",270400
12.4,-0.1,5000,"sd","09:50:07",267400
12.4,-0.1,200,"sd","09:50:03",262400
12.4,-0.1,1000,"sd","09:49:48",262200
12.4,-0.1,300,"sd","09:49:45",261200
12.4,-0.1,4500,"sd","09:49:27",260900
12.4,-0.1,200,"sd","09:49:24",256400
12.4,-0.1,300,"sd","09:48:55",256200
12.5,0,16400,"bu","09:48:05",255900
12.5,0,13800,"sd","09:48:04",239500
12.5,0,3000,"sd","09:48:03",225700
12.5,0,8000,"sd","09:48:02",222700
12.5,0,3300,"sd","09:48:01",214700
12.5,0,8500,"sd","09:47:59",211400
12.5,0,3000,"sd","09:47:57",202900
12.5,0,5000,"sd","09:47:44",199900
12.5,0,300,"sd","09:47:42",194900
12.5,0,5000,"sd","09:47:39",194600
12.5,0,500,"sd","09:47:20",189600
12.5,0,4000,"sd","09:47:13",189100
12.5,0,7200,"sd","09:47:11",185100
12.5,0,200,"sd","09:47:07",177900
12.5,0,700,"sd","09:47:00",177700
12.5,0,400,"sd","09:46:59",177000
12.5,0,400,"sd","09:46:50",176600
12.5,0,300,"sd","09:46:41",176200
12.5,0,1000,"sd","09:46:33",175900
12.5,0,100,"sd","09:46:20",174900
12.5,0,400,"sd","09:46:16",174800
12.5,0,300,"sd","09:46:10",174400
12.5,0,100,"sd","09:46:09",174100
12.5,0,10000,"sd","09:45:49",174000
12.5,0,600,"sd","09:44:50",164000
12.5,0,1000,"sd","09:44:49",163400
12.5,0,10000,"sd","09:43:28",162400
12.5,0,100,"sd","09:43:10",152400
12.6,0.1,600,"bu","09:43:01",152300
12.5,0,3000,"sd","09:42:52",151700
12.5,0,100,"sd","09:42:48",148700
12.6,0.1,800,"bu","09:41:38",148600
12.6,0.1,2000,"bu","09:40:27",147800
12.5,0,9000,"sd","09:40:02",145800
12.5,0,1000,"sd","09:39:46",136800
12.5,0,3000,"sd","09:39:22",135800
12.5,0,6000,"sd","09:38:26",132800
12.5,0,2000,"sd","09:37:39",126800
12.6,0.1,5000,"bu","09:36:22",124800
12.6,0.1,200,"bu","09:35:11",119800
12.5,0,1000,"sd","09:32:14",119600
12.5,0,5000,"sd","09:31:58",118600
12.5,0,2800,"sd","09:31:47",113600
12.5,0,400,"sd","09:31:33",110800
12.5,0,2000,"sd","09:31:30",110400
12.5,0,1000,"sd","09:31:17",108400
12.5,0,100,"sd","09:30:37",107400
12.5,0,1500,"sd","09:30:11",107300
12.5,0,1200,"sd","09:29:43",105800
12.5,0,3900,"sd","09:28:43",104600
12.6,0.1,300,"bu","09:26:28",100700
12.6,0.1,500,"bu","09:25:54",100400
12.6,0.1,1000,"bu","09:23:09",99900
12.6,0.1,1000,"bu","09:22:36",98900
12.6,0.1,24300,"sd","09:22:27",97900
12.6,0.1,4000,"sd","09:22:25",73600
12.6,0.1,2000,"sd","09:22:19",69600
12.6,0.1,1100,"sd","09:22:13",67600
12.6,0.1,1500,"sd","09:21:58",66500
12.6,0.1,100,"sd","09:21:40",65000
12.6,0.1,500,"sd","09:21:39",64900
12.6,0.1,4000,"sd","09:21:15",64400
12.6,0.1,5000,"sd","09:21:04",60400
12.6,0.1,100,"sd","09:20:53",55400
12.6,0.1,3000,"sd","09:20:44",55300
12.6,0.1,500,"sd","09:20:20",52300
12.7,0.2,1000,"bu","09:20:08",51800
12.6,0.1,3700,"sd","09:19:32",50800
12.6,0.1,2000,"sd","09:19:26",47100
12.6,0.1,200,"sd","09:19:17",45100
12.7,0.2,3000,"bu","09:18:52",44900
12.6,0.1,200,"sd","09:18:50",41900
12.6,0.1,100,"sd","09:18:00",41700
12.6,0.1,1000,"sd","09:16:05",41600
12.6,0.1,200,"sd","09:13:30",40600
12.6,0.1,3000,"sd","09:11:04",40400
12.6,0.1,1400,"sd","09:10:57",37400
12.6,0.1,1900,"sd","09:09:39",36000
12.6,0.1,2000,"bu","09:07:34",34100
12.6,0.1,11900,"bu","09:07:31",32100
12.6,0.1,1000,"sd","09:07:15",20200
12.7,0.2,1300,"bu","09:06:03",19200
12.6,0.1,100,"sd","09:05:56",17900
12.6,0.1,1000,"sd","09:05:46",17800
12.6,0.1,200,"sd","09:05:38",16800
12.6,0.1,1500,"sd","09:05:28",16600
12.6,0.1,100,"sd","09:05:10",15100
12.6,0.1,600,"sd","09:04:43",15000
12.6,0.1,3100,"sd","09:04:14",14400
12.6,0.1,2000,"sd","09:02:57",11300
12.6,0.1,1000,"sd","09:02:49",9300
12.6,0.1,100,"sd","09:02:36",8300
12.6,0.1,2000,"sd","09:02:02",8200
12.6,0.1,500,"bu","09:01:53",6200
12.6,0.1,3000,"bu","09:00:49",5700
12.6,0.1,300,"bu","09:00:19",2700
12.6,0.1,400,"bu","09:00:15",2400
12.5,0,800,"sd","09:00:14",2000
12.6,0.1,200,"sd","09:00:12",1200
12.6,0.1,1000,"sd","09:00:11",1000
12,0.2,4200,"bu","09:02:57",97700
12,0.2,200,"bu","09:02:54",93500
12,0.2,200,"bu","09:02:38",93300
12,0.2,1400,"sd","09:32:27",374100
12,0.2,300,"sd","09:31:36",370200
12,0.2,1200,"sd","09:22:01",332400
12,0.2,900,"sd","09:02:30",93100
12,0.2,900,"sd","09:02:29",92200
12,0.2,2100,"bu","09:02:22",91300
12,0.2,100,"bu","09:02:18",89200
12,0.2,1000,"sd","09:47:23",527000
12,0.2,300,"bu","09:01:54",89100
12,0.2,3000,"bu","09:01:50",88800
12,0.2,100,"sd","09:47:20",526000
12,0.2,9500,"bu","09:01:35",85800
12,0.2,50000,"bu","09:01:34",76300
11.8,0,100,"sd","09:00:13",2100
12,0.2,5000,"sd","09:25:09",340700
12,0.2,5000,"sd","09:21:17",331100
12,0.2,500,"sd","09:20:04",324500
12,0.2,100,"sd","09:20:02",324000
12.1,0.3,1000,"sd","09:16:16",279200
11.8,0,300,"sd","09:00:08",2000
12,0.2,200,"sd","09:46:24",525700
12,0.2,100,"sd","09:46:21",525500
12,0.2,5000,"sd","09:34:02",407400
12.1,0.3,20000,"sd","09:16:46",300300
12,0.2,3000,"sd","09:56:43",589000
12,0.2,800,"bu","09:46:16",525400
12,0.2,500,"sd","09:32:06",372700
12,0.2,100,"sd","09:30:35",364700
12.1,0.3,1000,"bu","09:21:09",326100
12.1,0.3,500,"bu","11:05:18",1329500
12,0.2,200,"bu","09:46:13",524600
12,0.2,100,"sd","09:21:48",331200
12.1,0.3,1000,"sd","09:16:43",280300
12.1,0.3,1000,"bu","11:05:15",1329000
12,0.2,1000,"sd","09:35:05",414600
12.1,0.3,100,"sd","09:16:40",279300
12,0.2,10000,"sd","09:56:34",586000
12,0.2,200,"sd","09:56:32",576000
12,0.2,2000,"sd","09:29:52",362900
12,0.2,100,"sd","09:24:40",335500
12.1,0.3,500,"sd","09:14:45",273900
12,0.2,200,"sd","09:32:42",375500
12.1,0.3,2100,"bu","11:02:24",1297800
12,0.2,1000,"bu","10:22:53",662500
12.1,0.3,21800,"bu","10:48:16",1043200
12.1,0.3,12000,"bu","11:04:41",1327000
12.1,0.3,100,"sd","10:52:44",1208300
12.1,0.3,1000,"bu","11:03:45",1300600
12.1,0.3,3000,"sd","10:53:14",1211900
12.1,0.3,500,"bu","11:04:29",1315000
12,0.2,1700,"bu","10:10:21",655500
12,0.2,300,"sd","11:03:38",1299600
12.1,0.3,2000,"sd","10:59:21",1281400
12.1,0.3,1000,"sd","10:53:42",1213700
12.1,0.3,200,"sd","10:52:17",1206200
12,0.2,800,"bu","10:23:30",765400
12.1,0.3,500,"bu","11:02:45",1299300
12.1,0.3,1000,"sd","10:59:20",1279400
12.1,0.3,5000,"sd","10:59:18",1278400
12.1,0.3,100,"sd","10:53:08",1208900
12,0.2,2000,"bu","10:23:25",764600
12,0.2,3000,"bu","09:49:56",545300
12,0.2,100,"sd","09:51:22",551200
12,0.2,2000,"sd","09:51:21",551100
12.1,0.3,5000,"bu","11:04:17",1314500
12.1,0.3,100,"bu","11:04:16",1309500
12.1,0.3,500,"sd","10:59:12",1273400
12.1,0.3,1000,"bu","11:04:55",1328000
12.1,0.3,600,"sd","10:53:34",1212700
12.2,0.4,500,"bu","10:52:10",1206000
12.1,0.3,500,"bu","11:04:11",1309400
12.1,0.3,300,"sd","10:51:24",1204500
12,0.2,100000,"bu","10:23:07",762600
12,0.2,200,"sd","09:51:54",551400
12.1,0.3,3000,"bu","11:04:08",1308900
12.1,0.3,1000,"sd","10:52:05",1205500
12.1,0.3,300,"bu","11:04:05",1305900
12.1,0.3,1000,"bu","11:02:28",1298800
12,0.2,100,"bu","10:23:01",662600
12.1,0.3,100,"sd","10:55:03",1220800
12.1,0.3,200,"sd","10:53:26",1212100
12.1,0.3,500,"sd","10:52:54",1208800
12.1,0.3,5000,"bu","11:03:59",1305600
12,0.2,1000,"sd","09:39:40",459100
12,0.2,10000,"sd","09:35:21",426200
12.1,0.3,200,"sd","09:17:02",301800
12,0.2,500,"bu","09:45:52",522400
12,0.2,200,"sd","09:39:36",458100
12,0.2,2000,"sd","09:36:09",433700
12,0.2,100,"sd","09:35:14",416200
12,0.2,300,"sd","09:35:13",416100
12,0.2,500,"sd","09:37:50",452600
12,0.2,100,"sd","09:36:54",451100
12,0.2,1000,"sd","09:36:53",451000
12.1,0.3,1000,"sd","09:16:56",301600
12,0.2,2000,"bu","09:45:45",521900
12,0.2,800,"sd","09:40:24",474400
11.3,-0.3,100,"bu","09:07:52",36500
11.3,-0.3,100,"bu","09:07:47",36400
11.3,-0.3,500,"bu","09:07:44",36300
11.3,-0.3,100,"bu","09:07:42",35800
11.3,-0.3,100,"bu","09:07:36",35700
11.3,-0.3,100,"bu","09:07:32",35600
11.3,-0.3,2000,"bu","09:07:28",35500
11.3,-0.3,100,"bu","09:07:22",33500
11.3,-0.3,100,"bu","09:07:19",33400
11.3,-0.3,2000,"bu","09:06:59",33300
11.3,-0.3,1000,"bu","09:06:58",31300
11.3,-0.3,100,"bu","09:06:48",30300
11.3,-0.3,100,"bu","09:06:43",30200
11.3,-0.3,1000,"bu","09:06:36",30100
11.3,-0.3,100,"bu","09:06:20",29100
11.3,-0.3,500,"bu","09:06:07",29000
11.3,-0.3,2000,"bu","09:05:53",28500
11.3,-0.3,1000,"bu","09:05:48",26500
11.3,-0.3,1200,"bu","09:05:43",25500
11.3,-0.3,600,"bu","09:05:38",24300
12.1,0.3,10200,"bu","09:04:53",154100
12,0.2,500,"bu","09:40:10",464400
12.1,0.3,1400,"bu","09:17:50",317100
12.1,0.3,10000,"sd","09:17:19",312500
12,0.2,2900,"bu","09:45:16",509400
12,0.2,2000,"sd","09:36:31",438000
12.1,0.3,1200,"bu","09:17:48",315700
12.1,0.3,500,"sd","09:17:14",302500
12,0.2,2300,"sd","09:36:28",436000
12,0.2,1000,"sd","09:39:04",454500
12,0.2,100,"sd","09:38:13",452900
12,0.2,1000,"sd","09:35:32",429200
12.1,0.3,200,"sd","09:17:10",302000
12,0.2,2000,"bu","09:46:04",524400
12,0.2,200,"sd","09:38:08",452800
12,0.2,2000,"sd","09:35:30",428200
12,0.2,2000,"bu","09:45:19",511400
12.1,0.3,200,"bu","09:17:40",314500
12,0.2,300,"sd","09:39:44",459400
12,0.2,1600,"bu","09:50:47",547800
12,0.2,300,"bu","09:50:38",546200
12,0.2,100,"bu","09:50:30",545900
12,0.2,1300,"sd","09:50:58",549100
12,0.2,500,"bu","09:50:29",545800
11.9,0.1,5000,"sd","09:44:49",506500
12,0.2,200,"sd","09:33:55",401700
12,0.2,1000,"sd","09:33:51",401500
12,0.2,1300,"sd","09:09:59",203400
12,0.2,8000,"sd","09:33:42",400500
12,0.2,500,"bu","09:44:24",482100
12,0.2,100,"sd","09:12:21",214700
12,0.2,4400,"sd","09:39:59",463900
12,0.2,100,"sd","09:39:58",459500
12,0.2,5000,"sd","09:33:37",392500
12,0.2,14300,"bu","09:44:32",498400
12,0.2,300,"sd","09:11:59",214600
12,0.2,2000,"sd","09:33:29",387500
12,0.2,2000,"bu","09:44:30",484100
12,0.2,1000,"sd","09:37:32",452100
12,0.2,1000,"sd","09:34:27",408600
12,0.2,3100,"bu","09:44:38",501500
12,0.2,500,"sd","09:11:39",214300
12.1,0.3,1000,"bu","09:11:23",213800
12.1,0.3,2000,"bu","09:11:19",212800
12,0.2,10000,"sd","09:33:16",385500
12.1,0.3,2400,"bu","09:11:05",210800
12,0.2,200,"sd","09:34:10",407600
12,0.2,5000,"sd","09:10:52",208400
12,0.2,700,"sd","09:33:57",402400
12,0.2,600,"sd","10:04:28",628400
12,0.2,1000,"sd","10:04:25",627800
12,0.2,100,"sd","10:04:17",626800
12,0.2,2200,"sd","10:04:11",626700
12,0.2,100,"sd","10:04:08",624500
12,0.2,5000,"sd","10:04:01",624400
12,0.2,500,"bu","10:04:39",628900
12,0.2,1000,"sd","10:03:56",619400
12,0.2,500,"sd","10:03:48",618400
12,0.2,300,"sd","09:52:55",559100
12,0.2,5000,"sd","09:52:40",558800
12,0.2,3000,"sd","10:03:44",617900
12,0.2,500,"sd","10:03:42",614900
12,0.2,200,"bu","09:49:35",540200
12,0.2,500,"bu","09:48:47",534000
12,0.2,4100,"sd","09:47:55",531700
12,0.2,100,"sd","09:52:24",551800
12,0.2,300,"sd","09:52:22",551700
12,0.2,300,"sd","09:49:26",540000
12,0.2,3700,"bu","09:49:23",539700
12,0.2,300,"bu","09:48:26",533500
12,0.2,2000,"sd","09:52:26",553800
12,0.2,2000,"bu","09:48:59",536000
12,0.2,1500,"bu","09:48:07",533200
12,0.2,2100,"sd","09:49:47",542300
12,0.2,3100,"sd","09:25:18",343800
12.1,0.3,2000,"sd","10:52:21",1208200
12.1,0.3,2000,"sd","10:54:03",1215700
12.1,0.3,100,"bu","11:05:40",1329600
15.6,1.1,200,"sd","14:00:17",11444700
15.7,1.2,2000,"bu","14:00:16",11444500
15.6,1.1,300,"sd","14:00:11",11442500
15.7,1.2,300,"bu","14:00:08",11442200
15.6,1.1,300,"sd","14:00:07",11441900
15.6,1.1,17900,"sd","14:00:04",11441600
15.6,1.1,100,"sd","14:00:01",11423700
15.6,1.1,100,"sd","13:59:57",11423600
15.7,1.2,600,"bu","13:59:55",11423500
15.7,1.2,500,"bu","13:59:54",11422900
15.7,1.2,200,"bu","13:59:53",11422400
15.6,1.1,1000,"sd","13:59:50",11422200
15.7,1.2,2000,"bu","13:59:44",11421200
15.6,1.1,2400,"sd","13:59:38",11419200
15.6,1.1,2000,"sd","13:59:37",11416800
15.6,1.1,1500,"sd","13:59:34",11414800
15.7,1.2,300,"bu","13:59:32",11413300
15.6,1.1,200,"sd","13:59:28",11413000
15.6,1.1,1000,"sd","13:59:26",11412800
15.7,1.2,1000,"bu","13:59:24",11411800
15.6,1.1,3100,"sd","13:59:22",11410800
15.7,1.2,16600,"bu","13:59:20",11407700
15.6,1.1,5000,"sd","13:59:17",11391100
15.7,1.2,300,"bu","13:59:11",11386100
15.6,1.1,700,"sd","13:59:00",11385800
15.7,1.2,3800,"bu","13:58:55",11385100
15.7,1.2,100,"bu","13:58:53",11381300
15.7,1.2,200,"bu","13:58:52",11381200
15.7,1.2,300,"bu","13:58:47",11381000
15.7,1.2,1400,"bu","13:58:44",11380700
15.7,1.2,500,"bu","13:58:43",11379300
15.7,1.2,11000,"bu","13:58:42",11378800
15.6,1.1,100,"sd","13:58:41",11367800
15.7,1.2,500,"bu","13:58:39",11367700
15.7,1.2,700,"bu","13:58:36",11367200
15.7,1.2,1000,"bu","13:58:32",11366500
15.7,1.2,5000,"bu","13:58:31",11365500
15.7,1.2,2700,"bu","13:58:30",11360500
15.7,1.2,400,"bu","13:58:24",11357800
15.7,1.2,2400,"bu","13:58:23",11357400
15.7,1.2,3200,"bu","13:58:22",11355000
15.7,1.2,5300,"bu","13:58:20",11351800
15.7,1.2,1000,"bu","13:58:19",11346500
15.7,1.2,4000,"bu","13:58:17",11345500
15.7,1.2,300,"bu","13:58:12",11341500
15.7,1.2,4400,"bu","13:58:11",11341200
15.6,1.1,1000,"sd","13:58:09",11336800
15.7,1.2,8100,"bu","13:58:08",11335800
15.7,1.2,1000,"bu","13:58:04",11327700
15.7,1.2,3800,"bu","13:58:02",11326700
15.6,1.1,500,"sd","13:58:01",11322900
15.6,1.1,2000,"sd","13:58:00",11322400
15.6,1.1,500,"sd","13:57:59",11320400
15.7,1.2,1000,"bu","13:57:57",11319900
15.6,1.1,1500,"sd","13:57:55",11318900
15.7,1.2,1100,"bu","13:57:54",11317400
15.6,1.1,700,"sd","13:57:52",11316300
15.6,1.1,5000,"sd","13:57:50",11315600
15.7,1.2,2800,"bu","13:57:49",11310600
15.7,1.2,5500,"bu","13:57:48",11307800
15.6,1.1,1000,"sd","13:57:46",11302300
15.7,1.2,3200,"bu","13:57:45",11301300
15.7,1.2,200,"bu","13:57:41",11298100
15.7,1.2,2300,"bu","13:57:40",11297900
15.7,1.2,1000,"bu","13:57:38",11295600
15.7,1.2,900,"bu","13:57:33",11294600
15.7,1.2,300,"bu","13:57:32",11293700
15.7,1.2,100,"bu","13:57:30",11293400
15.7,1.2,1000,"bu","13:57:29",11293300
15.7,1.2,1000,"bu","13:57:26",11292300
15.7,1.2,400,"bu","13:57:25",11291300
15.7,1.2,1000,"bu","13:57:23",11290900
15.7,1.2,200,"bu","13:57:22",11289900
15.7,1.2,50000,"bu","13:57:21",11289700
15.7,1.2,500,"bu","13:57:17",11239700
15.7,1.2,3500,"bu","13:57:13",11239200
15.7,1.2,300,"bu","13:57:12",11235700
15.7,1.2,200,"bu","13:57:10",11235400
15.7,1.2,6700,"bu","13:57:08",11235200
15.7,1.2,1000,"bu","13:57:07",11228500
15.7,1.2,500,"bu","13:57:02",11227500
15.7,1.2,600,"bu","13:57:01",11227000
15.7,1.2,1000,"bu","13:56:59",11226400
15.7,1.2,23700,"bu","13:56:57",11225400
15.7,1.2,500,"bu","13:56:54",11201700
15.7,1.2,2200,"bu","13:56:52",11201200
15.7,1.2,400,"bu","13:56:51",11199000
15.6,1.1,100000,"sd","13:56:48",11198600
15.7,1.2,100,"bu","13:56:47",11098600
15.7,1.2,200,"bu","13:56:46",11098500
15.7,1.2,200,"bu","13:56:45",11098300
15.7,1.2,500,"bu","13:56:44",11098100
15.7,1.2,8000,"bu","13:56:42",11097600
15.7,1.2,900,"bu","13:56:41",11089600
15.7,1.2,100,"bu","13:56:35",11088700
15.7,1.2,500,"bu","13:56:34",11088600
15.7,1.2,1100,"bu","13:56:32",11088100
15.7,1.2,5700,"bu","13:56:29",11087000
15.7,1.2,10300,"bu","13:56:28",11081300
15.7,1.2,6000,"bu","13:56:27",11071000
15.7,1.2,100,"bu","13:56:26",11065000
15.7,1.2,100,"bu","13:56:25",11064900
15.7,1.2,1000,"bu","13:56:24",11064800
15.7,1.2,5400,"bu","13:56:23",11063800
15.7,1.2,100,"bu","13:56:21",11058400
15.6,1.1,1000,"sd","13:56:19",11058300
15.7,1.2,4400,"bu","13:56:18",11057300
15.7,1.2,3500,"bu","13:56:17",11052900
15.7,1.2,1500,"bu","13:56:14",11049400
15.7,1.2,300,"bu","13:56:13",11047900
15.7,1.2,100,"bu","13:56:12",11047600
15.7,1.2,1000,"bu","13:56:11",11047500
15.7,1.2,100,"bu","13:56:10",11046500
15.7,1.2,3200,"bu","13:56:09",11046400
15.7,1.2,100,"bu","13:56:08",11043200
15.7,1.2,200,"bu","13:56:07",11043100
15.7,1.2,2000,"bu","13:56:02",11042900
15.7,1.2,3000,"bu","13:56:01",11040900
15.7,1.2,2600,"bu","13:55:59",11037900
15.7,1.2,10000,"bu","13:55:54",11035300
15.7,1.2,2800,"bu","13:55:53",11025300
15.7,1.2,1200,"bu","13:55:52",11022500
15.7,1.2,200,"bu","13:55:51",11021300
15.7,1.2,5500,"bu","13:55:50",11021100
15.7,1.2,500,"bu","13:55:49",11015600
15.6,1.1,200,"sd","13:55:48",11015100
15.7,1.2,500,"bu","13:55:44",11014900
15.7,1.2,100,"bu","13:55:43",11014400
15.7,1.2,1000,"bu","13:55:41",11014300
15.7,1.2,1900,"bu","13:55:40",11013300
15.7,1.2,4200,"bu","13:55:39",11011400
15.7,1.2,2100,"bu","13:55:38",11007200
15.7,1.2,1100,"bu","13:55:37",11005100
15.7,1.2,1000,"bu","13:55:35",11004000
15.7,1.2,1000,"bu","13:55:34",11003000
15.7,1.2,5400,"bu","13:55:31",11002000
15.7,1.2,500,"bu","13:55:30",10996600
15.7,1.2,4500,"bu","13:55:27",10996100
15.7,1.2,10000,"bu","13:55:26",10991600
15.7,1.2,100,"bu","13:55:24",10981600
15.7,1.2,500,"bu","13:55:19",10981500
15.7,1.2,1100,"bu","13:55:18",10981000
15.7,1.2,500,"bu","13:55:16",10979900
15.7,1.2,2000,"bu","13:55:14",10979400
15.7,1.2,1600,"bu","13:55:13",10977400
15.7,1.2,17700,"bu","13:55:11",10975800
15.7,1.2,15000,"sd","13:55:08",10958100
15.7,1.2,3600,"sd","13:55:02",10943100
15.7,1.2,1000,"sd","13:54:59",10939500
15.7,1.2,100,"sd","13:54:57",10938500
15.7,1.2,100,"sd","13:54:55",10938400
15.7,1.2,200,"sd","13:54:52",10938300
15.7,1.2,100,"sd","13:54:51",10938100
15.8,1.3,100,"bu","13:54:50",10938000
15.7,1.2,2300,"sd","13:54:47",10937900
15.7,1.2,100,"sd","13:54:39",10935600
15.7,1.2,12900,"bu","13:54:36",10935500
15.7,1.2,100,"bu","13:54:35",10922600
15.7,1.2,6000,"bu","13:54:33",10922500
15.7,1.2,200,"bu","13:54:32",10916500
15.7,1.2,47300,"bu","13:54:30",10916300
15.7,1.2,1000,"bu","13:54:27",10869000
15.7,1.2,100,"bu","13:54:26",10868000
15.7,1.2,3000,"bu","13:54:24",10867900
15.7,1.2,10000,"bu","13:54:22",10864900
15.7,1.2,800,"bu","13:54:21",10854900
15.7,1.2,2200,"bu","13:54:20",10854100
15.7,1.2,2800,"bu","13:54:17",10851900
15.7,1.2,1000,"bu","13:54:14",10849100
15.7,1.2,3000,"bu","13:54:13",10848100
15.7,1.2,7300,"bu","13:54:12",10845100
15.7,1.2,600,"bu","13:54:11",10837800
15.7,1.2,1000,"bu","13:54:09",10837200
15.7,1.2,1300,"bu","13:54:07",10836200
15.7,1.2,2000,"bu","13:54:06",10834900
15.7,1.2,300,"bu","13:54:05",10832900
15.7,1.2,11000,"bu","13:54:03",10832600
15.7,1.2,36000,"bu","13:54:01",10821600
15.7,1.2,1000,"sd","13:53:55",10785600
15.8,1.3,100,"bu","13:53:52",10784600
15.7,1.2,400,"sd","13:53:51",10784500
15.7,1.2,5900,"bu","13:53:50",10784100
15.7,1.2,33700,"bu","13:53:49",10778200
15.7,1.2,4100,"bu","13:53:48",10744500
15.7,1.2,13300,"bu","13:53:47",10740400
15.7,1.2,4000,"bu","13:53:46",10727100
15.7,1.2,1000,"bu","13:53:45",10723100
15.7,1.2,23400,"bu","13:53:44",10722100
15.7,1.2,14000,"bu","13:53:43",10698700
15.7,1.2,16400,"bu","13:53:42",10684700
15.7,1.2,2000,"bu","13:53:41",10668300
15.7,1.2,3000,"bu","13:53:40",10666300
15.7,1.2,1000,"bu","13:53:39",10663300
15.7,1.2,24000,"bu","13:53:38",10662300
15.7,1.2,10000,"bu","13:53:37",10638300
15.7,1.2,9300,"bu","13:53:36",10628300
15.7,1.2,1000,"bu","13:53:35",10619000
15.7,1.2,800,"bu","13:53:34",10618000
15.7,1.2,1000,"bu","13:53:33",10617200
15.7,1.2,4900,"bu","13:53:32",10616200
15.7,1.2,14000,"bu","13:53:30",10611300
15.7,1.2,2300,"bu","13:53:27",10597300
15.7,1.2,3000,"bu","13:53:26",10595000
15.7,1.2,2300,"bu","13:53:23",10592000
15.7,1.2,30100,"bu","13:53:22",10589700
15.7,1.2,1000,"bu","13:53:21",10559600
15.7,1.2,3000,"bu","13:53:20",10558600
15.7,1.2,600,"bu","13:53:17",10555600
15.7,1.2,6800,"bu","13:53:15",10555000
15.7,1.2,400,"bu","13:53:14",10548200
15.7,1.2,2600,"bu","13:53:12",10547800
15.7,1.2,100,"bu","13:53:09",10545200
15.7,1.2,100,"bu","13:53:08",10545100
15.7,1.2,2000,"bu","13:53:07",10545000
15.7,1.2,27100,"bu","13:53:04",10543000
15.7,1.2,30000,"bu","13:53:03",10515900
15.7,1.2,8100,"bu","13:53:02",10485900
15.7,1.2,500,"bu","13:53:00",10477800
15.7,1.2,11800,"bu","13:52:59",10477300
15.7,1.2,10700,"bu","13:52:56",10465500
15.7,1.2,3000,"bu","13:52:53",10454800
15.7,1.2,5800,"bu","13:52:52",10451800
15.7,1.2,1300,"bu","13:52:51",10446000
15.7,1.2,2500,"bu","13:52:48",10444700
15.7,1.2,1100,"bu","13:52:47",10442200
15.7,1.2,12000,"bu","13:52:45",10441100
15.7,1.2,30000,"bu","13:52:44",10429100
15.7,1.2,200,"bu","13:52:43",10399100
15.7,1.2,2800,"bu","13:52:40",10398900
15.7,1.2,300,"bu","13:52:38",10396100
15.7,1.2,1000,"bu","13:52:37",10395800
15.7,1.2,3800,"bu","13:52:35",10394800
15.7,1.2,1000,"bu","13:52:34",10391000
15.7,1.2,1600,"bu","13:52:32",10390000
15.7,1.2,300,"bu","13:52:29",10388400
15.7,1.2,600,"bu","13:52:28",10388100
15.7,1.2,100,"bu","13:52:27",10387500
15.6,1.1,5300,"sd","13:52:26",10387400
15.7,1.2,500,"bu","13:52:24",10382100
15.7,1.2,100,"bu","13:52:23",10381600
15.7,1.2,1000,"bu","13:52:22",10381500
15.7,1.2,1400,"bu","13:52:21",10380500
15.7,1.2,2100,"bu","13:52:20",10379100
15.7,1.2,200,"bu","13:52:19",10377000
15.7,1.2,3000,"bu","13:52:18",10376800
15.7,1.2,3500,"bu","13:52:17",10373800
15.7,1.2,3000,"bu","13:52:16",10370300
15.7,1.2,51700,"bu","13:52:15",10367300
15.7,1.2,5200,"bu","13:52:11",10315600
15.7,1.2,4200,"bu","13:52:10",10310400
15.7,1.2,800,"bu","13:52:09",10306200
15.7,1.2,10000,"bu","13:52:08",10305400
15.7,1.2,500,"bu","13:52:06",10295400
15.7,1.2,100,"bu","13:52:05",10294900
15.7,1.2,1000,"bu","13:52:03",10294800
15.7,1.2,3000,"bu","13:52:02",10293800
15.7,1.2,100,"bu","13:52:01",10290800
15.7,1.2,6400,"bu","13:51:58",10290700
15.7,1.2,20500,"bu","13:51:57",10284300
15.7,1.2,2000,"bu","13:51:56",10263800
15.7,1.2,1000,"bu","13:51:55",10261800
15.7,1.2,500,"bu","13:51:54",10260800
15.6,1.1,7000,"sd","13:51:53",10260300
15.7,1.2,100,"bu","13:51:52",10253300
15.6,1.1,4200,"sd","13:51:51",10253200
15.7,1.2,94200,"bu","13:51:43",10249000
15.6,1.1,5000,"sd","13:51:39",10154800
15.7,1.2,200,"bu","13:51:38",10149800
15.6,1.1,4000,"sd","13:51:37",10149600
15.6,1.1,700,"sd","13:51:36",10145600
15.7,1.2,1000,"bu","13:51:30",10144900
15.6,1.1,1200,"sd","13:51:29",10143900
15.6,1.1,2000,"sd","13:51:27",10142700
15.6,1.1,2000,"sd","13:51:26",10140700
15.6,1.1,1000,"sd","13:51:24",10138700
15.7,1.2,100,"bu","13:51:23",10137700
15.7,1.2,100,"bu","13:51:22",10137600
15.6,1.1,200,"sd","13:51:19",10137500
15.7,1.2,100,"bu","13:51:18",10137300
15.7,1.2,25000,"bu","13:51:13",10137200
15.6,1.1,700,"sd","13:51:12",10112200
15.6,1.1,500,"sd","13:51:11",10111500
15.6,1.1,3400,"sd","13:51:09",10111000
15.6,1.1,6000,"sd","13:51:08",10107600
15.7,1.2,2300,"bu","13:51:07",10101600
15.7,1.2,1000,"bu","13:51:06",10099300
15.6,1.1,3000,"sd","13:51:04",10098300
15.6,1.1,200,"sd","13:51:00",10095300
15.6,1.1,600,"sd","13:50:59",10095100
15.7,1.2,400,"bu","13:50:56",10094500
15.6,1.1,100,"sd","13:50:54",10094100
15.6,1.1,100,"sd","13:50:53",10094000
15.6,1.1,600,"sd","13:50:51",10093900
15.7,1.2,700,"bu","13:50:50",10093300
15.6,1.1,4500,"sd","13:50:49",10092600
15.7,1.2,1000,"bu","13:50:48",10088100
15.6,1.1,100,"sd","13:50:47",10087100
15.6,1.1,1000,"sd","13:50:46",10087000
15.6,1.1,1700,"sd","13:50:45",10086000
15.6,1.1,800,"sd","13:50:42",10084300
15.6,1.1,5600,"sd","13:50:40",10083500
15.7,1.2,100,"bu","13:50:39",10077900
15.7,1.2,1700,"bu","13:50:38",10077800
15.7,1.2,4000,"bu","13:50:37",10076100
15.7,1.2,2600,"bu","13:50:36",10072100
15.6,1.1,53000,"sd","13:50:35",10069500
15.7,1.2,2000,"bu","13:50:34",10016500
15.6,1.1,1500,"sd","13:50:33",10014500
15.6,1.1,700,"sd","13:50:31",10013000
15.7,1.2,1000,"bu","13:50:30",10012300
15.7,1.2,2100,"bu","13:50:29",10011300
15.7,1.2,1000,"bu","13:50:28",10009200
15.6,1.1,500,"sd","13:50:27",10008200
15.6,1.1,2000,"sd","13:50:26",10007700
15.7,1.2,5000,"bu","13:50:24",10005700
15.7,1.2,100,"bu","13:50:23",10000700
15.7,1.2,132100,"bu","13:50:19",10000600
15.6,1.1,100,"sd","13:50:16",9868500
15.6,1.1,2800,"sd","13:50:15",9868400
15.7,1.2,300,"bu","13:50:14",9865600
15.7,1.2,800,"bu","13:50:11",9865300
15.7,1.2,1200,"bu","13:50:10",9864500
15.7,1.2,500,"bu","13:50:08",9863300
15.7,1.2,300,"bu","13:50:06",9862800
15.6,1.1,3000,"sd","13:50:04",9862500
15.7,1.2,21200,"bu","13:50:01",9859500
15.7,1.2,1200,"bu","13:50:00",9838300
15.7,1.2,5000,"bu","13:49:59",9837100
15.7,1.2,7000,"bu","13:49:58",9832100
15.6,1.1,5000,"sd","13:49:56",9825100
15.7,1.2,2000,"bu","13:49:55",9820100
15.7,1.2,700,"bu","13:49:54",9818100
15.7,1.2,1800,"bu","13:49:53",9817400
15.7,1.2,300,"bu","13:49:52",9815600
15.7,1.2,2000,"bu","13:49:50",9815300
15.7,1.2,3000,"bu","13:49:49",9813300
15.7,1.2,1000,"bu","13:49:48",9810300
15.7,1.2,300,"bu","13:49:46",9809300
15.7,1.2,700,"bu","13:49:45",9809000
15.7,1.2,1200,"bu","13:49:44",9808300
15.7,1.2,3800,"bu","13:49:42",9807100
15.7,1.2,1400,"bu","13:49:41",9803300
15.7,1.2,1300,"bu","13:49:40",9801900
15.7,1.2,1500,"bu","13:49:39",9800600
15.7,1.2,1000,"bu","13:49:36",9799100
15.7,1.2,3100,"bu","13:49:35",9798100
15.7,1.2,1000,"bu","13:49:34",9795000
15.7,1.2,400,"bu","13:49:32",9794000
15.7,1.2,1700,"bu","13:49:31",9793600
15.7,1.2,5000,"bu","13:49:30",9791900
15.7,1.2,2200,"bu","13:49:29",9786900
15.7,1.2,11000,"bu","13:49:28",9784700
15.7,1.2,1000,"bu","13:49:27",9773700
15.7,1.2,500,"bu","13:49:26",9772700
15.7,1.2,1000,"bu","13:49:25",9772200
15.7,1.2,1200,"bu","13:49:24",9771200
15.7,1.2,3300,"bu","13:49:23",9770000
15.7,1.2,2500,"bu","13:49:22",9766700
15.7,1.2,3100,"bu","13:49:21",9764200
15.7,1.2,3400,"bu","13:49:20",9761100
15.7,1.2,1000,"bu","13:49:18",9757700
15.7,1.2,1800,"bu","13:49:17",9756700
15.7,1.2,12000,"bu","13:49:13",9754900
15.7,1.2,9700,"bu","13:49:12",9742900
15.7,1.2,400,"bu","13:49:11",9733200
15.7,1.2,5400,"bu","13:49:10",9732800
15.7,1.2,700,"bu","13:49:08",9727400
15.7,1.2,2900,"bu","13:49:07",9726700
15.7,1.2,5000,"bu","13:49:06",9723800
15.7,1.2,100,"bu","13:49:05",9718800
15.7,1.2,1900,"bu","13:49:03",9718700
15.7,1.2,1000,"bu","13:49:00",9716800
15.7,1.2,1700,"bu","13:48:59",9715800
15.7,1.2,7000,"bu","13:48:58",9714100
15.7,1.2,700,"bu","13:48:57",9707100
15.7,1.2,3200,"bu","13:48:56",9706400
15.7,1.2,2200,"bu","13:48:53",9703200
15.7,1.2,1100,"bu","13:48:52",9701000
15.7,1.2,4300,"bu","13:48:51",9699900
15.7,1.2,2500,"bu","13:48:50",9695600
15.7,1.2,200,"bu","13:48:49",9693100
15.7,1.2,8000,"bu","13:48:48",9692900
15.7,1.2,1300,"bu","13:48:46",9684900
15.7,1.2,2000,"bu","13:48:45",9683600
15.7,1.2,8500,"bu","13:48:44",9681600
15.7,1.2,6800,"bu","13:48:43",9673100
15.7,1.2,1500,"bu","13:48:42",9666300
15.7,1.2,900,"bu","13:48:41",9664800
15.7,1.2,100,"bu","13:48:40",9663900
15.7,1.2,20100,"bu","13:48:39",9663800
15.7,1.2,10700,"bu","13:48:38",9643700
15.7,1.2,5100,"bu","13:48:37",9633000
15.7,1.2,500,"bu","13:48:35",9627900
15.7,1.2,1000,"bu","13:48:34",9627400
15.7,1.2,13700,"bu","13:48:30",9626400
15.7,1.2,1200,"bu","13:48:29",9612700
15.7,1.2,3500,"bu","13:48:28",9611500
15.7,1.2,700,"bu","13:48:27",9608000
15.7,1.2,1000,"bu","13:48:26",9607300
15.6,1.1,10600,"sd","13:48:25",9606300
15.7,1.2,2300,"bu","13:48:24",9595700
15.7,1.2,500,"bu","13:48:22",9593400
15.7,1.2,100,"bu","13:48:21",9592900
15.7,1.2,2900,"bu","13:48:20",9592800
15.7,1.2,11500,"bu","13:48:19",9589900
15.7,1.2,200,"bu","13:48:18",9578400
15.7,1.2,900,"bu","13:48:17",9578200
15.7,1.2,5200,"bu","13:48:16",9577300
15.7,1.2,1500,"bu","13:48:15",9572100
15.7,1.2,500,"bu","13:48:13",9570600
15.7,1.2,800,"bu","13:48:12",9570100
15.7,1.2,4900,"bu","13:48:11",9569300
15.7,1.2,100,"sd","13:48:10",9564400
15.7,1.2,2000,"sd","13:48:09",9564300
15.7,1.2,2500,"sd","13:48:08",9562300
15.7,1.2,5000,"bu","13:48:07",9559800
15.6,1.1,3500,"sd","13:48:06",9554800
15.7,1.2,10200,"sd","13:48:05",9551300
15.7,1.2,2000,"sd","13:48:04",9541100
15.7,1.2,100,"sd","13:48:03",9539100
15.7,1.2,400,"sd","13:48:02",9539000
15.7,1.2,43300,"sd","13:48:00",9538600
15.7,1.2,3000,"sd","13:47:59",9495300
15.7,1.2,200,"sd","13:47:58",9492300
15.7,1.2,200,"sd","13:47:57",9492100
15.7,1.2,16300,"sd","13:47:56",9491900
15.7,1.2,2000,"bu","13:47:55",9475600
15.6,1.1,5000,"sd","13:47:54",9473600
15.7,1.2,5100,"bu","13:47:53",9468600
15.7,1.2,8700,"bu","13:47:52",9463500
15.6,1.1,10700,"sd","13:47:51",9454800
15.7,1.2,400,"bu","13:47:49",9444100
15.6,1.1,1100,"sd","13:47:48",9443700
15.7,1.2,800,"sd","13:47:46",9442600
15.6,1.1,1700,"sd","13:47:44",9441800
15.7,1.2,1700,"sd","13:47:43",9440100
15.7,1.2,9600,"sd","13:47:42",9438400
15.7,1.2,1000,"bu","13:47:41",9428800
15.7,1.2,1000,"bu","13:47:40",9427800
15.7,1.2,4000,"bu","13:47:39",9426800
15.6,1.1,27000,"sd","13:47:38",9422800
15.6,1.1,500,"sd","13:47:37",9395800
15.7,1.2,6000,"bu","13:47:36",9395300
15.7,1.2,3900,"bu","13:47:34",9389300
15.7,1.2,200,"bu","13:47:32",9385400
15.7,1.2,2000,"bu","13:47:30",9385200
15.7,1.2,400,"bu","13:47:29",9383200
15.7,1.2,10500,"bu","13:47:25",9382800
15.7,1.2,3400,"bu","13:47:24",9372300
15.7,1.2,5000,"bu","13:47:22",9368900
15.7,1.2,1300,"bu","13:47:20",9363900
15.7,1.2,1000,"bu","13:47:19",9362600
15.7,1.2,2000,"bu","13:47:16",9361600
15.7,1.2,9000,"bu","13:47:15",9359600
15.8,1.3,2100,"bu","13:47:14",9350600
15.8,1.3,21000,"bu","13:47:13",9348500
15.8,1.3,1400,"bu","13:47:12",9327500
15.7,1.2,100,"sd","13:47:11",9326100
15.8,1.3,1100,"bu","13:47:09",9326000
15.8,1.3,1000,"bu","13:47:08",9324900
15.8,1.3,6300,"bu","13:47:07",9323900
15.8,1.3,400,"bu","13:47:06",9317600
15.8,1.3,900,"bu","13:47:05",9317200
15.8,1.3,1000,"bu","13:47:04",9316300
15.8,1.3,3900,"bu","13:47:03",9315300
15.8,1.3,8500,"sd","13:47:02",9311400
15.8,1.3,20000,"sd","13:47:01",9302900
15.8,1.3,6000,"sd","13:47:00",9282900
15.8,1.3,7000,"sd","13:46:59",9276900
15.8,1.3,2000,"sd","13:46:58",9269900
15.9,1.4,13900,"bu","13:46:55",9267900
15.8,1.3,10000,"sd","13:46:54",9254000
15.8,1.3,800,"sd","13:46:53",9244000
15.8,1.3,1100,"sd","13:46:52",9243200
15.9,1.4,100,"bu","13:46:51",9242100
15.8,1.3,12400,"sd","13:46:50",9242000
15.9,1.4,100,"bu","13:46:49",9229600
15.9,1.4,1100,"bu","13:46:48",9229500
15.8,1.3,400,"sd","13:46:47",9228400
15.9,1.4,7000,"bu","13:46:46",9228000
15.8,1.3,2300,"sd","13:46:45",9221000
15.8,1.3,4000,"sd","13:46:44",9218700
15.9,1.4,2300,"bu","13:46:43",9214700
15.8,1.3,400,"sd","13:46:42",9212400
15.8,1.3,5700,"sd","13:46:41",9212000
15.9,1.4,6800,"bu","13:46:40",9206300
15.9,1.4,500,"bu","13:46:39",9199500
15.8,1.3,3100,"sd","13:46:38",9199000
15.9,1.4,1000,"bu","13:46:37",9195900
15.9,1.4,3000,"bu","13:46:35",9194900
15.9,1.4,900,"bu","13:46:32",9191900
15.8,1.3,700,"sd","13:46:31",9191000
15.9,1.4,3000,"bu","13:46:30",9190300
15.9,1.4,7000,"bu","13:46:28",9187300
15.9,1.4,1000,"bu","13:46:27",9180300
16,1.5,15000,"bu","13:46:25",9179300
15.9,1.4,2100,"bu","13:46:24",9164300
15.9,1.4,39900,"sd","13:46:23",9162200
16,1.5,300,"bu","13:46:22",9122300
15.9,1.4,800,"sd","13:46:21",9122000
15.9,1.4,3500,"sd","13:46:20",9121200
15.9,1.4,5800,"sd","13:46:19",9117700
16,1.5,1000,"bu","13:46:18",9111900
16,1.5,1000,"bu","13:46:17",9110900
16,1.5,100,"bu","13:46:16",9109900
16,1.5,800,"bu","13:46:15",9109800
16,1.5,800,"bu","13:46:14",9109000
16,1.5,100,"bu","13:46:11",9108200
16,1.5,200,"bu","13:46:10",9108100
16,1.5,100,"bu","13:46:08",9107900
16,1.5,200,"bu","13:46:07",9107800
16,1.5,14100,"sd","13:46:06",9107600
16,1.5,500,"sd","13:46:04",9093500
16,1.5,2000,"sd","13:46:03",9093000
16,1.5,5400,"sd","13:46:02",9091000
16,1.5,50300,"sd","13:46:00",9085600
16,1.5,5000,"sd","13:45:59",9035300
16.1,1.6,3200,"bu","13:45:58",9030300
16,1.5,4700,"sd","13:45:57",9027100
16.1,1.6,2400,"bu","13:45:56",9022400
16.1,1.6,200,"bu","13:45:55",9020000
16.1,1.6,9000,"bu","13:45:54",9019800
16.1,1.6,2100,"bu","13:45:53",9010800
16.1,1.6,1500,"bu","13:45:51",9008700
16.1,1.6,4000,"bu","13:45:50",9007200
16.1,1.6,5400,"bu","13:45:49",9003200
16.1,1.6,3300,"bu","13:45:48",8997800
16.1,1.6,800,"bu","13:45:45",8994500
16.1,1.6,1500,"bu","13:45:43",8993700
16.1,1.6,7300,"bu","13:45:42",8992200
16.1,1.6,25800,"bu","13:45:41",8984900
16.1,1.6,3600,"bu","13:45:39",8959100
16.1,1.6,2100,"sd","13:45:38",8955500
16.1,1.6,3900,"sd","13:45:37",8953400
16.1,1.6,5600,"bu","13:45:36",8949500
16.1,1.6,2200,"bu","13:45:35",8943900
16.1,1.6,1000,"bu","13:45:34",8941700
16.2,1.7,21400,"bu","13:45:33",8940700
16.1,1.6,14500,"sd","13:45:32",8919300
16.2,1.7,5300,"bu","13:45:31",8904800
16.1,1.6,600,"sd","13:45:30",8899500
16.2,1.7,3500,"bu","13:45:29",8898900
16.1,1.6,25000,"sd","13:45:28",8895400
16.1,1.6,1400,"sd","13:45:27",8870400
16.1,1.6,5000,"sd","13:45:26",8869000
16.1,1.6,100,"sd","13:45:25",8864000
16.1,1.6,500,"sd","13:45:24",8863900
16.2,1.7,400,"bu","13:45:23",8863400
16.1,1.6,4100,"sd","13:45:22",8863000
16.2,1.7,16700,"bu","13:45:21",8858900
16.1,1.6,200,"sd","13:45:20",8842200
16.2,1.7,4600,"bu","13:45:19",8842000
16.2,1.7,1300,"bu","13:45:18",8837400
16.1,1.6,1200,"sd","13:45:16",8836100
16.1,1.6,1100,"sd","13:45:15",8834900
16.1,1.6,1000,"sd","13:45:14",8833800
16.1,1.6,1500,"sd","13:45:10",8832800
16.2,1.7,1700,"bu","13:45:09",8831300
16.2,1.7,4300,"bu","13:45:08",8829600
16.2,1.7,500,"bu","13:45:07",8825300
16.1,1.6,500,"sd","13:45:06",8824800
16.1,1.6,300,"sd","13:45:05",8824300
16.1,1.6,5500,"sd","13:45:04",8824000
16.1,1.6,100,"sd","13:45:03",8818500
16.1,1.6,300,"sd","13:45:02",8818400
16,1.5,12400,"sd","13:45:01",8818100
16.2,1.7,200,"sd","13:44:59",8805700
16.2,1.7,77200,"sd","13:44:58",8805500
16.2,1.7,3700,"sd","13:44:57",8728300
16.1,1.6,1500,"sd","13:44:55",8724600
16.1,1.6,48600,"sd","13:44:54",8723100
16.1,1.6,2200,"sd","13:44:53",8674500
16.2,1.7,1600,"bu","13:44:52",8672300
16.2,1.7,1500,"bu","13:44:51",8670700
16.2,1.7,100,"bu","13:44:50",8669200
16.1,1.6,2200,"sd","13:44:49",8669100
16.1,1.6,1600,"sd","13:44:48",8666900
16.1,1.6,3000,"sd","13:44:47",8665300
16.1,1.6,10900,"sd","13:44:46",8662300
16.1,1.6,6000,"sd","13:44:45",8651400
16,1.5,12000,"sd","13:44:44",8645400
16.1,1.6,1800,"bu","13:44:42",8633400
16.1,1.6,4600,"sd","13:44:41",8631600
16.1,1.6,600,"bu","13:44:39",8627000
16.1,1.6,5000,"sd","13:44:38",8626400
16,1.5,10100,"sd","13:44:37",8621400
16.1,1.6,9900,"sd","13:44:36",8611300
16,1.5,1200,"sd","13:44:35",8601400
16,1.5,5000,"sd","13:44:34",8600200
16,1.5,700,"sd","13:44:33",8595200
16,1.5,1200,"sd","13:44:31",8594500
16,1.5,118700,"sd","13:44:29",8593300
15.9,1.4,13600,"sd","13:44:28",8474600
16,1.5,18800,"bu","13:44:27",8461000
16,1.5,5800,"bu","13:44:26",8442200
16,1.5,8300,"bu","13:44:25",8436400
16,1.5,4600,"bu","13:44:24",8428100
16,1.5,100,"bu","13:44:23",8423500
16,1.5,23400,"bu","13:44:22",8423400
16,1.5,2100,"bu","13:44:21",8400000
15.9,1.4,5000,"sd","13:44:20",8397900
16,1.5,13200,"bu","13:44:19",8392900
16,1.5,3100,"bu","13:44:18",8379700
16,1.5,6100,"bu","13:44:17",8376600
15.9,1.4,2200,"sd","13:44:16",8370500
15.9,1.4,500,"sd","13:44:15",8368300
16,1.5,1600,"bu","13:44:14",8367800
16,1.5,5700,"bu","13:44:13",8366200
15.9,1.4,2400,"sd","13:44:12",8360500
15.9,1.4,7500,"sd","13:44:11",8358100
15.9,1.4,2100,"sd","13:44:10",8350600
15.9,1.4,200,"sd","13:44:09",8348500
16,1.5,4100,"bu","13:44:08",8348300
15.9,1.4,700,"sd","13:44:07",8344200
15.9,1.4,3000,"sd","13:44:06",8343500
15.9,1.4,16400,"bu","13:44:05",8340500
15.8,1.3,3000,"sd","13:44:04",8324100
15.9,1.4,13800,"bu","13:44:03",8321100
15.9,1.4,10500,"bu","13:44:02",8307300
15.9,1.4,800,"bu","13:44:01",8296800
15.9,1.4,3200,"bu","13:44:00",8296000
15.9,1.4,2200,"bu","13:43:59",8292800
15.8,1.3,15400,"sd","13:43:57",8290600
15.9,1.4,51300,"bu","13:43:56",8275200
15.8,1.3,1000,"sd","13:43:55",8223900
15.9,1.4,5000,"bu","13:43:54",8222900
15.8,1.3,100,"sd","13:43:53",8217900
15.8,1.3,2100,"sd","13:43:52",8217800
15.9,1.4,700,"bu","13:43:50",8215700
15.8,1.3,20500,"sd","13:43:49",8215000
15.8,1.3,1000,"sd","13:43:48",8194500
15.8,1.3,500,"sd","13:43:47",8193500
15.8,1.3,300,"sd","13:43:46",8193000
15.8,1.3,75700,"sd","13:43:45",8192700
15.8,1.3,1000,"bu","13:43:44",8117000
15.7,1.2,1500,"sd","13:43:43",8116000
15.7,1.2,3100,"sd","13:43:42",8114500
15.7,1.2,1100,"sd","13:43:41",8111400
15.7,1.2,2500,"sd","13:43:40",8110300
15.7,1.2,12100,"bu","13:43:39",8107800
15.6,1.1,3000,"sd","13:43:38",8095700
15.7,1.2,900,"bu","13:43:37",8092700
15.7,1.2,24000,"bu","13:43:36",8091800
15.6,1.1,7200,"sd","13:43:34",8067800
15.6,1.1,500,"sd","13:43:33",8060600
15.6,1.1,800,"sd","13:43:32",8060100
15.6,1.1,100,"sd","13:43:31",8059300
15.6,1.1,3100,"sd","13:43:30",8059200
15.6,1.1,3700,"sd","13:43:29",8056100
15.6,1.1,3800,"sd","13:43:27",8052400
15.6,1.1,6000,"bu","13:43:26",8048600
15.6,1.1,2900,"bu","13:43:25",8042600
15.5,1,5400,"sd","13:43:24",8039700
15.6,1.1,28000,"bu","13:43:23",8034300
15.5,1,5900,"sd","13:43:22",8006300
15.5,1,16200,"sd","13:43:21",8000400
15.6,1.1,600,"sd","13:43:19",7984200
15.6,1.1,5200,"sd","13:43:18",7983600
15.5,1,3300,"sd","13:43:17",7978400
15.6,1.1,6000,"bu","13:43:16",7975100
15.6,1.1,15500,"bu","13:43:15",7969100
15.5,1,4000,"sd","13:43:14",7953600
15.5,1,2200,"sd","13:43:13",7949600
15.5,1,10900,"sd","13:43:12",7947400
15.5,1,4300,"sd","13:43:11",7936500
15.6,1.1,2800,"bu","13:43:09",7932200
15.5,1,1200,"sd","13:43:06",7929400
15.5,1,1900,"sd","13:43:05",7928200
15.5,1,3000,"sd","13:43:04",7926300
15.5,1,8100,"sd","13:43:03",7923300
15.5,1,19200,"bu","13:43:02",7915200
15.5,1,8500,"bu","13:43:01",7896000
15.5,1,3900,"bu","13:43:00",7887500
15.5,1,16600,"bu","13:42:59",7883600
15.5,1,1100,"bu","13:42:58",7867000
15.5,1,48200,"bu","13:42:57",7865900
15.4,0.9,12000,"sd","13:42:56",7817700
15.5,1,4000,"bu","13:42:55",7805700
15.5,1,15500,"bu","13:42:54",7801700
15.5,1,700,"bu","13:42:52",7786200
15.5,1,6000,"bu","13:42:51",7785500
15.5,1,2000,"bu","13:42:50",7779500
15.5,1,3000,"bu","13:42:49",7777500
15.4,0.9,100,"sd","13:42:48",7774500
15.4,0.9,5000,"sd","13:42:47",7774400
15.4,0.9,10000,"sd","13:42:44",7769400
15.5,1,1100,"bu","13:42:43",7759400
15.4,0.9,13000,"sd","13:42:42",7758300
15.4,0.9,500,"sd","13:42:41",7745300
15.4,0.9,400,"sd","13:42:40",7744800
15.4,0.9,1500,"sd","13:42:39",7744400
15.4,0.9,16000,"bu","13:42:38",7742900
15.4,0.9,200,"bu","13:42:37",7726900
15.4,0.9,1400,"bu","13:42:36",7726700
15.4,0.9,4100,"bu","13:42:35",7725300
15.4,0.9,200,"bu","13:42:34",7721200
15.4,0.9,6200,"bu","13:42:33",7721000
15.4,0.9,6400,"bu","13:42:32",7714800
15.4,0.9,2000,"bu","13:42:31",7708400
15.3,0.8,5500,"sd","13:42:30",7706400
15.4,0.9,200,"bu","13:42:29",7700900
15.3,0.8,4700,"sd","13:42:28",7700700
15.4,0.9,10900,"bu","13:42:27",7696000
15.4,0.9,2500,"bu","13:42:22",7685100
15.3,0.8,100,"sd","13:42:20",7682600
15.3,0.8,6000,"sd","13:42:19",7682500
15.3,0.8,5500,"bu","13:42:18",7676500
15.3,0.8,11400,"bu","13:42:17",7671000
15.3,0.8,8800,"bu","13:42:16",7659600
15.3,0.8,20100,"bu","13:42:15",7650800
15.3,0.8,6800,"bu","13:42:14",7630700
15.3,0.8,13000,"bu","13:42:13",7623900
15.2,0.7,13300,"sd","13:42:12",7610900
15.2,0.7,2300,"sd","13:42:11",7597600
15.3,0.8,9600,"bu","13:42:10",7595300
15.3,0.8,3200,"bu","13:42:09",7585700
15.2,0.7,2300,"sd","13:42:08",7582500
15.2,0.7,1000,"sd","13:42:07",7580200
15.2,0.7,1900,"sd","13:42:06",7579200
15.2,0.7,2000,"sd","13:42:05",7577300
15.2,0.7,1000,"sd","13:42:04",7575300
15.2,0.7,161500,"sd","13:42:01",7574300
15.1,0.6,200,"sd","13:42:00",7412800
15.2,0.7,2400,"bu","13:41:59",7412600
15.2,0.7,1600,"bu","13:41:57",7410200
15.1,0.6,500,"sd","13:41:56",7408600
15.2,0.7,11600,"bu","13:41:55",7408100
15.1,0.6,32200,"bu","13:41:51",7396500
15.1,0.6,11500,"bu","13:41:50",7364300
15,0.5,1800,"sd","13:41:49",7352800
15.1,0.6,40000,"bu","13:41:48",7351000
15.1,0.6,20000,"bu","13:41:47",7311000
15.1,0.6,800,"bu","13:41:46",7291000
15.1,0.6,13000,"bu","13:41:45",7290200
15,0.5,11600,"sd","13:41:44",7277200
15.1,0.6,800,"bu","13:41:43",7265600
15.1,0.6,4000,"bu","13:41:42",7264800
15.1,0.6,8000,"bu","13:41:41",7260800
15.1,0.6,200,"bu","13:41:40",7252800
15.1,0.6,2000,"bu","13:41:39",7252600
15,0.5,12100,"sd","13:41:36",7250600
15.1,0.6,3900,"bu","13:41:35",7238500
15,0.5,1000,"sd","13:41:34",7234600
15,0.5,3000,"sd","13:41:32",7233600
15,0.5,89400,"sd","13:41:28",7230600
15,0.5,600,"bu","13:41:27",7141200
15,0.5,246900,"bu","13:41:26",7140600
15,0.5,1000,"bu","13:41:25",6893700
15,0.5,8500,"bu","13:41:24",6892700
15,0.5,9000,"bu","13:41:23",6884200
15,0.5,13800,"bu","13:41:22",6875200
15,0.5,8900,"bu","13:41:21",6861400
15,0.5,5900,"bu","13:41:20",6852500
15,0.5,6200,"bu","13:41:19",6846600
15,0.5,7900,"bu","13:41:18",6840400
15,0.5,1200,"bu","13:41:17",6832500
15,0.5,5200,"bu","13:41:16",6831300
14.9,0.4,1200,"sd","13:41:15",6826100
15,0.5,3500,"bu","13:41:13",6824900
15,0.5,1100,"bu","13:41:12",6821400
15,0.5,37000,"bu","13:41:10",6820300
15,0.5,1800,"bu","13:41:09",6783300
15,0.5,2000,"bu","13:41:08",6781500
15,0.5,30000,"bu","13:41:06",6779500
15,0.5,50000,"bu","13:41:00",6749500
14.9,0.4,5000,"sd","13:40:58",6699500
15,0.5,2000,"bu","13:40:57",6694500
15,0.5,2000,"bu","13:40:56",6692500
14.9,0.4,200,"sd","13:40:52",6690500
14.9,0.4,200,"sd","13:40:50",6690300
14.9,0.4,19500,"bu","13:40:49",6690100
14.9,0.4,13000,"bu","13:40:48",6670600
14.9,0.4,23300,"bu","13:40:47",6657600
14.9,0.4,20000,"bu","13:40:46",6634300
14.9,0.4,18500,"bu","13:40:45",6614300
14.9,0.4,16500,"bu","13:40:44",6595800
14.9,0.4,21800,"bu","13:40:43",6579300
14.9,0.4,49800,"bu","13:40:42",6557500
14.9,0.4,2600,"bu","13:40:41",6507700
14.9,0.4,2100,"bu","13:40:40",6505100
14.9,0.4,30000,"bu","13:40:39",6503000
14.9,0.4,15000,"bu","13:40:38",6473000
14.9,0.4,54000,"bu","13:40:37",6458000
14.9,0.4,12400,"bu","13:40:36",6404000
14.9,0.4,500,"bu","13:40:35",6391600
14.9,0.4,400,"bu","13:40:34",6391100
14.9,0.4,43400,"bu","13:40:33",6390700
14.9,0.4,3600,"bu","13:40:32",6347300
14.9,0.4,2000,"bu","13:40:31",6343700
14.9,0.4,7400,"bu","13:40:30",6341700
14.9,0.4,18800,"bu","13:40:29",6334300
14.9,0.4,6500,"bu","13:40:28",6315500
14.9,0.4,3000,"bu","13:40:27",6309000
14.9,0.4,10200,"bu","13:40:26",6306000
14.9,0.4,8300,"bu","13:40:25",6295800
14.9,0.4,5200,"bu","13:40:22",6287500
14.9,0.4,2500,"bu","13:40:21",6282300
14.9,0.4,14100,"bu","13:40:20",6279800
14.9,0.4,5000,"bu","13:40:18",6265700
14.8,0.3,2900,"sd","13:40:17",6260700
14.9,0.4,3400,"bu","13:40:16",6257800
14.9,0.4,19000,"bu","13:40:15",6254400
14.9,0.4,8400,"bu","13:40:14",6235400
14.9,0.4,500,"bu","13:40:11",6227000
14.9,0.4,100,"bu","13:40:10",6226500
14.9,0.4,6800,"bu","13:40:09",6226400
14.8,0.3,50000,"sd","13:40:08",6219600
14.9,0.4,500,"bu","13:40:05",6169600
14.9,0.4,5800,"bu","13:40:03",6169100
14.8,0.3,53000,"sd","13:39:58",6163300
14.8,0.3,100,"sd","13:39:57",6110300
14.9,0.4,1000,"bu","13:39:54",6110200
14.8,0.3,500,"sd","13:39:53",6109200
14.8,0.3,50000,"sd","13:39:52",6108700
14.8,0.3,50200,"sd","13:39:48",6058700
14.8,0.3,31100,"sd","13:39:44",6008500
14.8,0.3,9700,"bu","13:39:43",5977400
14.8,0.3,12400,"bu","13:39:42",5967700
14.8,0.3,7600,"bu","13:39:41",5955300
14.8,0.3,6500,"bu","13:39:40",5947700
14.8,0.3,5000,"bu","13:39:39",5941200
14.8,0.3,27900,"bu","13:39:38",5936200
14.8,0.3,8600,"bu","13:39:37",5908300
14.8,0.3,3900,"bu","13:39:36",5899700
14.8,0.3,5000,"bu","13:39:35",5895800
14.8,0.3,500,"bu","13:39:34",5890800
14.8,0.3,11000,"bu","13:39:33",5890300
14.8,0.3,1000,"bu","13:39:32",5879300
14.8,0.3,20100,"sd","13:39:31",5878300
14.8,0.3,48900,"sd","13:39:28",5858200
14.8,0.3,3400,"bu","13:39:26",5809300
14.8,0.3,6300,"bu","13:39:25",5805900
14.8,0.3,3800,"bu","13:39:24",5799600
14.8,0.3,12500,"bu","13:39:23",5795800
14.8,0.3,11100,"bu","13:39:22",5783300
14.8,0.3,14000,"bu","13:39:21",5772200
14.8,0.3,16500,"sd","13:39:20",5758200
14.8,0.3,26600,"bu","13:39:19",5741700
14.8,0.3,20700,"bu","13:39:18",5715100
14.8,0.3,20500,"bu","13:39:17",5694400
14.8,0.3,5500,"bu","13:39:15",5673900
14.8,0.3,21500,"bu","13:39:14",5668400
14.8,0.3,10200,"bu","13:39:13",5646900
14.8,0.3,11100,"bu","13:39:12",5636700
14.8,0.3,4400,"bu","13:39:11",5625600
14.8,0.3,14600,"bu","13:39:10",5621200
14.8,0.3,14500,"bu","13:39:09",5606600
14.8,0.3,2200,"bu","13:39:08",5592100
14.8,0.3,6000,"bu","13:39:07",5589900
14.8,0.3,7400,"bu","13:39:06",5583900
14.8,0.3,1000,"bu","13:39:05",5576500
14.8,0.3,21700,"bu","13:39:04",5575500
14.8,0.3,6600,"bu","13:39:03",5553800
14.8,0.3,15500,"bu","13:39:02",5547200
14.8,0.3,33900,"bu","13:39:01",5531700
14.8,0.3,4100,"bu","13:39:00",5497800
14.8,0.3,20000,"bu","13:38:58",5493700
14.8,0.3,201700,"bu","13:38:57",5473700
14.8,0.3,100,"bu","13:38:55",5272000
14.8,0.3,1200,"bu","13:38:54",5271900
14.8,0.3,800,"bu","13:38:53",5270700
14.8,0.3,11200,"bu","13:38:51",5269900
14.8,0.3,5400,"bu","13:38:50",5258700
14.8,0.3,5000,"bu","13:38:49",5253300
14.8,0.3,5000,"bu","13:38:47",5248300
14.8,0.3,30000,"bu","13:38:45",5243300
14.8,0.3,500,"bu","13:38:44",5213300
14.8,0.3,200,"bu","13:38:43",5212800
14.8,0.3,5000,"bu","13:38:41",5212600
14.8,0.3,1700,"bu","13:38:40",5207600
14.8,0.3,10000,"bu","13:38:38",5205900
14.8,0.3,200,"bu","13:38:37",5195900
14.8,0.3,100,"bu","13:38:34",5195700
14.8,0.3,10000,"bu","13:38:32",5195600
14.8,0.3,100,"bu","13:38:30",5185600
14.8,0.3,400,"bu","13:38:29",5185500
14.8,0.3,500,"bu","13:38:28",5185100
14.8,0.3,11000,"bu","13:38:27",5184600
14.8,0.3,1900,"bu","13:38:25",5173600
14.7,0.2,3100,"sd","13:38:24",5171700
14.8,0.3,1200,"bu","13:38:22",5168600
14.8,0.3,200,"bu","13:38:20",5167400
14.8,0.3,5000,"bu","13:38:19",5167200
14.7,0.2,2400,"sd","13:38:18",5162200
14.7,0.2,6400,"sd","13:38:15",5159800
14.8,0.3,1000,"bu","13:38:14",5153400
14.8,0.3,200,"bu","13:38:13",5152400
14.8,0.3,2600,"bu","13:38:12",5152200
14.7,0.2,10000,"sd","13:38:11",5149600
14.8,0.3,100,"bu","13:38:05",5139600
14.8,0.3,3100,"bu","13:38:03",5139500
14.8,0.3,5300,"bu","13:38:01",5136400
14.8,0.3,20000,"bu","13:38:00",5131100
14.8,0.3,1000,"bu","13:37:58",5111100
14.8,0.3,700,"bu","13:37:55",5110100
14.8,0.3,600,"bu","13:37:54",5109400
14.8,0.3,300,"bu","13:37:53",5108800
14.8,0.3,5000,"bu","13:37:44",5108500
14.8,0.3,1300,"bu","13:37:39",5103500
14.8,0.3,1000,"bu","13:37:38",5102200
14.7,0.2,7000,"sd","13:37:34",5101200
14.8,0.3,1200,"bu","13:37:33",5094200
14.8,0.3,100,"bu","13:37:27",5093000
14.8,0.3,30000,"bu","13:37:26",5092900
14.8,0.3,500,"bu","13:37:24",5062900
14.7,0.2,10000,"sd","13:37:21",5062400
14.7,0.2,100,"sd","13:37:18",5052400
14.8,0.3,20000,"bu","13:37:16",5052300
14.8,0.3,88000,"bu","13:37:11",5032300
14.8,0.3,4200,"bu","13:37:07",4944300
14.7,0.2,300,"sd","13:36:58",4940100
14.7,0.2,100,"sd","13:36:56",4939800
14.8,0.3,5000,"bu","13:36:53",4939700
14.7,0.2,3600,"sd","13:36:51",4934700
14.7,0.2,100,"sd","13:36:48",4931100
14.8,0.3,100,"bu","13:36:46",4931000
14.7,0.2,600,"sd","13:36:45",4930900
14.7,0.2,100,"sd","13:36:44",4930300
14.7,0.2,500,"sd","13:36:38",4930200
14.8,0.3,100,"bu","13:36:37",4929700
14.8,0.3,200,"bu","13:36:35",4929600
14.8,0.3,2000,"bu","13:36:34",4929400
14.8,0.3,4700,"bu","13:36:13",4927400
14.7,0.2,2000,"sd","13:36:07",4922700
14.8,0.3,100,"bu","13:35:59",4920700
14.7,0.2,1200,"bu","13:35:54",4920600
14.7,0.2,200,"bu","13:35:53",4919400
14.7,0.2,7000,"bu","13:35:52",4919200
14.7,0.2,5100,"bu","13:35:51",4912200
14.7,0.2,5300,"bu","13:35:50",4907100
14.7,0.2,2200,"bu","13:35:49",4901800
14.7,0.2,20400,"bu","13:35:46",4899600
14.7,0.2,5000,"bu","13:35:45",4879200
14.7,0.2,8000,"bu","13:35:44",4874200
14.7,0.2,1200,"bu","13:35:43",4866200
14.7,0.2,700,"bu","13:35:42",4865000
14.7,0.2,14000,"bu","13:35:40",4864300
14.7,0.2,50000,"bu","13:35:38",4850300
14.7,0.2,2000,"bu","13:35:37",4800300
14.7,0.2,1000,"bu","13:35:36",4798300
14.7,0.2,100,"bu","13:35:34",4797300
14.7,0.2,2000,"bu","13:35:30",4797200
14.7,0.2,1000,"bu","13:35:29",4795200
14.7,0.2,10000,"bu","13:35:28",4794200
14.7,0.2,100,"bu","13:35:21",4784200
14.7,0.2,1000,"bu","13:35:19",4784100
14.7,0.2,2000,"bu","13:35:18",4783100
14.7,0.2,300,"bu","13:35:16",4781100
14.7,0.2,600,"bu","13:35:14",4780800
14.7,0.2,400,"bu","13:35:11",4780200
14.7,0.2,500,"bu","13:35:04",4779800
14.7,0.2,200,"bu","13:35:01",4779300
14.7,0.2,4000,"bu","13:35:00",4779100
14.7,0.2,10000,"bu","13:34:59",4775100
14.6,0.1,100,"sd","13:34:55",4765100
14.7,0.2,1300,"bu","13:34:54",4765000
14.7,0.2,10000,"bu","13:34:52",4763700
14.7,0.2,200,"bu","13:34:51",4753700
14.7,0.2,100,"bu","13:34:49",4753500
14.7,0.2,300,"bu","13:34:48",4753400
14.7,0.2,200,"bu","13:34:47",4753100
14.7,0.2,300,"bu","13:34:45",4752900
14.7,0.2,42000,"bu","13:34:42",4752600
14.7,0.2,32300,"bu","13:34:41",4710600
14.7,0.2,3300,"bu","13:34:30",4678300
14.7,0.2,500,"bu","13:34:28",4675000
14.7,0.2,8900,"bu","13:34:27",4674500
14.7,0.2,1000,"bu","13:34:25",4665600
14.7,0.2,700,"bu","13:34:24",4664600
14.6,0.1,200,"sd","13:34:21",4663900
14.7,0.2,300,"bu","13:34:20",4663700
14.7,0.2,700,"bu","13:34:19",4663400
14.7,0.2,500,"bu","13:34:18",4662700
14.7,0.2,2000,"bu","13:34:15",4662200
14.7,0.2,1000,"bu","13:34:13",4660200
14.7,0.2,1100,"bu","13:34:10",4659200
14.7,0.2,500,"bu","13:34:08",4658100
14.7,0.2,500,"bu","13:34:06",4657600
14.7,0.2,2700,"bu","13:34:05",4657100
14.7,0.2,5600,"bu","13:34:03",4654400
14.7,0.2,5000,"bu","13:34:01",4648800
14.7,0.2,900,"bu","13:33:57",4643800
14.6,0.1,100,"sd","13:33:48",4642900
14.7,0.2,1900,"bu","13:33:47",4642800
14.7,0.2,3500,"bu","13:33:46",4640900
14.7,0.2,1000,"bu","13:33:45",4637400
14.7,0.2,400,"bu","13:33:41",4636400
14.7,0.2,100,"bu","13:33:38",4636000
14.7,0.2,800,"bu","13:33:37",4635900
14.7,0.2,50000,"bu","13:33:35",4635100
14.7,0.2,1500,"bu","13:33:31",4585100
14.7,0.2,10000,"bu","13:33:29",4583600
14.7,0.2,100,"bu","13:33:24",4573600
14.7,0.2,100,"bu","13:33:21",4573500
14.7,0.2,200,"bu","13:33:20",4573400
14.7,0.2,9100,"bu","13:33:19",4573200
14.7,0.2,1000,"bu","13:33:18",4564100
14.7,0.2,3800,"bu","13:33:17",4563100
14.7,0.2,100,"bu","13:33:14",4559300
14.7,0.2,200,"bu","13:33:13",4559200
14.7,0.2,800,"bu","13:33:10",4559000
14.7,0.2,300,"bu","13:33:07",4558200
14.7,0.2,100,"bu","13:33:05",4557900
14.7,0.2,3000,"bu","13:33:04",4557800
14.7,0.2,1000,"bu","13:32:59",4554800
14.7,0.2,100,"bu","13:32:58",4553800
14.7,0.2,3000,"bu","13:32:57",4553700
14.7,0.2,400,"bu","13:32:55",4550700
14.7,0.2,200,"bu","13:32:54",4550300
14.7,0.2,2000,"bu","13:32:50",4550100
14.7,0.2,100,"bu","13:32:49",4548100
14.7,0.2,300,"bu","13:32:47",4548000
14.7,0.2,100,"bu","13:32:43",4547700
14.7,0.2,21000,"bu","13:32:42",4547600
14.7,0.2,1000,"bu","13:32:41",4526600
14.7,0.2,500,"bu","13:32:39",4525600
14.7,0.2,700,"bu","13:32:38",4525100
14.7,0.2,20000,"bu","13:32:36",4524400
14.7,0.2,2000,"bu","13:32:34",4504400
14.7,0.2,1000,"bu","13:32:33",4502400
14.7,0.2,1000,"bu","13:32:29",4501400
14.7,0.2,7300,"bu","13:32:27",4500400
14.7,0.2,600,"bu","13:32:25",4493100
14.7,0.2,1000,"bu","13:32:23",4492500
14.7,0.2,1000,"bu","13:32:21",4491500
14.7,0.2,1000,"bu","13:32:17",4490500
14.7,0.2,4000,"bu","13:32:14",4489500
14.7,0.2,2700,"bu","13:32:13",4485500
14.7,0.2,4000,"bu","13:32:07",4482800
14.7,0.2,2000,"bu","13:32:06",4478800
14.7,0.2,1000,"bu","13:32:05",4476800
14.7,0.2,5000,"bu","13:32:02",4475800
14.7,0.2,1100,"bu","13:32:00",4470800
14.7,0.2,1000,"bu","13:31:58",4469700
14.7,0.2,3000,"bu","13:31:55",4468700
14.7,0.2,900,"bu","13:31:54",4465700
14.7,0.2,700,"bu","13:31:50",4464800
14.7,0.2,100,"bu","13:31:45",4464100
14.7,0.2,100,"bu","13:31:44",4464000
14.7,0.2,1100,"bu","13:31:41",4463900
14.7,0.2,1800,"bu","13:31:38",4462800
14.7,0.2,200,"bu","13:31:36",4461000
14.7,0.2,30000,"bu","13:31:35",4460800
14.7,0.2,9600,"bu","13:31:34",4430800
14.7,0.2,2900,"bu","13:31:30",4421200
14.7,0.2,2000,"bu","13:31:28",4418300
14.7,0.2,500,"bu","13:31:25",4416300
14.7,0.2,6000,"bu","13:31:22",4415800
14.7,0.2,6000,"bu","13:31:21",4409800
14.6,0.1,800,"sd","13:31:18",4403800
14.7,0.2,500,"bu","13:31:15",4403000
14.7,0.2,1000,"bu","13:31:11",4402500
14.7,0.2,30000,"bu","13:31:10",4401500
14.7,0.2,3400,"bu","13:31:09",4371500
14.7,0.2,7000,"bu","13:31:08",4368100
14.7,0.2,3000,"bu","13:31:06",4361100
14.7,0.2,1000,"bu","13:31:04",4358100
14.7,0.2,51300,"bu","13:31:03",4357100
14.7,0.2,8500,"bu","13:31:02",4305800
14.7,0.2,1000,"bu","13:31:01",4297300
14.7,0.2,2000,"bu","13:31:00",4296300
14.7,0.2,12000,"bu","13:30:59",4294300
14.7,0.2,2000,"bu","13:30:58",4282300
14.7,0.2,200,"bu","13:30:55",4280300
14.7,0.2,100,"bu","13:30:53",4280100
14.7,0.2,100,"bu","13:30:52",4280000
14.7,0.2,1600,"bu","13:30:45",4279900
14.7,0.2,400,"bu","13:30:43",4278300
14.7,0.2,2100,"bu","13:30:41",4277900
14.7,0.2,3300,"bu","13:30:40",4275800
14.7,0.2,100,"bu","13:30:38",4272500
14.7,0.2,3100,"bu","13:30:36",4272400
14.7,0.2,1000,"bu","13:30:35",4269300
14.7,0.2,5000,"bu","13:30:33",4268300
14.7,0.2,700,"bu","13:30:30",4263300
14.7,0.2,800,"bu","13:30:28",4262600
14.7,0.2,2000,"bu","13:30:26",4261800
14.7,0.2,5000,"bu","13:30:25",4259800
14.7,0.2,1500,"bu","13:30:24",4254800
14.7,0.2,3000,"bu","13:30:23",4253300
14.7,0.2,1600,"bu","13:30:19",4250300
14.7,0.2,2000,"bu","13:30:18",4248700
14.7,0.2,3200,"bu","13:30:17",4246700
14.7,0.2,10000,"bu","13:30:14",4243500
14.7,0.2,10900,"bu","13:30:13",4233500
14.7,0.2,5700,"bu","13:30:10",4222600
14.7,0.2,16900,"bu","13:30:08",4216900
14.7,0.2,5000,"bu","13:30:04",4200000
14.7,0.2,5300,"bu","13:29:58",4195000
14.7,0.2,400,"bu","13:29:57",4189700
14.7,0.2,1000,"bu","13:29:56",4189300
14.7,0.2,500,"bu","13:29:55",4188300
14.7,0.2,1000,"bu","13:29:52",4187800
14.7,0.2,6000,"bu","13:29:45",4186800
14.7,0.2,4300,"bu","13:29:43",4180800
14.7,0.2,10000,"bu","13:29:41",4176500
14.7,0.2,100,"bu","13:29:40",4166500
14.7,0.2,1000,"bu","13:29:36",4166400
14.7,0.2,2300,"bu","13:29:33",4165400
14.7,0.2,2500,"bu","13:29:30",4163100
14.7,0.2,500,"bu","13:29:27",4160600
14.7,0.2,1000,"bu","13:29:24",4160100
14.7,0.2,1000,"bu","13:29:23",4159100
14.7,0.2,1000,"bu","13:29:21",4158100
14.7,0.2,9000,"bu","13:29:20",4157100
14.7,0.2,5000,"bu","13:29:17",4148100
14.7,0.2,500,"bu","13:29:15",4143100
14.7,0.2,500,"bu","13:29:13",4142600
14.7,0.2,500,"bu","13:29:11",4142100
14.7,0.2,200,"bu","13:29:10",4141600
14.7,0.2,6100,"bu","13:29:09",4141400
14.7,0.2,200,"bu","13:29:08",4135300
14.7,0.2,400,"bu","13:29:06",4135100
14.7,0.2,30000,"bu","13:29:02",4134700
14.7,0.2,3000,"bu","13:29:00",4104700
14.7,0.2,100,"bu","13:28:59",4101700
14.7,0.2,6000,"bu","13:28:57",4101600
14.7,0.2,1500,"bu","13:28:54",4095600
14.7,0.2,2500,"bu","13:28:45",4094100
14.7,0.2,1100,"bu","13:28:44",4091600
14.7,0.2,2000,"bu","13:28:43",4090500
14.7,0.2,1000,"bu","13:28:39",4088500
14.7,0.2,1600,"bu","13:28:37",4087500
14.7,0.2,6800,"bu","13:28:34",4085900
14.7,0.2,2000,"bu","13:28:33",4079100
14.7,0.2,21100,"sd","13:28:29",4077100
14.7,0.2,3600,"sd","13:28:27",4056000
14.7,0.2,30400,"sd","13:28:26",4052400
14.7,0.2,100,"sd","13:28:25",4022000
14.7,0.2,7200,"sd","13:28:24",4021900
14.7,0.2,30000,"sd","13:28:22",4014700
14.7,0.2,100,"sd","13:28:21",3984700
14.7,0.2,100,"sd","13:28:17",3984600
14.7,0.2,100,"sd","13:28:15",3984500
14.7,0.2,100,"sd","13:28:13",3984400
14.7,0.2,1000,"sd","13:28:12",3984300
14.8,0.3,1500,"bu","13:28:11",3983300
14.7,0.2,1000,"sd","13:28:08",3981800
14.7,0.2,1700,"sd","13:27:56",3980800
14.7,0.2,41300,"bu","13:27:52",3979100
14.7,0.2,17000,"bu","13:27:50",3937800
14.7,0.2,10000,"bu","13:27:49",3920800
14.7,0.2,19500,"bu","13:27:48",3910800
14.7,0.2,2600,"bu","13:27:47",3891300
14.7,0.2,2000,"bu","13:27:46",3888700
14.7,0.2,700,"bu","13:27:45",3886700
14.7,0.2,2200,"bu","13:27:44",3886000
14.6,0.1,10000,"sd","13:27:43",3883800
14.7,0.2,100,"bu","13:27:42",3873800
14.7,0.2,5500,"bu","13:27:41",3873700
14.7,0.2,2900,"bu","13:27:39",3868200
14.7,0.2,10600,"bu","13:27:38",3865300
14.7,0.2,10000,"bu","13:27:35",3854700
14.7,0.2,600,"bu","13:27:34",3844700
14.7,0.2,20000,"bu","13:27:33",3844100
14.7,0.2,16600,"bu","13:27:29",3824100
14.7,0.2,1500,"bu","13:27:28",3807500
14.7,0.2,2000,"bu","13:27:27",3806000
14.7,0.2,10000,"bu","13:27:26",3804000
14.7,0.2,400,"bu","13:27:25",3794000
14.7,0.2,1800,"bu","13:27:23",3793600
14.7,0.2,2000,"bu","13:27:22",3791800
14.7,0.2,6000,"bu","13:27:19",3789800
14.7,0.2,1000,"bu","13:27:18",3783800
14.7,0.2,1300,"bu","13:27:16",3782800
14.7,0.2,800,"bu","13:27:15",3781500
14.7,0.2,200,"bu","13:27:14",3780700
14.7,0.2,1000,"bu","13:27:13",3780500
14.7,0.2,300,"bu","13:27:11",3779500
14.7,0.2,1200,"bu","13:27:10",3779200
14.7,0.2,1000,"bu","13:27:09",3778000
14.7,0.2,2000,"bu","13:27:06",3777000
14.7,0.2,2000,"bu","13:27:03",3775000
14.7,0.2,300,"bu","13:27:02",3773000
14.7,0.2,600,"bu","13:27:01",3772700
14.7,0.2,5000,"bu","13:26:57",3772100
14.7,0.2,2000,"bu","13:26:55",3767100
14.7,0.2,500,"bu","13:26:54",3765100
14.7,0.2,100,"bu","13:26:52",3764600
14.7,0.2,1800,"bu","13:26:50",3764500
14.7,0.2,1800,"bu","13:26:49",3762700
14.7,0.2,10200,"bu","13:26:48",3760900
14.7,0.2,300,"bu","13:26:47",3750700
14.7,0.2,3000,"bu","13:26:45",3750400
14.7,0.2,2400,"bu","13:26:44",3747400
14.7,0.2,5000,"bu","13:26:43",3745000
14.7,0.2,3300,"sd","13:26:42",3740000
14.7,0.2,80000,"sd","13:26:41",3736700
14.7,0.2,5300,"sd","13:26:40",3656700
14.8,0.3,20500,"bu","13:26:35",3651400
14.7,0.2,100,"sd","13:26:34",3630900
14.8,0.3,1000,"bu","13:26:33",3630800
14.7,0.2,500,"sd","13:26:27",3629800
14.7,0.2,20000,"sd","13:26:25",3629300
14.7,0.2,5000,"sd","13:26:24",3609300
14.7,0.2,500,"sd","13:26:20",3604300
14.7,0.2,50100,"sd","13:26:16",3603800
14.7,0.2,3000,"sd","13:26:13",3553700
14.7,0.2,10600,"bu","13:26:12",3550700
14.7,0.2,12500,"bu","13:26:11",3540100
14.7,0.2,6800,"bu","13:26:10",3527600
14.7,0.2,20100,"bu","13:26:09",3520800
14.7,0.2,500,"bu","13:26:08",3500700
14.7,0.2,3300,"bu","13:26:07",3500200
14.7,0.2,2200,"bu","13:26:06",3496900
14.7,0.2,15500,"bu","13:26:05",3494700
14.7,0.2,2000,"bu","13:26:04",3479200
14.7,0.2,300,"bu","13:26:02",3477200
14.7,0.2,30000,"bu","13:26:01",3476900
14.7,0.2,2800,"bu","13:26:00",3446900
14.7,0.2,50000,"bu","13:25:59",3444100
14.7,0.2,100,"bu","13:25:58",3394100
14.7,0.2,2900,"bu","13:25:57",3394000
14.7,0.2,300,"bu","13:25:56",3391100
14.7,0.2,2000,"bu","13:25:55",3390800
14.7,0.2,13100,"bu","13:25:54",3388800
14.7,0.2,1000,"bu","13:25:50",3375700
14.7,0.2,1000,"bu","13:25:49",3374700
14.7,0.2,2500,"bu","13:25:46",3373700
14.7,0.2,300,"bu","13:25:45",3371200
14.7,0.2,100,"bu","13:25:44",3370900
14.7,0.2,7300,"bu","13:25:43",3370800
14.7,0.2,100,"bu","13:25:42",3363500
14.7,0.2,5300,"bu","13:25:40",3363400
14.7,0.2,1900,"bu","13:25:39",3358100
14.6,0.1,6400,"sd","13:25:38",3356200
14.7,0.2,3100,"bu","13:25:37",3349800
14.7,0.2,3300,"bu","13:25:36",3346700
14.7,0.2,3500,"bu","13:25:35",3343400
14.7,0.2,8300,"bu","13:25:34",3339900
14.7,0.2,9000,"bu","13:25:33",3331600
14.7,0.2,28000,"bu","13:25:32",3322600
14.7,0.2,2000,"bu","13:25:31",3294600
14.7,0.2,20600,"bu","13:25:30",3292600
14.7,0.2,2000,"bu","13:25:29",3272000
14.7,0.2,50000,"bu","13:25:27",3270000
14.7,0.2,20000,"bu","13:25:25",3220000
14.7,0.2,5000,"bu","13:25:23",3200000
14.7,0.2,31200,"bu","13:25:22",3195000
14.7,0.2,100,"bu","13:25:21",3163800
14.7,0.2,31000,"bu","13:25:20",3163700
14.7,0.2,1000,"bu","13:25:18",3132700
14.7,0.2,1000,"bu","13:25:17",3131700
14.7,0.2,4500,"bu","13:25:16",3130700
14.7,0.2,2000,"bu","13:25:14",3126200
14.7,0.2,3600,"bu","13:25:11",3124200
14.7,0.2,100,"bu","13:25:10",3120600
14.7,0.2,1300,"bu","13:25:09",3120500
14.7,0.2,54000,"bu","13:25:07",3119200
14.7,0.2,100,"bu","13:25:02",3065200
14.7,0.2,1000,"bu","13:25:01",3065100
14.7,0.2,10000,"bu","13:25:00",3064100
14.7,0.2,1000,"bu","13:24:59",3054100
14.7,0.2,100,"bu","13:24:58",3053100
14.7,0.2,600,"bu","13:24:55",3053000
14.7,0.2,100,"bu","13:24:54",3052400
14.7,0.2,2300,"bu","13:24:53",3052300
14.7,0.2,3900,"bu","13:24:51",3050000
14.7,0.2,1100,"bu","13:24:49",3046100
14.7,0.2,6000,"bu","13:24:47",3045000
14.7,0.2,4000,"bu","13:24:45",3039000
14.7,0.2,200,"bu","13:24:42",3035000
14.7,0.2,100,"bu","13:24:39",3034800
14.7,0.2,1100,"bu","13:24:38",3034700
14.7,0.2,300,"bu","13:24:36",3033600
14.7,0.2,4500,"bu","13:24:34",3033300
14.7,0.2,300,"bu","13:24:30",3028800
14.7,0.2,11000,"bu","13:24:28",3028500
14.7,0.2,2400,"bu","13:24:27",3017500
14.7,0.2,200,"bu","13:24:25",3015100
14.7,0.2,16000,"bu","13:24:24",3014900
14.7,0.2,2000,"bu","13:24:23",2998900
14.7,0.2,300,"bu","13:24:22",2996900
14.7,0.2,500,"bu","13:24:20",2996600
14.6,0.1,800,"sd","13:24:18",2996100
14.7,0.2,5200,"bu","13:24:17",2995300
14.7,0.2,2000,"bu","13:24:11",2990100
14.6,0.1,200,"sd","13:24:06",2988100
14.7,0.2,2000,"bu","13:24:05",2987900
14.6,0.1,1000,"sd","13:24:04",2985900
14.7,0.2,31500,"bu","13:23:56",2984900
14.7,0.2,2000,"bu","13:23:55",2953400
14.7,0.2,2000,"bu","13:23:54",2951400
14.7,0.2,1000,"bu","13:23:47",2949400
14.7,0.2,3200,"bu","13:23:46",2948400
14.6,0.1,200,"sd","13:23:44",2945200
14.7,0.2,600,"bu","13:23:41",2945000
14.7,0.2,100,"bu","13:23:39",2944400
14.7,0.2,400,"bu","13:23:35",2944300
14.7,0.2,4500,"bu","13:23:33",2943900
14.7,0.2,700,"bu","13:23:30",2939400
14.7,0.2,500,"bu","13:23:24",2938700
14.6,0.1,100,"sd","13:23:09",2938200
14.7,0.2,28000,"bu","13:23:03",2938100
14.7,0.2,1800,"bu","13:23:01",2910100
14.7,0.2,2000,"bu","13:23:00",2908300
14.6,0.1,500,"sd","13:22:59",2906300
14.7,0.2,5000,"bu","13:22:58",2905800
14.7,0.2,400,"bu","13:22:56",2900800
14.7,0.2,8700,"bu","13:22:55",2900400
14.7,0.2,100,"bu","13:22:53",2891700
14.7,0.2,2000,"bu","13:22:51",2891600
14.7,0.2,600,"bu","13:22:47",2889600
14.7,0.2,1000,"bu","13:22:45",2889000
14.7,0.2,500,"bu","13:22:42",2888000
14.7,0.2,300,"bu","13:22:36",2887500
14.7,0.2,3100,"bu","13:22:34",2887200
14.7,0.2,1100,"bu","13:22:33",2884100
14.7,0.2,3000,"bu","13:22:30",2883000
14.7,0.2,6500,"bu","13:22:27",2880000
14.7,0.2,5000,"bu","13:22:26",2873500
14.7,0.2,6000,"bu","13:22:18",2868500
14.7,0.2,5000,"bu","13:22:17",2862500
14.6,0.1,100,"sd","13:22:13",2857500
14.7,0.2,1000,"bu","13:22:06",2857400
14.6,0.1,11000,"bu","13:22:04",2856400
14.6,0.1,600,"bu","13:22:03",2845400
14.6,0.1,100,"bu","13:22:02",2844800
14.6,0.1,500,"bu","13:22:00",2844700
14.6,0.1,7000,"bu","13:21:59",2844200
14.6,0.1,100,"bu","13:21:58",2837200
14.6,0.1,500,"bu","13:21:57",2837100
14.6,0.1,5200,"sd","13:21:56",2836600
14.6,0.1,400,"sd","13:21:55",2831400
14.6,0.1,8100,"bu","13:21:53",2831000
14.6,0.1,700,"bu","13:21:52",2822900
14.6,0.1,22000,"bu","13:21:51",2822200
14.6,0.1,1300,"bu","13:21:50",2800200
14.6,0.1,8000,"bu","13:21:49",2798900
14.6,0.1,4500,"bu","13:21:48",2790900
14.6,0.1,7500,"bu","13:21:46",2786400
14.6,0.1,21000,"bu","13:21:45",2778900
14.6,0.1,3000,"bu","13:21:44",2757900
14.6,0.1,300,"bu","13:21:43",2754900
14.6,0.1,53100,"bu","13:21:42",2754600
14.6,0.1,7500,"bu","13:21:41",2701500
14.6,0.1,4000,"bu","13:21:40",2694000
14.6,0.1,1200,"bu","13:21:39",2690000
14.6,0.1,600,"bu","13:21:38",2688800
14.6,0.1,7800,"bu","13:21:37",2688200
14.6,0.1,1400,"bu","13:21:36",2680400
14.6,0.1,6100,"bu","13:21:35",2679000
14.6,0.1,1600,"bu","13:21:34",2672900
14.6,0.1,300,"bu","13:21:33",2671300
14.6,0.1,50800,"bu","13:21:32",2671000
14.6,0.1,21000,"bu","13:21:31",2620200
14.6,0.1,400,"bu","13:21:29",2599200
14.6,0.1,7000,"bu","13:21:28",2598800
14.6,0.1,3500,"bu","13:21:27",2591800
14.6,0.1,300,"bu","13:21:24",2588300
14.6,0.1,4000,"bu","13:21:22",2588000
14.6,0.1,1000,"bu","13:21:20",2584000
14.6,0.1,15000,"bu","13:21:19",2583000
14.6,0.1,100,"bu","13:21:13",2568000
14.6,0.1,1600,"bu","13:21:12",2567900
14.6,0.1,6000,"bu","13:21:10",2566300
14.6,0.1,200,"bu","13:21:09",2560300
14.6,0.1,1700,"bu","13:21:07",2560100
14.6,0.1,200,"bu","13:21:05",2558400
14.6,0.1,5000,"bu","13:21:03",2558200
14.6,0.1,200,"bu","13:21:02",2553200
14.6,0.1,1500,"bu","13:21:00",2553000
14.6,0.1,5000,"bu","13:20:59",2551500
14.6,0.1,4000,"bu","13:20:57",2546500
14.6,0.1,2000,"bu","13:20:56",2542500
14.6,0.1,4500,"bu","13:20:54",2540500
14.6,0.1,500,"bu","13:20:53",2536000
14.6,0.1,1000,"bu","13:20:51",2535500
14.6,0.1,3500,"bu","13:20:50",2534500
14.6,0.1,4000,"bu","13:20:49",2531000
14.6,0.1,100,"bu","13:20:45",2527000
14.6,0.1,1000,"bu","13:20:44",2526900
14.6,0.1,3000,"bu","13:20:42",2525900
14.6,0.1,7000,"bu","13:20:41",2522900
14.6,0.1,2600,"bu","13:20:38",2515900
14.6,0.1,10000,"bu","13:20:35",2513300
14.6,0.1,2000,"bu","13:20:32",2503300
14.5,0,300,"sd","13:20:30",2501300
14.6,0.1,2000,"bu","13:20:29",2501000
14.6,0.1,200,"bu","13:20:28",2499000
14.6,0.1,1300,"bu","13:20:27",2498800
14.6,0.1,5200,"bu","13:20:25",2497500
14.6,0.1,1000,"bu","13:20:21",2492300
14.6,0.1,3000,"bu","13:20:20",2491300
14.6,0.1,500,"bu","13:20:16",2488300
14.6,0.1,1200,"bu","13:20:13",2487800
14.6,0.1,4800,"bu","13:20:12",2486600
14.6,0.1,5800,"bu","13:20:10",2481800
14.6,0.1,400,"bu","13:20:07",2476000
14.6,0.1,8000,"bu","13:20:06",2475600
14.6,0.1,3000,"bu","13:20:05",2467600
14.6,0.1,2100,"bu","13:20:04",2464600
14.6,0.1,4700,"bu","13:20:01",2462500
14.6,0.1,900,"bu","13:20:00",2457800
14.6,0.1,32500,"bu","13:19:58",2456900
14.6,0.1,3700,"bu","13:19:54",2424400
14.6,0.1,1000,"bu","13:19:53",2420700
14.6,0.1,100,"bu","13:19:52",2419700
14.6,0.1,2500,"bu","13:19:46",2419600
14.6,0.1,55000,"bu","13:19:44",2417100
14.6,0.1,300,"bu","13:19:41",2362100
14.6,0.1,2000,"bu","13:19:37",2361800
14.6,0.1,1000,"bu","13:19:36",2359800
14.6,0.1,1500,"bu","13:19:33",2358800
14.6,0.1,100,"bu","13:19:29",2357300
14.6,0.1,400,"bu","13:19:20",2357200
14.6,0.1,500,"bu","13:19:17",2356800
14.6,0.1,200,"bu","13:19:11",2356300
14.6,0.1,100,"bu","13:18:59",2356100
14.6,0.1,2200,"bu","13:18:52",2356000
14.5,0,1000,"sd","13:18:48",2353800
14.6,0.1,200,"bu","13:18:42",2352800
14.6,0.1,100,"bu","13:18:31",2352600
14.6,0.1,3000,"bu","13:18:30",2352500
14.6,0.1,7000,"bu","13:18:25",2349500
14.6,0.1,400,"bu","13:18:22",2342500
14.6,0.1,1000,"bu","13:18:15",2342100
14.6,0.1,100,"bu","13:17:58",2341100
14.6,0.1,2000,"bu","13:17:51",2341000
14.6,0.1,300,"bu","13:17:48",2339000
14.6,0.1,7000,"bu","13:17:47",2338700
14.5,0,3900,"sd","13:17:46",2331700
14.5,0,800,"sd","13:17:14",2327800
14.6,0.1,700,"bu","13:17:13",2327000
14.6,0.1,100,"bu","13:17:11",2326300
14.6,0.1,700,"bu","13:17:09",2326200
14.6,0.1,200,"bu","13:17:08",2325500
14.6,0.1,900,"bu","13:17:05",2325300
14.6,0.1,300,"bu","13:17:04",2324400
14.6,0.1,7000,"bu","13:17:02",2324100
14.6,0.1,1000,"bu","13:16:59",2317100
14.6,0.1,300,"bu","13:16:54",2316100
14.6,0.1,2500,"bu","13:16:49",2315800
14.6,0.1,30000,"bu","13:16:48",2313300
14.6,0.1,400,"bu","13:16:42",2283300
14.6,0.1,200,"bu","13:16:35",2282900
14.6,0.1,1000,"bu","13:16:23",2282700
14.6,0.1,500,"bu","13:16:18",2281700
14.6,0.1,5000,"bu","13:16:15",2281200
14.6,0.1,100,"bu","13:16:13",2276200
14.6,0.1,1900,"bu","13:16:11",2276100
14.6,0.1,100,"bu","13:16:09",2274200
14.6,0.1,100,"bu","13:16:04",2274100
14.6,0.1,500,"bu","13:16:03",2274000
14.6,0.1,100,"bu","13:16:02",2273500
14.6,0.1,1000,"bu","13:16:00",2273400
14.6,0.1,10100,"bu","13:15:59",2272400
14.6,0.1,500,"bu","13:15:50",2262300
14.6,0.1,500,"bu","13:15:48",2261800
14.6,0.1,200,"bu","13:15:45",2261300
14.6,0.1,1000,"bu","13:15:44",2261100
14.6,0.1,1900,"bu","13:15:41",2260100
14.6,0.1,500,"bu","13:15:37",2258200
14.6,0.1,1000,"bu","13:15:34",2257700
14.6,0.1,300,"bu","13:15:29",2256700
14.6,0.1,100,"bu","13:15:28",2256400
14.6,0.1,1000,"bu","13:15:20",2256300
14.6,0.1,200,"bu","13:15:19",2255300
14.6,0.1,5000,"bu","13:15:18",2255100
14.6,0.1,10000,"bu","13:15:08",2250100
14.6,0.1,1000,"bu","13:15:06",2240100
14.6,0.1,10000,"bu","13:14:59",2239100
14.6,0.1,12000,"bu","13:14:58",2229100
14.6,0.1,2000,"bu","13:14:56",2217100
14.6,0.1,2000,"bu","13:14:52",2215100
14.6,0.1,14000,"bu","13:14:46",2213100
14.6,0.1,1000,"bu","13:14:45",2199100
14.6,0.1,10000,"bu","13:14:44",2198100
14.6,0.1,100,"bu","13:14:36",2188100
14.6,0.1,1000,"bu","13:14:34",2188000
14.6,0.1,10000,"bu","13:14:31",2187000
14.5,0,1000,"sd","13:14:22",2177000
14.6,0.1,80000,"bu","13:14:20",2176000
14.5,0,400,"sd","13:14:19",2096000
14.5,0,500,"sd","13:14:15",2095600
14.5,0,200,"sd","13:14:12",2095100
14.5,0,100,"sd","13:13:59",2094900
14.5,0,10000,"sd","13:13:58",2094800
14.5,0,6000,"sd","13:13:51",2084800
14.5,0,3000,"sd","13:13:49",2078800
14.5,0,1000,"sd","13:13:41",2075800
14.6,0.1,10000,"bu","13:13:40",2074800
14.5,0,1000,"sd","13:13:32",2064800
14.5,0,1500,"sd","13:13:26",2063800
14.5,0,3000,"sd","13:12:55",2062300
14.5,0,500,"sd","13:12:49",2059300
14.6,0.1,2000,"bu","13:12:41",2058800
14.6,0.1,5000,"bu","13:12:20",2056800
14.6,0.1,300,"bu","13:12:13",2051800
14.6,0.1,200,"bu","13:12:04",2051500
14.6,0.1,300,"bu","13:12:01",2051300
14.6,0.1,900,"bu","13:11:51",2051000
14.6,0.1,800,"bu","13:11:46",2050100
14.6,0.1,100,"bu","13:11:38",2049300
14.6,0.1,7000,"bu","13:11:35",2049200
14.6,0.1,100,"bu","13:11:31",2042200
14.6,0.1,100,"bu","13:11:30",2042100
14.6,0.1,300,"bu","13:11:29",2042000
14.6,0.1,200,"bu","13:11:20",2041700
14.6,0.1,400,"bu","13:11:05",2041500
14.6,0.1,600,"bu","13:10:57",2041100
14.6,0.1,100,"bu","13:10:55",2040500
14.5,0,1000,"sd","13:10:47",2040400
14.5,0,3000,"sd","13:10:38",2039400
14.5,0,1000,"sd","13:10:30",2036400
14.5,0,200,"sd","13:10:27",2035400
14.5,0,1000,"sd","13:10:24",2035200
14.5,0,1500,"sd","13:10:10",2034200
14.5,0,3700,"sd","13:10:06",2032700
14.5,0,2500,"sd","13:09:58",2029000
14.5,0,700,"sd","13:09:56",2026500
14.5,0,200,"sd","13:09:52",2025800
14.5,0,11600,"sd","13:09:40",2025600
14.5,0,1800,"sd","13:09:39",2014000
14.5,0,1000,"sd","13:09:34",2012200
14.5,0,1000,"sd","13:09:27",2011200
14.5,0,2000,"sd","13:09:11",2010200
14.5,0,6900,"sd","13:08:55",2008200
14.5,0,100,"bu","13:08:53",2001300
14.5,0,3100,"bu","13:08:51",2001200
14.5,0,1100,"bu","13:08:48",1998100
14.5,0,4200,"bu","13:08:46",1997000
14.5,0,2000,"bu","13:08:44",1992800
14.5,0,5200,"bu","13:08:38",1990800
14.5,0,100,"bu","13:08:33",1985600
14.5,0,1000,"bu","13:08:30",1985500
14.5,0,2000,"bu","13:08:29",1984500
14.5,0,20000,"bu","13:08:25",1982500
14.5,0,800,"bu","13:08:24",1962500
14.5,0,100,"bu","13:08:22",1961700
14.5,0,2000,"bu","13:08:20",1961600
14.5,0,5000,"bu","13:08:18",1959600
14.5,0,1000,"bu","13:08:17",1954600
14.5,0,200,"bu","13:08:16",1953600
14.5,0,100,"bu","13:08:10",1953400
14.5,0,1800,"bu","13:08:08",1953300
14.5,0,147900,"bu","13:08:07",1951500
14.6,0.1,10100,"bu","13:08:06",1803600
14.6,0.1,500,"bu","13:07:59",1793500
14.6,0.1,2400,"bu","13:07:57",1793000
14.6,0.1,1500,"bu","13:07:56",1790600
14.6,0.1,800,"bu","13:07:51",1789100
14.6,0.1,700,"bu","13:07:42",1788300
14.6,0.1,600,"bu","13:07:39",1787600
14.6,0.1,100,"bu","13:07:20",1787000
14.5,0,1000,"sd","13:07:16",1786900
14.6,0.1,2000,"bu","13:07:15",1785900
14.6,0.1,5000,"bu","13:07:08",1783900
14.5,0,1500,"sd","13:07:07",1778900
14.6,0.1,3100,"bu","13:07:04",1777400
14.6,0.1,100,"bu","13:07:03",1774300
14.6,0.1,400,"bu","13:06:50",1774200
14.6,0.1,5000,"bu","13:06:45",1773800
14.5,0,200,"sd","13:05:56",1768800
14.5,0,5000,"sd","13:05:54",1768600
14.6,0.1,2900,"bu","13:05:51",1763600
14.6,0.1,1900,"bu","13:05:50",1760700
14.5,0,1000,"sd","13:05:44",1758800
14.5,0,200,"sd","13:05:41",1757800
14.6,0.1,3500,"bu","13:05:38",1757600
14.5,0,2000,"sd","13:05:36",1754100
14.5,0,1000,"sd","13:05:30",1752100
14.5,0,10200,"sd","13:05:27",1751100
14.6,0.1,500,"bu","13:05:26",1740900
14.6,0.1,100,"bu","13:05:20",1740400
14.6,0.1,3700,"bu","13:05:10",1740300
14.5,0,400,"sd","13:05:04",1736600
14.5,0,300,"sd","13:04:58",1736200
14.5,0,30000,"sd","13:04:56",1735900
14.6,0.1,200,"bu","13:04:53",1705900
14.5,0,200,"sd","13:04:52",1705700
14.5,0,300,"sd","13:04:47",1705500
14.5,0,200,"sd","13:04:42",1705200
14.5,0,300,"sd","13:04:37",1705000
14.5,0,300,"sd","13:04:30",1704700
14.5,0,1400,"sd","13:04:28",1704400
14.5,0,200,"bu","13:04:26",1703000
14.5,0,2000,"bu","13:04:25",1702800
14.5,0,1000,"bu","13:04:24",1700800
14.5,0,500,"bu","13:04:23",1699800
14.5,0,1500,"bu","13:04:19",1699300
14.5,0,500,"bu","13:04:18",1697800
14.5,0,8200,"bu","13:04:15",1697300
14.5,0,1000,"bu","13:04:14",1689100
14.5,0,300,"bu","13:04:12",1688100
14.5,0,5000,"bu","13:04:10",1687800
14.5,0,1500,"bu","13:04:09",1682800
14.5,0,8500,"bu","13:04:05",1681300
14.5,0,4000,"bu","13:04:04",1672800
14.5,0,500,"bu","13:04:03",1668800
14.5,0,25100,"bu","13:03:59",1668300
14.5,0,5000,"bu","13:03:55",1643200
14.5,0,13000,"bu","13:03:54",1638200
14.5,0,1000,"bu","13:03:53",1625200
14.5,0,8000,"bu","13:03:51",1624200
