"price","change","match_qtty","side","time","total_vol"
54.8,0.1,137500,"","14:45:06",2153500
54.4,-0.3,300,"bu","14:29:59",2016000
54.4,-0.3,2000,"bu","14:29:57",2015700
54.3,-0.4,500,"sd","14:29:47",2013700
54.3,-0.4,100,"sd","14:29:46",2013200
54.4,-0.3,300,"bu","14:29:45",2013100
54.4,-0.3,4200,"bu","14:29:36",2012800
54.4,-0.3,1000,"bu","14:29:34",2008600
54.4,-0.3,300,"bu","14:29:21",2007600
54.3,-0.4,200,"sd","14:29:19",2007300
54.3,-0.4,800,"sd","14:29:18",2007100
54.3,-0.4,2000,"sd","14:29:09",2006300
54.3,-0.4,300,"sd","14:29:07",2004300
54.4,-0.3,500,"bu","14:29:05",2004000
54.4,-0.3,100,"bu","14:28:43",2003500
54.4,-0.3,100,"bu","14:28:42",2003400
54.4,-0.3,100,"bu","14:28:38",2003300
54.4,-0.3,100,"bu","14:28:35",2003200
54.3,-0.4,2400,"sd","14:28:33",2003100
54.4,-0.3,500,"bu","14:28:30",2000700
54.7,0,1500,"bu","13:49:44",1450500
54.4,-0.3,5700,"sd","13:49:42",1449000
54.5,-0.2,2400,"sd","13:49:42",1443300
54.6,-0.1,600,"sd","13:49:42",1440900
54.7,0,500,"bu","13:49:42",1440300
54.7,0,1000,"bu","13:49:35",1439800
54.6,-0.1,1000,"bu","13:49:05",1438800
54.5,-0.2,500,"sd","13:48:37",1437800
54.5,-0.2,1000,"bu","13:48:36",1437300
54.5,-0.2,4900,"bu","13:48:35",1436300
54.5,-0.2,5000,"bu","13:48:33",1431400
54.5,-0.2,100,"bu","13:48:30",1426400
54.4,-0.3,1800,"bu","13:48:05",1426300
54.4,-0.3,200,"bu","13:47:23",1424500
54.3,-0.4,500,"sd","13:46:50",1424300
54.4,-0.3,200,"bu","13:46:47",1423800
54.4,-0.3,300,"bu","13:46:44",1423100
54.3,-0.4,1000,"sd","13:46:32",1422800
54.3,-0.4,300,"sd","13:46:28",1421800
54.3,-0.4,2000,"sd","13:46:01",1421500
54.4,-0.1,100,"bu","14:26:49",1085300
54.4,-0.1,2000,"bu","14:26:40",1085200
54.4,-0.1,100,"bu","14:26:24",1083200
54.4,-0.1,700,"bu","14:26:21",1083100
54.4,-0.1,2600,"sd","14:26:20",1082400
54.4,-0.1,700,"sd","14:26:10",1079800
54.4,-0.1,100,"sd","14:25:29",1079100
54.4,-0.1,100,"sd","14:25:20",1079000
54.4,-0.1,100,"bu","14:25:00",1078900
54.5,0,100,"bu","14:24:52",1078800
54.5,0,100,"bu","14:24:09",1078700
54.3,-0.2,300,"sd","14:24:03",1078600
54.5,0,100,"bu","14:23:48",1078300
54.2,-0.3,1800,"sd","14:23:18",1078200
54.3,-0.2,200,"sd","14:23:18",1076400
54.3,-0.2,300,"sd","14:23:15",1076200
54.3,-0.2,400,"sd","14:23:03",1075900
54.5,0,100,"bu","14:22:58",1075500
54.4,-0.1,100,"bu","14:22:45",1075400
54.4,-0.1,1000,"bu","14:22:44",1075300
54.3,-0.2,600,"sd","14:22:40",1074300
54.2,-0.3,1000,"sd","14:22:07",1073700
54.3,-0.2,900,"bu","14:22:03",1072700
54.2,-0.3,1000,"sd","14:21:54",1071800
54.2,-0.3,3000,"sd","14:21:51",1070800
54.3,-0.2,1400,"sd","14:21:29",1067800
54.3,-0.2,1600,"sd","14:21:19",1066400
54.3,-0.2,200,"sd","14:21:02",1064800
54.4,-0.1,100,"bu","14:20:43",1064600
54.5,0,300,"bu","14:19:25",1064500
54.4,-0.1,2700,"bu","14:19:25",1064200
54.4,-0.1,500,"bu","14:19:19",1061500
54.4,-0.1,3000,"bu","14:19:11",1061000
54.4,-0.1,100,"bu","14:19:07",1058000
54.3,-0.2,200,"sd","14:18:47",1057900
54.2,-0.3,8000,"sd","14:18:07",1057700
54.4,-0.1,500,"bu","14:17:46",1049700
54.3,-0.2,500,"bu","14:17:46",1049200
54.3,-0.2,700,"bu","14:17:43",1048700
54.2,-0.3,2000,"bu","14:17:27",1048000
54.2,-0.3,300,"bu","14:17:23",1046000
54.1,-0.4,1000,"sd","14:17:16",1045700
54.2,-0.3,100,"bu","14:17:14",1044700
54.1,-0.4,700,"sd","14:17:09",1044600
54.1,-0.4,1000,"sd","14:17:04",1043900
54.2,-0.3,5600,"bu","14:17:03",1042900
54.1,-0.4,900,"sd","14:17:02",1037300
54.1,-0.4,3400,"sd","14:16:54",1036400
54.1,-0.4,100,"bu","14:16:47",1033000
54,-0.5,500,"sd","14:16:45",1032900
54.1,-0.4,200,"bu","14:16:42",1030400
54.1,-0.4,100,"bu","14:16:36",1030200
54.1,-0.4,700,"sd","14:16:35",1030100
54.1,-0.4,1000,"sd","14:16:24",1029400
54,-0.5,1900,"sd","14:16:21",1028400
54.1,-0.4,100,"sd","14:16:21",1026500
54.1,-0.4,200,"sd","14:16:19",1026400
54.1,-0.4,1200,"sd","14:16:17",1026200
54.1,-0.4,1500,"sd","14:16:11",1025000
54.1,-0.4,300,"bu","14:16:09",1023500
54,-0.5,1000,"sd","14:16:04",1023200
54.1,-0.4,400,"sd","14:16:04",1022200
54.2,-0.3,100,"sd","14:16:04",1021800
54.1,-0.4,3000,"sd","14:15:57",1021700
54.2,-0.3,100,"bu","14:15:53",1018700
54.2,-0.3,300,"bu","14:15:46",1018600
54.1,-0.4,300,"sd","14:15:44",1018300
54.1,-0.4,20900,"sd","14:15:37",1018000
54.2,-0.3,100,"sd","14:15:26",997100
54.2,-0.3,200,"sd","14:15:25",997000
54.2,-0.3,100,"sd","14:15:23",996800
54.2,-0.3,700,"bu","14:15:21",996700
54.2,-0.3,1000,"bu","14:15:20",996000
54.2,-0.3,100,"bu","14:15:17",995000
54.2,-0.3,100,"bu","14:15:17",994900
54.2,-0.3,100,"bu","14:15:10",994800
54.2,-0.3,1100,"bu","14:15:09",994700
54.2,-0.3,100,"bu","14:15:04",993600
54.2,-0.3,100,"bu","14:14:59",993500
54.2,-0.3,100,"bu","14:14:52",993400
54.2,-0.3,100,"bu","14:14:51",993300
54.2,-0.3,100,"bu","14:14:40",993200
54.2,-0.3,100,"bu","14:14:39",993100
54.2,-0.3,200,"bu","14:14:31",993000
54.2,-0.3,100,"bu","14:14:28",992800
54.2,-0.3,12800,"sd","14:14:25",992700
54.2,-0.3,100,"sd","14:14:18",979900
54.2,-0.3,8600,"sd","14:14:16",979800
54.2,-0.3,2100,"sd","14:13:51",971200
54.3,-0.2,2900,"sd","14:13:51",969100
54.3,-0.2,2000,"sd","14:13:47",966200
54.3,-0.2,2000,"sd","14:13:13",964200
54.3,-0.2,100,"sd","14:13:01",962200
54.3,-0.2,1000,"sd","14:12:48",962100
54.3,-0.2,200,"sd","14:12:41",961100
54.3,-0.2,1000,"sd","14:12:36",960900
54.3,-0.2,400,"sd","14:12:23",959900
54.4,-0.1,100,"bu","14:12:20",959500
54.4,-0.1,500,"bu","14:12:12",959400
54.4,-0.1,100,"bu","14:12:10",958900
54.4,-0.1,800,"bu","14:11:11",958800
54.4,-0.1,400,"bu","14:11:01",958000
54.3,-0.2,1000,"sd","14:10:39",957600
54.3,-0.2,1100,"bu","14:10:09",956600
54.3,-0.2,100,"bu","14:10:07",955500
54.3,-0.2,1000,"bu","14:10:05",955400
54.3,-0.2,100,"bu","14:10:00",954400
54.3,-0.2,100,"bu","14:09:54",954300
54.3,-0.2,100,"bu","14:09:49",954200
54.3,-0.2,100,"bu","14:09:44",954100
54.3,-0.2,100,"bu","14:09:43",954000
54.3,-0.2,100,"bu","14:09:38",953900
54.3,-0.2,100,"bu","14:09:20",953800
54.3,-0.2,100,"bu","14:09:01",953700
54.3,-0.2,200,"bu","14:08:47",953600
54.3,-0.2,100,"bu","14:08:46",953400
54.3,-0.2,200,"bu","14:08:44",953300
54.3,-0.2,100,"bu","14:08:38",953100
54.3,-0.2,100,"bu","14:08:31",953000
54.4,-0.1,300,"bu","14:08:26",952900
54.4,-0.1,700,"bu","14:08:20",952600
54.3,-0.2,4300,"bu","14:08:20",951900
54.3,-0.2,13700,"sd","14:08:13",947600
54.4,-0.1,22100,"sd","14:08:04",933900
54.4,-0.1,21600,"sd","14:08:04",911800
54.4,-0.1,1000,"sd","14:08:01",890200
54.4,-0.1,200,"sd","14:07:45",889200
54.4,-0.1,31000,"sd","14:07:44",889000
54.4,-0.1,3000,"sd","14:07:28",858000
54.4,-0.1,100,"sd","14:07:03",855000
54.5,0,2000,"sd","14:07:00",854900
54.5,0,400,"bu","14:06:53",852900
54.4,-0.1,400,"sd","14:06:38",852500
54.5,0,5000,"bu","14:06:34",852100
54.5,0,500,"bu","14:06:32",847100
54.5,0,100,"bu","14:06:30",846600
54.5,0,300,"bu","14:05:08",846500
54.5,0,100,"bu","14:04:46",846200
54.4,-0.1,1000,"sd","14:04:43",846100
54.5,0,13000,"sd","14:04:43",845100
54.5,0,500,"sd","14:04:40",832100
54.5,0,600,"sd","14:04:38",831600
54.5,0,1000,"sd","14:04:36",831000
54.5,0,10200,"sd","14:04:24",830000
54.5,0,700,"sd","14:04:21",819800
54.5,0,400,"sd","14:04:18",819100
54.5,0,400,"sd","14:03:54",818700
54.5,0,200,"sd","14:03:37",818300
54.5,0,200,"sd","14:02:37",818100
54.5,0,6000,"sd","14:02:17",817900
54.5,0,1500,"sd","14:01:20",811900
54.5,0,1000,"sd","14:01:19",810400
54.5,0,300,"sd","14:01:18",809400
54.5,0,200,"sd","14:01:03",809100
54.6,0.1,200,"bu","14:00:29",808900
54.6,0.1,2000,"bu","14:00:26",808700
54.6,0.1,100,"bu","14:00:22",806700
54.6,0.1,100,"sd","13:59:45",806600
54.6,0.1,2600,"sd","13:59:38",806500
54.6,0.1,400,"sd","13:59:10",803900
54.6,0.1,1200,"sd","13:58:48",803500
54.6,0.1,100,"sd","13:58:29",802000
54.6,0.1,500,"sd","13:58:27",801900
54.6,0.1,200,"sd","13:57:57",801400
54.7,0.2,200,"bu","13:57:42",801200
54.6,0.1,100,"bu","13:57:18",801000
54.5,0,100,"sd","13:57:15",800900
54.6,0.1,1000,"bu","13:57:08",800800
54.5,0,100,"sd","13:57:04",799800
54.5,0,1000,"sd","13:56:58",799700
54.6,0.1,100,"bu","13:56:44",798700
54.6,0.1,1000,"bu","13:56:32",798600
54.6,0.1,100,"bu","13:56:27",797600
54.6,0.1,300,"bu","13:56:22",797500
54.6,0.1,1000,"sd","13:56:14",797200
54.6,0.1,200,"bu","13:55:42",796200
54.6,0.1,900,"sd","13:54:57",796000
54.6,0.1,500,"sd","13:54:55",795100
54.6,0.1,400,"bu","13:53:57",794600
54.6,0.1,100,"bu","13:53:56",794200
54.6,0.1,200,"bu","13:53:18",794100
54.6,0.1,2800,"bu","13:52:30",793900
54.6,0.1,500,"bu","13:52:18",791100
54.6,0.1,1000,"bu","13:52:01",790600
54.5,0,800,"sd","13:51:47",789600
54.5,0,200,"sd","13:51:47",788800
54.5,0,3000,"sd","13:51:15",788600
54.6,0.1,200,"sd","13:50:25",785600
54.6,0.1,500,"sd","13:49:58",785400
54.6,0.1,400,"bu","13:49:41",784900
54.6,0.1,900,"bu","13:49:38",784500
54.6,0.1,400,"bu","13:49:31",783600
54.6,0.1,1000,"bu","13:49:18",783200
54.6,0.1,500,"bu","13:49:10",782200
54.5,0,400,"sd","13:48:32",781700
54.5,0,100,"sd","13:47:46",781300
54.5,0,5000,"sd","13:47:45",781200
54.6,0.1,1000,"bu","13:47:25",776200
54.6,0.1,100,"bu","13:47:16",775200
54.6,0.1,4000,"bu","13:46:18",775100
54.6,0.1,100,"bu","13:46:15",771100
54.5,0,500,"sd","13:46:14",771000
54.5,0,100,"sd","13:45:33",770500
54.5,0,400,"sd","13:45:30",770400
54.5,0,5900,"sd","13:45:24",770000
54.5,0,4000,"sd","13:45:20",764100
54.5,0,100,"sd","13:44:54",760100
54.5,0,200,"sd","13:44:10",760000
54.5,0,400,"sd","13:44:04",759800
54.5,0,500,"sd","13:44:03",759400
54.5,0,4000,"sd","13:44:01",758900
54.5,0,3000,"sd","13:43:59",754900
54.5,0,1000,"sd","13:43:25",751900
54.5,0,15000,"sd","13:43:17",750900
54.5,0,8000,"sd","13:43:13",735900
54.5,0,200,"sd","13:43:12",727900
54.5,0,500,"sd","13:43:09",727700
54.5,0,2000,"sd","13:42:57",727200
54.5,0,300,"sd","13:42:45",725200
54.5,0,8000,"sd","13:42:36",724900
54.5,0,2300,"sd","13:42:33",716900
54.5,0,100,"sd","13:42:28",714600
54.5,0,3600,"sd","13:42:17",714500
54.5,0,500,"sd","13:41:52",710900
54.5,0,5000,"sd","13:41:51",710400
54.6,0.1,500,"bu","13:41:23",705400
54.6,0.1,100,"bu","13:41:21",704900
54.6,0.1,1500,"sd","13:41:04",704800
54.7,0.2,200,"bu","13:40:51",703300
54.5,0,100,"sd","13:40:50",703100
54.6,0.1,400,"sd","13:40:50",703000
54.5,0,600,"sd","13:40:38",702600
54.6,0.1,400,"sd","13:40:38",702000
54.7,0.2,200,"bu","13:40:21",701600
54.6,0.1,100,"sd","13:40:08",701400
54.6,0.1,800,"sd","13:40:00",701300
54.5,0,300,"sd","13:39:34",700500
54.6,0.1,2200,"sd","13:39:34",700200
54.6,0.1,100,"sd","13:39:18",698000
54.6,0.1,3000,"sd","13:39:16",697900
54.6,0.1,100,"sd","13:38:00",694900
54.6,0.1,200,"sd","13:37:48",694800
54.6,0.1,300,"sd","13:37:18",694600
54.7,0.2,200,"sd","13:36:33",694300
54.7,0.2,800,"bu","13:36:23",694100
54.6,0.1,1200,"sd","13:36:11",693300
54.6,0.1,1000,"sd","13:35:52",692100
54.6,0.1,100,"sd","13:35:25",691100
54.6,0.1,500,"sd","13:35:19",691000
54.6,0.1,5000,"sd","13:35:17",690500
54.6,0.1,700,"sd","13:33:43",685500
54.6,0.1,2000,"sd","13:32:43",684800
54.6,0.1,400,"sd","13:32:24",682800
54.6,0.1,200,"sd","13:31:39",682400
54.6,0.1,100,"sd","13:31:34",682200
54.6,0.1,700,"sd","13:31:28",681800
54.6,0.1,100,"sd","13:31:10",681100
54.6,0.1,300,"bu","13:31:06",681000
54.6,0.1,1000,"bu","13:31:03",680700
54.6,0.1,15400,"bu","13:31:02",679700
54.6,0.1,2000,"bu","13:30:32",664300
54.6,0.1,1200,"bu","13:30:20",662300
54.5,0,200,"sd","13:30:15",661100
54.5,0,2000,"sd","13:29:39",660900
54.5,0,200,"sd","13:29:30",658900
54.5,0,100,"sd","13:29:24",658700
54.5,0,500,"sd","13:29:09",658600
54.5,0,5100,"sd","13:29:07",658100
54.6,0.1,8200,"sd","13:28:34",653000
54.6,0.1,1000,"sd","13:28:21",644800
54.6,0.1,600,"sd","13:27:53",643800
54.6,0.1,100,"sd","13:27:49",643200
54.7,0.2,100,"bu","13:27:43",643100
54.6,0.1,1200,"sd","13:27:33",643000
54.6,0.1,1000,"sd","13:27:31",641800
54.6,0.1,1000,"sd","13:27:12",640800
54.6,0.1,3000,"sd","13:27:06",639800
54.6,0.1,100,"sd","13:26:50",636800
54.6,0.1,500,"sd","13:26:49",636700
54.6,0.1,1000,"sd","13:25:14",636200
54.7,0.2,300,"sd","13:23:16",635200
54.7,0.2,5000,"sd","13:23:09",634900
54.7,0.2,5000,"sd","13:23:00",629900
54.8,0.3,100,"bu","13:22:48",624900
54.7,0.2,400,"sd","13:22:33",624800
54.7,0.2,200,"sd","13:22:23",624400
54.8,0.3,100,"bu","13:22:22",624200
54.8,0.3,1000,"bu","13:22:19",624100
54.7,0.2,1100,"bu","13:22:04",623100
54.7,0.2,500,"bu","13:21:43",622000
54.7,0.2,200,"bu","13:21:29",621500
54.6,0.1,100,"sd","13:21:07",621300
54.6,0.1,500,"sd","13:21:06",621200
54.6,0.1,10000,"sd","13:20:22",620700
54.7,0.2,100,"bu","13:20:15",610700
54.7,0.2,800,"sd","13:20:08",610600
54.7,0.2,1900,"sd","13:20:00",609800
54.7,0.2,500,"sd","13:19:45",607900
54.8,0.3,600,"bu","13:19:34",607400
54.8,0.3,100,"bu","13:19:04",606800
54.8,0.3,100,"bu","13:18:52",606700
54.8,0.3,100,"bu","13:18:23",606600
54.8,0.3,500,"bu","13:18:14",606500
54.8,0.3,400,"bu","13:18:00",606000
54.8,0.3,100,"bu","13:17:28",605600
54.8,0.3,100,"bu","13:17:27",605500
54.8,0.3,4700,"bu","13:16:55",605400
54.8,0.3,100,"bu","13:16:21",600700
54.6,0.1,600,"bu","13:15:43",600600
54.5,0,500,"sd","13:15:20",600000
54.5,0,100,"sd","13:15:12",599500
54.6,0.1,5000,"sd","13:14:54",599400
54.6,0.1,1100,"sd","13:14:44",594400
54.6,0.1,15200,"sd","13:14:44",593300
54.8,0.3,100,"bu","13:14:44",569400
54.8,0.3,200,"bu","13:14:23",569300
54.8,0.3,1000,"bu","13:14:07",569100
54.8,0.3,200,"bu","13:13:29",568100
54.8,0.3,100,"sd","13:13:06",567900
54.8,0.3,400,"bu","13:12:53",567800
54.8,0.3,500,"bu","13:12:49",567400
54.8,0.3,100,"bu","13:12:35",566900
54.8,0.3,400,"bu","13:12:10",566800
54.8,0.3,1000,"bu","13:12:09",566400
54.8,0.3,500,"bu","13:11:54",565400
54.8,0.3,500,"bu","13:11:47",564900
54.8,0.3,500,"bu","13:11:44",564400
54.8,0.3,100,"bu","13:11:11",563900
54.8,0.3,1000,"bu","13:10:52",563800
54.7,0.2,900,"bu","13:10:33",562800
54.7,0.2,900,"bu","13:10:22",561900
54.7,0.2,1000,"bu","13:10:07",561000
54.6,0.1,400,"bu","13:09:55",560000
54.6,0.1,100,"bu","13:09:43",559600
54.6,0.1,500,"sd","13:09:34",559500
54.6,0.1,400,"sd","13:09:32",559000
54.6,0.1,500,"sd","13:09:24",558600
54.6,0.1,2000,"sd","13:09:10",558100
54.6,0.1,100,"sd","13:09:07",556100
54.6,0.1,400,"sd","13:08:57",556000
54.6,0.1,100,"sd","13:08:32",555600
54.6,0.1,1100,"sd","13:08:08",555500
54.6,0.1,1100,"sd","13:06:41",554400
54.6,0.1,500,"sd","13:06:39",553300
54.6,0.1,100,"sd","13:06:33",552800
54.6,0.1,1000,"sd","13:05:55",552700
54.6,0.1,1100,"bu","13:05:31",551700
54.6,0.1,2900,"sd","13:05:19",550600
54.6,0.1,1200,"sd","13:05:15",547700
54.6,0.1,100,"sd","13:05:08",546500
54.6,0.1,10000,"sd","13:04:41",546400
54.7,0.2,200,"bu","13:04:36",536400
54.7,0.2,100,"bu","13:04:05",536200
54.6,0.1,1300,"sd","13:03:48",536100
54.6,0.1,600,"bu","13:02:29",534800
54.6,0.1,600,"bu","13:02:27",534200
54.6,0.1,200,"sd","13:02:22",533600
54.6,0.1,100,"bu","13:02:13",533400
54.6,0.1,3000,"sd","13:02:00",533300
54.6,0.1,5200,"sd","13:01:25",530300
54.6,0.1,6800,"sd","13:01:24",525100
54.7,0.2,300,"bu","13:01:24",518300
54.7,0.2,300,"bu","13:01:10",518000
54.7,0.2,1000,"bu","13:00:35",517700
54.6,0.1,600,"sd","13:00:22",516700
54.6,0.1,600,"sd","13:00:05",516100
54.6,0.1,200,"sd","13:00:02",515500
54.6,0.1,3000,"sd","13:00:00",515300
54.6,0.1,500,"sd","11:29:44",512300
54.6,0.1,1300,"sd","11:29:29",511800
54.6,0.1,200,"sd","11:29:05",510500
54.6,0.1,2000,"sd","11:28:23",510300
54.6,0.1,1400,"sd","11:28:02",508300
54.6,0.1,1400,"sd","11:26:36",506900
54.6,0.1,1900,"sd","11:25:32",505500
54.6,0.1,1400,"sd","11:25:09",503600
54.6,0.1,300,"sd","11:24:59",502200
54.7,0.2,600,"bu","11:23:46",501900
54.6,0.1,1300,"sd","11:23:43",501300
54.6,0.1,300,"sd","11:23:15",500000
54.6,0.1,500,"sd","11:22:55",499700
54.6,0.1,1400,"sd","11:22:16",499200
54.6,0.1,2000,"sd","11:21:57",497800
54.6,0.1,300,"sd","11:21:32",495800
54.7,0.2,100,"bu","11:21:19",495500
54.7,0.2,100,"bu","11:21:11",495400
54.7,0.2,500,"bu","11:20:41",495300
54.7,0.2,100,"bu","11:20:32",494800
54.7,0.2,400,"sd","11:20:29",494700
54.7,0.2,200,"sd","11:20:14",494300
54.7,0.2,100,"sd","11:19:39",494100
54.7,0.2,1400,"sd","11:19:23",494000
54.7,0.2,100,"sd","11:19:03",492600
54.7,0.2,3000,"sd","11:18:46",492500
54.8,0.3,100,"bu","11:18:43",489500
54.8,0.3,700,"sd","11:16:57",489400
54.9,0.4,1000,"bu","11:15:44",488700
54.9,0.4,100,"bu","11:15:42",487700
54.9,0.4,1900,"bu","11:15:28",487600
54.9,0.4,100,"bu","11:14:56",485700
54.8,0.3,100,"bu","11:14:51",485600
54.8,0.3,1000,"bu","11:14:21",485500
54.8,0.3,2500,"bu","11:14:16",484500
54.8,0.3,4500,"bu","11:14:16",482000
54.7,0.2,2400,"bu","11:13:50",477500
54.7,0.2,200,"bu","11:13:48",475100
54.7,0.2,1000,"bu","11:13:40",474900
54.7,0.2,100,"bu","11:13:38",473900
54.7,0.2,1000,"bu","11:13:34",473800
54.7,0.2,1500,"bu","11:13:33",472800
54.7,0.2,1900,"sd","11:12:33",471300
54.8,0.3,900,"bu","11:12:27",469400
54.7,0.2,1400,"sd","11:12:11",468500
54.7,0.2,200,"sd","11:11:55",467100
54.7,0.2,400,"sd","11:11:21",466900
54.7,0.2,1000,"sd","11:11:08",466500
54.8,0.3,100,"bu","11:10:55",465500
54.8,0.3,300,"bu","11:10:38",465400
54.8,0.3,1000,"bu","11:10:27",465100
54.8,0.3,3000,"sd","11:08:26",464100
54.8,0.3,100,"sd","11:08:22",461100
54.8,0.3,5000,"sd","11:08:21",461000
54.9,0.4,700,"sd","11:07:58",456000
55,0.5,200,"sd","11:07:17",455300
55,0.5,200,"sd","11:07:16",455100
55,0.5,500,"sd","11:07:12",454900
55,0.5,200,"sd","11:07:11",454400
55,0.5,300,"sd","11:07:10",454200
55,0.5,1000,"sd","11:06:55",453900
55,0.5,3000,"sd","11:06:50",452900
55.1,0.6,1000,"bu","11:06:41",449900
55,0.5,4000,"sd","11:06:32",448900
55.1,0.6,100,"bu","11:05:44",444900
55,0.5,10800,"sd","11:05:27",444800
55.1,0.6,4200,"sd","11:05:27",434000
55.1,0.6,200,"sd","11:04:47",429800
55.1,0.6,1100,"bu","11:04:22",429600
55.1,0.6,1900,"sd","11:04:18",428500
55.1,0.6,2000,"sd","11:03:59",426600
55.1,0.6,900,"sd","11:03:55",424600
54.4,-1.4,100,"bu","13:36:29",1758200
54.4,-1.4,3000,"sd","13:36:20",1758100
54.5,-1.3,500,"bu","13:36:17",1755100
54.4,-1.4,300,"sd","13:35:39",1754600
54.4,-1.4,5000,"sd","13:35:33",1754300
54.5,-1.3,900,"bu","13:35:30",1749300
54.4,-1.4,500,"sd","13:35:17",1748400
54.5,-1.3,1500,"sd","13:35:10",1747900
54.5,-1.3,12100,"sd","13:34:58",1746400
54.5,-1.3,3900,"sd","13:34:54",1734300
54.5,-1.3,2000,"sd","13:34:47",1730400
54.6,-1.2,1000,"bu","13:34:33",1728400
54.6,-1.2,400,"bu","13:34:32",1727400
54.6,-1.2,1000,"bu","13:34:10",1727000
54.6,-1.2,200,"bu","13:34:07",1726000
54.5,-1.3,1100,"sd","13:34:00",1725800
54.6,-1.2,200,"bu","13:33:55",1724700
54.5,-1.3,1500,"sd","13:33:51",1724500
54.6,-1.2,500,"bu","13:33:48",1723000
54.6,-1.2,100,"bu","13:33:45",1722500
55.2,0.7,200,"bu","10:59:09",399500
55.2,0.7,1000,"bu","10:58:53",399300
55.2,0.7,1000,"bu","10:58:25",398300
55.2,0.7,100,"bu","10:58:10",397300
55.2,0.7,200,"bu","10:57:38",397200
55.1,0.6,500,"sd","10:57:05",397000
55.2,0.7,200,"sd","10:56:57",396500
55.3,0.8,200,"bu","10:56:38",396300
55.3,0.8,5000,"sd","10:56:08",396100
55.4,0.9,1000,"bu","10:55:56",391100
55.4,0.9,100,"bu","10:55:35",390100
55.4,0.9,500,"bu","10:55:28",390000
55.4,0.9,400,"bu","10:55:18",389500
55.4,0.9,500,"bu","10:55:14",389100
55.4,0.9,200,"bu","10:55:06",388600
55.4,0.9,1000,"bu","10:54:59",388400
55.3,0.8,5600,"bu","10:54:59",387400
55.3,0.8,600,"bu","10:54:58",381800
55.3,0.8,1000,"bu","10:54:49",381200
55.3,0.8,100,"bu","10:54:27",380200
55.2,0.7,1000,"bu","10:54:22",380100
55.3,0.8,200,"bu","10:54:19",379100
55.3,0.8,100,"bu","10:54:02",378900
55.2,0.7,2900,"bu","10:54:02",378800
55.2,0.7,2300,"bu","10:53:57",375900
55.2,0.7,100,"bu","10:53:55",373600
55.2,0.7,3200,"bu","10:53:52",373500
55,0.5,1300,"bu","10:53:45",368500
55,0.5,5000,"bu","10:53:44",367200
55,0.5,2000,"bu","10:53:43",362200
55,0.5,3000,"bu","10:53:41",360200
55,0.5,3000,"bu","10:53:38",357200
55,0.5,7600,"bu","10:53:37",354200
55,0.5,200,"bu","10:53:33",346600
55,0.5,3000,"bu","10:53:32",346400
54.9,0.4,2000,"bu","10:53:24",343400
54.9,0.4,10400,"bu","10:53:23",341400
54.9,0.4,200,"bu","10:53:22",331000
54.9,0.4,1000,"bu","10:53:18",330800
54.8,0.3,2400,"bu","10:53:09",329800
54.8,0.3,1000,"bu","10:53:07",327400
54.8,0.3,200,"bu","10:53:05",326400
54.8,0.3,1000,"bu","10:53:04",326200
54.8,0.3,3000,"bu","10:52:57",325200
54.8,0.3,100,"bu","10:52:40",322200
54.7,0.2,1700,"bu","10:52:25",322100
54.7,0.2,500,"bu","10:52:23",320400
54.7,0.2,200,"bu","10:52:12",319900
54.7,0.2,10000,"bu","10:51:59",319700
54.6,0.1,1200,"sd","10:51:45",309700
54.6,0.1,3900,"bu","10:51:08",308500
54.6,0.1,600,"bu","10:50:58",304600
54.6,0.1,10000,"bu","10:50:47",304000
54.6,0.1,500,"bu","10:50:29",294000
54.6,0.1,100,"bu","10:50:27",293500
54.6,0.1,500,"bu","10:50:21",293400
54.6,0.1,1000,"bu","10:49:22",292900
54.6,0.1,3000,"bu","10:48:46",291900
54.6,0.1,100,"bu","10:48:44",288900
54.6,0.1,100,"bu","10:48:01",288800
54.6,0.1,100,"bu","10:47:56",288700
54.6,0.1,100,"bu","10:47:47",288600
54.6,0.1,300,"bu","10:47:40",288500
54.6,0.1,500,"bu","10:47:26",288200
54.5,0,15000,"sd","10:47:13",287700
54.6,0.1,3000,"bu","10:47:06",272700
54.6,0.1,200,"bu","10:47:06",269700
54.6,0.1,100,"bu","10:46:50",269500
54.6,0.1,3000,"bu","10:46:41",269400
54.5,0,100,"sd","10:45:49",266400
54.5,0,1300,"bu","10:45:02",266300
54.5,0,300,"bu","10:45:00",265000
54.5,0,1400,"sd","10:44:45",264700
54.5,0,200,"sd","10:44:38",263300
54.5,0,1000,"sd","10:44:20",263100
54.5,0,2500,"sd","10:43:55",262100
54.5,0,100,"sd","10:43:26",259600
54.5,0,200,"sd","10:42:14",259500
54.5,0,300,"sd","10:42:05",259300
54.5,0,100,"sd","10:41:04",259000
54.5,0,200,"sd","10:39:53",258900
54.5,0,400,"bu","10:39:15",258700
54.5,0,100,"sd","10:39:02",258300
54.4,-0.1,2600,"sd","10:38:54",258200
54.5,0,2400,"sd","10:38:54",255600
54.5,0,400,"bu","10:38:51",253200
54.5,0,700,"sd","10:38:29",252800
54.4,-0.1,1300,"sd","10:38:06",252100
54.5,0,8700,"sd","10:38:06",250800
54.5,0,200,"sd","10:37:57",242100
54.5,0,300,"sd","10:37:54",241900
54.5,0,1000,"sd","10:37:51",241600
54.5,0,200,"sd","10:37:30",240600
54.5,0,2100,"bu","10:37:00",240400
54.5,0,1000,"bu","10:36:58",238300
54.5,0,100,"bu","10:36:44",237300
54.5,0,200,"bu","10:36:42",237200
54.5,0,1000,"bu","10:36:38",237000
54.5,0,300,"bu","10:36:35",236000
54.5,0,300,"bu","10:36:32",235700
54.5,0,100,"bu","10:36:31",235400
54.5,0,500,"bu","10:36:23",235300
54.5,0,1500,"bu","10:36:22",234800
54.5,0,1000,"bu","10:36:16",233300
54.5,0,1000,"bu","10:36:10",232300
54.5,0,3000,"bu","10:36:07",231300
54.5,0,200,"bu","10:35:50",228300
54.5,0,200,"bu","10:35:45",228100
54.5,0,500,"bu","10:34:56",227900
54.5,0,100,"bu","10:34:33",227400
54.5,0,1000,"bu","10:34:30",227300
54.5,0,1000,"bu","10:34:24",226300
54.5,0,1000,"bu","10:34:18",225300
54.5,0,100,"bu","10:34:06",224300
54.5,0,1000,"bu","10:33:54",224200
54.5,0,100,"bu","10:33:34",223200
54.5,0,200,"bu","10:32:03",223100
54.5,0,200,"bu","10:32:02",222900
54.5,0,100,"bu","10:31:58",222700
54.5,0,100,"bu","10:31:51",222600
54.5,0,100,"bu","10:31:13",222500
54.5,0,1000,"bu","10:31:00",222400
54.5,0,400,"bu","10:30:54",221400
54.5,0,100,"bu","10:30:28",221000
54.5,0,200,"bu","10:30:14",220900
54.5,0,600,"bu","10:29:59",220700
54.5,0,500,"bu","10:29:32",220100
54.5,0,300,"bu","10:29:20",219600
54.5,0,1000,"bu","10:28:54",219300
54.5,0,200,"bu","10:28:38",218300
54.5,0,900,"sd","10:28:37",218100
54.5,0,100,"bu","10:28:29",217200
54.4,-0.1,300,"sd","10:28:26",217100
54.5,0,900,"sd","10:28:15",216800
54.5,0,100,"bu","10:28:09",215900
54.5,0,1000,"bu","10:28:04",215800
54.5,0,1000,"bu","10:27:59",214800
54.5,0,3000,"bu","10:27:43",213800
54.5,0,200,"bu","10:27:36",210800
54.5,0,1300,"sd","10:27:19",210600
54,-1.8,500,"sd","13:23:22",1579800
54.1,-1.7,100,"bu","13:23:21",1579300
54.1,-1.7,4000,"bu","13:23:20",1579200
54.1,-1.7,3000,"bu","13:23:20",1575200
54.1,-1.7,200,"bu","13:23:13",1572200
54,-1.8,700,"sd","13:23:11",1572000
54,-1.8,100,"sd","13:23:10",1571300
54,-1.8,3000,"sd","13:23:08",1571200
54,-1.8,100,"sd","13:23:07",1568200
54,-1.8,1000,"sd","13:23:07",1568100
54,-1.8,10000,"sd","13:23:04",1567100
54,-1.8,1000,"sd","13:23:03",1557100
54,-1.8,7000,"sd","13:23:01",1556100
54.1,-1.7,500,"bu","13:23:00",1549100
54,-1.8,1000,"sd","13:23:00",1548600
54.1,-1.7,800,"bu","13:22:59",1547600
54,-1.8,10000,"sd","13:22:58",1546800
54,-1.8,17000,"sd","13:22:57",1536800
54,-1.8,14800,"sd","13:22:54",1519800
54.1,-1.7,1000,"bu","13:22:52",1505000
54,-1.8,1100,"sd","13:22:50",1504000
54,-1.8,4900,"sd","13:22:49",1502900
54,-1.8,100,"sd","13:22:49",1498000
54.1,-1.7,500,"bu","13:22:49",1497900
54,-1.8,100,"sd","13:22:47",1497400
54.1,-1.7,100,"bu","13:22:47",1497300
54.1,-1.7,300,"bu","13:22:46",1495600
54,-1.8,2400,"sd","13:22:45",1495300
54,-1.8,14000,"sd","13:22:44",1492900
54,-1.8,4500,"sd","13:22:42",1478900
54,-1.8,3000,"sd","13:22:41",1474400
54,-1.8,500,"sd","13:22:34",1471400
54.1,-1.7,800,"sd","13:22:34",1470900
54.1,-1.7,800,"sd","13:22:24",1470100
54,-1.8,2100,"sd","13:22:09",1469300
54,-1.8,9000,"sd","13:22:08",1467200
54,-1.8,1000,"sd","13:22:04",1457700
54,-1.8,2000,"sd","13:22:04",1456700
54,-1.8,200,"sd","13:22:00",1454700
54,-1.8,4100,"sd","13:21:59",1454500
54.1,-1.7,15400,"sd","13:21:59",1450400
54.2,-1.6,600,"sd","13:21:59",1435000
54.2,-1.6,2100,"sd","13:21:56",1434400
54.2,-1.6,500,"sd","13:21:53",1432300
54.2,-1.6,5000,"sd","13:21:51",1431800
54.2,-1.6,2400,"sd","13:21:51",1426800
54.2,-1.6,500,"sd","13:21:49",1424400
54.2,-1.6,500,"sd","13:21:48",1423900
54.2,-1.6,500,"sd","13:21:41",1423400
54.3,-1.5,2600,"bu","13:21:38",1422900
54.2,-1.6,19000,"sd","13:21:34",1420300
54.3,-1.5,11000,"sd","13:21:34",1401300
54.3,-1.5,900,"sd","13:21:30",1390300
54.3,-1.5,11400,"sd","13:21:29",1389400
54.4,-1.4,900,"bu","13:21:18",1378000
54.3,-1.5,400,"sd","13:21:16",1377100
54.4,-1.4,3000,"bu","13:21:15",1376700
54.4,-1.4,100,"bu","13:21:14",1373700
54.4,-1.4,100,"bu","13:21:10",1373600
54.4,-1.4,500,"bu","13:21:09",1373500
54.3,-1.5,100,"sd","13:21:09",1373000
54.4,-1.4,1000,"bu","13:21:07",1372900
54.3,-1.5,700,"sd","13:21:02",1371900
54.4,-1.4,500,"bu","13:20:59",1371200
54.4,-1.4,1000,"bu","13:20:58",1370700
54.4,-1.4,2000,"bu","13:20:54",1369700
54.4,-1.4,100,"bu","13:20:50",1367700
54.3,-1.5,1000,"sd","13:20:47",1367600
54.4,-1.4,5000,"bu","13:20:45",1366600
54.3,-1.5,1000,"sd","13:20:44",1361600
54.3,-1.5,1000,"sd","13:20:43",1360600
54.4,-1.4,600,"sd","13:20:34",1359600
54.4,-1.4,200,"sd","13:20:33",1359000
54.4,-1.4,100,"sd","13:20:26",1358800
54.4,-1.4,3000,"sd","13:20:25",1358700
54.4,-1.4,500,"sd","13:20:24",1355700
54.4,-1.4,7200,"sd","13:20:18",1355200
54.4,-1.4,3500,"sd","13:20:17",1348000
54.4,-1.4,500,"sd","13:20:08",1344500
54.5,-1.3,3000,"bu","13:20:04",1344000
54.4,-1.4,15000,"sd","13:20:03",1341000
54.4,-1.4,100,"sd","13:19:57",1326000
54.5,-1.3,5000,"bu","13:19:56",1325900
54.5,-1.3,600,"bu","13:19:49",1320900
54.5,-1.3,100,"bu","13:19:44",1320300
54.4,-1.4,200,"sd","13:19:42",1320200
54.5,-1.3,100,"bu","13:19:38",1320000
54.5,-1.3,100,"bu","13:19:31",1319900
54.4,-1.4,300,"sd","13:19:27",1319800
54.4,-1.4,1000,"sd","13:19:21",1319500
54.4,-1.4,8100,"sd","13:19:16",1318500
54.5,-1.3,1900,"sd","13:19:16",1310400
54.5,-1.3,30000,"sd","13:19:16",1308500
54.6,-1.2,200,"bu","13:19:15",1278500
54.5,-1.3,1000,"sd","13:19:01",1278300
54.6,-1.2,100,"bu","13:19:00",1277300
54.5,-1.3,500,"sd","13:18:57",1277200
54.5,-1.3,2500,"sd","13:18:56",1276700
54.5,-1.3,100,"sd","13:18:44",1274200
54.6,-1.2,1000,"bu","13:18:41",1274100
54.5,-1.3,1000,"sd","13:18:39",1273100
54.6,-1.2,100,"bu","13:18:38",1272100
54.5,-1.3,200,"sd","13:18:34",1272000
54.6,-1.2,100,"bu","13:18:27",1271800
54.6,-1.2,100,"bu","13:18:23",1271700
54.6,-1.2,200,"bu","13:18:12",1271600
54.6,-1.2,100,"bu","13:18:06",1271400
54.6,-1.2,15700,"sd","13:17:52",1271300
54.7,-1.1,1500,"sd","13:17:46",1255600
54.7,-1.1,300,"sd","13:17:32",1254100
54.7,-1.1,3100,"sd","13:17:11",1253800
54.7,-1.1,2000,"sd","13:17:05",1250700
54.7,-1.1,21100,"sd","13:16:56",1248700
54.7,-1.1,2000,"sd","13:16:44",1227600
54.7,-1.1,300,"sd","13:16:18",1225600
54.8,-1,200,"bu","13:16:15",1225300
54.8,-1,400,"sd","13:16:01",1225100
54.8,-1,200,"sd","13:15:53",1224700
54.8,-1,1100,"bu","13:15:47",1224500
54.8,-1,200,"bu","13:15:41",1223400
54.8,-1,1000,"bu","13:15:35",1223200
54.8,-1,100,"bu","13:15:33",1222200
54.8,-1,900,"bu","13:15:30",1222100
54.8,-1,100,"bu","13:15:26",1221200
54.8,-1,1300,"sd","13:15:22",1221100
54.8,-1,2000,"sd","13:15:03",1219800
54.8,-1,600,"sd","13:15:02",1217800
54.9,-0.9,100,"bu","13:15:00",1217200
54.8,-1,200,"sd","13:14:13",1217100
54.8,-1,1200,"bu","13:14:01",1216800
54.8,-1,300,"bu","13:13:57",1215600
54.7,-1.1,1000,"sd","13:13:53",1215300
54.8,-1,500,"bu","13:13:39",1214300
54.8,-1,200,"bu","13:13:35",1213800
54.8,-1,100,"bu","13:13:31",1213600
54.8,-1,2300,"sd","13:13:20",1213500
54.8,-1,500,"sd","13:13:12",1211200
54.8,-1,300,"sd","13:13:08",1210700
54.8,-1,2100,"sd","13:13:07",1210400
54.8,-1,1500,"sd","13:12:45",1208300
54.8,-1,300,"bu","13:12:44",1206800
54.8,-1,300,"bu","13:12:23",1206500
54.8,-1,100,"bu","13:12:21",1206200
54.8,-1,1500,"bu","13:12:16",1206100
54.8,-1,500,"bu","13:12:05",1204600
54.8,-1,600,"sd","13:11:59",1204100
54.8,-1,500,"sd","13:11:45",1203500
54.8,-1,100,"sd","13:11:36",1203000
54.9,-0.9,100,"bu","13:11:36",1202900
54.9,-0.9,400,"bu","13:10:58",1202800
54.9,-0.9,2600,"bu","13:10:55",1202400
54.9,-0.9,300,"bu","13:10:53",1199800
54.9,-0.9,200,"bu","13:10:31",1199500
54.7,-1.1,100,"sd","13:10:29",1199300
54.7,-1.1,100,"sd","13:10:18",1199200
54.7,-1.1,500,"sd","13:10:13",1199100
54.9,-0.9,500,"bu","13:10:04",1198600
54.9,-0.9,5000,"bu","13:09:42",1198100
54.9,-0.9,100,"bu","13:09:22",1193100
54.6,-1.2,300,"sd","13:08:49",1193000
54.6,-1.2,3000,"bu","13:08:46",1192700
54.6,-1.2,4100,"bu","13:08:44",1189700
54.6,-1.2,400,"bu","13:08:43",1185600
54.6,-1.2,5000,"bu","13:08:41",1185200
54.6,-1.2,5000,"bu","13:08:40",1180200
54.6,-1.2,500,"bu","13:08:38",1175200
54.6,-1.2,10000,"bu","13:08:37",1174700
54.6,-1.2,500,"bu","13:08:36",1164700
54.6,-1.2,3000,"bu","13:08:32",1164200
54.6,-1.2,5000,"bu","13:08:30",1161200
54.6,-1.2,100,"bu","13:08:27",1156200
54.6,-1.2,1000,"bu","13:08:19",1156100
54.5,-1.3,2400,"sd","13:07:18",1155100
54.5,-1.3,9800,"bu","13:07:04",1152700
54.5,-1.3,300,"bu","13:07:02",1142900
54.5,-1.3,1500,"bu","13:07:00",1142600
54.5,-1.3,100,"bu","13:06:54",1141100
54.5,-1.3,300,"bu","13:06:52",1141000
54.5,-1.3,100,"bu","13:06:45",1140700
54.5,-1.3,200,"bu","13:06:44",1140600
54.5,-1.3,100,"bu","13:06:43",1140400
54.5,-1.3,100,"bu","13:06:42",1140300
54.5,-1.3,1000,"bu","13:06:39",1140200
54.5,-1.3,100,"bu","13:06:38",1139200
54.5,-1.3,200,"bu","13:06:37",1139100
54.5,-1.3,4100,"sd","13:06:27",1138900
54.5,-1.3,100,"sd","13:06:26",1134800
54.5,-1.3,400,"sd","13:06:17",1134700
54.5,-1.3,1000,"sd","13:06:04",1134300
54.5,-1.3,3200,"sd","13:05:55",1133300
54.5,-1.3,1000,"sd","13:05:47",1130100
54.6,-1.2,500,"bu","13:05:36",1129100
54.6,-1.2,100,"bu","13:05:35",1128600
54.6,-1.2,1000,"bu","13:05:32",1128500
54.6,-1.2,100,"bu","13:05:31",1127500
54.5,-1.3,3000,"sd","13:05:28",1127400
54.6,-1.2,1000,"bu","13:05:25",1124400
54.6,-1.2,100,"bu","13:05:18",1123400
54.6,-1.2,1500,"bu","13:05:15",1123300
54.6,-1.2,1000,"bu","13:05:14",1121800
54.6,-1.2,400,"bu","13:05:07",1120800
54.6,-1.2,100,"bu","13:04:58",1120400
54.6,-1.2,100,"bu","13:04:39",1120300
54.6,-1.2,500,"bu","13:04:37",1120200
54.5,-1.3,400,"sd","13:04:24",1119700
54.5,-1.3,2100,"sd","13:04:23",1119300
54.5,-1.3,2000,"sd","13:04:12",1117200
54.6,-1.2,800,"bu","13:04:09",1115200
54.6,-1.2,1500,"bu","13:04:03",1114400
54.5,-1.3,500,"sd","13:03:40",1112900
54.5,-1.3,2900,"bu","13:03:33",1112400
54.5,-1.3,1600,"bu","13:03:30",1109500
54.5,-1.3,500,"bu","13:03:26",1107900
54.5,-1.3,5000,"bu","13:03:26",1107400
54.4,-1.4,100,"sd","13:03:24",1102400
54.5,-1.3,1000,"bu","13:03:23",1102300
54.4,-1.4,1000,"sd","13:03:05",1101300
54.5,-1.3,100,"bu","13:03:04",1100300
54.4,-1.4,500,"sd","13:02:56",1100200
54.4,-1.4,100,"sd","13:02:45",1099700
54.5,-1.3,100,"bu","13:02:41",1099600
54.4,-1.4,2900,"sd","13:02:37",1099500
54.4,-1.4,1000,"sd","13:02:09",1096600
54.4,-1.4,400,"sd","13:02:02",1095600
54.4,-1.4,1600,"bu","13:02:00",1095200
54.4,-1.4,200,"bu","13:01:58",1093600
54.4,-1.4,200,"bu","13:01:57",1093400
54.4,-1.4,100,"bu","13:01:53",1093200
54.4,-1.4,2600,"sd","13:01:50",1093100
54.5,-1.3,1000,"bu","13:01:44",1090500
54.4,-1.4,100,"bu","13:01:44",1089500
54.4,-1.4,1100,"bu","13:01:43",1089400
54.4,-1.4,500,"bu","13:01:42",1088300
54.4,-1.4,1300,"bu","13:01:40",1087800
54.4,-1.4,100,"bu","13:01:38",1086500
54.4,-1.4,500,"bu","13:01:36",1086400
54.4,-1.4,1000,"bu","13:01:31",1085900
54.4,-1.4,900,"sd","13:01:30",1084900
54.5,-1.3,500,"bu","13:01:17",1084000
54.4,-1.4,500,"bu","13:01:17",1083500
54.4,-1.4,13600,"sd","13:01:16",1083000
54.5,-1.3,1000,"bu","13:01:14",1069400
54.4,-1.4,600,"sd","13:00:47",1068400
54.4,-1.4,2500,"sd","13:00:42",1064900
54.5,-1.3,300,"bu","13:00:33",1062400
54.5,-1.3,100,"bu","13:00:31",1062100
54.5,-1.3,200,"bu","13:00:28",1062000
54.5,-1.3,100,"bu","13:00:27",1061800
54.4,-1.4,200,"sd","13:00:26",1061700
54.5,-1.3,15300,"sd","13:00:26",1061500
54.6,-1.2,100,"bu","13:00:24",1046200
54.5,-1.3,1000,"sd","13:00:24",1046100
54.5,-1.3,100,"sd","13:00:22",1045100
54.6,-1.2,2000,"bu","13:00:21",1045000
54.6,-1.2,1000,"bu","13:00:19",1043000
54.5,-1.3,3000,"sd","13:00:17",1042000
54.6,-1.2,1000,"bu","13:00:14",1038900
54.5,-1.3,4700,"sd","13:00:13",1037900
54.6,-1.2,600,"bu","13:00:12",1033200
54.6,-1.2,100,"bu","13:00:10",1032600
54.6,-1.2,500,"bu","13:00:09",1032500
54.6,-1.2,100,"bu","13:00:08",1032000
54.5,-1.3,7100,"sd","13:00:07",1031900
54.6,-1.2,100,"bu","13:00:07",1024800
54.5,-1.3,1000,"sd","13:00:06",1024700
54.6,-1.2,100,"bu","13:00:05",1023700
54.5,-1.3,5000,"sd","13:00:05",1023600
54.6,-1.2,600,"bu","13:00:05",1018600
54.5,-1.3,300,"sd","13:00:05",1018000
54.6,-1.2,2500,"bu","13:00:05",1017700
54.5,-1.3,200,"sd","13:00:05",1015200
54.6,-1.2,600,"bu","13:00:05",1015000
54.6,-1.2,2500,"bu","13:00:04",1014400
54.6,-1.2,800,"bu","13:00:01",1011900
54.6,-1.2,500,"bu","13:00:01",1011100
54.6,-1.2,8300,"bu","13:00:00",1010600
54.5,-1.3,4000,"sd","13:00:00",1002300
54.6,-1.2,700,"bu","11:30:00",998300
54.5,-1.3,1300,"sd","11:29:59",997600
54.6,-1.2,100,"bu","11:29:58",996300
54.6,-1.2,5000,"bu","11:29:56",996200
54.6,-1.2,100,"bu","11:29:55",991200
54.6,-1.2,100,"bu","11:29:54",991100
54.6,-1.2,3600,"bu","11:29:44",991000
54.6,-1.2,100,"bu","11:29:40",987400
54.6,-1.2,1200,"bu","11:29:39",987300
54.6,-1.2,1400,"bu","11:29:33",986100
54.6,-1.2,900,"bu","11:29:33",984700
54.6,-1.2,100,"bu","11:29:30",983800
54.6,-1.2,2000,"bu","11:29:29",983700
54.6,-1.2,100,"bu","11:29:28",981700
54.6,-1.2,100,"bu","11:29:25",981600
54.6,-1.2,300,"bu","11:29:22",981500
54.6,-1.2,100,"bu","11:29:17",981200
54.6,-1.2,10500,"sd","11:29:16",981100
54.6,-1.2,3000,"sd","11:29:14",970600
54.6,-1.2,1500,"sd","11:29:07",967600
54.6,-1.2,200,"sd","11:29:03",966100
54.7,-1.1,300,"bu","11:29:00",965900
54.7,-1.1,500,"bu","11:28:53",965600
54.7,-1.1,100,"sd","11:28:52",965100
54.7,-1.1,6200,"sd","11:28:51",965000
54.7,-1.1,2300,"sd","11:28:35",958800
54.7,-1.1,200,"sd","11:28:19",956500
54.7,-1.1,1000,"sd","11:28:14",956300
54.7,-1.1,500,"bu","11:28:09",955300
54.6,-1.2,5000,"sd","11:28:06",954800
54.6,-1.2,700,"sd","11:28:05",949800
54.7,-1.1,500,"bu","11:28:05",949100
54.7,-1.1,100,"bu","11:28:02",948600
54.7,-1.1,500,"bu","11:28:01",948500
54.6,-1.2,5000,"sd","11:27:59",948000
54.6,-1.2,2800,"sd","11:27:42",943000
54.7,-1.1,400,"bu","11:27:41",940200
54.6,-1.2,1800,"sd","11:27:37",939800
54.7,-1.1,1000,"bu","11:27:35",938000
54.6,-1.2,1000,"sd","11:27:35",937000
54.6,-1.2,6100,"sd","11:27:24",936000
54.7,-1.1,18200,"sd","11:27:23",929900
54.8,-1,200,"bu","11:27:13",911700
54.8,-1,500,"bu","11:27:12",911500
54.8,-1,300,"sd","11:27:07",911000
54.8,-1,5000,"sd","11:27:05",910700
54.8,-1,500,"sd","11:27:05",905700
54.8,-1,5000,"sd","11:27:03",905200
54.8,-1,7000,"sd","11:27:00",900200
54.8,-1,400,"sd","11:26:58",893200
54.9,-0.9,100,"bu","11:26:58",892800
54.8,-1,300,"sd","11:26:53",892700
54.8,-1,2000,"sd","11:26:50",892400
54.8,-1,500,"sd","11:26:49",890400
54.8,-1,2000,"sd","11:26:45",889900
54.8,-1,5000,"sd","11:26:38",887900
54.9,-0.9,100,"bu","11:26:36",882900
54.8,-1,10000,"sd","11:26:31",882800
54.9,-0.9,100,"bu","11:26:27",872800
54.9,-0.9,500,"bu","11:26:25",872700
54.8,-1,100,"sd","11:26:24",872200
54.9,-0.9,2900,"sd","11:26:16",872100
54.9,-0.9,1000,"sd","11:26:15",869200
54.9,-0.9,20000,"sd","11:26:13",868200
54.9,-0.9,3000,"sd","11:25:56",848200
54.9,-0.9,500,"sd","11:25:55",845200
55,-0.8,100,"bu","11:25:35",844700
55,-0.8,500,"bu","11:25:33",844600
55,-0.8,200,"sd","11:25:31",844100
55,-0.8,500,"sd","11:25:26",843900
55,-0.8,300,"sd","11:25:23",843400
55,-0.8,5000,"sd","11:25:22",843100
55,-0.8,2000,"sd","11:25:16",838100
55,-0.8,10000,"sd","11:25:07",836100
55.1,-0.7,900,"bu","11:24:53",826100
55.1,-0.7,4000,"sd","11:24:27",825200
55.1,-0.7,500,"sd","11:23:39",821200
55.1,-0.7,1100,"bu","11:23:31",820700
55.1,-0.7,100,"bu","11:23:20",819600
55.1,-0.7,4300,"sd","11:22:54",819500
55.2,-0.6,1000,"bu","11:22:40",815200
55.2,-0.6,200,"bu","11:22:02",814200
55.1,-0.7,1400,"sd","11:21:56",814000
55.2,-0.6,200,"bu","11:21:44",812600
55.2,-0.6,900,"bu","11:21:33",812400
55.2,-0.6,1000,"bu","11:20:27",811500
55.2,-0.6,7000,"bu","11:20:14",810500
55.1,-0.7,10000,"sd","11:20:14",803500
55.1,-0.7,1700,"sd","11:20:00",793500
55.2,-0.6,1000,"bu","11:19:20",791800
55.2,-0.6,100,"bu","11:18:50",790800
55.2,-0.6,1000,"bu","11:18:13",790700
55.2,-0.6,300,"bu","11:18:02",789700
55.2,-0.6,300,"bu","11:17:52",789400
55.2,-0.6,600,"bu","11:17:22",789100
55.2,-0.6,100,"bu","11:17:14",788500
55.1,-0.7,1700,"sd","11:16:59",788400
55.1,-0.7,700,"sd","11:16:58",786700
55.1,-0.7,2000,"sd","11:15:30",786000
55.2,-0.6,100,"bu","11:15:10",784000
55.1,-0.7,200,"sd","11:15:02",783900
55.1,-0.7,100,"sd","11:14:20",783700
55.1,-0.7,2300,"sd","11:14:03",783600
55.1,-0.7,200,"sd","11:13:15",781300
55.1,-0.7,300,"bu","11:12:10",781100
55.1,-0.7,100,"bu","11:12:02",780800
55.1,-0.7,900,"bu","11:12:01",780700
55.1,-0.7,100,"bu","11:11:57",779800
55.1,-0.7,1000,"bu","11:11:55",779700
55.1,-0.7,100,"bu","11:11:49",778700
55,-0.8,10000,"sd","11:11:45",778600
55.1,-0.7,100,"bu","11:11:40",768600
55.1,-0.7,200,"bu","11:11:34",768500
55.1,-0.7,1000,"bu","11:11:33",768300
55.1,-0.7,500,"bu","11:11:31",767300
55.1,-0.7,500,"bu","11:11:21",766800
55.1,-0.7,100,"bu","11:11:06",766300
55.1,-0.7,100,"bu","11:11:00",766200
55,-0.8,500,"sd","11:10:42",766100
55,-0.8,400,"sd","11:10:32",765600
55,-0.8,200,"bu","11:10:26",765200
55,-0.8,200,"bu","11:10:22",765000
55,-0.8,200,"bu","11:10:19",764800
55,-0.8,1000,"bu","11:10:17",764600
55,-0.8,500,"bu","11:10:16",763600
55,-0.8,900,"bu","11:10:12",763100
55,-0.8,100,"bu","11:10:10",762200
55,-0.8,1000,"bu","11:10:08",762100
55,-0.8,2000,"bu","11:10:01",761100
55,-0.8,100,"bu","11:10:01",759100
55,-0.8,2000,"bu","11:09:47",759000
55,-0.8,100,"bu","11:09:42",757000
55,-0.8,1000,"bu","11:09:41",756900
55,-0.8,1500,"bu","11:09:36",755900
55,-0.8,1400,"sd","11:09:35",754400
55,-0.8,1500,"bu","11:09:24",753000
55,-0.8,600,"bu","11:09:21",751500
55,-0.8,1000,"bu","11:09:20",750900
55,-0.8,1900,"sd","11:09:19",749900
55,-0.8,10000,"sd","11:09:16",748000
55,-0.8,5400,"bu","11:08:54",738000
55,-0.8,1000,"bu","11:08:43",732600
55,-0.8,100,"bu","11:08:25",731600
54.9,-0.9,3000,"sd","11:08:18",731500
54.9,-0.9,2300,"sd","11:08:14",728500
54.9,-0.9,1400,"sd","11:08:00",726200
54.9,-0.9,600,"sd","11:08:00",724800
54.9,-0.9,2400,"bu","11:07:53",724200
54.9,-0.9,100,"bu","11:07:51",721800
54.9,-0.9,1200,"bu","11:07:47",721700
54.9,-0.9,100,"bu","11:07:44",720500
54.9,-0.9,1000,"bu","11:07:43",720400
54.9,-0.9,500,"bu","11:07:37",717400
54.9,-0.9,3500,"sd","11:07:36",716900
54.9,-0.9,1000,"sd","11:07:28",713400
54.9,-0.9,500,"sd","11:07:22",712400
54.8,-1,700,"sd","11:06:30",711900
54.8,-1,8400,"sd","11:06:29",711200
54.9,-0.9,11600,"sd","11:06:29",702800
55,-0.8,1700,"sd","11:06:29",691200
55,-0.8,115100,"sd","11:06:28",689500
55.1,-0.7,4900,"sd","11:06:28",574400
55.1,-0.7,1000,"sd","11:06:21",569500
55.1,-0.7,5000,"sd","11:06:05",568500
55.2,-0.6,1700,"bu","11:06:02",563500
55.2,-0.6,300,"bu","11:06:00",561800
55.1,-0.7,11500,"sd","11:05:57",561500
55.2,-0.6,100,"bu","11:05:57",550000
55.1,-0.7,100,"sd","11:05:54",549900
55.1,-0.7,1500,"sd","11:05:53",549800
55.2,-0.6,6300,"sd","11:05:21",548300
55.2,-0.6,2300,"sd","11:05:20",542000
55.2,-0.6,7000,"sd","11:05:12",539700
55.3,-0.5,300,"bu","11:05:01",532700
55.3,-0.5,1000,"bu","11:04:53",532400
55.3,-0.5,3000,"bu","11:04:40",531400
55.3,-0.5,100,"bu","11:04:32",528400
55.3,-0.5,5000,"bu","11:04:11",528300
55.3,-0.5,900,"bu","11:03:46",523300
55.3,-0.5,100,"bu","11:03:34",522400
55.3,-0.5,100,"bu","11:03:10",522300
55.3,-0.5,400,"bu","11:02:51",522200
55.3,-0.5,1100,"bu","11:02:39",521800
55.3,-0.5,200,"bu","11:02:15",520700
55.3,-0.5,100,"bu","11:02:01",520500
55.3,-0.5,500,"bu","11:01:58",520400
55.3,-0.5,100,"bu","11:01:39",519900
55.3,-0.5,200,"bu","11:01:35",519800
55.3,-0.5,1000,"bu","11:01:33",519600
55.3,-0.5,100,"bu","11:00:52",518600
55.3,-0.5,1000,"bu","11:00:28",518500
55.3,-0.5,1000,"bu","11:00:26",517500
55.3,-0.5,100,"bu","10:59:56",516500
55.2,-0.6,3100,"sd","10:59:46",516400
55.2,-0.6,6900,"sd","10:59:46",513300
55.2,-0.6,10000,"sd","10:59:39",506400
55.3,-0.5,200,"bu","10:59:33",496400
55.3,-0.5,1200,"sd","10:59:31",496200
55.3,-0.5,2500,"sd","10:59:22",495000
55.3,-0.5,100,"sd","10:59:00",492500
55.3,-0.5,500,"bu","10:58:28",492400
55.3,-0.5,900,"bu","10:58:13",491900
55.3,-0.5,1100,"bu","10:58:10",491000
55.3,-0.5,500,"sd","10:58:09",489900
55.3,-0.5,500,"bu","10:57:12",489400
55.3,-0.5,1000,"bu","10:57:06",488900
55.3,-0.5,300,"bu","10:57:00",487900
55.3,-0.5,100,"bu","10:56:57",487600
55.3,-0.5,100,"bu","10:56:50",487500
55.3,-0.5,300,"bu","10:56:49",487400
55.3,-0.5,700,"sd","10:56:40",487100
55.3,-0.5,2400,"sd","10:56:36",486400
55.3,-0.5,800,"sd","10:56:35",484000
55.3,-0.5,1100,"bu","10:55:45",483200
55.3,-0.5,22900,"sd","10:55:39",482100
55.3,-0.5,200,"sd","10:55:38",459200
55.3,-0.5,400,"sd","10:55:36",459000
55.3,-0.5,5000,"sd","10:55:33",458600
55.3,-0.5,21000,"sd","10:55:25",453600
55.3,-0.5,2400,"sd","10:54:47",432600
55.4,-0.4,300,"bu","10:54:38",430200
55.3,-0.5,2000,"sd","10:54:37",429900
55.4,-0.4,200,"bu","10:54:04",427900
55.3,-0.5,800,"sd","10:54:03",427700
55.4,-0.4,1000,"bu","10:53:46",426900
55.4,-0.4,200,"bu","10:53:30",425900
55.4,-0.4,200,"bu","10:53:28",425700
55.4,-0.4,200,"bu","10:53:07",425500
55.4,-0.4,1000,"bu","10:53:00",425300
55.4,-0.4,3900,"sd","10:52:58",424300
55.4,-0.4,3000,"sd","10:52:57",420400
55.4,-0.4,600,"sd","10:52:36",417400
55.5,-0.3,100,"bu","10:51:45",416800
55.4,-0.4,500,"sd","10:51:33",416700
55.4,-0.4,100,"bu","10:51:31",416200
55.3,-0.5,3800,"sd","10:51:30",416100
55.4,-0.4,100,"bu","10:51:15",412300
55.5,-0.3,2100,"bu","10:51:09",412200
55.4,-0.4,700,"bu","10:51:09",410100
55.4,-0.4,300,"bu","10:51:05",409400
55.4,-0.4,1000,"bu","10:50:57",409100
55.4,-0.4,600,"sd","10:50:48",408100
55.4,-0.4,4000,"sd","10:50:34",407500
55.4,-0.4,100,"sd","10:50:13",403500
55.4,-0.4,100,"sd","10:49:44",403400
55.4,-0.4,500,"sd","10:49:36",403300
55.4,-0.4,500,"sd","10:49:27",402800
55.4,-0.4,500,"sd","10:48:55",402300
55.4,-0.4,1000,"sd","10:48:52",401800
55.4,-0.4,2000,"sd","10:48:15",400800
55.4,-0.4,2400,"sd","10:47:53",398800
55.4,-0.4,1000,"sd","10:47:07",396400
55.4,-0.4,5000,"bu","10:46:58",395400
55.4,-0.4,1300,"sd","10:46:41",390400
55.4,-0.4,500,"sd","10:46:29",389100
55.4,-0.4,1000,"sd","10:46:06",388600
55.4,-0.4,1500,"sd","10:45:59",387600
55.4,-0.4,1100,"sd","10:45:59",386100
55.4,-0.4,200,"sd","10:45:38",385000
55.4,-0.4,100,"sd","10:45:38",384800
55.4,-0.4,600,"sd","10:45:37",384700
55.4,-0.4,1000,"sd","10:45:35",384100
55.4,-0.4,12300,"sd","10:44:59",383100
55.4,-0.4,500,"sd","10:44:37",370800
55.4,-0.4,1600,"sd","10:44:29",370300
55.4,-0.4,2000,"sd","10:44:22",368700
55.4,-0.4,1000,"sd","10:44:20",366700
55.4,-0.4,100,"sd","10:44:04",365700
55.4,-0.4,5000,"sd","10:43:53",365600
55.4,-0.4,10000,"sd","10:43:49",360600
55.4,-0.4,100,"sd","10:43:27",350600
55.4,-0.4,1500,"sd","10:43:00",350500
55.5,-0.3,1000,"bu","10:42:46",349000
55.5,-0.3,1000,"bu","10:42:39",348000
55.5,-0.3,2000,"bu","10:42:29",347000
55.4,-0.4,600,"sd","10:42:29",345000
55.5,-0.3,200,"bu","10:41:45",344400
55.5,-0.3,200,"bu","10:41:43",344200
55.5,-0.3,1000,"bu","10:41:32",344000
55.5,-0.3,100,"bu","10:41:28",343000
55.5,-0.3,1000,"bu","10:41:15",342900
55.5,-0.3,100,"bu","10:41:13",341900
55.5,-0.3,1000,"bu","10:40:47",341800
55.5,-0.3,200,"bu","10:40:36",340800
55.4,-0.4,1800,"sd","10:40:07",340600
55.4,-0.4,2300,"sd","10:39:10",338800
55.4,-0.4,300,"sd","10:38:46",336500
55.5,-0.3,400,"sd","10:38:39",336200
55.5,-0.3,600,"sd","10:38:36",335800
55.5,-0.3,500,"bu","10:38:12",335200
55.5,-0.3,1000,"sd","10:37:50",334700
55.5,-0.3,200,"sd","10:37:44",333700
55.5,-0.3,100,"sd","10:37:33",333500
55.5,-0.3,2000,"sd","10:37:20",333400
55.5,-0.3,5000,"bu","10:36:51",331400
55.5,-0.3,100,"bu","10:36:31",326400
55.4,-0.4,400,"sd","10:36:27",326300
55.5,-0.3,1300,"sd","10:36:15",325900
55.5,-0.3,5000,"sd","10:36:01",324600
55.5,-0.3,5000,"sd","10:35:53",319600
55.5,-0.3,10000,"sd","10:35:40",314400
55.5,-0.3,4000,"sd","10:35:39",304400
55.6,-0.2,100,"bu","10:34:58",300400
55.5,-0.3,1000,"sd","10:33:46",300300
55.5,-0.3,3000,"sd","10:33:33",299300
55.6,-0.2,200,"bu","10:33:25",296300
55.5,-0.3,2400,"sd","10:33:21",296100
55.5,-0.3,400,"sd","10:33:06",293700
55.5,-0.3,200,"sd","10:32:51",293300
55.6,-0.2,100,"bu","10:32:45",293100
55.5,-0.3,3000,"sd","10:32:40",293000
55.6,-0.2,1000,"bu","10:32:39",290000
55.6,-0.2,400,"bu","10:32:21",289000
55.6,-0.2,1000,"bu","10:32:13",288600
55.6,-0.2,1000,"bu","10:31:32",287600
55.6,-0.2,500,"bu","10:31:25",286600
55.6,-0.2,1000,"bu","10:30:46",286100
55.6,-0.2,100,"bu","10:30:19",285100
55.6,-0.2,100,"bu","10:30:10",285000
55.5,-0.3,1000,"sd","10:29:35",284900
55.6,-0.2,2000,"bu","10:29:22",283900
55.6,-0.2,200,"bu","10:27:37",281900
55.6,-0.2,2800,"bu","10:26:43",281700
55.6,-0.2,5000,"bu","10:26:41",278900
55.5,-0.3,300,"sd","10:25:06",273900
55.5,-0.3,200,"sd","10:25:04",273600
55.5,-0.3,2000,"sd","10:24:25",273400
55.5,-0.3,700,"sd","10:23:51",271400
55.5,-0.3,2000,"sd","10:23:12",270700
55.5,-0.3,7500,"bu","10:23:08",268700
55.5,-0.3,100,"bu","10:22:37",261200
55.5,-0.3,100,"bu","10:21:58",261100
55.5,-0.3,5300,"sd","10:21:17",261000
55.5,-0.3,10000,"sd","10:21:15",255700
55.6,-0.2,400,"bu","10:18:11",245700
55.5,-0.3,8000,"sd","10:17:53",245300
55.6,-0.2,2000,"bu","10:16:52",237300
55.6,-0.2,100,"bu","10:16:29",235300
55.6,-0.2,5000,"bu","10:15:34",235200
55.6,-0.2,300,"bu","10:15:19",230200
55.6,-0.2,500,"bu","10:14:44",229900
55.6,-0.2,300,"sd","10:14:26",229400
55.6,-0.2,400,"sd","10:14:21",229100
55.6,-0.2,200,"sd","10:14:21",228700
55.6,-0.2,100,"sd","10:12:51",228500
55.5,-0.3,700,"sd","10:10:59",228400
55.7,-0.1,1000,"bu","10:10:00",227700
55.5,-0.3,3600,"sd","10:09:44",226700
55.6,-0.2,6400,"sd","10:09:44",223100
55.7,-0.1,1000,"bu","10:09:21",216700
55.7,-0.1,1000,"bu","10:09:18",215700
55.7,-0.1,200,"bu","10:08:28",214700
55.6,-0.2,2800,"sd","10:07:52",214500
55.6,-0.2,100,"sd","10:07:33",211700
55.6,-0.2,400,"bu","10:06:20",211600
55.6,-0.2,3000,"bu","10:06:19",211200
55.6,-0.2,200,"bu","10:06:16",208200
55.6,-0.2,100,"bu","10:05:40",208000
55.6,-0.2,1000,"bu","10:05:31",207900
55.6,-0.2,700,"bu","10:05:00",206900
55.5,-0.3,300,"bu","10:04:20",206200
55.5,-0.3,8200,"sd","10:03:42",205900
55.6,-0.2,2600,"bu","10:03:39",197700
55.5,-0.3,300,"sd","10:03:11",195100
55.6,-0.2,100,"bu","10:02:56",194800
55.6,-0.2,100,"bu","10:02:44",194700
55.5,-0.3,2000,"sd","10:02:36",194600
55.6,-0.2,2000,"bu","10:02:00",192600
55.5,-0.3,200,"sd","10:01:51",190600
55.5,-0.3,5000,"sd","10:01:13",190400
55.5,-0.3,1000,"sd","10:00:58",185400
55.5,-0.3,300,"sd","10:00:49",184400
55.5,-0.3,2000,"sd","10:00:34",184100
55.5,-0.3,100,"sd","10:00:13",182100
55.5,-0.3,200,"sd","10:00:07",182000
55.5,-0.3,100,"sd","09:59:48",181800
55.5,-0.3,200,"sd","09:59:35",181700
55.5,-0.3,10000,"sd","09:59:28",181500
55.5,-0.3,3000,"sd","09:58:27",171500
55.5,-0.3,400,"sd","09:58:17",168500
55.5,-0.3,1000,"sd","09:58:14",168100
55.5,-0.3,17000,"sd","09:57:50",167100
55.6,-0.2,2000,"bu","09:57:38",150100
55.6,-0.2,100,"bu","09:57:19",148100
55.5,-0.3,300,"sd","09:57:11",148000
55.6,-0.2,2300,"sd","09:56:28",147700
55.6,-0.2,400,"bu","09:55:59",145400
55.6,-0.2,1100,"sd","09:55:45",145000
55.6,-0.2,9000,"sd","09:55:38",143900
55.7,-0.1,100,"bu","09:55:04",134900
55.7,-0.1,200,"bu","09:54:53",134800
55.7,-0.1,100,"bu","09:53:50",134600
55.7,-0.1,100,"bu","09:53:44",134500
55.7,-0.1,600,"bu","09:53:42",134400
55.7,-0.1,1800,"bu","09:53:02",133800
55.7,-0.1,1200,"bu","09:50:13",132000
55.6,-0.2,1000,"sd","09:50:01",130800
55.7,-0.1,1500,"bu","09:49:48",129800
55.7,-0.1,1500,"bu","09:49:41",128300
55.7,-0.1,500,"bu","09:49:17",126800
55.7,-0.1,1800,"bu","09:48:51",126300
55.8,0,200,"bu","09:48:14",124500
55.6,-0.2,1500,"sd","09:48:10",124300
55.8,0,1500,"bu","09:46:31",116800
55.8,0,100,"bu","09:46:23",115300
55.7,-0.1,400,"sd","09:45:49",115200
55.8,0,300,"bu","09:45:36",114800
55.8,0,5200,"bu","09:45:26",114500
55.8,0,100,"bu","09:44:57",109300
55.8,0,900,"bu","09:44:32",109200
55.7,-0.1,200,"sd","09:44:30",108300
55.8,0,200,"bu","09:44:21",108100
55.8,0,7000,"bu","09:44:15",107900
55.8,0,100,"bu","09:44:13",100900
55.8,0,100,"bu","09:43:16",100800
55.8,0,900,"sd","09:42:59",100700
55.8,0,100,"bu","09:42:48",99800
55.8,0,500,"bu","09:42:38",99700
55.8,0,100,"bu","09:42:33",99200
55.8,0,4800,"sd","09:42:29",99100
55.8,0,1500,"sd","09:42:06",94300
55.8,0,100,"sd","09:41:42",92800
55.8,0,200,"sd","09:41:18",92700
55.8,0,100,"sd","09:41:18",92500
55.8,0,100,"sd","09:41:09",92400
55.8,0,400,"sd","09:41:03",92300
55.8,0,6500,"bu","09:40:11",91900
55.7,-0.1,2000,"sd","09:39:59",85400
55.8,0,1000,"bu","09:39:50",83400
55.8,0,100,"bu","09:39:46",82400
55.8,0,100,"bu","09:39:34",82300
55.8,0,1000,"bu","09:39:19",82200
55.7,-0.1,1500,"bu","09:38:46",81200
55.7,-0.1,500,"sd","09:38:42",79700
55.8,0,500,"bu","09:38:38",79200
55.8,0,500,"bu","09:38:36",78700
55.7,-0.1,500,"sd","09:38:24",78200
55.7,-0.1,100,"sd","09:38:18",77700
55.7,-0.1,600,"bu","09:38:06",77600
55.7,-0.1,1200,"bu","09:38:04",77000
55.7,-0.1,300,"bu","09:37:43",75800
55.6,-0.2,500,"sd","09:36:38",75500
55.6,-0.2,700,"bu","09:36:15",75000
55.6,-0.2,500,"bu","09:35:51",74300
55.6,-0.2,1600,"bu","09:35:47",73800
55.5,-0.3,500,"sd","09:35:45",72200
55.5,-0.3,2000,"sd","09:35:37",71700
55.5,-0.3,900,"sd","09:34:46",69700
55.5,-0.3,1000,"sd","09:34:34",68800
55.6,-0.2,200,"bu","09:34:08",67800
55.6,-0.2,500,"bu","09:34:06",67600
55.6,-0.2,3000,"sd","09:34:02",67100
55.6,-0.2,400,"bu","09:33:54",64100
55.5,-0.3,100,"sd","09:33:30",63700
55.6,-0.2,2000,"bu","09:33:22",63600
55.6,-0.2,2000,"bu","09:32:50",61600
55.5,-0.3,100,"sd","09:32:13",59600
55.5,-0.3,600,"bu","09:31:59",59500
55.5,-0.3,200,"bu","09:31:45",58900
55.5,-0.3,300,"bu","09:31:23",58700
55.4,-0.4,200,"sd","09:31:17",58400
55.5,-0.3,800,"sd","09:31:17",58200
55.5,-0.3,1200,"bu","09:31:12",57400
55.5,-0.3,100,"bu","09:31:04",56200
55.5,-0.3,100,"bu","09:31:00",56100
55.5,-0.3,400,"sd","09:30:06",56000
55.5,-0.3,1400,"sd","09:30:03",55600
55.5,-0.3,2000,"sd","09:29:37",54200
55.5,-0.3,600,"sd","09:28:46",52200
55.6,-0.2,100,"sd","09:28:38",51600
55.6,-0.2,400,"sd","09:28:20",51500
55.6,-0.2,100,"sd","09:28:17",51100
55.6,-0.2,5000,"sd","09:28:03",51000
55.6,-0.2,400,"sd","09:27:44",46000
55.6,-0.2,100,"sd","09:27:32",45600
55.7,-0.1,500,"bu","09:27:18",45500
55.6,-0.2,200,"sd","09:25:45",45000
55.6,-0.2,300,"bu","09:23:30",44800
55.6,-0.2,300,"bu","09:23:21",44500
55.5,-0.3,1600,"sd","09:23:16",44200
55.6,-0.2,900,"bu","09:23:15",42600
55.5,-0.3,3200,"sd","09:23:07",41700
55.6,-0.2,2000,"bu","09:23:05",38500
55.6,-0.2,500,"bu","09:23:04",36500
55.6,-0.2,300,"bu","09:22:58",36000
55.6,-0.2,200,"bu","09:22:48",35700
55.6,-0.2,100,"bu","09:22:43",34500
55.6,-0.2,200,"bu","09:22:40",34400
55.5,-0.3,3900,"sd","09:22:34",34200
55.6,-0.2,100,"bu","09:22:05",30300
55.5,-0.3,200,"sd","09:21:45",30200
55.5,-0.3,4100,"sd","09:21:34",30000
55.6,-0.2,600,"bu","09:21:28",25900
55.6,-0.2,300,"bu","09:21:26",25300
55.6,-0.2,200,"bu","09:21:06",25000
55.6,-0.2,300,"bu","09:21:03",24800
55.6,-0.2,100,"bu","09:20:30",24500
55.5,-0.3,100,"sd","09:20:27",24400
55.5,-0.3,2000,"sd","09:20:25",24300
55.5,-0.3,500,"bu","09:19:59",22300
55.5,-0.3,700,"sd","09:19:52",21800
55.5,-0.3,2500,"bu","09:19:41",21100
55.5,-0.3,300,"bu","09:19:38",18600
55.5,-0.3,100,"bu","09:19:22",18300
55.5,-0.3,100,"bu","09:19:10",18200
55.5,-0.3,200,"bu","09:19:06",18100
55.5,-0.3,400,"bu","09:19:03",17900
55.5,-0.3,100,"bu","09:19:00",17500
55.5,-0.3,1000,"bu","09:18:35",17400
55.5,-0.3,100,"bu","09:18:06",16400
55.5,-0.3,100,"bu","09:18:00",16300
55.5,-0.3,200,"bu","09:17:35",16200
55.5,-0.3,100,"bu","09:17:27",16000
55.5,-0.3,900,"sd","09:17:20",15900
55.5,-0.3,200,"sd","09:16:50",15000
55.6,-0.2,300,"bu","09:15:55",14800
55.6,-0.2,100,"bu","09:15:42",14500
55.3,-0.5,14400,"","09:15:01",14400
55.7,-0.2,500,"sd","09:36:33",473600
55.7,-0.2,300,"sd","09:36:30",473100
55.7,-0.2,200,"sd","09:36:22",472800
55.7,-0.2,100,"sd","09:36:17",472600
55.7,-0.2,500,"sd","09:36:15",472500
55.7,-0.2,100,"sd","09:36:02",472000
55.7,-0.2,200,"sd","09:36:01",471900
55.7,-0.2,200,"sd","09:35:55",471700
55.8,-0.1,2000,"bu","09:35:44",471500
55.7,-0.2,200,"sd","09:35:28",469500
55.8,-0.1,400,"bu","09:35:15",469300
55.8,-0.1,5000,"bu","09:35:11",468900
55.8,-0.1,2500,"bu","09:35:04",463900
55.7,-0.2,200,"sd","09:35:01",461400
55.8,-0.1,2200,"bu","09:34:57",461200
55.8,-0.1,500,"bu","09:34:46",459000
55.7,-0.2,200,"sd","09:34:35",458500
55.7,-0.2,200,"sd","09:34:34",458300
55.7,-0.2,600,"sd","09:34:17",458100
55.7,-0.2,200,"sd","09:34:07",457500
55.8,-0.1,2500,"bu","09:33:59",457300
55.7,-0.2,200,"bu","09:33:59",454800
55.8,-0.1,4500,"bu","09:33:46",454600
55.7,-0.2,2400,"bu","09:33:45",449600
55.7,-0.2,300,"sd","09:33:41",447200
55.7,-0.2,100,"bu","09:33:35",446900
55.7,-0.2,500,"bu","09:33:30",446800
55.7,-0.2,100,"bu","09:33:26",446300
55.7,-0.2,300,"bu","09:33:24",446200
55.7,-0.2,5000,"bu","09:33:18",445900
55.7,-0.2,1000,"bu","09:33:11",440900
55.6,-0.3,900,"sd","09:33:00",439900
55.7,-0.2,1000,"bu","09:32:58",439000
55.6,-0.3,5400,"bu","09:32:52",438000
55.6,-0.3,200,"bu","09:32:41",432600
55.5,-0.4,200,"sd","09:32:38",432400
55.5,-0.4,1100,"bu","09:31:55",432200
55.5,-0.4,100,"bu","09:31:54",431100
55.5,-0.4,2000,"bu","09:31:49",431000
55.5,-0.4,300,"bu","09:31:46",429000
55.5,-0.4,1300,"bu","09:31:41",428700
55.5,-0.4,500,"bu","09:31:34",427200
55.4,-0.5,500,"bu","09:31:34",426700
55.3,-0.6,200,"sd","09:31:27",426200
55.3,-0.6,200,"sd","09:31:13",426000
55.3,-0.6,6700,"sd","09:31:11",425800
55.4,-0.5,1000,"sd","09:31:11",419100
55.3,-0.6,1000,"sd","09:31:04",418100
55.3,-0.6,200,"sd","09:30:46",417100
55.4,-0.5,500,"bu","09:30:43",416900
55.4,-0.5,500,"sd","09:30:40",416400
55.3,-0.6,200,"sd","09:30:19",415900
55.3,-0.6,200,"sd","09:29:52",415700
55.3,-0.6,200,"sd","09:29:43",415500
55.3,-0.6,200,"sd","09:29:25",415300
55.5,-0.4,200,"bu","09:29:21",415100
55.3,-0.6,3000,"sd","09:29:11",414900
55.3,-0.6,100,"sd","09:29:06",411900
55.3,-0.6,2400,"sd","09:28:46",411800
55.4,-0.5,7600,"sd","09:28:46",409400
55.4,-0.5,12400,"bu","09:28:38",401800
55.3,-0.6,200,"sd","09:28:36",389400
55.4,-0.5,3700,"bu","09:28:36",389200
55.4,-0.5,2200,"bu","09:28:35",385500
55.4,-0.5,1000,"bu","09:28:30",383300
55.4,-0.5,200,"bu","09:28:29",382300
55.3,-0.6,100,"bu","09:28:11",382100
55.3,-0.6,100,"bu","09:28:05",382000
55.3,-0.6,100,"bu","09:28:03",381900
55.3,-0.6,300,"bu","09:28:02",381800
55.3,-0.6,100,"bu","09:28:02",381500
55.3,-0.6,200,"bu","09:27:59",381400
55.3,-0.6,100,"bu","09:27:58",381200
55.3,-0.6,200,"bu","09:27:56",381100
55.3,-0.6,100,"bu","09:27:54",380900
55.3,-0.6,100,"bu","09:27:54",380800
55.3,-0.6,100,"bu","09:27:53",380700
55.2,-0.7,200,"sd","09:27:53",380600
55.3,-0.6,100,"bu","09:27:49",380200
55.3,-0.6,3700,"bu","09:27:47",380100
55.3,-0.6,2000,"bu","09:27:44",376400
55.3,-0.6,1000,"bu","09:27:42",374400
55.3,-0.6,1900,"bu","09:27:42",373400
55.3,-0.6,200,"bu","09:27:39",371500
55.3,-0.6,5200,"sd","09:27:38",371300
55.3,-0.6,300,"bu","09:27:15",366100
55.3,-0.6,100,"bu","09:27:14",365800
55.3,-0.6,400,"bu","09:27:06",365700
55.2,-0.7,100,"sd","09:27:02",365300
55.2,-0.7,200,"sd","09:26:54",365200
55.1,-0.8,200,"sd","09:26:27",365000
55.1,-0.8,900,"sd","09:26:24",364800
55.2,-0.7,100,"sd","09:26:24",363900
55,-0.9,49000,"sd","09:26:24",363800
55.1,-0.8,1000,"sd","09:26:24",314800
55.1,-0.8,1400,"sd","09:26:22",313800
55.2,-0.7,200,"bu","09:26:19",312400
55.2,-0.7,200,"bu","09:26:18",312200
55.2,-0.7,1000,"bu","09:26:18",312000
55.2,-0.7,100,"bu","09:26:17",311000
55.2,-0.7,400,"bu","09:26:16",310900
55.2,-0.7,100,"bu","09:26:13",310500
55.2,-0.7,300,"bu","09:26:10",310400
55.2,-0.7,5900,"sd","09:26:09",310100
55.2,-0.7,2000,"sd","09:26:06",304200
55.3,-0.6,400,"bu","09:26:05",302200
55.2,-0.7,1000,"sd","09:26:01",301800
55.2,-0.7,200,"sd","09:26:00",300800
55.3,-0.6,10000,"sd","09:25:50",300600
55.4,-0.5,100,"bu","09:25:44",290600
55.4,-0.5,15400,"sd","09:25:34",290500
55.4,-0.5,200,"sd","09:25:33",275100
55.5,-0.4,100,"bu","09:25:33",274900
55.4,-0.5,2200,"sd","09:25:28",274800
55.5,-0.4,1800,"bu","09:25:21",272600
55.5,-0.4,100,"bu","09:25:14",270800
55.5,-0.4,400,"sd","09:25:09",270700
55.5,-0.4,2000,"sd","09:25:08",270300
55.5,-0.4,200,"sd","09:25:06",268300
55.5,-0.4,100,"sd","09:25:03",268100
55.5,-0.4,200,"sd","09:24:39",268000
55.4,-0.5,16400,"sd","09:24:32",267800
55.5,-0.4,7400,"sd","09:24:32",251400
55.6,-0.3,1200,"sd","09:24:32",244000
55.6,-0.3,100,"bu","09:24:24",242800
55.6,-0.3,100,"sd","09:24:12",242700
55.7,-0.2,10000,"bu","09:23:59",242600
55.5,-0.4,200,"sd","09:23:45",232600
55.5,-0.4,500,"sd","09:23:37",232400
55.6,-0.3,200,"sd","09:23:37",231900
55.6,-0.3,300,"sd","09:23:31",231700
55.6,-0.3,200,"sd","09:23:18",231400
55.7,-0.2,300,"bu","09:23:10",231200
55.7,-0.2,1000,"bu","09:23:09",230900
55.7,-0.2,3100,"sd","09:22:57",229900
55.7,-0.2,100,"sd","09:22:54",226800
55.7,-0.2,200,"sd","09:22:51",226700
55.7,-0.2,200,"sd","09:22:36",226500
55.5,-0.4,200,"bu","09:22:24",226300
55.5,-0.4,14400,"sd","09:22:24",226100
55.6,-0.3,600,"sd","09:22:24",211700
55.7,-0.2,100,"sd","09:22:17",211100
55.7,-0.2,100,"sd","09:22:15",211000
55.7,-0.2,200,"sd","09:21:57",210900
55.7,-0.2,10000,"sd","09:21:49",210700
55.8,-0.1,1400,"bu","09:21:38",200700
55.7,-0.2,200,"sd","09:21:29",199300
55.8,-0.1,2000,"bu","09:21:27",199100
55.7,-0.2,300,"sd","09:21:23",197100
55.9,0,100,"bu","09:21:18",196800
55.7,-0.2,10000,"sd","09:21:14",196700
55.9,0,2300,"bu","09:20:58",186700
55.8,-0.1,1400,"sd","09:20:58",184400
55.9,0,100,"bu","09:20:54",183000
55.9,0,100,"bu","09:20:51",182900
55.9,0,100,"bu","09:20:36",182800
55.7,-0.2,2000,"sd","09:20:30",182700
56,0.1,400,"bu","09:20:07",180700
55.7,-0.2,10600,"bu","09:20:07",180300
55.7,-0.2,3000,"bu","09:20:04",169700
55.7,-0.2,500,"bu","09:19:53",166700
55.7,-0.2,300,"bu","09:19:48",166200
55.7,-0.2,4300,"bu","09:19:44",165900
55.7,-0.2,100,"sd","09:19:35",160100
56.1,0.2,2300,"bu","09:19:32",160000
56,0.1,2700,"bu","09:19:32",157700
56,0.1,200,"bu","09:19:30",155000
55.5,-0.4,6000,"sd","09:19:25",154800
55.6,-0.3,2000,"sd","09:19:25",148800
55.6,-0.3,100,"sd","09:19:23",146800
56,0.1,300,"bu","09:19:19",146700
56,0.1,10500,"bu","09:19:16",146400
55.9,0,6100,"bu","09:19:16",135900
55.8,-0.1,2700,"bu","09:19:16",129800
55.7,-0.2,700,"bu","09:19:16",127100
55.7,-0.2,100,"bu","09:19:14",126400
55.6,-0.3,1000,"sd","09:19:13",126300
55.6,-0.3,100,"sd","09:19:12",125300
55.6,-0.3,1400,"bu","09:19:00",125200
55.5,-0.4,100,"sd","09:18:59",123800
55.5,-0.4,2600,"sd","09:18:58",123700
55.6,-0.3,600,"bu","09:18:57",121100
55.5,-0.4,200,"sd","09:18:53",120500
55.5,-0.4,800,"bu","09:18:46",120300
55.4,-0.5,1800,"sd","09:18:41",119500
55.5,-0.4,200,"sd","09:18:41",117700
55.5,-0.4,2000,"sd","09:18:40",117500
55.5,-0.4,1700,"bu","09:18:38",115500
55.5,-0.4,1400,"bu","09:18:37",113800
55.4,-0.5,2000,"sd","09:18:36",112400
55.4,-0.5,200,"bu","09:18:24",110400
55.4,-0.5,100,"bu","09:18:22",110200
55.4,-0.5,3200,"sd","09:18:21",110100
55.5,-0.4,500,"bu","09:18:17",106900
55.4,-0.5,400,"sd","09:18:14",106400
55.5,-0.4,1400,"bu","09:18:08",106000
55.5,-0.4,900,"sd","09:18:02",104600
55.5,-0.4,1100,"sd","09:18:01",103700
55.5,-0.4,3100,"bu","09:17:53",102600
55.5,-0.4,900,"bu","09:17:47",99500
55.5,-0.4,500,"bu","09:17:45",98600
55.5,-0.4,4100,"sd","09:17:41",98100
55.5,-0.4,1700,"sd","09:17:40",94000
55.5,-0.4,1200,"sd","09:17:29",92300
55.5,-0.4,7000,"sd","09:17:25",91100
55.6,-0.3,400,"bu","09:17:24",84100
55.5,-0.4,7200,"sd","09:17:22",83700
55.5,-0.4,600,"sd","09:17:19",76500
55.5,-0.4,2000,"sd","09:17:18",75900
55.6,-0.3,200,"bu","09:17:14",73900
55.5,-0.4,500,"sd","09:17:09",73700
55.5,-0.4,4700,"sd","09:16:47",73200
55.6,-0.3,300,"sd","09:16:47",68500
55.6,-0.3,100,"sd","09:16:43",68200
55.6,-0.3,600,"sd","09:16:42",68100
55.7,-0.2,500,"sd","09:16:23",67500
55.8,-0.1,100,"bu","09:16:22",67000
55.7,-0.2,100,"sd","09:16:09",66900
55.8,-0.1,1200,"bu","09:16:08",66800
55.8,-0.1,600,"bu","09:16:04",65600
55.8,-0.1,600,"sd","09:16:02",65000
55.9,0,200,"bu","09:16:00",64400
55.9,0,1100,"bu","09:15:53",64200
55.9,0,2900,"bu","09:15:52",63100
55.9,0,1000,"bu","09:15:39",60200
55.9,0,100,"bu","09:15:33",59200
55.9,0,700,"bu","09:15:32",59100
55.9,0,1300,"bu","09:15:32",58400
55.9,0,100,"bu","09:15:04",57100
55.8,-0.1,600,"sd","09:15:03",57000
55.8,-0.1,56400,"","09:15:01",56400
53,0.7,200,"sd","11:18:50",858400
53.1,0.8,1000,"bu","11:18:49",858200
53,0.7,3000,"sd","11:18:42",857200
53,0.7,200,"sd","11:18:38",854200
53.1,0.8,300,"bu","11:18:36",854000
53,0.7,200,"sd","11:18:32",853700
53,0.7,400,"sd","11:18:28",853500
53,0.7,5100,"sd","11:18:23",853100
53,0.7,1000,"sd","11:18:17",848000
53,0.7,500,"sd","11:18:04",847000
53,0.7,1000,"sd","11:18:04",846500
53,0.7,2000,"sd","11:17:57",845500
53.1,0.8,200,"bu","11:17:50",843500
53.1,0.8,3000,"bu","11:17:43",843300
53.1,0.8,200,"sd","11:17:36",840300
53.1,0.8,800,"bu","11:17:33",840100
53.1,0.8,200,"bu","11:17:31",839300
53,0.7,8100,"sd","11:17:29",839100
53.1,0.8,1900,"sd","11:17:29",831000
53.1,0.8,100,"sd","11:17:26",829100
53.1,0.8,3000,"sd","11:17:24",829000
53.2,0.9,1200,"sd","11:17:13",826000
53.2,0.9,2500,"sd","11:17:10",824800
53.2,0.9,100,"sd","11:17:09",822300
53.2,0.9,1500,"sd","11:17:07",822200
53.2,0.9,300,"sd","11:17:06",820700
53.2,0.9,1000,"sd","11:17:05",820400
53.2,0.9,500,"sd","11:17:04",819400
53.2,0.9,1000,"sd","11:17:03",818900
53.2,0.9,200,"sd","11:17:02",817900
53.2,0.9,800,"sd","11:16:56",817700
53.2,0.9,100,"sd","11:16:54",816900
53.2,0.9,1000,"sd","11:16:52",816800
53.2,0.9,15200,"bu","11:16:45",815800
53.2,0.9,100,"bu","11:16:35",800600
53.2,0.9,3400,"sd","11:16:33",800500
53.2,0.9,100,"sd","11:16:30",797100
53.2,0.9,2000,"sd","11:16:29",797000
53.3,1,700,"bu","11:16:29",795000
53.2,0.9,500,"sd","11:16:29",794300
53.2,0.9,300,"sd","11:16:25",793800
53.2,0.9,300,"sd","11:16:24",793500
53.2,0.9,500,"sd","11:16:19",793200
53.3,1,400,"bu","11:16:13",792700
53.3,1,200,"bu","11:16:11",792300
53.3,1,500,"bu","11:16:08",792100
53.3,1,500,"bu","11:16:07",791600
53.2,0.9,2000,"sd","11:16:04",791100
53.3,1,200,"bu","11:16:00",789100
53.3,1,300,"bu","11:15:57",788900
53.3,1,3500,"sd","11:15:55",788600
53.4,1.1,200,"bu","11:15:50",785100
53.4,1.1,500,"bu","11:15:48",784900
53.4,1.1,1000,"bu","11:15:40",784400
53.4,1.1,200,"bu","11:15:37",783400
53.4,1.1,1300,"bu","11:15:36",783200
53.4,1.1,200,"bu","11:15:35",781400
53.4,1.1,200,"bu","11:15:33",781200
53.4,1.1,100,"bu","11:15:32",781000
53.4,1.1,3700,"sd","11:15:31",780900
53.4,1.1,2300,"bu","11:15:28",777200
53.4,1.1,300,"bu","11:15:26",774900
53.4,1.1,100,"bu","11:15:25",774600
53.4,1.1,100,"bu","11:15:23",774500
53.3,1,200,"sd","11:15:21",774400
53.4,1.1,2000,"bu","11:15:21",774200
53.3,1,7200,"bu","11:15:20",772200
53.3,1,1500,"bu","11:15:18",765000
53.3,1,300,"bu","11:15:18",763500
53.2,0.9,200,"sd","11:15:15",763200
53.2,0.9,500,"sd","11:15:12",763000
53.2,0.9,400,"bu","11:15:11",762500
53.2,0.9,2000,"bu","11:15:09",762100
53.2,0.9,3600,"bu","11:15:07",760100
53.1,0.8,400,"bu","11:15:07",756500
53,0.7,200,"sd","11:15:05",756100
53,0.7,1000,"sd","11:15:03",755900
53.1,0.8,100,"bu","11:15:02",754900
53.2,0.9,3700,"bu","11:14:59",754800
53.1,0.8,6300,"bu","11:14:59",751100
53,0.7,500,"bu","11:14:58",744800
53,0.7,5200,"bu","11:14:58",744300
53,0.7,22800,"bu","11:14:57",739100
53,0.7,15400,"bu","11:14:56",716300
53,0.7,7500,"bu","11:14:56",700900
53,0.7,3000,"bu","11:14:54",693400
53,0.7,10000,"bu","11:14:54",690400
53,0.7,15000,"bu","11:14:53",680400
53,0.7,20000,"bu","11:14:52",665400
53,0.7,5000,"bu","11:14:50",645400
53,0.7,100,"bu","11:14:42",640400
52.9,0.6,1000,"sd","11:14:38",640300
53,0.7,800,"bu","11:14:37",639300
52.9,0.6,1600,"bu","11:14:37",638500
52.9,0.6,500,"bu","11:14:36",636900
52.9,0.6,900,"sd","11:14:33",636400
52.9,0.6,1000,"sd","11:14:32",635500
52.9,0.6,8200,"bu","11:14:31",634500
52.9,0.6,200,"bu","11:14:30",626300
52.9,0.6,5000,"bu","11:14:28",626100
52.9,0.6,200,"bu","11:14:27",621100
52.9,0.6,4000,"bu","11:14:27",620900
52.9,0.6,30000,"bu","11:14:26",616900
52.8,0.5,2200,"sd","11:14:25",586900
52.9,0.6,2500,"bu","11:14:25",584700
52.9,0.6,100,"bu","11:14:24",582200
52.9,0.6,600,"bu","11:14:17",582100
52.9,0.6,2400,"bu","11:14:15",581500
52.9,0.6,200,"bu","11:14:14",579100
52.9,0.6,5000,"bu","11:14:09",578900
52.9,0.6,100,"bu","11:14:07",573900
52.8,0.5,500,"sd","11:14:06",573800
52.9,0.6,5700,"bu","11:14:04",573300
52.9,0.6,1000,"bu","11:13:59",567600
52.8,0.5,15100,"bu","11:13:54",566600
52.8,0.5,2000,"bu","11:13:53",551500
52.8,0.5,500,"bu","11:13:51",549500
52.8,0.5,1000,"bu","11:13:50",549000
52.8,0.5,1000,"bu","11:13:49",548000
52.7,0.4,200,"sd","11:13:48",547000
52.8,0.5,1900,"bu","11:13:47",546800
52.8,0.5,4000,"bu","11:13:46",544900
52.7,0.4,4500,"sd","11:13:46",540900
52.8,0.5,10000,"bu","11:13:44",536400
52.7,0.4,200,"sd","11:13:39",526400
52.8,0.5,5000,"bu","11:13:39",526200
52.8,0.5,200,"bu","11:13:37",521200
52.8,0.5,5300,"bu","11:13:36",521000
52.8,0.5,5000,"bu","11:13:31",515700
52.8,0.5,2000,"bu","11:13:30",510700
52.8,0.5,3000,"bu","11:13:28",508700
52.8,0.5,100,"bu","11:13:22",505700
52.7,0.4,100,"sd","11:13:19",505600
52.7,0.4,3800,"bu","11:13:15",505500
52.7,0.4,500,"bu","11:13:13",501700
52.7,0.4,3000,"bu","11:13:12",501200
52.7,0.4,200,"bu","11:13:12",498200
52.7,0.4,1000,"bu","11:13:10",498000
52.7,0.4,13200,"bu","11:13:05",497000
52.6,0.3,1000,"sd","11:13:04",483800
52.6,0.3,300,"sd","11:12:57",482800
52.7,0.4,100,"bu","11:12:55",482500
52.6,0.3,1200,"bu","11:12:42",482400
52.6,0.3,2300,"bu","11:12:41",481200
52.6,0.3,500,"bu","11:12:40",478900
52.6,0.3,10000,"bu","11:12:38",478400
52.6,0.3,1000,"bu","11:12:11",468400
52.5,0.2,100,"sd","11:12:07",467400
52.6,0.3,20000,"bu","11:12:04",467300
52.5,0.2,300,"sd","11:11:53",447300
52.6,0.3,100,"bu","11:11:46",447000
52.5,0.2,33900,"bu","11:11:40",446900
52.5,0.2,1000,"bu","11:11:33",413000
52.5,0.2,100,"bu","11:10:56",412000
52.5,0.2,1300,"bu","11:10:02",411900
52.5,0.2,200,"bu","11:08:52",410600
52.4,0.1,1000,"sd","11:08:44",410400
52.4,0.1,200,"sd","11:08:19",409400
52.4,0.1,200,"sd","11:08:09",409200
52.4,0.1,2000,"sd","11:07:43",409000
52.5,0.2,200,"bu","11:07:31",407000
52.5,0.2,3000,"bu","11:06:30",406800
52.4,0.1,400,"sd","11:05:36",403800
52.4,0.1,10000,"sd","11:05:32",403400
52.5,0.2,1000,"bu","11:05:23",393400
52.5,0.2,2000,"bu","11:05:17",392400
52.5,0.2,300,"bu","11:05:13",390400
52.5,0.2,1500,"bu","11:05:06",390100
52.5,0.2,2000,"bu","11:04:54",388600
52.5,0.2,10000,"bu","11:04:45",386600
52.5,0.2,5000,"bu","11:04:37",376600
52.5,0.2,200,"bu","11:03:56",371600
52.5,0.2,100,"bu","11:03:47",371400
52.4,0.1,2000,"sd","11:02:17",371300
52.4,0.1,100,"sd","11:01:33",369300
52.4,0.1,600,"bu","11:00:27",369200
52.4,0.1,100,"bu","11:00:17",368600
52.4,0.1,200,"bu","11:00:14",368500
52.3,0,100,"sd","11:00:12",368300
52.4,0.1,200,"bu","11:00:10",368200
52.4,0.1,10000,"bu","11:00:08",368000
52.4,0.1,1000,"bu","10:59:48",358000
52.4,0.1,2000,"bu","10:59:43",357000
52.4,0.1,100,"bu","10:58:55",355000
52.3,0,1300,"sd","10:58:35",354900
52.4,0.1,10200,"bu","10:58:20",353600
52.4,0.1,1000,"bu","10:58:01",343400
52.4,0.1,2000,"bu","10:57:58",342400
52.3,0,200,"sd","10:57:46",340400
52.4,0.1,100,"bu","10:57:30",340200
52.4,0.1,100,"bu","10:56:37",340100
52.4,0.1,700,"bu","10:55:58",340000
52.4,0.1,500,"bu","10:54:57",339300
52.4,0.1,100,"bu","10:54:45",338800
52.3,0,700,"sd","10:54:40",338700
52.3,0,200,"bu","10:54:32",338000
52.3,0,300,"bu","10:54:24",337800
52.3,0,100,"bu","10:54:19",337500
52.3,0,300,"bu","10:53:54",337400
52.3,0,100,"bu","10:53:29",337100
52.3,0,4100,"sd","10:53:27",337000
52.3,0,600,"sd","10:53:19",332900
52.3,0,2000,"sd","10:53:05",332300
52.3,0,100,"sd","10:52:28",330300
52.3,0,5000,"sd","10:52:09",330200
52.3,0,1000,"sd","10:51:38",325200
52.3,0,800,"sd","10:51:17",324200
52.3,0,4400,"bu","10:50:23",323400
52.3,0,300,"bu","10:49:46",319000
52.3,0,500,"bu","10:49:30",318700
52.3,0,200,"bu","10:48:57",318200
52.3,0,5700,"sd","10:48:56",318000
52.4,0.1,800,"bu","10:47:45",312300
52.4,0.1,700,"sd","10:47:44",311500
52.4,0.1,1000,"sd","10:47:42",310800
52.4,0.1,500,"sd","10:47:39",309800
52.4,0.1,3100,"bu","10:47:09",309300
52.4,0.1,2100,"sd","10:47:02",306200
52.4,0.1,400,"sd","10:46:57",304100
52.4,0.1,200,"sd","10:46:42",303700
52.4,0.1,100,"sd","10:46:38",303500
52.4,0.1,1000,"sd","10:46:31",303400
52.4,0.1,500,"sd","10:46:30",302400
52.4,0.1,1400,"sd","10:46:23",301900
52.4,0.1,500,"sd","10:46:20",300500
52.5,0.2,200,"bu","10:46:17",300000
52.5,0.2,100,"bu","10:46:01",299800
52.5,0.2,500,"bu","10:45:52",299700
52.5,0.2,500,"bu","10:45:47",299200
52.5,0.2,5000,"bu","10:45:33",298700
52.5,0.2,1000,"bu","10:45:30",293700
52.5,0.2,300,"bu","10:45:28",292700
52.5,0.2,2800,"bu","10:45:13",292400
52.5,0.2,100,"bu","10:45:11",289600
52.4,0.1,200,"sd","10:45:08",289500
52.4,0.1,800,"bu","10:45:02",289300
52.4,0.1,700,"bu","10:44:56",288200
52.4,0.1,1800,"bu","10:44:52",287500
52.4,0.1,3000,"bu","10:44:51",285700
52.4,0.1,400,"bu","10:44:40",282700
52.4,0.1,200,"bu","10:44:29",282300
52.4,0.1,100,"bu","10:44:19",282100
52.3,0,400,"bu","10:44:17",282000
52.3,0,500,"bu","10:44:11",281600
52.3,0,2000,"bu","10:44:08",281100
52.3,0,100,"bu","10:44:05",279100
52.3,0,5000,"bu","10:44:04",279000
52.3,0,5000,"bu","10:44:03",274000
52.3,0,3000,"bu","10:44:02",269000
52.3,0,600,"bu","10:44:00",266000
52.3,0,7000,"bu","10:43:43",265400
52.3,0,300,"bu","10:43:32",258400
52.3,0,300,"bu","10:43:29",258100
52.3,0,3000,"bu","10:43:26",257800
52.3,0,4000,"bu","10:43:25",254800
52.3,0,2100,"bu","10:43:19",250800
52.3,0,1000,"bu","10:42:57",248700
52.3,0,600,"bu","10:42:40",247700
52.2,-0.1,100,"sd","10:42:11",247100
52.2,-0.1,200,"sd","10:42:01",247000
52.3,0,1600,"bu","10:41:45",246800
52.2,-0.1,300,"sd","10:41:03",245200
52.3,0,1000,"bu","10:40:43",244900
52.3,0,200,"bu","10:40:28",243900
52.3,0,1500,"bu","10:39:29",243700
52.3,0,200,"bu","10:39:11",242200
52.3,0,2000,"bu","10:39:01",242000
52.3,0,100,"bu","10:37:35",240000
52.2,-0.1,5000,"sd","10:37:22",239900
52.3,0,500,"bu","10:36:47",234900
52.2,-0.1,1900,"bu","10:36:45",234400
52.2,-0.1,500,"bu","10:36:25",232500
52.2,-0.1,700,"sd","10:36:10",232000
52.2,-0.1,5000,"sd","10:35:43",231300
52.2,-0.1,300,"sd","10:35:32",226300
52.2,-0.1,500,"sd","10:34:23",226000
52.2,-0.1,1400,"sd","10:34:03",225500
52.2,-0.1,100,"sd","10:33:54",224100
52.2,-0.1,1900,"bu","10:33:42",224000
52.2,-0.1,6300,"sd","10:33:25",222100
52.3,0,100,"bu","10:33:17",215800
52.2,-0.1,1000,"sd","10:32:30",215700
52.2,-0.1,600,"bu","10:31:40",214700
52.1,-0.2,300,"sd","10:31:19",214100
52.2,-0.1,1900,"bu","10:31:18",213800
52.2,-0.1,3100,"bu","10:31:11",211900
52.2,-0.1,5000,"bu","10:31:10",208800
52.1,-0.2,100,"sd","10:31:02",203800
52.1,-0.2,200,"sd","10:30:41",203200
52.2,-0.1,2000,"bu","10:29:53",203000
52.2,-0.1,1500,"bu","10:29:16",201000
52.1,-0.2,100,"sd","10:29:00",199500
52.2,-0.1,700,"bu","10:28:57",199400
52.1,-0.2,1500,"sd","10:28:24",198700
52.1,-0.2,1000,"sd","10:28:22",197200
52.1,-0.2,5000,"sd","10:27:59",196200
52.2,-0.1,2700,"bu","10:27:44",191200
52.2,-0.1,500,"bu","10:27:05",188500
52.2,-0.1,1000,"bu","10:26:41",188000
52.1,-0.2,1000,"sd","10:26:37",187000
52.2,-0.1,1000,"bu","10:26:22",186000
52.2,-0.1,2000,"bu","10:26:06",185000
52.2,-0.1,1000,"bu","10:25:45",183000
52.1,-0.2,21700,"bu","10:25:22",182000
52.1,-0.2,1500,"bu","10:25:15",160300
52.1,-0.2,3900,"bu","10:24:49",158800
52.1,-0.2,500,"bu","10:24:33",154900
52,-0.3,300,"sd","10:24:14",154400
52,-0.3,1000,"sd","10:23:40",154100
52.1,-0.2,100,"bu","10:23:16",153100
52,-0.3,1500,"sd","10:23:16",153000
52,-0.3,900,"sd","10:22:53",151500
52,-0.3,1100,"sd","10:22:41",150600
52,-0.3,100,"sd","10:22:40",149500
52,-0.3,1000,"sd","10:21:59",149400
52.1,-0.2,100,"bu","10:21:58",148400
52.2,-0.1,100,"bu","10:20:30",148300
52,-0.3,100,"sd","10:20:20",148200
52.2,-0.1,100,"bu","10:20:20",148100
52,-0.3,1000,"sd","10:20:19",148000
52,-0.3,100,"sd","10:20:17",147000
52,-0.3,1500,"sd","10:18:37",146900
52.2,-0.1,300,"bu","10:18:33",145400
52,-0.3,2000,"sd","10:17:25",145100
52,-0.3,300,"sd","10:17:10",143100
52.1,-0.2,2900,"bu","10:16:59",142800
52,-0.3,1300,"sd","10:16:39",139900
52,-0.3,800,"sd","10:15:54",138600
52.1,-0.2,500,"bu","10:15:54",137800
52.1,-0.2,300,"bu","10:14:10",137300
52,-0.3,200,"sd","10:14:09",137000
52,-0.3,600,"sd","10:12:45",136800
52,-0.3,500,"sd","10:12:03",136200
52.1,-0.2,200,"bu","10:10:03",135700
52.1,-0.2,1100,"bu","10:09:34",135500
52.1,-0.2,100,"sd","10:09:26",134400
52.1,-0.2,100,"sd","10:09:07",134300
52.1,-0.2,300,"sd","10:07:36",134200
52.1,-0.2,3000,"sd","10:07:08",133900
52.1,-0.2,100,"sd","10:05:06",130900
52.1,-0.2,500,"sd","10:04:50",130800
52.1,-0.2,3500,"sd","10:04:31",130300
52.1,-0.2,2000,"sd","10:04:25",126800
52.1,-0.2,500,"sd","10:04:07",124800
52.1,-0.2,5400,"bu","10:03:08",124300
52,-0.3,2600,"bu","10:02:10",118900
52,-0.3,3000,"bu","10:02:09",116300
52,-0.3,1000,"bu","10:01:50",113300
51.9,-0.4,100,"bu","10:00:57",112300
51.9,-0.4,1000,"bu","10:00:45",112200
51.9,-0.4,3900,"sd","10:00:41",111200
52,-0.3,200,"bu","10:00:41",107300
51.9,-0.4,400,"sd","10:00:40",107100
51.9,-0.4,100,"sd","10:00:14",106700
51.9,-0.4,300,"sd","09:59:19",106600
51.9,-0.4,200,"sd","09:59:17",106300
51.9,-0.4,100,"sd","09:57:28",106100
51.8,-0.5,200,"bu","09:57:07",106000
51.8,-0.5,100,"bu","09:57:00",105800
51.8,-0.5,200,"sd","09:56:52",105700
51.6,-0.7,200,"sd","09:56:14",105500
51.8,-0.5,100,"sd","09:56:14",105300
51.6,-0.7,3000,"sd","09:56:07",105200
51.7,-0.6,7300,"sd","09:56:07",102200
51.8,-0.5,14300,"sd","09:56:07",94900
51.9,-0.4,2400,"sd","09:56:07",80600
51.9,-0.4,100,"bu","09:56:06",78200
51.9,-0.4,500,"bu","09:56:05",78100
51.9,-0.4,100,"bu","09:55:56",77600
51.9,-0.4,1000,"bu","09:55:55",77500
51.9,-0.4,200,"bu","09:55:48",76500
51.9,-0.4,1200,"sd","09:55:21",76300
51.9,-0.4,2000,"sd","09:54:35",75100
51.9,-0.4,300,"sd","09:54:27",73100
51.9,-0.4,6000,"sd","09:54:18",72800
52,-0.3,7000,"sd","09:52:53",66800
52.1,-0.2,2200,"sd","09:48:39",59800
52.1,-0.2,5000,"sd","09:48:14",57600
52.1,-0.2,100,"sd","09:48:10",52600
52.1,-0.2,200,"sd","09:43:47",52500
52.2,-0.1,100,"bu","09:43:21",52300
52.1,-0.2,600,"sd","09:42:17",52200
52.1,-0.2,1000,"sd","09:42:02",51600
52.1,-0.2,400,"bu","09:41:17",50600
52.1,-0.2,200,"bu","09:41:08",50200
52.1,-0.2,1900,"sd","09:40:45",50000
52.1,-0.2,1000,"sd","09:40:16",48100
52.1,-0.2,400,"sd","09:40:14",47100
52.1,-0.2,1000,"sd","09:39:32",46700
52.1,-0.2,600,"bu","09:39:11",45700
52.1,-0.2,100,"bu","09:38:01",45100
52,-0.3,300,"sd","09:37:46",45000
52,-0.3,9800,"bu","09:36:27",44700
52,-0.3,500,"bu","09:36:13",34900
52,-0.3,500,"bu","09:36:13",34400
52,-0.3,1000,"bu","09:36:08",33900
52,-0.3,500,"bu","09:36:06",32900
52,-0.3,500,"bu","09:35:39",32400
52,-0.3,100,"bu","09:35:38",31900
52,-0.3,1100,"bu","09:35:21",31800
51.9,-0.4,500,"sd","09:32:50",30700
51.9,-0.4,5700,"sd","09:32:43",30200
51.9,-0.4,500,"sd","09:31:24",24500
51.9,-0.4,200,"sd","09:31:02",24000
52,-0.3,100,"bu","09:29:38",23800
51.9,-0.4,2600,"sd","09:29:15",23700
51.9,-0.4,100,"sd","09:28:57",21100
51.9,-0.4,400,"sd","09:28:50",21000
52,-0.3,100,"bu","09:27:17",20600
52,-0.3,500,"bu","09:25:25",20500
52,-0.3,100,"bu","09:25:18",20000
52,-0.3,600,"bu","09:25:07",19900
52,-0.3,200,"bu","09:25:05",19300
52,-0.3,1000,"bu","09:25:03",19100
52,-0.3,100,"bu","09:24:13",18100
52,-0.3,4100,"bu","09:24:05",18000
52,-0.3,3200,"sd","09:22:48",13900
52,-0.3,200,"sd","09:22:42",10700
52.2,-0.1,100,"bu","09:22:38",10500
52,-0.3,100,"sd","09:22:03",10400
52,-0.3,300,"sd","09:21:11",10300
51.9,-0.4,3500,"sd","09:18:20",10000
51.9,-0.4,200,"sd","09:17:47",6500
52.3,0,200,"bu","09:17:14",6300
51.8,-0.5,100,"sd","09:16:27",6100
52,-0.3,300,"sd","09:16:27",6000
52.1,-0.2,100,"sd","09:16:27",5700
52.3,0,3000,"bu","09:15:35",5600
52.3,0,100,"bu","09:15:34",2600
52.2,-0.1,2500,"","09:15:00",2500
53.4,-1.1,500,"bu","13:03:09",1325500
53.4,-1.1,100,"bu","13:03:02",1325000
53.3,-1.2,500,"sd","13:02:46",1324900
53.3,-1.2,1400,"sd","13:02:46",1324400
53.3,-1.2,100,"bu","13:02:38",1323000
53.3,-1.2,100,"bu","13:02:38",1322900
53.3,-1.2,500,"bu","13:02:38",1322800
53.3,-1.2,200,"bu","13:02:38",1322300
53.3,-1.2,100,"bu","13:02:38",1322100
53.3,-1.2,200,"bu","13:02:38",1322000
53.3,-1.2,500,"bu","13:02:38",1321800
53.3,-1.2,100,"bu","13:02:38",1321300
53.3,-1.2,900,"bu","13:02:38",1321200
53.3,-1.2,100,"bu","13:02:38",1320300
53.3,-1.2,300,"bu","13:02:38",1320200
53.3,-1.2,100,"bu","13:02:38",1319900
53.3,-1.2,100,"bu","13:02:35",1319800
53.3,-1.2,900,"bu","13:02:35",1319700
53.3,-1.2,100,"bu","13:02:32",1318800
53.2,-1.3,800,"sd","13:02:29",1318700
53.2,-1.3,500,"sd","13:02:12",1317900
53.3,-1.2,400,"bu","13:02:10",1317400
53.3,-1.2,500,"bu","13:02:10",1317000
53.3,-1.2,500,"bu","13:02:10",1316500
53.3,-1.2,1500,"bu","13:02:10",1316000
53.3,-1.2,100,"bu","13:02:10",1314500
53.2,-1.3,500,"sd","13:02:10",1314400
53.2,-1.3,700,"sd","13:02:10",1313900
53.2,-1.3,700,"sd","13:02:09",1313200
53.2,-1.3,1000,"sd","13:02:05",1312500
53.2,-1.3,200,"bu","13:02:02",1311500
53.2,-1.3,500,"bu","13:02:02",1311300
53.2,-1.3,600,"bu","13:02:02",1310800
53.1,-1.4,200,"sd","13:02:02",1310200
53.2,-1.3,200,"bu","13:02:01",1310000
53.2,-1.3,100,"bu","13:01:53",1309800
53.2,-1.3,500,"bu","13:01:49",1309700
53.2,-1.3,100,"sd","13:01:32",1309200
53.2,-1.3,100,"bu","13:01:25",1309100
53.2,-1.3,100,"bu","13:01:20",1309000
53.2,-1.3,100,"bu","13:01:19",1308900
53.2,-1.3,200,"bu","13:01:18",1308800
53.2,-1.3,500,"bu","13:01:18",1308600
53.2,-1.3,500,"bu","13:01:18",1308100
53.2,-1.3,300,"sd","13:01:14",1307600
53.2,-1.3,100,"sd","13:01:14",1307300
53.2,-1.3,100,"sd","13:01:14",1307200
53.2,-1.3,400,"bu","13:01:05",1307100
53.2,-1.3,1400,"bu","13:01:05",1306700
53.2,-1.3,300,"bu","13:01:05",1305300
53.2,-1.3,500,"bu","13:01:05",1305000
53.2,-1.3,100,"bu","13:01:05",1304500
53.2,-1.3,1500,"bu","13:01:04",1304400
53.2,-1.3,500,"bu","13:01:04",1302900
53.2,-1.3,100,"bu","13:01:04",1302400
53.2,-1.3,2600,"bu","13:01:04",1302300
53.2,-1.3,300,"bu","13:00:59",1299700
53.2,-1.3,500,"bu","13:00:57",1299400
53.2,-1.3,300,"bu","13:00:35",1298900
53.2,-1.3,100,"bu","13:00:33",1298600
53.2,-1.3,300,"bu","13:00:26",1298500
53.1,-1.4,500,"sd","13:00:26",1298200
53.2,-1.3,100,"bu","13:00:24",1297700
53.2,-1.3,500,"bu","13:00:24",1297600
53.2,-1.3,100,"bu","13:00:13",1297100
53.2,-1.3,100,"bu","13:00:13",1297000
53.2,-1.3,100,"bu","13:00:12",1296900
53.2,-1.3,100,"bu","13:00:07",1296800
53.2,-1.3,200,"bu","13:00:07",1296700
53.2,-1.3,100,"bu","13:00:06",1296500
53.2,-1.3,100,"bu","13:00:06",1296400
53.2,-1.3,100,"bu","13:00:06",1296300
53.2,-1.3,300,"bu","13:00:03",1296200
53.2,-1.3,2000,"bu","13:00:03",1295900
53.2,-1.3,200,"bu","13:00:03",1293900
53.2,-1.3,1300,"bu","13:00:02",1293700
53.2,-1.3,600,"bu","13:00:02",1292400
53.2,-1.3,9400,"bu","13:00:02",1291800
53.2,-1.3,100,"sd","13:00:01",1282400
53.2,-1.3,200,"sd","13:00:01",1282300
53.2,-1.3,200,"sd","13:00:01",1282100
53.2,-1.3,100,"sd","13:00:01",1281900
53.3,-1.2,100,"bu","13:00:00",1281800
53.1,-1.4,500,"sd","13:00:00",1281700
53.1,-1.4,1000,"sd","13:00:00",1281200
53.1,-1.4,1000,"sd","13:00:00",1280200
53.1,-1.4,1000,"sd","13:00:00",1279200
53.1,-1.4,100,"sd","13:00:00",1278200
53.1,-1.4,1000,"sd","13:00:00",1278100
53.1,-1.4,100,"sd","13:00:00",1277100
53.1,-1.4,1000,"sd","13:00:00",1277000
53.1,-1.4,7000,"sd","13:00:00",1276000
53.1,-1.4,1500,"sd","13:00:00",1269000
53.1,-1.4,100,"sd","13:00:00",1267500
53.1,-1.4,500,"sd","13:00:00",1267400
53.1,-1.4,500,"sd","13:00:00",1266900
53.1,-1.4,5000,"sd","13:00:00",1266400
53.1,-1.4,700,"sd","13:00:00",1261400
53.1,-1.4,100,"sd","13:00:00",1260700
53.1,-1.4,100,"sd","13:00:00",1260600
53.2,-1.3,200,"bu","11:26:30",1184000
53.2,-1.3,200,"bu","11:26:30",1183800
53.2,-1.3,500,"bu","11:26:30",1183600
53.2,-1.3,1500,"bu","11:26:30",1183100
53.2,-1.3,6000,"bu","11:26:30",1181600
53.2,-1.3,6000,"bu","11:26:30",1175600
53.2,-1.3,4500,"bu","11:26:30",1169600
53.1,-1.4,200,"sd","11:26:29",1165100
53.1,-1.4,200,"sd","11:26:29",1164900
53.1,-1.4,200,"sd","11:26:29",1164700
53.1,-1.4,500,"sd","11:26:29",1164500
53.1,-1.4,500,"sd","11:26:29",1164000
53.1,-1.4,400,"sd","11:26:29",1163500
53.1,-1.4,4000,"sd","11:26:29",1163100
53.1,-1.4,300,"sd","11:26:29",1159100
53.1,-1.4,100,"sd","11:26:29",1158800
53.1,-1.4,3000,"sd","11:26:29",1158700
53.1,-1.4,500,"sd","11:26:28",1155700
53.1,-1.4,100,"sd","11:26:28",1155200
53.2,-1.3,100,"bu","11:26:28",1155100
53.2,-1.3,200,"sd","13:00:00",1249000
53.2,-1.3,2000,"sd","13:00:00",1248800
53.2,-1.3,100,"sd","13:00:00",1246800
53.2,-1.3,2000,"sd","13:00:00",1246700
53.2,-1.3,2000,"sd","13:00:00",1244700
53.2,-1.3,100,"sd","13:00:00",1242700
53.2,-1.3,100,"sd","13:00:00",1242600
53.2,-1.3,10000,"sd","13:00:00",1242500
53.2,-1.3,100,"sd","13:00:00",1232500
53.2,-1.3,1000,"sd","13:00:00",1232400
53.2,-1.3,200,"sd","13:00:00",1231400
53.3,-1.2,300,"bu","13:00:00",1231200
53.3,-1.2,300,"bu","13:00:00",1230900
53.3,-1.2,300,"bu","12:59:59",1230600
53.3,-1.2,200,"bu","12:59:59",1230300
53.3,-1.2,400,"bu","12:59:59",1230100
53.3,-1.2,300,"bu","12:59:59",1229700
53.3,-1.2,500,"bu","12:59:59",1229400
53.3,-1.2,1400,"bu","12:59:59",1228900
53.3,-1.2,500,"bu","12:59:59",1227500
53.2,-1.3,300,"bu","11:24:02",1137900
53.2,-1.3,3000,"bu","11:24:02",1137600
53.2,-1.3,1400,"bu","11:24:02",1134600
53.2,-1.3,200,"bu","11:24:02",1133200
53.2,-1.3,200,"bu","11:23:54",1133000
53.2,-1.3,100,"bu","11:23:54",1132800
53.1,-1.4,200,"sd","11:23:40",1132700
53.1,-1.4,500,"sd","11:23:39",1132500
53.1,-1.4,1300,"sd","11:23:39",1132000
53.1,-1.4,100,"sd","11:23:39",1130700
53.1,-1.4,900,"sd","11:23:37",1130600
53.2,-1.3,200,"bu","11:23:23",1129700
53.1,-1.4,500,"bu","11:23:16",1129500
53.1,-1.4,300,"bu","11:23:14",1129000
53.1,-1.4,100,"sd","11:23:13",1128700
53.1,-1.4,1400,"sd","11:23:13",1128600
53.1,-1.4,500,"sd","11:23:13",1127200
53.1,-1.4,200,"sd","11:23:13",1126700
53.1,-1.4,100,"sd","11:23:13",1126500
53.1,-1.4,100,"sd","11:23:13",1126400
53.2,-1.3,700,"sd","11:27:38",1211600
53.2,-1.3,10000,"sd","11:27:38",1210900
53.2,-1.3,1000,"sd","11:27:38",1200900
53.2,-1.3,5000,"sd","11:27:38",1199900
53.2,-1.3,100,"sd","11:27:38",1194900
53.2,-1.3,100,"sd","11:27:38",1194800
53.2,-1.3,500,"sd","11:27:38",1194700
53.3,-1.2,200,"bu","11:27:37",1194200
53.3,-1.2,500,"bu","11:27:35",1194000
53.3,-1.2,100,"bu","11:27:33",1193500
53.2,-1.3,100,"sd","11:27:22",1193400
53.3,-1.2,1000,"bu","11:27:06",1193300
53.2,-1.3,300,"bu","11:26:49",1192300
53.2,-1.3,200,"bu","11:26:45",1192000
53.2,-1.3,300,"bu","11:26:44",1191800
53.2,-1.3,200,"sd","11:26:42",1191500
53.2,-1.3,900,"sd","11:26:42",1191300
53.2,-1.3,500,"bu","11:26:39",1190400
53.2,-1.3,1400,"bu","11:26:39",1189900
53.2,-1.3,100,"bu","11:26:39",1188500
53.2,-1.3,500,"bu","11:26:39",1188400
53.2,-1.3,1500,"bu","11:26:39",1187900
53.2,-1.3,100,"bu","11:26:39",1186400
53.2,-1.3,500,"bu","11:26:37",1186300
53.2,-1.3,400,"bu","11:26:37",1185800
53.2,-1.3,200,"bu","11:26:37",1185400
53.2,-1.3,100,"bu","11:26:33",1185200
53.2,-1.3,1100,"bu","11:26:30",1185100
53.2,-1.3,200,"bu","11:26:30",1184000
53.2,-1.3,200,"bu","11:26:30",1183800
53.2,-1.3,500,"bu","11:26:30",1183600
53.2,-1.3,1500,"bu","11:26:30",1183100
53.2,-1.3,6000,"bu","11:26:30",1181600
53.2,-1.3,6000,"bu","11:26:30",1175600
53.2,-1.3,4500,"bu","11:26:30",1169600
53.1,-1.4,200,"sd","11:26:28",1165100
53.1,-1.4,200,"sd","11:26:28",1164900
53.1,-1.4,200,"sd","11:26:28",1164700
53.1,-1.4,500,"sd","11:26:28",1164500
53.1,-1.4,500,"sd","11:26:28",1164000
53.1,-1.4,400,"sd","11:26:28",1163500
53.1,-1.4,300,"sd","11:26:28",1163100
53.1,-1.4,100,"sd","11:26:28",1162800
53.1,-1.4,500,"sd","11:26:28",1162700
53.1,-1.4,100,"sd","11:26:28",1162200
53.1,-1.4,4000,"sd","11:26:28",1162100
53.1,-1.4,3000,"sd","11:26:28",1158100
53.2,-1.3,100,"bu","11:26:28",1155100
53.2,-1.3,5200,"bu","11:26:27",1155000
53.2,-1.3,200,"bu","11:26:27",1149800
53.2,-1.3,400,"bu","11:26:27",1149600
53.2,-1.3,500,"bu","11:26:27",1149200
53.2,-1.3,1400,"bu","11:26:27",1148700
53.2,-1.3,500,"bu","11:26:27",1147300
53.2,-1.3,900,"bu","11:26:27",1146800
53.2,-1.3,900,"bu","11:26:27",1145900
53.2,-1.3,200,"bu","11:26:23",1145000
53.2,-1.3,100,"bu","11:26:21",1144800
53.2,-1.3,1000,"bu","11:26:17",1144700
53.2,-1.3,100,"bu","11:26:16",1143700
53.1,-1.4,100,"sd","11:21:57",1075800
53.1,-1.4,200,"sd","11:21:57",1075700
53.1,-1.4,2000,"sd","11:21:57",1075500
53.1,-1.4,2000,"sd","11:21:57",1073500
53.1,-1.4,800,"sd","11:21:57",1071500
53.1,-1.4,4200,"sd","11:21:56",1070700
53.1,-1.4,300,"sd","11:21:56",1066500
53.1,-1.4,1000,"sd","11:21:56",1066200
53.1,-1.4,500,"sd","11:21:56",1065200
53.2,-1.3,100,"bu","11:21:55",1064700
53.2,-1.3,100,"bu","11:21:54",1064600
53.2,-1.3,500,"bu","11:21:54",1064500
53.2,-1.3,200,"bu","11:21:50",1064000
53.2,-1.3,1000,"bu","11:21:50",1063800
53.2,-1.3,100,"bu","11:21:48",1062800
53.2,-1.3,100,"bu","11:21:48",1062700
53.1,-1.4,500,"sd","11:21:48",1062600
53.1,-1.4,200,"sd","11:21:48",1062100
53.1,-1.4,300,"sd","11:21:48",1061900
53.1,-1.4,800,"sd","11:21:48",1061600
53.1,-1.4,500,"bu","11:23:16",1129500
53.1,-1.4,300,"bu","11:23:14",1129000
53.1,-1.4,100,"sd","11:23:13",1128700
53.1,-1.4,1400,"sd","11:23:13",1128600
53.1,-1.4,500,"sd","11:23:13",1127200
53.1,-1.4,200,"sd","11:23:13",1126700
53.1,-1.4,100,"sd","11:23:13",1126500
53.1,-1.4,100,"sd","11:23:13",1126400
53.1,-1.4,100,"sd","11:23:13",1126300
53.1,-1.4,2700,"sd","11:23:13",1126200
53.1,-1.4,100,"sd","11:23:13",1123500
53.1,-1.4,100,"sd","11:23:06",1123400
53.1,-1.4,2100,"sd","11:23:06",1123300
53.1,-1.4,100,"sd","11:23:06",1121200
53.1,-1.4,500,"sd","11:23:06",1121100
53.1,-1.4,2000,"sd","11:23:06",1120600
53.1,-1.4,100,"sd","11:23:06",1118600
53.1,-1.4,2500,"sd","11:23:06",1118500
53.1,-1.4,1000,"sd","11:23:06",1116000
53.1,-1.4,1700,"sd","11:23:06",1115000
53.2,-1.3,100,"bu","11:21:13",1048400
53.2,-1.3,100,"sd","11:21:07",1048300
53.2,-1.3,100,"sd","11:21:07",1048200
53.2,-1.3,3000,"sd","11:21:07",1048100
53.2,-1.3,100,"sd","11:21:07",1045100
53.2,-1.3,1000,"sd","11:21:07",1045000
53.2,-1.3,1000,"sd","11:21:07",1044000
53.2,-1.3,100,"sd","11:21:07",1043000
53.2,-1.3,200,"sd","11:21:07",1042900
53.2,-1.3,100,"sd","11:21:07",1042700
53.2,-1.3,100,"sd","11:21:07",1042600
53.2,-1.3,1000,"sd","11:21:06",1042500
53.2,-1.3,100,"sd","11:21:06",1041500
53.2,-1.3,100,"sd","11:21:06",1041400
53.2,-1.3,500,"sd","11:21:06",1041300
53.2,-1.3,1000,"sd","11:21:06",1040800
53.2,-1.3,100,"sd","11:21:06",1039800
53.2,-1.3,100,"sd","11:21:06",1039700
53.2,-1.3,5000,"sd","11:21:06",1039600
53.2,-1.3,100,"sd","11:21:06",1034600
53.2,-1.3,100,"sd","11:21:06",1034500
53.2,-1.3,100,"sd","11:21:06",1034400
53.2,-1.3,1000,"sd","11:21:06",1034300
53.2,-1.3,300,"sd","11:21:06",1033300
53.2,-1.3,1000,"sd","11:21:06",1033000
53.2,-1.3,1000,"sd","11:21:06",1032000
53.2,-1.3,200,"sd","11:21:06",1031000
53.2,-1.3,7200,"sd","11:21:06",1030800
53.2,-1.3,500,"sd","11:21:06",1023600
53.2,-1.3,200,"sd","11:21:06",1023100
53.2,-1.3,300,"sd","11:20:44",1022900
53.3,-1.2,100,"bu","11:20:41",1022600
53.3,-1.2,100,"bu","11:20:36",1022500
53.3,-1.2,200,"bu","11:20:35",1022400
53.3,-1.2,100,"bu","11:20:34",1022200
53.3,-1.2,100,"bu","11:20:34",1022100
53.2,-1.3,2500,"sd","11:20:32",1022000
53.2,-1.3,4200,"sd","11:20:32",1019500
53.2,-1.3,100,"sd","11:20:32",1015300
53.2,-1.3,4400,"sd","11:20:32",1015200
53.2,-1.3,200,"sd","11:20:32",1010800
53.2,-1.3,100,"sd","11:20:32",1010600
53.2,-1.3,100,"sd","11:20:32",1010500
53.2,-1.3,100,"sd","11:20:32",1010400
53.2,-1.3,1000,"sd","11:20:32",1010300
53.2,-1.3,100,"sd","11:20:32",1009300
53.2,-1.3,200,"sd","11:20:32",1009200
53.2,-1.3,100,"sd","11:20:32",1009000
53.2,-1.3,5000,"sd","11:20:32",1008900
53.2,-1.3,100,"sd","11:20:32",1003900
53.2,-1.3,100,"sd","11:20:32",1003800
53.2,-1.3,200,"sd","11:20:32",1003700
53.2,-1.3,200,"sd","11:20:31",1003500
53.2,-1.3,1300,"sd","11:20:31",1003300
53.3,-1.2,300,"bu","11:20:30",1002000
53.3,-1.2,500,"bu","11:20:30",1001700
53.3,-1.2,100,"bu","11:20:22",1001200
53.3,-1.2,1000,"bu","11:20:19",1001100
53.3,-1.2,100,"bu","11:20:15",1000100
53.3,-1.2,400,"bu","11:20:15",1000000
53.3,-1.2,100,"bu","11:20:13",999600
53.3,-1.2,100,"bu","11:20:12",999500
53.3,-1.2,500,"bu","11:19:59",999400
53.3,-1.2,200,"bu","11:19:56",998900
53.2,-1.3,300,"sd","11:19:50",998700
53.2,-1.3,100,"sd","11:19:41",998400
53.2,-1.3,300,"sd","11:19:38",998300
53.3,-1.2,100,"bu","11:19:35",998000
53.3,-1.2,300,"bu","11:19:28",997900
53.2,-1.3,100,"sd","11:19:24",997600
53.2,-1.3,100,"sd","11:19:24",997500
53.2,-1.3,100,"sd","11:19:24",997400
53.3,-1.2,800,"bu","11:19:24",997300
53.3,-1.2,500,"bu","11:19:20",996500
53.3,-1.2,100,"bu","11:19:16",996000
53.3,-1.2,100,"bu","11:19:14",995900
53.3,-1.2,200,"bu","11:19:04",995800
53.3,-1.2,100,"bu","11:19:00",995600
53.3,-1.2,200,"bu","11:18:51",995500
53.3,-1.2,300,"sd","11:18:37",995300
53.3,-1.2,500,"sd","11:18:37",995000
53.3,-1.2,100,"sd","11:18:37",994500
53.3,-1.2,100,"sd","11:18:37",994400
53.3,-1.2,100,"sd","11:18:37",994300
53.3,-1.2,2000,"sd","11:18:37",994200
53.3,-1.2,1200,"sd","11:18:37",992200
53.3,-1.2,100,"sd","11:18:37",991000
53.3,-1.2,600,"sd","11:18:37",990900
53.3,-1.2,500,"sd","11:18:37",990300
53.3,-1.2,1000,"sd","11:18:37",989800
53.3,-1.2,200,"sd","11:18:37",988800
53.3,-1.2,200,"sd","11:18:37",988600
53.3,-1.2,100,"sd","11:18:37",988400
53.3,-1.2,2000,"sd","11:18:37",988300
53.3,-1.2,300,"sd","11:18:37",986300
53.3,-1.2,1200,"sd","11:18:37",986000
53.3,-1.2,900,"sd","11:18:37",984800
53.3,-1.2,400,"sd","11:18:37",983900
53.3,-1.2,1300,"sd","11:18:37",983500
53.3,-1.2,1200,"sd","11:18:37",982200
53.2,-1.3,100,"sd","11:21:06",1041500
53.2,-1.3,100,"sd","11:21:06",1041400
53.2,-1.3,100,"sd","11:21:06",1041300
53.2,-1.3,100,"sd","11:21:06",1041200
53.2,-1.3,100,"sd","11:21:06",1041100
53.2,-1.3,500,"sd","11:21:06",1041000
53.2,-1.3,1000,"sd","11:21:06",1040500
53.2,-1.3,1000,"sd","11:21:06",1039500
53.2,-1.3,100,"sd","11:21:06",1038500
53.2,-1.3,100,"sd","11:21:06",1038400
53.2,-1.3,1000,"sd","11:21:06",1038300
53.2,-1.3,100,"sd","11:21:06",1037300
53.2,-1.3,7200,"sd","11:21:06",1037200
53.2,-1.3,5000,"sd","11:21:06",1030000
53.2,-1.3,200,"sd","11:21:06",1025000
53.2,-1.3,1000,"sd","11:21:06",1024800
53.2,-1.3,200,"sd","11:21:06",1023800
53.2,-1.3,500,"sd","11:21:06",1023600
53.2,-1.3,200,"sd","11:21:06",1023100
53.2,-1.3,300,"sd","11:20:43",1022900
53.3,-1.2,100,"bu","11:20:41",1022600
53.3,-1.2,100,"bu","11:20:36",1022500
53.3,-1.2,200,"bu","11:20:35",1022400
53.3,-1.2,100,"bu","11:20:34",1022200
53.3,-1.2,100,"bu","11:20:34",1022100
53.2,-1.3,2500,"sd","11:20:31",1022000
53.2,-1.3,4200,"sd","11:20:31",1019500
53.2,-1.3,100,"sd","11:20:31",1015300
53.2,-1.3,4400,"sd","11:20:31",1015200
53.2,-1.3,200,"sd","11:20:31",1010800
53.2,-1.3,100,"sd","11:20:31",1010600
53.2,-1.3,100,"sd","11:20:31",1010500
53.2,-1.3,100,"sd","11:20:31",1010400
53.2,-1.3,1000,"sd","11:20:31",1010300
53.2,-1.3,100,"sd","11:20:31",1009300
53.2,-1.3,200,"sd","11:20:31",1009200
53.2,-1.3,100,"sd","11:20:31",1009000
53.2,-1.3,5000,"sd","11:20:31",1008900
53.2,-1.3,100,"sd","11:20:31",1003900
53.2,-1.3,100,"sd","11:20:31",1003800
53.2,-1.3,200,"sd","11:20:31",1003700
53.2,-1.3,200,"sd","11:20:31",1003500
53.2,-1.3,1300,"sd","11:20:31",1003300
53.3,-1.2,300,"bu","11:20:30",1002000
53.3,-1.2,500,"bu","11:20:30",1001700
53.3,-1.2,100,"bu","11:20:22",1001200
53.3,-1.2,1000,"bu","11:20:19",1001100
53.3,-1.2,100,"bu","11:20:15",1000100
53.3,-1.2,400,"bu","11:20:15",1000000
53.3,-1.2,100,"bu","11:20:13",999600
53.3,-1.2,100,"bu","11:20:12",999500
53.3,-1.2,500,"bu","11:19:59",999400
53.3,-1.2,200,"bu","11:19:56",998900
53.2,-1.3,300,"sd","11:19:50",998700
53.2,-1.3,100,"sd","11:19:41",998400
53.2,-1.3,300,"sd","11:19:38",998300
53.3,-1.2,100,"bu","11:19:35",998000
53.3,-1.2,300,"bu","11:19:28",997900
53.2,-1.3,100,"sd","11:19:24",997600
53.2,-1.3,100,"sd","11:19:24",997500
53.2,-1.3,100,"sd","11:19:24",997400
53.3,-1.2,800,"bu","11:19:24",997300
53.3,-1.2,500,"bu","11:19:19",996500
53.3,-1.2,100,"bu","11:19:16",996000
53.3,-1.2,100,"bu","11:19:14",995900
53.3,-1.2,200,"bu","11:19:04",995800
53.3,-1.2,100,"bu","11:19:00",995600
53.3,-1.2,200,"bu","11:18:51",995500
53.3,-1.2,300,"sd","11:18:37",995300
53.3,-1.2,300,"sd","11:18:37",995000
53.3,-1.2,500,"sd","11:18:36",994700
53.3,-1.2,100,"sd","11:18:36",994200
53.3,-1.2,100,"sd","11:18:36",994100
53.3,-1.2,100,"sd","11:18:36",994000
53.3,-1.2,100,"sd","11:18:36",993900
53.3,-1.2,100,"sd","11:18:36",993800
53.3,-1.2,100,"sd","11:18:36",993700
53.3,-1.2,1000,"sd","11:18:36",993600
53.3,-1.2,200,"sd","11:18:36",992600
53.3,-1.2,100,"sd","11:18:36",992400
53.3,-1.2,2000,"sd","11:18:36",992300
53.3,-1.2,100,"sd","11:18:36",990300
53.3,-1.2,100,"sd","11:18:36",990200
53.3,-1.2,1000,"sd","11:18:36",990100
53.3,-1.2,100,"sd","11:18:36",989100
53.3,-1.2,200,"sd","11:18:36",989000
53.3,-1.2,200,"sd","11:18:36",988800
53.3,-1.2,1000,"sd","11:18:36",988600
53.3,-1.2,100,"sd","11:18:36",987600
53.3,-1.2,100,"sd","11:18:36",987500
53.3,-1.2,300,"sd","11:18:36",987400
53.3,-1.2,100,"sd","11:18:36",987100
53.3,-1.2,100,"sd","11:18:36",987000
53.3,-1.2,900,"sd","11:18:36",986900
53.3,-1.2,600,"sd","11:18:36",986000
53.3,-1.2,300,"sd","11:18:36",985400
53.3,-1.2,100,"sd","11:18:36",985100
53.3,-1.2,100,"sd","11:18:36",985000
53.3,-1.2,100,"sd","11:18:36",984900
53.3,-1.2,100,"sd","11:18:36",984800
53.5,-1,500,"bu","11:14:13",938200
53.5,-1,300,"bu","11:14:10",937700
53.5,-1,200,"bu","11:14:03",937400
53.5,-1,400,"bu","11:14:03",937200
53.5,-1,100,"bu","11:14:03",936800
53.5,-1,100,"bu","11:13:36",936700
53.5,-1,100,"bu","11:13:36",936600
53.5,-1,500,"bu","11:13:30",936500
53.5,-1,100,"bu","11:13:27",936000
53.5,-1,400,"bu","11:13:27",935900
53.5,-1,500,"sd","11:13:06",935500
53.5,-1,100,"sd","11:13:06",935000
53.5,-1,200,"sd","11:13:04",934900
53.5,-1,200,"sd","11:13:04",934700
53.5,-1,100,"sd","11:13:03",934500
53.5,-1,500,"sd","11:13:03",934400
53.5,-1,400,"sd","11:13:03",933900
53.5,-1,600,"sd","11:12:59",933500
53.5,-1,200,"sd","11:12:59",932900
53.5,-1,300,"sd","11:12:55",932700
53.4,-1.1,200,"sd","11:18:11",972800
53.4,-1.1,700,"sd","11:18:11",972600
53.4,-1.1,400,"sd","11:17:48",971900
53.4,-1.1,100,"sd","11:17:48",971500
53.4,-1.1,100,"sd","11:17:48",971400
53.4,-1.1,100,"sd","11:17:43",971300
53.4,-1.1,100,"sd","11:17:43",971200
53.4,-1.1,500,"sd","11:17:43",971100
53.4,-1.1,500,"sd","11:17:42",970600
53.4,-1.1,1000,"sd","11:17:42",970100
53.4,-1.1,100,"sd","11:17:42",969100
53.4,-1.1,100,"sd","11:17:42",969000
53.4,-1.1,100,"sd","11:17:42",968900
53.4,-1.1,200,"sd","11:17:42",968800
53.4,-1.1,100,"sd","11:17:42",968600
53.4,-1.1,100,"sd","11:17:42",968500
53.4,-1.1,2000,"sd","11:17:42",968400
53.4,-1.1,300,"sd","11:17:42",966400
53.4,-1.1,500,"sd","11:17:35",966100
53.4,-1.1,1400,"sd","11:17:35",965600
53.5,-1,200,"sd","11:12:54",912000
53.5,-1,1700,"sd","11:12:54",911800
53.5,-1,1300,"sd","11:12:54",910100
53.5,-1,1400,"sd","11:12:54",908800
53.5,-1,100,"sd","11:12:54",907400
53.5,-1,2200,"sd","11:12:54",907300
53.5,-1,100,"sd","11:12:54",905100
53.5,-1,200,"sd","11:12:54",905000
53.5,-1,400,"sd","11:12:54",904800
53.5,-1,1100,"sd","11:12:54",904400
53.5,-1,100,"sd","11:12:54",903300
53.5,-1,500,"sd","11:12:54",903200
53.5,-1,1000,"sd","11:12:54",902700
53.5,-1,1400,"sd","11:12:48",901700
53.5,-1,1500,"sd","11:12:48",900300
53.5,-1,100,"sd","11:12:48",898800
53.5,-1,500,"sd","11:12:48",898700
53.5,-1,100,"sd","11:12:48",898200
53.5,-1,100,"sd","11:12:48",898100
53.5,-1,100,"sd","11:12:48",898000
53.4,-1.1,500,"sd","11:16:09",959600
53.4,-1.1,100,"sd","11:16:09",959100
53.4,-1.1,800,"sd","11:16:09",959000
53.4,-1.1,200,"sd","11:15:55",958200
53.4,-1.1,200,"sd","11:15:55",958000
53.4,-1.1,100,"sd","11:15:55",957800
53.5,-1,200,"bu","11:15:46",957700
53.4,-1.1,100,"sd","11:15:45",957500
53.4,-1.1,100,"sd","11:15:45",957400
53.4,-1.1,200,"sd","11:15:45",957300
53.4,-1.1,100,"sd","11:15:45",957100
53.4,-1.1,800,"sd","11:15:45",957000
53.4,-1.1,100,"sd","11:15:45",956200
53.4,-1.1,100,"sd","11:15:45",956100
53.4,-1.1,200,"sd","11:15:45",956000
53.4,-1.1,100,"sd","11:15:45",955800
53.4,-1.1,100,"sd","11:15:43",955700
53.4,-1.1,100,"sd","11:15:43",955600
53.4,-1.1,2800,"sd","11:15:43",955500
53.4,-1.1,2000,"sd","11:15:39",952700
53.4,-1.1,200,"sd","11:15:37",950700
53.4,-1.1,100,"sd","11:15:37",950500
53.4,-1.1,3000,"sd","11:15:37",950400
53.4,-1.1,100,"sd","11:15:37",947400
53.4,-1.1,1600,"sd","11:15:37",947300
53.4,-1.1,3400,"sd","11:15:31",945700
53.4,-1.1,100,"sd","11:15:31",942300
53.4,-1.1,100,"sd","11:15:31",942200
53.4,-1.1,100,"sd","11:15:31",942100
53.4,-1.1,100,"sd","11:15:31",942000
53.4,-1.1,100,"sd","11:15:31",941900
53.4,-1.1,100,"sd","11:15:31",941800
53.4,-1.1,200,"sd","11:15:11",941700
53.4,-1.1,100,"sd","11:15:11",941500
53.4,-1.1,900,"sd","11:15:11",941400
53.5,-1,200,"bu","11:15:02",940500
53.5,-1,600,"bu","11:14:51",940300
53.4,-1.1,100,"sd","11:14:41",939700
53.4,-1.1,100,"sd","11:14:41",939600
53.4,-1.1,200,"sd","11:14:41",939500
53.5,-1,2000,"sd","11:12:15",872700
53.5,-1,100,"sd","11:12:15",870700
53.5,-1,200,"sd","11:12:15",870600
53.5,-1,500,"sd","11:12:15",870400
53.5,-1,200,"sd","11:12:15",869900
53.5,-1,200,"sd","11:12:15",869700
53.5,-1,1000,"sd","11:12:15",869500
53.5,-1,100,"sd","11:12:15",868500
53.5,-1,100,"sd","11:12:15",868400
53.5,-1,100,"sd","11:12:15",868300
53.5,-1,500,"sd","11:12:15",868200
53.6,-0.9,200,"bu","11:12:07",867700
53.5,-1,500,"sd","11:12:07",867500
53.5,-1,500,"sd","11:12:07",867000
53.5,-1,1500,"sd","11:12:07",866500
53.5,-1,100,"sd","11:11:58",865000
53.5,-1,1000,"sd","11:11:58",864900
53.5,-1,600,"sd","11:11:58",863900
53.5,-1,100,"sd","11:11:58",863300
53.5,-1,500,"sd","11:11:58",863200
53.5,-1,200,"sd","11:11:58",862700
53.5,-1,100,"sd","11:11:58",862500
53.5,-1,100,"sd","11:11:58",862400
53.5,-1,200,"sd","11:11:58",862300
53.5,-1,100,"sd","11:11:58",862100
53.5,-1,100,"sd","11:11:58",862000
53.5,-1,1100,"sd","11:11:58",861900
53.5,-1,1000,"sd","11:11:58",860800
53.5,-1,100,"sd","11:11:58",859800
53.5,-1,300,"sd","11:11:58",859700
53.5,-1,200,"sd","11:11:58",859400
53.5,-1,500,"sd","11:11:58",859200
53.5,-1,500,"sd","11:11:58",858700
53.5,-1,500,"sd","11:11:58",858200
53.5,-1,100,"sd","11:11:58",857700
53.5,-1,700,"sd","11:11:58",857600
53.5,-1,2100,"sd","11:11:58",856900
53.5,-1,500,"sd","11:11:58",854800
53.5,-1,100,"sd","11:11:58",854300
53.5,-1,100,"sd","11:11:58",854200
53.5,-1,1000,"sd","11:11:58",854100
53.5,-1,200,"sd","11:11:58",853100
53.5,-1,100,"sd","11:11:58",852900
53.5,-1,700,"sd","11:11:58",852800
53.5,-1,1000,"sd","11:11:58",852100
53.5,-1,500,"sd","11:11:58",851100
53.5,-1,200,"sd","11:11:58",850600
53.5,-1,100,"sd","11:11:58",850400
53.5,-1,100,"sd","11:11:58",850300
53.5,-1,1800,"sd","11:11:58",850200
