"price","change","match_qtty","side","time","total_vol"
4.55,-0.15,7300,"","14:45:02",96400
4.61,-0.09,200,"bu","14:29:15",89100
4.61,-0.09,100,"bu","14:28:38",88900
4.6,-0.1,2000,"bu","14:28:04",88800
4.59,-0.11,1000,"bu","14:28:04",86800
4.53,-0.17,1800,"bu","14:19:19",85800
4.53,-0.17,1300,"sd","14:18:08",84000
4.55,-0.15,1000,"sd","14:16:41",82700
4.55,-0.15,1000,"sd","14:16:39",81700
4.55,-0.15,1000,"sd","14:16:08",80700
4.59,-0.11,5000,"bu","14:16:06",79700
4.58,-0.12,1000,"sd","14:15:39",74700
4.59,-0.11,200,"bu","14:14:03",73700
4.6,-0.1,100,"bu","14:12:58",73500
4.6,-0.1,400,"bu","14:12:52",73400
4.52,-0.18,100,"sd","14:11:49",73000
4.6,-0.1,3400,"sd","14:10:23",72900
4.61,-0.09,1100,"sd","14:09:24",69500
4.62,-0.08,100,"sd","14:09:24",68400
4.61,-0.09,6200,"sd","14:08:38",68300
4.73,0,1800,"sd","13:20:57",36800
4.74,0.01,1000,"bu","13:20:06",35000
4.73,0,1500,"sd","13:14:28",34000
4.73,0,5000,"sd","13:11:12",32500
4.74,0.01,100,"sd","13:10:58",27500
4.74,0.01,1000,"bu","10:56:42",27400
4.74,0.01,5300,"sd","10:54:23",26400
4.74,0.01,1000,"sd","10:46:23",21100
4.74,0.01,2000,"sd","10:46:10",20100
4.74,0.01,300,"sd","10:42:13",18100
4.74,0.01,100,"sd","10:38:12",17800
4.74,0.01,300,"bu","10:20:11",17700
4.74,0.01,1700,"sd","10:19:24",17400
4.74,0.01,300,"sd","10:16:14",15700
4.76,0.03,700,"sd","10:14:01",15400
4.76,0.03,4000,"sd","10:13:57",14700
4.76,0.03,400,"sd","10:13:25",10700
4.76,0.03,100,"sd","10:12:28",10300
4.77,0.04,200,"bu","10:11:41",10200
4.76,0.03,4800,"bu","10:06:52",10000
4.76,0.03,100,"bu","09:46:30",5200
4.73,0,100,"sd","09:41:17",5100
4.73,0,300,"bu","09:39:23",5000
4.73,0,400,"bu","09:37:50",4700
4.73,0,500,"sd","09:35:05",4300
4.73,0,1500,"bu","09:23:33",3800
4.71,-0.02,2300,"","09:15:01",2300
4.9,0.1,100,"bu","11:25:07",91600
4.9,0.1,2800,"bu","11:25:01",91500
4.9,0.1,2000,"bu","11:24:22",88700
4.9,0.1,1200,"bu","11:21:53",86700
4.9,0.1,100,"bu","11:21:28",85500
4.9,0.1,300,"bu","11:20:37",85400
4.9,0.1,600,"bu","11:20:03",85100
4.9,0.1,1000,"bu","11:19:42",84500
4.89,0.09,1300,"bu","11:18:31",83500
4.89,0.09,300,"bu","11:18:07",82200
4.88,0.08,100,"bu","11:17:39",81900
4.88,0.08,300,"bu","11:17:04",81800
4.88,0.08,1000,"bu","11:16:19",81500
4.88,0.08,100,"bu","11:12:23",80500
4.86,0.06,500,"bu","11:12:05",80400
4.85,0.05,15400,"bu","11:11:14",79900
4.84,0.04,1000,"bu","11:11:14",64500
4.85,0.05,1000,"bu","11:02:02",63500
4.85,0.05,1200,"bu","11:01:29",62500
4.85,0.05,4600,"bu","11:00:51",61300
4.84,0.04,300,"bu","11:00:51",56700
4.84,0.04,200,"bu","11:00:25",56400
4.84,0.04,2100,"bu","11:00:04",56200
4.84,0.04,10000,"bu","10:58:51",54100
4.83,0.03,600,"bu","10:57:35",44100
4.83,0.03,9000,"bu","10:56:58",43500
4.83,0.03,200,"bu","10:55:07",34500
4.82,0.02,100,"bu","10:55:06",34300
4.82,0.02,1300,"bu","10:53:42",34200
4.82,0.02,100,"bu","10:51:52",32900
4.81,0.01,200,"sd","10:49:19",32800
4.81,0.01,100,"bu","10:49:07",32600
4.81,0.01,15800,"bu","10:47:30",32500
4.81,0.01,2100,"sd","10:44:42",16700
4.81,0.01,100,"bu","10:20:07",14600
4.81,0.01,3000,"bu","10:16:10",14500
4.8,0,200,"bu","10:08:09",11500
4.8,0,100,"bu","10:03:41",11300
4.8,0,100,"sd","10:01:44",11200
4.8,0,3000,"sd","09:59:17",11100
4.81,0.01,1000,"bu","09:56:23",8100
4.8,0,500,"sd","09:49:04",7100
4.8,0,500,"sd","09:47:50",6600
4.8,0,100,"sd","09:44:14",6100
4.8,0,200,"bu","09:44:00",6000
4.8,0,1200,"sd","09:42:26",5800
4.8,0,600,"sd","09:42:25",4600
4.8,0,1000,"sd","09:40:50",4000
4.8,0,1500,"sd","09:38:45",3000
4.81,0.01,500,"sd","09:38:45",1500
4.8,0,1000,"sd","09:25:49",1000
5.19,0.33,200,"bu","09:16:42",500
5.2,0.34,100,"bu","09:15:07",300
5.2,0.34,200,"","09:15:02",200
6.5,-0.1,700,"bu","09:28:57",26900
6.5,-0.1,400,"bu","09:28:57",26200
6.5,-0.1,3000,"bu","09:28:57",25800
6.45,-0.15,1900,"sd","09:22:12",22800
6.45,-0.15,3100,"sd","09:21:49",20900
6.45,-0.15,1400,"sd","09:21:49",17800
6.45,-0.15,100,"sd","09:21:15",16400
6.45,-0.15,1000,"sd","09:18:42",16300
6.45,-0.15,1000,"sd","09:18:42",15300
6.45,-0.15,1000,"sd","09:18:22",14300
6.45,-0.15,3000,"sd","09:16:47",13300
6.5,-0.1,200,"sd","09:15:18",10300
6.5,-0.1,700,"sd","09:15:03",10100
6.54,-0.06,800,"sd","09:15:03",9400
6.59,-0.01,8600,"bu","09:14:59",8600
6,-0.03,1900,"sd","11:19:54",81000
6.01,-0.02,100,"sd","11:19:54",79100
6,-0.03,200,"sd","11:12:13",79000
6,-0.03,100,"sd","11:12:13",78800
6,-0.03,3600,"sd","11:12:13",78700
6,-0.03,1400,"sd","11:07:28",75100
6,-0.03,3300,"sd","11:07:28",73700
6,-0.03,1700,"sd","11:04:53",70400
6,-0.03,100,"sd","11:04:53",68700
6,-0.03,4300,"sd","11:04:52",68600
6,-0.03,500,"sd","11:00:47",64300
6,-0.03,10000,"sd","11:00:13",63800
6,-0.03,14200,"sd","10:56:00",53800
6.01,-0.02,100,"sd","10:56:00",39600
6.01,-0.02,700,"sd","10:55:10",39500
6.01,-0.02,1000,"sd","10:55:10",38800
6.01,-0.02,100,"sd","10:55:10",37800
6.02,-0.01,1200,"sd","10:49:45",37700
6.02,-0.01,1000,"bu","10:42:57",36500
6,-0.03,1000,"sd","10:38:51",35500
6.01,-0.02,2000,"bu","10:38:47",34500
6,-0.03,2000,"bu","10:34:14",32500
6,-0.03,2000,"bu","10:34:14",30500
6,-0.03,100,"bu","10:28:48",28500
6,-0.03,400,"bu","10:28:48",28400
6,-0.03,500,"bu","10:28:36",28000
5.99,-0.04,200,"sd","10:28:04",27500
5.99,-0.04,200,"sd","10:28:04",27300
6,-0.03,500,"bu","10:27:59",27100
6,-0.03,500,"bu","10:27:23",26600
6,-0.03,100,"sd","10:24:00",26100
5.99,-0.04,100,"sd","10:22:35",26000
5.99,-0.04,900,"sd","10:22:35",25900
6,-0.03,100,"bu","10:21:36",25000
5.99,-0.04,100,"sd","10:19:52",24900
6,-0.03,200,"bu","10:19:50",24800
6,-0.03,500,"sd","10:18:41",24600
6,-0.03,100,"bu","10:17:18",24100
6,-0.03,600,"bu","10:17:18",24000
6,-0.03,2300,"bu","10:17:18",23400
5.99,-0.04,200,"bu","10:16:42",21100
5.99,-0.04,100,"bu","10:15:50",20900
6,-0.03,1000,"bu","10:14:44",20800
6,-0.03,3700,"bu","10:09:46",19800
5.99,-0.04,200,"bu","10:09:08",16100
5.99,-0.04,1800,"bu","10:07:37",15900
5.96,-0.07,200,"sd","10:00:38",14100
6,-0.03,200,"bu","10:00:13",13900
6,-0.03,500,"sd","10:00:00",13700
6,-0.03,100,"sd","10:00:00",13200
6,-0.03,500,"sd","10:00:00",13100
6,-0.03,1000,"sd","10:00:00",12600
6.01,-0.02,200,"sd","10:00:00",11600
6.01,-0.02,500,"bu","09:59:58",11400
6.03,0,400,"bu","09:48:50",10900
6.03,0,100,"bu","09:44:46",10500
6.03,0,200,"bu","09:37:29",10400
6.03,0,600,"bu","09:33:15",10200
6.03,0,1200,"bu","09:33:04",9600
6.02,-0.01,1400,"bu","09:31:34",8400
5.3,0.03,700,"bu","09:23:33",16500
5.3,0.03,2000,"bu","09:23:33",15800
5.3,0.03,800,"bu","09:23:33",8800
5.3,0.03,5000,"bu","09:23:33",13800
5.29,0.02,1000,"bu","09:23:33",8000
5.22,-0.05,200,"sd","09:22:28",7000
5.22,-0.05,500,"sd","09:22:28",6800
5.22,-0.05,4000,"sd","09:16:43",6300
5.27,0,1000,"sd","09:15:27",2300
5.27,0,1000,"sd","09:15:27",1300
5.29,0.02,300,"unknown","09:15:00",300
6.53,0.06,100,"bu","10:09:34",47700
6.53,0.06,100,"bu","10:09:20",47600
6.53,0.06,300,"bu","10:08:51",47500
6.52,0.05,500,"bu","10:08:51",47200
6.52,0.05,100,"bu","10:08:51",46700
6.52,0.05,100,"bu","10:08:38",46600
6.52,0.05,200,"sd","10:01:21",46500
6.52,0.05,100,"bu","10:00:17",46300
6.52,0.05,100,"bu","09:59:50",46200
6.52,0.05,100,"bu","09:59:50",46100
6.51,0.04,300,"bu","09:58:07",46000
6.5,0.03,300,"bu","09:56:58",45700
6.5,0.03,2000,"bu","09:56:20",45400
6.5,0.03,100,"bu","09:55:42",43400
6.5,0.03,200,"bu","09:55:27",43300
6.5,0.03,100,"bu","09:55:27",43100
6.5,0.03,100,"bu","09:55:19",43000
6.48,0.01,1000,"sd","09:48:24",42900
6.48,0.01,100,"sd","09:48:12",41900
6.47,0,1400,"sd","09:45:32",41800
6.59,0.12,100,"sd","13:22:19",145400
6.59,0.12,100,"sd","13:22:19",145500
6.59,0.12,500,"sd","13:22:38",146000
6.59,0.12,100,"sd","13:23:26",146100
6.59,0.12,900,"sd","13:23:26",147000
6.59,0.12,100,"sd","13:23:31",147100
6.58,0.11,700,"bu","13:26:05",147800
6.57,0.1,100,"bu","13:34:46",147900
6.58,0.11,1300,"bu","13:39:42",149200
6.58,0.11,200,"bu","13:39:42",149400
6.59,0.12,900,"bu","13:39:42",150300
6.6,0.13,1000,"bu","13:39:42",151300
6.6,0.13,1000,"bu","13:39:42",152300
6.6,0.13,1200,"bu","13:39:42",153500
6.6,0.13,3100,"bu","13:39:42",156600
6.61,0.14,300,"bu","13:40:40",156900
6.61,0.14,100,"bu","13:40:50",157000
6.61,0.14,100,"bu","13:40:56",157100
6.61,0.14,100,"bu","13:41:14",157200
6.61,0.14,400,"bu","13:41:21",157600
6.52,0.05,300,"sd","09:39:41",23800
6.52,0.05,600,"sd","09:39:41",23500
6.53,0.06,100,"sd","09:38:59",22900
6.53,0.06,100,"sd","09:38:59",22800
6.53,0.06,400,"sd","09:38:59",22700
6.53,0.06,100,"sd","09:38:59",22300
6.53,0.06,100,"sd","09:37:53",22200
6.53,0.06,400,"sd","09:37:53",22100
6.53,0.06,100,"sd","09:37:19",21700
6.53,0.06,200,"sd","09:37:19",21600
6.53,0.06,1000,"sd","09:35:23",21400
6.53,0.06,300,"sd","09:35:01",20400
6.53,0.06,100,"sd","09:31:36",20100
6.53,0.06,600,"bu","09:29:42",20000
6.52,0.05,100,"sd","09:29:32",19400
6.53,0.06,100,"bu","09:28:45",19300
6.54,0.07,1500,"sd","09:28:28",19200
6.54,0.07,2000,"bu","09:27:17",17700
6.53,0.06,100,"bu","09:27:17",15700
6.52,0.05,100,"sd","09:26:07",15600
6.6,0.13,200,"sd","14:03:54",170200
6.6,0.13,1000,"sd","14:03:54",171200
6.6,0.13,200,"bu","14:04:02",171400
6.59,0.12,300,"sd","14:04:28",171700
6.59,0.12,300,"sd","14:04:41",172000
6.6,0.13,100,"bu","14:07:22",172100
6.59,0.12,300,"sd","14:09:19",172400
6.59,0.12,100,"sd","14:11:43",172500
6.59,0.12,700,"sd","14:13:27",173200
6.59,0.12,300,"sd","14:15:15",173500
6.59,0.12,2000,"sd","14:15:15",175500
6.58,0.11,1000,"sd","14:15:25",176500
6.57,0.1,1000,"sd","14:15:25",177500
6.57,0.1,1000,"sd","14:15:25",178500
6.57,0.1,1300,"sd","14:16:50",179800
6.57,0.1,300,"sd","14:16:52",180100
6.57,0.1,100,"sd","14:17:06",180200
6.58,0.11,200,"sd","14:19:54",180400
6.57,0.1,2300,"sd","14:19:54",182700
6.57,0.1,100,"sd","14:19:54",182800
6.56,0.09,100,"sd","14:19:54",182900
6.55,0.08,100,"sd","14:19:54",183000
6.55,0.08,2200,"sd","14:19:54",185200
6.55,0.08,800,"sd","14:22:28",186000
6.55,0.08,2000,"sd","14:24:20",188000
6.55,0.08,100,"sd","14:24:20",188100
6.55,0.08,100,"sd","14:24:20",188200
6.55,0.08,1100,"sd","14:24:20",189300
6.55,0.08,100,"sd","14:24:20",189400
6.55,0.08,2000,"sd","14:24:20",191400
6.58,0.11,100,"bu","14:28:53",191500
6.5,0.03,14900,"sd","14:45:00",206400
10.9,0,1000,"bu","10:37:24",212900
10.9,0,2500,"bu","10:37:24",211900
10.9,0,2300,"bu","10:37:24",209400
10.85,-0.05,2000,"sd","10:37:06",207100
10.9,0,200,"bu","10:36:37",205100
10.9,0,3000,"bu","10:36:09",204900
10.9,0,300,"bu","10:35:59",201900
10.9,0,100,"bu","10:35:51",201600
10.9,0,3000,"bu","10:35:02",201500
10.9,0,400,"bu","10:33:36",198500
10.9,0,200,"sd","10:33:07",198100
10.9,0,100,"sd","10:33:07",197900
10.9,0,1300,"sd","10:33:07",197800
10.9,0,2900,"sd","10:33:07",196500
10.9,0,8000,"sd","10:33:07",193600
10.9,0,500,"sd","10:33:07",185600
10.9,0,1300,"sd","10:33:07",185100
10.9,0,100,"sd","10:33:07",183800
10.9,0,100,"sd","10:33:07",183700
10.9,0,500,"sd","10:33:07",183600
10.95,0.05,2000,"sd","10:33:04",173600
10.95,0.05,700,"sd","10:33:04",171600
10.95,0.05,300,"sd","10:32:57",170900
10.95,0.05,600,"sd","10:32:49",170600
10.95,0.05,1100,"sd","10:32:42",170000
10.95,0.05,400,"sd","10:32:35",168900
10.95,0.05,100,"sd","10:32:26",168500
11,0.1,500,"bu","10:32:14",168400
11,0.1,200,"bu","10:30:35",167900
11,0.1,1300,"sd","10:22:00",167700
11,0.1,300,"bu","10:21:39",166400
11,0.1,500,"bu","10:21:39",166100
11,0.1,2900,"bu","10:21:39",165600
11,0.1,100,"bu","10:21:28",162700
11,0.1,600,"bu","10:21:28",162600
11,0.1,600,"bu","10:21:05",162000
11,0.1,100,"sd","10:20:48",161400
11,0.1,700,"sd","10:20:48",161300
11,0.1,200,"sd","10:20:37",160600
11,0.1,100,"sd","10:20:29",160400
11,0.1,200,"sd","10:20:37",160600
11,0.1,100,"sd","10:20:29",160400
11,0.1,500,"sd","10:19:47",160300
11,0.1,300,"bu","10:19:03",159800
11,0.1,3000,"bu","10:19:03",159500
11,0.1,5200,"bu","10:19:03",156500
11,0.1,1000,"sd","10:18:25",151300
11,0.1,100,"sd","10:18:25",150300
11,0.1,3700,"sd","10:18:25",150200
11,0.1,3900,"sd","10:17:30",146500
11,0.1,500,"sd","10:15:58",142600
11,0.1,100,"sd","10:14:25",142100
11,0.1,2000,"sd","10:14:25",142000
11,0.1,3000,"sd","10:13:13",140000
11,0.1,3000,"sd","10:13:02",137000
11,0.1,1000,"bu","10:13:01",134000
11,0.1,400,"bu","10:13:01",133000
11,0.1,2400,"bu","10:13:01",132600
11,0.1,100,"sd","10:12:42",130200
11,0.1,2500,"sd","10:12:42",130100
10.9,-0.1,500,"sd","10:17:19",104800
10.9,-0.1,200,"sd","10:17:19",104300
10.9,-0.1,100,"sd","10:17:19",104100
10.9,-0.1,100,"sd","10:17:19",104000
10.9,-0.1,5600,"sd","10:17:19",103900
10.9,-0.1,200,"sd","10:17:19",98300
10.9,-0.1,200,"sd","10:17:19",98100
10.9,-0.1,3800,"sd","10:17:19",97900
10.95,-0.05,100,"sd","10:16:07",94100
10.95,-0.05,200,"sd","10:16:07",94000
10.95,-0.05,800,"bu","10:15:20",93800
10.95,-0.05,1100,"bu","10:15:13",93000
10.95,-0.05,900,"bu","10:15:13",91900
10.95,-0.05,100,"bu","10:13:49",91000
10.95,-0.05,100,"bu","10:13:22",90900
10.95,-0.05,100,"sd","10:13:16",90800
10.95,-0.05,100,"sd","10:13:16",90700
10.95,-0.05,500,"sd","10:13:16",90600
10.95,-0.05,1000,"sd","10:13:16",90100
11,0,100,"sd","10:13:16",89100
11,0,100,"sd","10:13:16",89000
11,0,100,"sd","10:11:53",88900
11,0,4900,"sd","10:11:53",88800
11,0,100,"sd","10:09:39",83900
11.1,0.1,100,"bu","10:09:19",83800
11,0,500,"bu","10:06:44",83700
11,0,1000,"bu","10:06:19",83200
10.9,-0.1,200,"sd","10:05:07",82200
10.9,-0.1,3900,"sd","10:05:07",82000
10.9,-0.1,100,"sd","10:05:07",78100
10.9,-0.1,100,"sd","10:05:07",78000
10.9,-0.1,600,"sd","10:05:07",77900
10.9,-0.1,300,"sd","10:04:19",77300
10.9,-0.1,100,"sd","10:03:03",77000
11,0,100,"bu","10:01:41",76900
11,0,1500,"bu","10:01:41",76800
11,0,7400,"bu","10:01:41",75300
11,0,500,"bu","10:01:41",67900
11,0,500,"bu","10:01:41",67400
11,0,300,"bu","10:01:41",66900
11,0,1000,"bu","10:01:41",66600
11,0,2000,"bu","10:01:41",65600
11,0,100,"bu","10:01:41",63600
11,0,2800,"bu","10:01:41",63500
11,0,8800,"bu","10:01:41",60700
10.9,-0.1,100,"sd","09:58:35",51900
10.9,-0.1,200,"sd","09:58:35",51800
10.9,-0.1,200,"sd","09:58:35",51600
10.9,-0.1,100,"sd","09:58:25",51400
10.9,-0.1,500,"sd","09:58:25",51300
10.9,-0.1,400,"sd","09:58:22",50800
10.9,-0.1,100,"sd","09:56:46",50400
11,0,100,"bu","09:56:44",50300
10.9,-0.1,700,"sd","09:55:48",50200
11,0,100,"bu","09:55:48",49500
10.9,-0.1,300,"sd","09:55:39",49400
10.9,-0.1,200,"sd","09:55:39",49100
10.9,-0.1,300,"sd","09:55:29",48900
10.9,-0.1,700,"sd","09:55:23",48600
10.9,-0.1,100,"sd","09:55:23",47900
10.9,-0.1,100,"sd","09:55:23",47800
10.9,-0.1,300,"sd","09:55:23",47700
10.9,-0.1,200,"sd","09:55:23",47400
10.9,-0.1,100,"sd","09:54:55",47200
11,0,200,"bu","09:53:51",47100
11,0,100,"bu","09:53:03",46900
10.95,-0.05,100,"sd","09:52:57",46800
11,0,100,"bu","09:50:11",46700
10.95,-0.05,100,"sd","09:50:07",46600
11,0,100,"bu","09:49:39",46500
11,0,100,"bu","09:47:52",46400
11,0,100,"bu","09:47:15",46300
11,0,200,"bu","09:47:14",46200
10.9,-0.1,100,"sd","09:46:15",46000
10.9,-0.1,400,"sd","09:44:46",45900
10.9,-0.1,200,"sd","09:44:46",45500
10.9,-0.1,800,"sd","09:42:54",45300
10.9,-0.1,200,"sd","09:42:54",44500
10.9,-0.1,1000,"sd","09:42:54",44300
10.9,-0.1,200,"sd","09:42:54",43300
10.9,-0.1,1900,"sd","09:42:54",43100
10.9,-0.1,100,"sd","09:42:54",41200
10.9,-0.1,100,"sd","09:42:54",41100
10.9,-0.1,200,"sd","09:42:54",41000
10.9,-0.1,500,"sd","09:42:54",40800
10.95,-0.05,1000,"sd","09:42:54",40300
10.95,-0.05,1000,"sd","09:42:54",39300
10.95,-0.05,500,"sd","09:42:54",38300
10.95,-0.05,200,"sd","09:42:54",37800
10.95,-0.05,1000,"sd","09:42:54",37600
10.95,-0.05,200,"sd","09:42:54",36600
10.95,-0.05,400,"sd","09:42:54",36400
11,0,100,"bu","09:42:08",36000
11,0,100,"bu","09:41:47",35900
11,0,100,"sd","09:40:54",35800
11,0,200,"sd","09:40:54",35700
11,0,1000,"sd","09:40:54",35500
11,0,500,"sd","09:40:54",34500
11,0,400,"sd","09:40:46",34000
11,0,200,"sd","09:40:46",33600
11,0,100,"sd","09:40:46",33400
11,0,900,"sd","09:40:42",33300
11,0,1000,"sd","09:40:42",32400
11,0,500,"sd","09:40:42",31400
11,0,500,"sd","09:40:20",30900
11,0,200,"sd","09:40:20",30400
11,0,400,"sd","09:40:20",30200
11.05,0.05,200,"bu","09:36:30",29800
11.05,0.05,100,"bu","09:35:31",29600
11.05,0.05,200,"bu","09:34:04",29500
11.05,0.05,100,"bu","09:34:04",29300
11,0,100,"sd","09:33:52",29200
11,0,500,"sd","09:33:25",29100
11.2,0.2,700,"bu","09:30:27",28600
10.9,-0.1,500,"sd","09:29:00",27900
10.95,-0.05,100,"sd","09:28:54",27400
10.9,-0.1,700,"sd","09:26:14",27300
10.9,-0.1,200,"sd","09:25:03",26600
10.9,-0.1,1000,"sd","09:24:17",26400
10.9,-0.1,400,"bu","09:23:23",25400
10.9,-0.1,100,"bu","09:23:13",25000
10.9,-0.1,800,"sd","09:23:11",24900
10.9,-0.1,100,"sd","09:23:11",24100
10.9,-0.1,500,"sd","09:23:11",24000
10.9,-0.1,100,"sd","09:23:11",23500
10.9,-0.1,2000,"sd","09:23:11",23400
10.9,-0.1,2000,"sd","09:23:11",21400
10.9,-0.1,500,"sd","09:23:11",19400
10.9,-0.1,1000,"sd","09:23:11",18900
10.9,-0.1,100,"sd","09:23:11",17900
10.9,-0.1,500,"sd","09:23:11",17800
10.9,-0.1,100,"sd","09:23:11",17300
10.9,-0.1,100,"sd","09:23:11",17200
10.9,-0.1,2000,"sd","09:23:11",17100
10.9,-0.1,300,"sd","09:23:11",15100
10.9,-0.1,100,"sd","09:23:11",14800
10.95,-0.05,100,"unknown","09:22:38",14700
10.95,-0.05,100,"sd","09:22:29",14600
10.95,-0.05,300,"sd","09:22:29",14500
10.95,-0.05,700,"sd","09:22:20",14200
10.95,-0.05,200,"sd","09:22:11",13500
10.95,-0.05,500,"sd","09:21:46",13300
10.95,-0.05,200,"sd","09:21:38",12800
10.95,-0.05,300,"sd","09:21:38",12600
10.95,-0.05,200,"sd","09:21:29",12300
10.95,-0.05,800,"sd","09:21:29",12100
10.95,-0.05,500,"sd","09:21:20",11300
10.95,-0.05,200,"sd","09:21:08",10800
11,0,100,"bu","09:21:00",10600
11,0,400,"bu","09:20:57",10500
10.95,-0.05,100,"sd","09:20:11",10100
10.9,-0.1,1000,"sd","09:19:42",10000
11,0,100,"bu","09:19:16",9000
11,0,200,"sd","09:19:11",8900
11,0,100,"sd","09:19:11",8700
11,0,100,"sd","09:19:11",8600
11,0,100,"sd","09:19:11",8500
11.2,0.2,100,"sd","09:18:36",8400
11.2,0.2,1000,"sd","09:18:36",8300
11.35,0.35,100,"bu","09:18:13",7300
11.4,0.4,7200,"bu","09:15:00",7200
12.5,0.2,100,"bu","13:22:14",1866200
12.5,0.2,100,"bu","13:22:07",1866100
12.45,0.15,100,"sd","13:22:05",1866000
12.5,0.2,3000,"bu","13:21:55",1865900
12.5,0.2,1900,"sd","13:21:46",1862900
12.5,0.2,7000,"sd","13:21:46",1861000
12.5,0.2,100,"sd","13:21:46",1854000
12.5,0.2,1900,"sd","13:21:46",1853900
12.5,0.2,1000,"sd","13:21:46",1852000
12.5,0.2,100,"sd","13:21:46",1851000
12.5,0.2,5000,"sd","13:21:46",1850900
12.5,0.2,200,"sd","13:21:46",1845900
12.5,0.2,1000,"sd","13:21:46",1845700
12.5,0.2,600,"sd","13:21:46",1844700
12.5,0.2,100,"sd","13:21:46",1844100
12.5,0.2,300,"sd","13:21:46",1844000
12.5,0.2,9200,"sd","13:21:46",1843700
12.55,0.25,100,"sd","13:21:46",1834500
12.55,0.25,900,"sd","13:21:46",1834400
12.55,0.25,100,"sd","13:21:45",1833500
12.55,0.25,100,"sd","13:21:45",1833400
12.55,0.25,100,"sd","13:21:45",1833300
12.55,0.25,500,"sd","13:21:39",1833200
12.55,0.25,300,"sd","13:21:19",1832700
12.55,0.25,100,"sd","13:20:38",1832400
12.5,0.2,800,"bu","13:20:15",1832300
12.45,0.15,5600,"sd","13:20:15",1831500
12.5,0.2,2100,"bu","13:19:50",1825900
12.5,0.2,100,"bu","13:19:45",1823800
12.5,0.2,400,"bu","13:19:45",1823700
12.5,0.2,300,"bu","13:19:45",1823300
12.5,0.2,100,"bu","13:19:45",1823000
12.5,0.2,2000,"bu","13:19:45",1822900
12.5,0.2,900,"bu","13:19:45",1820900
12.5,0.2,2000,"bu","13:19:45",1820000
12.5,0.2,9000,"bu","13:19:45",1818000
12.5,0.2,100,"bu","13:19:45",1809000
12.5,0.2,800,"bu","13:19:45",1808900
12.5,0.2,1000,"bu","13:19:45",1808100
12.5,0.2,1400,"unknown","13:19:45",1807100
12.3,0.8,20000,"sd","13:09:32",1839600
12.3,0.8,200,"sd","13:09:27",1819600
12.3,0.8,200,"sd","13:09:22",1819400
12.3,0.8,100,"sd","13:09:20",1819200
12.3,0.8,3500,"sd","13:09:10",1819100
12.3,0.8,300,"sd","13:08:52",1815600
12.3,0.8,1600,"sd","13:08:47",1815300
12.3,0.8,200,"sd","13:08:45",1813700
12.3,0.8,200,"sd","13:08:40",1813500
12.3,0.8,1100,"sd","13:08:37",1813300
12.3,0.8,1500,"sd","13:08:35",1812200
12.3,0.8,2400,"sd","13:08:21",1810700
12.3,0.8,800,"sd","13:08:18",1808300
12.3,0.8,500,"sd","13:08:17",1807500
12.3,0.8,300,"sd","13:08:16",1807000
12.3,0.8,200,"sd","13:08:16",1806700
12.3,0.8,8500,"sd","13:08:09",1806500
12.3,0.8,100,"sd","13:08:09",1798000
12.3,0.8,2200,"sd","13:08:09",1797900
12.3,0.8,1600,"sd","13:08:09",1795700
12.3,0.8,100,"sd","13:08:09",1794100
12.3,0.8,5000,"sd","13:08:09",1794000
12.3,0.8,100,"sd","13:08:09",1789000
12.3,0.8,700,"sd","13:08:09",1788900
12.3,0.8,2000,"sd","13:08:09",1788200
12.3,0.8,9700,"sd","13:08:09",1786200
12.3,0.8,300,"sd","13:07:58",1776500
12.3,0.8,500,"sd","13:07:50",1776200
12.3,0.8,8500,"sd","13:07:46",1775700
12.3,0.8,400,"sd","13:07:46",1767200
12.3,0.8,2000,"sd","13:07:46",1766800
12.3,0.8,500,"sd","13:07:46",1764800
12.3,0.8,300,"sd","13:07:46",1764300
12.3,0.8,2500,"sd","13:07:46",1764000
12.3,0.8,20000,"sd","13:07:46",1761500
12.3,0.8,2000,"sd","13:07:46",1741500
12.3,0.8,500,"sd","13:07:46",1739500
12.3,0.8,5000,"sd","13:07:46",1739000
12.3,0.8,100,"sd","13:07:46",1734000
12.3,0.8,1100,"sd","13:07:46",1733900
12.3,0.8,1100,"sd","13:07:42",1732800
12.3,0.8,800,"sd","13:07:42",1731700
12.3,0.8,2900,"sd","13:07:42",1730900
12.3,0.8,1000,"sd","13:07:42",1728000
12.3,0.8,1000,"sd","13:07:39",1727000
12.3,0.8,500,"sd","13:07:36",1726000
12.3,0.8,100,"sd","13:07:33",1725500
12.3,0.8,1500,"sd","13:07:30",1725400
12.3,0.8,500,"sd","13:07:30",1723900
12.3,0.8,200,"sd","13:07:30",1723400
12.3,0.8,7800,"sd","13:07:30",1723200
12.3,0.8,2200,"sd","13:07:24",1715400
12.3,0.8,3700,"sd","13:07:24",1713200
12.3,0.8,600,"sd","13:07:23",1709500
12.3,0.8,500,"sd","13:07:18",1708900
12.3,0.8,200,"sd","13:07:14",1708400
12.3,0.8,100,"sd","13:07:14",1708200
12.3,0.8,300,"sd","13:07:14",1708100
12.3,0.8,2000,"sd","13:07:13",1707800
12.3,0.8,100,"sd","13:07:06",1705800
12.3,0.8,100,"sd","13:07:01",1705700
12.3,0.8,500,"sd","13:06:53",1705600
12.3,0.8,2000,"sd","13:06:51",1705100
12.3,0.8,1300,"bu","13:06:50",1703100
12.3,0.8,300,"bu","13:06:50",1701800
12.3,0.8,900,"bu","13:06:50",1701500
12.3,0.8,1000,"bu","13:06:50",1700600
12.3,0.8,300,"bu","13:06:50",1699600
12.3,0.8,1000,"bu","13:06:50",1699300
12.3,0.8,10000,"bu","13:06:50",1698300
12.3,0.8,6000,"bu","13:06:50",1688300
12.3,0.8,3000,"bu","13:06:50",1682300
12.3,0.8,100,"bu","13:06:50",1679300
12.3,0.8,100,"bu","13:06:50",1679200
12.3,0.8,13000,"bu","13:06:50",1679100
12.3,0.8,4000,"bu","13:06:50",1666100
12.3,0.8,600,"bu","13:06:47",1662100
12.3,0.8,400,"bu","13:06:46",1661500
12.3,0.8,2100,"bu","13:06:46",1661100
12.3,0.8,500,"bu","13:06:44",1659000
12.3,0.8,20000,"bu","13:06:44",1658500
12.3,0.8,500,"bu","13:06:44",1638500
12.3,0.8,500,"bu","13:06:44",1638000
12.3,0.8,300,"bu","13:06:44",1637500
12.3,0.8,100,"bu","13:06:44",1637200
12.3,0.8,500,"bu","13:06:44",1637100
12.3,0.8,1000,"bu","13:06:44",1636600
12.3,0.8,2000,"bu","13:06:44",1635600
12.3,0.8,100,"bu","13:06:44",1633600
12.3,0.8,3000,"bu","13:06:44",1633500
12.3,0.8,1000,"bu","13:06:44",1630500
12.3,0.8,100,"bu","13:06:44",1629500
12.3,0.8,2900,"bu","13:06:44",1629400
12.3,0.8,500,"bu","13:06:44",1626500
12.3,0.8,200,"bu","13:06:44",1626000
12.3,0.8,1000,"bu","13:06:44",1625800
12.3,0.8,200,"bu","13:06:44",1624800
12.3,0.8,1500,"bu","13:06:44",1624600
12.3,0.8,200,"bu","13:06:44",1623100
12.3,0.8,1000,"bu","13:06:44",1622900
12.3,0.8,100,"bu","13:06:44",1621900
12.3,0.8,9500,"bu","13:06:44",1621800
12.3,0.8,200,"bu","13:06:44",1612300
12.3,0.8,100,"bu","13:06:44",1612100
12.3,0.8,100,"bu","13:06:44",1612000
12.3,0.8,1000,"bu","13:06:44",1611900
12.3,0.8,1000,"bu","13:06:44",1610900
12.3,0.8,900,"bu","13:06:44",1609900
12.3,0.8,2000,"bu","13:06:37",1609000
12.3,0.8,3600,"bu","13:06:36",1607000
12.3,0.8,1500,"bu","13:06:36",1603400
12.3,0.8,2000,"bu","13:06:36",1601900
12.3,0.8,100,"bu","13:06:36",1599900
12.3,0.8,100,"bu","13:06:36",1599800
12.3,0.8,500,"bu","13:06:36",1599700
12.3,0.8,100,"bu","13:06:36",1599200
12.3,0.8,300,"bu","13:06:33",1599100
12.3,0.8,1100,"bu","13:06:32",1598800
12.3,0.8,100,"bu","13:06:32",1597700
12.3,0.8,500,"bu","13:06:32",1597600
12.3,0.8,300,"bu","13:06:32",1597100
12.3,0.8,200,"bu","13:06:30",1596800
12.3,0.8,1000,"bu","13:06:27",1596600
12.3,0.8,400,"bu","13:06:25",1595600
12.3,0.8,1600,"bu","13:06:25",1595200
12.3,0.8,1400,"bu","13:06:24",1593600
12.3,0.8,1400,"bu","13:06:24",1592200
12.3,0.8,100,"bu","13:06:24",1590800
12.3,0.8,100,"bu","13:06:24",1590700
12.3,0.8,500,"bu","13:06:24",1590600
12.3,0.8,200,"bu","13:06:24",1590100
12.3,0.8,100,"bu","13:06:24",1589900
12.3,0.8,1200,"bu","13:06:24",1589800
12.3,0.8,3800,"bu","13:06:20",1588600
12.3,0.8,1200,"bu","13:06:20",1584800
12.3,0.8,800,"bu","13:06:17",1583600
12.3,0.8,200,"bu","13:06:17",1582800
12.3,0.8,2000,"bu","13:06:15",1582600
12.3,0.8,1800,"bu","13:06:09",1580600
12.3,0.8,1000,"bu","13:06:09",1578800
12.3,0.8,1000,"bu","13:06:09",1576800
12.3,0.8,200,"bu","13:06:09",1575800
12.3,0.8,300,"bu","13:06:07",1575600
12.3,0.8,5000,"bu","13:06:07",1575300
12.3,0.8,4000,"bu","13:06:07",1570300
12.3,0.8,300,"bu","13:06:07",1566300
12.3,0.8,100,"bu","13:06:07",1566000
12.3,0.8,1000,"bu","13:06:07",1565900
12.3,0.8,500,"bu","13:06:07",1564900
12.3,0.8,1700,"bu","13:06:07",1564400
12.3,0.8,200,"bu","13:06:07",1562700
12.3,0.8,300,"bu","13:06:07",1562500
12.3,0.8,100,"bu","13:06:07",1562200
12.3,0.8,100,"bu","13:06:07",1562100
12.3,0.8,2000,"bu","13:06:07",1562000
12.3,0.8,100,"bu","13:06:07",1560000
12.3,0.8,200,"bu","13:06:07",1559900
12.3,0.8,100,"bu","13:06:07",1559700
12.3,0.8,1800,"bu","13:06:07",1559600
12.3,0.8,4800,"bu","13:06:07",1557800
12.3,0.8,100,"bu","13:06:07",1553000
12.3,0.8,100,"bu","13:06:07",1552900
12.3,0.8,200,"bu","13:06:07",1552800
12.3,0.8,100,"bu","13:06:04",1552600
12.3,0.8,900,"bu","13:06:04",1552500
12.3,0.8,100,"bu","13:06:01",1551600
12.25,0.75,1000,"sd","13:06:00",1551500
12.25,0.75,200,"sd","13:05:55",1550500
12.25,0.75,800,"bu","13:05:45",1550300
12.25,0.75,1200,"bu","13:05:43",1549500
12.25,0.75,900,"sd","13:05:36",1548300
12.25,0.75,2100,"sd","13:05:36",1547400
12.3,0.8,100,"bu","13:05:35",1545300
12.25,0.75,900,"sd","13:05:31",1545200
12.25,0.75,100,"sd","13:05:31",1544300
12.3,0.8,5000,"bu","13:05:31",1544200
12.3,0.8,300,"bu","13:05:30",1539200
12.3,0.8,500,"bu","13:05:30",1538900
12.3,0.8,2000,"bu","13:05:27",1538400
12.3,0.8,500,"bu","13:05:27",1536400
12.3,0.8,100,"bu","13:05:26",1535900
12.3,0.8,2100,"bu","13:05:26",1535800
12.3,0.8,200,"bu","13:05:22",1533700
12.3,0.8,3900,"bu","13:05:22",1533500
12.3,0.8,7300,"bu","13:05:22",1529600
12.3,0.8,1800,"bu","13:05:22",1522300
12.3,0.8,500,"bu","13:05:22",1520500
12.3,0.8,3600,"bu","13:05:22",1520000
12.3,0.8,15000,"bu","13:05:22",1516400
12.3,0.8,2000,"bu","13:05:22",1501400
12.3,0.8,500,"bu","13:05:22",1499400
12.3,0.8,200,"bu","13:05:22",1498900
12.3,0.8,500,"bu","13:05:20",1498700
12.3,0.8,100,"bu","13:05:11",1498200
12.3,0.8,8600,"bu","13:05:11",1498100
12.3,0.8,600,"bu","13:05:11",1489500
12.3,0.8,3600,"bu","13:05:11",1488900
12.3,0.8,400,"bu","13:05:11",1485300
12.3,0.8,300,"bu","13:05:11",1484900
12.3,0.8,1000,"bu","13:05:11",1484600
12.3,0.8,100,"bu","13:05:11",1483600
12.3,0.8,1900,"bu","13:05:11",1483500
12.3,0.8,1600,"bu","13:05:11",1481600
12.3,0.8,100,"bu","13:05:11",1480000
12.3,0.8,400,"bu","13:05:11",1479900
12.3,0.8,100,"bu","13:05:11",1479500
12.3,0.8,100,"bu","13:05:11",1479400
12.3,0.8,100,"bu","13:05:11",1479300
12.3,0.8,300,"bu","13:05:11",1479200
12.3,0.8,1100,"bu","13:05:11",1478900
12.3,0.8,1000,"bu","13:05:11",1477800
12.3,0.8,800,"bu","13:05:11",1476800
12.3,0.8,6000,"bu","13:05:11",1476000
12.3,0.8,1600,"bu","13:05:11",1470000
12.3,0.8,300,"bu","13:05:11",1468400
12.3,0.8,11600,"bu","13:05:11",1468100
12.3,0.8,300,"bu","13:05:11",1456500
12.3,0.8,300,"bu","13:05:11",1456200
12.3,0.8,100,"bu","13:05:11",1455900
12.25,0.75,2000,"bu","13:05:11",1455800
10.2,-0.25,100,"bu","09:16:42",10100
10.2,-0.25,900,"bu","09:16:42",10000
10.2,-0.25,100,"bu","09:16:37",9100
10.2,-0.25,100,"sd","09:16:31",9000
10.2,-0.25,100,"sd","09:16:31",8900
10.2,-0.25,1000,"sd","09:16:31",8800
10.2,-0.25,300,"sd","09:16:31",7800
10.2,-0.25,400,"sd","09:16:31",7500
10.3,-0.15,300,"sd","09:16:11",7100
10.35,-0.1,200,"bu","09:16:07",6800
10.35,-0.1,500,"sd","09:16:00",6600
10.35,-0.1,300,"sd","09:16:00",6100
10.35,-0.1,400,"sd","09:16:00",5800
10.45,0,100,"bu","09:15:58",5400
10.35,-0.1,200,"sd","09:15:49",5300
10.35,-0.1,1000,"sd","09:15:40",5100
10.35,-0.1,400,"sd","09:15:31",4100
10.35,-0.1,100,"sd","09:15:31",3700
10.4,-0.05,500,"sd","09:15:31",3600
10.45,0,3100,"bu","09:15:00",3100
10.5,0,4000,"sd","11:10:47",459600
10.5,0,5000,"sd","11:10:36",455600
10.55,0.05,500,"bu","11:09:37",450600
10.55,0.05,100,"bu","11:08:43",450100
10.55,0.05,400,"bu","11:08:23",450000
10.55,0.05,2900,"bu","11:07:18",449600
10.55,0.05,600,"bu","11:06:30",446700
10.55,0.05,300,"sd","11:02:53",446100
10.55,0.05,18000,"sd","11:02:53",445800
10.55,0.05,5000,"bu","11:02:03",427800
10.55,0.05,300,"bu","11:02:03",422800
10.55,0.05,400,"bu","11:02:03",422500
10.55,0.05,2000,"bu","11:02:03",422100
10.55,0.05,2000,"bu","11:02:03",420100
10.55,0.05,500,"bu","11:02:03",418100
10.55,0.05,200,"bu","11:02:03",417600
10.55,0.05,300,"bu","11:01:34",417400
10.55,0.05,1000,"bu","11:01:34",417100
10.55,0.05,1700,"bu","11:01:34",416100
10.5,0,3000,"sd","11:01:31",414400
10.55,0.05,200,"bu","10:59:43",410300
10.55,0.05,1000,"sd","10:57:57",410100
10.55,0.05,300,"sd","10:57:57",409100
10.55,0.05,400,"sd","10:57:57",408800
10.55,0.05,600,"sd","10:57:57",408400
10.55,0.05,400,"sd","10:57:57",407800
10.55,0.05,600,"sd","10:57:17",407400
10.55,0.05,100,"sd","10:57:17",406800
10.55,0.05,800,"sd","10:57:17",406700
10.6,0.1,300,"bu","10:54:49",405900
10.55,0.05,200,"sd","10:54:35",405600
10.55,0.05,100,"sd","10:54:35",405400
10.55,0.05,200,"sd","10:54:35",405300
10.6,0.1,1000,"bu","10:50:39",405100
10.65,0.15,700,"bu","10:50:04",404100
10.65,0.15,300,"bu","10:50:04",403400
10.65,0.15,100,"bu","10:48:44",403100
10.6,0.1,300,"sd","10:48:32",403000
10.6,0.1,2000,"sd","10:48:32",402700
10.6,0.1,2000,"sd","10:48:32",400700
10.6,0.1,900,"sd","10:48:32",398700
10.65,0.15,300,"bu","10:47:45",397800
10.65,0.15,200,"bu","10:47:27",397500
10.65,0.15,500,"bu","10:45:21",397300
10.65,0.15,100,"bu","10:45:18",396800
10.65,0.15,400,"bu","10:45:18",396700
10.65,0.15,500,"bu","10:45:18",396300
10.6,0.1,1100,"sd","10:45:18",395800
10.6,0.1,100,"sd","10:45:18",394700
10.65,0.15,100,"bu","10:44:41",394600
10.65,0.15,400,"bu","10:43:16",394500
10.6,0.1,100,"bu","10:43:16",394100
10.6,0.1,500,"bu","10:43:16",394000
10.6,0.1,1000,"bu","10:43:16",393500
10.6,0.1,1400,"sd","10:42:48",392500
10.6,0.1,600,"sd","10:42:48",391100
10.6,0.1,100,"sd","10:42:40",390500
10.6,0.1,300,"bu","10:42:04",390400
10.55,0.05,300,"sd","10:41:57",390100
10.55,0.05,100,"bu","10:38:31",389800
10.6,0.1,2200,"sd","10:38:19",389700
10.6,0.1,100,"bu","10:38:12",387500
10.6,0.1,100,"bu","10:38:12",387400
10.6,0.1,4000,"bu","10:38:12",387300
10.6,0.1,500,"bu","10:38:12",383300
10.6,0.1,300,"bu","10:38:12",382800
10.6,0.1,1000,"bu","10:38:12",382500
10.6,0.1,100,"bu","10:38:12",381500
10.6,0.1,10000,"bu","10:38:12",381400
10.6,0.1,1000,"bu","10:38:12",371400
10.6,0.1,500,"bu","10:38:12",370400
10.6,0.1,10000,"bu","10:38:12",369900
10.6,0.1,1000,"bu","10:38:12",359900
10.6,0.1,1000,"bu","10:38:12",358900
10.6,0.1,1000,"bu","10:38:12",357900
10.55,0.05,11500,"bu","10:38:12",356900
10.6,0.1,200,"bu","10:38:12",345400
10.6,0.1,500,"bu","10:38:12",345200
10.6,0.1,200,"bu","10:38:12",344700
10.6,0.1,300,"bu","10:38:12",344500
10.6,0.1,500,"bu","10:38:12",366200
10.6,0.1,500,"bu","10:38:12",365700
10.6,0.1,10000,"bu","10:38:12",365200
10.6,0.1,1000,"bu","10:38:12",355200
10.55,0.05,11500,"bu","10:38:12",354200
10.55,0.05,500,"sd","10:37:52",342700
10.55,0.05,400,"sd","10:37:09",342200
10.55,0.05,200,"sd","10:36:46",341800
10.55,0.05,800,"sd","10:36:46",341600
10.55,0.05,1200,"sd","10:36:21",340800
10.55,0.05,300,"sd","10:36:21",339600
10.55,0.05,600,"sd","10:36:21",339300
10.55,0.05,900,"sd","10:36:21",338700
10.55,0.05,100,"bu","10:35:37",337800
10.55,0.05,1000,"bu","10:35:21",337700
10.55,0.05,400,"bu","10:35:21",336700
10.55,0.05,300,"bu","10:35:21",336300
10.55,0.05,1000,"bu","10:34:36",336000
10.55,0.05,500,"bu","10:34:23",335000
10.5,0,900,"sd","10:33:42",334500
10.5,0,4200,"sd","10:33:35",333600
10.55,0.05,1200,"bu","10:33:10",329400
10.55,0.05,100,"bu","10:33:10",328200
10.55,0.05,100,"bu","10:32:22",328100
10.55,0.05,100,"bu","10:31:29",328000
10.55,0.05,300,"bu","10:31:29",327900
10.5,0,100,"sd","10:30:38",327600
10.5,0,1000,"sd","10:30:35",327500
10.5,0,1000,"sd","10:30:26",326500
10.5,0,1500,"sd","10:30:01",325500
10.5,0,100,"bu","10:29:32",324000
10.5,0,500,"bu","10:29:32",323900
10.5,0,100,"bu","10:29:32",323400
10.5,0,200,"bu","10:29:32",323300
10.5,0,2000,"bu","10:29:32",323100
10.5,0,100,"bu","10:29:32",321100
10.5,0,1000,"bu","10:29:32",321000
10.5,0,500,"bu","10:29:32",320000
10.5,0,6300,"bu","10:29:32",319500
10.5,0,14700,"bu","10:29:32",313200
10.5,0,300,"bu","10:29:32",298500
10.5,0,4700,"bu","10:29:32",298200
10.5,0,4800,"bu","10:29:32",293500
10.45,-0.05,3000,"sd","10:29:13",288700
10.45,-0.05,100,"sd","10:28:20",285700
10.45,-0.05,200,"sd","10:27:25",285600
10.45,-0.05,200,"sd","10:27:02",285400
10.45,-0.05,300,"sd","10:27:02",285200
10.5,0,400,"bu","10:26:12",284900
10.5,0,2000,"bu","10:25:50",284500
10.5,0,100,"bu","10:25:45",282500
10.5,0,200,"bu","10:24:36",282400
10.45,-0.05,200,"sd","10:21:14",282200
10.5,0,1000,"bu","10:20:19",282000
10.5,0,3800,"bu","10:20:10",281000
10.5,0,3000,"bu","10:20:10",277200
10.5,0,15500,"bu","10:20:10",274200
10.5,0,400,"bu","10:20:10",258700
10.5,0,5000,"bu","10:20:10",258300
10.5,0,300,"bu","10:20:10",253300
10.45,-0.05,500,"sd","10:20:05",253000
10.45,-0.05,100,"sd","10:19:31",252500
10.45,-0.05,1000,"bu","10:18:51",252400
10.45,-0.05,200,"bu","10:18:51",251400
10.45,-0.05,800,"bu","10:18:42",251200
10.45,-0.05,200,"bu","10:18:42",250400
10.45,-0.05,200,"bu","10:18:39",250200
10.4,-0.1,300,"sd","10:18:14",250000
10.4,-0.1,500,"sd","10:18:14",249700
10.4,-0.1,100,"sd","10:18:14",249200
10.4,-0.1,200,"sd","10:18:14",249100
10.4,-0.1,5000,"sd","10:18:14",248900
10.4,-0.1,100,"sd","10:18:14",243900
10.4,-0.1,500,"sd","10:18:14",243800
10.4,-0.1,1000,"sd","10:18:14",243300
10.4,-0.1,100,"sd","10:18:14",242300
10.4,-0.1,700,"sd","10:18:14",242200
10.4,-0.1,300,"sd","10:12:39",241500
10.4,-0.1,500,"sd","10:11:33",241200
10.4,-0.1,500,"sd","10:11:33",240700
10.4,-0.1,5000,"sd","10:11:33",240200
10.4,-0.1,1000,"sd","10:11:33",235200
10.45,-0.05,10000,"bu","10:10:53",234200
10.45,-0.05,1500,"sd","10:10:44",224200
10.5,0,500,"bu","10:10:32",222700
10.5,0,100,"bu","10:09:46",222200
10.5,0,100,"bu","10:09:36",222100
10.5,0,100,"bu","10:09:36",222000
10.45,-0.05,800,"sd","10:09:25",221900
10.45,-0.05,700,"bu","10:07:59",221100
10.45,-0.05,100,"sd","10:07:45",220400
10.45,-0.05,200,"sd","10:07:45",220300
10.45,-0.05,300,"bu","10:07:24",220100
10.45,-0.05,300,"bu","10:05:35",219800
10.45,-0.05,400,"sd","10:04:19",219500
10.45,-0.05,1000,"sd","10:02:10",219100
10.45,-0.05,5000,"sd","09:59:13",218100
10.45,-0.05,200,"bu","09:58:28",213100
10.45,-0.05,700,"bu","09:58:28",212900
10.45,-0.05,1000,"bu","09:58:28",212200
10.45,-0.05,700,"bu","09:58:28",211200
10.45,-0.05,300,"bu","09:56:54",210500
10.35,-0.15,100,"sd","09:56:43",210200
10.4,-0.1,200,"unknown","09:56:22",210100
10.35,-0.15,2700,"sd","09:56:22",209900
10.4,-0.1,100,"sd","09:56:22",207200
10.4,-0.1,1000,"sd","09:56:22",207100
10.4,-0.1,1000,"sd","09:56:03",206100
10.4,-0.1,1800,"sd","09:55:45",205100
10.4,-0.1,200,"sd","09:55:45",203300
10.45,-0.05,800,"bu","09:55:44",203100
10.45,-0.05,200,"bu","09:55:44",202300
10.45,-0.05,700,"bu","09:55:27",202100
10.45,-0.05,200,"bu","09:54:30",201400
10.4,-0.1,1800,"bu","09:53:19",201200
10.4,-0.1,200,"bu","09:53:13",199400
10.4,-0.1,1800,"bu","09:53:13",199200
10.4,-0.1,200,"sd","09:52:42",197400
10.4,-0.1,10000,"sd","09:52:14",197200
10.45,-0.05,1400,"bu","09:51:44",187200
10.45,-0.05,300,"bu","09:51:44",185800
10.4,-0.1,3300,"bu","09:51:44",185500
10.4,-0.1,500,"sd","09:51:36",182200
10.4,-0.1,1200,"sd","09:51:36",181700
10.4,-0.1,800,"bu","09:51:12",180500
10.35,-0.15,10000,"sd","09:50:45",179700
10.4,-0.1,200,"sd","09:50:36",169700
10.4,-0.1,2800,"sd","09:50:19",169500
10.4,-0.1,100,"sd","09:50:19",166700
10.4,-0.1,100,"sd","09:50:19",166600
10.4,-0.1,2000,"sd","09:50:19",166500
10.45,-0.05,100,"bu","09:50:16",164500
10.45,-0.05,100,"bu","09:45:53",164400
10.35,-0.15,6900,"sd","09:45:03",164300
10.35,-0.15,200,"sd","09:45:03",157400
10.4,-0.1,1500,"sd","09:45:03",157200
10.4,-0.1,1400,"sd","09:45:03",155700
10.4,-0.1,600,"sd","09:44:53",154300
10.4,-0.1,1000,"sd","09:44:53",153700
10.4,-0.1,1000,"sd","09:44:53",152700
10.4,-0.1,200,"sd","09:44:53",151700
10.4,-0.1,100,"sd","09:44:53",151500
10.4,-0.1,1000,"sd","09:44:53",151400
10.4,-0.1,200,"sd","09:44:53",150400
10.4,-0.1,500,"sd","09:44:53",150200
10.4,-0.1,200,"sd","09:44:53",149700
10.4,-0.1,1000,"sd","09:44:53",149500
10.4,-0.1,1000,"sd","09:44:53",148500
10.4,-0.1,1000,"sd","09:44:53",147500
10.4,-0.1,1000,"sd","09:44:53",146500
10.4,-0.1,200,"sd","09:44:53",145500
10.4,-0.1,1000,"sd","09:44:53",145300
10.4,-0.1,200,"sd","09:44:45",144300
10.4,-0.1,100,"sd","09:44:08",144100
10.4,-0.1,500,"sd","09:44:08",144000
10.4,-0.1,1000,"sd","09:44:08",143500
10.4,-0.1,100,"sd","09:44:08",142500
10.4,-0.1,300,"sd","09:44:08",142400
10.4,-0.1,700,"sd","09:44:03",142100
10.4,-0.1,100,"sd","09:44:03",141400
10.4,-0.1,200,"sd","09:44:03",141300
10.4,-0.1,300,"sd","09:43:22",141100
10.4,-0.1,400,"sd","09:43:22",140800
10.4,-0.1,200,"sd","09:43:22",140400
10.45,-0.05,400,"bu","09:42:48",140200
10.45,-0.05,100,"sd","09:42:11",139800
10.45,-0.05,500,"sd","09:41:55",139700
10.45,-0.05,2000,"sd","09:41:53",139200
10.45,-0.05,200,"sd","09:40:40",137200
10.45,-0.05,7200,"sd","09:40:31",137000
10.45,-0.05,2000,"sd","09:40:31",129800
10.45,-0.05,800,"sd","09:40:31",127800
10.45,-0.05,1300,"bu","09:38:37",127000
10.4,-0.1,800,"sd","09:37:50",125700
10.4,-0.1,600,"sd","09:37:50",124900
10.4,-0.1,100,"sd","09:37:50",124300
10.4,-0.1,200,"sd","09:37:50",124200
10.4,-0.1,1000,"sd","09:37:50",124000
10.4,-0.1,700,"sd","09:37:50",123000
10.4,-0.1,200,"sd","09:37:50",122300
10.4,-0.1,700,"sd","09:37:50",122100
10.4,-0.1,100,"sd","09:37:25",121400
10.4,-0.1,200,"sd","09:36:55",121300
10.4,-0.1,2100,"sd","09:36:28",121100
10.4,-0.1,1000,"sd","09:36:28",119000
10.4,-0.1,2000,"sd","09:36:28",118000
10.4,-0.1,100,"sd","09:36:28",116000
10.4,-0.1,300,"sd","09:36:28",115900
10.45,-0.05,200,"sd","09:36:28",115600
10.45,-0.05,100,"sd","09:36:28",115400
10.45,-0.05,100,"sd","09:36:28",115300
10.45,-0.05,300,"sd","09:36:28",115200
10.45,-0.05,200,"sd","09:36:28",114900
10.45,-0.05,100,"sd","09:36:28",114700
10.45,-0.05,100,"sd","09:36:28",114600
10.45,-0.05,1000,"sd","09:36:28",114500
10.45,-0.05,5500,"sd","09:36:28",113500
10.45,-0.05,6900,"sd","09:36:28",108000
10.45,-0.05,100,"sd","09:35:45",101100
10.45,-0.05,100,"sd","09:35:45",101000
10.5,0,100,"bu","09:35:00",100900
10.5,0,100,"bu","09:34:58",100800
10.45,-0.05,400,"sd","09:34:52",100700
10.5,0,300,"bu","09:34:49",100300
10.5,0,500,"bu","09:34:06",100000
10.5,0,6000,"bu","09:33:55",99500
10.45,-0.05,200,"sd","09:32:03",93500
10.45,-0.05,1000,"sd","09:32:03",93300
10.45,-0.05,1000,"sd","09:32:03",92300
10.45,-0.05,3000,"sd","09:32:03",91300
10.45,-0.05,100,"sd","09:32:03",88300
10.45,-0.05,6700,"sd","09:32:03",88200
10.45,-0.05,200,"sd","09:31:09",81500
10.45,-0.05,1100,"sd","09:30:14",81300
10.45,-0.05,2000,"sd","09:30:14",80200
10.45,-0.05,1000,"sd","09:30:14",78200
10.5,0,300,"sd","09:30:14",77200
10.5,0,100,"sd","09:30:14",76900
10.5,0,100,"sd","09:29:23",76800
10.5,0,1500,"sd","09:29:15",76700
10.5,0,200,"sd","09:28:38",75200
10.5,0,8300,"sd","09:27:56",75000
10.5,0,1700,"sd","09:27:56",66700
10.5,0,1700,"sd","09:26:08",65000
10.5,0,300,"sd","09:26:08",63300
10.5,0,400,"bu","09:24:17",63000
10.5,0,1000,"bu","09:24:15",62600
10.5,0,500,"sd","09:24:06",61600
10.5,0,1000,"sd","09:24:06",61100
10.5,0,1100,"sd","09:24:06",60100
10.6,0.1,2000,"bu","09:23:22",59000
10.6,0.1,1900,"bu","09:22:58",57000
10.55,0.05,1000,"bu","09:22:58",55100
10.55,0.05,800,"bu","09:22:58",54100
10.55,0.05,7500,"bu","09:22:58",53300
10.5,0,300,"bu","09:22:37",45800
10.5,0,700,"bu","09:22:37",45500
10.5,0,2900,"bu","09:22:37",44800
10.5,0,1100,"bu","09:22:19",41900
10.5,0,100,"bu","09:22:19",40800
10.45,-0.05,300,"bu","09:22:05",40700
10.45,-0.05,1300,"bu","09:21:58",40400
10.45,-0.05,100,"bu","09:21:50",39100
10.45,-0.05,100,"bu","09:21:46",39000
10.45,-0.05,3000,"bu","09:21:26",38900
10.45,-0.05,100,"sd","09:21:10",35900
10.5,0,500,"sd","09:20:03",35800
10.5,0,100,"sd","09:20:02",35300
10.5,0,500,"sd","09:20:02",35200
10.5,0,500,"sd","09:19:50",34700
10.5,0,200,"sd","09:19:50",34200
10.5,0,1000,"sd","09:19:50",34000
10.5,0,300,"sd","09:19:50",33000
10.5,0,300,"sd","09:19:50",32700
10.5,0,200,"sd","09:19:50",32400
10.5,0,300,"sd","09:19:50",32200
10.5,0,400,"sd","09:19:50",31900
10.5,0,100,"sd","09:19:50",31500
10.5,0,200,"sd","09:19:50",31400
10.5,0,2600,"sd","09:19:50",31200
10.5,0,2600,"sd","09:19:24",26100
10.55,0.05,100,"bu","09:18:48",23500
10.55,0.05,200,"sd","09:18:11",23400
10.6,0.1,100,"bu","09:17:58",23200
10.6,0.1,100,"bu","09:17:33",23100
10.6,0.1,100,"bu","09:17:05",23000
10.6,0.1,4300,"bu","09:16:24",22900
10.6,0.1,4000,"bu","09:16:24",18600
10.6,0.1,200,"bu","09:16:24",14600
10.6,0.1,100,"bu","09:16:24",14400
10.6,0.1,400,"bu","09:16:24",14300
10.6,0.1,13900,"bu","09:15:01",13900
