"price","change","match_qtty","side","time","total_vol"
14.1,-0.75,178500,"","14:45:04",3869300
14.35,-0.5,1800,"sd","14:29:46",3690800
14.35,-0.5,500,"sd","14:29:45",3689000
14.35,-0.5,12800,"bu","14:29:42",3688500
14.3,-0.55,700,"sd","14:29:36",3675700
14.3,-0.55,300,"sd","14:29:31",3675000
14.35,-0.5,100,"bu","14:29:19",3674700
14.35,-0.5,700,"bu","14:29:16",3674600
14.35,-0.5,100,"bu","14:28:59",3673900
14.35,-0.5,400,"bu","14:28:44",3673800
14.3,-0.55,1000,"sd","14:28:40",3673400
14.3,-0.55,5000,"sd","14:28:30",3672400
14.3,-0.55,1200,"sd","14:28:26",3667400
14.3,-0.55,100,"bu","14:28:06",3666200
14.3,-0.55,100,"bu","14:28:04",3666100
14.3,-0.55,300,"sd","14:28:01",3666000
14.3,-0.55,1000,"bu","14:27:41",3665700
14.3,-0.55,300,"bu","14:27:40",3664700
14.3,-0.55,5000,"bu","14:27:35",3664400
14.3,-0.55,100,"bu","14:27:33",3659400
14.3,-0.55,1000,"sd","14:27:07",3657200
14.3,-0.55,100,"bu","14:26:43",3656200
14.3,-0.55,100,"bu","14:26:36",3656100
14.35,-0.5,700,"bu","14:26:34",3656000
14.3,-0.55,300,"bu","14:26:33",3655300
14.3,-0.55,200,"sd","14:26:17",3655000
14.3,-0.55,4500,"sd","14:26:17",3654800
14.3,-0.55,1100,"sd","14:26:09",3650300
14.3,-0.55,1400,"sd","14:25:40",3649200
14.35,-0.5,8500,"bu","14:25:25",3647800
14.3,-0.55,3800,"bu","14:25:25",3639300
14.3,-0.55,100,"bu","14:25:23",3635500
14.3,-0.55,600,"bu","14:25:16",3635400
14.3,-0.55,500,"bu","14:25:15",3634800
14.3,-0.55,500,"bu","14:25:05",3634300
14.3,-0.55,100,"bu","14:25:02",3633800
14.3,-0.55,100,"bu","14:25:00",3633700
14.3,-0.55,100,"bu","14:24:57",3633600
14.3,-0.55,5300,"sd","14:24:34",3633500
14.3,-0.55,5000,"sd","14:24:32",3628200
14.3,-0.55,2000,"sd","14:24:21",3623200
14.35,-0.5,1000,"bu","14:23:54",3621200
14.35,-0.5,200,"sd","14:23:52",3620200
14.35,-0.5,1800,"bu","14:23:47",3620000
14.3,-0.55,1900,"sd","14:23:43",3618200
14.35,-0.5,2000,"bu","14:23:42",3616300
14.35,-0.5,100,"bu","14:23:28",3614300
14.3,-0.55,1000,"sd","14:23:09",3614200
14.3,-0.55,100,"sd","14:22:58",3613200
14.3,-0.55,200,"bu","14:22:48",3613100
14.3,-0.55,2000,"bu","14:22:44",3612900
14.3,-0.55,10000,"bu","14:22:38",3610900
14.3,-0.55,1000,"bu","14:22:37",3600900
14.3,-0.55,1000,"bu","14:22:28",3599900
14.25,-0.6,600,"bu","14:22:23",3598900
14.2,-0.65,400,"sd","14:22:19",3598300
14.25,-0.6,400,"bu","14:22:16",3597900
14.2,-0.65,1600,"sd","14:22:16",3597500
14.2,-0.65,2900,"bu","14:22:09",3595900
14.2,-0.65,300,"bu","14:22:06",3593000
14.2,-0.65,1000,"bu","14:22:04",3592700
14.2,-0.65,2500,"bu","14:22:04",3591700
14.2,-0.65,500,"bu","14:22:03",3589200
14.2,-0.65,1000,"bu","14:22:01",3588700
14.2,-0.65,1000,"bu","14:21:50",3587700
14.15,-0.7,200,"bu","14:21:39",3586700
14.15,-0.7,100,"bu","14:21:37",3586500
14.15,-0.7,200,"bu","14:21:31",3586400
14.15,-0.7,2500,"sd","14:21:30",3586200
14.1,-0.75,500,"sd","14:21:08",3583700
14.1,-0.75,2000,"sd","14:20:59",3583200
14.1,-0.75,300,"bu","14:20:49",3581200
14.1,-0.75,500,"bu","14:20:49",3580900
14.1,-0.75,1000,"bu","14:20:45",3580400
14.1,-0.75,1000,"bu","14:20:42",3579400
14.1,-0.75,5000,"bu","14:20:40",3578400
14.1,-0.75,100,"bu","14:20:38",3573400
14.1,-0.75,500,"bu","14:20:35",3573300
14.1,-0.75,100,"bu","14:20:34",3572800
14.05,-0.8,1600,"sd","14:20:31",3572700
14.1,-0.75,2000,"bu","14:20:30",3571100
14.1,-0.75,5600,"sd","14:20:29",3569100
14.1,-0.75,6900,"bu","14:20:27",3563500
14.1,-0.75,1000,"bu","14:20:26",3556600
14.1,-0.75,8000,"bu","14:20:25",3555600
14.1,-0.75,1000,"bu","14:20:24",3547600
14.1,-0.75,20000,"bu","14:20:23",3546600
14.1,-0.75,100,"bu","14:20:22",3526600
14.1,-0.75,500,"bu","14:20:19",3526500
14.1,-0.75,500,"bu","14:20:18",3526000
14.1,-0.75,2000,"bu","14:20:12",3525500
14.1,-0.75,2000,"bu","14:20:08",3523500
14.1,-0.75,2000,"bu","14:20:06",3521500
14.05,-0.8,900,"sd","14:20:03",3519500
14.1,-0.75,2000,"bu","14:20:01",3518600
14.1,-0.75,800,"bu","14:19:59",3516600
14.1,-0.75,1600,"bu","14:19:58",3515800
14.1,-0.75,300,"bu","14:19:54",3514200
14.1,-0.75,200,"bu","14:19:51",3513900
14.1,-0.75,7000,"bu","14:19:43",3513700
14.6,-0.25,5000,"sd","09:40:07",469400
14.6,-0.25,11400,"sd","09:40:04",464400
14.65,-0.2,3600,"sd","09:40:04",453000
14.65,-0.2,1000,"sd","09:39:57",449400
14.65,-0.2,1000,"sd","09:39:48",448400
14.65,-0.2,1000,"sd","09:39:39",447400
14.65,-0.2,1400,"bu","09:39:09",446400
14.65,-0.2,1000,"bu","09:39:00",445000
14.65,-0.2,1300,"bu","09:38:08",444000
14.65,-0.2,200,"bu","09:38:06",442700
14.65,-0.2,5000,"bu","09:38:04",442500
14.65,-0.2,200,"bu","09:37:32",437500
14.65,-0.2,500,"bu","09:37:21",437300
14.65,-0.2,400,"bu","09:37:04",436800
14.6,-0.25,2500,"sd","09:37:03",436400
14.65,-0.2,200,"sd","09:37:01",433900
14.65,-0.2,2300,"sd","09:37:01",433700
14.65,-0.2,500,"sd","09:36:33",431400
14.65,-0.2,600,"bu","09:36:32",430900
14.65,-0.2,100,"bu","09:36:29",430300
14.65,-0.2,500,"bu","09:36:09",430200
14.65,-0.2,1000,"bu","09:35:55",429700
14.65,-0.2,500,"sd","09:35:05",428700
14.65,-0.2,500,"sd","09:35:03",428200
14.65,-0.2,4000,"bu","09:34:34",427700
14.65,-0.2,2300,"bu","09:34:31",423700
14.65,-0.2,5100,"sd","09:34:28",421400
14.65,-0.2,100,"sd","09:34:10",416300
14.65,-0.2,700,"sd","09:34:04",416200
14.65,-0.2,1300,"sd","09:33:35",415500
14.6,-0.25,200,"sd","09:32:44",414200
14.6,-0.25,1400,"sd","09:31:45",414000
14.6,-0.25,2000,"sd","09:31:04",412600
14.65,-0.2,100,"bu","09:30:59",410600
14.65,-0.2,1000,"bu","09:30:48",410500
14.55,-0.3,700,"sd","09:30:13",409500
14.6,-0.25,100,"sd","09:30:13",408800
14.55,-0.3,200,"bu","09:29:37",408700
14.55,-0.3,1000,"bu","09:29:36",408500
14.55,-0.3,1000,"bu","09:29:35",407500
14.85,0.1,1700,"bu","14:09:56",1971300
14.8,0.05,600,"sd","14:09:56",1969600
14.85,0.1,2000,"bu","14:09:55",1969000
14.85,0.1,11000,"bu","14:09:44",1967000
14.85,0.1,400,"bu","14:09:29",1956000
14.85,0.1,16000,"bu","14:09:13",1955600
14.85,0.1,300,"bu","14:08:49",1939600
14.8,0.05,23000,"bu","14:08:09",1939300
14.8,0.05,9000,"bu","14:08:08",1916300
14.8,0.05,32100,"bu","14:08:06",1907300
14.8,0.05,17900,"bu","14:08:06",1875200
14.8,0.05,10800,"bu","14:08:03",1857300
14.8,0.05,500,"bu","14:08:00",1846500
14.8,0.05,10000,"bu","14:07:54",1846000
14.8,0.05,17000,"bu","14:07:53",1836000
14.8,0.05,500,"bu","14:07:47",1819000
14.8,0.05,1300,"bu","14:07:38",1818500
14.8,0.05,1000,"bu","14:07:35",1817200
14.8,0.05,5000,"bu","14:07:32",1816200
14.8,0.05,20000,"bu","14:07:27",1811200
14.75,0,200,"sd","14:07:21",1791200
14.8,0.05,1000,"bu","14:07:06",1791000
14.8,0.05,30000,"bu","14:06:46",1790000
14.8,0.05,200,"bu","14:06:40",1760000
14.8,0.05,1200,"bu","14:06:26",1759800
14.75,0,400,"sd","14:05:55",1758600
14.75,0,30000,"sd","14:04:33",1758200
14.75,0,3000,"sd","14:04:32",1728200
14.8,0.05,10000,"bu","14:04:26",1725200
14.8,0.05,300,"bu","14:03:49",1715200
14.75,0,100,"sd","14:02:56",1714900
14.75,0,8500,"bu","14:02:29",1714800
14.75,0,1000,"bu","14:02:23",1706300
14.75,0,100,"bu","14:02:11",1705300
14.75,0,100,"bu","14:01:45",1705200
14.75,0,12900,"bu","14:01:31",1705100
14.75,0,700,"bu","14:00:20",1692200
14.75,0,100,"bu","14:00:13",1691500
14.75,0,900,"sd","13:59:50",1691400
14.75,0,100,"bu","13:59:42",1690500
14.75,0,100,"sd","13:59:28",1690400
14.75,0,5400,"sd","13:59:19",1690300
14.75,0,1000,"sd","13:59:15",1684900
14.75,0,7600,"bu","13:58:53",1683900
14.7,-0.05,500,"sd","13:58:47",1676300
14.75,0,100,"bu","13:58:42",1675800
14.75,0,600,"bu","13:58:29",1675700
14.75,0,200,"bu","13:58:17",1675100
14.75,0,1100,"bu","13:58:06",1674900
14.75,0,900,"bu","13:57:20",1673800
14.75,0,3700,"sd","13:56:59",1672900
14.75,0,2000,"sd","13:56:56",1669200
14.75,0,8000,"sd","13:55:57",1667200
14.75,0,100,"sd","13:55:55",1659200
14.75,0,1100,"sd","13:55:33",1659100
14.75,0,100,"bu","13:54:51",1658000
14.75,0,1400,"sd","13:54:49",1657900
14.75,0,1600,"bu","13:54:40",1656500
14.75,0,5000,"bu","13:54:33",1654900
14.75,0,5800,"bu","13:54:23",1649900
14.75,0,1500,"bu","13:53:59",1644100
14.7,-0.05,4000,"sd","13:53:30",1642600
14.75,0,200,"bu","13:52:24",1638600
14.75,0,4600,"sd","13:50:21",1638400
14.75,0,3000,"sd","13:49:50",1633800
14.8,0.05,100,"bu","13:48:56",1630800
14.8,0.05,500,"bu","13:48:45",1630700
14.75,0,300,"sd","13:48:39",1630200
14.8,0.05,1300,"bu","13:47:56",1629900
14.75,0,200,"sd","13:47:28",1628600
14.75,0,100,"sd","13:47:23",1628400
14.75,0,1300,"sd","13:47:19",1628300
14.75,0,5700,"bu","13:47:13",1627000
14.75,0,5000,"bu","13:47:02",1621300
14.75,0,300,"bu","13:45:46",1616300
14.75,0,3000,"bu","13:45:40",1616000
14.75,0,100,"bu","13:45:32",1613000
14.75,0,100,"bu","13:45:12",1612900
14.75,0,200,"bu","13:45:07",1612800
14.75,0,200,"bu","13:44:33",1612600
14.75,0,300,"bu","13:44:28",1612400
14.75,0,2000,"bu","13:44:26",1612100
14.75,0,500,"bu","13:44:09",1610100
14.75,0,3600,"sd","13:44:08",1609600
14.75,0,900,"bu","13:43:07",1606000
14.75,0,500,"bu","13:43:07",1605100
14.75,0,3000,"bu","13:42:57",1604600
14.75,0,500,"bu","13:42:46",1601600
14.75,0,1500,"bu","13:41:27",1601100
14.7,-0.05,1000,"sd","13:41:26",1599600
14.75,0,100,"bu","13:41:25",1598600
14.7,-0.05,5000,"sd","13:41:19",1598500
14.7,-0.05,1500,"sd","13:40:35",1593500
14.75,0,300,"bu","13:40:19",1592000
14.7,-0.05,1000,"sd","13:40:09",1591700
14.7,-0.05,100,"sd","13:39:18",1590700
14.7,-0.05,500,"sd","13:39:05",1590600
14.7,-0.05,7800,"sd","13:39:03",1590100
14.75,0,1700,"sd","13:38:28",1582300
14.75,0,3600,"bu","13:38:14",1580600
14.75,0,100,"bu","13:37:49",1577000
14.75,0,200,"bu","13:37:35",1576900
14.7,-0.05,100,"sd","13:37:34",1576700
14.75,0,4100,"sd","13:37:22",1576600
14.75,0,1000,"sd","13:37:17",1572500
14.75,0,200,"sd","13:37:13",1571500
14.75,0,800,"sd","13:37:05",1571300
14.75,0,1000,"sd","13:36:40",1570500
14.75,0,200,"sd","13:36:30",1569500
14.8,0.05,200,"bu","13:35:21",1569300
14.8,0.05,100,"bu","13:34:55",1569100
14.75,0,1000,"sd","13:34:20",1569000
14.75,0,1000,"sd","13:34:11",1568000
14.75,0,500,"sd","13:34:04",1567000
14.75,0,2000,"sd","13:34:02",1566500
14.75,0,400,"sd","13:34:01",1564500
14.75,0,200,"sd","13:34:01",1564100
14.75,0,2000,"sd","13:33:49",1563900
14.75,0,5800,"sd","13:33:29",1561900
14.8,0.05,200,"bu","13:33:14",1556100
14.8,-0.1,800,"bu","11:21:11",589200
14.8,-0.1,5000,"sd","11:18:10",548400
14.8,-0.1,1200,"sd","11:18:09",543400
14.8,-0.1,4100,"sd","11:19:15",569500
14.8,-0.1,600,"sd","11:14:15",537500
14.8,-0.1,1000,"sd","11:13:36",525200
14.8,-0.1,10400,"sd","11:19:09",565400
14.8,-0.1,1500,"sd","11:14:14",536900
14.8,-0.1,100,"sd","11:13:30",524200
14.8,-0.1,1000,"sd","11:19:00",555000
14.8,-0.1,5000,"sd","11:18:52",554000
14.85,-0.05,600,"bu","11:18:46",549000
14.8,-0.1,10000,"sd","11:13:50",535400
14.8,-0.1,200,"sd","11:13:44",525400
14.75,-0.15,4900,"sd","13:22:28",781700
14.75,-0.15,900,"sd","13:22:44",783200
14.8,-0.1,100,"bu","13:22:44",782300
14.75,-0.15,400,"sd","13:22:42",782200
14.75,-0.15,100,"sd","13:22:36",781800
14.75,-0.15,1000,"sd","13:19:37",764400
14.7,-0.05,300,"bu","13:28:43",1512400
14.7,-0.05,1000,"bu","13:28:39",1512100
14.7,-0.05,500,"bu","13:28:37",1511100
14.7,-0.05,5000,"bu","13:28:30",1510600
14.7,-0.05,11000,"bu","13:28:26",1505600
14.65,-0.1,4900,"sd","13:26:43",1494600
14.65,-0.1,100,"sd","13:26:30",1489700
14.65,-0.1,1200,"sd","13:26:26",1489600
14.65,-0.1,1000,"sd","13:26:25",1488400
14.65,-0.1,100,"sd","13:26:22",1487400
14.65,-0.1,1000,"sd","13:26:18",1487300
14.65,-0.1,100,"sd","13:26:12",1486300
14.65,-0.1,10000,"sd","13:26:09",1486200
14.65,-0.1,10000,"sd","13:25:37",1476200
14.65,-0.1,4000,"sd","13:25:11",1466200
14.7,-0.05,300,"bu","13:25:10",1462200
14.7,-0.05,100,"bu","13:25:00",1461900
14.7,-0.05,1600,"sd","13:24:47",1461800
14.7,-0.05,1000,"sd","13:24:46",1460200
14.7,-0.05,2000,"sd","13:24:36",1459200
14.7,-0.05,800,"sd","13:24:35",1457200
14.7,-0.05,12000,"sd","13:24:31",1456400
14.7,-0.05,1000,"sd","13:24:30",1444400
14.7,-0.05,4000,"sd","13:24:26",1443400
14.7,-0.05,3000,"sd","13:24:19",1439400
14.7,-0.05,100,"sd","13:24:16",1436400
14.7,-0.05,35000,"sd","13:24:07",1436300
14.7,-0.05,500,"sd","13:24:00",1401300
14.7,-0.05,1000,"sd","13:23:59",1400800
14.7,-0.05,2000,"sd","13:23:33",1399800
14.7,-0.05,2000,"sd","13:23:31",1397800
14.7,-0.05,2000,"sd","13:23:26",1395800
14.7,-0.05,3000,"sd","13:23:19",1393800
14.7,-0.05,8600,"sd","13:23:18",1390800
14.7,-0.05,2100,"sd","13:23:07",1382200
14.7,-0.05,2000,"sd","13:23:01",1380100
14.7,-0.05,1000,"sd","13:22:38",1378100
14.7,-0.05,8000,"sd","13:22:32",1377100
14.7,-0.05,1000,"sd","13:21:57",1369100
14.7,-0.05,400,"sd","13:21:56",1368100
14.7,-0.05,800,"sd","13:21:27",1367700
14.75,0,10100,"sd","13:21:16",1366900
14.75,0,10000,"sd","13:21:11",1356800
14.75,0,5000,"sd","13:21:09",1346800
14.75,0,4000,"sd","13:21:03",1341800
14.75,0,500,"sd","13:21:00",1337800
14.75,0,9400,"sd","13:20:45",1337300
14.8,0.05,300,"bu","13:19:16",1327900
14.8,0.05,500,"bu","13:18:26",1327600
14.8,0.05,400,"bu","13:18:13",1327100
14.8,0.05,1000,"bu","13:17:38",1326700
14.8,0.05,100,"bu","13:17:23",1325700
14.75,0,100,"sd","13:17:14",1325600
14.8,0.05,1000,"bu","13:17:02",1325500
14.8,0.05,500,"bu","13:16:49",1324500
14.8,0.05,500,"bu","13:16:07",1324000
14.8,0.05,1000,"bu","13:14:55",1323500
14.8,0.05,1000,"bu","13:14:51",1322500
14.8,0.05,500,"bu","13:14:30",1321500
14.8,0.05,300,"sd","13:14:27",1321000
14.8,0.05,200,"sd","13:14:22",1320700
14.8,0.05,500,"sd","13:14:19",1320500
14.8,0.05,2000,"bu","13:14:07",1320000
14.8,0.05,500,"bu","13:14:06",1318000
14.8,0.05,1000,"bu","13:13:58",1317500
14.8,0.05,1000,"bu","13:13:55",1316500
14.8,0.05,400,"bu","13:13:49",1315500
14.8,0.05,3500,"sd","13:13:06",1315100
14.8,0.05,1000,"sd","13:13:00",1311600
14.8,0.05,2000,"sd","13:12:48",1310600
14.8,0.05,1000,"sd","13:12:25",1308600
14.8,0.05,300,"sd","13:12:16",1307600
14.8,0.05,200,"sd","13:12:11",1307300
14.8,0.05,500,"sd","13:12:09",1307100
14.8,0.05,300,"sd","13:11:46",1306600
14.8,0.05,300,"sd","13:10:44",1306300
14.8,0.05,17600,"bu","13:10:15",1306000
14.8,0.05,1000,"bu","13:09:36",1288400
14.8,0.05,5000,"bu","13:09:00",1287400
14.75,0,10000,"sd","13:08:29",1282400
14.75,0,100,"sd","13:08:26",1272400
14.75,0,100,"sd","13:08:25",1272300
14.75,0,200,"sd","13:07:55",1272200
14.75,0,500,"sd","13:07:18",1272000
14.75,0,600,"sd","13:07:10",1271500
14.75,0,300,"sd","13:07:07",1270900
14.8,0.05,1500,"bu","13:07:06",1270600
14.75,0,1000,"sd","13:06:59",1269100
14.75,0,200,"sd","13:06:47",1268100
14.75,0,500,"sd","13:06:43",1267900
14.75,0,500,"sd","13:06:24",1267400
14.8,0.05,2000,"bu","13:06:21",1266900
14.75,0,1000,"sd","13:06:12",1264900
14.75,0,200,"sd","13:05:15",1263900
14.8,0.05,3300,"bu","13:04:56",1263700
14.75,0,1000,"sd","13:04:48",1260400
14.75,0,2000,"sd","13:04:27",1259400
14.8,0.05,400,"bu","13:04:16",1257400
14.75,0,8000,"sd","13:04:05",1257000
14.75,0,300,"sd","13:03:33",1249000
14.8,0.05,400,"bu","13:03:30",1248700
14.8,0.05,2000,"bu","13:02:58",1248300
14.75,0,2000,"sd","13:02:39",1246300
14.75,0,2200,"sd","13:01:31",1244300
14.75,0,100,"sd","13:01:19",1242100
14.75,0,2800,"sd","13:01:05",1242000
14.8,0.05,800,"sd","13:00:48",1239200
14.8,0.05,200,"sd","13:00:36",1238400
14.75,0,6000,"sd","13:00:24",1238200
14.8,0.05,26600,"sd","13:00:24",1232200
14.8,0.05,500,"sd","13:00:16",1205600
14.85,0.1,500,"bu","13:00:09",1205100
14.8,0.05,1000,"sd","13:00:07",1204600
14.8,0.05,100,"sd","13:00:06",1203600
14.8,0.05,500,"sd","13:00:05",1203500
14.8,0.05,1000,"sd","13:00:04",1203000
14.85,0.1,6000,"bu","13:00:01",1202000
14.8,0.05,1200,"sd","13:00:00",1196000
14.85,0.1,100,"bu","11:29:08",1194800
14.8,0.05,500,"sd","11:27:47",1194700
14.8,0.05,10000,"sd","11:27:27",1194200
14.8,0.05,300,"sd","11:26:20",1184200
14.8,0.05,300,"sd","11:26:18",1183900
14.8,0.05,200,"sd","11:25:10",1183600
14.8,0.05,2000,"sd","11:25:05",1183400
14.8,0.05,6500,"sd","11:25:01",1181400
14.8,0.05,400,"sd","11:22:50",1174900
14.8,0.05,20000,"sd","11:22:35",1174500
14.8,0.05,6000,"sd","11:21:33",1154500
14.85,0.1,20100,"sd","11:21:16",1148500
14.85,0.1,3100,"sd","11:20:31",1128400
14.85,0.1,1100,"sd","11:20:23",1125300
14.85,0.1,600,"sd","11:19:36",1124200
14.85,0.1,1000,"sd","11:19:28",1123600
14.85,0.1,100,"sd","11:18:59",1122600
14.85,0.1,3000,"sd","11:18:38",1122500
14.85,0.1,100,"sd","11:18:20",1119500
14.85,0.1,200,"sd","11:16:36",1119400
14.85,0.1,1000,"sd","11:15:56",1119200
14.9,0.15,1000,"bu","11:15:53",1118200
14.9,0.15,4500,"bu","11:13:51",1117200
14.9,0.15,700,"sd","11:12:55",1112700
14.9,0.15,100,"sd","11:12:53",1112000
14.9,0.15,4200,"bu","11:12:48",1111900
14.9,0.15,800,"sd","11:12:30",1107700
14.9,0.15,2200,"bu","11:12:19",1106900
14.85,0.1,200,"sd","11:11:49",1104700
14.9,0.15,13600,"sd","11:11:40",1104500
14.9,0.15,1000,"sd","11:11:32",1090900
14.9,0.15,100,"sd","11:10:48",1089900
14.9,0.15,500,"sd","11:10:45",1089800
14.9,0.15,22000,"sd","11:10:34",1089300
14.9,0.15,14600,"bu","11:10:14",1067300
14.85,0.1,3000,"sd","11:09:40",1052700
14.9,0.15,1000,"bu","11:09:24",1049700
14.9,0.15,10000,"bu","11:09:09",1048700
14.9,0.15,300,"bu","11:08:47",1038700
14.9,0.15,300,"bu","11:07:13",1038400
14.9,0.15,2000,"bu","11:06:30",1038100
14.9,0.15,83600,"bu","11:06:15",1036100
14.85,0.1,16400,"bu","11:06:15",952500
14.8,0.05,300,"sd","11:06:11",936100
14.8,0.05,5000,"sd","11:05:36",935800
14.8,0.05,300,"sd","11:05:19",930800
14.85,0.1,400,"bu","11:04:19",930500
14.8,0.05,500,"sd","11:04:05",930100
14.8,0.05,3000,"sd","11:02:43",929600
14.85,0.1,200,"sd","11:01:50",926600
14.85,0.1,2000,"sd","11:01:25",926400
14.85,0.1,500,"sd","11:00:48",924400
14.85,0.1,500,"sd","11:00:43",923900
14.85,0.1,1000,"sd","11:00:37",923400
14.85,0.1,1000,"sd","11:00:24",922400
14.85,0.1,10000,"sd","11:00:10",921400
14.85,0.1,100,"sd","10:58:58",911400
14.85,0.1,300,"sd","10:58:36",911300
14.85,0.1,10200,"sd","10:58:35",911000
14.85,0.1,500,"sd","10:58:30",900800
14.9,0.15,2000,"bu","10:58:20",900300
14.85,0.1,200,"sd","10:58:15",898300
14.85,0.1,2200,"sd","10:57:54",898100
14.85,0.1,1800,"sd","10:57:16",895900
14.85,0.1,1000,"sd","10:56:58",894100
14.85,0.1,6300,"sd","10:56:43",893100
14.85,0.1,6400,"sd","10:56:39",886800
14.85,0.1,2000,"sd","10:56:37",880400
14.85,0.1,6000,"sd","10:56:25",878400
14.85,0.1,1000,"sd","10:56:06",872400
14.85,0.1,1500,"sd","10:55:56",871400
14.85,0.1,100,"sd","10:55:28",869900
14.85,0.1,100,"sd","10:54:41",869800
14.85,0.1,600,"sd","10:54:38",869700
14.85,0.1,10000,"sd","10:53:44",869100
14.85,0.1,8400,"sd","10:52:04",859100
14.85,0.1,1500,"sd","10:51:13",850700
14.85,0.1,1000,"sd","10:50:28",849200
14.85,0.1,1000,"sd","10:49:51",848200
14.85,0.1,44900,"sd","10:49:40",847200
14.85,0.1,500,"sd","10:47:56",802300
14.85,0.1,500,"sd","10:46:49",801800
14.9,0.15,1700,"bu","10:46:25",801300
14.85,0.1,1000,"sd","10:46:16",799600
14.85,0.1,400,"sd","10:45:58",798600
14.85,0.1,3000,"sd","10:45:36",798200
14.9,0.15,900,"bu","10:45:07",795200
14.9,0.15,1000,"bu","10:45:05",794300
14.9,0.15,9500,"bu","10:44:46",793300
14.9,0.15,500,"bu","10:43:43",783800
14.9,0.15,10000,"bu","10:43:36",783300
14.9,0.15,1000,"bu","10:42:59",773300
14.85,0.1,5000,"sd","10:42:55",772300
14.9,0.15,100,"bu","10:42:12",767300
14.9,0.15,100,"bu","10:41:13",767200
14.9,0.15,1400,"sd","10:41:04",767100
14.9,0.15,700,"sd","10:41:02",765700
14.9,0.15,11000,"sd","10:41:00",765000
14.9,0.15,10000,"sd","10:40:50",754000
14.9,0.15,10000,"sd","10:40:30",744000
14.9,0.15,100,"sd","10:40:20",734000
14.9,0.15,200,"sd","10:39:40",733900
14.9,0.15,300,"sd","10:39:36",733700
14.9,0.15,1100,"sd","10:39:14",733400
14.9,0.15,200,"sd","10:38:36",732300
14.9,0.15,8400,"bu","10:38:25",732100
14.9,0.15,5000,"bu","10:38:19",723700
14.9,0.15,20000,"bu","10:38:13",718700
14.9,0.15,700,"bu","10:38:05",698700
14.9,0.15,900,"bu","10:37:58",698000
14.9,0.15,1000,"bu","10:37:40",697100
14.85,0.1,4900,"sd","10:37:33",696100
14.9,0.15,2000,"bu","10:37:25",691200
14.9,0.15,2000,"bu","10:37:14",689200
14.9,0.15,2000,"bu","10:36:38",687200
14.9,0.15,200,"bu","10:36:34",685200
14.9,0.15,5000,"bu","10:36:20",685000
14.9,0.15,2500,"bu","10:35:27",680000
14.9,0.15,300,"bu","10:35:12",677500
14.9,0.15,500,"bu","10:35:05",677200
14.9,0.15,1300,"bu","10:33:51",676700
14.9,0.15,100,"bu","10:33:49",675400
14.9,0.15,200,"bu","10:33:27",675300
14.85,0.1,700,"sd","10:32:19",675100
14.9,0.15,500,"bu","10:30:52",674400
14.9,0.15,500,"bu","10:30:38",673900
14.9,0.15,500,"bu","10:29:53",673400
14.9,0.15,500,"bu","10:29:43",672900
14.9,0.15,500,"bu","10:29:36",672400
14.9,0.15,500,"bu","10:29:35",671900
14.9,0.15,1000,"bu","10:29:34",671400
14.9,0.15,500,"bu","10:29:00",670400
14.9,0.15,1000,"bu","10:28:53",669900
14.9,0.15,1000,"bu","10:28:44",668900
14.9,0.15,400,"bu","10:28:16",667900
14.9,0.15,300,"bu","10:26:33",667500
14.9,0.15,1500,"bu","10:25:36",667200
14.9,0.15,500,"bu","10:25:02",665700
14.85,0.1,500,"sd","10:23:51",665200
14.85,0.1,1000,"sd","10:23:19",664700
14.9,0.15,4100,"bu","10:23:12",663700
14.85,0.1,200,"sd","10:22:45",659600
14.9,0.15,2000,"bu","10:22:43",659400
14.9,0.15,2000,"bu","10:22:05",657400
14.9,0.15,500,"bu","10:21:42",655400
14.9,0.15,300,"bu","10:21:38",654900
14.9,0.15,700,"bu","10:21:29",654600
14.9,0.15,10000,"bu","10:21:26",653900
14.9,0.15,4000,"bu","10:21:15",643900
14.9,0.15,1000,"bu","10:21:08",639900
14.9,0.15,2000,"bu","10:20:24",638900
14.9,0.15,100,"bu","10:19:51",636900
14.9,0.15,100,"bu","10:19:25",636800
14.9,0.15,200,"bu","10:19:18",636700
14.9,0.15,5000,"bu","10:19:06",636500
14.9,0.15,200,"bu","10:18:59",631500
14.9,0.15,1000,"bu","10:17:22",631300
14.9,0.15,500,"bu","10:17:08",630300
14.9,0.15,1200,"bu","10:16:47",629800
14.85,0.1,400,"sd","10:15:53",628600
14.85,0.1,2000,"sd","10:15:18",628200
14.9,0.15,200,"bu","10:15:16",626200
14.9,0.15,3500,"sd","10:14:33",626000
14.9,0.15,1000,"sd","10:14:04",622500
14.9,0.15,2400,"bu","10:14:02",621500
14.9,0.15,600,"sd","10:13:53",619100
14.9,0.15,8000,"sd","10:13:52",618500
14.9,0.15,10000,"sd","10:13:39",610500
14.95,0.2,3000,"bu","10:13:16",600500
14.9,0.15,300,"sd","10:12:51",597500
14.9,0.15,2000,"sd","10:12:37",597200
14.9,0.15,10000,"sd","10:12:27",595200
14.9,0.15,400,"sd","10:12:21",585200
14.9,0.15,10000,"sd","10:11:10",584800
14.9,0.15,1000,"sd","10:10:55",574800
14.9,0.15,5000,"sd","10:10:28",573800
14.9,0.15,200,"sd","10:10:14",568800
14.9,0.15,600,"sd","10:10:12",568600
14.95,0.2,1200,"bu","10:09:01",568000
14.95,0.2,100,"bu","10:08:58",566800
14.95,0.2,1400,"bu","10:08:43",566700
14.95,0.2,7500,"bu","10:08:03",565300
14.95,0.2,1000,"bu","10:07:33",557800
14.95,0.2,4100,"sd","10:07:07",556800
14.95,0.2,10000,"sd","10:07:06",552700
14.95,0.2,1000,"sd","10:06:42",542700
14.95,0.2,2000,"sd","10:06:29",541700
14.95,0.2,2500,"bu","10:06:29",539700
14.95,0.2,10000,"bu","10:06:26",537200
14.95,0.2,100,"bu","10:06:06",527200
14.95,0.2,800,"bu","10:05:33",527100
14.95,0.2,500,"bu","10:05:25",526300
14.95,0.2,500,"bu","10:05:20",525800
14.95,0.2,4400,"sd","10:05:09",525300
14.95,0.2,100,"sd","10:05:07",520800
14.95,0.2,10000,"sd","10:05:04",520700
14.95,0.2,1100,"sd","10:05:01",510700
14.95,0.2,2000,"sd","10:04:55",509600
14.95,0.2,18600,"sd","10:04:48",507600
14.95,0.2,300,"sd","10:03:38",489000
14.95,0.2,10000,"sd","10:03:13",488700
14.95,0.2,1000,"sd","10:03:06",478700
14.95,0.2,900,"sd","10:03:02",477700
14.95,0.2,3200,"bu","10:02:54",476800
14.95,0.2,10000,"bu","10:02:47",473600
14.95,0.2,800,"sd","10:02:42",463600
14.95,0.2,3000,"sd","10:02:40",462800
14.95,0.2,1000,"sd","10:02:34",459800
14.95,0.2,1000,"sd","10:02:30",458800
14.95,0.2,1000,"sd","10:02:29",457800
14.95,0.2,1000,"sd","10:02:10",456800
14.95,0.2,1000,"sd","10:02:01",455800
14.95,0.2,1000,"sd","10:01:41",454800
14.95,0.2,3200,"bu","10:01:27",453800
14.95,0.2,300,"bu","10:01:21",450600
14.95,0.2,1900,"bu","10:01:18",450300
14.95,0.2,500,"bu","10:01:10",448400
14.95,0.2,1000,"bu","10:01:04",447900
14.95,0.2,9300,"bu","10:00:57",446900
14.95,0.2,5000,"bu","10:00:56",437600
14.95,0.2,1000,"bu","10:00:47",432600
14.95,0.2,100,"bu","10:00:38",431600
14.95,0.2,1400,"sd","10:00:27",431500
14.95,0.2,78600,"bu","10:00:19",430100
14.95,0.2,100,"bu","10:00:09",351500
14.95,0.2,100,"bu","09:59:47",351400
14.95,0.2,300,"bu","09:59:22",351300
14.9,0.15,100,"sd","09:58:39",351000
14.9,0.15,100,"sd","09:57:18",350900
14.9,0.15,400,"sd","09:57:15",350800
14.9,0.15,300,"bu","09:56:27",350400
14.9,0.15,9700,"sd","09:56:20",350100
14.9,0.15,5300,"bu","09:56:06",340400
14.9,0.15,2300,"bu","09:56:00",335100
14.9,0.15,3000,"bu","09:55:55",332800
14.9,0.15,10000,"bu","09:55:40",329800
14.9,0.15,500,"bu","09:55:19",319800
14.9,0.15,2500,"bu","09:55:13",319300
14.9,0.15,2000,"bu","09:54:14",316800
14.9,0.15,700,"bu","09:54:12",314800
14.9,0.15,7600,"bu","09:53:38",314100
14.9,0.15,1300,"bu","09:53:33",306500
14.9,0.15,300,"bu","09:53:20",305200
14.85,0.1,2000,"sd","09:52:54",304900
14.9,0.15,1500,"sd","09:52:51",302900
14.9,0.15,8000,"sd","09:52:49",301400
14.9,0.15,3000,"sd","09:52:44",293400
14.9,0.15,3500,"sd","09:52:43",290400
14.9,0.15,100,"sd","09:52:42",286900
14.9,0.15,2100,"sd","09:52:35",286800
14.9,0.15,2000,"sd","09:52:20",284700
14.9,0.15,4200,"sd","09:51:55",282700
14.9,0.15,100,"sd","09:51:44",278500
14.9,0.15,3000,"sd","09:51:41",278400
14.9,0.15,5500,"bu","09:51:13",275400
14.9,0.15,4500,"sd","09:51:12",269900
14.9,0.15,600,"sd","09:51:03",265400
14.9,0.15,1000,"sd","09:51:00",264800
14.9,0.15,3900,"bu","09:50:50",263800
14.9,0.15,1000,"bu","09:50:49",259900
14.9,0.15,1000,"bu","09:50:44",258900
14.9,0.15,100,"bu","09:50:37",257900
14.9,0.15,21700,"bu","09:50:32",257800
14.9,0.15,15300,"bu","09:50:32",236100
14.9,0.15,1500,"bu","09:50:26",220800
14.9,0.15,100,"bu","09:50:21",219300
14.9,0.15,10000,"bu","09:50:04",219200
14.9,0.15,100,"bu","09:49:42",209200
14.9,0.15,3700,"bu","09:49:35",209100
14.9,0.15,300,"bu","09:47:57",205400
14.9,0.15,200,"bu","09:46:21",205100
14.85,0.1,100,"sd","09:46:05",204900
14.85,0.1,400,"sd","09:44:35",204800
14.85,0.1,100,"sd","09:44:10",204400
14.85,0.1,1600,"sd","09:43:55",204300
14.85,0.1,700,"sd","09:43:27",202700
14.85,0.1,1000,"sd","09:42:33",202000
14.85,0.1,1000,"sd","09:42:25",201000
14.85,0.1,500,"sd","09:42:00",200000
14.85,0.1,300,"sd","09:41:01",199500
14.85,0.1,700,"bu","09:40:49",199200
14.85,0.1,300,"bu","09:40:40",198500
14.85,0.1,4100,"bu","09:40:38",198200
14.85,0.1,20500,"bu","09:40:33",194100
14.85,0.1,500,"bu","09:40:20",173600
14.85,0.1,100,"bu","09:40:02",173100
14.85,0.1,2800,"bu","09:39:55",173000
14.85,0.1,5000,"bu","09:39:43",170200
14.85,0.1,13400,"bu","09:39:32",165200
14.8,0.05,4700,"bu","09:38:17",151800
14.8,0.05,1000,"bu","09:38:15",147100
14.8,0.05,500,"bu","09:38:14",146100
14.8,0.05,4000,"bu","09:38:12",145600
14.8,0.05,4500,"bu","09:38:03",141600
14.8,0.05,100,"bu","09:37:50",137100
14.8,0.05,2000,"bu","09:37:47",137000
14.8,0.05,500,"bu","09:37:37",135000
14.8,0.05,500,"bu","09:37:16",134500
14.8,0.05,4700,"bu","09:37:08",134000
14.8,0.05,2000,"bu","09:37:07",129300
14.8,0.05,500,"bu","09:37:02",127300
14.8,0.05,5000,"bu","09:36:47",126800
14.8,0.05,500,"bu","09:36:42",121800
14.8,0.05,2200,"bu","09:36:22",121300
14.8,0.05,3000,"bu","09:34:40",119100
14.8,0.05,1100,"bu","09:34:39",116100
14.8,0.05,500,"bu","09:34:22",115000
14.8,0.05,2000,"bu","09:33:41",114500
14.8,0.05,500,"bu","09:33:23",112500
14.8,0.05,400,"bu","09:32:26",112000
14.8,0.05,1400,"bu","09:31:32",111600
14.8,0.05,500,"bu","09:29:14",110200
14.8,0.05,500,"bu","09:28:53",109700
14.8,0.05,5000,"bu","09:28:41",109200
14.8,0.05,2000,"bu","09:27:38",104200
14.75,0,10400,"sd","09:27:34",102200
14.8,0.05,3300,"sd","09:24:38",91800
14.8,0.05,1200,"sd","09:23:49",88500
14.8,0.05,12000,"sd","09:23:25",87300
14.85,0.1,100,"bu","09:23:25",75300
14.85,0.1,4000,"bu","09:23:12",75200
14.85,0.1,100,"bu","09:22:57",71200
14.85,0.1,5000,"sd","09:22:32",71100
14.9,0.15,200,"bu","09:22:27",66100
14.9,0.15,3000,"bu","09:22:22",65900
14.85,0.1,500,"sd","09:22:19",62900
14.9,0.15,600,"bu","09:21:29",62400
14.85,0.1,13000,"sd","09:21:15",61800
14.85,0.1,400,"sd","09:20:21",48800
14.85,0.1,800,"bu","09:18:07",48400
14.85,0.1,400,"bu","09:17:59",47600
14.8,0.05,3000,"sd","09:17:56",47200
14.85,0.1,400,"sd","09:17:20",44200
14.8,0.05,600,"sd","09:17:09",43800
14.85,0.1,3000,"bu","09:16:49",40800
14.85,0.1,1000,"sd","09:16:34",37800
14.85,0.1,1000,"sd","09:16:28",36800
14.85,0.1,500,"sd","09:15:43",35800
14.85,0.1,1300,"bu","09:15:40",35300
14.85,0.1,2400,"bu","09:15:32",34000
14.85,0.1,300,"bu","09:15:31",31600
14.9,0.15,31300,"","09:15:01",31300
14.9,0.25,1100,"sd","10:07:54",769800
14.9,0.25,100,"sd","10:07:52",768700
14.9,0.25,500,"sd","10:07:28",768600
14.9,0.25,100,"sd","10:07:23",768100
14.9,0.25,100,"sd","10:07:07",768000
14.9,0.25,3000,"bu","10:07:04",767900
14.9,0.25,500,"bu","10:07:03",764900
14.9,0.25,600,"bu","10:07:02",764400
14.9,0.25,3000,"bu","10:07:01",763800
14.9,0.25,3000,"bu","10:07:00",760800
14.9,0.25,3500,"bu","10:06:59",757800
14.9,0.25,1000,"bu","10:06:58",754300
14.9,0.25,4000,"bu","10:06:57",753300
14.9,0.25,10000,"bu","10:06:56",749300
14.9,0.25,10000,"bu","10:06:56",739300
14.9,0.25,20000,"bu","10:06:55",729300
14.9,0.25,100,"bu","10:06:53",709300
14.9,0.25,7000,"bu","10:06:47",709200
14.9,0.25,1400,"bu","10:06:41",702200
14.9,0.25,100,"bu","10:06:35",700800
14.9,0.25,10000,"bu","10:06:22",700700
14.85,0.2,100,"bu","10:06:06",690700
14.85,0.2,21500,"bu","10:06:06",690600
14.85,0.2,1300,"bu","10:06:05",669100
14.85,0.2,3000,"bu","10:06:04",667800
14.85,0.2,1500,"bu","10:06:00",664800
14.85,0.2,1600,"bu","10:05:59",663300
14.85,0.2,200,"bu","10:05:58",661700
14.85,0.2,13000,"bu","10:05:55",661500
14.85,0.2,4500,"bu","10:05:53",648500
14.85,0.2,100,"bu","10:05:51",644000
14.85,0.2,3200,"bu","10:05:46",643900
14.85,0.2,900,"bu","10:05:37",640700
14.85,0.2,1600,"bu","10:05:36",639800
14.8,0.15,100,"sd","10:05:36",638200
14.85,0.2,300,"bu","10:05:35",638100
14.85,0.2,100,"bu","10:05:29",637800
14.85,0.2,2000,"bu","10:05:23",637700
14.85,0.2,10000,"bu","10:05:19",635700
14.85,0.2,4000,"bu","10:05:12",625700
14.85,0.2,12600,"bu","10:05:10",621700
14.85,0.2,500,"bu","10:05:07",609100
14.85,0.2,25000,"bu","10:05:00",608600
14.8,0.15,15800,"bu","10:04:47",583600
14.8,0.15,40600,"bu","10:04:46",567800
14.8,0.15,300,"bu","10:04:41",527200
14.8,0.15,7500,"bu","10:04:38",526900
14.8,0.15,500,"bu","10:04:25",519400
14.8,0.15,300,"bu","10:04:20",518900
14.8,0.15,2000,"bu","10:04:19",518600
14.8,0.15,5000,"bu","10:04:17",516600
14.8,0.15,500,"bu","10:04:09",511600
14.75,0.1,500,"sd","10:04:08",511100
14.8,0.15,1100,"bu","10:03:54",510600
14.8,0.15,4400,"bu","10:03:51",509500
14.8,0.15,300,"bu","10:03:50",505100
14.8,0.15,5000,"bu","10:03:47",504800
14.8,0.15,500,"bu","10:03:41",499800
14.8,0.15,10000,"bu","10:03:34",499300
14.8,0.15,800,"bu","10:03:30",489300
14.8,0.15,200,"bu","10:03:19",488500
14.8,0.15,500,"bu","10:03:16",488300
14.75,0.1,1000,"sd","10:03:12",487800
14.8,0.15,2000,"bu","10:03:10",486800
14.75,0.1,200,"sd","10:03:04",484800
14.75,0.1,300,"sd","10:02:54",484600
14.75,0.1,200,"sd","10:01:56",484300
14.75,0.1,11500,"sd","10:01:49",484100
14.75,0.1,2000,"sd","10:01:25",472600
14.75,0.1,200,"sd","10:01:11",470600
14.75,0.1,900,"sd","10:00:43",470400
14.75,0.1,2000,"sd","10:00:19",469500
14.75,0.1,1000,"sd","09:59:57",467500
14.75,0.1,100,"sd","09:59:22",466500
14.75,0.1,100,"sd","09:59:12",466400
14.8,0.15,1100,"bu","09:59:10",466300
14.75,0.1,300,"sd","09:59:09",465200
14.8,0.15,1000,"bu","09:58:52",464900
14.8,0.15,2000,"bu","09:58:50",463900
14.8,0.15,1500,"bu","09:58:50",461900
14.8,0.15,3300,"bu","09:58:41",460400
14.8,0.15,500,"bu","09:58:40",457100
14.8,0.15,10000,"bu","09:58:39",456600
14.8,0.15,5000,"bu","09:58:36",446600
14.8,0.15,1000,"bu","09:58:33",441600
14.8,0.15,1300,"bu","09:58:28",440600
14.8,0.15,400,"bu","09:58:20",439300
14.8,0.15,400,"bu","09:58:07",438900
14.8,0.15,500,"bu","09:58:06",438500
14.8,0.15,200,"bu","09:57:40",438000
14.8,0.15,19800,"bu","09:57:37",437800
14.8,0.15,20200,"bu","09:57:36",418000
14.75,0.1,200,"sd","09:56:51",397800
14.75,0.1,5000,"sd","09:56:49",397600
14.75,0.1,10000,"sd","09:56:09",392600
14.75,0.1,100,"sd","09:55:57",382600
14.8,0.15,100,"bu","09:55:48",382500
14.8,0.15,2200,"bu","09:55:39",382400
14.75,0.1,21000,"sd","09:55:23",380200
14.8,0.15,100,"bu","09:55:19",359200
14.75,0.1,10000,"sd","09:55:14",359100
14.8,0.15,2000,"bu","09:55:13",349100
14.75,0.1,500,"sd","09:54:33",347100
14.75,0.1,100,"sd","09:53:52",346600
14.8,0.15,1000,"bu","09:53:46",346500
14.75,0.1,2300,"bu","09:53:32",345500
14.75,0.1,6800,"bu","09:53:24",343200
14.75,0.1,1000,"bu","09:53:04",336400
14.75,0.1,500,"bu","09:52:42",335400
14.75,0.1,60000,"bu","09:52:40",334900
14.7,0.05,100,"bu","09:52:29",274900
14.7,0.05,200,"bu","09:52:27",274800
14.7,0.05,1000,"bu","09:52:24",274600
14.7,0.05,2000,"bu","09:52:19",273600
14.7,0.05,2000,"bu","09:52:15",271600
14.7,0.05,3000,"bu","09:52:09",269600
14.7,0.05,1000,"bu","09:52:04",266600
14.7,0.05,500,"bu","09:52:01",265600
14.7,0.05,3000,"bu","09:52:00",265100
14.7,0.05,100,"bu","09:51:42",262100
14.7,0.05,600,"bu","09:51:20",262000
14.7,0.05,5000,"bu","09:50:51",261400
14.7,0.05,300,"bu","09:50:49",256400
14.7,0.05,6000,"bu","09:50:39",256100
14.7,0.05,3700,"sd","09:49:14",250100
14.7,0.05,10000,"sd","09:49:03",246400
14.75,0.1,800,"bu","09:47:40",236400
14.7,0.05,100,"sd","09:47:02",235600
14.7,0.05,5000,"sd","09:46:13",235500
14.7,0.05,5000,"sd","09:45:20",230500
14.7,0.05,500,"sd","09:45:10",225500
14.75,0.1,300,"bu","09:43:36",225000
14.75,0.1,16000,"bu","09:42:30",224700
14.7,0.05,2000,"sd","09:42:19",208700
14.7,0.05,100,"sd","09:40:15",206700
14.7,0.05,2000,"sd","09:39:51",206600
14.75,0.1,500,"bu","09:39:39",204600
14.75,0.1,500,"bu","09:38:42",204100
14.75,0.1,100,"bu","09:36:28",203600
14.75,0.1,500,"bu","09:35:56",203500
14.75,0.1,500,"bu","09:35:44",203000
14.75,0.1,200,"bu","09:34:20",202500
14.75,0.1,500,"bu","09:33:13",202300
14.75,0.1,100,"bu","09:33:04",201800
14.75,0.1,2000,"bu","09:32:23",201700
14.75,0.1,2000,"bu","09:32:18",199700
14.7,0.05,3000,"sd","09:32:03",197700
14.7,0.05,1300,"sd","09:31:58",194700
14.7,0.05,21800,"sd","09:31:36",193400
14.75,0.1,500,"bu","09:31:14",171600
14.75,0.1,700,"bu","09:31:05",171100
14.75,0.1,100,"bu","09:29:36",170400
14.75,0.1,10000,"sd","09:29:04",170300
14.75,0.1,300,"sd","09:28:56",160300
14.75,0.1,100,"sd","09:28:47",160000
14.75,0.1,1600,"sd","09:28:40",159900
14.75,0.1,1500,"sd","09:28:27",158300
14.8,0.15,1000,"bu","09:28:25",156800
14.75,0.1,600,"sd","09:28:18",155800
14.8,0.15,33400,"sd","09:27:29",155200
14.8,0.15,1000,"sd","09:27:22",121800
14.8,0.15,200,"sd","09:26:41",120800
14.8,0.15,100,"sd","09:25:46",120600
14.8,0.15,100,"sd","09:25:21",120500
14.8,0.15,3000,"sd","09:25:20",120400
14.8,0.15,100,"sd","09:24:49",117400
14.8,0.15,4500,"sd","09:24:43",117300
14.8,0.15,4700,"bu","09:24:40",112800
14.8,0.15,1100,"bu","09:24:37",108100
14.8,0.15,500,"bu","09:23:58",107000
14.8,0.15,400,"bu","09:23:50",106500
14.8,0.15,800,"sd","09:23:44",106100
14.8,0.15,9200,"bu","09:23:35",105300
14.8,0.15,10000,"bu","09:23:22",96100
14.75,0.1,500,"sd","09:23:14",86100
14.8,0.15,1100,"bu","09:23:03",85600
14.8,0.15,300,"bu","09:22:55",84500
14.8,0.15,100,"bu","09:22:45",84200
14.8,0.15,100,"bu","09:22:23",84100
14.8,0.15,5000,"bu","09:22:07",84000
14.8,0.15,20300,"bu","09:21:49",79000
14.75,0.1,100,"sd","09:21:40",58700
14.8,0.15,300,"bu","09:21:20",58600
14.8,0.15,500,"bu","09:21:17",58300
14.8,0.15,600,"bu","09:21:05",57800
14.8,0.15,3000,"bu","09:20:58",57200
14.8,0.15,4800,"bu","09:20:47",54200
14.8,0.15,500,"bu","09:20:41",49400
14.8,0.15,700,"bu","09:20:40",48900
14.75,0.1,500,"sd","09:20:36",48200
14.75,0.1,1000,"sd","09:20:18",47700
14.75,0.1,2000,"sd","09:20:06",46700
14.75,0.1,700,"sd","09:19:40",44700
14.75,0.1,400,"sd","09:19:10",44000
14.75,0.1,2000,"sd","09:19:08",43600
14.8,0.15,1200,"bu","09:19:08",41600
14.8,0.15,100,"bu","09:19:06",40400
14.8,0.15,500,"bu","09:18:59",40300
14.8,0.15,500,"bu","09:18:51",39800
14.8,0.15,1000,"bu","09:18:40",39300
14.8,0.15,5000,"bu","09:18:21",38300
14.8,0.15,2300,"sd","09:17:40",33300
14.8,0.15,1000,"sd","09:17:34",31000
14.8,0.15,500,"sd","09:17:20",30000
14.85,0.2,200,"bu","09:16:43",29500
14.85,0.2,200,"bu","09:16:37",29300
14.85,0.2,200,"bu","09:16:18",29100
14.85,0.2,1000,"bu","09:16:06",28900
14.85,0.2,200,"bu","09:16:04",27900
14.85,0.2,1000,"bu","09:15:49",27700
14.85,0.2,5100,"bu","09:15:35",26700
14.8,0.15,12900,"bu","09:15:35",21600
14.8,0.15,8700,"","09:15:00",8700
14.8,-0.25,300,"bu","09:55:19",575000
14.8,-0.25,2000,"bu","09:55:18",574700
14.8,-0.25,10000,"bu","09:55:15",572700
14.8,-0.25,200,"bu","09:55:15",562700
14.8,-0.25,100,"bu","09:55:05",562500
14.8,-0.25,10000,"bu","09:55:00",562400
14.75,-0.3,3000,"sd","09:54:46",552400
14.75,-0.3,100,"sd","09:54:42",549400
14.75,-0.3,3800,"bu","09:54:24",549300
14.75,-0.3,400,"bu","09:54:20",545500
14.75,-0.3,100,"bu","09:54:14",545100
14.65,-0.4,12200,"sd","09:54:12",545000
14.7,-0.35,4200,"sd","09:54:12",532800
14.75,-0.3,500,"bu","09:54:12",528600
14.75,-0.3,300,"sd","09:53:54",528100
14.75,-0.3,2700,"bu","09:53:51",527800
14.7,-0.35,1000,"sd","09:53:50",525100
14.75,-0.3,1000,"bu","09:53:44",524100
14.75,-0.3,1500,"bu","09:53:38",523100
14.7,-0.35,2100,"bu","09:53:38",521600
14.7,-0.35,100,"bu","09:53:37",519500
14.7,-0.35,500,"bu","09:53:35",519400
14.7,-0.35,1000,"bu","09:53:33",518900
14.7,-0.35,8300,"sd","09:53:31",517900
14.7,-0.35,500,"sd","09:53:25",509600
14.7,-0.35,1600,"bu","09:53:07",509100
14.7,-0.35,500,"bu","09:53:06",507500
14.7,-0.35,500,"bu","09:52:59",507000
14.7,-0.35,2000,"bu","09:52:55",506500
14.7,-0.35,100,"bu","09:52:54",504500
14.7,-0.35,2000,"bu","09:52:53",504400
14.7,-0.35,1500,"bu","09:52:50",502400
14.7,-0.35,100,"bu","09:52:43",500900
14.7,-0.35,1000,"bu","09:52:40",500800
14.7,-0.35,1000,"bu","09:52:39",499800
14.7,-0.35,1000,"bu","09:52:36",498800
14.7,-0.35,1000,"bu","09:52:34",497800
14.7,-0.35,1700,"sd","09:52:30",496800
14.7,-0.35,1000,"sd","09:52:29",495100
14.7,-0.35,1200,"bu","09:52:23",494100
14.7,-0.35,1000,"bu","09:52:19",492900
14.65,-0.4,500,"sd","09:52:19",491900
14.65,-0.4,1000,"sd","09:52:04",491400
14.65,-0.4,2300,"sd","09:52:03",490400
14.65,-0.4,1000,"sd","09:52:02",488100
14.65,-0.4,400,"sd","09:51:59",487100
14.65,-0.4,5000,"sd","09:51:50",486700
14.65,-0.4,2500,"sd","09:51:45",481700
14.65,-0.4,2200,"sd","09:51:41",479200
14.7,-0.35,2000,"bu","09:51:40",477000
14.65,-0.4,3000,"sd","09:51:40",475000
14.65,-0.4,4200,"bu","09:51:34",472000
14.65,-0.4,100,"bu","09:51:27",467800
14.6,-0.45,1500,"sd","09:51:27",467700
14.6,-0.45,400,"sd","09:51:18",466200
14.65,-0.4,400,"bu","09:51:16",465800
14.6,-0.45,5800,"sd","09:51:03",465400
14.65,-0.4,3000,"bu","09:51:02",459600
14.6,-0.45,1000,"sd","09:50:59",456600
14.65,-0.4,2000,"sd","09:50:59",455600
14.65,-0.4,5200,"sd","09:50:58",453600
14.65,-0.4,700,"sd","09:50:55",448400
14.65,-0.4,100,"sd","09:50:48",447700
14.7,-0.35,6600,"bu","09:50:46",447600
14.7,-0.35,500,"bu","09:50:42",441000
14.7,-0.35,2000,"bu","09:50:36",440500
14.7,-0.35,200,"bu","09:50:35",438500
14.7,-0.35,13300,"sd","09:50:30",438300
14.7,-0.35,9200,"sd","09:50:29",425000
14.7,-0.35,500,"sd","09:50:27",415800
14.75,-0.3,200,"bu","09:50:20",415300
14.75,-0.3,1000,"bu","09:50:19",415100
14.75,-0.3,20900,"sd","09:50:14",414100
14.75,-0.3,1300,"sd","09:50:13",393200
14.75,-0.3,100,"sd","09:50:04",391900
14.75,-0.3,10300,"sd","09:50:03",391800
14.8,-0.25,400,"bu","09:49:42",381500
14.8,-0.25,1000,"bu","09:49:40",381100
14.75,-0.3,3500,"sd","09:49:38",380100
14.8,-0.25,5300,"sd","09:49:37",376600
14.8,-0.25,1000,"sd","09:49:33",371300
14.8,-0.25,19000,"sd","09:49:32",370300
14.85,-0.2,100,"bu","09:49:31",351300
14.8,-0.25,2000,"sd","09:49:28",351200
14.8,-0.25,1200,"sd","09:49:19",349200
14.8,-0.25,3200,"sd","09:49:18",348000
14.8,-0.25,500,"sd","09:49:14",344800
14.8,-0.25,3500,"sd","09:49:03",344300
14.85,-0.2,1500,"sd","09:49:03",340800
14.85,-0.2,100,"sd","09:49:01",339300
14.85,-0.2,5000,"sd","09:48:59",339200
14.85,-0.2,2000,"sd","09:48:51",334200
14.85,-0.2,600,"sd","09:48:50",332200
14.85,-0.2,2000,"sd","09:48:47",331600
14.85,-0.2,100,"sd","09:48:46",329600
14.85,-0.2,100,"sd","09:48:41",329500
14.85,-0.2,5000,"sd","09:48:28",329400
14.9,-0.15,8700,"sd","09:48:18",324400
14.9,-0.15,5000,"sd","09:48:15",315700
14.9,-0.15,400,"sd","09:48:09",310700
14.9,-0.15,14600,"sd","09:48:07",310300
14.9,-0.15,500,"sd","09:48:03",295700
14.9,-0.15,200,"sd","09:48:01",295200
14.9,-0.15,3000,"sd","09:48:00",295000
14.9,-0.15,7600,"sd","09:47:57",292000
14.9,-0.15,3000,"sd","09:47:52",284400
14.9,-0.15,3000,"sd","09:47:49",281400
14.9,-0.15,500,"sd","09:47:47",278400
14.9,-0.15,10000,"sd","09:47:43",277900
14.9,-0.15,2000,"sd","09:47:33",267900
14.9,-0.15,2500,"sd","09:47:31",265900
14.9,-0.15,2000,"sd","09:47:28",263400
14.9,-0.15,200,"sd","09:47:14",261400
14.9,-0.15,4800,"sd","09:47:11",261200
14.9,-0.15,100,"sd","09:47:08",256400
14.9,-0.15,1800,"sd","09:47:01",256300
14.9,-0.15,500,"sd","09:46:59",254500
14.9,-0.15,900,"sd","09:46:58",254000
14.9,-0.15,600,"sd","09:46:57",253100
14.9,-0.15,5000,"sd","09:46:53",252500
14.9,-0.15,1200,"sd","09:46:47",247500
14.9,-0.15,200,"sd","09:46:45",246300
14.9,-0.15,1800,"sd","09:46:38",246100
14.9,-0.15,1000,"sd","09:46:34",244300
14.9,-0.15,400,"sd","09:46:24",243300
14.95,-0.1,100,"bu","09:46:00",242900
14.95,-0.1,100,"bu","09:45:52",242800
14.95,-0.1,200,"sd","09:45:11",242700
14.95,-0.1,1000,"sd","09:44:57",242500
14.95,-0.1,2000,"sd","09:44:56",241500
14.95,-0.1,1000,"sd","09:44:40",239500
14.95,-0.1,100,"sd","09:44:38",238500
14.95,-0.1,100,"sd","09:44:38",238400
14.95,-0.1,1600,"sd","09:44:28",238300
14.95,-0.1,100,"sd","09:44:25",236700
14.95,-0.1,8600,"sd","09:44:17",236600
14.95,-0.1,1000,"sd","09:44:05",228000
15,-0.05,2000,"bu","09:44:05",227000
14.95,-0.1,1000,"sd","09:43:54",225000
15,-0.05,500,"bu","09:43:54",224000
14.95,-0.1,500,"sd","09:43:33",223500
15,-0.05,2000,"bu","09:42:10",223000
15,-0.05,5000,"bu","09:41:46",221000
15,-0.05,300,"bu","09:41:13",216000
14.95,-0.1,30000,"sd","09:41:13",215700
15,-0.05,1000,"bu","09:41:07",185700
15,-0.05,500,"bu","09:40:49",184700
15,-0.05,400,"sd","09:40:41",184200
15,-0.05,3000,"sd","09:40:38",183800
15,-0.05,3000,"sd","09:40:37",180800
15,-0.05,400,"sd","09:40:36",177800
15,-0.05,200,"sd","09:40:35",177400
15,-0.05,1000,"sd","09:40:30",177200
15,-0.05,3500,"sd","09:40:26",176200
15,-0.05,500,"sd","09:40:21",172700
15,-0.05,400,"sd","09:40:14",172200
15,-0.05,15000,"sd","09:40:00",171800
15,-0.05,800,"sd","09:39:59",156800
15,-0.05,200,"sd","09:39:53",156000
15,-0.05,3000,"sd","09:39:48",155800
15,-0.05,300,"sd","09:39:40",152800
15,-0.05,2000,"sd","09:39:38",152500
15,-0.05,1600,"sd","09:39:34",150500
15,-0.05,500,"sd","09:39:24",148900
15,-0.05,100,"sd","09:39:23",148400
15,-0.05,500,"sd","09:39:21",148300
15.05,0,100,"bu","09:39:12",147800
15.05,0,10000,"bu","09:39:07",147700
15,-0.05,2000,"sd","09:38:59",137700
15.05,0,1600,"bu","09:38:50",135700
15.05,0,100,"bu","09:38:24",134100
15.05,0,19000,"sd","09:38:08",134000
15.05,0,2000,"sd","09:38:00",115000
15.05,0,700,"sd","09:37:59",113000
15.05,0,1000,"sd","09:37:50",112300
15.05,0,3200,"sd","09:37:45",111300
15.05,0,1300,"sd","09:37:29",108100
15.05,0,200,"sd","09:37:21",106800
15.05,0,2000,"sd","09:37:11",106600
15.05,0,3000,"sd","09:36:53",104600
15.05,0,3000,"sd","09:36:37",101600
15.05,0,500,"sd","09:36:33",98600
15.05,0,100,"sd","09:36:16",98100
15.1,0.05,100,"bu","09:35:06",98000
15.1,0.05,100,"bu","09:34:56",97900
15.1,0.05,200,"bu","09:34:00",97800
15.05,0,2600,"sd","09:33:31",97600
15.05,0,500,"sd","09:32:50",95000
15.05,0,300,"sd","09:32:49",94500
15.05,0,500,"sd","09:32:31",94200
15.05,0,3700,"sd","09:31:46",93700
15.05,0,500,"sd","09:31:43",90000
15.05,0,5000,"sd","09:31:32",89500
15.05,0,2000,"sd","09:31:14",84500
15.05,0,2800,"sd","09:29:17",82500
15.05,0,400,"sd","09:29:13",79700
15.05,0,700,"sd","09:28:48",79300
15.1,0.05,1000,"bu","09:26:50",78600
15.1,0.05,1000,"bu","09:26:13",77600
15.1,0.05,200,"bu","09:26:12",76600
15.1,0.05,3100,"sd","09:25:51",76400
15.15,0.1,2000,"bu","09:25:25",73300
15.15,0.1,500,"bu","09:25:04",71300
15.1,0.05,100,"sd","09:24:54",70800
15.1,0.05,2900,"bu","09:24:39",70700
15.1,0.05,6400,"bu","09:24:36",67800
15.1,0.05,500,"bu","09:23:54",61400
15.1,0.05,2000,"bu","09:23:46",60900
15.1,0.05,2800,"bu","09:23:41",58900
15.1,0.05,1000,"bu","09:23:31",56100
15.1,0.05,500,"bu","09:23:10",55100
15.1,0.05,800,"bu","09:23:08",54600
15.1,0.05,3500,"bu","09:22:43",53800
15.1,0.05,2000,"bu","09:22:24",50300
15.1,0.05,100,"bu","09:21:55",48300
15.05,0,100,"sd","09:21:37",48200
15.05,0,500,"sd","09:21:22",48100
15.05,0,100,"sd","09:21:11",47600
15.05,0,600,"sd","09:20:58",47500
15.1,0.05,1000,"bu","09:20:56",46900
15.1,0.05,1500,"bu","09:20:48",45900
15.1,0.05,1000,"bu","09:20:31",44400
15.1,0.05,100,"bu","09:20:07",43400
15.1,0.05,200,"bu","09:20:07",43300
15.1,0.05,1500,"bu","09:20:02",43100
15.1,0.05,500,"bu","09:19:40",41600
15.1,0.05,500,"bu","09:19:35",41100
15.1,0.05,100,"bu","09:19:19",40600
15.1,0.05,300,"bu","09:19:18",40500
15.1,0.05,1500,"bu","09:19:05",40200
15.1,0.05,3500,"bu","09:18:34",38700
15.1,0.05,21500,"sd","09:18:05",35200
15.1,0.05,100,"sd","09:17:30",13700
15.1,0.05,200,"sd","09:16:38",13600
15.15,0.1,1500,"bu","09:16:29",13400
15.1,0.05,100,"sd","09:15:45",11900
15.1,0.05,100,"sd","09:15:42",11800
15.1,0.05,2300,"bu","09:15:19",11700
15.1,0.05,200,"bu","09:15:04",9400
15.1,0.05,9200,"","09:15:01",9200
14.2,0,2000,"sd","10:02:37",408400
14.2,0,4300,"sd","10:01:37",406400
14.2,0,400,"sd","10:00:56",402100
14.2,0,2000,"sd","10:00:54",401700
14.2,0,500,"sd","10:00:42",399700
14.2,0,10000,"sd","10:00:17",399200
14.2,0,1000,"sd","09:59:49",389200
14.2,0,100,"sd","09:58:59",388200
14.25,0.05,5000,"bu","09:58:38",388100
14.25,0.05,500,"bu","09:58:25",383100
14.2,0,100,"sd","09:58:16",382600
14.2,0,1000,"sd","09:58:12",382500
14.2,0,500,"sd","09:57:33",381500
14.2,0,1800,"sd","09:56:54",381000
14.25,0.05,100,"bu","09:56:53",379200
14.2,0,1400,"sd","09:56:18",379100
14.2,0,200,"sd","09:55:59",377700
14.2,0,1000,"sd","09:55:46",377500
14.25,0.05,900,"bu","09:55:43",376500
14.2,0,2000,"sd","09:55:35",375600
14.2,0,200,"sd","09:55:31",373600
14.25,0.05,300,"bu","09:55:06",373400
14.25,0.05,500,"sd","09:55:03",373100
14.25,0.05,30000,"sd","09:55:02",372600
14.25,0.05,500,"sd","09:55:00",342600
14.3,0.1,22400,"bu","09:54:59",342100
14.25,0.05,4000,"sd","09:54:34",319700
14.25,0.05,2000,"sd","09:54:26",315700
14.25,0.05,4300,"sd","09:54:22",313700
14.25,0.05,1000,"sd","09:54:06",309400
14.25,0.05,1200,"sd","09:53:50",308400
14.25,0.05,700,"sd","09:53:44",307200
14.25,0.05,1000,"sd","09:53:35",306500
14.25,0.05,2000,"sd","09:53:31",305500
14.25,0.05,15700,"sd","09:53:19",303500
14.3,0.1,2000,"bu","09:53:12",287800
14.3,0.1,1000,"bu","09:52:49",285800
14.3,0.1,500,"bu","09:50:37",284800
14.25,0.05,100,"sd","09:50:34",284300
14.3,0.1,1000,"bu","09:50:22",284200
14.25,0.05,1000,"sd","09:49:49",283200
14.3,0.1,100,"bu","09:49:40",282200
14.3,0.1,1200,"bu","09:49:20",282100
14.3,0.1,30000,"bu","09:49:17",280900
14.3,0.1,500,"bu","09:49:03",250900
14.3,0.1,1000,"bu","09:48:55",250400
14.3,0.1,5000,"bu","09:48:49",249400
14.3,0.1,1000,"bu","09:48:27",244400
14.25,0.05,1000,"sd","09:48:25",243400
14.25,0.05,100,"sd","09:47:48",242400
14.3,0.1,100,"bu","09:46:02",242300
14.3,0.1,3500,"sd","09:45:26",242200
14.3,0.1,200,"sd","09:45:20",238700
14.3,0.1,100,"sd","09:45:07",238500
14.3,0.1,5000,"bu","09:44:28",238400
14.3,0.1,100,"bu","09:44:18",233400
14.3,0.1,2000,"bu","09:44:03",233300
14.3,0.1,100,"bu","09:43:44",231300
14.3,0.1,2000,"bu","09:43:04",231200
14.3,0.1,400,"bu","09:42:56",229200
14.3,0.1,1000,"bu","09:42:39",228800
14.3,0.1,400,"bu","09:42:22",227800
14.3,0.1,300,"bu","09:42:16",227400
14.25,0.05,35000,"sd","09:42:10",227100
14.3,0.1,5000,"bu","09:41:37",192100
14.3,0.1,1500,"bu","09:41:29",187100
14.3,0.1,1000,"bu","09:41:14",185600
14.3,0.1,8000,"bu","09:41:00",184600
14.3,0.1,1000,"bu","09:40:46",176600
14.3,0.1,200,"bu","09:40:45",175600
14.3,0.1,100,"bu","09:40:17",175400
14.3,0.1,4800,"bu","09:40:07",175300
14.3,0.1,1000,"bu","09:39:19",170500
14.3,0.1,100,"bu","09:39:01",169500
14.25,0.05,100,"sd","09:38:59",169400
14.3,0.1,100,"bu","09:38:59",169300
14.3,0.1,1000,"bu","09:38:56",169200
14.3,0.1,500,"bu","09:38:38",168200
14.25,0.05,100,"sd","09:38:23",167700
14.25,0.05,300,"sd","09:37:21",167600
14.3,0.1,4000,"bu","09:36:15",167300
14.25,0.05,100,"sd","09:36:11",163300
14.25,0.05,100,"sd","09:36:10",163200
14.25,0.05,400,"sd","09:36:07",163100
14.25,0.05,100,"sd","09:35:53",162700
14.25,0.05,500,"sd","09:35:40",162600
14.25,0.05,300,"sd","09:34:56",162100
14.25,0.05,200,"sd","09:34:52",161800
14.25,0.05,1000,"sd","09:34:41",161600
14.25,0.05,100,"sd","09:34:40",160600
14.25,0.05,100,"sd","09:34:40",160500
14.25,0.05,500,"sd","09:32:53",160400
14.25,0.05,500,"sd","09:32:28",159900
14.25,0.05,1000,"sd","09:32:17",159400
14.25,0.05,1900,"sd","09:32:05",158400
14.25,0.05,500,"sd","09:32:03",156500
14.25,0.05,500,"sd","09:31:57",156000
14.25,0.05,1000,"sd","09:31:32",155500
14.25,0.05,500,"sd","09:31:27",154500
14.25,0.05,700,"sd","09:31:17",154000
14.25,0.05,100,"sd","09:30:52",153300
14.3,0.1,2000,"bu","09:30:43",153200
14.3,0.1,4000,"bu","09:30:24",151200
14.3,0.1,1000,"bu","09:30:24",147200
14.3,0.1,100,"bu","09:30:09",146200
14.3,0.1,1000,"bu","09:29:59",146100
14.3,0.1,100,"bu","09:29:24",145100
14.3,0.1,200,"bu","09:28:54",145000
14.3,0.1,200,"bu","09:28:50",144800
14.3,0.1,3000,"bu","09:28:06",144600
14.3,0.1,500,"bu","09:27:56",141600
14.25,0.05,500,"sd","09:27:38",141100
14.25,0.05,2500,"sd","09:27:33",140600
14.3,0.1,1000,"bu","09:27:30",138100
14.3,0.1,100,"bu","09:26:56",137100
14.3,0.1,3000,"bu","09:26:35",137000
14.3,0.1,100,"bu","09:26:28",134000
14.3,0.1,10000,"bu","09:26:26",133900
14.3,0.1,10000,"bu","09:26:23",123900
14.3,0.1,2600,"sd","09:26:05",113900
14.35,0.15,100,"bu","09:25:52",111300
14.3,0.1,300,"sd","09:25:49",111200
14.3,0.1,10000,"sd","09:25:36",110900
14.35,0.15,2000,"bu","09:25:28",100900
14.35,0.15,5000,"bu","09:25:13",98900
14.35,0.15,500,"bu","09:24:20",93900
14.35,0.15,100,"bu","09:23:46",93400
14.35,0.15,3000,"bu","09:23:26",93300
14.35,0.15,200,"sd","09:23:00",90300
14.35,0.15,100,"sd","09:22:58",90100
14.35,0.15,200,"sd","09:22:40",90000
14.35,0.15,13000,"sd","09:22:36",89800
14.35,0.15,2000,"sd","09:22:35",76800
14.35,0.15,400,"sd","09:22:29",74800
14.35,0.15,500,"sd","09:21:53",74400
14.35,0.15,300,"sd","09:21:48",73900
14.35,0.15,100,"sd","09:21:45",73600
14.35,0.15,5000,"sd","09:21:20",73500
14.35,0.15,200,"sd","09:21:20",68500
14.35,0.15,300,"sd","09:20:55",68300
14.4,0.2,10600,"bu","09:20:52",68000
14.4,0.2,5000,"bu","09:20:37",57400
14.4,0.2,5000,"bu","09:20:20",52400
14.4,0.2,3000,"bu","09:20:05",47400
14.35,0.15,1000,"sd","09:19:57",44400
14.4,0.2,1000,"bu","09:19:56",43400
14.4,0.2,100,"bu","09:19:52",42400
14.35,0.15,300,"sd","09:19:50",42300
14.4,0.2,100,"bu","09:19:28",42000
14.35,0.15,1300,"sd","09:19:17",41900
14.35,0.15,700,"sd","09:18:58",40600
14.35,0.15,300,"sd","09:18:53",39900
14.4,0.2,3000,"bu","09:18:51",39600
14.35,0.15,1000,"sd","09:18:50",36600
14.35,0.15,5200,"bu","09:18:36",35600
14.3,0.1,1900,"bu","09:18:09",30400
14.3,0.1,11400,"bu","09:17:40",28500
14.25,0.05,100,"sd","09:17:06",17100
14.25,0.05,100,"sd","09:16:50",17000
14.25,0.05,100,"bu","09:16:14",16900
14.25,0.05,1000,"bu","09:16:04",16800
14.25,0.05,200,"bu","09:16:00",15800
14.25,0.05,200,"bu","09:15:53",15600
14.25,0.05,1000,"bu","09:15:22",15400
14.25,0.05,100,"bu","09:15:15",14400
14.2,0,14300,"","09:15:01",14300
18.2,-1.2,200,"sd","11:07:25",4061900
18.15,-1.25,1800,"sd","11:07:25",4061700
18.2,-1.2,2500,"sd","11:07:25",4059900
18.2,-1.2,1000,"sd","11:07:25",4057400
18.2,-1.2,100,"sd","11:07:25",4056400
18.2,-1.2,100,"sd","11:07:25",4056300
18.2,-1.2,100,"sd","11:07:25",4056200
18.2,-1.2,10000,"sd","11:07:25",4056100
18.2,-1.2,300,"sd","11:07:25",4046100
18.2,-1.2,1000,"sd","11:07:25",4045800
18.25,-1.15,100,"bu","11:07:23",4044800
18.2,-1.2,500,"sd","11:07:22",4044700
18.2,-1.2,200,"sd","11:07:22",4044200
18.2,-1.2,100,"sd","11:07:22",4044000
18.2,-1.2,500,"sd","11:07:22",4043900
18.2,-1.2,500,"sd","11:07:22",4043400
18.2,-1.2,500,"sd","11:07:22",4042900
18.2,-1.2,200,"sd","11:07:22",4042400
18.2,-1.2,200,"sd","11:07:22",4042200
18.2,-1.2,200,"sd","11:07:22",4042000
18.2,-1.2,1000,"sd","11:07:22",4041800
18.2,-1.2,500,"sd","11:07:22",4040800
18.2,-1.2,100,"sd","11:07:22",4040300
18.2,-1.2,1800,"sd","11:07:22",4040200
18.2,-1.2,2000,"sd","11:07:22",4038400
18.2,-1.2,1000,"sd","11:07:22",4036400
18.2,-1.2,100,"sd","11:07:22",4035400
18.2,-1.2,200,"sd","11:07:22",4035300
18.2,-1.2,100,"sd","11:07:22",4035100
18.2,-1.2,500,"sd","11:07:22",4035000
18.2,-1.2,200,"sd","11:07:22",4034500
18.2,-1.2,200,"sd","11:07:22",4034300
18.2,-1.2,300,"sd","11:07:22",4034100
18.2,-1.2,100,"sd","11:07:22",4033800
18.2,-1.2,100,"sd","11:07:22",4033700
18.2,-1.2,300,"sd","11:07:22",4033600
18.2,-1.2,100,"sd","11:07:22",4033300
18.2,-1.2,200,"sd","11:07:22",4033200
18.2,-1.2,500,"sd","11:07:22",4033000
18.2,-1.2,500,"sd","11:07:22",4032500
18.2,-1.2,100,"sd","11:07:22",4032000
18.2,-1.2,300,"sd","11:07:22",4031900
18.2,-1.2,500,"sd","11:07:22",4031600
18.2,-1.2,200,"sd","11:07:22",4031100
18.2,-1.2,1000,"sd","11:07:22",4030900
18.2,-1.2,5000,"sd","11:07:22",4029900
18.2,-1.2,100,"sd","11:07:22",4024900
18.2,-1.2,100,"sd","11:07:22",4024800
18.2,-1.2,1900,"sd","11:07:21",4024700
18.2,-1.2,300,"sd","11:07:21",4022800
18.2,-1.2,800,"sd","11:07:21",4022500
18.2,-1.2,100,"sd","11:07:19",4021700
18.2,-1.2,100,"sd","11:07:19",4021600
18.2,-1.2,800,"sd","11:07:19",4021500
18.25,-1.15,100,"bu","11:07:17",4020700
18.2,-1.2,1200,"sd","11:07:15",4020600
18.2,-1.2,800,"sd","11:07:15",4019400
18.2,-1.2,100,"sd","11:07:15",4018600
18.2,-1.2,1900,"sd","11:07:15",4018500
18.25,-1.15,1000,"bu","11:07:15",4016600
18.2,-1.2,2600,"sd","11:06:53",4007500
18.2,-1.2,1500,"sd","11:06:52",4004900
18.2,-1.2,500,"sd","11:06:51",4003400
18.2,-1.2,100,"sd","11:06:51",4002900
18.2,-1.2,300,"sd","11:06:51",4002800
18.2,-1.2,100,"sd","11:06:50",4002500
18.2,-1.2,200,"sd","11:06:49",4002400
18.2,-1.2,700,"sd","11:06:49",4002200
18.2,-1.2,1000,"sd","11:06:48",4001500
18.2,-1.2,300,"sd","11:06:47",4000500
18.2,-1.2,200,"sd","11:06:47",4000200
18.2,-1.2,200,"sd","11:06:47",4000000
18.2,-1.2,1000,"sd","11:06:46",3999800
18.2,-1.2,500,"sd","11:06:45",3998800
18.2,-1.2,100,"sd","11:06:45",3998300
18.2,-1.2,1000,"sd","11:06:45",3998200
18.2,-1.2,600,"sd","11:06:44",3997200
18.2,-1.2,1000,"sd","11:06:43",3996600
18.25,-1.15,400,"bu","11:06:43",3995600
18.2,-1.2,2000,"sd","11:06:43",3995200
18.2,-1.2,1500,"sd","11:06:42",4008200
18.2,-1.2,100,"sd","11:06:42",4006700
18.2,-1.2,200,"sd","11:06:42",4006600
18.2,-1.2,1000,"sd","11:06:42",4006400
18.2,-1.2,200,"sd","11:06:42",4005400
18.2,-1.2,500,"sd","11:06:42",4005200
18.2,-1.2,200,"sd","11:06:42",4004700
18.2,-1.2,500,"sd","11:06:42",4004500
18.2,-1.2,600,"sd","11:06:42",4004000
18.2,-1.2,100,"sd","11:06:42",4003400
18.2,-1.2,100,"sd","11:06:42",4003300
18.2,-1.2,2100,"sd","11:06:42",4003200
18.2,-1.2,500,"sd","11:06:42",4001100
18.2,-1.2,300,"sd","11:06:42",4000600
18.2,-1.2,2600,"sd","11:06:40",4000300
18.2,-1.2,500,"sd","11:06:40",3997700
18.2,-1.2,100,"sd","11:06:40",3997200
18.2,-1.2,700,"sd","11:06:40",3997100
18.2,-1.2,200,"sd","11:06:40",3996400
18.2,-1.2,1000,"sd","11:06:40",3996200
18.2,-1.2,1000,"sd","11:06:40",3995200
18.2,-1.2,1000,"sd","11:06:40",3994200
18.2,-1.2,1100,"sd","11:06:40",3993200
18.2,-1.2,600,"sd","11:06:40",3992100
18.2,-1.2,1200,"sd","11:06:40",3991500
18.2,-1.2,600,"sd","11:06:37",3990300
18.2,-1.2,200,"sd","11:06:37",3989700
18.2,-1.2,200,"sd","11:06:37",3989500
18.2,-1.2,600,"sd","11:06:37",3989300
18.25,-1.15,5000,"bu","11:06:37",3988700
18.25,-1.15,400,"bu","11:06:36",3983700
18.2,-1.2,300,"sd","11:06:36",3983300
18.2,-1.2,1000,"sd","11:06:35",3983000
18.2,-1.2,100,"sd","11:06:34",3982000
18.2,-1.2,1700,"sd","11:06:33",3981900
18.2,-1.2,400,"sd","11:06:33",3980200
18.2,-1.2,100,"sd","11:06:33",3979800
18.2,-1.2,100,"sd","11:06:33",3979700
18.2,-1.2,200,"sd","11:06:33",3979600
18.2,-1.2,400,"sd","11:06:33",3979400
18.2,-1.2,1000,"sd","11:06:33",3979000
18.2,-1.2,200,"sd","11:06:32",3978000
18.2,-1.2,5000,"sd","11:06:32",3977800
18.2,-1.2,3400,"sd","11:06:30",3972800
18.2,-1.2,100,"sd","11:06:30",3969400
18.2,-1.2,2000,"sd","11:06:30",3969300
18.2,-1.2,2000,"sd","11:06:30",3967300
18.25,-1.15,1800,"bu","11:06:27",3965300
18.25,-1.15,1000,"bu","11:06:27",3963500
18.25,-1.15,200,"bu","11:06:27",3962500
18.2,-1.2,500,"sd","11:06:27",3962300
18.25,-1.15,300,"bu","11:06:27",3961800
18.25,-1.15,1700,"bu","11:06:27",3961500
18.2,-1.2,500,"sd","11:06:26",3959800
18.2,-1.2,300,"sd","11:06:26",3959300
18.2,-1.2,100,"sd","11:06:26",3959000
18.2,-1.2,100,"sd","11:06:26",3958900
18.2,-1.2,500,"sd","11:06:24",3958800
18.2,-1.2,200,"sd","11:06:24",3958300
18.2,-1.2,500,"sd","11:06:24",3958100
18.2,-1.2,800,"sd","11:06:24",3957600
18.25,-1.15,500,"bu","11:06:24",3956800
18.25,-1.15,2500,"bu","11:06:24",3956300
18.2,-1.2,4100,"sd","11:06:16",3953800
18.2,-1.2,300,"sd","11:06:16",3949700
18.25,-1.15,1000,"bu","11:06:15",3949400
18.25,-1.15,100,"bu","11:06:10",3948400
18.2,-1.2,200,"sd","11:06:09",3948300
18.25,-1.15,1500,"bu","11:06:07",3948100
18.25,-1.15,300,"bu","11:06:01",3946600
18.25,-1.15,5500,"bu","11:05:58",3946300
18.2,-1.2,200,"sd","11:05:56",3940800
18.25,-1.15,3000,"bu","11:05:53",3940600
18.25,-1.15,5000,"bu","11:05:51",3937600
18.25,-1.15,200,"bu","11:05:49",3932600
18.2,-1.2,200,"sd","11:05:49",3932400
18.25,-1.15,600,"bu","11:05:49",3932200
18.2,-1.2,100,"sd","11:05:47",3931600
18.2,-1.2,1400,"sd","11:05:47",3931500
18.25,-1.15,100,"bu","11:05:46",3930100
18.25,-1.15,200,"bu","11:05:43",3930000
18.2,-1.2,600,"sd","11:05:38",3929800
18.2,-1.2,400,"sd","11:05:38",3929200
18.2,-1.2,2400,"sd","11:05:34",3928800
18.2,-1.2,500,"sd","11:05:32",3926400
18.25,-1.15,300,"bu","11:05:31",3925900
18.25,-1.15,1000,"bu","11:05:31",3925600
18.25,-1.15,300,"bu","11:05:25",3924600
18.25,-1.15,100,"bu","11:05:23",3924300
18.25,-1.15,100,"bu","11:05:22",3924200
18.25,-1.15,1000,"bu","11:05:21",3924100
18.25,-1.15,1700,"bu","11:05:16",3923100
18.25,-1.15,100,"bu","11:05:16",3921400
18.25,-1.15,5000,"bu","11:05:14",3921300
18.25,-1.15,100,"sd","11:05:12",3916300
18.25,-1.15,300,"sd","11:05:12",3916200
18.25,-1.15,800,"sd","11:05:10",3915900
18.25,-1.15,100,"sd","11:05:10",3915100
18.25,-1.15,100,"sd","11:05:10",3915000
18.3,-1.1,100,"bu","11:05:09",3914900
18.25,-1.15,200,"sd","11:05:04",3898000
18.25,-1.15,500,"sd","11:05:04",3897800
18.25,-1.15,500,"sd","11:05:04",3897300
18.25,-1.15,1000,"sd","11:05:04",3896800
18.25,-1.15,100,"sd","11:05:04",3895800
18.25,-1.15,200,"sd","11:05:04",3895700
18.25,-1.15,500,"sd","11:05:04",3895500
18.25,-1.15,500,"sd","11:05:03",3895000
18.3,-1.1,10000,"bu","11:05:01",3894500
18.3,-1.1,500,"bu","11:04:54",3884500
18.3,-1.1,500,"bu","11:04:54",3884000
18.3,-1.1,100,"bu","11:04:54",3883500
18.3,-1.1,200,"bu","11:04:51",3883400
18.3,-1.1,100,"bu","11:04:51",3883200
18.3,-1.1,100,"bu","11:04:49",3883100
18.3,-1.1,100,"bu","11:04:49",3883000
18.3,-1.1,100,"bu","11:04:49",3882900
18.3,-1.1,100,"bu","11:04:49",3882800
18.3,-1.1,100,"bu","11:04:48",3882700
18.3,-1.1,1000,"bu","11:04:48",3882600
18.25,-1.15,500,"sd","11:05:03",3899000
18.25,-1.15,100,"sd","11:05:03",3898500
18.25,-1.15,200,"sd","11:05:03",3898400
18.25,-1.15,500,"sd","11:05:03",3898200
18.25,-1.15,500,"sd","11:05:03",3897700
18.25,-1.15,300,"sd","11:05:03",3897200
18.25,-1.15,300,"sd","11:05:03",3896900
18.25,-1.15,100,"sd","11:05:03",3896600
18.25,-1.15,500,"sd","11:05:03",3896500
18.25,-1.15,500,"sd","11:05:03",3896000
18.25,-1.15,1000,"sd","11:05:03",3895500
18.3,-1.1,10000,"bu","11:05:00",3894500
18.3,-1.1,500,"bu","11:04:54",3884500
18.3,-1.1,100,"bu","11:04:53",3884000
18.3,-1.1,500,"bu","11:04:52",3883900
18.3,-1.1,100,"bu","11:04:50",3883400
18.3,-1.1,200,"bu","11:04:50",3883300
18.3,-1.1,100,"bu","11:04:48",3883100
18.3,-1.1,100,"sd","11:04:48",3883000
18.3,-1.1,100,"sd","11:04:48",3882900
18.3,-1.1,600,"sd","11:04:45",3861800
18.3,-1.1,200,"sd","11:04:43",3861200
18.3,-1.1,200,"sd","11:04:43",3861000
18.3,-1.1,2000,"sd","11:04:42",3860800
18.3,-1.1,100,"sd","11:04:42",3858800
18.3,-1.1,100,"sd","11:04:42",3858700
18.3,-1.1,1500,"sd","11:04:42",3858600
18.3,-1.1,200,"sd","11:04:42",3857100
18.3,-1.1,1000,"sd","11:04:42",3856900
18.3,-1.1,100,"sd","11:04:42",3855900
18.3,-1.1,200,"sd","11:04:42",3855800
18.3,-1.1,200,"sd","11:04:42",3855600
18.3,-1.1,600,"sd","11:04:42",3855400
18.3,-1.1,100,"sd","11:04:42",3854800
18.3,-1.1,3400,"sd","11:04:42",3854700
18.3,-1.1,100,"sd","11:04:42",3851300
18.3,-1.1,100,"sd","11:04:42",3851200
18.3,-1.1,300,"sd","11:04:42",3851100
18.3,-1.1,500,"sd","11:04:41",3850800
18.3,-1.1,2300,"sd","11:04:39",3850300
18.3,-1.1,2000,"sd","11:04:46",3864900
18.3,-1.1,100,"sd","11:04:46",3862900
18.3,-1.1,300,"sd","11:04:46",3862800
18.3,-1.1,500,"sd","11:04:46",3862500
18.3,-1.1,200,"sd","11:04:46",3862000
18.3,-1.1,600,"sd","11:04:45",3861800
18.3,-1.1,200,"sd","11:04:43",3861200
18.3,-1.1,200,"sd","11:04:43",3861000
18.3,-1.1,2000,"sd","11:04:42",3860800
18.3,-1.1,100,"sd","11:04:42",3858800
18.3,-1.1,100,"sd","11:04:42",3858700
18.3,-1.1,1500,"sd","11:04:42",3858600
18.3,-1.1,200,"sd","11:04:42",3857100
18.3,-1.1,1000,"sd","11:04:42",3856900
18.3,-1.1,100,"sd","11:04:42",3855900
18.3,-1.1,200,"sd","11:04:42",3855800
18.3,-1.1,200,"sd","11:04:42",3855600
18.3,-1.1,600,"sd","11:04:42",3855400
18.3,-1.1,100,"sd","11:04:42",3854800
18.3,-1.1,3400,"sd","11:04:42",3854700
18.3,-1.1,100,"sd","11:04:42",3851300
18.3,-1.1,100,"sd","11:04:42",3851200
18.3,-1.1,300,"sd","11:04:42",3851100
18.3,-1.1,500,"sd","11:04:41",3850800
18.3,-1.1,1200,"sd","11:04:39",3850300
18.3,-1.1,100,"sd","11:04:39",3849100
18.3,-1.1,2700,"sd","11:04:39",3849000
18.3,-1.1,2300,"sd","11:04:39",3846300
18.3,-1.1,1000,"sd","11:04:39",3844000
18.3,-1.1,100,"sd","11:04:39",3843000
18.3,-1.1,100,"sd","11:04:39",3842900
18.3,-1.1,100,"sd","11:04:39",3842800
18.3,-1.1,1000,"sd","11:04:39",3842700
18.3,-1.1,600,"sd","11:04:39",3841700
18.3,-1.1,800,"sd","11:04:39",3841100
18.3,-1.1,4200,"sd","11:04:37",3840300
18.3,-1.1,300,"sd","11:04:37",3836100
18.3,-1.1,100,"sd","11:04:37",3835800
18.3,-1.1,300,"sd","11:04:37",3835700
18.3,-1.1,5000,"sd","11:04:37",3835400
18.3,-1.1,100,"sd","11:04:27",3801700
18.3,-1.1,200,"sd","11:04:27",3801600
18.3,-1.1,1000,"sd","11:04:27",3801400
18.3,-1.1,1000,"sd","11:04:27",3800400
18.3,-1.1,5000,"sd","11:04:27",3799400
18.3,-1.1,300,"sd","11:04:27",3794400
18.3,-1.1,500,"sd","11:04:27",3794100
18.3,-1.1,300,"sd","11:04:27",3793600
18.3,-1.1,100,"sd","11:04:27",3793300
18.3,-1.1,500,"sd","11:04:27",3793200
18.3,-1.1,500,"sd","11:04:27",3792700
18.3,-1.1,2000,"sd","11:04:27",3792200
18.3,-1.1,300,"sd","11:04:27",3790200
18.3,-1.1,100,"sd","11:04:27",3789900
18.3,-1.1,800,"sd","11:04:26",3789800
18.3,-1.1,500,"sd","11:04:26",3789000
18.3,-1.1,100,"sd","11:04:26",3788500
18.3,-1.1,400,"sd","11:04:26",3788400
18.3,-1.1,200,"sd","11:04:26",3788000
18.3,-1.1,100,"sd","11:04:26",3787800
18.3,-1.1,500,"sd","11:04:28",3812400
18.3,-1.1,100,"sd","11:04:28",3811900
18.3,-1.1,4300,"sd","11:04:28",3811800
18.35,-1.05,500,"bu","11:04:28",3807500
18.3,-1.1,1000,"sd","11:04:27",3807000
18.3,-1.1,200,"sd","11:04:27",3806000
18.3,-1.1,200,"sd","11:04:26",3805800
18.3,-1.1,300,"sd","11:04:26",3805600
18.3,-1.1,4300,"sd","11:04:26",3805300
18.3,-1.1,300,"sd","11:04:26",3801000
18.3,-1.1,100,"sd","11:04:26",3800700
18.3,-1.1,2000,"sd","11:04:26",3800600
18.3,-1.1,1000,"sd","11:04:26",3798600
18.3,-1.1,1000,"sd","11:04:26",3797600
18.3,-1.1,100,"sd","11:04:26",3796600
18.3,-1.1,5000,"sd","11:04:26",3796500
18.3,-1.1,300,"sd","11:04:26",3791500
18.3,-1.1,300,"sd","11:04:26",3791200
18.3,-1.1,500,"sd","11:04:26",3790900
18.3,-1.1,500,"sd","11:04:26",3790400
18.3,-1.1,500,"sd","11:04:26",3789900
18.3,-1.1,500,"sd","11:04:26",3789400
18.3,-1.1,100,"sd","11:04:26",3788900
18.3,-1.1,300,"sd","11:04:26",3788800
18.3,-1.1,500,"sd","11:04:26",3788500
18.3,-1.1,500,"sd","11:04:26",3788000
18.3,-1.1,100,"sd","11:04:26",3787500
18.3,-1.1,100,"sd","11:04:26",3787400
18.3,-1.1,500,"sd","11:04:26",3787300
18.3,-1.1,200,"sd","11:04:26",3786800
18.3,-1.1,2100,"sd","11:04:26",3786600
18.3,-1.1,500,"sd","11:04:26",3784500
18.3,-1.1,100,"sd","11:04:26",3784000
18.3,-1.1,14600,"sd","11:04:26",3783900
18.3,-1.1,500,"sd","11:04:26",3769300
18.3,-1.1,100,"sd","11:04:26",3768800
18.3,-1.1,100,"sd","11:04:26",3768700
18.3,-1.1,5000,"sd","11:04:26",3768600
18.3,-1.1,13400,"sd","11:04:21",3763600
18.3,-1.1,500,"sd","11:04:14",3750200
18.35,-1.05,500,"bu","11:04:12",3749700
18.35,-1.05,300,"bu","11:04:10",3749200
18.3,-1.1,200,"sd","11:04:09",3748900
18.35,-1.05,1000,"sd","11:04:07",3748700
18.35,-1.05,1000,"sd","11:04:07",3747700
18.35,-1.05,2000,"sd","11:04:07",3746700
18.35,-1.05,300,"sd","11:04:07",3744700
18.35,-1.05,2700,"sd","11:04:04",3744400
18.35,-1.05,100,"sd","11:04:04",3741700
18.35,-1.05,100,"sd","11:04:04",3741600
18.35,-1.05,500,"sd","11:04:04",3741500
18.35,-1.05,500,"sd","11:04:04",3741000
18.35,-1.05,2000,"sd","11:04:04",3740500
18.35,-1.05,100,"sd","11:04:04",3738500
18.35,-1.05,100,"sd","11:04:04",3738400
18.35,-1.05,100,"sd","11:04:04",3738300
18.35,-1.05,1700,"sd","11:04:04",3738200
18.35,-1.05,400,"sd","11:04:04",3736500
18.35,-1.05,300,"sd","11:04:04",3736100
18.35,-1.05,100,"sd","11:04:04",3735800
18.35,-1.05,2000,"sd","11:04:04",3735700
18.35,-1.05,200,"sd","11:04:04",3733700
18.35,-1.05,100,"sd","11:04:04",3733500
18.35,-1.05,2000,"sd","11:04:04",3733400
18.35,-1.05,500,"sd","11:04:04",3731400
18.35,-1.05,1000,"sd","11:04:04",3730900
18.35,-1.05,100,"sd","11:04:04",3729900
18.35,-1.05,300,"sd","11:04:04",3729800
18.35,-1.05,100,"sd","11:04:04",3729500
18.35,-1.05,100,"sd","11:04:04",3729400
18.35,-1.05,100,"sd","11:04:04",3729300
18.35,-1.05,4800,"sd","11:04:04",3729200
18.35,-1.05,2500,"sd","11:04:04",3724400
18.35,-1.05,1300,"sd","11:04:02",3721900
18.35,-1.05,1000,"sd","11:04:00",3720600
18.35,-1.05,2000,"sd","11:03:57",3719600
18.35,-1.05,2000,"sd","11:03:55",3717600
18.35,-1.05,100,"sd","11:03:52",3715600
18.35,-1.05,400,"sd","11:03:48",3715500
18.35,-1.05,2000,"sd","11:03:43",3715100
18.35,-1.05,200,"sd","11:03:42",3713100
18.35,-1.05,3700,"sd","11:03:38",3712900
18.35,-1.05,100,"sd","11:03:37",3709200
18.35,-1.05,100,"sd","11:03:37",3709100
18.35,-1.05,100,"sd","11:03:37",3709000
18.35,-1.05,100,"sd","11:03:37",3708900
18.35,-1.05,100,"sd","11:03:37",3708800
18.35,-1.05,500,"sd","11:03:37",3708700
18.35,-1.05,900,"sd","11:03:37",3708200
18.35,-1.05,100,"sd","11:03:37",3707300
18.35,-1.05,1200,"sd","11:03:37",3707200
18.35,-1.05,600,"sd","11:03:37",3706000
18.35,-1.05,500,"sd","11:03:37",3705400
18.35,-1.05,100,"sd","11:03:37",3704900
18.35,-1.05,1000,"sd","11:03:37",3704800
18.35,-1.05,500,"sd","11:03:33",3703800
18.35,-1.05,100,"sd","11:03:30",3703300
18.35,-1.05,100,"sd","11:03:30",3703200
18.35,-1.05,400,"sd","11:03:30",3703100
18.35,-1.05,600,"sd","11:03:30",3702700
18.35,-1.05,100,"sd","11:03:02",3664400
18.35,-1.05,100,"sd","11:03:02",3664300
18.35,-1.05,200,"sd","11:03:02",3664200
18.35,-1.05,2000,"sd","11:03:02",3664000
18.35,-1.05,100,"sd","11:03:02",3662000
18.35,-1.05,100,"sd","11:03:02",3661900
18.35,-1.05,400,"sd","11:03:02",3661800
18.35,-1.05,100,"sd","11:03:02",3661400
18.35,-1.05,800,"sd","11:03:02",3661300
18.4,-1,300,"bu","11:02:56",3660500
18.4,-1,100,"bu","11:02:55",3660200
18.4,-1,100,"bu","11:02:55",3660100
18.4,-1,1200,"bu","11:02:55",3660000
18.4,-1,1000,"bu","11:02:55",3658800
18.4,-1,200,"bu","11:02:55",3657800
18.4,-1,1800,"bu","11:02:55",3657600
18.4,-1,200,"bu","11:02:55",3655800
18.4,-1,500,"bu","11:02:55",3655600
18.4,-1,1900,"bu","11:02:55",3655100
18.4,-1,300,"bu","11:02:55",3653200
18.4,-1,1000,"bu","11:03:16",3678500
18.35,-1.05,5000,"sd","11:03:14",3677500
18.4,-1,500,"bu","11:03:13",3672500
18.4,-1,200,"bu","11:03:12",3672000
18.35,-1.05,2800,"sd","11:03:06",3671800
18.35,-1.05,200,"sd","11:03:06",3669000
18.35,-1.05,2000,"sd","11:03:06",3668800
18.4,-1,1000,"bu","11:03:05",3666800
18.4,-1,1000,"bu","11:03:05",3665800
18.35,-1.05,300,"sd","11:03:02",3664800
18.35,-1.05,100,"sd","11:03:02",3664500
18.35,-1.05,100,"sd","11:03:02",3664400
18.35,-1.05,100,"sd","11:03:02",3664300
18.35,-1.05,200,"sd","11:03:02",3664200
18.35,-1.05,2000,"sd","11:03:02",3664000
18.35,-1.05,100,"sd","11:03:02",3662000
18.35,-1.05,100,"sd","11:03:02",3661900
18.35,-1.05,400,"sd","11:03:02",3661800
18.35,-1.05,100,"sd","11:03:02",3661400
18.35,-1.05,800,"sd","11:03:02",3661300
18.4,-1,300,"bu","11:02:54",3660500
18.4,-1,500,"sd","11:02:53",3660200
18.4,-1,500,"sd","11:02:53",3659700
18.4,-1,10000,"sd","11:02:53",3659200
18.4,-1,500,"sd","11:02:53",3649200
18.4,-1,100,"sd","11:02:53",3648700
18.4,-1,200,"sd","11:02:53",3648600
18.4,-1,1900,"sd","11:02:53",3648400
18.4,-1,2000,"sd","11:02:53",3646500
18.4,-1,100,"sd","11:02:53",3644500
18.4,-1,500,"sd","11:02:53",3644400
18.4,-1,100,"sd","11:02:53",3643900
18.4,-1,300,"sd","11:02:53",3643800
18.4,-1,1000,"sd","11:02:53",3643500
18.4,-1,100,"sd","11:02:53",3642500
18.4,-1,400,"sd","11:02:53",3642400
18.4,-1,4300,"sd","11:02:53",3642000
18.4,-1,1100,"sd","11:02:53",3637700
18.4,-1,200,"sd","11:02:53",3636600
18.4,-1,300,"sd","11:02:53",3636400
18.4,-1,1100,"sd","11:02:44",3615800
18.4,-1,1000,"sd","11:02:44",3614700
18.4,-1,100,"sd","11:02:44",3613700
18.4,-1,300,"sd","11:02:44",3613600
18.4,-1,100,"sd","11:02:44",3613300
18.4,-1,200,"sd","11:02:44",3613200
18.4,-1,2000,"sd","11:02:44",3613000
18.4,-1,200,"sd","11:02:44",3611000
18.4,-1,100,"sd","11:02:44",3610800
18.4,-1,200,"sd","11:02:44",3610700
18.4,-1,200,"sd","11:02:44",3610500
18.4,-1,100,"sd","11:02:44",3610300
18.4,-1,100,"sd","11:02:44",3610200
18.4,-1,500,"sd","11:02:44",3610100
18.4,-1,3800,"sd","11:02:44",3609600
18.4,-1,500,"sd","11:02:43",3605800
18.4,-1,600,"sd","11:02:43",3605300
18.4,-1,100,"sd","11:02:43",3604700
18.4,-1,500,"sd","11:02:43",3604600
18.4,-1,500,"sd","11:02:43",3604100
18.4,-1,1000,"sd","11:02:53",3625800
18.4,-1,100,"sd","11:02:53",3624800
18.4,-1,1200,"sd","11:02:53",3624700
18.4,-1,3000,"sd","11:02:53",3623500
18.4,-1,500,"sd","11:02:52",3620500
18.4,-1,200,"sd","11:02:51",3620000
18.4,-1,200,"sd","11:02:51",3619800
18.4,-1,1000,"sd","11:02:50",3619600
18.4,-1,2200,"sd","11:02:49",3618600
18.4,-1,100,"sd","11:02:48",3616400
18.4,-1,400,"sd","11:02:47",3616300
18.4,-1,100,"sd","11:02:45",3615900
18.4,-1,1100,"sd","11:02:44",3615800
18.4,-1,1000,"sd","11:02:44",3614700
18.4,-1,100,"sd","11:02:44",3613700
18.4,-1,300,"sd","11:02:44",3613600
18.4,-1,100,"sd","11:02:44",3613300
18.4,-1,200,"sd","11:02:44",3613200
18.4,-1,2000,"sd","11:02:44",3613000
18.4,-1,200,"sd","11:02:44",3611000
18.4,-1,100,"sd","11:02:37",3591100
18.4,-1,1000,"sd","11:02:37",3591000
18.4,-1,500,"sd","11:02:37",3590000
18.4,-1,3000,"sd","11:02:35",3589500
18.4,-1,12000,"sd","11:02:35",3586500
18.4,-1,100,"sd","11:02:34",3574500
18.4,-1,4000,"sd","11:02:34",3574400
18.4,-1,2000,"sd","11:02:33",3570400
18.4,-1,300,"sd","11:02:33",3568400
18.4,-1,2000,"sd","11:02:32",3568100
18.4,-1,200,"sd","11:02:29",3566100
18.4,-1,800,"sd","11:02:29",3565900
18.4,-1,1000,"sd","11:02:28",3565100
18.4,-1,4900,"sd","11:02:28",3564100
18.4,-1,4100,"sd","11:02:28",3559200
18.4,-1,1000,"sd","11:02:26",3555100
18.45,-0.95,200,"bu","11:02:24",3554100
18.4,-1,2000,"sd","11:02:24",3553900
18.4,-1,500,"sd","11:02:23",3551900
18.4,-1,1000,"sd","11:02:21",3551400
18.4,-1,1400,"sd","11:02:21",3550400
18.4,-1,100,"sd","11:02:20",3549000
18.4,-1,7800,"sd","11:02:16",3548900
18.4,-1,3500,"sd","11:02:16",3541100
18.4,-1,10000,"sd","11:02:16",3537600
18.4,-1,200,"sd","11:02:09",3527600
18.4,-1,3000,"sd","11:02:09",3527400
18.45,-0.95,500,"bu","11:02:05",3524400
18.4,-1,500,"sd","11:02:04",3523900
18.4,-1,1000,"sd","11:02:04",3523400
18.4,-1,100,"sd","11:02:04",3522400
18.4,-1,100,"sd","11:02:04",3522300
18.4,-1,300,"sd","11:02:04",3522200
18.4,-1,100,"sd","11:02:04",3521900
18.4,-1,1000,"sd","11:02:04",3521800
18.4,-1,100,"sd","11:02:04",3520800
18.4,-1,1000,"sd","11:02:04",3520700
18.4,-1,100,"sd","11:02:04",3519700
18.4,-1,400,"sd","11:02:04",3519600
18.4,-1,4600,"sd","11:02:04",3519200
18.4,-1,1000,"sd","11:02:04",3514600
18.4,-1,1000,"sd","11:02:04",3513600
18.4,-1,100,"sd","11:02:04",3512600
18.4,-1,500,"sd","11:02:04",3512500
18.4,-1,100,"sd","11:02:04",3512000
18.4,-1,500,"sd","11:02:03",3511900
18.4,-1,1100,"sd","11:02:03",3511400
18.4,-1,8900,"sd","11:02:03",3510300
18.45,-0.95,100,"bu","11:02:02",3501400
18.4,-1,2000,"sd","11:01:59",3501300
18.45,-0.95,300,"bu","11:01:59",3499300
18.4,-1,4100,"sd","11:01:54",3499000
18.4,-1,900,"sd","11:01:54",3494900
18.45,-0.95,1000,"bu","11:01:51",3494000
18.45,-0.95,900,"bu","11:01:50",3493000
18.45,-0.95,1000,"bu","11:01:50",3492100
18.4,-1,500,"sd","11:01:49",3491100
18.45,-0.95,5000,"bu","11:01:47",3490600
18.4,-1,100,"sd","11:01:45",3485600
18.45,-0.95,500,"bu","11:01:45",3485500
18.4,-1,500,"sd","11:02:04",3523900
18.4,-1,1000,"sd","11:02:04",3523400
18.4,-1,100,"sd","11:02:04",3522400
18.4,-1,100,"sd","11:02:04",3522300
18.4,-1,300,"sd","11:02:04",3522200
18.4,-1,100,"sd","11:02:04",3521900
18.4,-1,1000,"sd","11:02:04",3521800
18.4,-1,100,"sd","11:02:04",3520800
18.4,-1,1000,"sd","11:02:04",3520700
18.4,-1,100,"sd","11:02:04",3519700
18.4,-1,400,"sd","11:02:04",3519600
18.4,-1,4600,"sd","11:02:04",3519200
18.4,-1,1000,"sd","11:02:04",3514600
18.4,-1,1000,"sd","11:02:04",3513600
18.4,-1,100,"sd","11:02:04",3512600
18.4,-1,500,"sd","11:02:04",3512500
18.4,-1,100,"sd","11:02:04",3512000
18.4,-1,500,"sd","11:02:03",3511900
18.4,-1,1100,"sd","11:02:03",3511400
18.4,-1,8900,"sd","11:02:03",3510300
18.45,-0.95,100,"bu","11:02:02",3501400
18.4,-1,2000,"sd","11:01:59",3501300
18.45,-0.95,300,"bu","11:01:59",3499300
18.4,-1,4100,"sd","11:01:54",3499000
18.4,-1,900,"sd","11:01:54",3494900
18.45,-0.95,1000,"bu","11:01:51",3494000
18.45,-0.95,900,"bu","11:01:50",3493000
18.45,-0.95,1000,"bu","11:01:50",3492100
18.4,-1,500,"sd","11:01:48",3491100
18.45,-0.95,5000,"bu","11:01:47",3490600
18.4,-1,100,"sd","11:01:45",3485600
18.45,-0.95,500,"bu","11:01:45",3485500
18.45,-0.95,1000,"bu","11:01:44",3485000
18.45,-0.95,100,"bu","11:01:38",3484000
18.45,-0.95,100,"bu","11:01:38",3483900
18.4,-1,100,"sd","11:01:38",3483800
18.4,-1,3400,"sd","11:01:37",3483700
18.4,-1,500,"sd","11:01:37",3480300
18.4,-1,5000,"sd","11:01:37",3479800
18.4,-1,1000,"sd","11:01:37",3474800
18.45,-0.95,200,"sd","11:01:17",3450800
18.45,-0.95,100,"sd","11:01:17",3450600
18.45,-0.95,1400,"sd","11:01:14",3450500
18.45,-0.95,3500,"sd","11:01:11",3449100
18.45,-0.95,100,"sd","11:01:11",3445600
18.45,-0.95,400,"sd","11:01:11",3445500
18.5,-0.9,300,"bu","11:01:10",3445100
18.5,-0.9,700,"bu","11:01:10",3444800
18.45,-0.95,1100,"sd","11:01:08",3444100
18.45,-0.95,2000,"sd","11:01:03",3443000
18.5,-0.9,2000,"bu","11:01:01",3441000
18.45,-0.95,1000,"sd","11:00:57",3439000
18.45,-0.95,11200,"sd","11:00:56",3438000
18.45,-0.95,1800,"sd","11:00:56",3426800
18.5,-0.9,500,"bu","11:00:55",3425000
18.45,-0.95,200,"sd","11:00:51",3424500
18.5,-0.9,200,"bu","11:00:49",3424300
18.45,-0.95,100,"sd","11:00:44",3424100
18.5,-0.9,600,"bu","11:00:41",3424000
18.5,-0.9,100,"bu","11:00:41",3423400
18.45,-0.95,2000,"sd","11:01:17",3458800
18.45,-0.95,100,"sd","11:01:17",3456800
18.45,-0.95,200,"sd","11:01:17",3456700
18.45,-0.95,500,"sd","11:01:17",3456500
18.45,-0.95,1000,"sd","11:01:17",3456000
18.45,-0.95,100,"sd","11:01:17",3455000
18.45,-0.95,100,"sd","11:01:17",3454900
18.45,-0.95,2500,"sd","11:01:17",3454800
18.45,-0.95,100,"sd","11:01:17",3452300
18.45,-0.95,300,"sd","11:01:17",3452200
18.45,-0.95,200,"sd","11:01:17",3451900
18.45,-0.95,100,"sd","11:01:17",3451700
18.45,-0.95,800,"sd","11:01:17",3451600
18.45,-0.95,200,"sd","11:01:17",3450800
18.45,-0.95,100,"sd","11:01:17",3450600
18.45,-0.95,1400,"sd","11:01:14",3450500
18.45,-0.95,3500,"sd","11:01:11",3449100
18.45,-0.95,100,"sd","11:01:11",3445600
18.45,-0.95,400,"sd","11:01:11",3445500
18.5,-0.9,300,"bu","11:01:10",3445100
18.45,-0.95,1000,"sd","11:00:21",3411000
18.45,-0.95,100,"sd","11:00:21",3410000
18.45,-0.95,100,"sd","11:00:21",3409900
18.45,-0.95,2800,"sd","11:00:21",3409800
18.45,-0.95,500,"sd","11:00:17",3407000
18.5,-0.9,100,"bu","11:00:13",3406500
18.5,-0.9,1000,"bu","11:00:09",3406400
18.5,-0.9,400,"bu","10:59:57",3405400
18.5,-0.9,100,"bu","10:59:56",3405000
18.5,-0.9,900,"bu","10:59:56",3404900
18.5,-0.9,100,"bu","10:59:56",3404000
18.5,-0.9,200,"bu","10:59:56",3403900
18.5,-0.9,100,"bu","10:59:56",3403700
18.5,-0.9,900,"bu","10:59:55",3403600
18.5,-0.9,300,"bu","10:59:55",3402700
18.5,-0.9,600,"bu","10:59:55",3402400
18.5,-0.9,1200,"bu","10:59:55",3401800
18.5,-0.9,2000,"bu","10:59:54",3400600
18.5,-0.9,300,"bu","10:59:54",3398600
18.5,-0.9,1700,"bu","10:59:49",3398300
18.5,-0.9,200,"bu","10:59:49",3396600
18.5,-0.9,100,"bu","10:59:49",3396400
18.5,-0.9,100,"bu","10:59:47",3396300
18.5,-0.9,100,"bu","10:59:40",3396200
18.5,-0.9,1000,"bu","10:59:36",3396100
18.5,-0.9,300,"bu","10:59:34",3395100
18.5,-0.9,200,"bu","10:59:31",3394800
18.5,-0.9,200,"bu","10:59:31",3394600
18.5,-0.9,100,"bu","10:59:29",3394400
18.5,-0.9,1000,"bu","10:59:29",3394300
18.5,-0.9,4900,"bu","10:59:28",3393300
18.5,-0.9,100,"bu","10:59:28",3388400
18.5,-0.9,100,"bu","10:59:26",3388300
18.5,-0.9,800,"bu","10:59:25",3388200
18.5,-0.9,500,"bu","10:59:25",3387400
18.5,-0.9,3500,"bu","10:59:25",3386900
18.5,-0.9,1000,"bu","10:59:25",3383400
18.5,-0.9,3000,"bu","10:59:25",3382400
18.5,-0.9,1200,"bu","10:59:25",3379400
18.5,-0.9,200,"bu","10:59:17",3378200
18.5,-0.9,400,"bu","10:59:57",3405400
18.5,-0.9,100,"bu","10:59:56",3405000
18.5,-0.9,900,"bu","10:59:56",3404900
18.5,-0.9,100,"bu","10:59:56",3404000
18.5,-0.9,200,"bu","10:59:56",3403900
18.5,-0.9,100,"bu","10:59:56",3403700
18.5,-0.9,900,"bu","10:59:54",3403600
18.5,-0.9,300,"bu","10:59:54",3402700
18.5,-0.9,600,"bu","10:59:54",3402400
18.5,-0.9,1200,"bu","10:59:54",3401800
18.5,-0.9,2000,"bu","10:59:54",3400600
18.5,-0.9,300,"bu","10:59:54",3398600
18.5,-0.9,1700,"bu","10:59:49",3398300
18.5,-0.9,200,"bu","10:59:48",3396600
18.5,-0.9,100,"bu","10:59:48",3396400
18.5,-0.9,100,"bu","10:59:47",3396300
18.5,-0.9,100,"bu","10:59:40",3396200
18.5,-0.9,1000,"bu","10:59:36",3396100
18.5,-0.9,300,"bu","10:59:34",3395100
18.5,-0.9,200,"bu","10:59:30",3394800
18.5,-0.9,1000,"sd","10:59:01",3359500
18.5,-0.9,500,"sd","10:59:01",3358500
18.5,-0.9,100,"sd","10:59:01",3358000
18.5,-0.9,100,"sd","10:59:01",3357900
18.5,-0.9,300,"sd","10:59:01",3357800
18.5,-0.9,1000,"sd","10:59:00",3357500
18.5,-0.9,500,"sd","10:59:00",3356500
18.5,-0.9,2000,"sd","10:59:00",3356000
18.5,-0.9,200,"sd","10:59:00",3354000
18.5,-0.9,100,"sd","10:59:00",3353800
18.5,-0.9,1000,"sd","10:59:00",3353700
18.5,-0.9,500,"sd","10:59:00",3352700
18.5,-0.9,100,"sd","10:59:00",3352200
18.5,-0.9,100,"sd","10:59:00",3352100
18.5,-0.9,1000,"sd","10:59:00",3352000
18.5,-0.9,900,"sd","10:59:00",3351000
18.5,-0.9,500,"sd","10:59:00",3350100
18.5,-0.9,3000,"sd","10:59:00",3349600
18.5,-0.9,2000,"sd","10:59:00",3346600
18.5,-0.9,200,"sd","10:59:00",3344600
18.5,-0.9,800,"sd","10:59:12",3374200
18.5,-0.9,100,"sd","10:59:12",3373400
18.5,-0.9,600,"sd","10:59:12",3373300
18.5,-0.9,300,"sd","10:59:10",3372700
18.5,-0.9,6400,"sd","10:59:09",3372400
18.5,-0.9,1500,"sd","10:59:09",3366000
18.5,-0.9,2100,"sd","10:59:09",3364500
18.5,-0.9,500,"sd","10:59:07",3362400
18.5,-0.9,500,"sd","10:59:05",3361900
18.5,-0.9,1000,"sd","10:59:01",3361400
18.5,-0.9,200,"sd","10:59:01",3360400
18.5,-0.9,500,"sd","10:59:01",3360200
18.5,-0.9,200,"sd","10:59:01",3359700
18.5,-0.9,1000,"sd","10:59:01",3359500
18.5,-0.9,500,"sd","10:59:01",3358500
18.5,-0.9,100,"sd","10:59:01",3358000
18.5,-0.9,100,"sd","10:59:00",3357900
18.5,-0.9,300,"sd","10:59:00",3357800
18.5,-0.9,1000,"sd","10:59:00",3357500
18.5,-0.9,500,"sd","10:59:00",3356500
18.5,-0.9,1000,"sd","10:58:40",3306100
18.5,-0.9,300,"sd","10:58:40",3305100
18.5,-0.9,500,"sd","10:58:40",3304800
18.5,-0.9,500,"sd","10:58:40",3304300
18.5,-0.9,1300,"sd","10:58:40",3303800
18.5,-0.9,100,"sd","10:58:40",3302500
18.5,-0.9,300,"sd","10:58:40",3302400
18.5,-0.9,2400,"sd","10:58:40",3302100
18.5,-0.9,200,"sd","10:58:40",3299700
18.5,-0.9,2500,"sd","10:58:40",3299500
18.5,-0.9,500,"sd","10:58:40",3297000
18.5,-0.9,2000,"sd","10:58:40",3296500
18.5,-0.9,1000,"sd","10:58:40",3294500
18.5,-0.9,300,"sd","10:58:40",3293500
18.5,-0.9,1000,"sd","10:58:40",3293200
18.5,-0.9,300,"sd","10:58:40",3292200
18.5,-0.9,500,"sd","10:58:40",3291900
18.5,-0.9,100,"sd","10:58:39",3291400
18.5,-0.9,900,"sd","10:58:39",3291300
18.5,-0.9,100,"sd","10:58:32",3290400
18.5,-0.9,100,"sd","10:58:40",3331400
18.5,-0.9,100,"sd","10:58:40",3331300
18.5,-0.9,1000,"sd","10:58:40",3331200
18.5,-0.9,100,"sd","10:58:40",3330200
18.5,-0.9,300,"sd","10:58:40",3330100
18.5,-0.9,100,"sd","10:58:40",3329800
18.5,-0.9,100,"sd","10:58:40",3329700
18.5,-0.9,100,"sd","10:58:40",3329600
18.5,-0.9,100,"sd","10:58:40",3329500
18.5,-0.9,300,"sd","10:58:40",3329400
18.5,-0.9,20000,"sd","10:58:40",3329100
18.5,-0.9,2000,"sd","10:58:40",3309100
18.5,-0.9,1000,"sd","10:58:40",3307100
18.5,-0.9,1000,"sd","10:58:40",3306100
18.5,-0.9,300,"sd","10:58:40",3305100
18.5,-0.9,500,"sd","10:58:40",3304800
18.5,-0.9,500,"sd","10:58:40",3304300
18.5,-0.9,1300,"sd","10:58:40",3303800
18.5,-0.9,100,"sd","10:58:40",3302500
18.5,-0.9,300,"sd","10:58:40",3302400
18.5,-0.9,2400,"sd","10:58:40",3302100
18.5,-0.9,200,"sd","10:58:40",3299700
18.5,-0.9,2500,"sd","10:58:40",3299500
18.5,-0.9,500,"sd","10:58:40",3297000
18.5,-0.9,2000,"sd","10:58:40",3296500
18.5,-0.9,1000,"sd","10:58:40",3294500
18.5,-0.9,300,"sd","10:58:40",3293500
18.5,-0.9,1000,"sd","10:58:40",3293200
18.5,-0.9,300,"sd","10:58:40",3292200
18.5,-0.9,500,"sd","10:58:40",3291900
18.5,-0.9,100,"sd","10:58:39",3291400
18.5,-0.9,900,"sd","10:58:39",3291300
18.5,-0.9,100,"sd","10:58:32",3290400
18.5,-0.9,200,"sd","10:58:32",3290300
18.5,-0.9,100,"sd","10:58:32",3290100
18.5,-0.9,400,"sd","10:58:32",3290000
18.5,-0.9,200,"sd","10:58:32",3289600
18.5,-0.9,1000,"sd","10:58:27",3289400
18.5,-0.9,100,"sd","10:58:27",3288400
18.5,-0.9,100,"sd","10:58:27",3288300
18.5,-0.9,500,"sd","10:58:27",3288200
18.5,-0.9,100,"sd","10:58:27",3287700
18.5,-0.9,1000,"sd","10:58:27",3287600
18.5,-0.9,200,"sd","10:58:27",3286600
18.5,-0.9,500,"sd","10:58:27",3286400
18.5,-0.9,900,"sd","10:58:27",3285900
18.5,-0.9,100,"sd","10:58:23",3285000
18.5,-0.9,900,"sd","10:58:23",3284900
18.5,-0.9,100,"sd","10:58:23",3284000
18.5,-0.9,1900,"sd","10:58:21",3283900
18.5,-0.9,3100,"sd","10:58:21",3282000
18.55,-0.85,100,"bu","10:58:19",3278900
18.5,-0.9,1900,"sd","10:58:17",3278800
18.5,-0.9,200,"sd","10:58:17",3276900
18.5,-0.9,900,"sd","10:58:17",3276700
18.5,-0.9,1100,"sd","10:58:16",3275800
18.5,-0.9,1000,"sd","10:58:16",3274700
18.5,-0.9,2000,"sd","10:58:16",3273700
18.5,-0.9,500,"sd","10:58:16",3271700
18.5,-0.9,500,"sd","10:58:16",3271200
18.55,-0.85,600,"bu","10:57:14",3226500
18.55,-0.85,100,"bu","10:57:14",3225900
18.55,-0.85,100,"bu","10:57:14",3225800
18.55,-0.85,100,"bu","10:57:09",3225700
18.55,-0.85,500,"sd","10:57:08",3225600
18.55,-0.85,3100,"sd","10:57:08",3225100
18.55,-0.85,10000,"sd","10:57:08",3222000
18.55,-0.85,300,"sd","10:57:08",3212000
18.55,-0.85,500,"sd","10:57:08",3211700
18.55,-0.85,200,"sd","10:57:08",3211200
18.55,-0.85,200,"sd","10:57:08",3211000
18.55,-0.85,500,"sd","10:57:08",3210800
18.55,-0.85,200,"sd","10:57:08",3210300
18.55,-0.85,300,"sd","10:57:08",3210100
18.55,-0.85,200,"sd","10:57:08",3209800
18.55,-0.85,800,"sd","10:57:05",3209600
18.55,-0.85,500,"sd","10:57:05",3208800
18.55,-0.85,100,"sd","10:57:05",3208300
18.55,-0.85,500,"sd","10:57:04",3208200
18.55,-0.85,400,"sd","10:57:04",3207700
18.55,-0.85,5000,"sd","10:57:04",3207300
18.55,-0.85,200,"sd","10:57:04",3202300
18.55,-0.85,1400,"sd","10:57:04",3202100
18.55,-0.85,300,"sd","10:57:03",3200700
18.55,-0.85,1000,"sd","10:57:03",3200400
18.55,-0.85,1700,"sd","10:57:03",3199400
18.55,-0.85,3300,"sd","10:57:03",3197700
18.55,-0.85,1700,"sd","10:57:03",3194400
18.6,-0.8,300,"bu","10:57:02",3192700
18.55,-0.85,200,"sd","10:56:57",3192400
18.6,-0.8,100,"bu","10:56:50",3192200
18.55,-0.85,200,"sd","10:56:49",3192100
18.55,-0.85,1800,"sd","10:56:49",3191900
18.6,-0.8,100,"bu","10:56:44",3190100
18.55,-0.85,200,"sd","10:56:41",3190000
18.55,-0.85,100,"sd","10:56:41",3189800
18.6,-0.8,20000,"bu","10:56:39",3189700
18.6,-0.8,2500,"bu","10:56:38",3169700
18.55,-0.85,900,"sd","10:56:32",3167200
18.55,-0.85,100,"sd","10:56:32",3166300
18.55,-0.85,400,"sd","10:56:20",3166200
18.55,-0.85,600,"sd","10:56:20",3165800
18.55,-0.85,100,"sd","10:56:17",3165200
18.55,-0.85,100,"sd","10:56:13",3165100
18.55,-0.85,1200,"sd","10:56:12",3165000
18.55,-0.85,700,"sd","10:56:12",3163800
18.55,-0.85,3500,"sd","10:56:12",3163100
18.55,-0.85,100,"sd","10:56:12",3159600
18.55,-0.85,400,"sd","10:56:12",3159500
18.55,-0.85,500,"sd","10:56:11",3159100
18.55,-0.85,6400,"sd","10:56:05",3158600
18.55,-0.85,1900,"sd","10:56:05",3152200
18.55,-0.85,1700,"sd","10:56:05",3150300
18.6,-0.8,100,"bu","10:56:04",3148600
18.55,-0.85,600,"sd","10:55:59",3148500
18.55,-0.85,1500,"sd","10:55:55",3147900
18.6,-0.8,200,"bu","10:55:55",3146400
18.55,-0.85,100,"sd","10:55:53",3146200
18.5,-0.9,400,"sd","10:55:48",3146100
18.5,-0.9,2000,"sd","10:55:48",3145700
18.55,-0.85,1700,"sd","10:57:03",3194400
18.6,-0.8,300,"bu","10:57:02",3192700
18.55,-0.85,200,"sd","10:56:56",3192400
18.6,-0.8,100,"bu","10:56:50",3192200
18.55,-0.85,200,"sd","10:56:49",3192100
18.55,-0.85,1800,"sd","10:56:49",3191900
18.6,-0.8,100,"bu","10:56:44",3190100
18.55,-0.85,200,"sd","10:56:40",3190000
18.55,-0.85,100,"sd","10:56:40",3189800
18.6,-0.8,20000,"bu","10:56:39",3189700
18.6,-0.8,2500,"bu","10:56:38",3169700
18.55,-0.85,900,"sd","10:56:32",3167200
18.55,-0.85,100,"sd","10:56:32",3166300
18.55,-0.85,400,"sd","10:56:20",3166200
18.55,-0.85,600,"sd","10:56:20",3165800
18.55,-0.85,100,"sd","10:56:17",3165200
18.55,-0.85,100,"sd","10:56:13",3165100
18.55,-0.85,1200,"sd","10:56:12",3165000
18.55,-0.85,700,"sd","10:56:12",3163800
18.55,-0.85,3500,"sd","10:56:12",3163100
18.5,-0.9,100,"sd","10:55:48",3123000
18.5,-0.9,6700,"sd","10:55:48",3122900
18.55,-0.85,100,"sd","10:55:48",3116200
18.55,-0.85,7500,"bu","10:55:45",3116100
18.55,-0.85,400,"bu","10:55:45",3108600
18.55,-0.85,1000,"bu","10:55:45",3108200
18.55,-0.85,5000,"bu","10:55:44",3107200
18.55,-0.85,2000,"bu","10:55:44",3102200
18.55,-0.85,1200,"bu","10:55:44",3100200
18.55,-0.85,2800,"bu","10:55:44",3099000
18.55,-0.85,300,"bu","10:55:44",3096200
18.5,-0.9,100,"sd","10:55:39",3095900
18.5,-0.9,1400,"sd","10:55:39",3095800
18.5,-0.9,200,"sd","10:55:39",3094400
18.5,-0.9,100,"sd","10:55:39",3094200
18.5,-0.9,100,"sd","10:55:39",3094100
18.5,-0.9,8200,"sd","10:55:38",3094000
18.55,-0.85,100,"bu","10:55:32",3085800
18.55,-0.85,1000,"bu","10:55:31",3085700
18.5,-0.9,10000,"sd","10:55:30",3084700
18.55,-0.85,1000,"bu","10:55:27",3074700
18.55,-0.85,100,"bu","10:55:27",3073700
18.55,-0.85,400,"bu","10:55:26",3073600
18.5,-0.9,1800,"sd","10:55:26",3073200
18.5,-0.9,100,"sd","10:55:26",3071400
18.5,-0.9,500,"sd","10:55:26",3071300
18.5,-0.9,3000,"sd","10:55:26",3070800
18.5,-0.9,200,"sd","10:55:26",3067800
18.5,-0.9,2000,"sd","10:55:26",3067600
18.5,-0.9,2000,"sd","10:55:26",3065600
18.5,-0.9,400,"sd","10:55:26",3063600
18.55,-0.85,300,"bu","10:55:26",3063200
18.55,-0.85,500,"bu","10:55:24",3062900
18.55,-0.85,100,"bu","10:55:21",3062400
18.55,-0.85,300,"bu","10:55:21",3062300
18.55,-0.85,100,"bu","10:55:20",3062000
18.5,-0.9,6000,"sd","10:55:18",3061900
18.5,-0.9,1000,"sd","10:55:18",3055900
18.5,-0.9,400,"sd","10:55:18",3054900
18.5,-0.9,500,"sd","10:55:18",3054500
18.5,-0.9,200,"sd","10:55:18",3054000
18.5,-0.9,100,"sd","10:55:18",3053800
18.5,-0.9,1000,"sd","10:55:18",3053700
18.5,-0.9,500,"sd","10:55:18",3052700
18.5,-0.9,100,"sd","10:55:18",3052200
18.5,-0.9,200,"sd","10:55:18",3052100
18.5,-0.9,100,"sd","10:55:17",3051900
18.55,-0.85,200,"bu","10:55:17",3051800
18.5,-0.9,500,"sd","10:55:17",3051600
18.5,-0.9,400,"sd","10:55:17",3051100
18.5,-0.9,100,"sd","10:55:17",3050700
18.5,-0.9,100,"sd","10:55:17",3050600
18.55,-0.85,300,"sd","10:55:17",3050500
18.55,-0.85,500,"sd","10:55:17",3050200
18.55,-0.85,2100,"sd","10:55:17",3049700
18.55,-0.85,1500,"sd","10:55:17",3047600
18.55,-0.85,100,"sd","10:55:17",3046100
18.55,-0.85,4000,"sd","10:55:17",3046000
18.55,-0.85,100,"sd","10:55:17",3042000
18.55,-0.85,500,"sd","10:55:17",3041900
18.5,-0.9,3000,"sd","10:55:26",3070800
18.5,-0.9,200,"sd","10:55:26",3067800
18.5,-0.9,2000,"sd","10:55:26",3067600
18.5,-0.9,2000,"sd","10:55:26",3065600
18.5,-0.9,400,"sd","10:55:26",3063600
18.55,-0.85,300,"bu","10:55:26",3063200
18.55,-0.85,500,"bu","10:55:24",3062900
18.55,-0.85,100,"bu","10:55:21",3062400
18.55,-0.85,300,"bu","10:55:21",3062300
18.55,-0.85,100,"bu","10:55:20",3062000
18.5,-0.9,6000,"sd","10:55:18",3061900
18.5,-0.9,1000,"sd","10:55:18",3055900
18.5,-0.9,400,"sd","10:55:18",3054900
18.5,-0.9,500,"sd","10:55:18",3054500
18.5,-0.9,200,"sd","10:55:18",3054000
18.5,-0.9,100,"sd","10:55:18",3053800
18.5,-0.9,1000,"sd","10:55:18",3053700
18.5,-0.9,500,"sd","10:55:18",3052700
18.5,-0.9,100,"sd","10:55:18",3052200
18.5,-0.9,200,"sd","10:55:18",3052100
18.55,-0.85,200,"bu","10:55:17",3051900
18.5,-0.9,100,"sd","10:55:17",3051700
18.5,-0.9,500,"sd","10:55:17",3051600
18.5,-0.9,400,"sd","10:55:17",3051100
18.5,-0.9,100,"sd","10:55:17",3050700
18.5,-0.9,100,"sd","10:55:17",3050600
18.55,-0.85,300,"sd","10:55:17",3050500
18.55,-0.85,500,"sd","10:55:17",3050200
18.55,-0.85,2100,"sd","10:55:17",3049700
18.55,-0.85,1500,"sd","10:55:17",3047600
18.55,-0.85,100,"sd","10:55:17",3046100
18.55,-0.85,4000,"sd","10:55:17",3046000
18.55,-0.85,100,"sd","10:55:17",3042000
18.55,-0.85,500,"sd","10:55:17",3041900
18.55,-0.85,1000,"sd","10:55:17",3041400
18.55,-0.85,100,"sd","10:55:17",3040400
18.55,-0.85,1000,"sd","10:55:17",3040300
18.55,-0.85,600,"sd","10:55:17",3039300
18.55,-0.85,100,"sd","10:55:17",3038700
18.55,-0.85,2000,"sd","10:55:17",3038600
18.55,-0.85,10000,"sd","10:55:17",3036600
18.55,-0.85,100,"sd","10:55:17",3026600
18.55,-0.85,400,"sd","10:55:17",3026500
18.55,-0.85,1000,"sd","10:55:17",3026100
18.55,-0.85,2000,"sd","10:55:17",3025100
18.55,-0.85,3000,"sd","10:55:17",3023100
18.55,-0.85,2000,"sd","10:55:17",3020100
18.55,-0.85,1000,"sd","10:55:17",3018100
18.55,-0.85,3000,"sd","10:55:17",3017100
18.55,-0.85,1100,"sd","10:55:17",3014100
18.55,-0.85,1000,"sd","10:55:17",3013000
18.55,-0.85,200,"sd","10:55:17",3012000
18.55,-0.85,1000,"sd","10:55:17",3011800
18.55,-0.85,400,"sd","10:55:17",3010800
18.55,-0.85,100,"sd","10:55:16",3010400
18.55,-0.85,200,"sd","10:55:16",3010300
18.55,-0.85,100,"sd","10:55:16",3010100
18.55,-0.85,300,"sd","10:55:16",3010000
18.55,-0.85,100,"sd","10:55:16",3009700
18.55,-0.85,100,"sd","10:55:16",3009600
18.55,-0.85,300,"sd","10:55:16",3009500
18.55,-0.85,100,"sd","10:55:16",3009200
18.55,-0.85,3000,"sd","10:55:16",3009100
18.55,-0.85,3000,"sd","10:55:16",3006100
18.55,-0.85,100,"sd","10:55:16",3003100
18.55,-0.85,300,"sd","10:55:16",3003000
18.55,-0.85,800,"sd","10:55:16",3002700
18.55,-0.85,200,"sd","10:55:16",3001900
18.55,-0.85,100,"sd","10:55:16",3001700
18.55,-0.85,1000,"sd","10:55:16",3001600
18.55,-0.85,200,"sd","10:55:16",3000600
18.55,-0.85,700,"sd","10:55:13",3000400
18.55,-0.85,200,"sd","10:55:13",2999700
18.55,-0.85,900,"sd","10:55:13",2999500
18.55,-0.85,500,"sd","10:55:13",2998600
18.55,-0.85,500,"sd","10:55:13",2998100
18.55,-0.85,17200,"sd","10:55:13",2997600
18.6,-0.8,500,"bu","10:55:12",2980400
18.55,-0.85,1200,"sd","10:55:08",2979900
18.55,-0.85,10000,"sd","10:55:08",2978700
18.6,-0.8,1000,"sd","10:54:21",2920700
18.6,-0.8,8400,"sd","10:54:21",2919700
18.6,-0.8,900,"sd","10:54:21",2911300
18.6,-0.8,1000,"sd","10:54:21",2910400
18.6,-0.8,100,"sd","10:54:21",2909400
18.6,-0.8,100,"sd","10:54:21",2909300
18.6,-0.8,1000,"sd","10:54:21",2909200
18.6,-0.8,100,"sd","10:54:21",2908200
18.6,-0.8,100,"sd","10:54:21",2908100
18.6,-0.8,500,"sd","10:54:21",2908000
18.6,-0.8,1000,"sd","10:54:20",2907500
18.65,-0.75,300,"bu","10:54:18",2906500
18.65,-0.75,3000,"bu","10:54:13",2906200
18.6,-0.8,1500,"sd","10:54:10",2903200
18.6,-0.8,200,"sd","10:54:10",2901700
18.6,-0.8,300,"sd","10:54:10",2901500
18.6,-0.8,200,"sd","10:54:07",2901200
18.6,-0.8,200,"sd","10:54:07",2901000
18.6,-0.8,600,"sd","10:54:07",2900800
18.6,-0.8,2100,"sd","10:54:07",2900200
18.55,-0.85,700,"sd","10:54:40",2947500
18.55,-0.85,100,"sd","10:54:40",2946800
18.55,-0.85,200,"sd","10:54:40",2946700
18.55,-0.85,1000,"sd","10:54:40",2946500
18.6,-0.8,2000,"bu","10:54:39",2945500
18.6,-0.8,300,"bu","10:54:38",2943500
18.6,-0.8,800,"bu","10:54:38",2943200
18.6,-0.8,2600,"bu","10:54:35",2942400
18.6,-0.8,5000,"bu","10:54:33",2939800
18.55,-0.85,3300,"sd","10:54:28",2934800
18.6,-0.8,500,"bu","10:54:28",2931500
18.6,-0.8,5000,"bu","10:54:27",2931000
18.55,-0.85,1500,"sd","10:54:27",2926000
18.6,-0.8,3000,"bu","10:54:24",2924500
18.6,-0.8,500,"bu","10:54:24",2921500
18.6,-0.8,300,"bu","10:54:22",2921000
18.6,-0.8,1000,"sd","10:54:21",2920700
18.6,-0.8,8400,"sd","10:54:21",2919700
18.6,-0.8,900,"sd","10:54:21",2911300
18.6,-0.8,1000,"sd","10:54:21",2910400
18.6,-0.8,100,"sd","10:54:21",2909400
18.6,-0.8,100,"sd","10:54:21",2909300
18.6,-0.8,1000,"sd","10:54:21",2909200
18.6,-0.8,100,"sd","10:54:21",2908200
18.6,-0.8,100,"sd","10:54:20",2908100
18.6,-0.8,500,"sd","10:54:20",2908000
18.6,-0.8,1000,"sd","10:54:19",2907500
18.65,-0.75,300,"bu","10:54:18",2906500
18.65,-0.75,3000,"bu","10:54:13",2906200
18.6,-0.8,1500,"sd","10:54:10",2903200
18.6,-0.8,200,"sd","10:54:10",2901700
18.6,-0.8,300,"sd","10:54:10",2901500
18.6,-0.8,200,"sd","10:54:07",2901200
18.6,-0.8,200,"sd","10:54:07",2901000
18.6,-0.8,600,"sd","10:54:07",2900800
18.6,-0.8,2100,"sd","10:54:07",2900200
18.6,-0.8,400,"sd","10:54:07",2898100
18.6,-0.8,1300,"sd","10:54:04",2897700
18.6,-0.8,300,"sd","10:54:03",2896400
18.6,-0.8,200,"sd","10:54:03",2896100
18.55,-0.85,3000,"sd","10:53:34",2850500
18.6,-0.8,200,"bu","10:53:31",2847500
18.6,-0.8,3000,"bu","10:53:31",2847300
18.6,-0.8,300,"bu","10:53:28",2844300
18.6,-0.8,300,"bu","10:53:26",2844000
18.6,-0.8,200,"bu","10:53:25",2843700
18.6,-0.8,1000,"bu","10:53:24",2843500
18.6,-0.8,100,"bu","10:53:24",2842500
18.6,-0.8,800,"bu","10:53:23",2842400
18.6,-0.8,1600,"bu","10:53:23",2841600
18.6,-0.8,100,"bu","10:53:20",2840000
18.6,-0.8,500,"bu","10:53:18",2839900
18.6,-0.8,100,"bu","10:53:16",2839400
18.6,-0.8,1000,"bu","10:53:16",2839300
18.6,-0.8,1000,"sd","10:53:14",2838300
18.6,-0.8,100,"sd","10:53:14",2837300
18.6,-0.8,100,"sd","10:53:14",2837200
18.6,-0.8,500,"sd","10:53:14",2837100
18.6,-0.8,200,"sd","10:53:14",2836600
18.6,-0.8,10000,"sd","10:53:14",2836400
18.6,-0.8,1000,"bu","10:53:50",2873900
18.6,-0.8,200,"bu","10:53:49",2872900
18.6,-0.8,200,"bu","10:53:48",2872700
18.6,-0.8,1800,"bu","10:53:48",2872500
18.6,-0.8,3300,"bu","10:53:48",2870700
18.6,-0.8,2000,"bu","10:53:46",2867400
18.6,-0.8,100,"bu","10:53:45",2865400
18.6,-0.8,2800,"bu","10:53:45",2865300
18.6,-0.8,200,"bu","10:53:45",2862500
18.55,-0.85,300,"sd","10:53:44",2862300
18.55,-0.85,400,"sd","10:53:42",2862000
18.6,-0.8,10000,"bu","10:53:40",2861600
18.6,-0.8,400,"bu","10:53:37",2851600
18.6,-0.8,100,"bu","10:53:37",2851200
18.6,-0.8,100,"bu","10:53:36",2851100
18.55,-0.85,500,"sd","10:53:35",2851000
18.55,-0.85,3000,"sd","10:53:34",2850500
18.6,-0.8,200,"bu","10:53:31",2847500
18.6,-0.8,3000,"bu","10:53:31",2847300
18.6,-0.8,300,"bu","10:53:28",2844300
18.6,-0.8,300,"bu","10:53:26",2844000
18.6,-0.8,200,"bu","10:53:25",2843700
18.6,-0.8,1000,"bu","10:53:24",2843500
18.6,-0.8,100,"bu","10:53:24",2842500
18.6,-0.8,800,"bu","10:53:23",2842400
18.6,-0.8,1600,"bu","10:53:23",2841600
18.6,-0.8,100,"bu","10:53:20",2840000
18.6,-0.8,500,"bu","10:53:18",2839900
18.6,-0.8,100,"bu","10:53:16",2839400
18.6,-0.8,1000,"bu","10:53:16",2839300
18.6,-0.8,1000,"sd","10:53:14",2838300
18.6,-0.8,100,"sd","10:53:14",2837300
18.6,-0.8,100,"sd","10:53:14",2837200
18.6,-0.8,500,"sd","10:53:14",2837100
18.6,-0.8,200,"sd","10:53:14",2836600
18.6,-0.8,10000,"sd","10:53:14",2836400
18.6,-0.8,100,"sd","10:53:14",2826400
18.6,-0.8,2000,"sd","10:53:14",2826300
18.6,-0.8,5000,"sd","10:53:14",2824300
18.6,-0.8,100,"sd","10:53:14",2819300
18.65,-0.75,2000,"bu","10:53:05",2783200
18.65,-0.75,900,"bu","10:53:03",2781200
18.65,-0.75,200,"bu","10:53:02",2780300
18.65,-0.75,2000,"bu","10:52:58",2780100
18.6,-0.8,800,"sd","10:52:58",2778100
18.65,-0.75,500,"bu","10:52:57",2777300
18.65,-0.75,2000,"bu","10:52:57",2776800
18.65,-0.75,1500,"bu","10:52:57",2774800
18.65,-0.75,300,"bu","10:52:57",2773300
18.65,-0.75,1000,"sd","10:52:55",2773000
18.65,-0.75,100,"sd","10:52:55",2772000
18.6,-0.8,12000,"sd","10:52:50",2771900
18.65,-0.75,500,"unknown","10:52:50",2759900
18.65,-0.75,200,"unknown","10:52:50",2759400
18.65,-0.75,200,"unknown","10:52:50",2759200
18.65,-0.75,100,"unknown","10:52:50",2759000
18.65,-0.75,400,"unknown","10:52:50",2758900
18.65,-0.75,200,"unknown","10:52:50",2758500
18.65,-0.75,1700,"unknown","10:52:50",2758300
18.7,-0.7,200,"bu","10:52:46",2756600
18.7,-0.7,1000,"bu","10:52:46",2756400
18.7,-0.7,500,"bu","10:52:42",2755400
18.65,-0.75,2700,"sd","10:52:33",2754900
18.65,-0.75,800,"sd","10:52:31",2752200
18.65,-0.75,1000,"sd","10:52:31",2751400
18.65,-0.75,100,"sd","10:52:31",2750400
18.65,-0.75,500,"sd","10:52:31",2750300
18.65,-0.75,1000,"sd","10:52:31",2749800
18.7,-0.7,300,"unknown","10:52:31",2748800
18.75,-0.65,100,"sd","10:52:31",2748500
18.8,-0.6,2000,"bu","10:52:29",2748400
18.8,-0.6,500,"bu","10:52:29",2746400
18.8,-0.6,3900,"bu","10:52:26",2745900
18.8,-0.6,1000,"bu","10:52:26",2742000
18.8,-0.6,300,"bu","10:52:26",2741000
18.75,-0.65,1000,"bu","10:52:26",2740700
18.75,-0.65,1600,"unknown","10:52:25",2739700
18.8,-0.6,2100,"bu","10:52:24",2738100
18.7,-0.7,3700,"bu","10:52:24",2736000
18.7,-0.7,100,"bu","10:52:23",2732300
18.7,-0.7,5000,"bu","10:52:23",2732200
18.7,-0.7,1000,"bu","10:52:23",2727200
18.7,-0.7,500,"bu","10:52:23",2726200
18.7,-0.7,3000,"bu","10:52:23",2725700
18.7,-0.7,100,"bu","10:52:23",2722700
18.7,-0.7,200,"bu","10:52:23",2722600
18.7,-0.7,200,"bu","10:52:23",2722400
18.7,-0.7,500,"bu","10:52:23",2722200
18.7,-0.7,5200,"bu","10:52:23",2721700
18.7,-0.7,500,"bu","10:52:23",2716500
18.75,-0.65,600,"bu","10:52:23",2716000
18.7,-0.7,2000,"bu","10:52:23",2715400
18.75,-0.65,2000,"bu","10:52:23",2713400
18.75,-0.65,7200,"bu","10:52:23",2711400
18.7,-0.7,100,"bu","10:52:23",2704200
18.7,-0.7,5000,"bu","10:52:23",2704100
18.7,-0.7,1000,"bu","10:52:23",2699100
18.75,-0.65,900,"unknown","10:52:23",2698100
18.75,-0.65,200,"sd","10:52:23",2697200
18.75,-0.65,5000,"sd","10:52:23",2697000
18.65,-0.75,1000,"sd","10:52:31",2751400
18.65,-0.75,100,"sd","10:52:31",2750400
18.65,-0.75,500,"sd","10:52:31",2750300
18.65,-0.75,1000,"sd","10:52:31",2749800
18.7,-0.7,300,"unknown","10:52:31",2748800
18.75,-0.65,100,"sd","10:52:30",2748500
18.8,-0.6,2000,"bu","10:52:29",2748400
18.8,-0.6,500,"bu","10:52:29",2746400
18.8,-0.6,3900,"bu","10:52:26",2745900
18.8,-0.6,1000,"bu","10:52:26",2742000
18.8,-0.6,300,"bu","10:52:26",2741000
18.75,-0.65,1000,"bu","10:52:26",2740700
18.75,-0.65,1600,"unknown","10:52:25",2739700
18.8,-0.6,2100,"bu","10:52:24",2738100
18.7,-0.7,3700,"bu","10:52:24",2736000
18.7,-0.7,100,"bu","10:52:23",2732300
18.7,-0.7,5000,"bu","10:52:23",2732200
18.7,-0.7,1000,"bu","10:52:23",2727200
18.7,-0.7,500,"bu","10:52:23",2726200
18.7,-0.7,3000,"bu","10:52:23",2725700
18.7,-0.7,100,"bu","10:52:23",2722700
18.7,-0.7,200,"bu","10:52:23",2722600
18.7,-0.7,200,"bu","10:52:23",2722400
18.7,-0.7,500,"bu","10:52:23",2722200
18.7,-0.7,5200,"bu","10:52:23",2721700
18.7,-0.7,500,"bu","10:52:23",2716500
18.7,-0.7,500,"bu","10:52:23",2716000
18.7,-0.7,1000,"bu","10:52:23",2715500
18.7,-0.7,1000,"bu","10:52:23",2714500
18.7,-0.7,100,"bu","10:52:23",2713500
18.7,-0.7,5000,"bu","10:52:23",2713400
18.7,-0.7,1000,"sd","10:52:23",2708400
