"price","change","match_qtty","side","time","total_vol"
10.15,-0.1,63300,"","14:45:04",231700
10.2,-0.05,9800,"bu","14:29:43",168400
10.2,-0.05,300,"bu","14:29:04",158600
10.2,-0.05,100,"bu","14:28:07",158300
10.15,-0.1,5000,"sd","14:24:29",158200
10.15,-0.1,100,"sd","14:22:44",153200
10.15,-0.1,900,"bu","14:21:32",153100
10.15,-0.1,1500,"bu","14:21:21",152200
10.15,-0.1,500,"bu","14:18:29",150700
10.15,-0.1,200,"bu","14:17:59",150200
10.15,-0.1,13300,"sd","14:17:37",150000
10.2,-0.05,5100,"bu","14:12:31",136700
10.2,-0.05,7000,"sd","14:09:50",131600
10.25,0,200,"sd","14:04:16",124600
10.25,0,3500,"sd","14:03:19",124400
10.3,0.05,100,"bu","14:01:16",120900
10.25,0,2400,"bu","14:00:30",120800
10.2,-0.05,3000,"sd","14:00:13",118400
10.2,-0.05,1400,"bu","13:58:37",115400
10.25,0,2100,"sd","13:57:16",114000
10.35,-0.1,500,"bu","13:44:44",230400
10.3,-0.15,500,"sd","13:42:51",229900
10.3,-0.15,500,"sd","13:41:47",229400
10.35,-0.1,300,"bu","13:41:24",228900
10.35,-0.1,1000,"bu","13:40:51",228600
10.3,-0.15,3600,"bu","13:38:50",227600
10.3,-0.15,15600,"sd","13:37:27",224000
10.35,-0.1,1400,"sd","13:37:13",208400
10.35,-0.1,4000,"bu","13:30:48",207000
10.4,-0.05,2000,"bu","13:29:00",203000
10.35,-0.1,3600,"bu","13:28:23",201000
10.35,-0.1,10000,"bu","13:27:50",197400
10.2,-0.25,3000,"sd","13:27:48",187400
10.05,-0.4,3200,"sd","13:24:12",184400
10.1,-0.35,700,"sd","13:24:12",181200
10.15,-0.3,600,"sd","13:24:12",180500
10.2,-0.25,8000,"sd","13:24:12",179900
10.25,-0.2,500,"sd","13:24:12",171900
10.3,-0.15,23700,"sd","13:24:12",171400
10.35,-0.1,13300,"sd","13:24:12",147700
10.35,-0.1,10000,"sd","13:22:47",134400
10.4,-0.05,3700,"sd","13:18:09",124400
10.4,-0.05,1300,"bu","13:17:51",120700
10.4,-0.05,3700,"bu","13:17:03",119400
10.4,-0.05,1300,"bu","13:17:03",115700
10.4,-0.05,3700,"sd","13:15:17",114400
10.4,-0.05,4300,"bu","13:13:29",110700
10.4,-0.05,5000,"bu","13:13:25",106400
10.35,-0.1,4000,"sd","13:08:40",101400
10.4,-0.05,700,"sd","13:07:16",97400
10.4,-0.05,4300,"bu","13:06:30",96700
10.4,-0.05,10000,"bu","13:05:37",92400
10.4,-0.05,1000,"bu","13:04:56",82400
10.4,-0.05,3000,"bu","13:04:05",81400
10.4,-0.05,6700,"sd","13:02:20",78400
10.4,-0.05,200,"sd","13:00:14",71700
10.4,-0.05,1100,"sd","11:28:09",71500
10.4,-0.05,10000,"sd","11:01:13",70400
10.4,-0.05,9000,"sd","10:56:35",60400
10.4,-0.05,6000,"sd","10:34:07",51400
10.45,0,100,"bu","10:32:26",45400
10.45,0,4200,"bu","09:51:46",45300
10.4,-0.05,1700,"sd","09:50:50",41100
10.4,-0.05,100,"sd","09:50:39",39400
10.4,-0.05,1000,"sd","09:46:47",39300
10.4,-0.05,15500,"sd","09:37:15",38300
10.45,0,800,"bu","09:35:48",22800
10.45,0,3000,"bu","09:35:31",22000
10.4,-0.05,300,"bu","09:33:04",19000
10.4,-0.05,9700,"sd","09:30:59",18700
10.4,-0.05,2400,"sd","09:25:08",9000
10.4,-0.05,800,"sd","09:18:29",6600
10.45,0,800,"bu","09:15:20",5800
10.45,0,5000,"","09:15:02",5000
10.4,-0.15,200,"sd","09:45:02",100400
10.5,-0.05,200,"sd","09:38:00",100200
10.55,0,2300,"bu","09:36:04",100000
10.55,0,2500,"bu","09:35:13",97700
10.55,0,200,"bu","09:33:21",95200
10.55,0,95000,"","09:15:00",95000
10.8,0.5,2500,"bu","09:52:54",285000
10.8,0.5,2000,"bu","09:51:08",280800
10.75,0.45,500,"sd","09:52:48",282500
10.7,0.4,2000,"bu","09:46:53",251900
10.65,0.35,300,"bu","09:45:43",242900
10.7,0.4,2000,"sd","09:39:15",238400
10.7,0.4,100,"bu","09:47:25",252700
10.8,0.5,4000,"bu","09:35:58",227200
10.7,0.4,5000,"bu","09:46:33",249900
10.7,0.4,200,"sd","09:47:37",252900
10.7,0.4,2000,"bu","09:46:24",244900
10.6,0.3,200,"sd","09:39:38",240400
10.65,0.35,2000,"bu","09:45:26",242600
10.7,0.4,700,"bu","09:47:12",252600
10.7,0.4,1800,"sd","09:39:27",240200
10.75,0.45,200,"sd","09:35:31",219200
10.4,0.1,1000,"bu","09:17:06",101100
10.4,0.1,100100,"","09:15:02",100100
10.8,0.5,4000,"bu","09:35:33",223200
10.75,0.45,500,"sd","09:34:51",219000
10.75,0.15,1100,"bu","09:17:52",5700
10.7,0.1,500,"bu","09:17:41",4600
10.7,0.1,700,"bu","09:17:12",4100
10.7,0.1,800,"bu","09:15:06",3400
10.65,0.05,600,"bu","09:15:06",2600
10.5,-0.1,2000,"","09:15:03",2000
10.35,0.65,5000,"bu","13:51:34",1104100
10.35,0.65,1000,"bu","13:51:26",1099100
10.35,0.65,1000,"bu","13:51:10",1098100
10.3,0.6,3200,"bu","13:50:34",1097100
10.3,0.6,2000,"bu","13:50:26",1093900
10.3,0.6,3000,"bu","13:50:19",1091900
10.3,0.6,2000,"bu","13:50:13",1088900
10.3,0.6,3000,"bu","13:50:07",1086900
10.3,0.6,2000,"bu","13:50:01",1083900
10.3,0.6,2000,"bu","13:50:00",1081900
10.3,0.6,2500,"bu","13:49:49",1079900
10.3,0.6,1000,"bu","13:49:43",1077400
10.3,0.6,5000,"bu","13:49:36",1076400
10.3,0.6,2000,"bu","13:49:27",1071400
10.3,0.6,3000,"bu","13:49:22",1069400
10.3,0.6,5000,"bu","13:49:15",1066400
10.3,0.6,2500,"bu","13:49:05",1061400
10.3,0.6,700,"bu","13:48:59",1058900
10.3,0.6,3000,"bu","13:48:55",1058200
10.3,0.6,2000,"bu","13:48:45",1055200
10.3,0.6,3000,"bu","13:48:16",1053200
10.3,0.6,5000,"bu","13:48:10",1050200
10.3,0.6,3000,"bu","13:48:01",1045200
10.3,0.6,2500,"bu","13:47:54",1042200
10.3,0.6,2000,"bu","13:47:48",1039700
10.3,0.6,4000,"bu","13:47:41",1037700
10.3,0.6,5000,"bu","13:47:22",1033700
10.3,0.6,6000,"bu","13:47:16",1028700
10.3,0.6,5000,"bu","13:47:07",1022700
10.3,0.6,3000,"bu","13:46:52",1017700
10.3,0.6,10000,"bu","13:46:44",1014700
10.25,0.55,5500,"bu","13:46:38",1004700
10.25,0.55,1900,"bu","13:46:31",999200
10.25,0.55,2000,"bu","13:46:26",997300
10.25,0.55,3000,"bu","13:46:18",995300
10.25,0.55,2000,"bu","13:45:54",992300
10.25,0.55,2500,"bu","13:45:46",990300
10.25,0.55,2000,"bu","13:45:39",987800
10.25,0.55,3000,"bu","13:45:29",985800
10.25,0.55,2500,"bu","13:45:20",982800
10.25,0.55,4000,"bu","13:43:37",980300
10.25,0.55,1000,"bu","13:43:35",976300
10.25,0.55,3000,"bu","13:43:30",975300
10.25,0.55,1000,"bu","13:43:22",972300
10.25,0.55,2500,"bu","13:43:20",971300
10.25,0.55,3000,"bu","13:43:12",968800
10.25,0.55,200,"bu","13:43:08",965800
10.25,0.55,6000,"bu","13:43:05",965600
10.25,0.55,5000,"bu","13:42:57",959600
10.25,0.55,3000,"bu","13:42:50",954600
10.25,0.55,2000,"bu","13:42:44",951600
10.2,0.5,4800,"bu","13:42:35",949600
10.2,0.5,3000,"bu","13:42:29",944800
10.2,0.5,4000,"bu","13:42:20",941800
10.2,0.5,3000,"bu","13:42:13",937800
10.2,0.5,2000,"bu","13:41:58",934800
10.2,0.5,5000,"bu","13:41:53",932800
10.2,0.5,3500,"bu","13:41:45",927800
10.2,0.5,2000,"bu","13:41:40",924300
10.2,0.5,5000,"bu","13:41:35",922300
10.2,0.5,3500,"bu","13:41:24",917300
10.2,0.5,3000,"bu","13:41:09",913800
10.2,0.5,2000,"bu","13:41:03",910800
10.2,0.5,3000,"bu","13:40:57",908800
10.2,0.5,4500,"bu","13:40:52",905800
10.2,0.5,3000,"bu","13:40:46",901300
10.2,0.5,20000,"bu","13:40:40",898300
10.2,0.5,2000,"bu","13:40:32",878300
10.15,0.45,6800,"bu","13:40:22",876300
10.15,0.45,5000,"bu","13:40:15",869500
10.15,0.45,3000,"bu","13:40:10",864500
10.15,0.45,4000,"bu","13:40:04",861500
10.15,0.45,5000,"bu","13:39:54",857500
10.15,0.45,3000,"bu","13:39:49",852500
10.15,0.45,5000,"bu","13:39:41",849500
10.15,0.45,2500,"bu","13:39:36",844500
10.15,0.45,2000,"bu","13:39:28",842000
10.1,0.4,2700,"bu","13:39:16",840000
10.1,0.4,2500,"bu","13:39:09",837300
10.1,0.4,5000,"bu","13:39:01",834800
10.6,0.6,15000,"bu","09:40:30",608500
10.55,0.55,1000,"bu","09:38:54",530500
10.6,0.6,100,"bu","09:40:18",588500
10.25,0.25,3000,"bu","09:32:54",244400
10.55,0.55,9900,"bu","09:40:11",587400
10.6,0.6,1000,"bu","09:40:11",588400
10.55,0.55,3000,"bu","09:39:36",574000
10.5,0.5,47600,"bu","09:38:45",529500
10.25,0.25,2000,"bu","09:32:46",241400
10.55,0.55,5000,"bu","09:39:30",571000
10.5,0.5,2000,"bu","09:38:41",481900
10.25,0.25,1500,"bu","09:32:42",239400
10.55,0.55,5000,"bu","09:39:26",566000
10.5,0.5,6000,"bu","09:38:33",479900
10.25,0.25,2000,"bu","09:32:35",237900
10.5,0.5,10000,"bu","09:38:17",467400
10.15,0.15,2000,"bu","09:22:10",116700
10.2,0.2,1800,"bu","09:31:49",208900
10.2,0.2,10000,"bu","09:31:37",207100
10.25,0.25,3000,"bu","09:32:02",212900
10.25,0.25,10000,"bu","09:32:16",222900
10.25,0.25,1000,"bu","09:31:55",209900
10.2,0.2,1000,"bu","09:31:31",197100
10.2,0.2,500,"bu","09:25:19",168600
10.15,0.15,500,"bu","09:29:13",173600
10.2,0.2,1000,"bu","09:29:49",175600
10.15,0.15,1000,"bu","09:29:34",174600
10.1,0.1,400,"sd","09:23:56",155100
10.15,0.15,4600,"sd","09:23:56",154700
10.15,0.15,5000,"bu","09:22:26",124700
10.2,0.2,3000,"bu","09:24:12",161100
10.2,0.2,2500,"bu","09:23:50",150100
10.15,0.15,3000,"bu","09:22:17",119700
10.2,0.2,2000,"bu","09:23:43",147600
10.15,0.15,3400,"bu","09:23:34",145600
10.15,0.15,1000,"bu","09:28:53",173100
10.05,0.05,1000,"bu","09:15:49",50200
10.15,0.15,500,"sd","09:25:23",169100
10.15,0.15,500,"bu","09:23:20",142200
10.1,0.1,2000,"sd","09:26:19",172100
10.2,0.2,2000,"bu","09:25:00",168100
10.15,0.15,2000,"bu","09:23:07",141700
10.2,0.2,5000,"bu","09:24:46",166100
10.1,0.1,1000,"sd","09:26:05",170100
10.15,0.15,1000,"bu","09:22:52",139700
10.15,0.15,10000,"bu","09:22:49",138700
10.15,0.15,4000,"bu","09:22:46",128700
10.2,0.2,3000,"bu","09:23:58",158100
10.65,0.65,1000,"bu","09:48:47",808400
10.65,0.65,3000,"bu","09:48:02",792400
10.65,0.65,7000,"bu","09:45:03",751200
10.6,0.6,100,"sd","09:52:56",911900
10.3,0.3,2000,"bu","09:34:32",290800
10.3,0.3,4000,"bu","09:34:29",288800
10.6,0.6,1000,"sd","09:52:46",911800
10.3,0.3,700,"bu","09:34:27",284800
10.65,0.65,200,"bu","09:52:37",910800
10.3,0.3,20000,"bu","09:34:15",284100
10.65,0.65,2000,"bu","09:50:48",880900
10.6,0.6,300,"bu","10:05:21",963000
10.3,0.3,3000,"bu","09:33:39",264100
10.2,0.2,3000,"bu","09:31:24",196100
10.6,0.6,500,"sd","09:53:00",912400
10.65,0.65,5000,"bu","09:49:06",819900
10.65,0.65,500,"bu","09:49:03",814900
10.65,0.65,6000,"bu","09:48:53",814400
10.15,0.15,5000,"bu","09:21:17",114700
10.15,0.15,2500,"bu","09:21:06",109700
10.2,0.2,2000,"bu","09:30:07",177600
10.05,0.05,1700,"bu","09:17:37",74200
10.2,0.2,2500,"bu","09:31:07",191100
10.05,0.05,1800,"bu","09:17:25",72500
10.05,0.05,3500,"bu","09:17:22",70700
10.05,0.05,5000,"bu","09:17:16",67200
10.2,0.2,3000,"bu","09:30:43",188600
10.05,0.05,2000,"bu","09:16:37",62200
10.2,0.2,2500,"bu","09:30:37",185600
10.05,0.05,3000,"bu","09:16:27",60200
10.15,0.15,2000,"sd","09:30:28",183100
10.2,0.2,2000,"bu","09:31:12",193100
10.2,0.2,3500,"bu","09:30:14",181100
10.1,0.1,1500,"bu","09:20:00",95200
10.1,0.1,2000,"bu","09:19:49",93700
10.1,0.1,3000,"bu","09:18:45",91700
10.1,0.1,2000,"bu","09:18:38",88700
10.1,0.1,4000,"bu","09:18:32",86700
10.1,0.1,5000,"bu","09:18:22",82700
10.1,0.1,1400,"bu","09:20:29",106200
10.1,0.1,2000,"bu","09:18:13",77700
10.1,0.1,3400,"bu","09:20:20",104800
10.1,0.1,2500,"bu","09:20:17",101400
10.1,0.1,1500,"bu","09:18:06",75700
10.15,0.15,1000,"bu","09:20:57",107200
10.1,0.1,700,"bu","09:20:10",98900
10.1,0.1,3000,"bu","09:20:09",98200
10.05,0.05,5000,"bu","09:16:17",57200
10.05,0.05,2000,"bu","09:16:09",52200
10.65,0.65,2600,"sd","09:51:39",893100
10.65,0.65,3400,"bu","09:51:30",890500
10.65,0.65,200,"bu","09:51:20",887100
10.65,0.65,1000,"bu","09:51:07",886900
10.65,0.65,5000,"bu","09:51:05",885900
10.6,0.6,1000,"sd","09:53:05",913400
10.6,0.6,10000,"sd","09:52:11",910600
10.65,0.65,2000,"bu","09:52:11",900600
10.65,0.65,500,"bu","09:52:02",898600
10.65,0.65,5000,"bu","09:51:58",898100
10,0,49000,"","09:15:05",49000
10,0,200,"bu","09:15:41",49200
9.99,0.29,800,"bu","11:21:56",484300
9.99,0.29,1000,"bu","11:20:08",483500
9.99,0.29,500,"bu","11:19:08",482500
9.95,0.25,500,"sd","11:17:07",482000
9.99,0.29,500,"bu","11:14:05",481500
10,0.3,500,"bu","11:13:31",481000
10,0.3,1000,"bu","11:11:29",480500
10,0.3,10000,"bu","11:11:08",479500
10,0.3,3000,"bu","11:10:21",469500
10,0.3,2000,"bu","11:10:10",466500
10,0.3,1500,"bu","11:10:00",464500
10,0.3,1000,"bu","11:09:48",463000
10,0.3,2000,"bu","11:09:35",462000
10,0.3,10000,"bu","11:09:25",460000
10,0.3,2000,"bu","11:08:19",450000
10,0.3,1500,"bu","11:08:09",448000
10,0.3,2000,"bu","11:07:56",446500
10,0.3,10000,"bu","11:07:28",444500
10,0.3,1500,"bu","11:07:20",434500
10,0.3,2800,"bu","11:07:13",433000
9.99,0.29,200,"bu","11:07:13",430200
10,0.3,2000,"bu","11:07:05",430000
9.99,0.29,1500,"sd","11:06:57",428000
9.99,0.29,1400,"bu","11:06:54",426500
9.98,0.28,100,"bu","11:06:54",425100
9.95,0.25,1900,"bu","11:06:41",425000
9.95,0.25,500,"bu","11:06:34",423100
9.95,0.25,1000,"bu","11:06:20",422600
9.9,0.2,200,"sd","11:05:50",421600
9.95,0.25,1500,"bu","11:05:21",421400
9.95,0.25,1000,"bu","11:05:14",419900
9.95,0.25,3000,"bu","11:05:00",418900
9.95,0.25,2500,"bu","11:04:30",415900
9.95,0.25,2000,"bu","11:04:16",413400
9.95,0.25,1000,"bu","11:04:08",411400
9.95,0.25,2000,"bu","11:03:49",410400
9.95,0.25,1500,"bu","11:03:26",408400
9.95,0.25,2000,"bu","11:03:19",406900
9.95,0.25,5000,"bu","11:03:08",404900
9.95,0.25,3000,"bu","11:02:59",399900
9.95,0.25,1200,"bu","11:02:52",396900
9.94,0.24,300,"bu","11:02:52",395700
9.95,0.25,2000,"bu","11:02:43",395400
9.9,0.2,2100,"bu","11:02:35",393400
9.9,0.2,500,"bu","11:01:56",391300
9.9,0.2,1000,"bu","11:00:03",390800
9.9,0.2,1500,"bu","10:59:46",389800
9.9,0.2,1000,"bu","10:59:36",388300
9.9,0.2,2000,"bu","10:58:28",387300
9.9,0.2,5000,"bu","10:58:16",385300
9.9,0.2,5300,"bu","10:58:11",380300
9.9,0.2,1500,"bu","10:57:45",375000
9.9,0.2,1000,"bu","10:57:36",373500
9.9,0.2,2000,"bu","10:57:25",372500
9.9,0.2,5000,"bu","10:57:17",370500
9.9,0.2,2500,"bu","10:57:06",365500
9.9,0.2,2000,"bu","10:56:59",363000
9.9,0.2,1000,"bu","10:56:39",361000
9.89,0.19,1600,"bu","10:56:10",360000
9.89,0.19,500,"bu","10:55:26",358400
9.85,0.15,4700,"bu","10:52:06",357900
9.85,0.15,1000,"bu","10:50:19",353200
9.85,0.15,1500,"bu","10:48:55",352200
9.85,0.15,1500,"bu","10:48:37",350700
9.85,0.15,2000,"bu","10:48:11",349200
9.85,0.15,2500,"bu","10:47:51",347200
9.85,0.15,3000,"bu","10:47:45",344700
9.85,0.15,6000,"bu","10:47:39",341700
9.85,0.15,1500,"bu","10:47:37",335700
9.85,0.15,5000,"bu","10:47:24",334200
9.85,0.15,2000,"bu","10:47:15",329200
9.85,0.15,1800,"bu","10:47:10",327200
9.85,0.15,3000,"bu","10:47:06",325400
9.85,0.15,2000,"bu","10:46:59",322400
9.85,0.15,1500,"bu","10:46:52",320400
9.85,0.15,1000,"bu","10:46:45",318900
9.84,0.14,500,"bu","10:46:36",317900
9.8,0.1,221800,"bu","10:46:07",317400
9.8,0.1,1000,"bu","10:46:00",95600
9.78,0.08,1600,"bu","10:45:52",94600
9.78,0.08,3000,"bu","10:45:28",93000
9.78,0.08,200,"bu","10:43:44",90000
9.78,0.08,500,"bu","10:42:46",89800
9.78,0.08,1000,"bu","10:39:48",89300
9.78,0.08,700,"bu","10:37:37",88300
9.78,0.08,1000,"bu","10:36:08",87600
9.78,0.08,1500,"bu","10:34:48",86600
9.78,0.08,1500,"bu","10:33:49",85100
9.78,0.08,1000,"bu","10:31:57",83600
9.78,0.08,1500,"bu","10:31:43",82600
9.78,0.08,3000,"bu","10:31:38",81100
9.78,0.08,2000,"bu","10:31:22",78100
9.78,0.08,1000,"bu","10:31:12",76100
9.78,0.08,4000,"bu","10:31:10",75100
9.78,0.08,2000,"bu","10:30:02",71100
9.78,0.08,5000,"bu","10:29:53",69100
9.78,0.08,1500,"bu","10:29:31",64100
9.78,0.08,2000,"bu","10:29:23",62600
9.78,0.08,1000,"bu","10:29:15",60600
9.74,0.04,1000,"bu","10:28:52",59600
9.73,0.03,2400,"bu","10:28:44",58600
9.73,0.03,2000,"bu","10:28:38",56200
9.73,0.03,1000,"bu","10:28:31",54200
9.73,0.03,500,"bu","10:13:45",53200
9.73,0.03,1000,"bu","10:10:56",52700
9.73,0.03,1500,"bu","10:10:50",51700
9.73,0.03,1000,"bu","10:10:42",50200
9.73,0.03,500,"bu","10:10:35",49200
9.72,0.02,1000,"bu","10:09:52",48700
9.72,0.02,500,"bu","10:07:27",47700
9.7,0,800,"sd","10:06:55",47200
9.72,0.02,1000,"bu","10:06:44",46400
9.72,0.02,500,"bu","09:51:27",45400
9.7,0,300,"sd","09:49:21",44900
9.7,0,200,"sd","09:40:49",44600
9.7,0,400,"sd","09:37:35",44400
9.7,0,900,"bu","09:32:09",44000
9.7,0,100,"bu","09:30:59",43100
9.69,-0.01,1900,"bu","09:30:59",43000
9.72,0.02,800,"bu","09:23:33",41100
9.72,0.02,800,"bu","09:23:33",41100
9.73,0.03,1700,"sd","09:22:30",40300
9.75,0.05,1900,"bu","09:22:03",38600
9.75,0.05,2000,"bu","09:21:39",36700
9.75,0.05,1100,"sd","09:21:38",34700
9.8,0.1,1500,"bu","09:21:31",33600
9.8,0.1,3000,"bu","09:21:25",32100
9.8,0.1,2500,"bu","09:21:18",29100
9.8,0.1,700,"bu","09:21:10",26600
9.79,0.09,300,"bu","09:21:10",25900
9.75,0.05,1900,"bu","09:20:55",25600
9.75,0.05,1000,"bu","09:19:49",23700
9.75,0.05,1800,"bu","09:19:31",22700
9.75,0.05,500,"bu","09:18:52",20900
9.75,0.05,300,"bu","09:18:44",20400
9.75,0.05,5000,"bu","09:18:43",20100
9.75,0.05,2000,"bu","09:18:37",15100
9.75,0.05,1000,"bu","09:18:26",13100
9.75,0.05,2500,"bu","09:18:19",12100
9.75,0.05,3000,"bu","09:18:13",9600
9.75,0.05,2000,"bu","09:18:01",5100
9.75,0.05,1000,"bu","09:17:53",3100
9.73,0.03,1900,"bu","09:17:37",2100
9.73,0.03,100,"bu","09:16:44",200
9.7,0,100,"","09:15:00",100
12.3,0.1,5000,"bu","10:36:39",170900
12.3,0.1,2000,"bu","10:36:39",165900
12.3,0.1,1000,"bu","10:36:39",163900
12.3,0.1,700,"bu","10:36:39",162900
12.3,0.1,2000,"bu","10:36:08",162200
12.3,0.1,1000,"bu","10:35:54",160200
12.25,0.05,100,"sd","10:33:36",159200
12.25,0.05,100,"bu","10:31:16",159100
12.25,0.05,200,"bu","10:31:10",159000
12.25,0.05,100,"bu","10:31:10",158800
12.25,0.05,100,"bu","10:31:03",158700
12.25,0.05,200,"bu","10:30:57",158600
12.25,0.05,1300,"bu","10:30:48",158400
12.25,0.05,700,"bu","10:30:48",157100
12.25,0.05,200,"bu","10:30:48",156400
12.25,0.05,100,"bu","10:30:48",156200
12.25,0.05,2700,"bu","10:30:48",156100
12.25,0.05,5000,"bu","10:30:38",153400
12.25,0.05,1000,"bu","10:30:04",148400
12.2,0,2000,"bu","10:25:37",147400
12.2,0,100,"bu","10:25:37",145400
12.2,0,100,"bu","10:25:37",145300
12.2,0,600,"bu","10:25:37",145200
12.2,0,300,"bu","10:25:34",144600
12.2,0,1000,"bu","10:25:33",144300
12.2,0,400,"bu","10:25:24",143300
12.2,0,700,"bu","10:25:24",142900
12.2,0,100,"bu","10:25:24",142200
12.2,0,300,"bu","10:25:15",142100
12.2,0,100,"bu","10:25:10",141800
12.2,0,2000,"bu","10:25:05",141700
12.2,0,500,"bu","10:25:03",139700
12.2,0,2000,"bu","10:24:48",139200
12.2,0,1500,"bu","10:24:46",137200
12.2,0,1800,"bu","10:24:34",135700
12.2,0,2400,"bu","10:24:20",133900
12.2,0,5000,"bu","10:24:17",131500
12.2,0,5600,"bu","10:23:39",126500
12.2,0,8300,"bu","10:22:54",120900
12.2,0,6700,"bu","10:22:54",112600
12.2,0,200,"bu","10:15:25",102700
12.15,-0.05,600,"bu","10:14:51",102500
12.15,-0.05,1000,"bu","10:14:17",101900
12.15,-0.05,400,"bu","10:14:12",100900
12.15,-0.05,2600,"bu","10:14:12",100500
12.15,-0.05,100,"bu","10:11:33",97900
12.15,-0.05,200,"bu","10:11:00",97800
12.15,-0.05,4600,"bu","10:08:31",97600
12.15,-0.05,4000,"bu","10:07:08",93000
12.1,-0.1,1000,"bu","10:06:35",89000
12.1,-0.1,500,"sd","10:05:29",88000
12.1,-0.1,100,"sd","10:05:29",87500
12.1,-0.1,200,"sd","10:05:29",87400
12.1,-0.1,2000,"sd","10:05:29",87200
12.1,-0.1,500,"sd","10:05:29",85200
12.1,-0.1,1400,"sd","10:05:29",84700
12.1,-0.1,200,"sd","10:05:16",83300
12.1,-0.1,1400,"sd","10:03:31",83100
12.1,-0.1,4000,"sd","10:03:31",81700
12.1,-0.1,1000,"sd","10:03:31",77700
12.1,-0.1,1400,"sd","10:05:29",84700
12.1,-0.1,200,"sd","10:05:16",83300
12.1,-0.1,1400,"sd","10:03:31",83100
12.1,-0.1,4000,"sd","10:03:30",81700
12.1,-0.1,1000,"sd","10:03:30",77700
12.1,-0.1,300,"sd","10:03:30",76700
12.1,-0.1,100,"sd","10:03:30",76400
12.1,-0.1,400,"sd","10:03:30",76300
12.1,-0.1,700,"sd","10:02:25",75900
12.1,-0.1,400,"sd","10:02:25",75200
12.1,-0.1,400,"sd","10:02:25",74800
12.1,-0.1,100,"sd","09:59:37",74400
12.1,-0.1,2500,"sd","09:59:03",74300
12.1,-0.1,500,"sd","09:59:03",71800
12.1,-0.1,400,"sd","09:57:37",71300
12.1,-0.1,500,"sd","09:57:37",70900
12.1,-0.1,100,"sd","09:57:37",70400
12.1,-0.1,900,"sd","09:57:04",70300
12.1,-0.1,500,"sd","09:57:04",69400
12.1,-0.1,100,"sd","09:57:04",68900
12.1,-0.1,100,"sd","09:56:23",68800
12.15,-0.05,1000,"bu","09:52:27",68700
12.15,-0.05,1000,"bu","09:51:55",67700
12.15,-0.05,900,"bu","09:51:14",66700
12.15,-0.05,100,"bu","09:49:36",65800
12.1,-0.1,1000,"sd","09:47:23",65700
12.15,-0.05,500,"bu","09:46:34",64700
12.15,-0.05,2500,"bu","09:46:34",64200
12.1,-0.1,100,"sd","09:45:54",61700
12.1,-0.1,100,"sd","09:45:54",61600
12.15,-0.05,400,"bu","09:45:42",61500
12.15,-0.05,100,"bu","09:44:35",61100
12.15,-0.05,1000,"bu","09:44:09",61000
12.15,-0.05,500,"bu","09:43:10",60000
12.15,-0.05,300,"bu","09:42:04",59500
12.15,-0.05,200,"bu","09:41:54",59200
12.15,-0.05,300,"bu","09:41:54",59000
12.15,-0.05,100,"sd","09:40:33",58700
12.2,0,100,"bu","09:40:15",58600
12.2,0,100,"bu","09:40:15",58500
12.2,0,200,"bu","09:36:51",55700
12.2,0,100,"sd","09:36:51",55500
12.2,0,1000,"sd","09:36:51",55400
12.2,0,200,"sd","09:36:51",54400
12.2,0,1000,"sd","09:36:51",54200
12.2,0,2200,"sd","09:36:51",53200
12.2,0,100,"sd","09:36:51",51000
12.2,0,100,"sd","09:36:51",50900
12.2,0,1300,"sd","09:36:51",50800
12.2,0,8700,"sd","09:35:50",49500
12.2,0,500,"sd","09:35:50",40800
12.2,0,1000,"sd","09:35:50",40300
12.2,0,1000,"sd","09:35:50",39300
12.2,0,500,"sd","09:35:50",38300
12.2,0,200,"sd","09:35:50",37800
12.2,0,100,"sd","09:35:50",37600
12.25,0.05,100,"bu","09:35:26",37500
12.25,0.05,1000,"bu","09:33:46",37400
12.25,0.05,100,"bu","09:33:20",36400
12.25,0.05,100,"unknown","09:33:16",36300
12.2,0,100,"sd","09:35:49",37600
12.25,0.05,100,"bu","09:35:26",37500
12.25,0.05,1000,"bu","09:33:46",37400
12.25,0.05,100,"bu","09:33:20",36400
12.25,0.05,100,"sd","09:33:16",36300
12.25,0.05,900,"bu","09:33:14",36200
12.25,0.05,1600,"sd","09:32:33",35300
12.25,0.05,3000,"sd","09:32:33",33700
12.25,0.05,200,"sd","09:32:33",30700
12.25,0.05,500,"sd","09:32:33",30500
12.25,0.05,2500,"sd","09:32:33",30000
12.25,0.05,500,"sd","09:32:33",27500
12.25,0.05,800,"sd","09:32:33",27000
12.25,0.05,1000,"sd","09:32:11",26200
12.3,0.1,200,"bu","09:31:41",25200
12.3,0.1,500,"bu","09:31:02",25000
12.25,0.05,300,"sd","09:30:59",24500
12.3,0.1,400,"bu","09:30:37",24200
12.25,0.05,500,"sd","09:29:59",23800
12.25,0.05,2400,"sd","09:29:51",23300
12.25,0.05,100,"sd","09:26:07",14400
12.25,0.05,200,"sd","09:19:48",14300
12.25,0.05,1000,"sd","09:19:48",14100
12.25,0.05,3000,"sd","09:19:48",13100
12.25,0.05,600,"sd","09:19:48",10100
12.25,0.05,400,"sd","09:19:34",9500
12.25,0.05,300,"sd","09:19:34",9100
12.3,0.1,300,"bu","09:18:28",8800
12.3,0.1,100,"unknown","09:17:23",8500
12.3,0.1,100,"unknown","09:16:19",8400
12.3,0.1,200,"sd","09:16:15",8300
12.35,0.15,500,"bu","09:15:47",8100
12.3,0.1,500,"bu","09:15:47",7600
12.35,0.15,7100,"bu","09:15:07",7100
12.1,0.75,1500,"bu","10:05:35",1436100
12.05,0.7,300,"sd","10:05:30",1434600
12.05,0.7,1000,"sd","10:05:30",1434300
12.05,0.7,400,"sd","10:05:30",1433300
12.05,0.7,2000,"sd","10:05:30",1432900
12.05,0.7,6500,"sd","10:05:30",1430900
12.1,0.75,1000,"bu","10:05:26",1424400
12.05,0.7,1100,"sd","10:05:14",1423400
12.05,0.7,100,"sd","10:05:13",1422300
12.1,0.75,400,"bu","10:05:06",1422200
12.1,0.75,1000,"bu","10:04:49",1421800
12.05,0.7,500,"sd","10:04:38",1420800
12.1,0.75,1000,"bu","10:04:20",1420300
12.1,0.75,1400,"bu","10:03:26",1419300
12.1,0.75,2000,"bu","10:03:00",1417900
12.1,0.75,1000,"bu","10:02:56",1415900
12.05,0.7,100,"sd","10:02:51",1414900
12.05,0.7,500,"sd","10:02:49",1414800
12.1,0.75,1000,"bu","10:02:48",1414300
12.05,0.7,500,"sd","10:02:23",1413300
12.05,0.7,700,"sd","10:02:13",1412800
12.1,0.75,15000,"bu","10:02:05",1412100
12.05,0.7,400,"sd","10:02:04",1397100
12.1,0.75,10000,"bu","10:01:55",1396700
12.1,0.75,3000,"bu","10:01:41",1386700
12.1,0.75,2000,"bu","10:01:39",1383700
12.1,0.75,1000,"bu","10:01:30",1381700
12.05,0.7,1000,"sd","10:01:29",1380700
12.05,0.7,1900,"sd","10:01:23",1379700
12.05,0.7,20000,"sd","10:01:21",1377800
12.05,0.7,1600,"sd","10:01:19",1357800
12.05,0.7,8300,"bu","10:01:17",1356200
12.05,0.7,800,"bu","10:01:17",1347900
12.05,0.7,2000,"bu","10:01:17",1347100
12.05,0.7,4000,"bu","10:01:17",1345100
12.05,0.7,1400,"bu","10:01:00",1341100
12.05,0.7,300,"bu","10:00:58",1339700
12.05,0.7,1700,"bu","10:00:58",1339400
12.05,0.7,1000,"bu","10:00:57",1337700
12,0.65,2000,"sd","10:00:57",1336700
12.05,0.7,300,"bu","10:00:29",1321100
12.05,0.7,3000,"bu","10:00:27",1320800
12.05,0.7,400,"bu","10:00:26",1317800
12.05,0.7,1000,"bu","10:00:20",1317400
12.05,0.7,100,"bu","10:00:18",1316400
12.05,0.7,1000,"bu","10:00:18",1316300
12.05,0.7,400,"sd","10:00:06",1315300
12.05,0.7,1000,"sd","10:00:06",1314900
12.05,0.7,1500,"sd","10:00:06",1313900
12.1,0.75,400,"bu","10:00:04",1312400
12.1,0.75,200,"bu","09:59:52",1312000
12.05,0.7,2600,"sd","09:59:49",1311800
12.05,0.7,2000,"sd","09:59:49",1309200
12.05,0.7,600,"sd","09:59:49",1307200
12.05,0.7,300,"sd","09:59:49",1306600
12.05,0.7,1000,"sd","09:59:49",1306300
12.05,0.7,500,"sd","09:59:49",1305300
12.05,0.7,300,"sd","09:59:49",1304800
12.05,0.7,2700,"sd","09:59:49",1304500
12.05,0.7,2000,"sd","09:59:48",1301800
12.05,0.7,1000,"sd","09:59:49",1306300
12.05,0.7,500,"sd","09:59:49",1305300
12.05,0.7,300,"sd","09:59:49",1304800
12.05,0.7,2700,"sd","09:59:49",1304500
12.05,0.7,2000,"sd","09:59:48",1301800
12.05,0.7,1000,"sd","09:59:47",1299800
12.05,0.7,500,"sd","09:59:41",1298800
12.05,0.7,300,"sd","09:59:30",1298300
12.1,0.75,3300,"bu","09:59:30",1298000
12.1,0.75,2000,"bu","09:59:23",1294700
12.1,0.75,1000,"bu","09:59:12",1292700
12.1,0.75,200,"bu","09:59:06",1291700
12.05,0.7,300,"sd","09:58:28",1291500
12.05,0.7,1000,"sd","09:58:24",1291200
12.1,0.75,600,"bu","09:58:18",1290200
12.05,0.7,300,"sd","09:58:18",1289600
12.1,0.75,18000,"bu","09:58:12",1289300
12.05,0.7,100,"sd","09:58:09",1271300
12.1,0.75,2000,"bu","09:57:56",1271200
12.1,0.75,10000,"bu","09:57:38",1269200
12.1,0.75,7000,"bu","09:57:34",1259200
12.1,0.75,200,"bu","09:57:21",1252200
12.1,0.75,2000,"bu","09:57:20",1252000
12.1,0.75,800,"bu","09:57:19",1250000
12.1,0.75,100,"bu","09:57:12",1249200
12.1,0.75,3000,"bu","09:57:07",1249100
12.1,0.75,2000,"bu","09:56:44",1246100
12.1,0.75,12000,"bu","09:56:44",1244100
12.1,0.75,300,"bu","09:56:42",1232100
12.1,0.75,10000,"bu","09:56:36",1231800
12.1,0.75,28000,"bu","09:56:36",1221800
12.1,0.75,10000,"bu","09:56:33",1193800
12.1,0.75,5000,"bu","09:56:26",1183800
12.1,0.75,200,"bu","09:56:24",1178800
12.05,0.7,500,"sd","09:56:21",1178600
12.1,0.75,300,"bu","09:56:19",1178100
12.05,0.7,1000,"bu","09:56:15",1177800
12.05,0.7,5000,"bu","09:56:15",1176800
12.05,0.7,300,"bu","09:56:15",1171800
12.05,0.7,3000,"bu","09:56:11",1171500
12,0.65,5400,"bu","09:55:44",1161800
12,0.65,5000,"bu","09:55:37",1156400
12,0.65,1000,"bu","09:55:37",1151400
12,0.65,3100,"sd","09:55:37",1150400
12,0.65,600,"sd","09:55:27",1147300
12,0.65,400,"bu","09:55:27",1146700
12,0.65,1000,"bu","09:55:26",1146300
12,0.65,1700,"bu","09:55:25",1145300
12,0.65,1000,"bu","09:55:18",1143600
12,0.65,100,"bu","09:55:14",1142600
12,0.65,3000,"bu","09:55:13",1142500
12,0.65,5000,"bu","09:55:12",1139500
12,0.65,3300,"bu","09:55:12",1134500
12,0.65,3000,"bu","09:55:12",1131200
12,0.65,1000,"bu","09:55:12",1128200
12,0.65,1000,"sd","09:55:12",1127200
12,0.65,1900,"sd","09:55:12",1126200
12.1,0.75,30800,"bu","09:55:06",1124300
12.1,0.75,100,"bu","09:55:06",1093500
12.1,0.75,1000,"bu","09:55:06",1093400
12,0.65,1000,"sd","09:55:12",1127200
12,0.65,1900,"sd","09:55:12",1126200
12.1,0.75,30800,"bu","09:55:05",1124300
12.1,0.75,100,"bu","09:55:05",1093500
12.1,0.75,1000,"bu","09:55:05",1093400
12.05,0.7,5000,"bu","09:55:05",1092400
12.05,0.7,2500,"bu","09:55:05",1087400
12.05,0.7,600,"bu","09:55:05",1084900
12.05,0.7,1100,"bu","09:55:05",1084300
12.05,0.7,500,"bu","09:55:05",1083200
12.05,0.7,1000,"bu","09:55:05",1082700
12.05,0.7,57400,"bu","09:55:05",1081700
12.05,0.7,400,"bu","09:55:05",1024300
12.05,0.7,2000,"bu","09:55:01",1023900
12.05,0.7,1000,"bu","09:54:58",1021900
12.05,0.7,2000,"bu","09:54:56",1020900
12.05,0.7,3000,"bu","09:54:52",1018900
12.05,0.7,700,"bu","09:54:44",1015900
12.05,0.7,3000,"bu","09:54:44",1015200
12.05,0.7,10000,"bu","09:54:44",1012200
12.05,0.7,2000,"bu","09:54:27",998700
12.05,0.7,100,"bu","09:54:16",996700
12,0.65,2000,"bu","09:54:16",996600
12,0.65,1000,"bu","09:54:16",994600
12,0.65,100,"bu","09:54:16",993600
12,0.65,500,"bu","09:54:16",993500
12,0.65,3200,"bu","09:54:16",993000
12,0.65,500,"bu","09:54:16",989800
12,0.65,500,"bu","09:54:16",989300
12,0.65,100,"bu","09:54:16",988800
12,0.65,2000,"bu","09:54:16",988700
12,0.65,300,"bu","09:54:14",986700
12,0.65,1700,"bu","09:54:14",986400
12,0.65,300,"bu","09:53:56",984700
12,0.65,400,"bu","09:53:56",984400
12,0.65,100,"bu","09:53:56",984000
12,0.65,200,"bu","09:53:56",983900
12,0.65,1800,"bu","09:53:55",983700
12,0.65,98200,"bu","09:53:55",981900
12,0.65,500,"bu","09:53:51",883700
12,0.65,100,"bu","09:53:56",984000
12,0.65,200,"bu","09:53:56",983900
12,0.65,1800,"bu","09:53:55",983700
12,0.65,98200,"bu","09:53:55",981900
12,0.65,500,"bu","09:53:51",883700
11.95,0.6,100,"sd","09:53:43",883200
12,0.65,1300,"bu","09:53:33",883100
11.95,0.6,300,"bu","09:53:33",881800
11.95,0.6,1000,"bu","09:53:33",881500
11.95,0.6,3400,"bu","09:53:33",880500
11.95,0.6,1600,"bu","09:53:26",877100
11.95,0.6,100,"bu","09:53:26",875500
11.95,0.6,300,"bu","09:53:26",875400
11.95,0.6,2000,"bu","09:53:14",875100
11.95,0.6,2200,"bu","09:53:09",873100
11.95,0.6,2500,"bu","09:53:06",870900
11.95,0.6,10000,"bu","09:52:56",868400
11.95,0.6,1500,"bu","09:52:56",858400
11.9,0.55,100,"sd","09:52:55",856900
11.9,0.55,200,"sd","09:52:46",856800
11.9,0.55,3100,"bu","09:52:26",850600
11.9,0.55,1000,"bu","09:52:25",847500
11.9,0.55,200,"bu","09:52:22",846500
11.9,0.55,1000,"bu","09:52:22",846300
11.9,0.55,2000,"bu","09:52:16",845300
11.9,0.55,600,"bu","09:52:12",843300
11.9,0.55,600,"sd","09:52:04",842700
11.9,0.55,1500,"sd","09:52:04",842100
11.95,0.6,40000,"bu","09:51:59",840600
11.95,0.6,300,"bu","09:51:58",800600
11.95,0.6,1000,"bu","09:51:56",800300
11.9,0.55,300,"sd","09:51:47",799300
11.9,0.55,200,"sd","09:51:45",799000
11.9,0.55,300,"sd","09:51:45",798800
11.9,0.55,300,"bu","09:51:43",798500
11.9,0.55,1400,"bu","09:51:43",798200
11.9,0.55,600,"bu","09:51:40",796800
11.9,0.55,500,"bu","09:51:40",796200
11.9,0.55,1000,"bu","09:51:40",795700
11.9,0.55,1000,"bu","09:51:40",794700
11.9,0.55,2000,"bu","09:51:40",793700
11.9,0.55,3000,"bu","09:51:40",791700
11.9,0.55,500,"bu","09:51:40",788700
11.9,0.55,800,"bu","09:51:40",788200
11.9,0.55,5000,"bu","09:51:40",787400
11.9,0.55,35600,"bu","09:51:40",782400
11.9,0.55,2000,"bu","09:51:39",746800
11.9,0.55,7000,"bu","09:51:36",744800
11.9,0.55,1500,"bu","09:51:31",737800
11.9,0.55,15000,"bu","09:51:29",736300
11.9,0.55,200,"bu","09:51:23",721300
11.9,0.55,2000,"bu","09:51:17",721100
11.9,0.55,1500,"bu","09:51:08",719100
11.9,0.55,2000,"bu","09:50:49",717600
11.9,0.55,2200,"bu","09:50:38",715600
11.85,0.5,500,"bu","09:50:38",713400
11.85,0.5,300,"bu","09:50:38",712900
11.85,0.5,1700,"bu","09:50:38",712600
11.85,0.5,5300,"bu","09:50:38",710900
11.85,0.5,400,"bu","09:50:36",705600
11.85,0.5,500,"bu","09:50:38",713400
11.85,0.5,300,"bu","09:50:38",712900
11.85,0.5,1700,"bu","09:50:38",712600
11.85,0.5,5300,"bu","09:50:38",710900
11.85,0.5,400,"bu","09:50:35",705600
11.85,0.5,3000,"bu","09:50:34",705200
11.85,0.5,3100,"bu","09:50:32",702200
11.85,0.5,5000,"bu","09:50:23",699100
11.85,0.5,1500,"bu","09:50:20",694100
11.85,0.5,500,"bu","09:50:19",692600
11.85,0.5,16000,"bu","09:50:15",692100
11.85,0.5,2000,"bu","09:50:08",676100
11.85,0.5,3000,"bu","09:49:48",674100
11.85,0.5,200,"bu","09:49:40",671100
11.85,0.5,2000,"bu","09:49:38",670900
11.8,0.45,4000,"bu","09:49:26",668900
11.8,0.45,400,"bu","09:49:26",664900
11.8,0.45,100,"bu","09:49:26",664500
11.8,0.45,2900,"bu","09:49:26",664400
11.8,0.45,5000,"bu","09:49:26",661500
11.8,0.45,4000,"bu","09:49:22",644300
11.8,0.45,2000,"bu","09:49:22",640300
11.8,0.45,4200,"bu","09:49:22",638300
11.8,0.45,5000,"bu","09:49:20",634100
11.8,0.45,3000,"bu","09:49:19",629100
11.8,0.45,2700,"bu","09:49:17",626100
11.8,0.45,300,"bu","09:49:15",623400
11.8,0.45,2500,"bu","09:49:14",623100
11.8,0.45,26000,"bu","09:49:09",620600
11.75,0.4,2800,"sd","09:49:07",594600
11.8,0.45,1500,"bu","09:49:05",591800
11.8,0.45,2000,"bu","09:48:56",590300
11.8,0.45,400,"bu","09:48:52",588300
11.75,0.4,500,"sd","09:48:44",587900
11.75,0.4,1800,"sd","09:48:44",587400
11.75,0.4,500,"sd","09:48:44",585600
11.75,0.4,300,"sd","09:48:44",585100
11.75,0.4,1200,"sd","09:48:44",584800
11.75,0.4,2000,"bu","09:48:44",583600
11.75,0.4,10700,"bu","09:48:44",581600
11.75,0.4,500,"bu","09:48:44",585600
11.75,0.4,300,"bu","09:48:44",585100
11.75,0.4,1200,"bu","09:48:44",584800
11.75,0.4,2000,"bu","09:48:44",583600
11.75,0.4,10700,"bu","09:48:44",581600
11.75,0.4,2000,"bu","09:48:42",570900
11.75,0.4,20000,"bu","09:48:42",568900
11.75,0.4,1500,"bu","09:48:32",548900
11.75,0.4,1800,"bu","09:48:19",547400
11.7,0.35,200,"bu","09:48:19",545600
11.7,0.35,300,"sd","09:48:16",545400
11.7,0.35,100,"sd","09:48:13",545100
11.7,0.35,400,"sd","09:48:13",545000
11.75,0.4,1000,"bu","09:48:11",544600
11.7,0.35,100,"bu","09:47:58",543600
11.7,0.35,300,"bu","09:47:51",543500
11.7,0.35,2700,"bu","09:47:51",543200
11.7,0.35,7300,"bu","09:47:47",540500
11.7,0.35,700,"bu","09:47:47",533200
11.7,0.35,8000,"bu","09:47:47",532500
11.7,0.35,1700,"bu","09:47:47",524500
11.7,0.35,1000,"bu","09:47:47",522800
11.7,0.35,3200,"bu","09:47:47",521800
11.7,0.35,18100,"bu","09:47:47",518600
11.7,0.35,3000,"bu","09:47:44",500500
11.7,0.35,3400,"bu","09:47:41",497500
11.7,0.35,1500,"bu","09:47:34",494100
11.7,0.35,5000,"bu","09:47:27",492600
11.7,0.35,2000,"bu","09:47:20",487600
11.7,0.35,1800,"bu","09:47:17",485600
11.7,0.35,6400,"bu","09:47:15",483800
11.7,0.35,1500,"bu","09:47:11",477400
11.7,0.35,200,"bu","09:47:10",475900
11.7,0.35,500,"bu","09:47:07",475700
11.7,0.35,9000,"bu","09:47:02",475200
11.7,0.35,2000,"bu","09:47:01",466200
11.7,0.35,1000,"bu","09:46:53",464200
11.7,0.35,600,"bu","09:46:42",463200
11.65,0.3,100,"bu","09:46:42",462600
11.65,0.3,900,"bu","09:46:40",462500
11.65,0.3,200,"bu","09:46:40",461600
11.65,0.3,500,"bu","09:46:40",461400
11.65,0.3,400,"bu","09:46:40",460900
11.65,0.3,1600,"bu","09:46:38",460500
11.65,0.3,400,"bu","09:46:38",458900
11.65,0.3,500,"bu","09:46:38",458500
11.65,0.3,2000,"bu","09:46:37",458000
11.65,0.3,5000,"bu","09:46:31",456000
11.65,0.3,1500,"bu","09:46:29",451000
11.65,0.3,1000,"bu","09:46:28",449500
11.65,0.3,500,"bu","09:46:26",448500
11.65,0.3,1000,"bu","09:46:24",448000
11.65,0.3,100,"bu","09:46:23",447000
11.65,0.3,2000,"bu","09:46:20",446900
11.65,0.3,2900,"bu","09:46:18",444900
11.65,0.3,600,"bu","09:46:17",442000
11.65,0.3,1000,"bu","09:46:11",441400
11.65,0.3,1500,"bu","09:46:06",440400
11.65,0.3,7000,"bu","09:46:03",438900
11.65,0.3,5000,"bu","09:46:00",431900
11.6,0.25,100,"bu","09:45:50",421200
11.6,0.25,300,"bu","09:45:50",421100
11.6,0.25,200,"bu","09:45:50",420800
11.6,0.25,5000,"bu","09:45:50",420600
11.6,0.25,500,"bu","09:45:49",415600
11.6,0.25,300,"bu","09:45:49",415100
11.6,0.25,100,"bu","09:45:49",414800
11.6,0.25,1300,"bu","09:45:49",414700
11.6,0.25,5000,"bu","09:45:48",413400
11.6,0.25,1500,"bu","09:45:47",408400
11.6,0.25,10000,"bu","09:45:45",406900
11.6,0.25,3000,"bu","09:45:43",396900
11.6,0.25,3000,"bu","09:45:40",393900
11.6,0.25,10000,"bu","09:45:35",390900
11.55,0.2,100,"sd","09:45:35",380900
11.6,0.25,2000,"bu","09:45:31",380800
11.6,0.25,5000,"bu","09:45:23",378800
11.6,0.25,5000,"bu","09:45:20",373800
11.6,0.25,300,"bu","09:45:15",368800
11.6,0.25,3000,"bu","09:45:13",368500
11.6,0.25,2000,"bu","09:45:31",380800
11.6,0.25,5000,"bu","09:45:23",378800
11.6,0.25,5000,"bu","09:45:20",373800
11.6,0.25,300,"bu","09:45:15",368800
11.6,0.25,3000,"bu","09:45:13",368500
11.6,0.25,200,"bu","09:45:11",365500
11.6,0.25,1000,"bu","09:45:03",365300
11.55,0.2,200,"bu","09:44:46",364300
11.5,0.15,4700,"bu","09:44:43",364100
11.5,0.15,20000,"bu","09:44:42",359400
11.5,0.15,2000,"bu","09:44:38",339400
11.5,0.15,3000,"bu","09:44:28",337400
11.5,0.15,2000,"bu","09:44:13",334400
11.5,0.15,200,"bu","09:44:10",332400
11.5,0.15,1500,"bu","09:44:03",332200
11.45,0.1,500,"sd","09:44:03",330700
11.5,0.15,100,"bu","09:43:59",330200
11.5,0.15,1000,"sd","09:43:52",330100
11.5,0.15,200,"sd","09:43:52",329100
11.5,0.15,200,"sd","09:43:52",328900
11.55,0.2,100,"bu","09:42:49",326800
11.55,0.2,100,"bu","09:42:49",326700
11.55,0.2,100,"bu","09:42:49",326600
11.55,0.2,900,"bu","09:42:49",326500
11.55,0.2,2000,"bu","09:42:46",325600
11.55,0.2,1000,"bu","09:42:36",323600
11.55,0.2,5000,"bu","09:42:36",322600
11.55,0.2,400,"bu","09:42:35",317600
11.55,0.2,2500,"bu","09:42:34",317200
11.55,0.2,500,"bu","09:42:33",314700
11.55,0.2,500,"bu","09:42:31",314200
11.55,0.2,1000,"bu","09:42:28",313700
11.55,0.2,10200,"bu","09:42:26",312700
11.55,0.2,2000,"bu","09:42:24",302500
11.55,0.2,3000,"bu","09:42:20",300500
11.55,0.2,500,"bu","09:42:19",297500
11.55,0.2,1000,"bu","09:42:11",297000
11.55,0.2,1500,"bu","09:42:03",296000
11.5,0.15,100,"sd","09:41:59",294500
11.5,0.15,100,"bu","09:41:54",294400
11.5,0.15,2200,"bu","09:41:54",294300
11.5,0.15,3000,"bu","09:41:46",292100
11.5,0.15,2200,"bu","09:41:46",289100
11.5,0.15,2000,"bu","09:41:38",286900
11.5,0.15,600,"bu","09:41:34",284900
11.5,0.15,300,"bu","09:41:34",284300
11.5,0.15,4100,"bu","09:41:34",284000
11.5,0.15,1500,"bu","09:41:29",279900
11.5,0.15,5000,"bu","09:41:27",278400
11.45,0.1,500,"sd","09:41:23",273400
11.5,0.15,100,"bu","09:41:22",272900
11.5,0.15,100,"bu","09:41:20",272800
11.5,0.15,4600,"bu","09:41:19",272700
11.5,0.15,3000,"bu","09:41:17",268100
11.5,0.15,5000,"bu","09:41:16",265100
11.5,0.15,5000,"bu","09:41:16",260100
11.5,0.15,100,"bu","09:41:15",255100
11.5,0.15,6900,"bu","09:41:12",255000
11.5,0.15,100,"bu","09:41:11",248100
11.5,0.15,2000,"bu","09:41:08",248000
11.5,0.15,1500,"bu","09:41:01",246000
11.5,0.15,1000,"bu","09:40:52",244500
11.5,0.15,2000,"bu","09:40:44",243500
11.5,0.15,2000,"bu","09:40:34",241500
11.5,0.15,500,"bu","09:40:28",239500
11.5,0.15,1500,"bu","09:40:25",239000
11.45,0.1,300,"bu","09:40:14",237500
11.45,0.1,200,"bu","09:40:10",237200
11.45,0.1,500,"bu","09:40:05",237000
11.45,0.1,900,"bu","09:39:58",236500
11.45,0.1,100,"bu","09:39:56",235600
11.45,0.1,1000,"bu","09:39:56",235500
11.45,0.1,1000,"bu","09:39:45",234500
11.45,0.1,1000,"bu","09:39:45",233500
11.45,0.1,1000,"bu","09:39:45",232500
11.45,0.1,1000,"bu","09:39:45",231500
11.45,0.1,1000,"bu","09:39:43",230500
11.45,0.1,5000,"bu","09:39:38",229500
11.45,0.1,1400,"bu","09:39:36",224500
11.45,0.1,3000,"bu","09:39:36",223100
11.45,0.1,100,"bu","09:39:36",220100
11.45,0.1,2000,"bu","09:39:34",220000
11.45,0.1,1000,"bu","09:39:22",218000
11.45,0.1,7000,"bu","09:39:09",217000
11.45,0.1,1800,"bu","09:39:08",210000
11.45,0.1,1500,"bu","09:38:47",208200
11.45,0.1,3000,"bu","09:38:34",206700
11.45,0.1,2000,"bu","09:38:25",203700
11.45,0.1,1000,"bu","09:38:17",201700
11.45,0.1,3200,"bu","09:38:08",200700
11.4,0.05,1800,"bu","09:38:08",197500
11.4,0.05,500,"bu","09:38:07",195700
11.4,0.05,2700,"bu","09:38:05",195200
11.4,0.05,2300,"bu","09:38:05",192500
11.4,0.05,1500,"bu","09:37:59",190200
11.4,0.05,10000,"bu","09:37:59",188700
11.4,0.05,2000,"bu","09:37:49",178700
11.4,0.05,3000,"bu","09:37:38",176700
11.4,0.05,5000,"bu","09:37:37",173700
11.4,0.05,2000,"bu","09:37:21",168700
11.4,0.05,10000,"bu","09:37:58",188700
11.4,0.05,2000,"bu","09:37:49",178700
11.4,0.05,3000,"bu","09:37:38",176700
11.4,0.05,5000,"bu","09:37:37",173700
11.4,0.05,2000,"bu","09:37:21",168700
11.4,0.05,1000,"bu","09:37:15",166700
11.4,0.05,1500,"bu","09:37:14",165700
11.4,0.05,1000,"bu","09:37:14",164200
11.4,0.05,2000,"bu","09:37:06",163200
11.4,0.05,1000,"bu","09:37:05",161200
11.4,0.05,100,"sd","09:36:57",160200
11.4,0.05,6600,"sd","09:36:57",160100
11.4,0.05,100,"sd","09:36:33",153500
11.45,0.1,2000,"bu","09:36:28",153400
11.45,0.1,1500,"bu","09:36:20",151400
11.45,0.1,1000,"bu","09:35:57",149900
11.4,0.05,100,"bu","09:35:48",148900
11.4,0.05,1300,"bu","09:35:48",148800
11.4,0.05,100,"bu","09:35:48",147500
11.4,0.05,19000,"bu","09:35:42",147400
11.4,0.05,1000,"bu","09:35:42",128400
11.4,0.05,2000,"bu","09:35:31",127400
11.4,0.05,5000,"bu","09:35:18",125400
11.4,0.05,1000,"bu","09:35:18",120400
11.4,0.05,200,"bu","09:35:18",119400
11.4,0.05,23500,"bu","09:35:18",119200
11.4,0.05,300,"bu","09:35:18",95700
11.4,0.05,1000,"bu","09:34:48",95400
11.4,0.05,1500,"bu","09:33:56",94400
11.4,0.05,3000,"bu","09:33:23",92900
11.4,0.05,2000,"bu","09:33:22",89900
11.4,0.05,5000,"bu","09:33:14",87900
11.4,0.05,1500,"bu","09:32:53",82900
11.4,0.05,2000,"bu","09:32:35",81400
11.4,0.05,3700,"bu","09:32:32",79400
11.4,0.05,4500,"bu","09:32:32",75700
11.4,0.05,1000,"bu","09:32:32",71200
11.4,0.05,800,"bu","09:32:32",70200
11.4,0.05,1000,"bu","09:32:19",69400
11.4,0.05,2000,"bu","09:32:09",68400
11.4,0.05,3000,"bu","09:31:56",66400
11.4,0.05,5000,"bu","09:31:55",63400
11.4,0.05,3000,"bu","09:31:36",58400
11.4,0.05,2000,"bu","09:31:18",55400
11.4,0.05,5000,"bu","09:31:02",53400
11.4,0.05,1000,"bu","09:30:47",48400
11.4,0.05,1000,"bu","09:28:50",47400
11.4,0.05,700,"bu","09:28:27",46400
11.4,0.05,1000,"bu","09:28:07",45700
11.4,0.05,1000,"bu","09:28:00",44700
11.4,0.05,1000,"bu","09:25:58",43700
11.4,0.05,1300,"bu","09:23:14",42700
11.4,0.05,2000,"bu","09:18:56",41400
11.4,0.05,1000,"bu","09:18:26",39400
11.4,0.05,2500,"bu","09:18:09",38400
11.4,0.05,1000,"bu","09:17:46",35900
11.35,0,400,"sd","09:17:20",34900
11.4,0.05,2000,"bu","09:16:58",34500
11.4,0.05,500,"bu","09:16:49",32500
11.4,0.05,1000,"bu","09:16:39",32000
11.35,0,31000,"sd","09:15:00",31000
11,-0.25,5300,"sd","09:18:09",123300
11,-0.25,3700,"sd","09:17:57",118000
11,-0.25,500,"sd","09:17:57",114300
11,-0.25,800,"sd","09:17:57",113800
11,-0.25,100,"bu","09:17:44",113000
11,-0.25,100,"bu","09:17:44",112900
11,-0.25,2000,"bu","09:17:44",112800
11,-0.25,800,"bu","09:17:41",110800
11,-0.25,500,"bu","09:17:31",110000
11,-0.25,4000,"bu","09:17:25",109500
11,-0.25,1000,"bu","09:17:21",105500
11,-0.25,1000,"bu","09:17:18",104500
11,-0.25,200,"bu","09:17:15",103500
11,-0.25,500,"bu","09:17:14",103300
11,-0.25,100,"bu","09:17:04",102800
11,-0.25,300,"bu","09:17:02",102700
11,-0.25,2000,"bu","09:16:58",102400
11,-0.25,5000,"sd","09:16:52",100400
11,-0.25,300,"sd","09:16:52",95400
11,-0.25,1500,"sd","09:16:52",95100
11,-0.25,2000,"sd","09:16:52",93600
11,-0.25,1000,"sd","09:16:52",91600
11,-0.25,100,"sd","09:16:52",90600
11,-0.25,1000,"sd","09:16:52",90500
11,-0.25,5000,"sd","09:16:52",89500
11,-0.25,3000,"sd","09:16:52",84500
11,-0.25,1000,"sd","09:16:52",81500
11,-0.25,200,"sd","09:16:52",80500
11,-0.25,1000,"sd","09:16:52",80300
11,-0.25,4500,"sd","09:16:52",79300
11,-0.25,800,"sd","09:16:52",74800
11,-0.25,1200,"sd","09:16:52",74000
11.2,-0.05,4300,"bu","09:16:34",72800
11.2,-0.05,500,"bu","09:16:34",68500
11.2,-0.05,100,"bu","09:16:34",68000
11.2,-0.05,100,"bu","09:16:34",67900
11,-0.25,200,"bu","09:15:51",67800
11,-0.25,1300,"bu","09:15:51",67600
11,-0.25,3500,"bu","09:15:51",66300
11,-0.25,400,"bu","09:15:38",62800
