"price","change","match_qtty","side","time","total_vol"
52.5,-1.1,100,"","14:50:09",3860000
52.5,-1.1,255600,"","14:45:01",3859900
52.9,-0.7,4000,"bu","14:29:51",3604300
52.9,-0.7,500,"bu","14:29:31",3600300
52.9,-0.7,15000,"bu","14:28:52",3599800
52.7,-0.9,3500,"bu","14:28:51",3584800
52.6,-1,200,"sd","14:28:48",3581300
52.7,-0.9,500,"bu","14:28:40",3581100
52.6,-1,4000,"sd","14:28:35",3580600
52.7,-0.9,1000,"sd","14:28:20",3576600
52.7,-0.9,1000,"sd","14:28:19",3575600
52.6,-1,200,"sd","14:28:05",3574600
52.9,-0.7,100,"bu","14:27:59",3574400
53,-0.6,15000,"bu","14:27:42",3574300
52.9,-0.7,15000,"bu","14:27:37",3559300
52.7,-0.9,13500,"sd","14:27:32",3544300
52.9,-0.7,1000,"bu","14:27:29",3530800
52.9,-0.7,33900,"bu","14:27:22",3529800
52.9,-0.7,100,"bu","14:27:02",3495900
52.8,-0.8,1300,"sd","14:26:57",3495800
52.7,-0.9,18400,"sd","14:26:46",3477900
52.5,-1.1,200,"sd","14:26:39",3459500
52.6,-1,800,"bu","14:26:32",3459300
52.7,-0.9,10000,"bu","14:26:12",3458500
52.7,-0.9,100,"bu","14:26:09",3448500
52.6,-1,300,"","14:26:07",3448400
52.6,-1,100,"bu","14:26:03",3448100
52.6,-1,300,"bu","14:26:01",3448000
52.6,-1,100,"bu","14:26:00",3447700
52.5,-1.1,2000,"sd","14:25:58",3447600
52.5,-1.1,200,"sd","14:25:56",3445600
52.6,-1,100,"bu","14:25:54",3445400
52.6,-1,1100,"bu","14:25:53",3445300
52.7,-0.9,100,"bu","14:25:42",3444200
52.5,-1.1,2500,"sd","14:25:33",3444100
52.7,-0.9,100,"bu","14:25:31",3441600
52.7,-0.9,100,"bu","14:25:28",3441500
52.5,-1.1,800,"","14:25:15",3441400
52.4,-1.2,200,"sd","14:25:13",3440600
52.5,-1.1,2000,"bu","14:25:10",3440400
53.4,0.4,100,"bu","14:27:26",2236900
53.4,0.4,100,"bu","14:27:21",2236800
53.4,0.4,100,"bu","14:27:12",2236700
53.4,0.4,100,"bu","14:27:08",2236600
53.3,0.3,6600,"bu","14:27:04",2236500
53.3,0.3,100,"bu","14:27:03",2229900
53.3,0.3,23300,"sd","14:27:00",2229800
53.4,0.4,3100,"bu","14:26:59",2206500
53.4,0.4,100,"bu","14:26:55",2203400
53.4,0.4,100,"bu","14:26:50",2203300
53.4,0.4,600,"bu","14:26:47",2203200
53.4,0.4,29500,"bu","14:26:44",2202600
53.4,0.4,100,"bu","14:26:42",2173100
53.4,0.4,100,"bu","14:26:38",2173000
53.4,0.4,100,"bu","14:26:34",2172900
53.4,0.4,10000,"bu","14:26:33",2172800
53.4,0.4,2000,"bu","14:26:26",2162800
53.4,0.4,100,"bu","14:26:04",2160800
53.4,0.4,100,"bu","14:25:58",2160700
53.4,0.4,100,"bu","14:25:38",2160600
53.4,0.4,300,"bu","14:25:37",2160500
53.4,0.4,100,"bu","14:25:34",2160200
53.4,0.4,100,"bu","14:25:31",2160100
53.4,0.4,100,"bu","14:25:28",2160000
53.4,0.4,100,"bu","14:25:25",2159900
53.3,0.3,3700,"bu","14:25:16",2159800
53.3,0.3,700,"bu","14:25:14",2156100
53.3,0.3,1000,"bu","14:25:12",2155400
53.3,0.3,1000,"bu","14:25:11",2154400
53.3,0.3,3000,"bu","14:25:10",2153400
53.3,0.3,100,"bu","14:25:07",2150400
53.3,0.3,200,"bu","14:25:05",2150300
53.3,0.3,3100,"bu","14:25:03",2150100
53.3,0.3,100,"bu","14:24:59",2147000
53.3,0.3,5100,"bu","14:24:55",2146900
53.3,0.3,2000,"bu","14:24:53",2141800
53.3,0.3,100,"bu","14:24:51",2139800
53.3,0.3,2000,"bu","14:24:49",2139700
53.3,0.3,200,"bu","14:24:48",2137700
53.3,0.3,10000,"bu","14:24:46",2137500
53.3,0.3,2300,"bu","14:24:45",2127500
53.3,0.3,100,"bu","14:24:44",2125200
53.3,0.3,100,"bu","14:24:39",2125100
53.3,0.3,300,"bu","14:24:36",2125000
53.3,0.3,100,"bu","14:24:35",2124700
53.3,0.3,100,"bu","14:24:31",2124600
53.3,0.3,100,"bu","14:24:27",2124500
53.3,0.3,100,"bu","14:24:26",2124400
53.3,0.3,100,"bu","14:24:19",2124300
53.3,0.3,100,"bu","14:24:11",2124200
53.3,0.3,100,"bu","14:24:10",2124100
53.3,0.3,100,"bu","14:24:06",2124000
53.3,0.3,1000,"bu","14:24:04",2123900
53.3,0.3,5000,"bu","14:24:01",2122900
53.3,0.3,100,"bu","14:24:00",2117900
53.3,0.3,100,"bu","14:23:52",2117800
53.3,0.3,400,"bu","14:23:41",2117700
53.3,0.3,600,"bu","14:23:34",2117300
53.2,0.2,100,"sd","14:22:55",2116700
53.2,0.2,200,"sd","14:22:50",2116600
53.2,0.2,1500,"sd","14:22:38",2116400
53.2,0.2,1200,"sd","14:22:32",2114900
53.2,0.2,700,"sd","14:22:16",2113700
53.2,0.2,100,"sd","14:21:57",2113000
53.3,0.3,5000,"bu","14:21:56",2112900
53.2,0.2,1900,"sd","14:21:35",2107900
53.2,0.2,1500,"sd","14:21:17",2106000
53.2,0.2,200,"sd","14:20:56",2104500
53.2,0.2,300,"sd","14:20:15",2104300
53.2,0.2,200,"sd","14:19:58",2104000
53.2,0.2,9000,"sd","14:19:38",2103800
53.2,0.2,1000,"bu","14:19:35",2094800
53.3,0.3,500,"bu","14:19:26",2093800
53.3,0.3,3000,"bu","14:19:09",2093300
53.2,0.2,7800,"sd","14:19:04",2090300
53.3,0.3,300,"bu","14:19:02",2082500
53.3,0.3,6000,"bu","14:18:42",2082200
53.2,0.2,100,"sd","14:18:38",2076200
53.2,0.2,400,"bu","14:18:32",2076100
53.2,0.2,20000,"bu","14:18:31",2075700
52.8,-0.3,2000,"sd","14:17:16",2098300
52.8,-0.3,200,"sd","14:17:10",2096300
52.8,-0.3,800,"sd","14:17:04",2096100
52.8,-0.3,2000,"sd","14:16:56",2095300
52.8,-0.3,400,"sd","14:16:54",2093300
52.8,-0.3,800,"sd","14:16:48",2092900
52.8,-0.3,500,"sd","14:16:47",2092100
52.8,-0.3,900,"sd","14:16:05",2091600
52.8,-0.3,5800,"sd","14:15:41",2090700
52.9,-0.2,9600,"bu","14:15:24",2084900
52.9,-0.2,2000,"sd","14:15:16",2075300
52.9,-0.2,3700,"sd","14:15:13",2073300
52.9,-0.2,800,"sd","14:15:06",2069600
52.9,-0.2,10000,"sd","14:15:01",2068800
53,-0.1,900,"bu","14:13:57",2058800
53,-0.1,200,"sd","14:13:41",2057900
53,-0.1,1000,"sd","14:13:33",2057700
53,-0.1,2000,"sd","14:13:17",2056700
53,-0.1,10000,"sd","14:13:16",2054700
53,-0.1,700,"sd","14:13:08",2044700
53,-0.1,5000,"sd","14:13:03",2044000
53,-0.1,200,"sd","14:12:55",2039000
53,-0.1,1000,"sd","14:12:43",2038800
53.1,0,800,"bu","14:12:36",2037800
53.1,0,100,"bu","14:12:00",2037000
53,-0.1,20000,"sd","14:11:51",2036900
53.1,0,18600,"sd","14:11:29",2016900
53.1,0,2000,"sd","14:11:26",1998300
53.1,0,700,"sd","14:11:12",1996300
53.1,0,500,"sd","14:11:01",1995600
53.2,0.1,500,"bu","14:10:55",1995100
53.2,0.1,100,"bu","14:10:14",1994600
53.1,0,800,"sd","14:10:10",1994500
53.1,0,1000,"sd","14:10:09",1993700
53.1,0,4500,"sd","14:10:02",1992700
53.1,0,15000,"sd","14:09:37",1988200
53.1,0,700,"sd","14:09:13",1973200
53.1,0,4900,"bu","14:09:06",1972500
53.1,0,1000,"bu","14:09:02",1967600
53.1,0,10000,"bu","14:08:49",1966600
53.1,0,800,"bu","14:08:35",1956600
53.1,0,4000,"bu","14:08:28",1955800
53,-0.1,300,"sd","14:08:22",1951800
53.1,0,600,"bu","14:08:18",1951500
53.1,0,10000,"bu","14:08:11",1950900
53.1,0,25000,"bu","14:07:58",1940900
53.1,0,500,"bu","14:07:44",1915900
53.1,0,1000,"bu","14:07:40",1915400
53.1,0,1000,"bu","14:07:30",1914400
53.1,0,19000,"bu","14:07:17",1913400
53.1,0,900,"bu","14:07:14",1894400
53.1,0,12600,"sd","14:07:08",1893500
53.1,0,100,"sd","14:06:58",1880900
53.1,0,1000,"sd","14:06:52",1880800
53.1,0,200,"sd","14:06:51",1879800
53.1,0,500,"sd","14:06:49",1879600
53.1,0,200,"sd","14:06:47",1879100
53.1,0,5000,"sd","14:06:34",1878900
53.1,0,600,"sd","14:06:32",1873900
53.1,0,700,"sd","14:06:14",1873300
53.1,0,1500,"sd","14:06:11",1872600
53.1,0,15700,"bu","14:06:09",1871100
53,-0.1,800,"sd","14:06:03",1855400
53.1,0,300,"bu","14:06:01",1854600
53.1,0,1000,"bu","14:05:57",1854300
53.1,0,2400,"bu","14:05:56",1853300
53.1,0,800,"bu","14:05:54",1850900
53.1,0,3800,"sd","14:05:27",1850100
53.1,0,100,"sd","14:05:26",1846300
53.1,0,1800,"sd","14:05:18",1846200
53.1,0,700,"sd","14:05:16",1844400
53.1,0,100,"sd","14:05:13",1843700
53.1,0,1100,"sd","14:04:42",1843600
53.1,0,1400,"sd","14:04:26",1842500
53.1,0,4000,"bu","14:04:22",1841100
53.1,0,10000,"bu","14:04:10",1837100
53,-0.1,1000,"sd","14:03:50",1827100
53,-0.1,21000,"bu","14:03:45",1826100
52.9,-0.2,1000,"sd","14:03:37",1805100
53,-0.1,5800,"bu","14:03:35",1804100
52.9,-0.2,800,"sd","14:03:18",1798300
52.9,-0.2,300,"sd","14:02:59",1797500
52.9,-0.2,500,"sd","14:02:54",1797200
52.9,-0.2,700,"sd","14:02:19",1796700
52.9,-0.2,800,"sd","14:01:20",1796000
52.9,-0.2,500,"sd","14:00:57",1795200
52.9,-0.2,10000,"sd","14:00:56",1794700
52.9,-0.2,800,"sd","14:00:22",1784700
52.9,-0.2,7300,"bu","14:00:21",1783900
52.9,-0.2,2700,"sd","14:00:01",1776600
52.9,-0.2,300,"bu","13:59:25",1773900
52.9,-0.2,400,"bu","13:59:23",1773600
52.9,-0.2,8600,"bu","13:59:11",1773200
52.9,-0.2,100,"bu","13:58:52",1764600
52.9,-0.2,900,"bu","13:57:51",1764500
52.9,-0.2,1000,"bu","13:57:44",1763600
52.9,-0.2,1800,"bu","13:56:54",1762600
52.9,-0.2,2500,"sd","13:56:40",1760800
52.9,-0.2,800,"sd","13:56:24",1758300
52.9,-0.2,5000,"sd","13:56:19",1757500
52.9,-0.2,500,"sd","13:56:18",1752500
52.9,-0.2,500,"sd","13:56:16",1752000
52.9,-0.2,400,"sd","13:56:03",1751500
52.9,-0.2,700,"sd","13:55:24",1751100
52.9,-0.2,500,"sd","13:55:05",1750400
52.9,-0.2,100,"sd","13:54:38",1749900
52.9,-0.2,800,"sd","13:54:25",1749800
52.9,-0.2,300,"sd","13:54:04",1749000
52.9,-0.2,4800,"bu","13:53:54",1748700
52.9,-0.2,5000,"bu","13:53:51",1743900
52.9,-0.2,900,"bu","13:53:48",1738900
52.9,-0.2,800,"bu","13:52:28",1738000
52.9,-0.2,800,"","13:51:28",1737200
52.9,-0.2,1200,"bu","13:51:06",1736400
52.8,-0.3,1000,"sd","13:50:56",1735200
52.9,-0.2,20000,"bu","13:50:48",1734200
52.8,-0.3,700,"sd","13:50:29",1714200
52.8,-0.3,300,"bu","13:50:03",1713500
52.8,-0.3,700,"bu","13:49:47",1713200
52.8,-0.3,100,"sd","13:49:45",1712500
52.8,-0.3,400,"bu","13:49:36",1712400
52.8,-0.3,400,"sd","13:49:30",1712000
52.8,-0.3,600,"sd","13:49:29",1711600
52.8,-0.3,1000,"bu","13:49:07",1711000
52.8,-0.3,9400,"sd","13:48:36",1710000
52.8,-0.3,700,"sd","13:48:31",1700600
52.8,-0.3,100,"sd","13:47:58",1699900
52.9,-0.2,800,"bu","13:47:06",1699800
52.9,-0.2,100,"bu","13:46:59",1699000
52.9,-0.2,100,"bu","13:46:38",1698900
52.9,-0.2,100,"bu","13:46:16",1698800
52.9,-0.2,800,"bu","13:45:45",1698700
52.9,-0.2,13000,"bu","13:45:21",1697900
52.8,-0.3,1000,"sd","13:45:20",1684900
52.8,-0.3,800,"sd","13:44:35",1683900
52.8,-0.3,3000,"sd","13:44:20",1683100
52.8,-0.3,100,"sd","13:43:58",1680100
52.8,-0.3,100,"sd","13:43:55",1680000
52.8,-0.3,700,"sd","13:43:36",1679900
52.8,-0.3,1000,"sd","13:43:29",1679200
52.8,-0.3,17100,"bu","13:43:27",1678200
52.8,-0.3,800,"bu","13:43:04",1661100
52.8,-0.3,800,"bu","13:41:45",1660300
52.8,-0.3,3700,"sd","13:41:37",1659500
52.8,-0.3,10000,"sd","13:41:29",1655800
52.8,-0.3,10300,"sd","13:41:16",1645800
52.8,-0.3,500,"bu","13:41:11",1635500
52.8,-0.3,9000,"bu","13:40:34",1635000
52.8,-0.3,3000,"bu","13:40:25",1626000
52.8,-0.3,800,"bu","13:40:23",1623000
52.8,-0.3,8000,"bu","13:40:15",1622200
52.7,-0.4,700,"sd","13:39:39",1614200
52.7,-0.4,200,"sd","13:39:35",1613500
52.8,-0.3,13000,"bu","13:39:12",1613300
52.7,-0.4,200,"sd","13:38:57",1600300
52.7,-0.4,2000,"sd","13:38:49",1600100
52.7,-0.4,600,"sd","13:38:46",1598100
52.7,-0.4,1500,"bu","13:38:45",1597500
52.7,-0.4,2000,"bu","13:38:44",1596000
52.7,-0.4,500,"bu","13:38:37",1594000
52.7,-0.4,1000,"bu","13:38:31",1593500
52.7,-0.4,6700,"sd","13:38:20",1592500
52.7,-0.4,8300,"sd","13:38:17",1585800
52.7,-0.4,6000,"bu","13:38:09",1577500
52.7,-0.4,800,"bu","13:37:43",1571500
52.7,-0.4,37200,"sd","13:37:30",1570700
52.7,-0.4,1000,"sd","13:37:15",1533500
52.8,-0.3,200,"bu","13:37:01",1532500
52.8,-0.3,3000,"bu","13:36:59",1532300
52.8,-0.3,200,"bu","13:36:52",1529300
52.7,-0.4,500,"sd","13:36:45",1529100
52.8,-0.3,5000,"bu","13:36:27",1528600
52.7,-0.4,300,"sd","13:36:21",1523600
52.7,-0.4,800,"sd","13:35:45",1523300
52.7,-0.4,2000,"sd","13:34:53",1522500
52.8,-0.3,800,"bu","13:34:49",1520500
52.7,-0.4,700,"sd","13:34:45",1519700
52.7,-0.4,200,"sd","13:34:38",1519000
52.7,-0.4,23000,"sd","13:34:19",1518800
52.7,-0.4,100,"sd","13:34:12",1495800
52.8,-0.3,1000,"bu","13:34:00",1495700
52.8,-0.3,800,"bu","13:33:42",1494700
52.8,-0.3,100,"bu","13:33:41",1493900
52.8,-0.3,2000,"bu","13:33:40",1493800
52.8,-0.3,100,"bu","13:33:38",1491800
52.8,-0.3,10000,"sd","13:33:35",1491700
52.8,-0.3,100,"sd","13:33:32",1481700
52.8,-0.3,200,"sd","13:32:50",1481600
52.9,-0.2,1200,"bu","13:32:41",1481400
52.9,-0.2,600,"sd","13:32:22",1480200
52.9,-0.2,200,"sd","13:32:21",1479600
52.9,-0.2,900,"sd","13:32:05",1479400
52.9,-0.2,1400,"bu","13:31:56",1478500
52.9,-0.2,400,"bu","13:31:53",1477100
52.9,-0.2,200,"bu","13:31:04",1476700
52.9,-0.2,300,"bu","13:31:02",1476500
52.9,-0.2,500,"sd","13:31:01",1476200
52.9,-0.2,2000,"bu","13:30:58",1475700
52.8,-0.3,2000,"sd","13:30:28",1473700
52.9,-0.2,1000,"bu","13:30:13",1471700
52.9,-0.2,200,"bu","13:29:55",1470700
52.8,-0.3,500,"sd","13:29:51",1470500
52.9,-0.2,800,"bu","13:29:40",1470000
52.9,-0.2,1000,"bu","13:29:32",1469200
52.9,-0.2,3500,"bu","13:29:26",1468200
52.9,-0.2,600,"bu","13:29:19",1464700
52.9,-0.2,100,"bu","13:29:05",1464100
52.8,-0.3,800,"sd","13:29:03",1464000
52.9,-0.2,100,"bu","13:29:02",1463200
52.8,-0.3,1600,"sd","13:28:58",1463100
52.9,-0.2,10000,"bu","13:28:34",1461500
52.8,-0.3,500,"sd","13:28:16",1451500
52.8,-0.3,100,"sd","13:28:06",1451000
52.8,-0.3,500,"sd","13:28:04",1450900
52.8,-0.3,13600,"sd","13:27:41",1450400
52.8,-0.3,5000,"bu","13:27:31",1436800
52.8,-0.3,100,"bu","13:27:16",1431800
52.7,-0.4,1000,"sd","13:26:47",1431700
52.8,-0.3,10000,"bu","13:26:42",1430700
52.7,-0.4,2000,"sd","13:26:32",1420700
52.7,-0.4,3000,"sd","13:26:25",1418700
52.7,-0.4,15000,"sd","13:26:23",1415700
52.7,-0.4,500,"sd","13:25:57",1400700
52.7,-0.4,200,"sd","13:25:43",1400200
52.7,-0.4,100,"sd","13:25:24",1400000
52.7,-0.4,800,"sd","13:25:07",1399900
52.8,-0.3,10000,"bu","13:24:55",1399100
52.7,-0.4,300,"sd","13:24:54",1389100
52.7,-0.4,500,"sd","13:24:48",1388800
52.7,-0.4,200,"sd","13:24:47",1388300
52.7,-0.4,3000,"sd","13:24:38",1388100
52.7,-0.4,2400,"bu","13:24:26",1385100
52.7,-0.4,100,"bu","13:24:22",1382700
52.6,-0.5,7000,"sd","13:24:17",1382600
52.7,-0.4,100,"bu","13:24:12",1375600
52.6,-0.5,4000,"sd","13:24:10",1375500
52.7,-0.4,100,"bu","13:24:08",1371500
52.6,-0.5,800,"sd","13:23:53",1371400
52.6,-0.5,2600,"sd","13:23:48",1370600
52.7,-0.4,500,"bu","13:23:39",1368000
52.6,-0.5,5000,"sd","13:23:37",1367500
52.6,-0.5,3100,"sd","13:23:32",1362500
52.7,-0.4,7000,"bu","13:23:28",1359400
52.7,-0.4,3000,"sd","13:23:27",1352400
52.7,-0.4,100,"sd","13:23:20",1349400
52.7,-0.4,1000,"sd","13:23:18",1349300
52.7,-0.4,100,"sd","13:23:12",1348300
52.7,-0.4,6000,"sd","13:23:08",1348200
52.7,-0.4,3300,"sd","13:23:07",1342200
52.7,-0.4,4700,"bu","13:23:03",1338900
52.7,-0.4,400,"sd","13:23:01",1334200
52.7,-0.4,500,"sd","13:22:58",1333800
52.7,-0.4,200,"sd","13:22:56",1333300
52.7,-0.4,1000,"sd","13:22:55",1333100
52.7,-0.4,4900,"sd","13:22:51",1332100
52.7,-0.4,500,"sd","13:22:47",1327200
52.7,-0.4,500,"sd","13:22:44",1326700
52.7,-0.4,1700,"sd","13:22:35",1326200
52.7,-0.4,5000,"sd","13:22:27",1324500
52.8,-0.3,200,"bu","13:22:10",1319500
52.8,-0.3,1000,"bu","13:21:54",1319300
52.8,-0.3,42300,"bu","13:21:40",1318300
52.8,-0.3,100,"sd","13:21:35",1276000
52.8,-0.3,2000,"sd","13:21:32",1275900
52.8,-0.3,4200,"sd","13:21:24",1273900
52.9,-0.2,1000,"bu","13:21:13",1269700
52.8,-0.3,300,"sd","13:21:05",1268700
52.8,-0.3,1000,"sd","13:20:39",1268400
52.9,-0.2,15000,"bu","13:20:24",1267400
52.9,-0.2,800,"bu","13:20:17",1252400
52.9,-0.2,10000,"bu","13:19:32",1251600
52.9,-0.2,1500,"bu","13:19:11",1241600
52.8,-0.3,200,"sd","13:18:47",1240100
52.9,-0.2,10000,"bu","13:18:36",1239900
52.8,-0.3,200,"sd","13:18:17",1229900
52.9,-0.2,20000,"bu","13:18:02",1229700
52.8,-0.3,3000,"sd","13:17:28",1209700
52.9,-0.2,200,"bu","13:17:22",1206700
52.9,-0.2,100,"bu","13:16:47",1206500
52.9,-0.2,500,"bu","13:16:29",1206400
52.9,-0.2,100,"bu","13:16:22",1205900
52.9,-0.2,800,"bu","13:16:14",1205800
52.9,-0.2,600,"bu","13:16:03",1205000
52.9,-0.2,2000,"sd","13:16:02",1204400
52.9,-0.2,2000,"sd","13:15:36",1202400
52.9,-0.2,13300,"sd","13:15:35",1200400
52.9,-0.2,10000,"sd","13:15:25",1187100
52.9,-0.2,1000,"sd","13:15:17",1177100
52.9,-0.2,100,"sd","13:14:59",1176100
52.9,-0.2,10000,"sd","13:14:58",1176000
52.9,-0.2,100,"sd","13:14:33",1166000
53,-0.1,3700,"sd","13:14:10",1165900
53,-0.1,1800,"sd","13:13:59",1162200
53,-0.1,1000,"sd","13:13:50",1160400
53,-0.1,500,"sd","13:13:49",1159400
53,-0.1,200,"sd","13:13:47",1158900
53,-0.1,1000,"sd","13:13:45",1158700
53,-0.1,1000,"sd","13:13:43",1157700
53,-0.1,2000,"sd","13:13:30",1156700
53,-0.1,100,"sd","13:13:29",1154700
53,-0.1,11100,"sd","13:13:21",1154600
53,-0.1,800,"bu","13:12:13",1143500
53,-0.1,5000,"bu","13:12:04",1142700
53,-0.1,200,"bu","13:11:50",1137700
53,-0.1,11200,"bu","13:10:52",1137500
53,-0.1,3900,"sd","13:10:47",1126300
53,-0.1,500,"sd","13:10:35",1122400
53,-0.1,100,"sd","13:10:15",1121900
53,-0.1,100,"sd","13:10:05",1121800
53,-0.1,100,"sd","13:09:42",1121700
53,-0.1,8000,"bu","13:09:35",1121600
53,-0.1,800,"bu","13:09:32",1113600
53,-0.1,5000,"bu","13:09:13",1112800
53,-0.1,800,"bu","13:08:11",1107800
53,-0.1,100,"bu","13:08:06",1107000
52.9,-0.2,200,"sd","13:07:59",1106900
52.9,-0.2,300,"sd","13:07:38",1106700
52.9,-0.2,3000,"sd","13:07:33",1106400
52.9,-0.2,100,"sd","13:07:18",1103400
52.9,-0.2,500,"sd","13:07:14",1103300
52.9,-0.2,1000,"sd","13:06:07",1102800
52.9,-0.2,1000,"sd","13:05:32",1101800
52.9,-0.2,1700,"sd","13:04:58",1100800
52.9,-0.2,400,"sd","13:04:47",1099100
52.9,-0.2,500,"sd","13:04:40",1098700
52.9,-0.2,1000,"sd","13:04:29",1098200
53,-0.1,800,"bu","13:04:11",1097200
53,-0.1,500,"bu","13:03:40",1096400
53,-0.1,100,"bu","13:03:24",1095900
53,-0.1,9300,"bu","13:03:02",1095800
53,-0.1,600,"sd","13:02:53",1086500
53,-0.1,100,"sd","13:02:33",1085900
53,-0.1,2500,"sd","13:02:32",1085800
53,-0.1,5000,"sd","13:02:29",1083300
53,-0.1,1100,"sd","13:02:27",1078300
53,-0.1,12900,"sd","13:02:19",1077200
52.9,-0.2,1000,"sd","13:02:17",1064300
52.9,-0.2,5000,"sd","13:02:16",1063300
52.9,-0.2,400,"sd","13:02:14",1058300
52.9,-0.2,1000,"sd","13:02:11",1057900
52.9,-0.2,300,"sd","13:01:49",1056900
53,-0.1,1000,"bu","13:01:30",1056600
52.9,-0.2,500,"sd","13:01:08",1055600
52.9,-0.2,3000,"sd","13:00:30",1055100
53,-0.1,800,"bu","13:00:09",1052100
52.9,-0.2,33200,"sd","13:00:08",1051300
53,-0.1,3100,"sd","13:00:06",1018100
53.1,0,23300,"bu","13:00:05",1015000
53,-0.1,5100,"sd","13:00:04",991700
53,-0.1,4900,"sd","13:00:03",986600
53,-0.1,11700,"sd","13:00:02",981700
53,-0.1,500,"sd","11:30:00",970000
53,-0.1,500,"sd","11:29:41",969500
53.1,0,5200,"sd","11:29:09",969000
53.1,0,4000,"sd","11:29:01",963800
53.1,0,6000,"sd","11:28:45",959800
53.1,0,1000,"sd","11:28:22",953800
53.1,0,5000,"sd","11:27:13",952800
53.1,0,10000,"sd","11:26:56",947800
53.1,0,500,"sd","11:26:15",937800
53.2,0.1,800,"bu","11:26:07",937300
53.2,0.1,400,"bu","11:26:02",936500
53.2,0.1,700,"sd","11:25:44",936100
53.2,0.1,200,"sd","11:25:40",935400
53.2,0.1,100,"sd","11:25:29",935200
53.2,0.1,100,"sd","11:25:28",935100
53.2,0.1,1000,"sd","11:25:27",935000
53.2,0.1,200,"sd","11:25:19",934000
53.2,0.1,2000,"sd","11:24:54",933800
53.2,0.1,4500,"sd","11:24:53",931800
53.2,0.1,2200,"sd","11:24:40",927300
53.2,0.1,5000,"bu","11:24:32",925100
53.2,0.1,500,"bu","11:24:21",920100
53.2,0.1,1000,"bu","11:23:29",919600
53.1,0,3000,"sd","11:23:15",918600
53.2,0.1,500,"sd","11:23:13",915600
53.2,0.1,10500,"sd","11:23:12",915100
53.2,0.1,3000,"sd","11:23:05",904600
53.2,0.1,200,"sd","11:22:57",901600
53.2,0.1,500,"sd","11:22:37",901400
53.2,0.1,64200,"bu","11:21:03",900900
53.2,0.1,800,"bu","11:20:45",836700
53.2,0.1,1500,"bu","11:20:23",835900
53.1,0,300,"sd","11:18:22",834400
53.1,0,1000,"sd","11:17:58",834100
53.1,0,2000,"sd","11:17:37",833100
53.1,0,200,"sd","11:15:52",831100
53.1,0,1000,"sd","11:15:30",830900
53.1,0,100,"sd","11:15:28",829900
53.1,0,20700,"bu","11:15:19",829800
53,-0.1,900,"sd","11:14:29",809100
53,-0.1,1000,"sd","11:13:55",808200
53,-0.1,5100,"sd","11:13:10",807200
53,-0.1,100,"sd","11:12:39",802100
53,-0.1,100,"sd","11:12:16",802000
53.1,0,2000,"bu","11:11:25",801900
53.1,0,800,"bu","11:11:22",799900
53.1,0,1300,"bu","11:10:47",799100
53.1,0,300,"bu","11:10:19",797800
53.1,0,800,"bu","11:10:02",797500
53.1,0,100,"bu","11:09:56",796700
53,-0.1,1800,"sd","11:09:40",796600
53,-0.1,100,"sd","11:09:36",794800
53,-0.1,300,"sd","11:09:17",794700
53,-0.1,2000,"sd","11:08:56",794400
53,-0.1,100,"sd","11:08:33",792400
53,-0.1,10000,"sd","11:08:30",792300
53,-0.1,10000,"sd","11:08:04",782300
53,-0.1,2800,"sd","11:07:48",772300
53,-0.1,100,"sd","11:07:11",769500
53,-0.1,2000,"sd","11:06:57",769400
53,-0.1,300,"sd","11:06:28",767400
53,-0.1,19000,"sd","11:06:20",767100
53,-0.1,5000,"sd","11:05:46",748100
53.1,0,5000,"bu","11:04:58",743100
53.1,0,800,"bu","11:04:40",738100
53.1,0,800,"bu","11:03:19",737300
53.1,0,800,"bu","11:01:59",736500
53.1,0,200,"bu","11:01:51",735700
53.1,0,1900,"bu","11:01:19",735500
53.1,0,1000,"bu","11:01:08",733600
53.1,0,700,"bu","11:00:56",732600
53.1,0,100,"bu","11:00:46",731900
53,-0.1,400,"sd","10:59:58",731800
53,-0.1,500,"sd","10:59:45",731400
53,-0.1,1000,"sd","10:59:40",730900
53,-0.1,5000,"sd","10:58:35",729900
53.1,0,800,"bu","10:57:56",724900
53.1,0,1100,"bu","10:56:45",724100
53.1,0,10000,"sd","10:56:31",723000
53.1,0,300,"sd","10:55:48",713000
53.1,0,200,"sd","10:54:45",712700
53.1,0,300,"sd","10:53:51",712500
53.1,0,11600,"sd","10:53:48",712200
53.1,0,5400,"bu","10:53:08",700600
53.1,0,10000,"sd","10:53:07",695200
53.1,0,10000,"sd","10:52:59",685200
53.1,0,500,"sd","10:51:49",675200
53.1,0,3000,"sd","10:51:47",674700
53.1,0,200,"sd","10:51:32",671700
53.1,0,5000,"sd","10:51:20",671500
53.1,0,2600,"sd","10:51:04",666500
53.1,0,100,"sd","10:50:54",663900
53.1,0,4000,"sd","10:50:52",663800
53.1,0,100,"sd","10:50:07",659800
53.1,0,9800,"sd","10:50:03",659700
53.1,0,1000,"sd","10:49:26",649900
53.1,0,200,"sd","10:48:22",648900
53.1,0,200,"sd","10:45:20",648700
53.1,0,400,"sd","10:44:52",648500
53.1,0,3600,"sd","10:44:34",648100
53.1,0,10000,"sd","10:44:13",644500
53.1,0,100,"sd","10:43:26",634500
53.1,0,100,"sd","10:42:38",634400
53.1,0,7600,"bu","10:41:41",634300
53.1,0,4000,"bu","10:41:32",626700
53,-0.1,2000,"sd","10:41:28",622700
53.1,0,200,"bu","10:40:39",620700
53.1,0,100,"bu","10:40:35",620500
53.1,0,800,"bu","10:40:30",620400
53.1,0,500,"bu","10:39:53",619600
53.1,0,200,"bu","10:39:41",619100
53.1,0,1000,"bu","10:39:30",618900
53.1,0,800,"bu","10:39:09",617900
53.1,0,100,"bu","10:38:37",617100
53.1,0,400,"bu","10:38:33",617000
53.1,0,1000,"bu","10:37:56",616600
53.1,0,800,"bu","10:37:49",615600
53.1,0,900,"sd","10:37:14",614800
53.1,0,2000,"sd","10:37:02",613900
53.1,0,1400,"sd","10:36:57",611900
53.1,0,5000,"sd","10:36:28",610500
53.1,0,100,"sd","10:36:27",605500
53.1,0,10000,"sd","10:35:37",605400
53.1,0,2800,"bu","10:35:27",595400
53.1,0,13000,"bu","10:35:11",592600
53.1,0,4000,"sd","10:35:10",579600
53.1,0,20000,"","10:34:30",575600
53.1,0,200,"sd","10:34:02",555600
53.1,0,800,"sd","10:33:16",555400
53.1,0,100,"sd","10:33:07",554600
53.1,0,100,"sd","10:32:39",554500
53.1,0,10000,"sd","10:32:34",554400
53.1,0,500,"sd","10:32:03",544400
53.1,0,700,"sd","10:31:53",543900
53.1,0,5000,"sd","10:31:14",543200
53.1,0,1400,"sd","10:30:31",538200
53.1,0,1600,"sd","10:30:18",536800
53.1,0,18400,"bu","10:30:10",535200
53.1,0,2000,"sd","10:27:07",516800
53.1,0,200,"sd","10:26:42",514800
53.1,0,100,"sd","10:25:22",514600
53.1,0,500,"sd","10:25:04",514500
53.1,0,400,"sd","10:24:03",514000
53.1,0,20000,"sd","10:23:02",513600
53.2,0.1,1000,"bu","10:22:14",493600
53.2,0.1,700,"bu","10:21:44",492600
53.2,0.1,6200,"sd","10:21:23",491900
53.2,0.1,500,"sd","10:21:20",485700
53.2,0.1,1000,"sd","10:21:17",485200
53.2,0.1,12300,"bu","10:21:10",484200
53.2,0.1,200,"bu","10:21:02",471900
53.2,0.1,4100,"bu","10:20:47",471700
53.2,0.1,2000,"sd","10:20:45",467600
53.2,0.1,100,"sd","10:20:40",465600
53.2,0.1,100,"sd","10:20:37",465500
53.2,0.1,300,"sd","10:20:06",465400
53.2,0.1,100,"sd","10:19:59",465100
53.2,0.1,100,"sd","10:19:50",465000
53.2,0.1,100,"sd","10:19:32",464900
53.2,0.1,100,"sd","10:19:30",464800
53.2,0.1,200,"sd","10:19:23",464700
53.2,0.1,300,"sd","10:19:10",464500
53.2,0.1,200,"sd","10:19:09",464200
53.2,0.1,1000,"sd","10:19:01",464000
53.2,0.1,6300,"bu","10:19:00",463000
53.2,0.1,1500,"bu","10:18:31",456700
53.2,0.1,3300,"sd","10:18:30",455200
53.2,0.1,3700,"sd","10:18:23",451900
53.2,0.1,1000,"sd","10:18:09",448200
53.2,0.1,100,"sd","10:18:06",447200
53.2,0.1,1000,"sd","10:18:04",447100
53.2,0.1,500,"sd","10:18:02",446100
53.2,0.1,100,"sd","10:17:23",445600
53.2,0.1,1000,"sd","10:17:01",445500
53.2,0.1,3000,"sd","10:16:57",444500
53.2,0.1,300,"sd","10:16:35",441500
53.2,0.1,100,"sd","10:16:30",441200
53.2,0.1,1100,"sd","10:16:28",441100
53.2,0.1,100,"sd","10:16:24",440000
53.2,0.1,300,"sd","10:15:54",439900
53.2,0.1,1700,"sd","10:15:52",439600
53.2,0.1,100,"sd","10:15:43",437900
53.3,0.2,200,"bu","10:15:39",437800
53.2,0.1,200,"sd","10:15:32",437600
53.2,0.1,200,"sd","10:14:57",437400
53.3,0.2,100,"bu","10:14:28",437200
53.2,0.1,9000,"sd","10:14:15",437100
53.2,0.1,300,"sd","10:13:58",428100
53.2,0.1,300,"sd","10:13:38",427800
53.2,0.1,100,"sd","10:13:31",427500
53.2,0.1,500,"sd","10:13:29",427400
53.2,0.1,2400,"sd","10:13:24",426900
53.2,0.1,4200,"sd","10:12:36",424500
53.2,0.1,1000,"bu","10:12:26",420300
53.2,0.1,800,"bu","10:12:19",419300
53.2,0.1,4400,"bu","10:11:30",418500
53.2,0.1,5000,"sd","10:11:28",414100
53.2,0.1,100,"sd","10:11:27",409100
53.2,0.1,1500,"sd","10:11:26",409000
53.2,0.1,200,"sd","10:11:10",407500
53.2,0.1,200,"sd","10:11:01",407300
53.2,0.1,400,"sd","10:10:41",407100
53.2,0.1,400,"sd","10:10:36",406700
53.2,0.1,600,"sd","10:10:27",406300
53.2,0.1,500,"sd","10:10:24",405700
53.2,0.1,900,"sd","10:09:43",405200
53.2,0.1,100,"sd","10:09:19",404300
53.2,0.1,20800,"sd","10:08:54",404200
53.2,0.1,800,"bu","10:08:18",383400
53.2,0.1,1000,"bu","10:07:34",382600
53.2,0.1,1000,"bu","10:07:10",381600
53.2,0.1,800,"bu","10:06:57",380600
53.2,0.1,700,"bu","10:06:05",379800
53.2,0.1,1700,"bu","10:06:02",379100
53.2,0.1,800,"bu","10:05:37",377400
53.2,0.1,500,"bu","10:05:20",376600
53.2,0.1,1000,"bu","10:04:25",376100
53.2,0.1,800,"bu","10:04:16",375100
53.2,0.1,800,"bu","10:02:56",374300
53.2,0.1,1200,"bu","10:02:26",373500
53.2,0.1,1500,"bu","10:02:04",372300
53.2,0.1,800,"bu","10:01:35",370800
53.2,0.1,100,"bu","10:00:48",370000
53.1,0,5000,"sd","10:00:29",369900
53.2,0.1,800,"bu","10:00:15",364900
53.2,0.1,2200,"bu","09:59:38",364100
53.2,0.1,200,"sd","09:59:34",361900
53.2,0.1,200,"sd","09:59:07",361700
53.2,0.1,500,"","09:58:48",361500
53.2,0.1,7700,"bu","09:58:33",361000
53.2,0.1,1000,"bu","09:58:08",353300
53.2,0.1,200,"bu","09:58:07",352300
53.1,0,2000,"sd","09:58:04",352100
53.2,0.1,700,"bu","09:57:34",350100
53.2,0.1,100,"bu","09:57:20",349400
53.2,0.1,4900,"bu","09:56:59",349300
53.2,0.1,200,"sd","09:56:50",344400
53.2,0.1,2500,"sd","09:56:44",344200
53.2,0.1,200,"sd","09:56:40",341700
53.2,0.1,300,"sd","09:56:33",341500
53.2,0.1,300,"sd","09:55:46",341200
53.3,0.2,100,"bu","09:55:45",340900
53.3,0.2,200,"bu","09:55:21",340800
53.3,0.2,100,"bu","09:55:19",340600
53.2,0.1,400,"sd","09:55:10",340500
53.2,0.1,1600,"sd","09:54:40",340100
53.2,0.1,500,"sd","09:54:39",338500
53.3,0.2,100,"bu","09:54:23",338000
53.2,0.1,10000,"sd","09:54:18",337900
53.3,0.2,300,"bu","09:53:51",327900
53.2,0.1,21800,"bu","09:53:48",327600
53.1,0,200,"sd","09:53:43",305800
53.2,0.1,2100,"bu","09:53:38",305600
53.1,0,3000,"sd","09:53:33",303500
53.1,0,400,"sd","09:52:56",300500
53.1,0,900,"sd","09:52:47",300100
53.1,0,100,"sd","09:52:31",299200
53.1,0,1000,"sd","09:52:26",299100
53.1,0,4000,"sd","09:51:59",298100
53.2,0.1,600,"bu","09:51:27",294100
53.2,0.1,800,"bu","09:50:52",293500
53.2,0.1,100,"bu","09:50:29",292700
53.1,0,200,"sd","09:49:48",292600
53.2,0.1,200,"bu","09:49:32",292400
53.1,0,2800,"sd","09:49:20",292200
53.1,0,200,"sd","09:47:51",289400
53.2,0.1,1000,"bu","09:47:48",289200
53.1,0,600,"sd","09:47:30",288200
53.2,0.1,700,"bu","09:46:51",287600
53.2,0.1,100,"bu","09:46:38",286900
53.1,0,500,"sd","09:46:09",286800
53.1,0,100,"sd","09:46:02",286300
53.1,0,3000,"sd","09:45:50",286200
53.1,0,2000,"sd","09:44:58",283200
53.2,0.1,300,"bu","09:44:47",281200
53.2,0.1,2000,"bu","09:44:20",280900
53.2,0.1,800,"bu","09:44:10",278900
53.2,0.1,700,"bu","09:43:21",278100
53.2,0.1,2000,"bu","09:43:18",277400
53.2,0.1,1000,"bu","09:43:09",275400
53.2,0.1,800,"bu","09:42:49",274400
53.2,0.1,200,"bu","09:42:29",273600
53.1,0,66600,"sd","09:42:15",273400
53.1,0,1000,"bu","09:42:04",206800
53.1,0,1300,"bu","09:41:29",205800
53.1,0,500,"bu","09:41:20",204500
53.1,0,100,"bu","09:41:00",204000
53,-0.1,100,"sd","09:40:46",203900
53,-0.1,1300,"sd","09:40:35",203800
53,-0.1,300,"sd","09:39:55",202500
53,-0.1,900,"sd","09:39:28",202200
53,-0.1,5000,"sd","09:39:00",201300
53,-0.1,24200,"sd","09:38:43",196300
53,-0.1,500,"bu","09:37:52",172100
52.9,-0.2,15000,"sd","09:35:37",171600
52.9,-0.2,1000,"sd","09:35:24",156600
52.9,-0.2,15000,"sd","09:34:04",155600
52.9,-0.2,200,"sd","09:33:08",140600
52.9,-0.2,200,"sd","09:33:07",140400
52.9,-0.2,1100,"sd","09:32:54",140200
52.9,-0.2,100,"sd","09:32:22",139100
53,-0.1,2000,"bu","09:32:18",139000
52.9,-0.2,100,"sd","09:32:17",137000
52.9,-0.2,4100,"sd","09:31:43",136900
52.8,-0.3,1300,"sd","09:31:31",132800
52.9,-0.2,100,"bu","09:31:26",131500
52.9,-0.2,1000,"bu","09:31:19",131400
52.9,-0.2,100,"bu","09:30:38",130400
52.9,-0.2,700,"bu","09:30:11",130300
52.9,-0.2,1000,"","09:29:36",129600
52.9,-0.2,8000,"bu","09:29:26",128600
53,-0.1,200,"bu","09:29:16",120600
53,-0.1,2000,"bu","09:29:14",120400
53,-0.1,100,"bu","09:28:56",118400
52.9,-0.2,200,"sd","09:28:33",118300
52.9,-0.2,500,"sd","09:28:20",118100
53,-0.1,100,"bu","09:27:27",117600
53,-0.1,200,"bu","09:27:06",117500
53,-0.1,100,"bu","09:25:56",117300
53,-0.1,800,"bu","09:25:49",117200
53,-0.1,100,"bu","09:25:26",116400
53,-0.1,1000,"bu","09:25:16",116300
53,-0.1,200,"bu","09:25:11",115300
53,-0.1,100,"bu","09:23:36",115100
53,-0.1,1000,"bu","09:23:26",115000
53,-0.1,7800,"bu","09:23:22",114000
53.1,0,600,"bu","09:21:46",106200
53.1,0,5000,"bu","09:21:42",105600
53.1,0,100,"bu","09:21:33",100600
53.1,0,400,"bu","09:21:16",100500
53.1,0,3100,"bu","09:21:06",100100
53.1,0,1100,"sd","09:21:03",97000
53.2,0.1,10000,"bu","09:20:56",95900
53.1,0,100,"sd","09:20:45",85900
53.1,0,6800,"sd","09:19:27",85800
53,-0.1,100,"sd","09:19:09",79000
53,-0.1,6300,"bu","09:17:51",78900
52.9,-0.2,300,"sd","09:16:49",72600
52.9,-0.2,400,"sd","09:16:38",72300
53,-0.1,100,"bu","09:16:24",71900
53,-0.1,100,"bu","09:15:55",71800
53,-0.1,100,"bu","09:15:40",71700
53,-0.1,300,"bu","09:15:30",71600
53,-0.1,700,"sd","09:14:48",71300
53.1,0,500,"bu","09:13:47",70600
53,-0.1,3700,"sd","09:13:39",70100
53.1,0,100,"bu","09:12:17",66400
53.1,0,2000,"sd","09:11:15",66300
53.1,0,10000,"sd","09:10:28",64300
53.2,0.1,200,"bu","09:09:39",54300
53.1,0,2000,"sd","09:09:14",54100
53.2,0.1,2000,"bu","09:09:12",52100
53.2,0.1,500,"bu","09:09:04",50100
53.2,0.1,500,"bu","09:08:55",49600
53.2,0.1,2000,"bu","09:08:11",49100
53.1,0,1000,"sd","09:07:45",47100
53.2,0.1,2000,"bu","09:07:23",46100
53.2,0.1,100,"bu","09:06:01",44100
53.2,0.1,2000,"bu","09:05:49",44000
53.2,0.1,2000,"bu","09:05:18",42000
53.2,0.1,100,"bu","09:05:06",40000
53.2,0.1,3200,"bu","09:03:51",39900
53.3,0.2,300,"bu","09:03:20",36700
53.3,0.2,100,"bu","09:03:17",36400
53.3,0.2,200,"bu","09:03:06",36300
53.3,0.2,100,"bu","09:02:56",36100
53.3,0.2,200,"bu","09:02:21",36000
53.3,0.2,100,"bu","09:02:04",35800
53.3,0.2,200,"bu","09:01:57",35700
53.3,0.2,200,"bu","09:01:43",35500
53.2,0.1,100,"sd","09:00:16",35300
53.2,0.1,100,"sd","09:00:11",35200
53.5,0.4,35100,"bu","09:00:03",35100
53.3,1.4,2300,"sd","10:07:19",1264200
53.4,1.5,1000,"bu","10:07:16",1261900
53.4,1.5,100,"bu","10:07:15",1260900
53.3,1.4,5100,"sd","10:07:14",1260800
53.4,1.5,200,"bu","10:07:12",1255700
53.4,1.5,6500,"bu","10:07:08",1255500
53.4,1.5,1100,"bu","10:07:07",1249000
53.4,1.5,1000,"bu","10:07:04",1247900
53.4,1.5,1600,"bu","10:07:00",1246900
53.4,1.5,1500,"bu","10:06:58",1245300
53.4,1.5,1000,"bu","10:06:57",1243800
53.4,1.5,500,"bu","10:06:56",1242800
53.4,1.5,100,"bu","10:06:52",1242300
53.4,1.5,5100,"bu","10:06:45",1242200
53.4,1.5,500,"bu","10:06:42",1237100
53.4,1.5,800,"bu","10:06:40",1236600
53.4,1.5,10800,"bu","10:06:36",1235800
53.3,1.4,500,"sd","10:06:35",1225000
53.3,1.4,1300,"sd","10:06:30",1224500
53.3,1.4,500,"bu","10:06:29",1223200
53.3,1.4,1000,"bu","10:06:28",1222700
53.3,1.4,100,"bu","10:06:27",1221700
53.3,1.4,1000,"bu","10:06:26",1221600
53.3,1.4,800,"bu","10:06:25",1220600
53.3,1.4,5000,"bu","10:06:24",1219800
53.2,1.3,2000,"sd","10:06:23",1214800
53.3,1.4,2000,"bu","10:06:21",1212800
53.3,1.4,100,"bu","10:06:18",1210800
53.3,1.4,300,"bu","10:06:17",1210700
53.3,1.4,400,"bu","10:06:15",1210400
53.3,1.4,2000,"bu","10:06:14",1210000
53.2,1.3,1000,"sd","10:06:13",1208000
53.2,1.3,2000,"sd","10:06:12",1207000
53.3,1.4,200,"bu","10:06:09",1205000
53.2,1.3,100,"sd","10:06:00",1204800
53.2,1.3,500,"sd","10:05:59",1204700
53.3,1.4,1200,"bu","10:05:58",1204200
53.2,1.3,3400,"sd","10:05:57",1203000
53.3,1.4,1800,"bu","10:05:56",1199600
53.2,1.3,1000,"sd","10:05:50",1197800
53.2,1.3,100,"sd","10:05:49",1196800
53.2,1.3,1200,"sd","10:05:48",1196700
53.2,1.3,1300,"sd","10:05:47",1195500
53.2,1.3,30900,"sd","10:05:46",1194200
53.2,1.3,400,"bu","10:05:44",1163300
53.2,1.3,800,"bu","10:05:43",1162900
53.2,1.3,1600,"bu","10:05:42",1162100
53.2,1.3,14400,"bu","10:05:36",1160500
53.1,1.2,2200,"sd","10:05:34",1146100
53.2,1.3,900,"bu","10:05:33",1143900
53.2,1.3,300,"bu","10:05:31",1143000
53.2,1.3,3700,"bu","10:05:30",1142700
53.2,1.3,100,"bu","10:05:26",1139000
53.2,1.3,100,"bu","10:05:24",1138900
53.2,1.3,1000,"bu","10:05:23",1138800
53.2,1.3,1600,"bu","10:05:22",1137800
53.2,1.3,5000,"sd","10:05:21",1136200
53.3,1.4,1800,"bu","10:05:20",1131200
53.2,1.3,5000,"sd","10:05:18",1129400
53.3,1.4,7000,"bu","10:05:16",1124400
53.3,1.4,1000,"bu","10:05:15",1117400
53.3,1.4,1000,"bu","10:05:14",1116400
53.3,1.4,1000,"bu","10:05:13",1115400
53.2,1.3,1000,"sd","10:05:09",1114400
53.3,1.4,1200,"bu","10:05:08",1113400
53.2,1.3,100,"sd","10:05:06",1112200
53.3,1.4,5900,"bu","10:05:04",1112100
53.2,1.3,900,"bu","10:05:03",1106200
53.2,1.3,100,"bu","10:05:02",1105300
53.1,1.2,5000,"sd","10:05:01",1105200
53.2,1.3,1300,"bu","10:05:00",1100200
53.2,1.3,3000,"bu","10:04:59",1098900
53.1,1.2,1100,"sd","10:04:58",1095900
53.2,1.3,1700,"bu","10:04:57",1094800
53.2,1.3,800,"bu","10:04:56",1093100
53.2,1.3,4000,"bu","10:04:54",1092300
53.2,1.3,8500,"bu","10:04:53",1088300
53.1,1.2,2000,"sd","10:04:52",1079800
53.2,1.3,5000,"bu","10:04:51",1077800
53.2,1.3,100,"bu","10:04:50",1072800
53.2,1.3,8000,"bu","10:04:44",1072700
53.1,1.2,400,"sd","10:04:42",1064700
53.1,1.2,500,"","10:04:40",1064300
53,1.1,5000,"sd","10:04:39",1063800
53.1,1.2,2500,"bu","10:04:38",1058800
53.1,1.2,4900,"bu","10:04:37",1056300
53.1,1.2,500,"bu","10:04:36",1051400
53.1,1.2,1000,"bu","10:04:35",1050900
53.1,1.2,1000,"bu","10:04:34",1049900
53.1,1.2,5100,"bu","10:04:33",1048900
53.1,1.2,500,"bu","10:04:32",1043800
53,1.1,10600,"sd","10:04:31",1043300
53.1,1.2,3600,"bu","10:04:30",1032700
53.1,1.2,9600,"bu","10:04:27",1029100
53.1,1.2,7500,"bu","10:04:26",1019500
53,1.1,1000,"sd","10:04:25",1012000
53,1.1,1000,"sd","10:04:24",1011000
53.1,1.2,11300,"bu","10:04:20",1010000
53.1,1.2,500,"bu","10:04:17",998700
53,1.1,1000,"sd","10:04:14",998200
53,1.1,3300,"sd","10:04:09",997200
53,1.1,13300,"bu","10:04:08",993900
53,1.1,5300,"bu","10:04:07",980600
53,1.1,21000,"bu","10:04:06",975300
53,1.1,11100,"bu","10:04:05",954300
53,1.1,5000,"bu","10:04:04",943200
53,1.1,1000,"bu","10:04:03",938200
52.9,1,800,"sd","10:04:02",937200
53,1.1,9000,"bu","10:04:01",936400
52.9,1,300,"sd","10:04:00",927400
53,1.1,2500,"bu","10:03:59",927100
53,1.1,1100,"bu","10:03:57",924600
53,1.1,1100,"bu","10:03:56",923500
53,1.1,18000,"bu","10:03:53",922400
53,1.1,11500,"bu","10:03:52",904400
52.9,1,8000,"sd","10:03:51",892900
52.9,1,100,"sd","10:03:49",884900
52.9,1,1000,"sd","10:03:48",884800
52.9,1,500,"sd","10:03:46",883800
52.9,1,1000,"sd","10:03:45",883300
53,1.1,1500,"bu","10:03:44",882300
53,1.1,300,"bu","10:03:41",880800
53,1.1,1000,"bu","10:03:39",880500
53,1.1,400,"bu","10:03:38",879500
52.9,1,5000,"sd","10:03:35",879100
52.9,1,5300,"sd","10:03:33",874100
52.9,1,600,"bu","10:03:32",868800
52.9,1,2000,"bu","10:03:31",868200
52.9,1,2700,"bu","10:03:29",866200
52.9,1,10400,"bu","10:03:28",863500
52.9,1,1000,"bu","10:03:27",853100
52.9,1,6000,"bu","10:03:26",852100
52.9,1,2000,"bu","10:03:22",846100
52.9,1,600,"bu","10:03:21",844100
52.9,1,600,"bu","10:03:17",843500
52.9,1,11800,"bu","10:03:15",842900
53,1.1,500,"bu","10:03:12",831100
53,1.1,2000,"bu","10:03:11",830600
52.9,1,300,"bu","10:03:07",828600
52.9,1,4200,"sd","10:03:06",828300
52.9,1,200,"bu","10:03:05",824100
52.9,1,200,"bu","10:03:03",823900
52.9,1,2000,"bu","10:03:02",823700
52.9,1,4100,"bu","10:03:00",821700
52.9,1,800,"bu","10:02:59",817600
52.9,1,2500,"bu","10:02:57",816800
52.9,1,400,"bu","10:02:51",814300
52.9,1,6000,"bu","10:02:50",813900
52.9,1,500,"bu","10:02:46",807900
52.9,1,1100,"bu","10:02:45",807400
52.9,1,2700,"bu","10:02:43",806300
52.9,1,1000,"bu","10:02:38",803600
52.9,1,3000,"bu","10:02:36",802600
52.9,1,50000,"bu","10:02:31",799600
52.8,0.9,100,"sd","10:02:30",749600
52.9,1,300,"bu","10:02:29",749500
52.9,1,2000,"bu","10:02:27",749200
52.9,1,3000,"bu","10:02:25",747200
52.8,0.9,100,"sd","10:02:24",744200
52.9,1,600,"bu","10:02:21",744100
52.9,1,2200,"bu","10:02:18",743500
52.8,0.9,200,"sd","10:02:16",741300
52.9,1,300,"bu","10:02:13",741100
52.8,0.9,1000,"sd","10:02:09",740800
52.8,0.9,800,"sd","10:02:07",739800
52.9,1,800,"bu","10:02:05",739000
52.8,0.9,4100,"sd","10:02:04",738200
52.8,0.9,3000,"bu","10:02:01",734100
52.8,0.9,10000,"bu","10:02:00",731100
52.8,0.9,10200,"bu","10:01:58",721100
52.8,0.9,2500,"bu","10:01:57",710900
52.7,0.8,1000,"sd","10:01:56",708400
52.8,0.9,20000,"bu","10:01:55",707400
52.8,0.9,5900,"bu","10:01:53",687400
52.7,0.8,100,"sd","10:01:51",681500
52.8,0.9,300,"bu","10:01:50",681400
52.8,0.9,100,"bu","10:01:47",681100
52.8,0.9,1300,"bu","10:01:45",681000
52.7,0.8,9100,"sd","10:01:41",679700
52.7,0.8,3300,"bu","10:01:40",670600
52.7,0.8,21800,"bu","10:01:39",667300
52.7,0.8,4000,"bu","10:01:38",645500
52.7,0.8,9000,"bu","10:01:37",641500
52.7,0.8,7200,"bu","10:01:36",632500
52.7,0.8,300,"bu","10:01:35",625300
52.7,0.8,300,"bu","10:01:34",625000
52.7,0.8,4000,"bu","10:01:33",624700
52.7,0.8,1000,"bu","10:01:24",620700
52.6,0.7,4900,"sd","10:01:23",619700
52.6,0.7,29000,"bu","10:01:20",614800
52.6,0.7,10200,"bu","10:01:18",585800
52.5,0.6,47600,"sd","10:01:13",575600
52.5,0.6,11200,"bu","10:01:12",528000
52.5,0.6,1600,"bu","10:01:10",516800
52.5,0.6,11000,"bu","10:01:09",515200
52.5,0.6,1500,"bu","10:01:03",504200
52.5,0.6,21000,"bu","10:00:58",502700
52.5,0.6,5000,"bu","10:00:51",481700
52.5,0.6,5000,"bu","10:00:49",476700
52.5,0.6,1000,"bu","10:00:39",471700
52.4,0.5,300,"sd","10:00:35",470700
52.4,0.5,5300,"sd","10:00:34",470400
52.4,0.5,1500,"sd","10:00:25",465100
52.4,0.5,100,"sd","10:00:15",463600
52.4,0.5,100,"sd","10:00:14",463500
52.4,0.5,500,"sd","10:00:06",463400
52.4,0.5,5300,"sd","10:00:04",462900
52.4,0.5,1000,"bu","10:00:03",457600
52.4,0.5,1000,"bu","10:00:02",456600
52.4,0.5,5000,"bu","09:59:57",455600
52.4,0.5,10000,"bu","09:59:56",450600
52.4,0.5,5000,"bu","09:59:55",440600
52.4,0.5,2400,"bu","09:59:54",435600
52.4,0.5,2800,"bu","09:59:53",433200
52.4,0.5,1000,"bu","09:59:52",430400
52.4,0.5,1000,"bu","09:59:50",429400
52.4,0.5,10000,"bu","09:59:48",428400
52.4,0.5,2000,"bu","09:59:46",418400
52.4,0.5,5000,"bu","09:59:42",416400
52.4,0.5,7900,"bu","09:59:39",411400
52.4,0.5,100,"bu","09:59:08",403500
52.4,0.5,1600,"bu","09:58:46",403400
52.4,0.5,3000,"bu","09:58:40",401800
52.4,0.5,100,"bu","09:58:24",398800
52.4,0.5,1000,"bu","09:58:18",398700
52.3,0.4,5000,"sd","09:58:09",397700
52.4,0.5,600,"bu","09:58:01",392700
52.4,0.5,6600,"bu","09:58:00",392100
52.3,0.4,4000,"sd","09:57:54",385500
52.4,0.5,1800,"bu","09:57:46",381500
52.4,0.5,1300,"bu","09:57:39",379700
52.4,0.5,2000,"bu","09:57:32",378400
52.3,0.4,1300,"sd","09:57:28",376400
52.3,0.4,5000,"bu","09:57:27",375100
52.3,0.4,3800,"sd","09:57:26",370100
52.3,0.4,3700,"sd","09:57:24",366300
52.3,0.4,30000,"bu","09:57:22",362600
52.3,0.4,3000,"bu","09:57:21",332600
52.3,0.4,1500,"bu","09:57:18",329600
52.3,0.4,1000,"bu","09:57:11",328100
52.3,0.4,7000,"bu","09:57:03",327100
52.2,0.3,20100,"sd","09:56:51",320100
52.2,0.3,800,"bu","09:56:50",300000
52.2,0.3,500,"bu","09:56:49",299200
52.2,0.3,20000,"bu","09:56:48",298700
52.2,0.3,1800,"bu","09:56:47",278700
52.2,0.3,100,"bu","09:56:46",276900
52.2,0.3,10000,"bu","09:56:45",276800
52.2,0.3,400,"bu","09:56:41",266800
52.2,0.3,1000,"bu","09:56:40",266400
52.2,0.3,500,"bu","09:56:34",265400
52.2,0.3,3000,"bu","09:56:32",264900
52.2,0.3,800,"bu","09:56:28",261900
52.2,0.3,10000,"bu","09:56:27",261100
52.2,0.3,1000,"bu","09:56:24",251100
52.2,0.3,1000,"bu","09:56:19",250100
52.2,0.3,2000,"bu","09:56:16",249100
52.2,0.3,10000,"bu","09:56:14",247100
52.2,0.3,100,"bu","09:56:10",237100
52.2,0.3,500,"bu","09:55:58",237000
52.2,0.3,20000,"bu","09:55:55",236500
52.1,0.2,400,"sd","09:55:15",216500
52.1,0.2,15000,"bu","09:53:47",216100
52.1,0.2,1800,"bu","09:53:31",201100
52.1,0.2,100,"bu","09:52:38",199300
52,0.1,200,"sd","09:51:52",199200
52,0.1,1000,"sd","09:51:41",199000
52.1,0.2,500,"bu","09:51:38",198000
52,0.1,500,"sd","09:51:05",197500
52,0.1,200,"sd","09:50:32",197000
52,0.1,1000,"sd","09:50:19",196800
52,0.1,100,"sd","09:49:32",195800
52,0.1,600,"","09:49:23",195700
52,0.1,1800,"bu","09:49:15",195100
52,0.1,300,"bu","09:48:28",193300
52,0.1,200,"bu","09:48:11",193000
52,0.1,200,"bu","09:48:00",192800
52,0.1,500,"bu","09:47:42",192600
52,0.1,8300,"bu","09:47:37",192100
52,0.1,700,"sd","09:46:28",183800
52,0.1,3300,"bu","09:46:06",183100
52,0.1,100,"sd","09:46:04",179800
52,0.1,200,"sd","09:45:49",179700
52,0.1,1500,"sd","09:45:34",179500
52,0.1,100,"sd","09:45:32",178000
52,0.1,4900,"bu","09:45:27",177900
52,0.1,1000,"sd","09:43:59",173000
52,0.1,700,"sd","09:43:52",172000
52,0.1,3000,"sd","09:43:31",171300
52,0.1,1000,"sd","09:43:08",168300
52.1,0.2,3000,"bu","09:43:07",167300
52,0.1,1000,"sd","09:42:52",164300
52,0.1,200,"sd","09:42:51",163300
52,0.1,100,"sd","09:42:45",163100
52,0.1,100,"sd","09:42:22",163000
52,0.1,2000,"bu","09:42:14",162900
52,0.1,100,"bu","09:42:08",160900
52,0.1,5000,"bu","09:41:57",160800
51.9,0,200,"sd","09:41:33",155800
52,0.1,10000,"bu","09:41:27",155600
51.9,0,400,"sd","09:41:02",145600
51.9,0,600,"sd","09:40:29",145200
51.9,0,800,"sd","09:39:52",144600
51.9,0,200,"bu","09:39:46",143800
51.9,0,600,"bu","09:39:29",143600
51.9,0,100,"bu","09:39:20",143000
51.9,0,100,"bu","09:38:54",142900
51.9,0,1000,"bu","09:38:48",142800
51.9,0,600,"bu","09:38:46",141800
51.9,0,1800,"bu","09:38:37",141200
51.9,0,2000,"bu","09:38:10",139400
51.9,0,300,"bu","09:38:03",137400
51.9,0,100,"bu","09:37:58",137100
51.9,0,100,"bu","09:37:54",137000
51.9,0,2100,"bu","09:37:47",136900
51.9,0,500,"bu","09:37:41",134800
51.9,0,100,"bu","09:37:36",134300
51.9,0,3100,"bu","09:37:15",134200
51.9,0,2600,"bu","09:37:12",131100
51.9,0,600,"bu","09:37:04",128500
51.9,0,100,"bu","09:37:01",127900
51.9,0,500,"bu","09:36:43",127800
51.9,0,100,"bu","09:36:33",127300
51.9,0,1800,"bu","09:36:31",127200
51.9,0,200,"bu","09:36:25",125400
51.9,0,500,"bu","09:36:17",125200
51.9,0,5000,"bu","09:36:11",124700
51.9,0,1000,"bu","09:36:00",119700
51.9,0,500,"bu","09:35:37",118700
51.8,-0.1,100,"sd","09:35:21",118200
51.8,-0.1,500,"sd","09:35:17",118100
51.8,-0.1,900,"sd","09:34:40",117600
51.8,-0.1,10000,"sd","09:34:18",116700
51.9,0,100,"bu","09:34:08",106700
51.9,0,5400,"sd","09:33:45",106600
51.9,0,100,"sd","09:33:07",101200
51.9,0,3000,"sd","09:32:51",101100
51.9,0,2000,"sd","09:32:47",98100
51.9,0,500,"sd","09:32:15",96100
51.9,0,1000,"sd","09:32:09",95600
51.9,0,1000,"sd","09:32:04",94600
51.9,0,10000,"sd","09:31:39",93600
52,0.1,200,"bu","09:31:35",83600
51.9,0,1600,"sd","09:31:16",83400
51.9,0,500,"sd","09:31:04",81800
51.9,0,700,"sd","09:30:44",81300
51.9,0,500,"sd","09:30:39",80600
51.9,0,200,"sd","09:30:14",80100
52,0.1,1000,"bu","09:30:11",79900
52,0.1,1800,"bu","09:30:07",78900
52,0.1,100,"bu","09:28:58",77100
52,0.1,700,"bu","09:28:07",77000
52,0.1,1800,"bu","09:27:59",76300
52,0.1,100,"bu","09:27:24",74500
52,0.1,100,"bu","09:27:04",74400
51.9,0,100,"sd","09:26:50",74300
52,0.1,3000,"sd","09:26:27",74200
52,0.1,300,"sd","09:26:21",71200
52,0.1,6000,"sd","09:26:17",70900
52,0.1,300,"sd","09:26:09",64900
52,0.1,100,"sd","09:26:02",64600
52,0.1,800,"sd","09:25:58",64500
52,0.1,2700,"sd","09:25:52",63700
52,0.1,100,"sd","09:25:32",61000
52,0.1,3800,"sd","09:25:15",60900
52,0.1,100,"sd","09:25:10",57100
52,0.1,200,"sd","09:24:26",57000
52,0.1,500,"sd","09:24:20",56800
52,0.1,500,"sd","09:23:42",56300
52,0.1,1000,"sd","09:23:12",55800
52,0.1,1900,"sd","09:21:51",54800
52,0.1,100,"sd","09:21:32",52900
52,0.1,300,"sd","09:21:15",52800
52,0.1,2200,"bu","09:20:45",52500
52,0.1,1000,"sd","09:20:30",50300
52,0.1,10000,"sd","09:20:26",49300
52,0.1,500,"sd","09:20:20",39300
52,0.1,1000,"sd","09:20:08",38800
52,0.1,1000,"sd","09:19:54",37800
52,0.1,1000,"sd","09:19:47",36800
52,0.1,600,"sd","09:19:43",35800
52,0.1,600,"sd","09:19:38",35200
52,0.1,2800,"sd","09:19:28",34600
52,0.1,1000,"sd","09:18:58",31800
52.1,0.2,1000,"bu","09:17:15",30800
52,0.1,5000,"sd","09:17:13",29800
52,0.1,3000,"sd","09:16:01",24800
52,0.1,1000,"sd","09:14:52",21800
52.1,0.2,700,"bu","09:13:49",20800
52.1,0.2,1000,"bu","09:13:34",20100
52.1,0.2,100,"bu","09:12:21",19100
52.1,0.2,200,"bu","09:11:58",19000
52.1,0.2,700,"bu","09:11:43",18800
52.1,0.2,300,"bu","09:11:03",18100
52.1,0.2,100,"bu","09:10:12",17800
52,0.1,100,"sd","09:09:55",17700
52.1,0.2,100,"bu","09:09:43",17600
52.1,0.2,1000,"bu","09:09:39",17500
52.1,0.2,1700,"sd","09:07:43",16500
52.1,0.2,2300,"bu","09:07:42",14800
52,0.1,1000,"sd","09:04:46",12500
52,0.1,100,"sd","09:04:12",11500
52,0.1,1800,"sd","09:03:52",11400
52,0.1,100,"bu","09:02:59",9600
52,0.1,400,"bu","09:02:51",9500
52,0.1,100,"sd","09:02:49",9100
52,0.1,3100,"sd","09:02:18",9000
52.2,0.3,1600,"sd","09:01:30",5900
52.2,0.3,900,"sd","09:01:14",4300
52.2,0.3,1000,"bu","09:01:06",3400
52,0.1,400,"sd","09:00:36",2400
51.6,-0.3,2000,"sd","09:00:14",2000
51,0.2,2000,"sd","10:14:17",734800
51.1,0.3,600,"bu","10:14:14",732800
51,0.2,1200,"sd","10:14:10",732200
51.1,0.3,500,"bu","10:14:05",731000
51,0.2,500,"sd","10:14:04",730500
51,0.2,3000,"sd","10:14:03",730000
51.1,0.3,500,"bu","10:13:56",727000
51,0.2,2000,"sd","10:13:55",726500
51.1,0.3,500,"bu","10:13:47",724500
51.1,0.3,500,"bu","10:13:39",724000
51.1,0.3,600,"bu","10:13:29",723500
51.1,0.3,20600,"bu","10:13:20",722900
51.1,0.3,500,"bu","10:13:11",702300
51,0.2,100,"sd","10:13:08",701800
51.1,0.3,500,"bu","10:13:02",701700
51.1,0.3,500,"bu","10:12:53",701200
51.1,0.3,500,"bu","10:12:44",700700
51,0.2,2800,"sd","10:12:42",700200
51.1,0.3,500,"bu","10:12:35",697400
51.1,0.3,500,"bu","10:12:26",696900
51.1,0.3,500,"bu","10:12:17",696400
51,0.2,100,"sd","10:12:16",695900
51.1,0.3,600,"bu","10:12:08",695800
51.1,0.3,500,"bu","10:11:59",695200
51,0.2,100,"sd","10:11:56",694700
51.1,0.3,600,"bu","10:11:50",694600
51.1,0.3,500,"bu","10:11:41",694000
51.1,0.3,500,"bu","10:11:32",693500
51.1,0.3,500,"bu","10:11:23",693000
51,0.2,100,"sd","10:11:21",692500
51.1,0.3,500,"bu","10:11:14",692400
51,0.2,800,"sd","10:11:05",691900
51,0.2,4000,"sd","10:11:03",691100
51.1,0.3,600,"bu","10:10:56",687100
51.1,0.3,600,"bu","10:10:47",686500
51.1,0.3,500,"bu","10:10:38",685900
51.1,0.3,3400,"bu","10:10:30",685400
51.1,0.3,500,"bu","10:10:29",682000
51.1,0.3,500,"bu","10:10:20",681500
51,0.2,500,"sd","10:10:19",681000
51.1,0.3,700,"bu","10:10:11",680500
51.1,0.3,1200,"bu","10:10:06",679800
51.1,0.3,500,"bu","10:10:02",678600
51,0.2,200,"sd","10:10:01",678100
51.1,0.3,500,"bu","10:09:53",677900
51.1,0.3,500,"bu","10:09:44",677400
51.1,0.3,600,"bu","10:09:35",676900
51,0.2,1000,"sd","10:09:28",676300
51.1,0.3,500,"bu","10:09:26",675300
51.1,0.3,500,"bu","10:09:17",674800
51.1,0.3,4100,"bu","10:09:15",674300
51.1,0.3,600,"bu","10:09:08",670200
51,0.2,100,"sd","10:09:01",669600
51.1,0.3,500,"bu","10:08:59",669500
51.1,0.3,500,"bu","10:08:50",669000
51,0.2,2000,"sd","10:08:47",668500
51.1,0.3,500,"bu","10:08:41",666500
51,0.2,200,"sd","10:08:35",666000
51.1,0.3,500,"bu","10:08:32",665800
51.1,0.3,500,"bu","10:08:23",665300
51.1,0.3,500,"bu","10:08:14",664800
51,0.2,2000,"sd","10:08:07",664300
51.1,0.3,500,"bu","10:08:05",662300
51,0.2,800,"sd","10:07:56",661800
51.1,0.3,600,"bu","10:07:47",661000
51.1,0.3,500,"bu","10:07:38",660400
51.1,0.3,500,"bu","10:07:29",659900
51.1,0.3,500,"bu","10:07:20",659400
51,0.2,3600,"sd","10:07:11",658900
51.1,0.3,500,"bu","10:07:02",655300
51.1,0.3,500,"bu","10:06:53",654800
51,0.2,200,"sd","10:06:52",654300
51.1,0.3,500,"bu","10:06:43",654100
51.1,0.3,600,"bu","10:06:35",653600
51.1,0.3,500,"bu","10:06:25",653000
51.1,0.3,100,"bu","10:06:21",652500
51.1,0.3,2800,"bu","10:06:16",652400
51.1,0.3,500,"bu","10:06:07",649600
51.1,0.3,600,"bu","10:05:58",649100
51,0.2,100,"sd","10:05:50",648500
51.1,0.3,600,"bu","10:05:49",648400
51,0.2,500,"sd","10:05:48",647800
51.1,0.3,600,"bu","10:05:40",647300
51.1,0.3,500,"bu","10:05:31",646700
51.1,0.3,500,"bu","10:05:22",646200
51.1,0.3,3500,"bu","10:05:13",645700
51,0.2,1000,"sd","10:05:09",642200
51.1,0.3,500,"bu","10:05:04",641200
51,0.2,1000,"sd","10:04:58",640700
51.1,0.3,500,"bu","10:04:55",639700
51,0.2,200,"sd","10:04:47",639200
51.1,0.3,500,"bu","10:04:46",639000
51.1,0.3,600,"bu","10:04:37",638500
51,0.2,1000,"sd","10:04:31",637900
51.1,0.3,600,"bu","10:04:28",636900
51.1,0.3,600,"bu","10:04:19",636300
51.1,0.3,600,"bu","10:04:10",635700
51.1,0.3,500,"bu","10:04:01",635100
51.1,0.3,500,"bu","10:03:52",634600
51.1,0.3,500,"bu","10:03:43",634100
51,0.2,200,"sd","10:03:41",633600
51.1,0.3,600,"bu","10:03:34",633400
51.1,0.3,500,"bu","10:03:25",632800
51.1,0.3,600,"bu","10:03:16",632300
51.1,0.3,100,"bu","10:03:10",631700
51.1,0.3,500,"bu","10:03:07",631600
51.1,0.3,1000,"bu","10:03:04",631100
51,0.2,500,"sd","10:03:00",630100
51.1,0.3,500,"bu","10:02:58",629600
51.1,0.3,500,"bu","10:02:49",629100
51.1,0.3,600,"bu","10:02:40",628600
51,0.2,100,"sd","10:02:38",628000
51.1,0.3,500,"bu","10:02:31",627900
51.1,0.3,600,"bu","10:02:22",627400
51.1,0.3,600,"bu","10:02:13",626800
51.1,0.3,500,"bu","10:02:04",626200
51,0.2,1000,"bu","10:02:00",625700
51,0.2,600,"bu","10:01:55",624700
51,0.2,1200,"sd","10:01:36",624100
51,0.2,700,"sd","10:01:35",622900
51.1,0.3,500,"bu","10:01:26",622200
51.1,0.3,500,"bu","10:01:17",621700
51,0.2,100,"sd","10:01:15",621200
51.1,0.3,500,"bu","10:01:08",621100
51,0.2,500,"sd","10:01:01",620600
51.1,0.3,600,"bu","10:00:59",620100
51,0.2,500,"sd","10:00:58",619500
51.1,0.3,500,"bu","10:00:50",619000
51.1,0.3,500,"bu","10:00:41",618500
51,0.2,700,"sd","10:00:32",618000
51.1,0.3,500,"bu","10:00:23",617300
51.1,0.3,500,"bu","10:00:14",616800
51.1,0.3,600,"bu","10:00:05",616300
51.1,0.3,800,"bu","09:59:56",615700
51,0.2,300,"sd","09:59:47",614900
51,0.2,500,"bu","09:59:39",614600
51,0.2,600,"bu","09:59:38",614100
50.9,0.1,700,"sd","09:59:29",613500
51,0.2,1000,"bu","09:59:24",612800
51,0.2,500,"bu","09:59:20",611800
51,0.2,500,"bu","09:59:11",611300
51,0.2,2600,"bu","09:58:54",610800
51,0.2,200,"sd","09:58:53",608200
51,0.2,1600,"sd","09:58:52",608000
51.1,0.3,500,"bu","09:58:42",606400
51.1,0.3,500,"bu","09:58:34",605900
51,0.2,200,"sd","09:58:25",605400
51.1,0.3,500,"bu","09:58:24",605200
51.1,0.3,600,"bu","09:58:16",604700
51.1,0.3,600,"bu","09:58:06",604100
51.1,0.3,600,"bu","09:57:57",603500
51.1,0.3,600,"bu","09:57:48",602900
51.1,0.3,500,"bu","09:57:39",602300
51.1,0.3,600,"bu","09:57:30",601800
51,0.2,100,"sd","09:57:29",601200
51,0.2,100,"sd","09:57:22",601100
51.1,0.3,500,"bu","09:57:21",601000
51.1,0.3,600,"bu","09:57:13",600500
51.1,0.3,500,"bu","09:57:03",599900
51.1,0.3,500,"bu","09:56:54",599400
51.1,0.3,500,"bu","09:56:46",598900
51.1,0.3,500,"bu","09:56:36",598400
51.1,0.3,600,"bu","09:56:27",597900
51,0.2,200,"sd","09:56:19",597300
51.1,0.3,500,"bu","09:56:18",597100
51.1,0.3,600,"bu","09:56:09",596600
51.1,0.3,500,"bu","09:56:00",596000
51.1,0.3,1700,"bu","09:55:53",595500
51.1,0.3,600,"bu","09:55:51",593800
51.1,0.3,500,"bu","09:55:42",593200
51.1,0.3,3000,"bu","09:55:35",592700
51.1,0.3,600,"bu","09:55:33",589700
51.1,0.3,500,"bu","09:55:24",589100
51,0.2,100,"sd","09:55:17",588600
51.1,0.3,600,"bu","09:55:15",588500
51.1,0.3,600,"bu","09:55:06",587900
51.1,0.3,600,"bu","09:54:57",587300
51.1,0.3,600,"bu","09:54:48",586700
51.1,0.3,600,"bu","09:54:39",586100
51.1,0.3,600,"bu","09:54:30",585500
51.1,0.3,600,"bu","09:54:21",584900
51,0.2,100,"sd","09:54:17",584300
51.1,0.3,500,"bu","09:54:12",584200
51.1,0.3,500,"bu","09:54:03",583700
51.1,0.3,600,"bu","09:53:54",583200
51.1,0.3,600,"bu","09:53:45",582600
51.1,0.3,500,"bu","09:53:36",582000
51.1,0.3,500,"bu","09:53:27",581500
51.1,0.3,500,"bu","09:53:18",581000
51,0.2,100,"sd","09:53:17",580500
51.1,0.3,600,"bu","09:53:09",580400
51.1,0.3,600,"bu","09:53:00",579800
51.1,0.3,500,"bu","09:52:51",579200
51.1,0.3,600,"bu","09:52:42",578700
51,0.2,1200,"sd","09:52:39",578100
51,0.2,1000,"bu","09:52:38",576900
51,0.2,600,"bu","09:52:33",575900
51,0.2,500,"bu","09:52:31",575300
51,0.2,1000,"bu","09:52:30",574800
51,0.2,600,"bu","09:52:24",573800
51,0.2,3000,"bu","09:52:18",573200
51,0.2,1000,"bu","09:52:17",570200
51,0.2,2200,"bu","09:52:16",569200
51,0.2,600,"bu","09:52:15",567000
50.9,0.1,200,"sd","09:52:13",566400
51,0.2,300,"bu","09:52:07",566200
51,0.2,1600,"bu","09:52:06",565900
51,0.2,1900,"bu","09:51:57",564300
51,0.2,600,"bu","09:51:48",562400
51,0.2,600,"bu","09:51:39",561800
51,0.2,600,"bu","09:51:30",561200
51,0.2,200,"bu","09:51:22",560600
51,0.2,600,"bu","09:51:21",560400
51,0.2,600,"bu","09:51:12",559800
50.9,0.1,200,"sd","09:51:09",559200
51,0.2,100,"bu","09:51:07",559000
51,0.2,100,"bu","09:51:04",558900
51,0.2,700,"bu","09:51:03",558800
51,0.2,2000,"bu","09:51:01",558100
51,0.2,600,"bu","09:50:54",556100
51,0.2,1000,"bu","09:50:52",555500
50.9,0.1,100,"sd","09:50:51",554500
51,0.2,600,"bu","09:50:45",554400
51,0.2,600,"bu","09:50:36",553800
51,0.2,2500,"bu","09:50:27",553200
51,0.2,3800,"bu","09:50:22",550700
51,0.2,600,"bu","09:50:18",546900
51,0.2,2500,"bu","09:50:16",546300
51,0.2,500,"bu","09:50:08",543800
50.9,0.1,200,"sd","09:50:04",543300
51,0.2,500,"bu","09:49:59",543100
50.9,0.1,3800,"sd","09:49:58",542600
51,0.2,3500,"bu","09:49:56",538800
51,0.2,500,"bu","09:49:51",535300
51,0.2,300,"bu","09:49:49",534800
51,0.2,1000,"bu","09:49:43",534500
51,0.2,600,"bu","09:49:42",533500
51,0.2,600,"bu","09:49:32",532900
51,0.2,500,"bu","09:49:24",532300
51,0.2,5000,"bu","09:49:18",531800
51,0.2,600,"bu","09:49:14",526800
50.9,0.1,600,"sd","09:49:09",526200
51,0.2,500,"bu","09:49:05",525600
50.9,0.1,100,"sd","09:49:03",525100
51,0.2,10000,"bu","09:48:58",525000
51,0.2,600,"bu","09:48:57",515000
51,0.2,600,"bu","09:48:48",514400
51,0.2,500,"bu","09:48:39",513800
51,0.2,500,"bu","09:48:29",513300
51,0.2,600,"bu","09:48:21",512800
51,0.2,5000,"bu","09:48:14",512200
51,0.2,800,"bu","09:48:11",507200
51,0.2,200,"bu","09:48:05",506400
51,0.2,500,"bu","09:48:02",506200
50.9,0.1,200,"sd","09:47:59",505700
51,0.2,600,"bu","09:47:53",505500
51,0.2,600,"bu","09:47:44",504900
51,0.2,500,"bu","09:47:36",504300
51,0.2,600,"bu","09:47:27",503800
51,0.2,600,"bu","09:47:17",503200
51,0.2,2000,"bu","09:47:09",502600
51,0.2,600,"bu","09:47:08",500600
51,0.2,500,"bu","09:46:59",500000
51,0.2,2100,"bu","09:46:58",499500
50.9,0.1,200,"sd","09:46:54",497400
51,0.2,600,"bu","09:46:50",497200
51,0.2,1500,"bu","09:46:44",496600
51,0.2,1000,"bu","09:46:42",495100
51,0.2,600,"bu","09:46:41",494100
51,0.2,1000,"bu","09:46:40",493500
51,0.2,500,"bu","09:46:31",492500
51,0.2,100,"bu","09:46:26",492000
51,0.2,500,"bu","09:46:22",491900
51,0.2,500,"bu","09:46:13",491400
51,0.2,600,"bu","09:46:04",490900
51,0.2,600,"bu","09:45:55",490300
50.9,0.1,200,"sd","09:45:50",489700
51,0.2,600,"bu","09:45:46",489500
51,0.2,600,"bu","09:45:37",488900
51,0.2,600,"bu","09:45:28",488300
51,0.2,500,"bu","09:45:19",487700
51,0.2,500,"bu","09:45:10",487200
51,0.2,500,"bu","09:45:01",486700
51,0.2,600,"bu","09:44:52",486200
50.9,0.1,200,"sd","09:44:46",485600
50.9,0.1,600,"sd","09:44:44",485400
51,0.2,500,"bu","09:44:43",484800
51,0.2,600,"bu","09:44:34",484300
51,0.2,500,"bu","09:44:25",483700
51,0.2,500,"bu","09:44:16",483200
51,0.2,600,"bu","09:44:07",482700
50.9,0.1,200,"sd","09:44:01",482100
51,0.2,2600,"bu","09:43:58",481900
50.9,0.1,2000,"sd","09:43:50",479300
51,0.2,500,"bu","09:43:49",477300
50.9,0.1,200,"sd","09:43:41",476800
51,0.2,600,"bu","09:43:40",476600
51,0.2,500,"bu","09:43:31",476000
51,0.2,600,"bu","09:43:22",475500
51,0.2,600,"bu","09:43:13",474900
51,0.2,600,"bu","09:43:04",474300
51,0.2,600,"bu","09:42:55",473700
51,0.2,600,"bu","09:42:46",473100
50.9,0.1,100,"sd","09:42:41",472500
50.9,0.1,600,"bu","09:42:37",472400
50.8,0,200,"sd","09:42:35",471800
50.9,0.1,1000,"bu","09:42:34",471600
50.9,0.1,6000,"bu","09:42:32",470600
50.9,0.1,600,"bu","09:42:28",464600
50.9,0.1,600,"bu","09:42:19",464000
50.9,0.1,300,"bu","09:42:15",463400
50.9,0.1,500,"bu","09:42:10",463100
50.8,0,1000,"sd","09:42:09",462600
50.9,0.1,600,"bu","09:42:01",461600
50.8,0,1000,"sd","09:41:59",461000
50.9,0.1,3000,"bu","09:41:53",460000
50.9,0.1,600,"bu","09:41:52",457000
50.9,0.1,500,"bu","09:41:43",456400
50.9,0.1,600,"bu","09:41:34",455900
50.8,0,200,"sd","09:41:33",455300
50.9,0.1,600,"bu","09:41:25",455100
50.9,0.1,600,"bu","09:41:16",454500
50.9,0.1,500,"bu","09:41:09",453900
50.9,0.1,500,"bu","09:41:07",453400
50.9,0.1,600,"bu","09:40:58",452900
50.9,0.1,500,"bu","09:40:49",452300
50.9,0.1,500,"bu","09:40:40",451800
50.9,0.1,600,"bu","09:40:31",451300
50.8,0,200,"sd","09:40:30",450700
50.9,0.1,600,"bu","09:40:22",450500
50.9,0.1,600,"bu","09:40:13",449900
50.9,0.1,600,"bu","09:40:03",449300
50.8,0,500,"sd","09:39:57",448700
50.9,0.1,600,"bu","09:39:55",448200
50.8,0,700,"sd","09:39:46",447600
50.9,0.1,600,"bu","09:39:36",446900
50.8,0,100,"sd","09:39:29",446300
50.9,0.1,600,"bu","09:39:28",446200
50.9,0.1,500,"bu","09:39:19",445600
50.9,0.1,600,"bu","09:39:10",445100
50.9,0.1,500,"bu","09:39:01",444500
50.9,0.1,600,"bu","09:38:52",444000
50.9,0.1,600,"bu","09:38:42",443400
50.9,0.1,500,"bu","09:38:34",442800
50.9,0.1,3000,"bu","09:38:33",442300
50.9,0.1,100,"bu","09:38:28",439300
50.8,0,200,"sd","09:38:27",439200
50.9,0.1,600,"bu","09:38:25",439000
50.9,0.1,600,"bu","09:38:15",438400
50.9,0.1,600,"bu","09:38:06",437800
50.9,0.1,1000,"bu","09:38:00",437200
50.9,0.1,600,"bu","09:37:57",436200
50.9,0.1,600,"bu","09:37:48",435600
50.9,0.1,1000,"bu","09:37:43",435000
50.9,0.1,600,"bu","09:37:40",434000
50.9,0.1,600,"bu","09:37:30",433400
50.8,0,200,"sd","09:37:23",432800
50.9,0.1,600,"bu","09:37:22",432600
50.9,0.1,600,"bu","09:37:13",432000
50.9,0.1,500,"bu","09:37:03",431400
50.9,0.1,500,"bu","09:36:54",430900
50.9,0.1,100,"bu","09:36:53",430400
50.8,0,10000,"sd","09:36:49",430300
50.9,0.1,5000,"bu","09:36:48",420300
50.9,0.1,500,"bu","09:36:45",415300
50.9,0.1,600,"bu","09:36:36",414800
50.9,0.1,500,"bu","09:36:27",414200
50.8,0,200,"sd","09:36:21",413700
50.9,0.1,1500,"bu","09:36:18",413500
50.9,0.1,600,"bu","09:36:09",412000
50.9,0.1,700,"bu","09:36:00",411400
50.9,0.1,600,"bu","09:35:51",410700
50.9,0.1,600,"bu","09:35:42",410100
50.9,0.1,1400,"bu","09:35:34",409500
50.9,0.1,600,"bu","09:35:33",408100
50.9,0.1,600,"bu","09:35:24",407500
50.9,0.1,2000,"bu","09:35:21",406900
50.8,0,200,"sd","09:35:18",404900
50.9,0.1,600,"bu","09:35:15",404700
50.9,0.1,400,"bu","09:35:14",404100
50.9,0.1,600,"bu","09:35:06",403700
50.9,0.1,700,"bu","09:34:57",403100
50.9,0.1,500,"bu","09:34:48",402400
50.9,0.1,300,"bu","09:34:46",401900
50.9,0.1,600,"bu","09:34:39",401600
50.9,0.1,600,"bu","09:34:30",401000
50.9,0.1,600,"bu","09:34:21",400400
50.8,0,200,"sd","09:34:16",399800
50.9,0.1,600,"bu","09:34:12",399600
50.8,0,300,"sd","09:34:08",399000
50.9,0.1,500,"bu","09:34:03",398700
50.9,0.1,2800,"sd","09:33:50",398200
51,0.2,600,"bu","09:33:44",395400
50.9,0.1,3000,"sd","09:33:37",394800
51,0.2,600,"bu","09:33:35",391800
51,0.2,600,"bu","09:33:25",391200
50.9,0.1,100,"sd","09:33:19",390600
51,0.2,500,"bu","09:33:17",390500
50.9,0.1,200,"sd","09:33:11",390000
50.9,0.1,5000,"sd","09:33:09",389800
51,0.2,600,"bu","09:33:08",384800
51,0.2,400,"bu","09:33:04",384200
50.9,0.1,1000,"sd","09:33:02",383800
50.9,0.1,6000,"sd","09:33:00",382800
51,0.2,600,"bu","09:32:58",376800
51,0.2,500,"bu","09:32:50",376200
51,0.2,500,"bu","09:32:40",375700
51,0.2,600,"bu","09:32:32",375200
51,0.2,600,"bu","09:32:22",374600
50.9,0.1,300,"sd","09:32:19",374000
50.9,0.1,5000,"sd","09:32:17",373700
51,0.2,600,"bu","09:32:14",368700
50.9,0.1,200,"sd","09:32:08",368100
51,0.2,500,"bu","09:32:04",367900
51,0.2,600,"bu","09:31:56",367400
50.9,0.1,300,"sd","09:31:50",366800
51,0.2,600,"bu","09:31:46",366500
51,0.2,600,"bu","09:31:38",365900
51,0.2,500,"bu","09:31:29",365300
51,0.2,600,"bu","09:31:19",364800
51,0.2,500,"bu","09:31:10",364200
50.9,0.1,200,"sd","09:31:05",363700
50.9,0.1,1000,"sd","09:31:04",363500
51,0.2,500,"bu","09:31:01",362500
50.9,0.1,8000,"sd","09:31:00",362000
51,0.2,600,"bu","09:30:52",354000
51,0.2,600,"bu","09:30:43",353400
51,0.2,500,"bu","09:30:34",352800
51,0.2,500,"bu","09:30:25",352300
51,0.2,600,"bu","09:30:16",351800
51,0.2,600,"bu","09:30:07",351200
50.9,0.1,200,"sd","09:30:01",350600
51,0.2,500,"bu","09:29:58",350400
50.9,0.1,500,"sd","09:29:56",349900
51,0.2,600,"bu","09:29:49",349400
51,0.2,500,"bu","09:29:40",348800
51,0.2,600,"bu","09:29:31",348300
51,0.2,600,"bu","09:29:22",347700
50.9,0.1,1200,"sd","09:29:14",347100
51,0.2,500,"bu","09:29:13",345900
51,0.2,500,"bu","09:29:04",345400
50.9,0.1,1000,"sd","09:28:56",344900
50.9,0.1,700,"sd","09:28:55",343900
51,0.2,500,"bu","09:28:46",343200
50.9,0.1,1000,"sd","09:28:42",342700
50.9,0.1,900,"sd","09:28:37",341700
50.9,0.1,3000,"sd","09:28:29",340800
51,0.2,600,"bu","09:28:28",337800
50.9,0.1,300,"sd","09:28:25",337200
51,0.2,600,"bu","09:28:19",336900
50.9,0.1,4000,"sd","09:28:15",336300
51,0.2,600,"bu","09:28:10",332300
50.9,0.1,800,"sd","09:28:01",331700
50.9,0.1,2000,"sd","09:27:58",330900
51,0.2,600,"bu","09:27:52",328900
51,0.2,1000,"bu","09:27:46",328300
51,0.2,500,"bu","09:27:43",327300
51,0.2,600,"bu","09:27:34",326800
51,0.2,100,"bu","09:27:32",326200
51,0.2,600,"bu","09:27:25",326100
50.9,0.1,100,"sd","09:27:24",325500
50.9,0.1,100,"sd","09:27:19",325400
51,0.2,600,"bu","09:27:16",325300
51,0.2,11600,"bu","09:26:59",324700
51.1,0.3,500,"bu","09:26:57",313100
51.1,0.3,500,"bu","09:26:48",312600
51,0.2,300,"sd","09:26:47",312100
51,0.2,3000,"sd","09:26:45",311800
51,0.2,500,"sd","09:26:39",308800
51.1,0.3,600,"bu","09:26:38",308300
51,0.2,100,"sd","09:26:33",307700
51,0.2,1000,"sd","09:26:32",307600
51.1,0.3,600,"bu","09:26:30",306600
51,0.2,200,"sd","09:26:25",306000
51.1,0.3,500,"bu","09:26:21",305800
51,0.2,100,"sd","09:26:13",305300
51.1,0.3,500,"bu","09:26:12",305200
51.1,0.3,600,"bu","09:26:02",304700
51,0.2,200,"sd","09:25:54",304100
51.1,0.3,15200,"bu","09:25:53",303900
51.1,0.3,600,"bu","09:25:45",288700
51.1,0.3,500,"bu","09:25:36",288100
51.1,0.3,600,"bu","09:25:27",287600
51.1,0.3,600,"bu","09:25:18",287000
51.1,0.3,600,"bu","09:25:08",286400
51,0.2,5000,"sd","09:25:01",285800
51.1,0.3,500,"bu","09:24:59",280800
51,0.2,4000,"sd","09:24:58",280300
51,0.2,200,"sd","09:24:51",276300
51.1,0.3,600,"bu","09:24:50",276100
51.1,0.3,600,"bu","09:24:42",275500
51.1,0.3,500,"bu","09:24:33",274900
51.1,0.3,500,"bu","09:24:23",274400
51.1,0.3,600,"bu","09:24:14",273900
51.1,0.3,600,"bu","09:24:05",273300
51,0.2,100,"sd","09:23:59",272700
51.1,0.3,600,"bu","09:23:56",272600
51,0.2,100,"sd","09:23:50",272000
51.1,0.3,600,"bu","09:23:48",271900
51.1,0.3,600,"bu","09:23:38",271300
51.1,0.3,600,"bu","09:23:29",270700
51.1,0.3,600,"bu","09:23:20",270100
51.1,0.3,600,"bu","09:23:11",269500
51.1,0.3,600,"bu","09:23:02",268900
51.1,0.3,500,"bu","09:22:53",268300
51,0.2,200,"sd","09:22:50",267800
51.1,0.3,600,"bu","09:22:45",267600
51.1,0.3,600,"bu","09:22:35",267000
51.1,0.3,600,"bu","09:22:26",266400
51.1,0.3,600,"bu","09:22:17",265800
51,0.2,1000,"sd","09:22:15",265200
51.1,0.3,500,"bu","09:22:08",264200
51,0.2,1000,"sd","09:22:06",263700
51.1,0.3,500,"bu","09:21:59",262700
51.1,0.3,600,"bu","09:21:50",262200
51,0.2,200,"sd","09:21:47",261600
51.1,0.3,600,"bu","09:21:41",261400
51.1,0.3,600,"bu","09:21:32",260800
51,0.2,5000,"sd","09:21:25",260200
51.1,0.3,600,"bu","09:21:23",255200
51.1,0.3,900,"bu","09:21:14",254600
51.1,0.3,600,"bu","09:21:05",253700
51.1,0.3,5000,"bu","09:21:03",253100
51.1,0.3,600,"bu","09:20:56",248100
51.1,0.3,5000,"bu","09:20:49",247500
51.1,0.3,800,"bu","09:20:47",242500
51.1,0.3,600,"bu","09:20:38",241700
51.1,0.3,500,"bu","09:20:29",241100
51.1,0.3,100,"bu","09:20:25",240600
51.1,0.3,600,"bu","09:20:20",240500
51.1,0.3,1000,"bu","09:20:14",239900
51.1,0.3,600,"bu","09:20:11",238900
51,0.2,1600,"sd","09:20:08",238300
51,0.2,1500,"sd","09:20:06",236700
51,0.2,11900,"sd","09:20:05",235200
51,0.2,500,"bu","09:20:04",223300
51,0.2,500,"bu","09:20:02",222800
51,0.2,600,"bu","09:19:53",222300
50.9,0.1,3000,"sd","09:19:45",221700
51,0.2,600,"bu","09:19:44",218700
50.9,0.1,200,"sd","09:19:42",218100
51,0.2,1500,"bu","09:19:36",217900
51,0.2,600,"bu","09:19:35",216400
51,0.2,500,"bu","09:19:26",215800
51,0.2,100,"bu","09:19:22",215300
51,0.2,600,"bu","09:19:17",215200
51,0.2,600,"bu","09:19:08",214600
51,0.2,600,"bu","09:18:59",214000
50.9,0.1,100,"sd","09:18:55",213400
50.9,0.1,200,"sd","09:18:54",213300
51,0.2,500,"bu","09:18:50",213100
50.9,0.1,1100,"sd","09:18:42",212600
51,0.2,600,"bu","09:18:41",211500
50.9,0.1,200,"sd","09:18:36",210900
51,0.2,600,"bu","09:18:32",210700
51,0.2,600,"bu","09:18:23",210100
51,0.2,600,"bu","09:18:14",209500
51,0.2,500,"bu","09:18:05",208900
51,0.2,600,"bu","09:17:56",208400
51,0.2,500,"bu","09:17:47",207800
50.9,0.1,19500,"sd","09:17:43",207300
50.9,0.1,200,"sd","09:17:42",187800
51,0.2,600,"bu","09:17:37",187600
50.9,0.1,10000,"sd","09:17:34",187000
50.9,0.1,200,"sd","09:17:32",177000
51,0.2,100,"bu","09:17:28",176800
51,0.2,2400,"bu","09:17:25",176700
51,0.2,2000,"sd","09:17:19",174300
51.1,0.3,600,"bu","09:17:18",172300
51.1,0.3,600,"bu","09:17:09",171700
51,0.2,6000,"sd","09:17:04",171100
51.1,0.3,500,"bu","09:17:01",165100
51.1,0.3,500,"bu","09:16:51",164600
51.1,0.3,500,"bu","09:16:42",164100
51.1,0.3,600,"bu","09:16:33",163600
51,0.2,200,"sd","09:16:28",163000
51.1,0.3,600,"bu","09:16:24",162800
51.1,0.3,500,"bu","09:16:15",162200
51.1,0.3,600,"bu","09:16:10",161700
51.1,0.3,600,"bu","09:15:57",161100
51.1,0.3,600,"bu","09:15:48",160500
51.1,0.3,100,"bu","09:15:40",159900
51.1,0.3,600,"bu","09:15:39",159800
51.1,0.3,500,"bu","09:15:30",159200
51,0.2,200,"sd","09:15:27",158700
51.1,0.3,600,"bu","09:15:21",158500
51.1,0.3,600,"bu","09:15:12",157900
51.1,0.3,600,"bu","09:15:06",157300
51.1,0.3,100,"bu","09:15:00",156700
51.1,0.3,600,"bu","09:14:54",156600
51.1,0.3,500,"bu","09:14:45",156000
51.1,0.3,600,"bu","09:14:36",155500
51.1,0.3,600,"bu","09:14:27",154900
51,0.2,200,"sd","09:14:26",154300
51,0.2,2000,"sd","09:14:23",154100
51.1,0.3,1200,"bu","09:14:18",152100
51,0.2,500,"sd","09:14:09",150900
51,0.2,500,"bu","09:14:00",150400
51,0.2,600,"bu","09:13:51",149900
51,0.2,600,"bu","09:13:42",149300
51,0.2,600,"bu","09:13:33",148700
50.9,0.1,200,"sd","09:13:25",148100
51,0.2,600,"bu","09:13:24",147900
51,0.2,500,"bu","09:13:15",147300
50.9,0.1,5000,"","09:12:46",146800
51,0.2,3000,"bu","09:12:42",141800
51,0.2,200,"bu","09:12:31",138800
51,0.2,5000,"bu","09:12:27",138600
50.9,0.1,200,"sd","09:12:25",133600
51,0.2,100,"bu","09:12:12",133400
51.1,0.3,5200,"bu","09:11:21",133300
51,0.2,100,"bu","09:11:17",128100
51,0.2,7800,"sd","09:11:16",128000
51,0.2,28100,"sd","09:11:13",120200
51,0.2,3000,"sd","09:10:52",92100
51,0.2,200,"sd","09:10:34",89100
51,0.2,200,"sd","09:10:16",88900
51,0.2,800,"sd","09:09:54",88700
51,0.2,1000,"sd","09:09:45",87900
51,0.2,1500,"sd","09:09:34",86900
51,0.2,200,"sd","09:09:12",85400
51,0.2,1000,"sd","09:08:46",85200
51.1,0.3,100,"bu","09:08:41",84200
51.1,0.3,10000,"bu","09:08:33",84100
51.1,0.3,100,"bu","09:08:27",74100
51.1,0.3,2900,"sd","09:08:26",74000
51.1,0.3,200,"sd","09:08:07",71100
51.2,0.4,1500,"bu","09:07:54",70900
51.2,0.4,5000,"sd","09:07:51",69400
51.2,0.4,900,"sd","09:07:35",64400
51.2,0.4,200,"sd","09:07:24",63500
51.2,0.4,200,"sd","09:07:02",63300
51.2,0.4,100,"sd","09:06:56",63100
51.2,0.4,100,"sd","09:06:27",63000
51.2,0.4,200,"sd","09:06:21",62900
51.2,0.4,200,"sd","09:05:57",62700
51.2,0.4,3000,"sd","09:05:29",62500
51.3,0.5,1000,"bu","09:05:03",59500
51.2,0.4,4000,"sd","09:05:00",58500
51.2,0.4,200,"sd","09:04:56",54500
51.3,0.5,500,"bu","09:04:51",54300
51.2,0.4,1200,"sd","09:04:49",53800
51.3,0.5,10000,"bu","09:04:36",52600
51.3,0.5,400,"bu","09:04:32",42600
51.3,0.5,200,"bu","09:04:27",42200
51.3,0.5,500,"bu","09:04:23",42000
51.3,0.5,400,"bu","09:04:13",41500
51.3,0.5,4600,"bu","09:03:55",41100
51.4,0.6,500,"bu","09:03:54",36500
51.4,0.6,400,"bu","09:03:45",36000
51.4,0.6,500,"bu","09:03:36",35600
51.3,0.5,1000,"sd","09:03:35",35100
51.3,0.5,3000,"sd","09:03:30",34100
51.3,0.5,500,"sd","09:03:28",31100
51.4,0.6,400,"bu","09:03:27",30600
51.4,0.6,400,"bu","09:03:18",30200
51.3,0.5,3200,"sd","09:03:15",29800
51.3,0.5,400,"bu","09:03:09",26600
51.3,0.5,2500,"bu","09:03:04",26200
51.3,0.5,400,"bu","09:03:00",23700
51.3,0.5,100,"bu","09:02:57",23300
51.3,0.5,400,"bu","09:02:51",23200
51.2,0.4,200,"sd","09:02:50",22800
51.3,0.5,400,"bu","09:02:42",22600
51.3,0.5,500,"bu","09:02:33",22200
51.4,0.6,400,"bu","09:02:24",21700
51.3,0.5,1300,"","09:02:18",21300
51.3,0.5,1200,"bu","09:02:17",20000
51.2,0.4,600,"sd","09:02:13",18800
51.2,0.4,400,"sd","09:02:11",18200
51.3,0.5,2000,"bu","09:02:08",17800
51.3,0.5,500,"bu","09:02:05",15800
51.3,0.5,1200,"bu","09:02:00",15300
51.3,0.5,400,"bu","09:01:55",14100
51.2,0.4,100,"sd","09:01:51",13700
51.3,0.5,400,"bu","09:01:47",13600
51.3,0.5,400,"bu","09:01:37",13200
51.3,0.5,500,"bu","09:01:28",12800
51.2,0.4,1500,"sd","09:01:27",12300
51.3,0.5,200,"bu","09:01:23",10800
51.3,0.5,400,"bu","09:01:19",10600
51.3,0.5,400,"bu","09:01:10",10200
51.2,0.4,600,"sd","09:01:05",9800
51.2,0.4,400,"bu","09:01:01",9200
51.2,0.4,1000,"bu","09:00:58",8800
51.2,0.4,500,"bu","09:00:52",7800
51.2,0.4,400,"bu","09:00:44",7300
51.2,0.4,400,"bu","09:00:34",6900
51.2,0.4,400,"bu","09:00:26",6500
51,0.2,300,"sd","09:00:23",6100
51,0.2,2400,"bu","09:00:20",5800
51,0.2,1700,"bu","09:00:10",3400
51.2,0.4,1500,"sd","09:00:09",1700
51.2,0.4,100,"sd","09:00:06",200
50.9,0.1,100,"sd","09:00:04",100
48,-2,10000,"bu","10:07:34",3664300
47.8,-2.2,100,"sd","10:07:33",3654300
47.8,-2.2,15000,"sd","10:07:26",3654200
48,-2,200,"bu","10:07:24",3639200
48,-2,4000,"bu","10:07:18",3639000
47.9,-2.1,5000,"sd","10:07:17",3635000
48,-2,5600,"bu","10:07:16",3630000
48,-2,500,"bu","10:07:15",3624400
48,-2,2000,"bu","10:07:13",3623900
48,-2,26900,"sd","10:07:12",3621900
48.1,-1.9,10000,"sd","10:06:56",3595000
48.1,-1.9,4600,"sd","10:06:50",3585000
48.2,-1.8,1000,"sd","10:06:48",3580400
48.2,-1.8,100,"sd","10:06:47",3579400
48.2,-1.8,3000,"sd","10:06:42",3579300
48.3,-1.7,10000,"bu","10:06:41",3576300
48.2,-1.8,4500,"bu","10:06:36",3566300
48.2,-1.8,500,"bu","10:06:34",3561800
48.2,-1.8,500,"bu","10:06:31",3561300
48.2,-1.8,100,"bu","10:06:30",3560800
48.2,-1.8,100,"bu","10:06:30",3560800
48.2,-1.8,3000,"bu","10:06:28",3560700
48.2,-1.8,200,"bu","10:06:27",3557700
48.2,-1.8,300,"bu","10:06:23",3557500
48.2,-1.8,100,"bu","10:06:22",3557200
48.2,-1.8,3000,"bu","10:06:18",3557100
48.2,-1.8,400,"bu","10:06:17",3554100
48.2,-1.8,700,"bu","10:06:15",3553700
48.2,-1.8,600,"bu","10:06:13",3553000
48.2,-1.8,200,"bu","10:06:10",3552400
48.2,-1.8,2500,"bu","10:06:08",3552200
48.2,-1.8,5000,"bu","10:05:57",3549700
48,-2,10000,"sd","10:05:30",3544700
48,-2,1000,"sd","10:05:22",3534700
48,-2,19100,"sd","10:05:14",3533700
48,-2,100,"bu","10:05:11",3514600
48,-2,1600,"bu","10:05:09",3514500
48,-2,2000,"bu","10:05:07",3512900
48,-2,10000,"bu","10:05:05",3510900
48,-2,20000,"bu","10:05:01",3500900
48,-2,900,"bu","10:05:00",3480900
48,-2,1000,"bu","10:04:57",3480000
47.9,-2.1,100,"sd","10:04:56",3479000
47.9,-2.1,1000,"sd","10:04:45",3478900
47.9,-2.1,200,"sd","10:04:38",3477900
47.9,-2.1,4800,"bu","10:04:32",3477700
47.9,-2.1,500,"bu","10:04:31",3472900
47.9,-2.1,2500,"bu","10:04:27",3472400
47.9,-2.1,200,"bu","10:04:23",3469900
47.9,-2.1,5000,"bu","10:04:21",3469700
47.9,-2.1,1000,"bu","10:04:14",3464700
47.8,-2.2,500,"sd","10:04:04",3463700
47.9,-2.1,5000,"bu","10:04:01",3463200
47.9,-2.1,1000,"bu","10:03:57",3458200
47.9,-2.1,7000,"bu","10:03:53",3457200
47.8,-2.2,4000,"sd","10:03:48",3450200
47.8,-2.2,2000,"sd","10:03:46",3446200
47.8,-2.2,3000,"sd","10:03:40",3444200
47.8,-2.2,100,"bu","10:03:39",3441200
47.8,-2.2,500,"bu","10:03:32",3441100
47.8,-2.2,100,"bu","10:03:27",3430600
47.8,-2.2,300,"bu","10:03:26",3430500
47.8,-2.2,600,"bu","10:03:24",3430200
47.8,-2.2,100,"bu","10:03:22",3429600
47.8,-2.2,900,"bu","10:03:19",3429500
47.8,-2.2,200,"bu","10:03:11",3428600
47.8,-2.2,39200,"bu","10:03:10",3428400
47.9,-2.1,1000,"bu","10:03:09",3389200
47.8,-2.2,8200,"sd","10:02:53",3388200
47.8,-2.2,300,"bu","10:02:41",3380000
47.8,-2.2,100,"bu","10:02:40",3379700
47.7,-2.3,100,"sd","10:02:35",3379600
47.7,-2.3,2000,"sd","10:02:32",3379500
47.7,-2.3,2700,"sd","10:01:57",3377500
47.7,-2.3,300,"bu","10:01:56",3374800
47.7,-2.3,200,"bu","10:01:54",3374500
47.7,-2.3,800,"bu","10:01:52",3374300
47.7,-2.3,200,"bu","10:01:50",3373500
47.7,-2.3,300,"bu","10:01:45",3373300
47.7,-2.3,500,"bu","10:01:38",3373000
47.7,-2.3,100,"bu","10:01:33",3372500
47.7,-2.3,1900,"bu","10:01:26",3372400
47.7,-2.3,300,"bu","10:01:24",3370500
47.7,-2.3,1000,"bu","10:01:23",3370200
47.7,-2.3,100,"bu","10:01:21",3369200
47.7,-2.3,100,"bu","10:01:20",3369100
47.7,-2.3,100,"bu","10:01:19",3369000
47.7,-2.3,400,"bu","10:01:17",3368900
47.7,-2.3,300,"bu","10:01:15",3368500
47.7,-2.3,3000,"bu","10:01:12",3368200
47.7,-2.3,5000,"bu","10:01:11",3365200
47.7,-2.3,1100,"bu","10:01:09",3360200
47.7,-2.3,2000,"bu","10:01:03",3359100
47.7,-2.3,1000,"bu","10:01:00",3357100
47.7,-2.3,23200,"bu","10:00:56",3356100
47.7,-2.3,500,"bu","10:00:52",3332900
47.7,-2.3,1100,"bu","10:00:51",3332400
47.7,-2.3,200,"bu","10:00:50",3331300
47.7,-2.3,1000,"bu","10:00:45",3331100
47.7,-2.3,300,"bu","10:00:39",3330100
47.7,-2.3,300,"bu","10:00:39",3330100
47.6,-2.4,1000,"sd","10:00:36",3329800
47.7,-2.3,500,"bu","10:00:25",3328800
47.6,-2.4,500,"sd","10:00:24",3328300
47.7,-2.3,3800,"bu","10:00:23",3327800
47.7,-2.3,1300,"bu","10:00:22",3324000
47.7,-2.3,100,"bu","10:00:21",3322700
47.7,-2.3,100,"bu","10:00:20",3322600
47.6,-2.4,1000,"sd","10:00:16",3322500
47.7,-2.3,100,"bu","10:00:15",3321500
47.7,-2.3,100,"bu","10:00:14",3321400
47.7,-2.3,1000,"bu","10:00:10",3321300
47.7,-2.3,1000,"bu","10:00:09",3320300
47.7,-2.3,400,"bu","10:00:08",3319300
47.7,-2.3,14300,"bu","10:00:07",3318900
47.8,-2.2,2000,"bu","10:00:02",3304600
47.8,-2.2,1500,"bu","10:00:01",3302600
47.8,-2.2,4500,"sd","09:59:58",3301100
47.8,-2.2,300,"sd","09:59:49",3296600
47.8,-2.2,2200,"bu","09:59:48",3296300
47.8,-2.2,6300,"bu","09:59:46",3294100
47.8,-2.2,2500,"bu","09:59:45",3287800
47.8,-2.2,2000,"bu","09:59:43",3285300
47.8,-2.2,200,"bu","09:59:42",3283300
47.8,-2.2,100,"bu","09:59:41",3283100
47.8,-2.2,2500,"bu","09:59:31",3283000
47.8,-2.2,300,"bu","09:59:28",3280500
47.8,-2.2,100,"bu","09:59:27",3280200
47.7,-2.3,2000,"sd","09:59:23",3280100
47.8,-2.2,4000,"bu","09:59:16",3278100
47.7,-2.3,200,"sd","09:59:14",3274100
47.7,-2.3,1000,"sd","09:59:03",3273900
47.7,-2.3,800,"sd","09:59:01",3272900
47.7,-2.3,1500,"bu","09:58:59",3272100
47.7,-2.3,4100,"bu","09:58:58",3270600
47.7,-2.3,400,"bu","09:58:57",3266500
47.7,-2.3,1000,"bu","09:58:55",3266100
47.7,-2.3,1500,"bu","09:58:54",3265100
47.7,-2.3,11000,"bu","09:58:53",3263600
47.7,-2.3,300,"bu","09:58:52",3252600
47.7,-2.3,500,"bu","09:58:49",3252200
47.7,-2.3,600,"bu","09:58:46",3251700
47.7,-2.3,8000,"bu","09:58:45",3251100
47.7,-2.3,500,"bu","09:58:42",3243100
47.7,-2.3,1000,"bu","09:58:39",3242600
47.7,-2.3,5500,"bu","09:58:36",3241600
47.7,-2.3,700,"bu","09:58:35",3236100
47.6,-2.4,700,"sd","09:58:34",3235400
47.7,-2.3,2000,"bu","09:58:32",3234700
47.7,-2.3,1400,"bu","09:58:26",3232700
47.7,-2.3,2500,"bu","09:58:23",3231300
47.7,-2.3,1000,"bu","09:58:22",3228800
47.7,-2.3,1000,"bu","09:58:19",3227800
47.7,-2.3,1000,"bu","09:58:17",3226800
47.7,-2.3,100,"bu","09:58:16",3225800
47.7,-2.3,100,"bu","09:58:08",3225700
47.7,-2.3,1000,"bu","09:58:05",3225600
47.7,-2.3,1000,"bu","09:58:04",3224600
47.7,-2.3,1000,"bu","09:58:03",3223600
47.7,-2.3,500,"bu","09:57:56",3222600
47.6,-2.4,500,"sd","09:57:54",3222100
47.7,-2.3,300,"bu","09:57:50",3221600
47.6,-2.4,9000,"sd","09:57:45",3221300
47.6,-2.4,300,"bu","09:57:43",3212300
47.5,-2.5,2000,"sd","09:57:41",3212000
47.6,-2.4,200,"bu","09:57:40",3210000
47.6,-2.4,600,"bu","09:57:38",3209800
47.5,-2.5,100,"sd","09:57:36",3209200
47.6,-2.4,200,"bu","09:57:35",3209100
47.6,-2.4,5000,"bu","09:57:33",3208900
47.6,-2.4,100,"bu","09:57:32",3203900
47.6,-2.4,10000,"bu","09:57:30",3203800
47.6,-2.4,1000,"bu","09:57:28",3193800
47.6,-2.4,4100,"bu","09:57:20",3192800
47.6,-2.4,100,"bu","09:57:14",3188700
47.6,-2.4,1000,"bu","09:57:09",3188600
47.6,-2.4,100,"bu","09:57:08",3187600
47.6,-2.4,100,"bu","09:57:07",3187500
47.6,-2.4,100,"bu","09:57:00",3187400
47.6,-2.4,1000,"bu","09:56:52",3187300
47.5,-2.5,2500,"bu","09:56:45",3186300
47.4,-2.6,300,"bu","09:56:39",3183800
47.4,-2.6,600,"bu","09:56:38",3183500
47.4,-2.6,6000,"bu","09:56:37",3182900
47.4,-2.6,200,"bu","09:56:36",3176900
47.4,-2.6,200,"bu","09:56:35",3176700
47.4,-2.6,200,"bu","09:56:34",3176500
47.4,-2.6,400,"bu","09:56:31",3176300
47.4,-2.6,200,"bu","09:56:30",3175900
47.4,-2.6,400,"bu","09:56:24",3175700
47.4,-2.6,1000,"bu","09:56:23",3175300
47.4,-2.6,500,"bu","09:56:20",3174300
47.4,-2.6,40000,"bu","09:56:18",3173800
47.6,-2.4,5200,"bu","09:56:12",3133800
47.5,-2.5,1000,"bu","09:56:11",3128600
47.5,-2.5,100,"bu","09:56:10",3127600
47.5,-2.5,200,"bu","09:56:09",3127500
47.5,-2.5,500,"bu","09:56:08",3127300
47.5,-2.5,5100,"sd","09:56:06",3126800
47.6,-2.4,1000,"bu","09:55:58",3121700
47.5,-2.5,9300,"sd","09:55:56",3120700
47.5,-2.5,500,"bu","09:55:53",3111400
47.5,-2.5,700,"bu","09:55:52",3110900
47.4,-2.6,900,"sd","09:55:51",3110200
47.5,-2.5,200,"bu","09:55:50",3109300
47.4,-2.6,1000,"sd","09:55:47",3109100
47.6,-2.4,3000,"bu","09:55:46",3108100
47.5,-2.5,500,"bu","09:55:43",3105100
47.4,-2.6,11800,"bu","09:55:33",3104600
47.4,-2.6,200,"bu","09:55:30",3092800
47.4,-2.6,20000,"bu","09:55:28",3092600
47.4,-2.6,1000,"bu","09:55:27",3072600
47.4,-2.6,1000,"bu","09:55:25",3071600
47.4,-2.6,10100,"bu","09:55:21",3070600
47.4,-2.6,500,"bu","09:55:20",3060500
47.4,-2.6,800,"bu","09:55:16",3060000
47.4,-2.6,5000,"bu","09:55:13",3059200
47.4,-2.6,100,"bu","09:55:07",3054200
47.4,-2.6,500,"bu","09:54:58",3054100
47.4,-2.6,500,"bu","09:54:51",3053600
47.4,-2.6,400,"bu","09:54:49",3053100
47.4,-2.6,5000,"bu","09:54:43",3052700
47.4,-2.6,200,"bu","09:54:39",3047700
47.3,-2.7,500,"sd","09:54:38",3047500
47.3,-2.7,300,"sd","09:54:34",3047000
47.4,-2.6,400,"bu","09:54:33",3046700
47.3,-2.7,100,"sd","09:54:30",3046300
47.4,-2.6,200,"bu","09:54:27",3046200
47.3,-2.7,300,"sd","09:54:25",3046000
47.3,-2.7,1000,"sd","09:54:15",3045700
47.3,-2.7,500,"sd","09:54:03",3044700
47.3,-2.7,1500,"sd","09:53:57",3044200
47.4,-2.6,300,"bu","09:53:56",3042700
47.4,-2.6,2000,"bu","09:53:53",3042400
47.4,-2.6,100,"bu","09:53:43",3040400
47.3,-2.7,100,"sd","09:53:36",3040300
47.4,-2.6,200,"bu","09:53:30",3040200
47.3,-2.7,400,"sd","09:53:27",3040000
47.4,-2.6,100,"bu","09:53:26",3039600
47.4,-2.6,4300,"sd","09:53:21",3039500
47.5,-2.5,500,"bu","09:53:20",3035200
47.4,-2.6,1500,"sd","09:53:14",3034700
47.5,-2.5,1100,"bu","09:53:04",3033200
47.5,-2.5,6000,"bu","09:53:02",3032100
47.5,-2.5,2700,"bu","09:52:59",3026100
47.5,-2.5,100,"bu","09:52:58",3023400
47.5,-2.5,400,"bu","09:52:53",3023300
47.5,-2.5,5000,"bu","09:52:50",3022900
47.5,-2.5,100,"bu","09:52:49",3017900
47.4,-2.6,2400,"sd","09:52:48",3017800
47.4,-2.6,1700,"sd","09:52:47",3015400
47.4,-2.6,100,"bu","09:52:44",3013700
47.4,-2.6,100,"bu","09:52:43",3013600
47.2,-2.8,3000,"sd","09:52:39",3013500
47.4,-2.6,5000,"bu","09:52:37",3010500
47.4,-2.6,300,"bu","09:52:34",3005500
47.2,-2.8,1000,"sd","09:52:28",3005200
47.1,-2.9,20000,"sd","09:52:13",3004200
47.4,-2.6,2100,"bu","09:52:08",2984200
47.2,-2.8,600,"bu","09:52:07",2982100
47.2,-2.8,700,"bu","09:52:06",2981500
47.2,-2.8,100,"bu","09:52:04",2980800
47.1,-2.9,500,"sd","09:52:03",2980700
47.2,-2.8,4300,"bu","09:52:00",2980200
47.1,-2.9,500,"bu","09:51:49",2975900
47,-3,1500,"sd","09:51:45",2975400
47,-3,1700,"sd","09:51:44",2973900
47,-3,2300,"bu","09:51:43",2972200
47,-3,10800,"bu","09:51:42",2969900
47,-3,200,"bu","09:51:41",2959100
47,-3,3000,"bu","09:51:40",2958900
47,-3,4200,"bu","09:51:38",2955900
47,-3,1000,"bu","09:51:34",2951700
46.9,-3.1,1000,"sd","09:51:32",2950700
47,-3,1000,"bu","09:51:31",2949700
47,-3,10100,"bu","09:51:28",2948700
47,-3,100,"bu","09:51:25",2938600
47,-3,8000,"bu","09:51:22",2938500
46.9,-3.1,10000,"sd","09:51:21",2930500
46.9,-3.1,400,"sd","09:51:19",2920500
46.8,-3.2,200,"sd","09:51:11",2919600
46.9,-3.1,100,"sd","09:51:10",2919400
47,-3,100,"bu","09:51:09",2919300
46.7,-3.3,5500,"sd","09:51:07",2919200
46.9,-3.1,900,"bu","09:51:05",2913700
46.7,-3.3,200,"sd","09:51:04",2912800
46.9,-3.1,1000,"bu","09:51:03",2912600
46.8,-3.2,100,"bu","09:50:59",2911600
46.7,-3.3,1000,"sd","09:50:58",2911500
46.9,-3.1,200,"bu","09:50:56",2910500
46.7,-3.3,500,"sd","09:50:53",2910300
46.8,-3.2,200,"sd","09:50:51",2909800
46.7,-3.3,800,"sd","09:50:49",2909600
46.7,-3.3,100,"sd","09:50:46",2908800
46.9,-3.1,50900,"bu","09:50:45",2908700
46.7,-3.3,100,"bu","09:50:40",2857800
46.6,-3.4,2000,"sd","09:50:39",2857700
46.7,-3.3,1500,"bu","09:50:38",2855700
46.7,-3.3,500,"bu","09:50:33",2854200
46.7,-3.3,5200,"bu","09:50:31",2853700
46.7,-3.3,5200,"bu","09:50:31",2853700
46.6,-3.4,3700,"sd","09:50:30",2848500
46.6,-3.4,1200,"sd","09:50:27",2844800
46.6,-3.4,800,"sd","09:50:26",2843600
46.7,-3.3,1000,"bu","09:50:25",2842800
46.7,-3.3,100,"bu","09:50:23",2841800
46.7,-3.3,100,"bu","09:50:17",2841700
46.7,-3.3,500,"bu","09:50:16",2841600
46.7,-3.3,1000,"bu","09:50:15",2841100
46.7,-3.3,5000,"bu","09:50:12",2840100
46.7,-3.3,1000,"bu","09:50:10",2835100
46.7,-3.3,300,"bu","09:50:09",2834100
46.5,-3.5,15000,"sd","09:50:05",2833800
46.7,-3.3,100,"bu","09:50:04",2818800
46.7,-3.3,1500,"bu","09:50:03",2818700
46.7,-3.3,500,"bu","09:50:01",2817200
46.6,-3.4,2500,"sd","09:49:59",2816700
46.7,-3.3,100,"bu","09:49:58",2814200
46.7,-3.3,1000,"bu","09:49:56",2814100
46.7,-3.3,100,"bu","09:49:54",2813100
46.7,-3.3,4000,"bu","09:49:52",2813000
46.7,-3.3,100,"bu","09:49:49",2809000
46.7,-3.3,300,"bu","09:49:48",2808900
46.7,-3.3,1300,"bu","09:49:46",2808600
46.7,-3.3,50100,"sd","09:49:45",2807300
46.9,-3.1,900,"bu","09:49:35",2757200
46.9,-3.1,100,"bu","09:49:34",2756300
46.9,-3.1,200,"bu","09:49:32",2756200
46.9,-3.1,900,"bu","09:49:31",2756000
46.9,-3.1,2300,"sd","09:49:30",2755100
46.9,-3.1,200,"sd","09:49:18",2752800
46.8,-3.2,12000,"sd","09:49:16",2752600
46.8,-3.2,8000,"sd","09:49:15",2740600
46.9,-3.1,2000,"sd","09:49:12",2732600
46.9,-3.1,100,"sd","09:49:11",2730600
46.9,-3.1,1100,"sd","09:49:09",2730500
46.9,-3.1,800,"sd","09:49:08",2729400
46.8,-3.2,7000,"sd","09:49:07",2728600
46.8,-3.2,500,"sd","09:49:05",2721600
46.8,-3.2,10800,"sd","09:49:01",2721100
46.8,-3.2,1000,"sd","09:48:56",2710300
46.8,-3.2,2100,"sd","09:48:54",2709300
46.8,-3.2,400,"bu","09:48:53",2707200
46.8,-3.2,12000,"bu","09:48:52",2706800
46.8,-3.2,2000,"bu","09:48:51",2694800
46.7,-3.3,100,"sd","09:48:50",2692800
46.8,-3.2,700,"bu","09:48:48",2692700
46.7,-3.3,3500,"sd","09:48:44",2692000
46.9,-3.1,100,"bu","09:48:42",2688500
46.9,-3.1,1500,"bu","09:48:40",2688400
46.9,-3.1,14400,"bu","09:48:35",2686900
46.9,-3.1,100,"bu","09:48:32",2672500
46.8,-3.2,10000,"sd","09:48:31",2672400
46.9,-3.1,100,"bu","09:48:29",2662400
46.9,-3.1,4200,"bu","09:48:27",2662300
46.9,-3.1,1300,"bu","09:48:26",2658100
46.8,-3.2,10000,"sd","09:48:25",2656800
46.9,-3.1,10100,"bu","09:48:21",2646800
46.8,-3.2,3000,"sd","09:48:20",2636700
46.8,-3.2,800,"sd","09:48:19",2633700
46.9,-3.1,5300,"sd","09:48:11",2624700
46.9,-3.1,1000,"sd","09:48:10",2619400
47,-3,100,"bu","09:48:09",2618400
46.9,-3.1,5000,"sd","09:48:08",2618300
46.9,-3.1,4000,"sd","09:48:06",2613300
47,-3,7000,"bu","09:48:05",2609300
46.9,-3.1,3500,"sd","09:48:02",2602300
47,-3,1000,"bu","09:48:01",2598800
46.9,-3.1,5400,"sd","09:47:57",2597800
46.9,-3.1,500,"sd","09:47:53",2592400
47,-3,1000,"bu","09:47:49",2591900
47,-3,100,"bu","09:47:48",2590900
47,-3,1600,"bu","09:47:44",2590800
47,-3,600,"bu","09:47:42",2589200
47,-3,1000,"bu","09:47:40",2588600
47,-3,100,"bu","09:47:36",2587600
47,-3,46700,"bu","09:47:35",2587500
47.1,-2.9,4000,"bu","09:47:34",2540800
47,-3,200,"sd","09:47:33",2536800
47,-3,600,"sd","09:47:31",2536600
47,-3,200,"sd","09:47:33",2536800
47,-3,600,"sd","09:47:31",2536600
47,-3,200000,"sd","09:47:30",2536000
47,-3,3500,"sd","09:47:26",2336000
47.1,-2.9,2000,"bu","09:47:25",2332500
47,-3,1300,"sd","09:47:24",2330500
47.1,-2.9,700,"bu","09:47:22",2329200
47.1,-2.9,400,"bu","09:47:20",2328500
47,-3,100,"sd","09:47:19",2328100
47,-3,35100,"sd","09:47:17",2328000
47,-3,15200,"sd","09:47:16",2292900
47.1,-2.9,1000,"bu","09:47:12",2277700
47,-3,20000,"sd","09:47:07",2276700
47.2,-2.8,11400,"bu","09:47:06",2256700
47.1,-2.9,1200,"sd","09:47:04",2245300
47.2,-2.8,4100,"bu","09:47:03",2244100
47.1,-2.9,300,"sd","09:47:02",2240000
47.1,-2.9,500,"sd","09:47:01",2239700
47.2,-2.8,200,"bu","09:47:00",2239200
47.1,-2.9,100,"sd","09:46:58",2239000
47.2,-2.8,500,"bu","09:46:52",2236600
47.1,-2.9,34000,"sd","09:46:47",2236100
47.1,-2.9,2000,"sd","09:46:45",2202100
47.1,-2.9,300,"sd","09:46:44",2200100
47.2,-2.8,6100,"bu","09:46:43",2199800
47.2,-2.8,2000,"sd","09:46:41",2193700
47.2,-2.8,400,"sd","09:46:38",2191400
47.2,-2.8,48900,"sd","09:46:36",2191000
47.3,-2.7,2000,"sd","09:46:35",2142100
47.4,-2.6,100,"bu","09:46:31",2140100
47.3,-2.7,1000,"sd","09:46:30",2140000
47.3,-2.7,3500,"sd","09:46:29",2139000
47.4,-2.6,200,"bu","09:46:27",2135500
47.4,-2.6,200,"bu","09:46:26",2135300
47.4,-2.6,100,"bu","09:46:25",2135100
47.3,-2.7,5000,"sd","09:46:21",2135000
47.4,-2.6,2000,"bu","09:46:19",2130000
47.3,-2.7,1200,"sd","09:46:16",2128000
47.4,-2.6,2200,"bu","09:46:14",2126800
47.4,-2.6,6000,"sd","09:46:13",2124600
47.4,-2.6,2200,"bu","09:46:14",2126800
47.4,-2.6,6000,"sd","09:46:13",2124600
47.4,-2.6,700,"sd","09:46:08",2118600
47.5,-2.5,10000,"bu","09:46:02",2117900
47.5,-2.5,6300,"sd","09:46:01",2107900
47.5,-2.5,150000,"sd","09:46:00",2101600
47.6,-2.4,2000,"sd","09:45:58",1951600
47.7,-2.3,200,"bu","09:45:53",1949600
47.6,-2.4,2200,"sd","09:45:49",1949400
47.7,-2.3,700,"bu","09:45:42",1947200
47.6,-2.4,10700,"sd","09:45:41",1946500
47.7,-2.3,1000,"sd","09:45:39",1935800
47.7,-2.3,2000,"sd","09:45:34",1934800
47.7,-2.3,1700,"sd","09:45:29",1932800
47.8,-2.2,200,"bu","09:45:27",1931100
47.8,-2.2,300,"bu","09:45:26",1930900
47.7,-2.3,5000,"sd","09:45:25",1930600
47.7,-2.3,5000,"sd","09:45:24",1925600
47.8,-2.2,500,"bu","09:45:20",1920600
47.8,-2.2,5000,"bu","09:45:19",1920100
47.7,-2.3,5000,"sd","09:45:16",1915100
47.8,-2.2,100,"bu","09:45:15",1910100
47.7,-2.3,1000,"sd","09:45:13",1910000
47.7,-2.3,500,"sd","09:45:08",1909000
47.7,-2.3,200,"sd","09:45:05",1908500
47.6,-2.4,5000,"sd","09:44:58",1908300
47.7,-2.3,200,"sd","09:44:54",1903300
47.7,-2.3,5000,"sd","09:44:50",1903100
47.8,-2.2,7300,"sd","09:44:49",1898100
47.9,-2.1,8700,"sd","09:44:47",1890800
47.9,-2.1,500,"sd","09:44:44",1882100
47.9,-2.1,4100,"sd","09:44:36",1881600
48,-2,100,"bu","09:44:34",1877500
47.9,-2.1,2100,"sd","09:44:30",1877400
47.9,-2.1,4000,"sd","09:44:24",1875300
48,-2,500,"bu","09:44:23",1871300
47.9,-2.1,300,"sd","09:44:17",1870800
48,-2,600,"bu","09:44:12",1870500
47.9,-2.1,2300,"sd","09:44:08",1869900
48,-2,200,"bu","09:44:02",1867600
47.9,-2.1,10000,"sd","09:43:52",1866100
48,-2,1200,"bu","09:43:48",1856100
48,-2,500,"bu","09:43:46",1854900
47.9,-2.1,800,"sd","09:43:45",1854400
48,-2,100,"bu","09:43:38",1853600
48,-2,11000,"bu","09:43:35",1853500
48,-2,300,"bu","09:43:33",1842500
48,-2,200,"bu","09:43:30",1842200
48,-2,100,"bu","09:43:27",1842000
48,-2,100,"bu","09:43:22",1841900
48,-2,4000,"bu","09:43:01",1841800
47.9,-2.1,800,"sd","09:42:56",1837800
47.9,-2.1,7000,"sd","09:42:53",1837000
48,-2,5000,"bu","09:42:52",1830000
47.9,-2.1,2500,"sd","09:42:38",1825000
48,-2,500,"bu","09:42:36",1822500
48,-2,2100,"bu","09:42:35",1822000
48,-2,200,"bu","09:42:27",1819900
47.9,-2.1,3000,"sd","09:42:20",1819700
48,-2,1000,"bu","09:42:18",1816700
47.9,-2.1,3000,"sd","09:42:20",1819700
48,-2,1000,"bu","09:42:18",1816700
47.9,-2.1,1500,"sd","09:42:10",1815700
47.9,-2.1,5300,"sd","09:41:57",1814200
47.9,-2.1,500,"sd","09:41:55",1808900
47.9,-2.1,5100,"bu","09:41:53",1808400
47.9,-2.1,700,"bu","09:41:46",1803300
47.9,-2.1,100,"bu","09:41:43",1802600
47.9,-2.1,100,"bu","09:41:37",1802500
47.9,-2.1,2000,"bu","09:41:28",1802400
47.9,-2.1,1600,"bu","09:41:27",1800400
48,-2,100,"bu","09:41:22",1798800
48,-2,1000,"bu","09:41:08",1798700
47.9,-2.1,50000,"bu","09:41:05",1797700
47.6,-2.4,10000,"sd","09:41:02",1747700
47.8,-2.2,2000,"bu","09:40:54",1737700
47.8,-2.2,400,"bu","09:40:42",1735700
47.8,-2.2,2000,"bu","09:40:39",1735300
47.8,-2.2,200,"bu","09:40:34",1733300
47.8,-2.2,100,"bu","09:40:32",1733100
47.8,-2.2,100,"bu","09:40:31",1733000
47.8,-2.2,1100,"bu","09:40:24",1732900
47.8,-2.2,200,"bu","09:40:23",1731800
47.8,-2.2,94600,"sd","09:40:22",1731600
48,-2,500,"sd","09:40:18",1637000
48,-2,3000,"sd","09:40:14",1636500
48,-2,100,"sd","09:40:09",1633500
48,-2,1000,"sd","09:40:04",1633400
48,-2,10000,"sd","09:39:58",1632400
48,-2,14400,"bu","09:39:56",1622400
48,-2,700,"bu","09:39:54",1608000
48,-2,200,"bu","09:39:50",1607300
48,-2,200,"bu","09:39:46",1607100
48,-2,200,"bu","09:39:41",1606900
48,-2,1000,"bu","09:39:40",1606700
48,-2,300,"bu","09:39:38",1605700
48,-2,200,"bu","09:39:30",1605400
48,-2,10000,"bu","09:39:28",1605200
48,-2,1000,"bu","09:39:26",1595200
48,-2,2000,"bu","09:39:18",1594200
48,-2,100,"bu","09:39:13",1592200
48,-2,300,"bu","09:39:10",1592100
47.9,-2.1,7000,"sd","09:39:08",1591800
48,-2,100,"bu","09:39:06",1584800
48,-2,100,"bu","09:39:02",1584700
48,-2,100,"bu","09:38:55",1584600
48,-2,1000,"bu","09:38:52",1584500
48,-2,100,"bu","09:38:51",1583500
48,-2,100,"bu","09:38:47",1583400
48,-2,31500,"bu","09:38:45",1583300
48.2,-1.8,500,"bu","09:38:44",1551800
48,-2,2900,"sd","09:38:31",1551300
48.2,-1.8,2000,"bu","09:38:27",1548400
48.3,-1.7,25500,"bu","09:38:21",1546400
48.2,-1.8,2000,"sd","09:38:16",1520900
48.2,-1.8,10000,"sd","09:38:15",1518900
48.2,-1.8,1000,"sd","09:38:14",1508900
48.3,-1.7,14400,"bu","09:38:03",1507900
48.4,-1.6,100,"bu","09:37:51",1493500
48.4,-1.6,100,"bu","09:37:42",1493400
48.3,-1.7,10000,"sd","09:37:22",1487300
48.5,-1.5,200,"bu","09:37:17",1477300
48.3,-1.7,3000,"sd","09:37:14",1477100
48.5,-1.5,1000,"bu","09:37:07",1474100
48.5,-1.5,1000,"bu","09:37:05",1473100
48.5,-1.5,100,"bu","09:36:56",1472100
48.5,-1.5,10000,"bu","09:36:50",1472000
48.4,-1.6,200,"bu","09:36:49",1462000
48.5,-1.5,8800,"sd","09:36:38",1461800
48.5,-1.5,1000,"sd","09:36:34",1453000
48.6,-1.4,200,"bu","09:36:33",1452000
48.5,-1.5,1000,"sd","09:36:30",1451800
48.5,-1.5,100,"sd","09:36:29",1450800
48.5,-1.5,1000,"sd","09:36:26",1450700
48.5,-1.5,4000,"sd","09:36:16",1449700
48.6,-1.4,1800,"sd","09:36:09",1445700
48.6,-1.4,14900,"sd","09:36:08",1443900
48.5,-1.5,1500,"sd","09:35:59",1429000
48.5,-1.5,5000,"sd","09:35:56",1427500
48.4,-1.6,1000,"sd","09:35:46",1422500
48.5,-1.5,5000,"sd","09:35:56",1427500
48.4,-1.6,1000,"sd","09:35:46",1422500
48.5,-1.5,3000,"bu","09:35:45",1421500
48.5,-1.5,1000,"bu","09:35:39",1418500
48.5,-1.5,100,"bu","09:35:38",1417500
48.5,-1.5,6000,"bu","09:35:37",1417400
48.5,-1.5,200,"bu","09:35:36",1411400
48.5,-1.5,28500,"sd","09:35:31",1411200
48.5,-1.5,25500,"sd","09:35:29",1382700
48.5,-1.5,1000,"sd","09:35:15",1357200
48.6,-1.4,5000,"bu","09:35:13",1356200
48.6,-1.4,100,"bu","09:35:07",1351200
48.6,-1.4,100,"bu","09:35:05",1351100
48.6,-1.4,1000,"sd","09:35:04",1351000
48.6,-1.4,3000,"sd","09:35:03",1350000
48.6,-1.4,6000,"sd","09:35:02",1347000
48.6,-1.4,8500,"sd","09:34:59",1341000
48.6,-1.4,3000,"sd","09:34:56",1332500
48.6,-1.4,400,"sd","09:34:53",1329500
48.6,-1.4,1000,"sd","09:34:52",1329100
48.6,-1.4,1500,"sd","09:34:47",1328100
48.6,-1.4,2100,"sd","09:34:44",1326600
48.6,-1.4,10100,"sd","09:34:41",1324500
48.6,-1.4,10600,"sd","09:34:38",1314400
48.7,-1.3,300,"bu","09:34:37",1303800
48.7,-1.3,1000,"bu","09:34:36",1303500
48.7,-1.3,27300,"sd","09:34:29",1302500
48.8,-1.2,500,"bu","09:34:23",1275200
48.7,-1.3,600,"sd","09:34:18",1274700
48.8,-1.2,100,"bu","09:34:17",1274100
48.7,-1.3,5000,"sd","09:34:11",1274000
48.7,-1.3,10000,"sd","09:34:09",1269000
48.7,-1.3,900,"sd","09:34:05",1259000
48.7,-1.3,1200,"bu","09:34:04",1258100
48.7,-1.3,1000,"bu","09:33:58",1256900
48.6,-1.4,3000,"sd","09:33:56",1255900
48.7,-1.3,1000,"bu","09:33:53",1252900
48.7,-1.3,1000,"bu","09:33:51",1251900
48.7,-1.3,1000,"bu","09:33:50",1250900
48.7,-1.3,500,"bu","09:33:49",1249900
48.7,-1.3,500,"bu","09:33:47",1249400
48.7,-1.3,2400,"bu","09:33:42",1248900
48.7,-1.3,500,"bu","09:33:41",1246500
48.7,-1.3,100,"bu","09:33:39",1246000
48.7,-1.3,200,"bu","09:33:38",1245900
48.7,-1.3,100,"bu","09:33:36",1245700
48.7,-1.3,200,"bu","09:33:34",1245600
48.7,-1.3,100,"bu","09:33:32",1245400
48.7,-1.3,600,"bu","09:33:31",1245300
48.7,-1.3,500,"bu","09:33:23",1244700
48.6,-1.4,7300,"sd","09:33:19",1244200
48.5,-1.5,10000,"sd","09:33:11",1236900
48.5,-1.5,1100,"sd","09:33:09",1226900
48.5,-1.5,5000,"bu","09:33:07",1225800
48.5,-1.5,5300,"bu","09:32:53",1220800
48.4,-1.6,5500,"sd","09:32:51",1215500
48.5,-1.5,100,"bu","09:32:50",1210000
48.4,-1.6,100,"sd","09:32:39",1209900
48.4,-1.6,13100,"bu","09:32:36",1209800
48.4,-1.6,500,"bu","09:32:33",1196700
48.4,-1.6,500,"bu","09:32:20",1195500
48.4,-1.6,100,"bu","09:32:18",1195000
48.4,-1.6,1000,"bu","09:32:16",1194900
48.4,-1.6,1000,"bu","09:32:15",1193900
48.3,-1.7,10000,"sd","09:32:14",1192900
48.4,-1.6,100,"bu","09:32:13",1182900
48.4,-1.6,300,"bu","09:32:12",1182800
48.4,-1.6,500,"bu","09:32:09",1182500
48.4,-1.6,500,"bu","09:32:06",1182000
48.4,-1.6,800,"bu","09:32:04",1181500
48.6,-1.4,15000,"bu","09:32:02",1180700
48.5,-1.5,200,"bu","09:31:56",1165700
48.5,-1.5,200,"bu","09:31:54",1165500
48.5,-1.5,2000,"bu","09:31:53",1165300
48.5,-1.5,3000,"bu","09:31:47",1163300
48.5,-1.5,500,"bu","09:31:46",1160300
48.3,-1.7,100,"sd","09:31:32",1159800
48.3,-1.7,5000,"sd","09:31:30",1159700
48.5,-1.5,6000,"bu","09:31:29",1154700
48.4,-1.6,3000,"bu","09:31:27",1148700
48.5,-1.5,6000,"bu","09:31:29",1154700
48.4,-1.6,3000,"bu","09:31:27",1148700
48.4,-1.6,500,"bu","09:31:17",1145700
48.4,-1.6,100,"bu","09:31:13",1145200
48.4,-1.6,1400,"bu","09:31:10",1145100
48.4,-1.6,1100,"sd","09:31:09",1143700
48.4,-1.6,200,"sd","09:31:02",1142600
48.4,-1.6,10200,"bu","09:30:56",1142400
48.3,-1.7,300,"bu","09:30:54",1132200
48.5,-1.5,200,"bu","09:30:46",1131900
48.5,-1.5,100,"bu","09:30:40",1131700
48.2,-1.8,100,"sd","09:30:36",1131600
48.2,-1.8,200,"sd","09:30:28",1131500
48.2,-1.8,800,"bu","09:30:25",1131300
48.2,-1.8,200,"bu","09:30:24",1130500
48.2,-1.8,100,"bu","09:30:22",1130300
48.1,-1.9,200,"sd","09:30:20",1130200
48.1,-1.9,300,"sd","09:30:19",1130000
48.1,-1.9,800,"bu","09:30:14",1129700
48,-2,200,"sd","09:30:13",1128900
48,-2,200,"sd","09:30:10",1128700
48,-2,2000,"sd","09:30:09",1128500
48,-2,5200,"sd","09:30:07",1126500
48,-2,300,"bu","09:30:06",1121300
48,-2,100,"bu","09:30:05",1121000
48,-2,3000,"bu","09:30:03",1120900
48,-2,1000,"bu","09:30:00",1117900
48,-2,700,"bu","09:29:59",1116900
48,-2,1000,"bu","09:29:57",1116200
48,-2,1000,"bu","09:29:56",1115200
48,-2,100,"bu","09:29:55",1114200
48,-2,100,"bu","09:29:53",1114100
48,-2,2000,"bu","09:29:52",1114000
48,-2,500,"sd","09:29:51",1112000
48,-2,2500,"bu","09:29:48",1111500
48,-2,2400,"bu","09:29:47",1109000
48,-2,1000,"bu","09:29:40",1106600
47.9,-2.1,1500,"sd","09:29:39",1105600
47.9,-2.1,500,"bu","09:29:37",1104100
47.9,-2.1,100,"bu","09:29:34",1103600
47.9,-2.1,400,"sd","09:29:24",1101600
47.9,-2.1,1000,"bu","09:29:21",1101200
47.9,-2.1,1000,"bu","09:29:19",1100200
47.9,-2.1,1000,"bu","09:29:15",1099200
47.9,-2.1,600,"bu","09:29:13",1098200
48,-2,600,"bu","09:29:12",1097600
48,-2,1000,"bu","09:29:11",1097000
48,-2,5000,"bu","09:29:10",1096000
48,-2,100,"bu","09:29:09",1091000
48,-2,300,"bu","09:29:07",1090900
48,-2,100,"bu","09:29:03",1090600
48,-2,500,"bu","09:29:02",1090500
47.9,-2.1,1000,"bu","09:28:55",1090000
47.6,-2.4,7000,"sd","09:28:36",1089000
47.5,-2.5,3100,"sd","09:28:35",1082000
47.5,-2.5,5000,"sd","09:28:27",1078900
47.5,-2.5,500,"sd","09:28:26",1073900
47.5,-2.5,6900,"bu","09:28:24",1073400
47.4,-2.6,5000,"bu","09:28:23",1066500
47.3,-2.7,700,"sd","09:28:20",1061300
47.3,-2.7,500,"sd","09:28:19",1060600
47.2,-2.8,5000,"sd","09:28:16",1060100
47.3,-2.7,1000,"sd","09:28:09",1055100
47.3,-2.7,200,"sd","09:28:07",1054100
47.3,-2.7,500,"sd","09:28:06",1053900
47.5,-2.5,3000,"bu","09:28:04",1053400
47.3,-2.7,700,"sd","09:28:01",1050400
47.4,-2.6,100,"bu","09:27:58",1049700
47.4,-2.6,1500,"bu","09:27:57",1049600
47.3,-2.7,100,"bu","09:27:56",1048100
47.3,-2.7,100,"bu","09:27:49",1048000
47.2,-2.8,800,"sd","09:27:46",1047900
47.2,-2.8,2400,"sd","09:27:41",1047100
47.3,-2.7,300,"sd","09:27:39",1044700
47.2,-2.8,3900,"sd","09:27:37",1044400
47.2,-2.8,5000,"bu","09:27:35",1040500
47.2,-2.8,5500,"bu","09:27:33",1035500
47.2,-2.8,2300,"bu","09:27:31",1030000
47.2,-2.8,100,"bu","09:27:30",1027700
47.1,-2.9,1100,"sd","09:27:29",1027600
47.2,-2.8,2300,"bu","09:27:31",1030000
47.2,-2.8,100,"bu","09:27:30",1027700
47.1,-2.9,1100,"sd","09:27:29",1027600
47.2,-2.8,1000,"bu","09:27:26",1026500
47.2,-2.8,300,"bu","09:27:24",1025500
47.2,-2.8,15900,"bu","09:27:22",1025200
47.3,-2.7,200,"bu","09:27:21",1009300
47.3,-2.7,300,"bu","09:27:20",1009100
47.2,-2.8,4000,"sd","09:27:18",1008800
47.3,-2.7,9100,"bu","09:27:17",1004800
47.4,-2.6,1200,"sd","09:27:14",995700
47.3,-2.7,500,"","09:27:13",994500
47.3,-2.7,500,"sd","09:27:12",994000
47.3,-2.7,100,"sd","09:27:09",993500
47.3,-2.7,500,"sd","09:27:08",993400
47.3,-2.7,300,"bu","09:27:07",992900
47.3,-2.7,200,"bu","09:27:05",992600
47.3,-2.7,200,"bu","09:27:03",992400
47.3,-2.7,3200,"bu","09:26:59",992200
47.3,-2.7,100,"bu","09:26:58",989000
47.3,-2.7,1300,"bu","09:26:53",988900
47.3,-2.7,500,"bu","09:26:51",987600
47.2,-2.8,5200,"sd","09:26:50",987100
47.3,-2.7,3000,"bu","09:26:47",981900
47.2,-2.8,2000,"sd","09:26:46",978900
47.2,-2.8,600,"sd","09:26:44",976900
47.3,-2.7,1000,"bu","09:26:43",976300
47.3,-2.7,200,"bu","09:26:39",975300
47.3,-2.7,600,"bu","09:26:38",975100
47.3,-2.7,100,"bu","09:26:36",974500
47.3,-2.7,500,"bu","09:26:35",974400
47.2,-2.8,500,"sd","09:26:34",973900
47.3,-2.7,1000,"bu","09:26:33",973400
47.3,-2.7,200,"bu","09:26:30",972400
47.3,-2.7,400,"bu","09:26:28",972200
47.3,-2.7,300,"bu","09:26:27",971800
47.3,-2.7,2200,"bu","09:26:22",971500
47.4,-2.6,100,"","09:26:21",969300
47.4,-2.6,300,"bu","09:26:20",969200
47.4,-2.6,200,"bu","09:26:16",968900
47.3,-2.7,4100,"sd","09:26:13",968700
47.4,-2.6,100,"bu","09:26:11",964600
47.4,-2.6,500,"bu","09:26:08",964500
47.4,-2.6,700,"bu","09:26:07",964000
47.3,-2.7,3000,"sd","09:26:06",963300
47.3,-2.7,3500,"sd","09:26:00",960300
47.2,-2.8,1600,"sd","09:25:59",956800
47.2,-2.8,4000,"sd","09:25:54",955200
47.2,-2.8,300,"bu","09:25:53",951200
47.2,-2.8,600,"bu","09:25:51",950900
47.2,-2.8,100,"bu","09:25:49",950300
47.2,-2.8,200,"bu","09:25:48",950200
47.2,-2.8,1000,"bu","09:25:46",950000
47.2,-2.8,100,"bu","09:25:45",949000
47.2,-2.8,100,"bu","09:25:43",948900
47.2,-2.8,2400,"bu","09:25:42",948800
47.2,-2.8,400,"sd","09:25:39",946400
47.2,-2.8,200,"sd","09:25:37",946000
47.1,-2.9,200,"sd","09:25:31",945800
47,-3,1000,"sd","09:25:27",945600
47,-3,1000,"sd","09:25:26",944600
