"price","change","match_qtty","side","time","total_vol"
2.7,0,1500,"","14:45:01",83200
2.5,-0.2,700,"sd","14:27:20",81700
2.6,-0.1,9200,"sd","14:21:30",81000
2.6,-0.1,9000,"sd","14:09:03",71800
2.7,0,100,"bu","13:07:15",62800
2.6,-0.1,1100,"sd","13:02:00",62700
2.6,-0.1,4700,"sd","13:00:06",61600
2.6,-0.1,100,"bu","11:13:31",56900
2.6,-0.1,100,"bu","11:05:30",56800
2.6,-0.1,200,"bu","11:05:20",56700
2.6,-0.1,100,"sd","11:03:33",56500
2.6,-0.1,900,"bu","11:02:03",56400
2.6,-0.1,200,"sd","10:53:36",55500
2.6,-0.1,10000,"sd","10:37:22",55300
2.6,-0.1,3500,"sd","10:29:05",45300
2.6,-0.1,4900,"sd","10:24:42",41800
2.6,-0.1,15600,"bu","10:22:56",36900
2.6,-0.1,2000,"sd","10:13:29",21300
2.5,-0.2,200,"sd","09:58:33",19300
2.6,-0.1,2000,"sd","09:44:21",19100
2.6,-0.1,900,"sd","09:40:27",17100
2.6,-0.1,100,"bu","09:38:06",16200
2.5,-0.2,800,"sd","09:37:31",16100
2.5,-0.2,100,"sd","09:30:10",15300
2.6,-0.1,15100,"bu","09:20:26",15200
2.7,0,100,"bu","09:01:46",100
2.7,0.1,100,"bu","09:00:50",100
2.5,-0.1,1000,"sd","09:23:43",15100
2.5,-0.1,2000,"sd","09:22:34",14100
2.5,-0.1,5000,"sd","09:22:29",12100
2.5,-0.1,5000,"sd","09:22:09",7100
2.6,0,400,"","09:07:08",2100
2.6,0,500,"sd","09:06:36",1700
2.6,0,1000,"sd","09:05:32",1200
2.6,0,100,"sd","09:05:08",200
2.7,0.1,100,"bu","09:02:34",100
2.5,-0.2,200,"bu","13:25:57",528600
2.5,-0.2,4600,"bu","13:25:43",528400
2.5,-0.2,2000,"bu","13:25:37",523800
2.5,-0.2,100,"bu","13:24:08",521800
2.5,-0.2,5000,"bu","13:22:47",521700
2.5,-0.2,2500,"bu","13:21:50",516700
2.5,-0.2,600,"sd","13:19:57",514200
2.5,-0.2,300,"bu","13:19:49",513600
2.5,-0.2,1700,"sd","13:19:37",513300
2.5,-0.2,800,"bu","13:19:02",511600
2.5,-0.2,200,"bu","13:18:47",510800
2.5,-0.2,2000,"bu","13:18:42",510600
2.5,-0.2,100,"bu","13:18:04",508600
2.5,-0.2,200,"bu","13:17:46",508500
2.5,-0.2,2000,"bu","13:17:23",508300
2.5,-0.2,1000,"bu","13:17:07",506300
2.5,-0.2,5000,"bu","13:16:42",505300
2.5,-0.2,600,"bu","13:16:30",500300
2.5,-0.2,2000,"bu","13:16:03",499700
2.5,-0.2,1900,"bu","13:16:01",497700
2.5,-0.2,100,"bu","13:15:40",495800
2.5,-0.2,1800,"bu","13:14:59",495700
2.5,-0.2,400,"bu","13:14:10",493900
2.5,-0.2,100,"bu","13:14:06",493500
2.5,-0.2,200,"bu","13:13:55",493400
2.5,-0.2,5000,"bu","13:13:46",493200
2.5,-0.2,100,"bu","13:13:36",488200
2.5,-0.2,1400,"bu","13:13:30",488100
2.5,-0.2,200,"bu","13:13:22",486700
2.5,-0.2,100,"bu","13:12:09",486500
2.5,-0.2,500,"bu","13:11:25",486400
2.5,-0.2,100,"bu","13:11:12",485900
2.5,-0.2,200,"bu","13:10:57",485800
2.5,-0.2,1000,"bu","13:09:15",485600
2.5,-0.2,100,"bu","13:07:22",484600
2.5,-0.2,300,"bu","13:06:06",484500
2.5,-0.2,100,"bu","13:05:25",484200
2.5,-0.2,100,"sd","13:05:07",484100
2.5,-0.2,400,"bu","13:04:41",484000
2.5,-0.2,400,"bu","13:04:24",483600
2.5,-0.2,100,"bu","13:04:00",483200
2.5,-0.2,1000,"bu","13:03:37",483100
2.5,-0.2,300,"bu","13:03:30",482100
2.5,-0.2,100,"bu","13:03:13",481800
2.5,-0.2,7700,"sd","13:02:48",481700
2.5,-0.2,300,"bu","13:01:23",474000
2.5,-0.2,3000,"bu","13:01:16",473700
2.5,-0.2,1000,"bu","13:00:41",470700
2.5,-0.2,12000,"bu","13:00:27",469700
2.5,-0.2,3000,"bu","13:00:11",457700
2.5,-0.2,5000,"bu","13:00:08",454700
2.5,-0.2,100,"bu","13:00:07",449700
2.5,-0.2,12300,"bu","13:00:06",449600
2.5,-0.2,6000,"bu","13:00:05",437300
2.5,-0.2,20300,"sd","13:00:04",431300
2.5,-0.2,400,"bu","11:29:38",411000
2.5,-0.2,100,"bu","11:29:25",410600
2.5,-0.2,18000,"bu","11:29:24",410500
2.5,-0.2,2000,"bu","11:29:12",392500
2.5,-0.2,100,"bu","11:28:29",390500
2.5,-0.2,800,"bu","11:28:24",390400
2.5,-0.2,7000,"bu","11:28:17",389600
2.5,-0.2,500,"bu","11:28:09",382600
2.5,-0.2,1300,"bu","11:27:42",382100
2.5,-0.2,1000,"bu","11:27:34",380800
2.5,-0.2,500,"bu","11:27:27",379800
2.5,-0.2,2500,"bu","11:27:23",379300
2.5,-0.2,1000,"bu","11:27:19",376800
2.5,-0.2,800,"bu","11:26:58",375800
2.5,-0.2,1200,"bu","11:26:56",375000
2.5,-0.2,25000,"bu","11:26:54",373800
2.5,-0.2,1000,"bu","11:26:33",348800
2.5,-0.2,7500,"bu","11:25:24",347800
2.5,-0.2,20000,"bu","11:25:01",340300
2.5,-0.2,200,"bu","11:24:53",320300
2.5,-0.2,100,"bu","11:24:06",320100
2.5,-0.2,400,"bu","11:23:38",320000
2.5,-0.2,3000,"bu","11:21:35",319600
2.5,-0.2,1000,"bu","11:20:13",316600
2.5,-0.2,3000,"bu","11:19:10",315600
2.5,-0.2,500,"bu","11:18:16",312600
2.5,-0.2,124500,"bu","11:17:37",312100
2.6,-0.1,200,"bu","11:16:59",187600
2.6,-0.1,100,"bu","11:14:26",187400
2.6,-0.1,1000,"bu","11:13:25",187300
2.6,-0.1,100,"bu","11:10:30",186300
2.6,-0.1,100,"bu","11:06:33",186200
2.5,-0.2,100,"sd","11:04:39",186100
2.6,-0.1,200,"bu","11:03:09",186000
2.6,-0.1,200,"bu","11:02:06",185800
2.6,-0.1,100,"bu","11:01:10",185600
2.6,-0.1,100,"bu","11:00:09",185500
2.6,-0.1,200,"bu","10:59:56",185400
2.6,-0.1,1000,"bu","10:59:36",185200
2.6,-0.1,100,"bu","10:59:24",184200
2.6,-0.1,100,"bu","10:58:57",184100
2.6,-0.1,5700,"bu","10:55:47",184000
2.6,-0.1,100,"bu","10:54:56",178300
2.6,-0.1,100,"bu","10:52:12",178200
2.6,-0.1,1000,"bu","10:50:06",178100
2.6,-0.1,700,"bu","10:49:27",177100
2.6,-0.1,1700,"bu","10:44:18",176400
2.6,-0.1,9000,"bu","10:44:02",174700
2.6,-0.1,1000,"bu","10:43:18",165700
2.6,-0.1,1000,"bu","10:39:30",164700
2.6,-0.1,200,"bu","10:39:12",163700
2.6,-0.1,400,"bu","10:37:22",163500
2.6,-0.1,400,"bu","10:36:57",163100
2.6,-0.1,900,"bu","10:36:10",162700
2.6,-0.1,900,"bu","10:35:30",161800
2.6,-0.1,1000,"bu","10:34:55",160900
2.6,-0.1,900,"bu","10:34:30",159900
2.6,-0.1,600,"bu","10:34:04",159000
2.6,-0.1,5000,"bu","10:33:43",158400
2.6,-0.1,500,"bu","10:33:34",153400
2.6,-0.1,4100,"sd","10:32:59",152900
2.6,-0.1,2200,"bu","10:32:34",148800
2.6,-0.1,500,"bu","10:32:24",146600
2.6,-0.1,2000,"bu","10:32:08",146100
2.6,-0.1,1000,"bu","10:31:59",144100
2.6,-0.1,100,"bu","10:31:54",143100
2.6,-0.1,20000,"bu","10:31:45",143000
2.6,-0.1,200,"bu","10:31:42",123000
2.6,-0.1,10000,"bu","10:31:08",122800
2.6,-0.1,3000,"bu","10:30:33",112800
2.6,-0.1,5000,"bu","10:28:40",109800
2.6,-0.1,100,"bu","10:28:22",104800
2.5,-0.2,100,"sd","10:27:31",104700
2.6,-0.1,65900,"sd","10:24:04",104600
2.7,0,100,"bu","10:18:04",38700
2.7,0,1000,"sd","10:09:18",38600
2.6,-0.1,100,"sd","10:08:50",37600
2.7,0,2000,"bu","10:08:49",37500
2.7,0,1000,"","10:07:30",35500
2.7,0,10000,"sd","09:57:49",34500
2.7,0,10000,"sd","09:57:21",24500
2.7,0,100,"sd","09:21:04",14500
2.8,0.1,4000,"bu","09:20:42",14400
2.8,0.1,100,"bu","09:20:13",10400
2.8,0.1,100,"bu","09:15:32",10300
2.8,0.1,3000,"bu","09:14:42",10200
2.8,0.1,2000,"bu","09:12:17",7200
2.8,0.1,3000,"bu","09:09:37",5200
2.7,0,100,"sd","09:04:28",2200
2.7,0,1100,"sd","09:01:30",2100
2.7,0,1000,"sd","09:00:13",1000
10.2,-0.1,4000,"sd","09:19:22",84400
10.3,0,600,"bu","09:17:48",80400
10.3,0,600,"bu","09:14:47",79800
10.3,0,6200,"sd","09:14:45",79200
10.3,0,1600,"sd","09:14:21",73000
10.3,0,1000,"sd","09:13:24",71400
10.3,0,100,"sd","09:11:30",70400
10.4,0.1,100,"bu","09:08:39",70300
10.4,0.1,2600,"bu","09:08:37",70200
10.4,0.1,400,"bu","09:07:55",67600
10.3,0,1000,"sd","09:07:01",67200
10.4,0.1,3100,"bu","09:06:15",66200
10.4,0.1,1500,"sd","09:05:55",63100
10.5,0.2,300,"bu","09:05:45",61600
10.5,0.2,3000,"bu","09:05:24",61300
10.5,0.2,1600,"bu","09:05:11",58300
10.5,0.2,100,"sd","09:05:10",56700
10.5,0.2,300,"sd","09:05:03",56600
10.5,0.2,500,"sd","09:05:02",56300
10.5,0.2,400,"sd","09:04:36",55800
10.5,0.2,1200,"sd","09:03:50",55400
10.5,0.2,1000,"sd","09:03:48",54200
10.5,0.2,1100,"sd","09:03:47",53200
10.5,0.2,36400,"sd","09:03:35",52100
10.4,0.1,1000,"sd","09:03:31",15700
10.4,0.1,5000,"sd","09:03:30",14700
10.4,0.1,2000,"sd","09:03:22",9700
10.4,0.1,2000,"sd","09:03:05",7700
10.5,0.2,2500,"bu","09:02:48",5700
10.5,0.2,300,"bu","09:01:55",3200
10.4,0.1,2100,"sd","09:00:43",2900
10.4,0.1,600,"bu","09:00:13",800
10.3,0,200,"sd","09:00:07",200
9.9,-0.4,200,"bu","10:06:13",494800
9.8,-0.5,2500,"sd","10:05:46",494600
9.8,-0.5,200,"sd","10:05:41",492100
9.8,-0.5,9800,"sd","10:05:34",491900
9.8,-0.5,3000,"sd","10:02:32",482100
9.8,-0.5,100,"sd","10:02:05",479100
9.9,-0.4,100,"bu","10:01:30",479000
9.9,-0.4,200,"bu","10:00:40",478900
9.9,-0.4,1000,"bu","09:58:06",478700
9.8,-0.5,200,"sd","09:57:52",477700
9.9,-0.4,200,"bu","09:57:27",477500
9.9,-0.4,2000,"bu","09:56:54",477300
9.9,-0.4,100,"bu","09:56:41",475300
9.9,-0.4,10000,"bu","09:56:31",475200
9.9,-0.4,100,"bu","09:56:24",465200
9.9,-0.4,500,"bu","09:56:23",465100
9.9,-0.4,700,"bu","09:55:52",464600
9.9,-0.4,100,"bu","09:55:38",463900
9.9,-0.4,5300,"bu","09:55:15",463800
9.9,-0.4,100,"bu","09:55:14",458500
9.9,-0.4,200,"bu","09:55:05",458400
9.9,-0.4,100,"bu","09:54:07",458200
9.9,-0.4,5000,"bu","09:53:57",458100
9.9,-0.4,200,"bu","09:53:36",453100
9.9,-0.4,100,"bu","09:53:15",452900
9.9,-0.4,200,"bu","09:52:51",452800
9.9,-0.4,500,"bu","09:52:48",452600
9.9,-0.4,500,"bu","09:52:25",452100
9.9,-0.4,100,"bu","09:51:45",451600
9.9,-0.4,300,"bu","09:51:20",451500
9.9,-0.4,300,"bu","09:50:01",451200
9.8,-0.5,100,"sd","09:49:51",450900
9.8,-0.5,800,"sd","09:49:28",450800
9.8,-0.5,2000,"sd","09:49:21",450000
9.8,-0.5,100,"sd","09:48:45",448000
9.8,-0.5,1000,"sd","09:48:22",447900
9.8,-0.5,100,"sd","09:47:42",446900
9.8,-0.5,5000,"sd","09:47:22",446800
9.8,-0.5,5000,"sd","09:46:25",441800
9.8,-0.5,10900,"bu","09:45:00",436800
11.2,0.2,1000,"bu","13:17:11",3643600
11.2,0.2,300,"bu","13:16:58",3642600
11.2,0.2,800,"sd","13:16:48",3642300
11.2,0.2,1000,"bu","13:16:45",3641500
11.2,0.2,1100,"bu","13:16:30",3640500
11.2,0.2,200,"sd","13:16:27",3639400
11.2,0.2,700,"sd","13:16:20",3639200
11.2,0.2,2400,"sd","13:16:18",3638500
11.2,0.2,5400,"sd","13:15:55",3636100
11.2,0.2,100,"sd","13:15:48",3630700
11.2,0.2,2300,"sd","13:15:37",3630600
11.2,0.2,5000,"sd","13:15:27",3628300
11.2,0.2,400,"sd","13:15:01",3623300
11.2,0.2,500,"sd","13:14:52",3622900
11.2,0.2,400,"sd","13:14:39",3622400
11.3,0.3,1400,"bu","13:14:34",3622000
11.2,0.2,1500,"sd","13:14:14",3620600
11.2,0.2,100,"sd","13:14:06",3619100
11.3,0.3,3500,"bu","13:14:04",3619000
11.3,0.3,4400,"sd","13:13:47",3615500
11.3,0.3,1000,"bu","13:13:37",3611100
11.3,0.3,5600,"bu","13:13:10",3610100
11.3,0.3,6000,"sd","13:13:00",3604500
11.3,0.3,1000,"sd","13:12:59",3598500
11.3,0.3,2100,"sd","13:12:52",3597500
11.3,0.3,600,"sd","13:12:49",3595400
11.3,0.3,6000,"sd","13:12:44",3594800
11.3,0.3,1000,"sd","13:12:41",3588800
11.3,0.3,400,"sd","13:12:27",3587800
11.3,0.3,2500,"sd","13:12:09",3587400
11.3,0.3,500,"sd","13:12:08",3584900
11.3,0.3,500,"sd","13:11:37",3584400
11.3,0.3,500,"sd","13:11:35",3583900
11.3,0.3,900,"sd","13:11:34",3583400
11.3,0.3,500,"sd","13:11:24",3582500
11.3,0.3,2000,"sd","13:11:08",3582000
11.3,0.3,100,"sd","13:10:52",3580000
11.3,0.3,100,"sd","13:10:40",3579900
11.3,0.3,1000,"sd","13:10:30",3579800
11.3,0.3,100,"sd","13:09:56",3578800
11.3,0.3,300,"sd","13:09:37",3578700
11.4,0.4,1400,"bu","13:09:34",3578400
11.4,0.4,13700,"bu","13:09:07",3577000
11.4,0.4,200,"bu","13:08:18",3563300
11.4,0.4,500,"bu","13:05:13",3563100
11.3,0.3,100,"sd","13:05:09",3562600
11.4,0.4,1000,"bu","13:04:21",3562500
11.4,0.4,200,"bu","13:04:11",3561500
11.4,0.4,100,"bu","13:03:14",3561300
11.4,0.4,100,"bu","13:03:13",3561200
11.3,0.3,100,"sd","13:03:06",3561100
11.4,0.4,500,"bu","13:01:49",3561000
11.4,0.4,2000,"bu","13:01:39",3560500
11.4,0.4,1000,"bu","13:01:22",3558500
11.4,0.4,500,"bu","13:01:03",3557500
11.4,0.4,600,"bu","13:00:22",3557000
11.4,0.4,8000,"bu","13:00:16",3556400
11.4,0.4,1000,"bu","13:00:15",3548400
11.4,0.4,200,"bu","13:00:04",3547400
11.4,0.4,1700,"bu","13:00:03",3547200
11.4,0.4,1100,"bu","13:00:02",3545500
11.4,0.4,700,"bu","11:29:55",3544400
11.3,0.3,2000,"sd","11:29:53",3543700
11.4,0.4,2000,"bu","11:29:49",3541700
11.4,0.4,3000,"bu","11:28:49",3539700
11.3,0.3,1000,"sd","11:28:40",3536700
11.4,0.4,100,"bu","11:28:38",3535700
11.4,0.4,200,"bu","11:28:32",3535600
11.4,0.4,800,"bu","11:28:05",3535400
11.4,0.4,2000,"bu","11:27:58",3534600
11.4,0.4,100,"bu","11:27:09",3532600
11.3,0.3,200,"sd","11:26:23",3532500
11.3,0.3,100,"sd","11:26:07",3532300
11.4,0.4,100,"bu","11:26:03",3532200
11.3,0.3,3200,"bu","11:25:46",3532100
11.3,0.3,2000,"bu","11:25:43",3528900
11.3,0.3,100,"bu","11:25:33",3526900
11.3,0.3,100,"bu","11:25:19",3526800
11.3,0.3,300,"bu","11:25:10",3526700
11.2,0.2,500,"sd","11:25:08",3526400
11.3,0.3,3100,"bu","11:25:04",3525900
11.3,0.3,1000,"bu","11:25:03",3522800
11.3,0.3,800,"bu","11:24:51",3521800
11.3,0.3,1000,"bu","11:24:47",3521000
11.3,0.3,1000,"bu","11:24:38",3520000
11.3,0.3,200,"bu","11:24:27",3519000
11.2,0.2,1100,"sd","11:24:10",3518800
11.2,0.2,500,"sd","11:23:59",3517700
11.2,0.2,1500,"sd","11:23:21",3517200
11.2,0.2,100,"sd","11:23:17",3515700
11.2,0.2,2200,"bu","11:23:12",3515600
11.2,0.2,1000,"bu","11:23:11",3513400
11.2,0.2,10100,"sd","11:23:06",3512400
11.2,0.2,300,"sd","11:23:03",3502300
11.2,0.2,100,"sd","11:22:25",3502000
11.2,0.2,400,"sd","11:22:17",3501900
11.2,0.2,600,"sd","11:22:16",3501500
11.2,0.2,1000,"bu","11:22:11",3500900
11.2,0.2,100,"bu","11:22:10",3499900
11.2,0.2,1000,"bu","11:22:07",3499800
11.2,0.2,1400,"bu","11:22:04",3498800
11.2,0.2,1000,"bu","11:21:57",3497400
11.1,0.1,3300,"sd","11:21:53",3496400
11.1,0.1,1000,"sd","11:21:46",3493100
11.2,0.2,100,"bu","11:21:43",3492100
11.1,0.1,500,"sd","11:21:34",3492000
11.1,0.1,800,"sd","11:21:15",3491500
11.2,0.2,200,"bu","11:20:48",3490700
11.2,0.2,500,"sd","11:20:46",3490500
11.2,0.2,2500,"sd","11:20:41",3490000
11.2,0.2,1000,"sd","11:20:32",3487500
11.2,0.2,5000,"sd","11:20:30",3486500
11.2,0.2,1000,"sd","11:20:25",3481500
11.3,0.3,2500,"sd","11:20:08",3480500
11.3,0.3,1000,"sd","11:20:07",3478000
11.3,0.3,200,"sd","11:20:01",3477000
11.3,0.3,5900,"sd","11:20:00",3476800
11.3,0.3,500,"sd","11:19:59",3470900
11.3,0.3,10000,"sd","11:19:50",3470400
11.3,0.3,9300,"sd","11:19:42",3460400
11.4,0.4,2800,"sd","11:19:00",3451100
11.4,0.4,50000,"sd","11:18:40",3448300
11.5,0.5,1500,"sd","11:17:30",3398300
11.5,0.5,1600,"sd","11:17:29",3396800
11.5,0.5,70000,"sd","11:17:24",3395200
11.5,0.5,200,"sd","11:17:23",3325200
11.5,0.5,1300,"sd","11:17:06",3325000
11.5,0.5,1000,"sd","11:16:39",3323700
11.5,0.5,2000,"sd","11:16:38",3322700
11.5,0.5,100,"sd","11:16:19",3320700
11.5,0.5,3500,"sd","11:15:16",3320600
11.5,0.5,7000,"sd","11:14:52",3317100
11.5,0.5,500,"sd","11:14:36",3310100
11.5,0.5,4000,"sd","11:13:42",3309600
11.6,0.6,300,"bu","11:13:32",3305600
11.5,0.5,500,"sd","11:13:22",3305300
11.5,0.5,5000,"sd","11:13:16",3304800
11.5,0.5,500,"sd","11:12:44",3299800
11.6,0.6,5900,"bu","11:12:22",3299300
11.5,0.5,500,"sd","11:11:50",3293400
11.5,0.5,100,"sd","11:11:07",3292900
11.6,0.6,4700,"bu","11:11:00",3292800
11.6,0.6,1000,"bu","11:10:40",3288100
11.6,0.6,300,"bu","11:10:13",3287100
11.5,0.5,4000,"sd","11:09:37",3286800
11.6,0.6,600,"bu","11:09:36",3282800
11.6,0.6,200,"bu","11:09:28",3282200
11.5,0.5,500,"sd","11:09:09",3282000
11.5,0.5,200,"sd","11:08:32",3281500
11.5,0.5,700,"sd","11:07:45",3281300
11.6,0.6,1000,"bu","11:07:05",3280600
11.5,0.5,1000,"sd","11:06:56",3279600
11.5,0.5,500,"sd","11:06:31",3278600
11.5,0.5,200,"sd","11:05:17",3278100
11.5,0.5,3000,"sd","11:04:57",3277900
11.6,0.6,900,"bu","11:04:13",3274900
11.6,0.6,1000,"bu","11:03:32",3274000
11.6,0.6,500,"bu","11:03:16",3273000
11.6,0.6,2000,"bu","11:01:32",3272500
11.6,0.6,100,"bu","11:00:40",3270500
11.6,0.6,1000,"bu","11:00:17",3270400
11.6,0.6,1500,"bu","10:59:39",3269400
11.5,0.5,500,"sd","10:59:36",3267900
11.5,0.5,400,"sd","10:59:29",3267400
11.5,0.5,5000,"sd","10:58:52",3267000
11.6,0.6,100,"bu","10:58:49",3262000
11.5,0.5,3000,"sd","10:58:37",3261900
11.6,0.6,100,"bu","10:58:18",3258900
11.6,0.6,200,"bu","10:58:13",3258800
11.6,0.6,2500,"bu","10:58:11",3258600
11.6,0.6,1000,"bu","10:58:08",3256100
11.6,0.6,300,"bu","10:58:06",3255100
11.6,0.6,1000,"bu","10:57:58",3254800
11.6,0.6,300,"sd","10:57:51",3253800
11.6,0.6,100,"bu","10:57:39",3253500
11.6,0.6,900,"sd","10:57:27",3253400
11.6,0.6,1000,"sd","10:57:24",3252500
11.6,0.6,5500,"sd","10:57:11",3251500
11.6,0.6,100,"sd","10:57:07",3246000
11.6,0.6,50000,"sd","10:56:45",3245900
11.7,0.7,1000,"bu","10:55:10",3195900
11.7,0.7,100,"bu","10:54:25",3194900
11.7,0.7,300,"bu","10:54:20",3194800
11.7,0.7,2100,"bu","10:53:42",3194500
11.7,0.7,4000,"bu","10:53:22",3192400
11.6,0.6,6400,"sd","10:53:10",3188400
11.6,0.6,1200,"sd","10:52:50",3182000
11.6,0.6,600,"sd","10:52:44",3180800
11.6,0.6,1100,"sd","10:51:52",3180200
11.6,0.6,1000,"sd","10:51:48",3179100
11.7,0.7,2700,"bu","10:51:20",3178100
11.6,0.6,800,"sd","10:51:03",3175400
11.6,0.6,1300,"sd","10:50:57",3174600
11.6,0.6,300,"sd","10:50:20",3173300
11.6,0.6,1100,"sd","10:50:15",3173000
11.6,0.6,1300,"sd","10:49:06",3171900
11.6,0.6,100,"sd","10:48:30",3170600
11.7,0.7,200,"bu","10:48:13",3170500
11.7,0.7,3300,"bu","10:47:46",3170300
11.7,0.7,300,"bu","10:47:17",3167000
11.7,0.7,200,"bu","10:46:14",3166700
11.7,0.7,100,"bu","10:45:58",3166500
11.7,0.7,400,"bu","10:45:38",3166400
11.6,0.6,1000,"sd","10:45:32",3166000
11.6,0.6,500,"sd","10:45:16",3165000
11.7,0.7,400,"bu","10:45:15",3164500
11.6,0.6,600,"sd","10:45:09",3164100
11.7,0.7,200,"bu","10:44:47",3163500
11.7,0.7,500,"bu","10:44:39",3163300
11.6,0.6,200,"sd","10:44:12",3162800
11.7,0.7,1100,"sd","10:43:07",3162600
11.7,0.7,600,"sd","10:43:03",3161500
11.7,0.7,2000,"sd","10:42:42",3160900
11.7,0.7,1000,"sd","10:42:25",3158900
11.7,0.7,2900,"sd","10:42:06",3157900
11.7,0.7,3000,"bu","10:42:05",3155000
11.6,0.6,300,"sd","10:41:45",3152000
11.6,0.6,1100,"sd","10:41:38",3151700
11.7,0.7,10000,"bu","10:41:36",3150600
11.6,0.6,23800,"sd","10:41:13",3140600
11.6,0.6,500,"bu","10:41:00",3116800
11.6,0.6,300,"bu","10:40:25",3116300
11.6,0.6,49500,"sd","10:40:17",3116000
11.6,0.6,1000,"sd","10:39:34",3066500
11.7,0.7,2000,"bu","10:39:14",3065500
11.7,0.7,500,"bu","10:39:06",3063500
11.6,0.6,1000,"sd","10:39:04",3063000
11.6,0.6,400,"sd","10:38:51",3062000
11.6,0.6,3000,"sd","10:38:36",3061600
11.7,0.7,1000,"bu","10:38:12",3058600
11.7,0.7,100,"bu","10:37:51",3057600
11.7,0.7,3000,"bu","10:37:47",3057500
11.7,0.7,600,"sd","10:36:41",3054500
11.7,0.7,1000,"sd","10:36:27",3053900
11.7,0.7,2000,"sd","10:36:16",3052900
11.7,0.7,500,"sd","10:36:10",3050900
11.7,0.7,100,"sd","10:35:31",3050400
11.7,0.7,600,"sd","10:35:30",3050300
11.7,0.7,1000,"sd","10:35:10",3049700
11.7,0.7,200,"sd","10:35:01",3048700
11.7,0.7,1000,"sd","10:34:57",3048500
11.7,0.7,2000,"sd","10:34:33",3047500
11.7,0.7,100,"sd","10:34:32",3045500
11.7,0.7,200,"sd","10:34:31",3045400
11.7,0.7,200,"sd","10:34:27",3045200
11.7,0.7,500,"sd","10:34:24",3045000
11.7,0.7,3000,"sd","10:34:18",3044500
11.7,0.7,2500,"sd","10:34:04",3041500
11.7,0.7,500,"sd","10:33:55",3039000
11.7,0.7,2100,"sd","10:33:21",3038500
11.7,0.7,33000,"sd","10:33:07",3036400
11.7,0.7,200,"sd","10:32:40",3003400
11.7,0.7,15000,"sd","10:32:37",3003200
11.7,0.7,1000,"sd","10:32:25",2988200
11.7,0.7,13600,"sd","10:31:53",2987200
11.8,0.8,2000,"bu","10:31:18",2973600
11.8,0.8,1400,"bu","10:31:12",2971600
11.8,0.8,100,"bu","10:30:08",2970200
11.8,0.8,100,"bu","10:29:43",2970100
11.8,0.8,100,"bu","10:29:33",2970000
11.8,0.8,5000,"bu","10:29:22",2969900
11.8,0.8,5200,"bu","10:28:58",2964900
11.7,0.7,4000,"sd","10:26:12",2959700
11.7,0.7,1000,"sd","10:26:06",2955700
11.7,0.7,100,"sd","10:25:29",2954700
11.8,0.8,600,"bu","10:25:21",2954600
11.8,0.8,1000,"bu","10:24:55",2954000
11.8,0.8,2300,"bu","10:24:22",2953000
11.8,0.8,1000,"bu","10:23:30",2950700
11.8,0.8,4500,"sd","10:23:27",2949700
11.8,0.8,300,"sd","10:22:48",2945200
11.8,0.8,700,"bu","10:22:35",2944900
11.8,0.8,900,"bu","10:22:28",2944200
11.8,0.8,100,"bu","10:22:25",2943300
11.8,0.8,4100,"bu","10:22:22",2943200
11.8,0.8,2300,"bu","10:22:06",2939100
11.8,0.8,4500,"sd","10:21:59",2936800
11.8,0.8,300,"sd","10:21:56",2932300
11.8,0.8,1300,"sd","10:21:51",2932000
11.8,0.8,1000,"sd","10:21:50",2930700
11.8,0.8,1000,"sd","10:21:49",2929700
11.8,0.8,100,"sd","10:21:44",2928700
11.8,0.8,500,"sd","10:21:43",2928600
11.8,0.8,300,"sd","10:21:34",2928100
11.8,0.8,7500,"bu","10:21:32",2927800
11.8,0.8,1000,"bu","10:21:28",2920300
11.8,0.8,11400,"sd","10:21:20",2919300
11.8,0.8,500,"sd","10:21:18",2907900
11.8,0.8,100,"sd","10:21:11",2907400
11.8,0.8,1000,"sd","10:20:54",2907300
11.8,0.8,900,"sd","10:20:37",2906300
11.8,0.8,100,"sd","10:20:16",2905400
11.8,0.8,4000,"sd","10:20:00",2905300
11.8,0.8,500,"sd","10:19:35",2901300
11.9,0.9,200,"bu","10:19:31",2900800
11.8,0.8,1200,"sd","10:18:48",2900600
11.8,0.8,2000,"sd","10:18:43",2899400
11.8,0.8,800,"sd","10:18:33",2897400
11.8,0.8,1000,"sd","10:18:30",2896600
11.8,0.8,3700,"sd","10:18:02",2895600
11.8,0.8,200,"sd","10:18:01",2891900
11.8,0.8,39400,"sd","10:17:48",2891700
11.8,0.8,100,"bu","10:17:33",2852300
11.8,0.8,500,"bu","10:17:20",2852200
11.7,0.7,2000,"sd","10:17:16",2851700
11.7,0.7,1000,"sd","10:17:10",2849700
11.7,0.7,2000,"sd","10:16:27",2848700
11.8,0.8,1000,"bu","10:16:26",2846700
11.8,0.8,100,"bu","10:15:58",2845700
11.8,0.8,100,"bu","10:15:54",2845600
11.7,0.7,300,"sd","10:15:26",2845500
11.8,0.8,2500,"bu","10:14:45",2845200
11.7,0.7,2000,"sd","10:14:42",2842700
11.7,0.7,200,"sd","10:14:39",2840700
11.8,0.8,4300,"bu","10:14:34",2840500
11.7,0.7,100,"sd","10:14:29",2836200
11.7,0.7,200,"sd","10:14:00",2836100
11.7,0.7,300,"sd","10:13:43",2835900
11.7,0.7,400,"sd","10:13:36",2835600
11.7,0.7,100,"sd","10:13:24",2835200
11.8,0.8,8700,"bu","10:12:56",2835100
11.8,0.8,300,"bu","10:12:41",2826400
11.8,0.8,300,"bu","10:12:28",2826100
11.7,0.7,6900,"sd","10:12:22",2825800
11.8,0.8,100,"bu","10:12:14",2818900
11.8,0.8,7000,"bu","10:11:52",2818800
11.8,0.8,100,"bu","10:11:30",2811800
11.8,0.8,2000,"bu","10:11:28",2811700
11.8,0.8,5000,"bu","10:11:20",2809700
11.8,0.8,1700,"bu","10:10:52",2804700
11.8,0.8,100,"bu","10:10:50",2803000
11.8,0.8,400,"bu","10:10:48",2802900
11.8,0.8,100,"bu","10:10:33",2802500
11.7,0.7,200,"sd","10:10:30",2802400
11.7,0.7,500,"sd","10:10:23",2802200
11.7,0.7,100,"sd","10:10:20",2801700
11.7,0.7,200,"sd","10:10:13",2801600
11.7,0.7,300,"sd","10:09:52",2801400
11.8,0.8,600,"bu","10:09:50",2801100
11.8,0.8,2800,"bu","10:09:30",2800500
11.8,0.8,200,"bu","10:08:46",2797700
11.7,0.7,2000,"sd","10:08:44",2797500
11.7,0.7,100,"sd","10:08:35",2795500
11.7,0.7,4000,"sd","10:08:33",2795400
11.7,0.7,1000,"sd","10:07:52",2791400
11.8,0.8,400,"bu","10:06:36",2790400
11.8,0.8,200,"bu","10:06:35",2790000
11.8,0.8,3000,"bu","10:06:32",2789800
11.8,0.8,300,"bu","10:06:14",2786800
11.8,0.8,1000,"bu","10:05:57",2786500
11.8,0.8,100,"bu","10:05:53",2785500
11.8,0.8,500,"sd","10:05:23",2785400
11.8,0.8,500,"sd","10:05:13",2784900
11.8,0.8,8600,"bu","10:05:04",2784400
11.8,0.8,10000,"sd","10:04:44",2775800
11.8,0.8,5000,"sd","10:04:17",2765800
11.8,0.8,100,"sd","10:03:46",2760800
11.9,0.9,300,"bu","10:02:18",2760700
11.9,0.9,1900,"bu","10:02:15",2760400
11.9,0.9,37000,"bu","10:02:12",2758500
11.9,0.9,400,"bu","10:01:57",2721500
11.9,0.9,1000,"bu","10:01:04",2721100
11.9,0.9,1000,"bu","10:00:36",2720100
11.9,0.9,100,"bu","10:00:15",2719100
11.9,0.9,2000,"bu","09:59:44",2719000
11.9,0.9,300,"bu","09:59:12",2717000
11.9,0.9,5000,"sd","09:59:07",2716700
11.9,0.9,20000,"sd","09:58:55",2711700
11.9,0.9,100,"sd","09:58:53",2691700
11.9,0.9,5000,"sd","09:58:48",2691600
12,1,1000,"bu","09:58:38",2686600
12,1,1800,"bu","09:58:27",2685600
11.9,0.9,500,"sd","09:58:21",2683800
12,1,3000,"bu","09:58:19",2683300
12,1,2400,"bu","09:57:58",2680300
12,1,100,"bu","09:57:38",2677900
12,1,600,"bu","09:57:23",2677800
12,1,1000,"bu","09:57:08",2677200
11.9,0.9,200,"sd","09:56:48",2676200
12,1,100,"bu","09:56:26",2676000
12,1,1000,"bu","09:56:23",2675900
12,1,2000,"bu","09:56:09",2674900
11.9,0.9,2000,"sd","09:56:08",2672900
11.9,0.9,1000,"sd","09:56:07",2670900
12,1,1100,"bu","09:55:46",2669900
11.9,0.9,500,"sd","09:55:33",2668800
11.9,0.9,100,"sd","09:55:30",2668300
11.9,0.9,1700,"sd","09:55:11",2668200
11.9,0.9,500,"sd","09:54:58",2666500
12,1,100,"bu","09:54:48",2666000
12,1,1000,"bu","09:54:14",2665900
12,1,300,"bu","09:54:02",2664900
12,1,500,"bu","09:53:38",2664600
12,1,300,"bu","09:53:36",2664100
12,1,100,"bu","09:53:22",2663800
12,1,500,"bu","09:52:37",2663700
11.9,0.9,300,"sd","09:52:25",2663200
11.9,0.9,1000,"sd","09:52:22",2662900
12,1,1000,"bu","09:52:21",2661900
11.9,0.9,100,"sd","09:52:09",2660900
11.9,0.9,8000,"sd","09:52:05",2660800
11.9,0.9,100,"sd","09:51:36",2652800
11.9,0.9,1500,"sd","09:51:30",2652700
11.9,0.9,28100,"sd","09:51:12",2651200
11.9,0.9,100,"bu","09:51:02",2623100
11.9,0.9,100,"bu","09:50:24",2623000
11.9,0.9,900,"bu","09:50:14",2622900
11.9,0.9,100,"bu","09:50:12",2622000
11.9,0.9,100,"bu","09:50:09",2621900
11.9,0.9,2100,"bu","09:50:05",2621800
11.9,0.9,4600,"bu","09:49:41",2619700
11.9,0.9,100,"bu","09:49:29",2615100
11.8,0.8,300,"sd","09:49:17",2615000
11.8,0.8,100,"sd","09:49:06",2614700
11.9,0.9,400,"bu","09:49:04",2614600
11.9,0.9,100,"bu","09:48:52",2614200
11.9,0.9,2300,"bu","09:48:16",2614100
11.9,0.9,100,"bu","09:48:03",2611800
11.9,0.9,14000,"bu","09:47:55",2611700
11.9,0.9,800,"bu","09:47:35",2597700
11.8,0.8,4000,"sd","09:47:29",2596900
11.9,0.9,100,"bu","09:47:09",2592900
11.9,0.9,2600,"bu","09:46:54",2592800
11.9,0.9,200,"bu","09:46:41",2590200
11.8,0.8,8000,"sd","09:46:33",2590000
11.9,0.9,35000,"bu","09:46:22",2582000
11.8,0.8,300,"sd","09:46:19",2547000
11.9,0.9,100,"bu","09:46:16",2546700
11.9,0.9,100,"bu","09:46:06",2546600
11.9,0.9,1200,"bu","09:46:01",2546500
11.9,0.9,8700,"bu","09:45:59",2545300
11.8,0.8,200,"sd","09:45:53",2536600
11.8,0.8,500,"sd","09:45:39",2536400
11.9,0.9,600,"bu","09:45:36",2535900
11.9,0.9,2000,"bu","09:45:24",2535300
11.9,0.9,7800,"bu","09:45:19",2533300
11.9,0.9,1000,"bu","09:45:05",2525500
11.9,0.9,1200,"bu","09:44:51",2524500
11.9,0.9,400,"bu","09:44:50",2523300
11.8,0.8,200,"sd","09:44:48",2522900
11.9,0.9,200,"bu","09:44:36",2522700
11.8,0.8,3000,"sd","09:44:35",2522500
11.8,0.8,1000,"sd","09:43:57",2519500
11.8,0.8,500,"sd","09:43:43",2518500
11.8,0.8,500,"sd","09:43:33",2518000
11.9,0.9,5000,"bu","09:43:22",2517500
11.8,0.8,200,"sd","09:43:21",2512500
11.8,0.8,800,"sd","09:42:52",2512300
11.9,0.9,2000,"bu","09:42:50",2511500
11.9,0.9,1000,"bu","09:42:46",2509500
11.9,0.9,400,"bu","09:42:32",2508500
11.8,0.8,6500,"sd","09:42:27",2508100
11.8,0.8,2500,"sd","09:42:16",2501600
11.8,0.8,100,"sd","09:42:11",2499100
11.8,0.8,1900,"sd","09:42:02",2499000
11.8,0.8,2000,"sd","09:41:43",2497100
11.8,0.8,1400,"sd","09:41:24",2495100
11.8,0.8,1400,"sd","09:41:14",2493700
11.9,0.9,2000,"bu","09:40:56",2492300
11.9,0.9,5100,"bu","09:40:23",2490300
11.9,0.9,300,"bu","09:40:05",2485200
11.9,0.9,100,"bu","09:40:00",2484900
11.9,0.9,400,"bu","09:39:46",2484800
11.9,0.9,200,"bu","09:39:43",2484400
11.9,0.9,100,"bu","09:39:38",2484200
11.9,0.9,200,"bu","09:39:28",2484100
11.9,0.9,400,"bu","09:39:19",2483900
11.9,0.9,100,"bu","09:38:56",2483500
11.9,0.9,100,"bu","09:38:38",2483400
11.9,0.9,3600,"bu","09:38:37",2483300
11.9,0.9,200,"bu","09:38:36",2479700
11.9,0.9,2800,"sd","09:38:34",2479500
11.9,0.9,1000,"sd","09:38:33",2476700
11.9,0.9,2300,"sd","09:38:32",2475700
11.9,0.9,3000,"sd","09:38:31",2473400
11.9,0.9,1000,"sd","09:38:25",2470400
11.9,0.9,5600,"sd","09:38:23",2469400
11.9,0.9,1000,"sd","09:38:15",2463800
11.9,0.9,2000,"sd","09:38:10",2462800
12,1,30900,"bu","09:38:08",2460800
11.9,0.9,100,"sd","09:38:07",2429900
11.9,0.9,4600,"sd","09:37:53",2429800
11.9,0.9,200,"sd","09:37:49",2425200
11.9,0.9,3000,"sd","09:37:46",2425000
11.9,0.9,1600,"sd","09:37:40",2422000
11.9,0.9,10000,"sd","09:37:37",2420400
11.9,0.9,1000,"sd","09:37:36",2410400
11.9,0.9,400,"sd","09:37:32",2409400
11.9,0.9,100,"sd","09:37:26",2409000
11.9,0.9,2000,"sd","09:37:13",2408900
11.9,0.9,100,"sd","09:37:09",2406900
11.9,0.9,1500,"sd","09:37:01",2406800
11.9,0.9,10000,"sd","09:36:57",2405300
11.9,0.9,2000,"sd","09:36:55",2395300
11.9,0.9,5000,"sd","09:36:46",2393300
12,1,100,"bu","09:36:30",2388300
12,1,1000,"bu","09:36:28",2388200
12,1,4000,"bu","09:36:11",2387200
11.9,0.9,6900,"sd","09:35:58",2383200
12,1,200,"bu","09:35:56",2376300
12,1,500,"bu","09:35:49",2376100
12,1,200,"bu","09:35:38",2375600
12,1,100,"bu","09:35:26",2375400
12,1,100,"bu","09:35:19",2375300
12,1,5000,"bu","09:34:41",2375200
11.9,0.9,1500,"sd","09:34:40",2370200
12,1,100,"bu","09:34:36",2368700
11.9,0.9,100,"sd","09:34:21",2368600
11.9,0.9,600,"sd","09:34:07",2368500
11.9,0.9,1000,"sd","09:34:00",2367900
11.9,0.9,1000,"sd","09:33:57",2366900
12,1,800,"bu","09:33:41",2365900
12,1,400,"bu","09:33:33",2365100
11.9,0.9,200,"sd","09:33:25",2364700
12,1,200,"bu","09:33:21",2364500
11.9,0.9,200,"sd","09:33:14",2364300
12,1,1000,"bu","09:33:03",2364100
12,1,4600,"bu","09:32:32",2363100
11.9,0.9,100,"sd","09:32:20",2358500
11.9,0.9,1000,"sd","09:32:02",2358400
12,1,500,"bu","09:31:58",2357400
12,1,100,"bu","09:31:46",2356900
12,1,1000,"bu","09:31:41",2356800
12,1,200,"bu","09:31:34",2355800
12,1,200,"bu","09:31:26",2355600
12,1,13500,"bu","09:31:22",2355400
12,1,1000,"bu","09:31:13",2341900
12,1,200,"bu","09:31:09",2340900
12,1,500,"bu","09:31:04",2340700
12,1,4600,"bu","09:31:00",2340200
12,1,10000,"bu","09:30:51",2335600
12,1,800,"bu","09:30:41",2325600
12,1,100,"bu","09:30:35",2324800
12,1,7000,"bu","09:30:26",2324700
12,1,1300,"bu","09:30:24",2317700
12,1,100,"bu","09:30:20",2316400
12,1,3000,"bu","09:30:18",2316300
12,1,700,"bu","09:30:15",2313300
12,1,900,"bu","09:30:05",2312600
12,1,600,"bu","09:29:47",2311700
12,1,2000,"bu","09:29:45",2311100
12,1,6700,"bu","09:29:43",2309100
12,1,1800,"bu","09:29:31",2302400
12,1,100,"bu","09:29:26",2300600
12,1,4400,"bu","09:29:21",2300500
11.9,0.9,100,"sd","09:29:06",2296100
12,1,300,"bu","09:29:04",2296000
12,1,500,"bu","09:29:02",2295700
12,1,100,"bu","09:28:58",2295200
12,1,3100,"bu","09:28:57",2295100
12,1,12600,"bu","09:28:49",2292000
11.9,0.9,2000,"sd","09:28:46",2279400
12,1,200,"bu","09:28:30",2277400
12,1,5000,"bu","09:28:06",2277200
12,1,9000,"bu","09:27:55",2272200
12,1,300,"bu","09:27:48",2263200
11.9,0.9,4200,"sd","09:27:43",2262900
11.9,0.9,500,"sd","09:27:32",2258700
12,1,600,"bu","09:27:30",2258200
11.9,0.9,100,"sd","09:27:27",2257600
12,1,10900,"bu","09:27:23",2257500
11.9,0.9,12500,"bu","09:27:04",2246600
11.9,0.9,200,"bu","09:27:01",2234100
11.9,0.9,1000,"bu","09:26:57",2233900
11.8,0.8,300,"sd","09:26:53",2232900
11.9,0.9,2000,"bu","09:26:50",2232600
11.9,0.9,10000,"bu","09:26:45",2230600
11.9,0.9,2900,"bu","09:26:44",2220600
11.9,0.9,2000,"bu","09:26:42",2217700
11.9,0.9,400,"bu","09:26:37",2215700
11.8,0.8,200,"sd","09:26:35",2215300
11.9,0.9,300,"bu","09:26:33",2215100
11.9,0.9,200,"bu","09:26:30",2214800
11.9,0.9,1000,"bu","09:26:29",2214600
11.9,0.9,100,"bu","09:26:19",2213600
11.8,0.8,200,"sd","09:26:15",2213500
11.9,0.9,900,"bu","09:26:11",2213300
11.8,0.8,1000,"sd","09:26:09",2212400
11.8,0.8,200,"sd","09:25:57",2211400
11.8,0.8,4700,"sd","09:25:55",2211200
11.7,0.7,500,"sd","09:25:54",2206500
11.8,0.8,5300,"bu","09:25:53",2206000
11.8,0.8,16700,"sd","09:25:52",2200700
11.8,0.8,400,"bu","09:25:46",2184000
11.8,0.8,500,"bu","09:25:41",2183600
11.8,0.8,1500,"bu","09:25:39",2183100
11.8,0.8,1000,"bu","09:25:35",2181600
11.8,0.8,500,"bu","09:25:34",2180600
11.8,0.8,10000,"bu","09:25:31",2180100
11.8,0.8,1000,"bu","09:25:30",2170100
11.8,0.8,1000,"bu","09:25:27",2169100
11.7,0.7,5000,"sd","09:25:25",2168100
11.7,0.7,500,"sd","09:25:18",2163100
11.7,0.7,1000,"sd","09:25:16",2162600
11.7,0.7,24800,"bu","09:25:15",2161600
11.7,0.7,1000,"bu","09:25:14",2136800
11.7,0.7,10000,"bu","09:25:08",2135800
11.7,0.7,200,"bu","09:25:00",2125800
11.7,0.7,700,"bu","09:24:59",2125600
11.7,0.7,200,"bu","09:24:58",2124900
11.7,0.7,3500,"bu","09:24:55",2124700
11.7,0.7,500,"bu","09:24:52",2121200
11.7,0.7,11000,"bu","09:24:50",2120700
11.7,0.7,100,"bu","09:24:49",2109700
11.7,0.7,2600,"bu","09:24:44",2109600
11.7,0.7,100,"bu","09:24:43",2107000
11.7,0.7,100,"bu","09:24:41",2106900
11.7,0.7,100,"bu","09:24:35",2106800
11.7,0.7,100,"bu","09:24:33",2106700
11.7,0.7,200,"bu","09:24:32",2106600
11.7,0.7,100,"bu","09:24:28",2106400
11.7,0.7,10000,"bu","09:24:23",2106300
11.7,0.7,1000,"bu","09:24:22",2096300
11.7,0.7,1100,"bu","09:24:15",2095300
11.7,0.7,100,"bu","09:24:11",2094200
11.7,0.7,1400,"bu","09:24:09",2094100
11.7,0.7,300,"bu","09:24:08",2092700
11.6,0.6,400,"sd","09:24:03",2092400
11.7,0.7,100,"bu","09:24:00",2092000
11.7,0.7,1200,"bu","09:23:54",2091900
11.7,0.7,300,"bu","09:23:53",2090700
11.7,0.7,400,"bu","09:23:49",2090400
11.7,0.7,400,"bu","09:23:48",2090000
11.7,0.7,500,"bu","09:23:46",2089600
11.7,0.7,500,"bu","09:23:44",2089100
11.7,0.7,900,"bu","09:23:39",2088600
11.7,0.7,200,"bu","09:23:30",2087700
11.6,0.6,500,"sd","09:23:26",2087500
11.6,0.6,100,"sd","09:23:25",2087000
11.6,0.6,500,"sd","09:23:24",2086900
11.6,0.6,200,"sd","09:23:23",2086400
11.6,0.6,500,"sd","09:23:17",2086200
11.6,0.6,2300,"sd","09:23:12",2085700
11.6,0.6,2000,"sd","09:23:10",2083400
11.6,0.6,1500,"sd","09:22:58",2081400
11.6,0.6,100,"sd","09:22:50",2079900
11.6,0.6,2000,"sd","09:22:48",2079800
11.7,0.7,800,"bu","09:22:47",2077800
11.7,0.7,600,"bu","09:22:46",2077000
11.6,0.6,600,"sd","09:22:38",2076400
11.7,0.7,4700,"sd","09:22:31",2075800
11.7,0.7,1000,"sd","09:22:18",2071100
11.8,0.8,200,"bu","09:22:13",2070100
11.7,0.7,3100,"sd","09:22:12",2069900
11.7,0.7,300,"sd","09:22:11",2066800
11.7,0.7,800,"sd","09:22:10",2066500
11.7,0.7,6000,"sd","09:22:08",2065700
11.7,0.7,1000,"sd","09:22:02",2059700
11.8,0.8,300,"bu","09:21:57",2058700
11.7,0.7,800,"sd","09:21:55",2058400
11.7,0.7,2100,"sd","09:21:54",2057600
11.8,0.8,200,"bu","09:21:49",2055500
11.8,0.8,500,"bu","09:21:48",2055300
11.7,0.7,1000,"sd","09:21:45",2054800
11.8,0.8,500,"bu","09:21:44",2053800
11.8,0.8,200,"bu","09:21:43",2053300
11.8,0.8,500,"bu","09:21:40",2053100
11.8,0.8,100,"bu","09:21:28",2052600
11.8,0.8,300,"bu","09:21:26",2052500
11.8,0.8,500,"sd","09:21:22",2052200
11.8,0.8,500,"sd","09:21:21",2051700
11.8,0.8,9600,"sd","09:21:20",2051200
11.8,0.8,6600,"bu","09:21:18",2041600
11.8,0.8,5200,"bu","09:21:13",2035000
11.8,0.8,200,"bu","09:21:10",2029800
11.8,0.8,500,"bu","09:21:09",2029600
11.8,0.8,2600,"bu","09:21:08",2029100
11.8,0.8,1000,"bu","09:21:05",2026500
11.8,0.8,200,"bu","09:21:03",2025500
11.9,0.9,3000,"bu","09:20:54",2025300
11.8,0.8,100,"bu","09:20:53",2022300
11.8,0.8,100,"bu","09:20:52",2022200
11.8,0.8,4000,"bu","09:20:49",2022100
11.8,0.8,500,"sd","09:20:43",2018100
11.8,0.8,2000,"sd","09:20:41",2017600
11.8,0.8,200,"sd","09:20:37",2015600
11.9,0.9,500,"bu","09:20:31",2015400
11.8,0.8,2500,"sd","09:20:26",2014900
11.9,0.9,500,"bu","09:20:25",2012400
11.8,0.8,300,"sd","09:20:24",2011900
11.8,0.8,4000,"sd","09:20:23",2011600
11.9,0.9,500,"bu","09:20:22",2007600
11.8,0.8,12700,"sd","09:20:19",2007100
11.9,0.9,300,"bu","09:20:16",1994400
11.9,0.9,1000,"bu","09:20:09",1994100
11.9,0.9,10100,"sd","09:20:06",1993100
12,1,2000,"bu","09:20:01",1983000
12,1,1000,"bu","09:19:59",1981000
11.9,0.9,100,"sd","09:19:54",1980000
11.9,0.9,3400,"sd","09:19:52",1979900
11.9,0.9,6100,"sd","09:19:49",1976500
12,1,1000,"bu","09:19:48",1970400
12,1,1100,"bu","09:19:45",1969400
12,1,1000,"bu","09:19:42",1968300
12,1,44600,"sd","09:19:34",1967300
12.1,1.1,200,"bu","09:19:33",1922700
12,1,12700,"sd","09:19:30",1922500
12,1,2000,"sd","09:19:27",1909800
12,1,5800,"sd","09:19:26",1907800
12,1,10000,"sd","09:19:22",1902000
12,1,25800,"sd","09:19:17",1892000
12.1,1.1,500,"bu","09:19:14",1866200
12.1,1.1,100,"bu","09:19:08",1865700
12.1,1.1,400,"bu","09:19:07",1865600
12.1,1.1,1000,"bu","09:19:00",1865200
12.1,1.1,2000,"bu","09:18:55",1864200
12,1,500,"sd","09:18:53",1862200
12.1,1.1,2000,"bu","09:18:51",1861700
12.1,1.1,700,"bu","09:18:48",1859700
12.1,1.1,300,"bu","09:18:47",1859000
12.1,1.1,1000,"bu","09:18:41",1858700
12,1,500,"sd","09:18:37",1857700
12.1,1.1,1900,"bu","09:18:36",1857200
12.1,1.1,100,"bu","09:18:30",1855300
12.1,1.1,5200,"bu","09:18:21",1855200
12.1,1.1,5000,"bu","09:18:18",1850000
12.1,1.1,200,"bu","09:18:16",1845000
12.1,1.1,700,"bu","09:18:03",1844800
12.1,1.1,100,"bu","09:18:02",1844100
12.1,1.1,100,"bu","09:18:00",1844000
12.1,1.1,500,"bu","09:17:55",1843900
12.1,1.1,800,"bu","09:17:48",1843400
12.1,1.1,1900,"bu","09:17:38",1842600
12.1,1.1,700,"bu","09:17:35",1840700
12.1,1.1,3500,"bu","09:17:31",1840000
12,1,5800,"sd","09:17:27",1836500
12.1,1.1,2200,"bu","09:17:23",1830700
12.1,1.1,1000,"bu","09:17:20",1828500
12.1,1.1,500,"bu","09:17:19",1827500
12.1,1.1,2700,"bu","09:17:13",1827000
12.1,1.1,2000,"bu","09:17:09",1824300
12.1,1.1,10300,"bu","09:17:07",1822300
12.1,1.1,100,"bu","09:16:59",1812000
12.1,1.1,1500,"bu","09:16:55",1811900
12.1,1.1,500,"bu","09:16:54",1810400
12.1,1.1,500,"bu","09:16:53",1809900
12.1,1.1,8200,"bu","09:16:52",1809400
12.1,1.1,2400,"bu","09:16:46",1801200
12.1,1.1,1000,"bu","09:16:44",1798800
12.1,1.1,7400,"bu","09:16:43",1797800
12.1,1.1,200,"bu","09:16:40",1790400
12,1,4900,"sd","09:16:33",1790200
12.1,1.1,5200,"bu","09:16:32",1785300
12.1,1.1,500,"bu","09:16:31",1780100
12.1,1.1,5000,"bu","09:16:30",1779600
12.1,1.1,1000,"bu","09:16:27",1774600
12.1,1.1,300,"bu","09:16:25",1773600
12.1,1.1,200,"bu","09:16:24",1773300
12.1,1.1,1000,"bu","09:16:23",1773100
12.1,1.1,1000,"bu","09:16:18",1772100
12.1,1.1,100,"bu","09:16:14",1771100
12.1,1.1,100,"bu","09:16:12",1771000
12.1,1.1,1700,"bu","09:16:11",1770900
12.1,1.1,500,"bu","09:16:06",1769200
12.1,1.1,700,"bu","09:16:04",1768700
12.1,1.1,1100,"bu","09:16:01",1768000
12.1,1.1,5300,"bu","09:15:45",1766900
12.1,1.1,2200,"bu","09:15:39",1761600
12.1,1.1,500,"bu","09:15:37",1759400
12.1,1.1,100,"bu","09:15:33",1758900
12.1,1.1,500,"bu","09:15:30",1758800
12.1,1.1,400,"bu","09:15:28",1758300
12.1,1.1,200,"bu","09:15:26",1757900
12.1,1.1,5100,"bu","09:15:23",1757700
12.1,1.1,3600,"sd","09:15:21",1752600
12.1,1.1,600,"sd","09:15:18",1749000
12.1,1.1,5000,"sd","09:15:17",1748400
12.1,1.1,1100,"sd","09:15:06",1743400
12.1,1.1,600,"sd","09:15:01",1742300
12.1,1.1,100,"sd","09:14:55",1741700
12.1,1.1,1000,"sd","09:14:37",1741600
12.1,1.1,6500,"bu","09:14:36",1740600
12.1,1.1,100,"bu","09:14:35",1734100
12.1,1.1,500,"bu","09:14:33",1734000
12.1,1.1,10000,"bu","09:14:31",1733500
12.1,1.1,2000,"bu","09:14:24",1723500
12.1,1.1,28800,"sd","09:14:21",1721500
12.1,1.1,100,"sd","09:14:18",1692700
12.1,1.1,100,"sd","09:14:05",1692600
12.1,1.1,14500,"bu","09:14:00",1692500
12.1,1.1,4800,"bu","09:13:59",1678000
12.1,1.1,20000,"bu","09:13:56",1673200
12,1,22000,"sd","09:13:45",1653200
12.1,1.1,100,"bu","09:13:43",1631200
12.1,1.1,100,"bu","09:13:34",1631100
12.1,1.1,2000,"bu","09:13:32",1631000
12.1,1.1,1500,"bu","09:13:31",1629000
12.1,1.1,1000,"bu","09:13:28",1627500
12.1,1.1,2400,"bu","09:13:25",1626500
12.1,1.1,600,"bu","09:13:23",1624100
12.1,1.1,500,"bu","09:13:20",1623500
12.1,1.1,20000,"bu","09:13:18",1623000
12.1,1.1,900,"bu","09:13:17",1603000
12.1,1.1,500,"bu","09:13:14",1602100
12.1,1.1,200,"bu","09:13:12",1601600
12.1,1.1,200,"bu","09:13:09",1601400
12.1,1.1,100,"bu","09:13:07",1601200
12.1,1.1,300,"bu","09:13:06",1601100
12.1,1.1,5000,"bu","09:13:04",1600800
12.1,1.1,1400,"bu","09:13:02",1595800
12.1,1.1,100,"bu","09:12:58",1594400
12.1,1.1,1900,"bu","09:12:57",1594300
12.1,1.1,3000,"bu","09:12:55",1592400
12.1,1.1,200,"bu","09:12:52",1589400
12.1,1.1,2000,"bu","09:12:51",1589200
12.1,1.1,25300,"bu","09:12:48",1587200
12.1,1.1,1000,"sd","09:12:44",1561900
12.1,1.1,30000,"sd","09:12:35",1560900
12.1,1.1,4800,"sd","09:12:29",1530900
12.1,1.1,100,"sd","09:12:26",1526100
12.1,1.1,800,"sd","09:12:14",1526000
12.1,1.1,2400,"sd","09:12:12",1525200
12.1,1.1,3000,"sd","09:12:10",1522800
12.1,1.1,5000,"sd","09:12:08",1519800
12.1,1.1,300,"sd","09:12:07",1514800
12.1,1.1,800,"sd","09:12:06",1514500
12.1,1.1,4000,"sd","09:11:53",1513700
12.1,1.1,21700,"sd","09:11:49",1509700
12.1,1.1,2000,"sd","09:11:43",1488000
12.1,1.1,2000,"sd","09:11:41",1486000
12.1,1.1,300,"sd","09:11:36",1484000
12.1,1.1,48200,"sd","09:11:34",1483700
12.1,1.1,1100,"sd","09:11:33",1435500
12.1,1.1,1000,"sd","09:11:28",1434400
12.1,1.1,100,"sd","09:11:25",1433400
12.1,1.1,1600,"sd","09:11:23",1433300
12.1,1.1,2500,"sd","09:11:16",1431700
12.1,1.1,3000,"sd","09:11:13",1429200
12.1,1.1,200,"sd","09:11:08",1426200
12.1,1.1,3000,"sd","09:11:06",1426000
12.1,1.1,2800,"sd","09:11:05",1423000
12.1,1.1,200,"sd","09:11:04",1420200
12.1,1.1,7100,"bu","09:11:00",1420000
12.1,1.1,29000,"bu","09:10:59",1412900
12.1,1.1,13200,"bu","09:10:58",1383900
12.1,1.1,1000,"bu","09:10:57",1370700
12.1,1.1,6000,"bu","09:10:54",1369700
12.1,1.1,5000,"bu","09:10:53",1363700
12.1,1.1,4000,"bu","09:10:51",1358700
12.1,1.1,3100,"bu","09:10:50",1354700
12.1,1.1,1500,"bu","09:10:49",1351600
12.1,1.1,2300,"bu","09:10:48",1350100
12.1,1.1,6100,"bu","09:10:46",1347800
12.1,1.1,12500,"bu","09:10:45",1341700
12.1,1.1,30000,"bu","09:10:43",1329200
12.1,1.1,1100,"bu","09:10:42",1299200
12.1,1.1,1000,"bu","09:10:41",1298100
12.1,1.1,1300,"bu","09:10:40",1297100
12.1,1.1,6000,"bu","09:10:36",1295800
12.1,1.1,2400,"bu","09:10:31",1289800
12.1,1.1,100,"bu","09:10:30",1287400
12.1,1.1,3000,"bu","09:10:29",1287300
12.1,1.1,4300,"bu","09:10:28",1284300
12.1,1.1,12300,"bu","09:10:25",1280000
12.1,1.1,2200,"bu","09:10:24",1267700
12.1,1.1,1100,"bu","09:10:23",1265500
12.1,1.1,5000,"bu","09:10:22",1264400
12.1,1.1,4600,"bu","09:10:21",1259400
12.1,1.1,1000,"bu","09:10:20",1254800
12.1,1.1,300,"bu","09:10:19",1253800
12.1,1.1,2000,"bu","09:10:17",1253500
12.1,1.1,900,"bu","09:10:15",1251500
12.1,1.1,300,"bu","09:10:13",1250600
12.1,1.1,1300,"bu","09:10:12",1250300
12.1,1.1,3000,"bu","09:10:11",1249000
12.1,1.1,400,"bu","09:10:09",1246000
12.1,1.1,500,"bu","09:10:08",1245600
12.1,1.1,10000,"bu","09:10:07",1245100
12.1,1.1,300,"bu","09:10:04",1235100
12.1,1.1,1000,"bu","09:10:03",1234800
12.1,1.1,14300,"bu","09:10:02",1233800
12.1,1.1,5000,"bu","09:10:00",1219500
12.1,1.1,500,"bu","09:09:59",1214500
12.1,1.1,3300,"bu","09:09:58",1214000
12.1,1.1,1000,"bu","09:09:57",1210700
12.1,1.1,300,"bu","09:09:55",1209700
12.1,1.1,900,"bu","09:09:54",1209400
12.1,1.1,100,"bu","09:09:52",1208500
12.1,1.1,12100,"bu","09:09:51",1208400
12.1,1.1,400,"bu","09:09:50",1196300
12.1,1.1,700,"bu","09:09:49",1195900
12,1,1200,"sd","09:09:48",1195200
12.1,1.1,3000,"bu","09:09:47",1194000
12.1,1.1,1000,"bu","09:09:45",1191000
12.1,1.1,100,"bu","09:09:42",1190000
12.1,1.1,100,"bu","09:09:41",1189900
12.1,1.1,1100,"bu","09:09:40",1189800
12.1,1.1,100,"bu","09:09:38",1188700
12.1,1.1,1000,"bu","09:09:37",1188600
12.1,1.1,1100,"bu","09:09:36",1187600
12.1,1.1,1000,"bu","09:09:35",1186500
12.1,1.1,2600,"bu","09:09:34",1185500
12.1,1.1,1200,"bu","09:09:33",1182900
12.1,1.1,10700,"bu","09:09:30",1181700
12.1,1.1,20000,"bu","09:09:28",1171000
12.1,1.1,20000,"bu","09:09:27",1151000
12.1,1.1,1400,"bu","09:09:26",1131000
12.1,1.1,5100,"bu","09:09:24",1129600
12.1,1.1,2000,"bu","09:09:23",1124500
12.1,1.1,500,"bu","09:09:22",1122500
12.1,1.1,100,"bu","09:09:18",1122000
12.1,1.1,30000,"bu","09:09:17",1121900
12.1,1.1,6500,"bu","09:09:16",1091900
12.1,1.1,10000,"bu","09:09:15",1085400
12.1,1.1,4000,"bu","09:09:14",1075400
12.1,1.1,2000,"bu","09:09:08",1071400
12.1,1.1,600,"bu","09:09:04",1069400
12.1,1.1,500,"bu","09:09:02",1068800
12.1,1.1,30000,"bu","09:09:01",1068300
12.1,1.1,8000,"bu","09:08:59",1038300
12.1,1.1,3800,"bu","09:08:58",1030300
12.1,1.1,7300,"bu","09:08:57",1026500
12.1,1.1,100,"bu","09:08:55",1019200
12.1,1.1,100,"bu","09:08:54",1019100
12.1,1.1,900,"bu","09:08:53",1019000
12.1,1.1,1700,"bu","09:08:52",1018100
12.1,1.1,2200,"bu","09:08:50",1016400
12.1,1.1,2000,"bu","09:08:48",1014200
12.1,1.1,500,"bu","09:08:47",1012200
12.1,1.1,300,"bu","09:08:45",1011700
12.1,1.1,100,"bu","09:08:42",1011400
12.1,1.1,4000,"bu","09:08:41",1011300
12.1,1.1,1300,"bu","09:08:39",1007300
12.1,1.1,200,"bu","09:08:36",1006000
12.1,1.1,4400,"bu","09:08:35",1005800
12.1,1.1,8300,"bu","09:08:34",1001400
12.1,1.1,53200,"bu","09:08:33",993100
12.1,1.1,100,"bu","09:08:32",939900
12.1,1.1,1500,"bu","09:08:31",939800
12.1,1.1,700,"bu","09:08:29",938300
12.1,1.1,1500,"bu","09:08:28",937600
12.1,1.1,1500,"bu","09:08:26",936100
12.1,1.1,300,"bu","09:08:25",934600
12.1,1.1,100,"bu","09:08:23",934300
12.1,1.1,5400,"bu","09:08:21",934200
12.1,1.1,10200,"bu","09:08:20",928800
12.1,1.1,1900,"bu","09:08:18",918600
12.1,1.1,3500,"bu","09:08:17",916700
12.1,1.1,20000,"bu","09:08:16",913200
12.1,1.1,5200,"bu","09:08:13",893200
12.1,1.1,2200,"bu","09:08:10",888000
12.1,1.1,55000,"bu","09:08:09",885800
12.1,1.1,100,"bu","09:08:08",830800
12.1,1.1,900,"bu","09:08:07",830700
12,1,800,"sd","09:08:06",829800
12,1,1000,"sd","09:08:04",829000
12.1,1.1,100,"bu","09:08:03",828000
12.1,1.1,1000,"bu","09:07:58",827900
12.1,1.1,1700,"bu","09:07:50",826900
12.1,1.1,1100,"bu","09:07:49",825200
12,1,10000,"sd","09:07:48",824100
12.1,1.1,4000,"bu","09:07:44",814100
12.1,1.1,200,"bu","09:07:43",810100
12.1,1.1,2000,"bu","09:07:42",809900
12,1,8200,"sd","09:07:41",807900
12.1,1.1,500,"bu","09:07:40",799700
12.1,1.1,1000,"bu","09:07:36",799200
12.1,1.1,10100,"bu","09:07:35",798200
12.1,1.1,600,"bu","09:07:34",788100
12.1,1.1,3100,"bu","09:07:32",787500
12,1,800,"sd","09:07:30",784400
12,1,7900,"sd","09:07:28",783600
12.1,1.1,900,"bu","09:07:27",775700
12.1,1.1,19000,"bu","09:07:26",774800
12.1,1.1,6100,"bu","09:07:24",755800
12.1,1.1,900,"bu","09:07:23",749700
12.1,1.1,18600,"bu","09:07:21",748800
12.1,1.1,5200,"bu","09:07:19",730200
12.1,1.1,100,"bu","09:07:17",725000
12.1,1.1,200,"bu","09:07:14",724900
12.1,1.1,1000,"bu","09:07:13",724700
12.1,1.1,500,"bu","09:07:12",723700
12.1,1.1,600,"bu","09:07:11",723200
12.1,1.1,3000,"bu","09:07:10",722600
12.1,1.1,2000,"bu","09:07:09",719600
12.1,1.1,5000,"bu","09:07:08",717600
12.1,1.1,500,"bu","09:07:05",712600
12.1,1.1,2000,"bu","09:07:03",712100
12.1,1.1,1000,"bu","09:07:02",710100
12.1,1.1,500,"bu","09:07:01",709100
12.1,1.1,100,"bu","09:06:58",708600
12.1,1.1,500,"bu","09:06:57",708500
12.1,1.1,1200,"bu","09:06:54",708000
12.1,1.1,1000,"bu","09:06:52",706800
12.1,1.1,1000,"bu","09:06:51",705800
12.1,1.1,2300,"bu","09:06:46",704800
12.1,1.1,2000,"bu","09:06:45",702500
12.1,1.1,1200,"bu","09:06:44",700500
12.1,1.1,1500,"bu","09:06:42",699300
12.1,1.1,3100,"bu","09:06:41",697800
12.1,1.1,1600,"bu","09:06:39",694700
12.1,1.1,7600,"bu","09:06:36",693100
12.1,1.1,100,"bu","09:06:35",685500
12.1,1.1,300,"bu","09:06:34",685400
12.1,1.1,1900,"bu","09:06:31",685100
12.1,1.1,10000,"bu","09:06:26",683200
12.1,1.1,3800,"bu","09:06:24",673200
12.1,1.1,1100,"bu","09:06:23",669400
12.1,1.1,100,"bu","09:06:22",668300
12.1,1.1,10000,"bu","09:06:20",668200
12.1,1.1,500,"bu","09:06:19",658200
12.1,1.1,900,"bu","09:06:16",657700
12,1,10000,"sd","09:06:13",656800
12.1,1.1,2500,"bu","09:06:12",646800
12.1,1.1,500,"bu","09:06:11",644300
12.1,1.1,10200,"bu","09:06:09",643800
12,1,1100,"sd","09:06:07",633600
12.1,1.1,2100,"bu","09:06:06",632500
12.1,1.1,1500,"bu","09:06:04",630400
12.1,1.1,200,"bu","09:06:02",628900
12.1,1.1,1500,"bu","09:06:01",628700
12.1,1.1,200,"bu","09:06:00",627200
12.1,1.1,11800,"bu","09:05:57",627000
12.1,1.1,4500,"bu","09:05:48",615200
12.1,1.1,200,"bu","09:05:47",610700
12.1,1.1,700,"bu","09:05:46",610500
12.1,1.1,100,"bu","09:05:45",609800
12.1,1.1,100,"bu","09:05:39",609700
12.1,1.1,12000,"bu","09:05:34",609600
12.1,1.1,1000,"bu","09:05:33",597600
12.1,1.1,1600,"bu","09:05:32",596600
12.1,1.1,200,"bu","09:05:31",595000
12.1,1.1,200,"bu","09:05:28",594800
12.1,1.1,6400,"bu","09:05:27",594600
12.1,1.1,100,"bu","09:05:26",588200
12,1,1800,"sd","09:05:25",588100
12.1,1.1,700,"bu","09:05:18",586300
12.1,1.1,800,"bu","09:05:15",585600
12,1,2200,"sd","09:05:11",584800
12.1,1.1,500,"bu","09:05:10",582600
12.1,1.1,2000,"bu","09:05:09",582100
12.1,1.1,100,"bu","09:05:05",580100
12.1,1.1,200,"bu","09:05:04",580000
12.1,1.1,1000,"bu","09:05:03",579800
12.1,1.1,1800,"bu","09:04:58",578800
12.1,1.1,1000,"bu","09:04:56",577000
12.1,1.1,1000,"bu","09:04:55",576000
12,1,1000,"sd","09:04:54",575000
12.1,1.1,9900,"bu","09:04:53",574000
12,1,1000,"sd","09:04:51",564100
12,1,1300,"sd","09:04:50",563100
12.1,1.1,10000,"bu","09:04:43",561800
12,1,3000,"sd","09:04:41",551800
12,1,2000,"sd","09:04:35",548800
12,1,3800,"sd","09:04:34",546800
12,1,500,"sd","09:04:32",543000
12,1,2000,"sd","09:04:31",542500
12,1,100,"sd","09:04:26",540500
12,1,200,"sd","09:04:23",540400
12,1,1900,"sd","09:04:21",540200
12,1,3000,"sd","09:04:20",538300
12.1,1.1,300,"bu","09:04:18",535300
12,1,300,"sd","09:04:17",535000
12,1,2000,"sd","09:04:15",534700
12,1,5000,"sd","09:04:14",532700
12,1,5000,"sd","09:04:13",527700
12,1,10000,"sd","09:04:11",522700
12,1,5000,"sd","09:04:07",512700
12,1,2000,"sd","09:04:06",507700
12,1,300,"sd","09:04:05",505700
12.1,1.1,22000,"bu","09:04:03",505400
12,1,16800,"sd","09:04:02",483400
12,1,10800,"bu","09:04:01",466600
12,1,1000,"bu","09:03:59",455800
11.9,0.9,1000,"sd","09:03:57",454800
12,1,300,"bu","09:03:55",453800
12,1,50200,"bu","09:03:53",453500
12,1,700,"bu","09:03:51",403300
11.9,0.9,200,"sd","09:03:47",402600
12,1,200,"bu","09:03:44",402400
12,1,1000,"bu","09:03:43",402200
12,1,1100,"bu","09:03:38",401200
12,1,500,"bu","09:03:35",400100
12,1,100,"bu","09:03:33",399600
12,1,400,"bu","09:03:32",399500
12,1,1700,"bu","09:03:31",399100
12,1,3200,"bu","09:03:30",397400
12,1,1500,"bu","09:03:29",394200
12,1,500,"bu","09:03:25",392700
12,1,300,"bu","09:03:24",392200
12,1,100,"bu","09:03:22",391900
12,1,4000,"bu","09:03:19",391800
12,1,3100,"bu","09:03:18",387800
12,1,8000,"bu","09:03:16",384700
12,1,500,"bu","09:03:14",376700
12,1,200,"bu","09:03:11",376200
12,1,10100,"bu","09:03:10",376000
12,1,300,"bu","09:03:09",365900
12,1,100,"bu","09:03:07",365600
12,1,1100,"bu","09:03:05",365500
12,1,900,"bu","09:03:03",364400
12,1,1900,"bu","09:02:59",363500
12,1,2000,"bu","09:02:58",361600
11.9,0.9,500,"sd","09:02:57",359600
12,1,1000,"bu","09:02:51",359100
12,1,3700,"bu","09:02:47",358100
12,1,15500,"bu","09:02:46",354400
12,1,2700,"bu","09:02:44",338900
11.9,0.9,18600,"sd","09:02:40",336200
12,1,1100,"bu","09:02:39",317600
12,1,1100,"bu","09:02:34",316500
11.9,0.9,2000,"unknown","09:02:33",315400
12,1,1000,"bu","09:02:30",313400
12,1,3000,"bu","09:02:29",312400
11.9,0.9,500,"bu","09:02:25",309400
11.9,0.9,28200,"bu","09:02:14",308900
12,1,2000,"bu","09:02:13",280700
12,1,300,"bu","09:02:11",278700
12,1,5000,"bu","09:02:10",278400
12,1,2500,"bu","09:02:09",273400
12,1,10700,"bu","09:02:08",270900
12,1,8200,"bu","09:02:04",260200
12,1,400,"bu","09:02:03",252000
12,1,100,"bu","09:02:02",251600
12,1,2500,"bu","09:02:00",251500
12,1,200,"bu","09:01:59",249000
12,1,10000,"bu","09:01:56",248800
12,1,3300,"bu","09:01:55",238800
12,1,200,"bu","09:01:53",235500
12,1,17500,"bu","09:01:52",235300
12,1,3200,"bu","09:01:51",217800
12,1,3900,"bu","09:01:50",214600
12,1,1800,"bu","09:01:49",210700
12,1,500,"bu","09:01:48",208900
11.9,0.9,3000,"sd","09:01:46",208400
12,1,1400,"bu","09:01:45",205400
12,1,1100,"bu","09:01:44",204000
12,1,500,"bu","09:01:43",202900
12,1,2000,"bu","09:01:42",202400
12,1,1300,"bu","09:01:40",200400
12,1,200,"bu","09:01:39",199100
12,1,800,"bu","09:01:38",198900
12,1,5900,"bu","09:01:37",198100
12,1,2000,"bu","09:01:35",192200
12,1,300,"bu","09:01:33",190200
12,1,6100,"bu","09:01:32",189900
12,1,2000,"bu","09:01:29",183800
12,1,15200,"bu","09:01:26",181800
12,1,500,"bu","09:01:24",166600
12,1,1000,"bu","09:01:22",166100
12,1,2000,"bu","09:01:19",165100
12,1,500,"bu","09:01:17",163100
12,1,3900,"bu","09:01:14",162600
12,1,500,"bu","09:01:13",158700
12,1,900,"bu","09:01:11",158200
12,1,700,"bu","09:01:09",157300
12,1,4800,"bu","09:01:06",156600
12,1,7000,"bu","09:01:04",151800
12,1,300,"bu","09:01:03",144800
12,1,1000,"bu","09:01:00",144500
12,1,19100,"bu","09:00:59",143500
12,1,100,"bu","09:00:56",124400
11.9,0.9,300,"sd","09:00:55",124300
12,1,1000,"bu","09:00:54",124000
12,1,2200,"bu","09:00:52",123000
12,1,10000,"bu","09:00:49",120800
11.9,0.9,20000,"sd","09:00:42",110800
12,1,7400,"bu","09:00:41",90800
12,1,3400,"bu","09:00:40",83400
12,1,2100,"bu","09:00:39",80000
12,1,500,"bu","09:00:37",77900
12,1,1900,"bu","09:00:36",77400
12,1,200,"bu","09:00:35",75500
11.5,0.5,600,"sd","09:00:34",75300
12,1,500,"bu","09:00:33",74700
12,1,12200,"bu","09:00:32",74200
12,1,1100,"bu","09:00:29",62000
12,1,1700,"bu","09:00:28",60900
12,1,1000,"bu","09:00:27",59200
12,1,300,"bu","09:00:25",58200
12,1,10200,"bu","09:00:23",57900
11.9,0.9,500,"unknown","09:00:20",47700
12,1,800,"bu","09:00:17",47200
11.5,0.5,4400,"sd","09:00:16",46400
11.9,0.9,3200,"unknown","09:00:15",42000
12,1,11500,"bu","09:00:12",38800
12,1,1200,"bu","09:00:11",27300
12,1,2000,"bu","09:00:07",26100
12,1,3300,"bu","09:00:06",24100
12,1,4700,"bu","09:00:05",20800
11.7,0.7,10200,"sd","09:00:04",16100
12,1,1500,"bu","09:00:03",5900
12.1,1.1,4400,"bu","09:00:02",4400
