"price","change","match_qtty","side","time","total_vol"
3.51,0,200,"","14:45:08",28400
3.51,0,100,"bu","13:58:15",28200
3.49,-0.02,1400,"bu","13:58:15",28100
3.49,-0.02,100,"bu","13:56:44",26700
3.49,-0.02,200,"sd","13:52:24",26600
3.49,-0.02,400,"sd","13:43:59",26400
3.49,-0.02,500,"sd","13:40:53",26000
3.51,0,100,"bu","13:31:21",25500
3.49,-0.02,3500,"bu","13:18:03",25400
3.49,-0.02,7500,"sd","13:17:27",21900
3.5,-0.01,4000,"sd","13:17:27",14400
3.5,-0.01,2000,"sd","13:16:27",10400
3.51,0,500,"bu","11:24:22",8400
3.51,0,100,"bu","10:25:45",7900
3.5,-0.01,200,"bu","10:25:45",7800
3.5,-0.01,100,"sd","10:25:12",7600
3.51,0,2000,"bu","10:22:03",7500
3.51,0,1000,"bu","09:51:00",5500
3.52,0.01,100,"bu","09:29:35",4500
3.5,-0.01,1100,"sd","09:28:47",4400
3.53,-0.02,100,"sd","10:40:55",6600
3.56,0.01,1900,"bu","10:31:40",6500
3.55,0,100,"bu","10:31:40",4600
3.56,0.01,100,"bu","10:00:50",4500
3.55,0,3000,"sd","10:00:32",4400
3.55,0,300,"bu","10:00:16",1400
3.55,0,100,"bu","09:59:33",1100
3.53,-0.02,500,"sd","09:56:55",1000
3.55,0,100,"bu","09:16:05",500
3.53,-0.02,100,"sd","09:15:04",400
3.56,0.01,300,"","09:15:02",300
3.54,0,100,"bu","09:49:27",2700
3.51,-0.03,400,"bu","09:49:09",2600
3.51,-0.03,100,"sd","09:48:37",2200
3.54,0,100,"bu","09:19:43",2100
3.54,0,200,"bu","09:19:37",2000
3.54,0,100,"bu","09:15:54",1800
3.5,-0.04,1700,"","09:15:02",1700
3.6,0,200,"sd","09:31:03",800
3.6,0,500,"sd","09:20:06",600
3.6,0,100,"","09:15:07",100
3.62,0.03,200,"sd","09:34:08",8300
3.61,0.02,900,"sd","09:32:35",8100
3.61,0.02,100,"sd","09:30:22",7200
3.59,0,2400,"sd","09:30:22",7100
3.59,0,600,"bu","09:29:07",4700
3.59,0,800,"sd","09:28:16",4100
3.59,0,1200,"bu","09:27:16",3300
3.62,0.03,100,"sd","09:26:59",2100
3.59,0,2000,"sd","09:26:42",2000
3.34,-0.04,1700,"sd","10:03:12",17000
3.34,-0.04,400,"sd","10:03:02",15300
3.35,-0.03,200,"bu","10:02:45",14900
3.35,-0.03,300,"bu","10:01:12",14700
3.35,-0.03,4600,"sd","10:00:46",14400
3.38,0,100,"bu","09:57:59",9800
3.38,0,100,"bu","09:52:40",9700
3.33,-0.05,3500,"sd","09:51:50",9600
3.39,0.01,100,"bu","09:51:15",6100
3.38,0,100,"sd","09:50:30",6000
3.37,-0.01,200,"sd","09:50:00",5900
3.39,0.01,100,"bu","09:48:52",5700
3.39,0.01,100,"bu","09:48:02",5600
3.37,-0.01,1400,"bu","09:47:51",5500
3.37,-0.01,1100,"sd","09:46:30",4100
3.39,0.01,100,"bu","09:39:58",3000
3.35,-0.03,1000,"sd","09:39:22",2900
3.4,0.02,100,"bu","09:38:47",1900
3.4,0.02,800,"bu","09:27:45",1800
3.4,0.02,600,"bu","09:26:13",1000
3.39,0.01,100,"sd","09:26:07",400
3.4,0.02,100,"bu","09:18:32",300
3.39,0.01,100,"sd","09:18:25",200
3.39,0.01,100,"","09:15:10",100
4.19,-0.04,2900,"bu","13:36:18",259900
4.19,-0.04,1000,"bu","13:35:59",257000
4.19,-0.04,1000,"bu","13:34:02",256000
4.19,-0.04,100,"bu","13:33:49",255000
4.18,-0.05,600,"sd","13:33:34",254900
4.18,-0.05,400,"sd","13:33:08",254300
4.18,-0.05,200,"bu","13:31:14",253900
4.18,-0.05,400,"bu","13:31:14",253700
4.18,-0.05,100,"bu","13:30:50",253300
4.17,-0.06,100,"sd","13:28:52",253200
4.17,-0.06,200,"bu","13:28:02",253100
4.17,-0.06,3000,"bu","13:27:47",252900
4.17,-0.06,300,"bu","13:27:45",249900
4.17,-0.06,200,"bu","13:27:45",249600
4.17,-0.06,100,"bu","13:27:03",249400
4.17,-0.06,100,"bu","13:26:50",249300
4.16,-0.07,500,"sd","13:26:35",249200
4.16,-0.07,100,"sd","13:26:35",248700
4.16,-0.07,400,"sd","13:25:47",248600
4.16,-0.07,100,"sd","13:24:40",248200
4.16,-0.07,100,"bu","13:23:58",248100
4.14,-0.09,1200,"bu","13:23:41",248000
4.14,-0.09,200,"bu","13:23:38",246800
4.14,-0.09,500,"sd","13:23:07",246600
4.14,-0.09,100,"sd","13:23:07",246100
4.14,-0.09,200,"sd","13:23:07",246000
4.14,-0.09,3800,"sd","13:23:07",245800
4.16,-0.07,100,"bu","13:22:58",242000
4.13,-0.1,400,"sd","13:17:07",241900
4.14,-0.09,100,"sd","13:17:07",241500
4.13,-0.1,300,"sd","13:15:40",241400
4.13,-0.1,400,"bu","13:15:23",241100
4.13,-0.1,500,"bu","13:15:23",240700
4.13,-0.1,1000,"bu","13:15:23",240200
4.13,-0.1,1000,"bu","13:14:44",239200
4.13,-0.1,700,"bu","13:14:05",238200
4.13,-0.1,200,"bu","13:12:56",237500
4.13,-0.1,1600,"bu","13:12:43",237300
4.13,-0.1,300,"bu","13:12:16",235700
4.12,-0.11,100,"bu","13:11:36",235400
4.12,-0.11,100,"bu","13:11:18",235300
4.12,-0.11,1800,"bu","13:11:18",235200
4.12,-0.11,200,"bu","13:11:04",233400
4.12,-0.11,200,"bu","13:11:01",233200
4.12,-0.11,200,"bu","13:10:34",233000
4.12,-0.11,2500,"bu","13:09:32",232800
4.12,-0.11,100,"bu","13:07:53",230300
4.12,-0.11,3000,"bu","13:07:33",230200
4.12,-0.11,100,"bu","13:06:49",227200
4.1,-0.13,500,"sd","13:05:47",227100
4.1,-0.13,900,"sd","13:05:04",226600
4.1,-0.13,1000,"sd","13:04:55",225700
4.1,-0.13,300,"sd","13:04:01",224700
4.11,-0.12,100,"bu","13:03:56",224400
4.1,-0.13,1400,"sd","13:03:40",224300
4.1,-0.13,500,"sd","13:03:40",222900
4.1,-0.13,100,"sd","13:03:40",222400
4.1,-0.13,2000,"sd","13:03:40",222300
4.1,-0.13,5700,"sd","13:03:40",220300
4.1,-0.13,4300,"sd","13:03:23",214600
3.45,0.22,2800,"sd","10:49:13",247300
3.45,0.22,2000,"sd","10:49:13",244500
3.45,0.22,1100,"sd","10:49:13",242500
3.45,0.22,8000,"sd","10:49:13",241400
3.45,0.22,100,"sd","10:49:13",233400
3.45,0.22,20000,"sd","10:49:13",233300
3.45,0.22,3000,"sd","10:49:13",213300
3.45,0.22,100,"sd","10:49:13",210300
3.45,0.22,5000,"sd","10:49:13",210200
3.45,0.22,10000,"sd","10:49:13",205200
3.45,0.22,2000,"sd","10:49:13",195200
3.45,0.22,500,"sd","10:49:13",193200
3.45,0.22,10000,"sd","10:49:13",192700
3.45,0.22,800,"sd","10:49:13",182700
3.45,0.22,7000,"sd","10:49:13",181900
3.45,0.22,2000,"sd","10:49:13",174900
3.45,0.22,3000,"sd","10:49:13",172900
3.45,0.22,100,"sd","10:49:13",169900
3.45,0.22,3000,"sd","10:49:13",169800
3.45,0.22,600,"sd","10:49:13",166800
3.45,0.22,200,"sd","10:49:13",166200
3.45,0.22,100,"sd","10:49:13",166000
3.45,0.22,700,"sd","10:49:13",165900
3.45,0.22,100,"sd","10:49:13",165200
3.45,0.22,4900,"sd","10:49:13",165100
3.45,0.22,300,"sd","10:35:11",160200
3.45,0.22,500,"sd","10:32:15",159900
3.45,0.22,500,"sd","10:29:47",159400
3.45,0.22,1000,"sd","10:12:42",158900
3.45,0.22,4000,"sd","10:10:59",157900
3.45,0.22,200,"sd","10:10:56",153900
3.45,0.22,600,"sd","10:06:47",153700
3.45,0.22,2000,"sd","10:03:27",153100
3.45,0.22,300,"sd","10:01:34",151100
3.45,0.22,2000,"sd","09:58:57",150800
3.45,0.22,1000,"sd","09:54:36",148800
3.45,0.22,400,"sd","09:54:24",147800
3.45,0.22,700,"sd","09:54:02",147400
3.45,0.22,1600,"sd","09:53:27",146700
3.45,0.22,1900,"sd","09:53:27",145100
3.45,0.22,700,"sd","09:53:27",143200
3.45,0.22,800,"sd","09:53:27",142500
3.45,0.22,5000,"sd","09:52:57",141700
3.45,0.22,300,"sd","09:52:27",136700
3.45,0.22,200,"sd","09:50:30",136400
3.45,0.22,3700,"sd","09:48:17",136200
3.45,0.22,600,"sd","09:48:17",132500
3.45,0.22,5600,"sd","09:45:36",131900
3.45,0.22,100,"sd","09:43:57",126300
3.45,0.22,500,"sd","09:42:47",126200
3.45,0.22,100,"sd","09:40:50",125700
3.45,0.22,900,"sd","09:35:04",125600
3.45,0.22,1100,"sd","09:35:04",124700
3.45,0.22,600,"sd","09:34:08",123600
3.45,0.22,500,"sd","09:34:06",123000
3.45,0.22,800,"sd","09:32:13",122500
3.45,0.22,500,"sd","09:28:05",121700
3.45,0.22,100,"sd","09:25:27",121200
3.45,0.22,400,"sd","09:25:09",121100
3.45,0.22,100,"sd","09:25:09",120700
3.45,0.22,500,"sd","09:25:03",120600
3.45,0.22,200,"sd","09:24:58",120100
3.45,0.22,200,"sd","09:24:37",119900
3.45,0.22,200,"sd","09:24:37",119700
3.45,0.22,800,"sd","09:23:25",119500
3.45,0.22,2200,"sd","09:23:25",118700
3.45,0.22,500,"sd","09:23:04",116500
3.45,0.22,100,"sd","09:20:08",116000
3.45,0.22,200,"sd","09:20:02",115900
3.45,0.22,100,"sd","09:19:45",115700
3.45,0.22,500,"sd","09:19:39",115600
3.45,0.22,100,"sd","09:19:13",115100
3.45,0.22,100,"sd","09:18:45",115000
3.45,0.22,600,"sd","09:18:12",114900
3.45,0.22,100,"sd","09:17:59",114300
3.45,0.22,5000,"sd","09:17:39",114200
3.45,0.22,300,"sd","09:17:28",109200
3.45,0.22,100,"sd","09:17:22",108900
3.45,0.22,100,"sd","09:16:10",108800
3.45,0.22,4000,"sd","09:16:10",108700
3.45,0.22,10000,"sd","09:16:10",104700
3.45,0.22,300,"sd","09:16:10",94700
3.45,0.22,500,"sd","09:16:10",94400
3.45,0.22,1000,"sd","09:16:10",93900
3.45,0.22,400,"sd","09:15:29",92900
3.45,0.22,3500,"sd","09:15:29",92500
3.45,0.22,5000,"sd","09:15:29",89000
3.45,0.22,100,"sd","09:15:29",84000
3.45,0.22,100,"sd","09:15:29",83900
3.45,0.22,100,"sd","09:15:29",83800
3.45,0.22,200,"sd","09:15:22",83700
3.45,0.22,300,"sd","09:15:03",83500
3.45,0.22,600,"sd","09:15:03",83200
3.45,0.22,300,"sd","09:15:03",82600
3.45,0.22,2000,"sd","09:15:03",82300
3.45,0.22,1000,"sd","09:15:03",80300
3.45,0.22,200,"sd","09:15:03",79300
3.45,0.22,1000,"sd","09:15:03",79100
3.45,0.22,100,"sd","09:15:03",78100
3.45,0.22,78000,"sd","09:15:01",78000
5,-0.05,100,"sd","09:58:31",19000
5.02,-0.03,100,"sd","09:58:31",18700
5.02,-0.03,100,"sd","09:57:15",18500
5.02,-0.03,100,"sd","09:57:15",18600
5.03,-0.02,100,"bu","09:55:54",18400
5.03,-0.02,200,"sd","09:55:10",18300
5.03,-0.02,200,"sd","09:55:10",18100
5.03,-0.02,300,"sd","09:54:58",17900
5.04,-0.01,200,"sd","09:54:41",17600
5.04,-0.01,100,"sd","09:53:28",17400
5.04,-0.01,100,"sd","09:53:28",17300
5.04,-0.01,100,"sd","09:53:27",17200
5.05,0,200,"sd","09:53:14",17100
5.05,0,200,"sd","09:53:14",16900
5.05,0,200,"sd","09:52:31",16700
5.05,0,500,"sd","09:52:31",16500
5.05,0,100,"sd","09:52:31",16000
5.06,0.01,100,"bu","09:52:29",15900
5.05,0,100,"sd","09:51:28",15800
5.05,0,100,"sd","09:51:28",15700
5.06,0.01,100,"sd","09:51:28",15600
5.09,0.04,100,"bu","09:50:58",15500
5.05,0,100,"bu","09:43:42",15400
5.05,0,300,"bu","09:43:33",15300
5.05,0,200,"bu","09:43:23",15000
5.05,0,200,"bu","09:42:37",14800
5.05,0,500,"sd","09:41:19",14600
5.05,0,2700,"sd","09:41:19",14100
5.05,0,1000,"sd","09:40:41",11400
5.05,0,200,"bu","09:40:24",10400
5.05,0,100,"sd","09:38:05",10200
5.05,0,300,"sd","09:37:40",10100
5.05,0,100,"sd","09:35:53",9800
5.05,0,200,"sd","09:35:05",9700
5.06,0.01,100,"bu","09:34:50",9500
5.06,0.01,100,"sd","09:34:37",9400
5.06,0.01,100,"sd","09:34:37",9300
5.06,0.01,500,"sd","09:34:37",9200
5.06,0.01,400,"sd","09:33:11",8700
5.06,0.01,100,"sd","09:32:41",8300
5.06,0.01,200,"sd","09:32:41",8200
5.06,0.01,200,"sd","09:32:41",8000
5.07,0.02,100,"sd","09:32:41",7800
5.07,0.02,300,"sd","09:32:41",7700
5.08,0.03,100,"sd","09:32:12",7400
5.08,0.03,100,"sd","09:32:12",7300
5.08,0.03,1000,"sd","09:32:12",7200
5.08,0.03,100,"sd","09:32:12",6200
5.09,0.04,100,"bu","09:31:08",6100
5.09,0.04,500,"sd","09:30:31",6000
5.09,0.04,500,"sd","09:30:22",5500
5.09,0.04,100,"sd","09:30:22",5000
5.09,0.04,100,"sd","09:30:22",4900
5.09,0.04,200,"sd","09:30:22",4800
5.1,0.05,100,"bu","09:27:56",4600
5.09,0.04,500,"sd","09:27:25",4500
5.08,0.03,100,"sd","09:25:26",4000
5.08,0.03,400,"sd","09:25:26",3900
5.08,0.03,100,"sd","09:22:37",3500
5.1,0.05,200,"sd","09:22:33",3400
5.1,0.05,300,"bu","09:22:33",3200
5.1,0.05,100,"sd","09:22:01",2900
5.1,0.05,100,"sd","09:22:01",2800
5.27,0.22,100,"unknown","09:19:33",2700
5.26,0.21,100,"bu","09:19:33",2600
5.25,0.2,100,"bu","09:19:33",2500
5.24,0.19,100,"bu","09:19:33",2400
5.1,0.05,100,"sd","09:18:07",2300
5.1,0.05,800,"sd","09:18:05",2200
5.1,0.05,400,"sd","09:18:05",1400
5.1,0.05,600,"bu","09:17:37",1000
5.1,0.05,100,"bu","09:17:02",400
5.1,0.05,100,"bu","09:16:29",300
5.06,0.01,200,"bu","09:15:02",200
9.35,0.55,1000,"sd","13:20:14",619000
9.35,0.55,100,"sd","13:20:03",618000
9.36,0.56,300,"sd","13:19:45",617900
9.36,0.56,300,"sd","13:19:45",617600
9.36,0.56,200,"bu","13:19:24",617300
9.36,0.56,300,"bu","13:19:19",617100
9.35,0.55,700,"bu","13:18:47",616800
9.35,0.55,800,"bu","13:18:47",616100
9.35,0.55,100,"bu","13:18:47",615300
9.35,0.55,100,"bu","13:18:47",615200
9.35,0.55,5000,"bu","13:18:47",615100
9.35,0.55,7800,"bu","13:18:47",610100
9.35,0.55,2000,"bu","13:18:46",602300
9.35,0.55,200,"bu","13:18:40",600300
9.35,0.55,1000,"bu","13:18:35",600100
9.35,0.55,600,"bu","13:18:35",599100
9.35,0.55,2000,"bu","13:18:35",598500
9.35,0.55,400,"bu","13:18:35",596500
9.35,0.55,4000,"bu","13:18:35",596100
9.35,0.55,1200,"bu","13:18:29",592100
9.35,0.55,3100,"bu","13:17:59",590600
9.35,0.55,1000,"bu","13:17:59",587500
9.35,0.55,1000,"bu","13:17:59",586500
9.35,0.55,500,"bu","13:17:42",585500
9.35,0.55,1000,"bu","13:17:42",585000
9.35,0.55,200,"bu","13:16:53",584000
9.35,0.55,100,"bu","13:16:53",583800
9.35,0.55,200,"bu","13:16:27",583700
9.35,0.55,300,"bu","13:16:19",583500
9.35,0.55,100,"bu","13:15:28",583200
9.35,0.55,500,"bu","13:15:26",583100
9.35,0.55,300,"bu","13:15:05",582600
9.33,0.53,100,"bu","13:15:05",582300
9.33,0.53,1400,"bu","13:15:05",582200
9.33,0.53,100,"bu","13:14:30",580800
9.32,0.52,200,"bu","13:14:19",580700
9.32,0.52,800,"bu","13:13:42",580500
9.32,0.52,500,"bu","13:13:42",579700
9.31,0.51,700,"bu","13:13:42",579200
9.3,0.5,100,"sd","13:13:33",578500
9.3,0.5,100,"sd","13:13:33",578500
9.3,0.5,500,"bu","13:12:48",578400
9.3,0.5,500,"bu","13:12:44",577900
9.3,0.5,2000,"bu","13:12:27",577400
9.3,0.5,100,"bu","13:12:27",575400
9.3,0.5,800,"bu","13:12:27",575300
9.3,0.5,100,"bu","13:12:27",574500
9.3,0.5,200,"bu","13:12:27",574400
9.3,0.5,400,"bu","13:12:27",574200
9.3,0.5,600,"bu","13:12:14",573800
9.3,0.5,200,"bu","13:12:03",573200
9.3,0.5,300,"bu","13:11:53",573000
9.3,0.5,500,"bu","13:11:51",572700
9.3,0.5,1100,"bu","13:11:51",572200
9.3,0.5,300,"bu","13:11:51",571100
9.3,0.5,200,"bu","13:11:49",570800
9.3,0.5,200,"bu","13:11:43",570600
9.3,0.5,100,"bu","13:11:43",570400
9.3,0.5,500,"bu","13:11:43",570300
9.3,0.5,200,"bu","13:11:32",569800
9.3,0.5,300,"bu","13:11:32",569600
9.3,0.5,300,"bu","13:11:27",569300
9.3,0.5,2000,"bu","13:11:21",569000
9.3,0.5,100,"bu","13:11:19",567000
9.3,0.5,1000,"bu","13:10:50",566900
9.3,0.5,300,"bu","13:10:40",565900
9.3,0.5,100,"bu","13:10:40",565600
9.3,0.5,200,"bu","13:10:40",565500
9.3,0.5,500,"bu","13:10:40",565300
9.3,0.5,100,"bu","13:10:40",564800
9.3,0.5,800,"bu","13:10:40",564700
9.3,0.5,200,"bu","13:10:38",563900
9.3,0.5,500,"bu","13:10:38",563700
9.3,0.5,500,"bu","13:10:38",563200
9.3,0.5,500,"bu","13:10:38",562700
9.3,0.5,5200,"bu","13:10:38",562200
9.3,0.5,1400,"bu","13:10:38",557000
9.3,0.5,1200,"bu","13:10:38",555600
9.3,0.5,500,"bu","13:10:38",554400
9.3,0.5,900,"bu","13:10:24",553900
9.29,0.49,1000,"sd","13:10:18",548000
9.3,0.5,900,"bu","13:09:46",547000
9.3,0.5,2000,"bu","13:09:36",546100
9.3,0.5,100,"bu","13:09:33",544100
9.3,0.5,100,"bu","13:09:25",544000
9.3,0.5,1300,"bu","13:09:20",543900
9.29,0.49,10000,"bu","13:08:27",542600
9.29,0.49,1100,"bu","13:08:27",532600
9.29,0.49,100,"bu","13:08:11",531500
9.28,0.48,100,"sd","13:07:44",531400
9.28,0.48,200,"sd","13:07:03",531300
9.29,0.49,100,"bu","13:06:59",531100
9.29,0.49,300,"sd","13:06:49",531000
9.29,0.49,700,"sd","13:06:49",530700
9.3,0.5,100,"bu","13:06:44",530000
9.3,0.5,400,"bu","13:06:44",529900
9.3,0.5,600,"bu","13:06:33",529500
9.3,0.5,100,"bu","13:06:32",528900
9.3,0.5,1000,"bu","13:06:32",528800
9.3,0.5,200,"bu","13:06:32",527800
9.3,0.5,200,"bu","13:06:32",527800
9.29,0.49,1000,"sd","13:06:15",527600
9.29,0.49,1000,"sd","13:06:02",526600
9.29,0.49,1000,"bu","13:05:30",525600
9.29,0.49,200,"bu","13:05:30",524600
9.29,0.49,1000,"bu","13:05:30",524400
9.28,0.48,100,"bu","13:05:30",523400
9.27,0.47,100,"sd","13:05:27",523300
9.27,0.47,2900,"sd","13:05:27",523200
9.27,0.47,100,"sd","13:05:12",520300
9.27,0.47,500,"sd","13:05:12",520200
9.27,0.47,400,"sd","13:05:12",519700
9.27,0.47,100,"sd","13:05:09",519300
9.27,0.47,500,"sd","13:03:55",519200
9.27,0.47,100,"bu","13:02:50",518700
9.27,0.47,200,"bu","13:02:49",518600
9.27,0.47,200,"bu","13:02:49",518400
9.27,0.47,200,"bu","13:02:40",518200
9.27,0.47,100,"bu","13:02:34",518000
9.27,0.47,700,"bu","13:02:34",517900
9.27,0.47,300,"bu","13:01:57",517200
9.27,0.47,100,"bu","13:01:48",516900
9.27,0.47,100,"bu","13:01:11",516800
9.27,0.47,100,"bu","13:00:48",516700
9.27,0.47,500,"bu","13:00:48",516600
9.26,0.46,200,"sd","13:00:23",516100
9.26,0.46,700,"sd","13:00:19",515900
9.26,0.46,100,"bu","13:00:16",515200
9.25,0.45,100,"sd","13:00:14",515100
9.25,0.45,100,"sd","13:00:08",515000
9.25,0.45,1200,"sd","13:00:05",514900
9.25,0.45,200,"sd","13:00:05",513700
9.25,0.45,100,"bu","13:00:04",513500
9.25,0.45,500,"bu","13:00:04",513400
9.25,0.45,200,"bu","13:00:04",512900
9.25,0.45,300,"bu","13:00:03",512700
9.25,0.45,100,"bu","13:00:03",512400
9.25,0.45,100,"bu","13:00:03",512300
9.25,0.45,900,"bu","13:00:00",512200
9.25,0.45,100,"bu","13:00:00",511300
9.25,0.45,3000,"bu","13:00:00",511200
9.25,0.45,400,"bu","13:00:00",508200
9.25,0.45,300,"bu","13:00:00",507800
9.25,0.45,800,"bu","13:00:00",507500
9.25,0.45,300,"bu","13:00:00",506700
9.25,0.45,200,"bu","11:29:40",506400
9.25,0.45,100,"bu","11:29:40",506200
9.25,0.45,200,"bu","11:29:35",506100
9.25,0.45,400,"bu","11:29:25",505900
9.25,0.45,300,"bu","11:29:10",505500
9.25,0.45,200,"bu","11:29:10",505200
9.25,0.45,500,"bu","11:29:10",505000
9.25,0.45,1000,"bu","11:29:10",504500
9.24,0.44,2500,"bu","11:28:44",503500
9.24,0.44,100,"bu","11:28:44",501000
9.24,0.44,1000,"bu","11:28:44",500900
9.24,0.44,300,"bu","11:28:44",499900
9.24,0.44,1000,"bu","11:28:44",499600
9.24,0.44,5100,"bu","11:28:44",498600
9.24,0.44,1000,"bu","11:28:12",493500
9.24,0.44,900,"bu","11:27:36",492400
9.21,0.41,300,"sd","11:27:07",491500
9.22,0.42,100,"sd","11:27:07",491200
9.22,0.42,100,"sd","11:27:07",491100
9.23,0.43,500,"bu","11:27:07",491000
9.23,0.43,300,"bu","11:26:58",490500
9.23,0.43,500,"bu","11:26:49",490200
9.23,0.43,1000,"bu","11:26:47",489700
9.23,0.43,200,"bu","11:26:41",488700
9.23,0.43,400,"bu","11:26:33",488500
9.23,0.43,600,"bu","11:26:22",488100
9.23,0.43,400,"bu","11:26:15",487500
9.23,0.43,100,"bu","11:26:06",487100
9.22,0.42,3100,"sd","11:24:38",487000
9.22,0.42,500,"sd","11:23:29",483900
9.23,0.43,300,"sd","11:22:13",483400
9.23,0.43,500,"sd","11:22:13",483100
9.23,0.43,200,"sd","11:22:13",482600
9.23,0.43,300,"sd","11:21:22",482400
9.23,0.43,200,"sd","11:21:22",482100
9.23,0.43,200,"sd","11:21:22",482100
9.23,0.43,500,"sd","11:21:22",481900
9.23,0.43,100,"sd","11:21:11",481400
9.24,0.44,3000,"bu","11:21:05",481300
9.24,0.44,1200,"bu","11:21:05",478300
9.23,0.43,400,"sd","11:20:55",477100
9.23,0.43,300,"sd","11:20:55",476700
9.23,0.43,300,"sd","11:20:55",476400
9.24,0.44,500,"bu","11:20:42",476100
9.23,0.43,1000,"sd","11:20:38",475600
9.24,0.44,300,"bu","11:20:37",474600
9.24,0.44,100,"bu","11:20:29",474300
9.24,0.44,100,"bu","11:20:29",474200
9.23,0.43,1700,"sd","11:19:50",474100
9.23,0.43,300,"sd","11:19:50",472400
9.23,0.43,2000,"sd","11:19:30",472100
9.23,0.43,200,"sd","11:18:49",470100
9.23,0.43,200,"sd","11:18:27",469900
9.23,0.43,1000,"bu","11:17:17",469700
9.23,0.43,300,"bu","11:17:17",468700
9.23,0.43,200,"bu","11:15:17",467900
9.2,0.4,3300,"sd","11:14:50",467700
9.2,0.4,1000,"sd","11:14:50",464400
9.2,0.4,1000,"sd","11:14:50",463400
9.2,0.4,1000,"sd","11:14:50",462400
9.2,0.4,600,"sd","11:14:50",461400
9.2,0.4,1000,"sd","11:14:50",460800
9.2,0.4,100,"sd","11:14:50",459800
9.2,0.4,2300,"sd","11:14:45",459700
9.2,0.4,300,"sd","11:13:33",457400
9.2,0.4,600,"sd","11:13:00",457100
9.2,0.4,1700,"sd","11:12:58",456500
9.2,0.4,400,"bu","11:12:53",454800
9.2,0.4,2900,"bu","11:12:49",454400
9.2,0.4,100,"bu","11:12:49",451500
9.2,0.4,300,"bu","11:12:49",451400
9.2,0.4,1000,"bu","11:12:49",451100
9.2,0.4,500,"bu","11:12:49",450100
9.2,0.4,100,"bu","11:12:49",449600
9.2,0.4,200,"bu","11:12:49",449500
9.2,0.4,200,"bu","11:12:49",449500
9.2,0.4,9900,"bu","11:12:49",449300
9.2,0.4,100,"bu","11:12:32",439400
9.2,0.4,400,"bu","11:12:32",439300
9.2,0.4,400,"bu","11:12:19",438900
9.2,0.4,200,"bu","11:12:13",438500
9.2,0.4,400,"bu","11:12:13",438300
9.2,0.4,500,"bu","11:12:13",437900
9.2,0.4,200,"bu","11:12:13",437400
9.2,0.4,600,"bu","11:12:13",437200
9.2,0.4,100,"bu","11:12:13",436600
9.2,0.4,600,"bu","11:12:12",436500
9.2,0.4,200,"bu","11:12:03",435900
9.2,0.4,200,"bu","11:11:56",435700
9.19,0.39,300,"sd","11:11:37",435500
9.2,0.4,800,"bu","11:11:30",435200
9.2,0.4,200,"bu","11:11:30",434400
9.2,0.4,300,"bu","11:11:13",434200
9.2,0.4,400,"bu","11:11:13",433900
9.2,0.4,500,"bu","11:11:05",433500
9.19,0.39,500,"sd","11:10:13",432800
9.19,0.39,500,"bu","11:09:35",432300
9.19,0.39,1000,"bu","11:09:35",431800
9.18,0.38,1400,"bu","11:09:35",430800
9.18,0.38,300,"bu","11:09:27",429400
9.18,0.38,100,"sd","11:09:26",429100
9.18,0.38,200,"sd","11:09:26",429000
9.18,0.38,100,"bu","11:09:02",428800
9.18,0.38,300,"bu","11:09:02",428700
9.18,0.38,1000,"bu","11:07:52",428400
9.18,0.38,1000,"sd","11:07:43",427400
9.18,0.38,100,"sd","11:07:43",426400
9.18,0.38,100,"sd","11:07:43",426300
9.18,0.38,500,"sd","11:07:43",426200
9.18,0.38,1000,"sd","11:07:26",425700
9.19,0.39,500,"bu","11:07:05",424700
9.19,0.39,600,"sd","11:07:01",424200
9.19,0.39,400,"sd","11:07:01",423600
9.19,0.39,500,"sd","11:07:01",423200
9.19,0.39,500,"sd","11:06:09",422700
9.19,0.39,2000,"sd","11:06:09",422200
9.19,0.39,1000,"sd","11:05:08",420200
9.2,0.4,900,"bu","11:04:59",419200
9.19,0.39,1000,"bu","11:04:44",418300
9.19,0.39,1000,"bu","11:04:29",417300
9.19,0.39,500,"bu","11:04:15",416300
9.19,0.39,1000,"bu","11:04:14",415800
9.18,0.38,100,"sd","11:04:00",414800
9.19,0.39,200,"bu","11:03:42",414700
9.19,0.39,100,"bu","11:03:42",414500
9.19,0.39,100,"bu","11:03:42",414400
9.19,0.39,100,"bu","11:03:42",414300
9.2,0.4,3000,"bu","11:03:18",414200
9.19,0.39,800,"sd","11:03:04",411200
9.19,0.39,200,"sd","11:03:04",410400
9.2,0.4,1000,"bu","11:03:01",410200
9.19,0.39,3100,"sd","11:02:55",409200
9.19,0.39,700,"sd","11:02:45",406100
9.2,0.4,900,"bu","11:02:30",405400
9.2,0.4,100,"bu","11:02:30",404500
9.2,0.4,100,"bu","11:02:30",404400
9.2,0.4,500,"bu","11:02:30",404300
9.2,0.4,200,"bu","11:02:30",403800
9.2,0.4,400,"bu","11:02:30",403600
9.2,0.4,600,"bu","11:02:30",403200
9.2,0.4,600,"bu","11:02:30",402600
9.2,0.4,500,"bu","11:02:30",402000
9.2,0.4,1700,"bu","11:02:30",401500
9.2,0.4,4400,"bu","11:02:30",399800
9.2,0.4,600,"bu","11:02:20",395400
9.2,0.4,100,"bu","11:02:20",394800
9.2,0.4,900,"bu","11:01:52",394700
9.2,0.4,600,"bu","11:01:52",393800
9.2,0.4,400,"bu","11:01:47",393200
9.2,0.4,100,"bu","11:01:47",392800
9.2,0.4,300,"bu","11:01:47",392700
9.2,0.4,700,"bu","11:01:15",392400
9.2,0.4,700,"bu","11:01:15",391700
9.2,0.4,200,"bu","11:01:15",391000
9.2,0.4,1000,"bu","11:01:15",390800
9.2,0.4,200,"bu","11:01:15",389800
9.2,0.4,400,"bu","11:01:02",389600
9.2,0.4,1600,"bu","11:01:02",389200
9.19,0.39,4000,"bu","11:00:32",387600
9.19,0.39,2000,"bu","11:00:32",383600
9.19,0.39,900,"bu","11:00:23",381600
9.19,0.39,1300,"bu","11:00:23",380700
9.19,0.39,300,"bu","11:00:17",379400
9.18,0.38,200,"sd","11:00:09",379100
9.19,0.39,2500,"bu","10:59:27",378900
9.19,0.39,2500,"bu","10:59:27",376400
9.18,0.38,600,"sd","10:59:27",373900
9.18,0.38,100,"sd","10:59:27",373300
9.19,0.39,100,"bu","10:58:39",373200
9.19,0.39,200,"bu","10:58:27",373100
9.19,0.39,200,"bu","10:58:17",372900
9.19,0.39,300,"bu","10:58:17",372700
9.19,0.39,100,"bu","10:58:04",372400
9.19,0.39,100,"bu","10:57:54",372300
9.19,0.39,100,"sd","10:57:53",372200
9.19,0.39,4400,"sd","10:57:53",372100
9.19,0.39,400,"sd","10:57:50",367700
9.19,0.39,100,"bu","10:57:19",367300
9.19,0.39,100,"bu","10:57:19",367200
9.19,0.39,500,"bu","10:57:18",367100
9.19,0.39,1500,"bu","10:56:55",366600
9.17,0.37,1000,"sd","10:56:41",365100
9.17,0.37,200,"sd","10:56:02",364100
9.17,0.37,100,"sd","10:56:02",363900
9.17,0.37,4700,"sd","10:56:02",363800
9.17,0.37,100,"sd","10:55:15",359100
9.17,0.37,1000,"bu","10:55:15",359000
9.17,0.37,200,"bu","10:55:15",358000
9.17,0.37,1000,"bu","10:54:51",357800
9.17,0.37,100,"bu","10:54:44",356800
9.17,0.37,700,"sd","10:54:20",356700
9.19,0.39,1000,"sd","10:54:00",356000
9.17,0.37,300,"sd","10:53:53",355000
9.17,0.37,100,"sd","10:53:53",354700
9.18,0.38,200,"unknown","10:53:53",354600
9.18,0.38,200,"unknown","10:53:53",354600
9.18,0.38,100,"sd","10:53:46",354400
9.2,0.4,400,"bu","10:52:44",354300
9.2,0.4,500,"bu","10:52:33",353900
9.2,0.4,500,"bu","10:52:33",353400
9.2,0.4,500,"bu","10:52:26",352900
9.2,0.4,500,"bu","10:52:26",352400
9.2,0.4,200,"bu","10:52:16",351900
9.2,0.4,100,"bu","10:52:16",351700
9.2,0.4,500,"bu","10:52:16",351600
9.2,0.4,1200,"bu","10:52:16",351100
9.2,0.4,100,"bu","10:52:12",349900
9.2,0.4,500,"bu","10:52:01",349800
9.2,0.4,200,"bu","10:51:58",349300
9.2,0.4,800,"bu","10:51:58",349100
9.2,0.4,6000,"bu","10:51:42",348300
9.2,0.4,100,"bu","10:51:37",342300
9.2,0.4,400,"bu","10:51:24",342200
9.2,0.4,2100,"bu","10:51:10",341800
9.2,0.4,600,"bu","10:50:51",339700
9.2,0.4,100,"bu","10:50:43",339100
9.2,0.4,3600,"bu","10:50:41",339000
9.19,0.39,500,"bu","10:50:41",335400
9.2,0.4,1300,"bu","10:50:30",334900
9.2,0.4,3700,"bu","10:50:30",333600
9.17,0.37,500,"unknown","10:50:10",329900
9.17,0.37,400,"unknown","10:50:10",329400
9.2,0.4,800,"bu","10:50:10",329000
9.2,0.4,300,"bu","10:50:10",328200
9.19,0.39,500,"bu","10:50:10",327900
9.17,0.37,100,"bu","10:50:06",327400
9.15,0.35,200,"bu","10:49:57",327300
9.15,0.35,700,"bu","10:49:57",327100
9.15,0.35,500,"bu","10:49:53",326400
9.15,0.35,300,"bu","10:49:51",325900
9.15,0.35,2000,"bu","10:49:45",325600
9.15,0.35,500,"bu","10:49:41",323600
9.15,0.35,200,"bu","10:49:37",323100
9.15,0.35,300,"bu","10:49:26",322900
9.15,0.35,9400,"bu","10:49:26",322600
9.15,0.35,300,"bu","10:49:01",312700
9.15,0.35,700,"bu","10:49:01",312400
9.15,0.35,2400,"bu","10:49:01",311700
9.15,0.35,600,"bu","10:48:51",309300
9.15,0.35,2000,"bu","10:48:51",308700
9.15,0.35,400,"bu","10:48:51",306700
9.15,0.35,3800,"bu","10:48:46",306300
9.15,0.35,800,"bu","10:48:40",302500
9.15,0.35,700,"bu","10:48:40",301700
9.15,0.35,500,"bu","10:48:40",301000
9.15,0.35,5800,"bu","10:48:39",300500
9.15,0.35,4300,"bu","10:48:36",294700
9.15,0.35,700,"bu","10:48:36",290400
9.15,0.35,300,"bu","10:48:26",289700
9.14,0.34,300,"sd","10:48:04",289400
9.14,0.34,500,"bu","10:48:01",289100
9.14,0.34,400,"bu","10:48:01",288600
9.14,0.34,900,"bu","10:47:53",288200
9.14,0.34,100,"bu","10:47:53",287300
9.14,0.34,900,"bu","10:47:37",287200
9.12,0.32,500,"bu","10:47:37",286300
9.12,0.32,200,"bu","10:47:37",285800
9.11,0.31,400,"bu","10:47:28",285600
9.11,0.31,100,"bu","10:47:28",285200
9.1,0.3,600,"bu","10:46:56",285100
9.1,0.3,200,"bu","10:46:56",284500
9.1,0.3,1000,"bu","10:46:56",284300
9.1,0.3,400,"bu","10:46:56",283300
9.1,0.3,500,"bu","10:46:56",282900
9.1,0.3,200,"bu","10:46:56",282400
9.1,0.3,1500,"bu","10:46:56",282200
9.1,0.3,900,"bu","10:46:53",280700
9.1,0.3,200,"bu","10:46:46",279800
9.1,0.3,500,"bu","10:46:42",279600
9.1,0.3,1000,"bu","10:46:39",279100
9.1,0.3,300,"bu","10:46:37",278100
9.1,0.3,5600,"bu","10:46:36",277800
9.1,0.3,600,"bu","10:46:36",272200
9.1,0.3,800,"bu","10:46:36",271600
9.1,0.3,1000,"bu","10:46:35",270800
9.1,0.3,1500,"bu","10:46:34",269800
9.1,0.3,400,"bu","10:46:32",268300
9.1,0.3,10000,"bu","10:46:24",267900
9.1,0.3,1300,"bu","10:46:23",257900
9.1,0.3,700,"bu","10:46:23",256600
9.1,0.3,500,"bu","10:46:23",255900
9.1,0.3,2500,"bu","10:46:23",255400
9.09,0.29,1000,"bu","10:46:17",252900
9.09,0.29,100,"bu","10:46:17",251900
9.09,0.29,5000,"bu","10:46:17",251800
9.09,0.29,500,"bu","10:46:17",246800
9.09,0.29,100,"bu","10:46:17",246300
9.05,0.25,2000,"bu","10:46:00",246200
9.05,0.25,200,"bu","10:46:00",244200
9.05,0.25,1000,"bu","10:46:00",244000
9.05,0.25,1000,"bu","10:46:00",243000
9.05,0.25,300,"bu","10:46:00",242000
9.05,0.25,500,"bu","10:46:00",241700
9.05,0.25,100,"bu","10:46:00",241200
9.05,0.25,100,"bu","10:46:00",241100
9.05,0.25,100,"bu","10:46:00",241000
9.05,0.25,500,"bu","10:46:00",240900
9.05,0.25,1600,"bu","10:46:00",240400
9.05,0.25,300,"bu","10:46:00",238800
9.05,0.25,300,"bu","10:46:00",238500
9.05,0.25,2000,"bu","10:45:58",238200
9.05,0.25,1000,"bu","10:45:57",236200
9.05,0.25,500,"bu","10:45:57",235200
9.05,0.25,3500,"bu","10:45:57",234700
9.05,0.25,600,"bu","10:45:53",231200
9.05,0.25,500,"bu","10:45:48",230600
9.05,0.25,700,"bu","10:45:46",230100
9.05,0.25,1000,"bu","10:45:33",229400
9.05,0.25,200,"bu","10:45:31",228400
9.04,0.24,400,"sd","10:45:25",228200
9.04,0.24,400,"bu","10:45:23",227800
9.04,0.24,3200,"bu","10:45:12",227400
9.04,0.24,1000,"bu","10:45:12",224200
9.04,0.24,8800,"bu","10:45:12",223200
9.03,0.23,1000,"bu","10:45:08",214400
9.03,0.23,1000,"bu","10:45:03",213400
9.04,0.24,1200,"bu","10:44:01",212400
9.03,0.23,100,"bu","10:44:01",211200
9.03,0.23,100,"bu","10:44:01",211100
9.03,0.23,600,"bu","10:44:01",211000
9.02,0.22,1000,"bu","10:44:01",210400
9.02,0.22,200,"bu","10:44:01",209400
9.02,0.22,100,"bu","10:44:01",209200
9.01,0.21,100,"bu","10:43:50",209100
9.01,0.21,200,"bu","10:43:41",209000
9.01,0.21,200,"bu","10:42:22",208800
9,0.2,100,"sd","10:41:03",208600
9,0.2,100,"sd","10:40:04",208500
9,0.2,200,"bu","10:39:24",208400
9,0.2,800,"bu","10:39:24",208200
9,0.2,500,"bu","10:39:24",207400
9,0.2,1000,"bu","10:39:24",206900
9,0.2,5000,"bu","10:39:24",205900
9,0.2,2000,"bu","10:39:24",200900
9,0.2,200,"bu","10:39:24",198900
9,0.2,200,"bu","10:39:24",198700
9,0.2,4700,"bu","10:39:24",198500
9,0.2,100,"bu","10:35:35",193800
9,0.2,600,"bu","10:33:47",193700
9,0.2,5000,"bu","10:33:14",193100
9,0.2,1700,"bu","10:33:01",188100
9,0.2,3000,"bu","10:33:01",186400
9,0.2,1000,"bu","10:33:01",183400
9,0.2,600,"bu","10:33:01",182400
9,0.2,3000,"bu","10:33:01",181800
9,0.2,100,"bu","10:33:01",178800
9,0.2,600,"bu","10:33:01",178700
9,0.2,300,"bu","10:32:25",178100
9,0.2,100,"bu","10:32:12",177800
9,0.2,2000,"bu","10:32:12",177700
9,0.2,200,"bu","10:32:12",175700
9,0.2,900,"bu","10:32:12",175500
9,0.2,100,"bu","10:32:12",174600
9,0.2,1800,"bu","10:32:12",174500
8.99,0.19,400,"bu","10:31:20",172700
8.99,0.19,400,"bu","10:31:20",172700
8.98,0.18,300,"sd","10:26:25",172300
8.98,0.18,100,"sd","10:26:25",172000
8.98,0.18,900,"sd","10:25:41",171900
8.98,0.18,600,"sd","10:25:41",171000
8.98,0.18,100,"sd","10:25:35",170400
8.98,0.18,200,"sd","10:25:16",170300
8.99,0.19,300,"sd","10:25:16",170100
8.99,0.19,2700,"sd","10:23:11",169800
8.99,0.19,300,"sd","10:23:11",167100
9,0.2,300,"bu","10:22:54",166800
9,0.2,1000,"bu","10:21:45",166500
9,0.2,100,"bu","10:21:04",165500
8.98,0.18,100,"sd","10:19:10",165400
8.99,0.19,400,"bu","10:18:43",165300
8.99,0.19,100,"bu","10:18:43",164900
8.99,0.19,100,"bu","10:18:42",164800
8.99,0.19,400,"bu","10:18:42",164700
8.99,0.19,100,"bu","10:16:58",164300
8.99,0.19,100,"bu","10:16:28",164200
10,-0.25,300,"sd","09:37:47",172800
10,-0.25,1000,"sd","09:37:40",172500
10,-0.25,8500,"sd","09:37:34",171500
10,-0.25,300,"sd","09:37:34",163000
10,-0.25,200,"sd","09:37:32",162700
10,-0.25,1000,"sd","09:37:23",162500
10,-0.25,500,"sd","09:36:57",161500
10,-0.25,700,"sd","09:36:57",161000
10,-0.25,100,"sd","09:36:45",160300
10.05,-0.2,100,"sd","09:36:45",160200
10.05,-0.2,1800,"sd","09:36:45",160100
10.1,-0.15,500,"bu","09:36:02",158300
10.1,-0.15,300,"bu","09:35:47",157800
10.1,-0.15,100,"bu","09:35:22",157500
10.1,-0.15,100,"bu","09:35:15",157400
10.1,-0.15,100,"bu","09:35:10",157300
10.05,-0.2,800,"sd","09:35:03",157200
10.05,-0.2,3000,"sd","09:34:57",156400
10.05,-0.2,500,"bu","09:34:57",153400
10.05,-0.2,3900,"bu","09:34:57",152900
10.05,-0.2,1100,"sd","09:34:26",149000
10.05,-0.2,3000,"sd","09:34:13",147900
10.05,-0.2,500,"sd","09:34:13",144900
10.05,-0.2,5000,"sd","09:33:26",144400
10.05,-0.2,200,"sd","09:32:59",139400
10.05,-0.2,200,"sd","09:32:37",139200
10.1,-0.15,100,"bu","09:32:34",139000
10.1,-0.15,900,"sd","09:31:49",138900
10.2,-0.05,500,"bu","09:31:23",138000
10.2,-0.05,1300,"bu","09:31:02",137500
10.2,-0.05,100,"bu","09:31:02",136200
10.2,-0.05,2900,"bu","09:29:46",136100
10.2,-0.05,6700,"sd","09:29:16",133200
10.2,-0.05,300,"sd","09:29:16",126500
10.2,-0.05,200,"sd","09:28:50",126200
10.2,-0.05,100,"bu","09:28:33",126000
10.25,0,200,"bu","09:27:11",125900
10.25,0,200,"bu","09:27:11",125700
10.25,0,300,"bu","09:27:11",125500
10.2,-0.05,300,"bu","09:27:11",125200
10.1,-0.15,1000,"sd","09:26:53",124900
10.1,-0.15,100,"sd","09:26:40",123900
10.1,-0.15,3300,"sd","09:26:26",123800
10.15,-0.1,300,"sd","09:26:26",120500
10.1,-0.15,500,"sd","09:26:26",120200
10.1,-0.15,100,"sd","09:26:26",119700
10.1,-0.15,800,"sd","09:26:26",119600
10.1,-0.15,300,"sd","09:25:11",118800
10.1,-0.15,100,"sd","09:25:01",118500
10.1,-0.15,100,"sd","09:24:53",118400
10.1,-0.15,100,"sd","09:24:49",118300
10.1,-0.15,5000,"sd","09:24:35",118200
10.2,-0.05,100,"bu","09:24:11",113200
10.1,-0.15,1000,"sd","09:23:45",113100
10.1,-0.15,100,"sd","09:23:41",112100
10,-0.25,400,"sd","09:22:43",112000
10,-0.25,500,"sd","09:22:40",111600
10.25,0,1000,"bu","09:22:34",111100
10.25,0,500,"bu","09:22:34",110100
10.25,0,100,"bu","09:22:34",109600
10.1,-0.15,5000,"sd","09:24:35",118200
10.2,-0.05,100,"bu","09:24:11",113200
10.1,-0.15,1000,"sd","09:23:45",113100
10.1,-0.15,100,"sd","09:23:41",112100
10,-0.25,400,"sd","09:22:43",112000
10,-0.25,500,"sd","09:22:40",111600
10.25,0,1000,"bu","09:22:34",111100
10.25,0,500,"bu","09:22:34",110100
10.25,0,100,"bu","09:22:34",109600
10,-0.25,800,"sd","09:22:33",109500
10,-0.25,200,"sd","09:22:33",108700
10,-0.25,100,"sd","09:22:26",108500
10,-0.25,700,"sd","09:22:26",108400
10,-0.25,100,"sd","09:22:26",107700
10,-0.25,100,"sd","09:22:26",107600
10,-0.25,400,"bu","09:21:43",107500
10,-0.25,500,"bu","09:21:43",107100
10,-0.25,1500,"bu","09:21:26",106600
10,-0.25,500,"bu","09:21:26",105100
9.9,-0.35,100,"sd","09:21:06",104600
9.9,-0.35,800,"sd","09:20:58",104500
9.9,-0.35,100,"bu","09:20:49",103700
9.9,-0.35,100,"bu","09:20:41",103600
9.8,-0.45,700,"sd","09:20:34",103500
9.8,-0.45,1000,"sd","09:20:34",102800
9.8,-0.45,2000,"sd","09:20:34",101800
9.81,-0.44,400,"sd","09:20:34",99800
9.81,-0.44,900,"sd","09:20:34",99400
9.9,-0.35,1000,"bu","09:20:17",98500
9.8,-0.45,600,"sd","09:19:38",97500
9.89,-0.36,400,"bu","09:19:35",96900
9.8,-0.45,400,"bu","09:19:20",96500
9.8,-0.45,100,"bu","09:19:15",96100
9.8,-0.45,500,"sd","09:19:10",96000
9.89,-0.36,400,"bu","09:19:07",95500
9.7,-0.55,600,"sd","09:18:39",95100
9.61,-0.64,100,"sd","09:18:25",94500
9.6,-0.65,1600,"sd","09:17:40",94400
9.6,-0.65,300,"sd","09:17:40",92800
9.89,-0.36,2200,"sd","09:17:40",92500
9.6,-0.65,200,"sd","09:17:40",90300
9.6,-0.65,100,"sd","09:17:40",90100
9.6,-0.65,1000,"sd","09:17:40",90000
9.6,-0.65,900,"sd","09:17:40",89000
9.6,-0.65,100,"sd","09:17:40",88100
9.6,-0.65,3400,"sd","09:17:40",88000
9.61,-0.64,200,"sd","09:17:40",84600
9.89,-0.36,300,"sd","09:17:36",84400
9.89,-0.36,400,"bu","09:17:32",84100
9.89,-0.36,100,"bu","09:17:32",83700
9.6,-0.65,2600,"sd","09:17:29",83600
9.6,-0.65,1000,"sd","09:17:29",81000
9.6,-0.65,100,"sd","09:17:29",80000
9.6,-0.65,100,"sd","09:17:29",79900
9.6,-0.65,200,"sd","09:17:29",79800
9.6,-0.65,600,"sd","09:17:29",79600
9.61,-0.64,100,"sd","09:17:29",79000
9.8,-0.45,300,"sd","09:17:29",78900
9.89,-0.36,200,"bu","09:17:03",78600
9.6,-0.65,200,"sd","09:17:00",78400
9.6,-0.65,3300,"sd","09:16:20",76000
9.6,-0.65,200,"sd","09:16:20",72700
9.6,-0.65,300,"sd","09:16:20",72500
9.6,-0.65,300,"sd","09:16:20",72200
9.61,-0.64,600,"sd","09:16:20",71900
9.62,-0.63,300,"sd","09:16:20",71300
9.6,-0.65,100,"sd","09:15:50",71000
9.6,-0.65,100,"sd","09:15:48",70900
9.6,-0.65,300,"sd","09:15:48",70800
9.6,-0.65,100,"sd","09:15:48",70500
9.6,-0.65,100,"bu","09:15:43",70400
9.6,-0.65,300,"bu","09:15:43",70300
9.6,-0.65,200,"bu","09:15:43",70000
9.6,-0.65,100,"bu","09:15:41",69800
9.6,-0.65,100,"bu","09:15:38",69700
9.6,-0.65,100,"bu","09:15:38",69600
9.6,-0.65,100,"bu","09:15:38",69500
9.6,-0.65,500,"bu","09:15:19",69400
9.54,-0.71,100,"sd","09:15:19",68900
9.54,-0.71,500,"sd","09:15:19",68800
9.54,-0.71,1000,"sd","09:15:19",68300
9.54,-0.71,100,"sd","09:15:19",67300
9.54,-0.71,300,"sd","09:15:19",67200
9.54,-0.71,66900,"sd","09:15:01",66900
10.95,0.7,100,"bu","10:50:38",757300
10.95,0.7,1000,"bu","10:50:38",757200
10.95,0.7,500,"bu","10:50:38",756200
10.9,0.65,100,"sd","10:50:37",755700
10.95,0.7,1100,"bu","10:50:32",755600
10.95,0.7,200,"bu","10:50:30",754500
10.95,0.7,800,"bu","10:50:24",754300
10.95,0.7,6800,"bu","10:50:11",753500
10.95,0.7,200,"bu","10:50:08",746700
10.95,0.7,400,"bu","10:50:07",746500
10.95,0.7,100,"bu","10:50:07",746100
10.9,0.65,100,"sd","10:50:04",746000
10.9,0.65,5000,"sd","10:49:58",745900
10.9,0.65,200,"sd","10:49:57",740900
10.95,0.7,200,"bu","10:49:56",740700
10.95,0.7,100,"bu","10:49:56",740500
10.95,0.7,1700,"bu","10:49:56",740400
10.9,0.65,2000,"sd","10:49:54",738700
10.9,0.65,800,"sd","10:49:50",736700
10.95,0.7,4300,"bu","10:49:50",735900
10.95,0.7,700,"bu","10:49:50",731600
10.9,0.65,300,"sd","10:49:42",730900
10.9,0.65,700,"sd","10:49:33",730600
10.9,0.65,200,"sd","10:49:33",729900
10.9,0.65,900,"sd","10:49:26",729700
10.95,0.7,1000,"bu","10:49:26",728800
10.9,0.65,200,"sd","10:49:17",727800
10.95,0.7,2000,"bu","10:49:14",727600
10.9,0.65,1000,"sd","10:49:12",725600
10.9,0.65,100,"sd","10:49:03",724600
10.9,0.65,1000,"sd","10:48:57",724500
10.9,0.65,1000,"sd","10:48:54",723500
10.9,0.65,200,"sd","10:48:48",722500
10.9,0.65,3200,"sd","10:48:44",722300
10.9,0.65,100,"sd","10:48:34",719100
10.9,0.65,1000,"sd","10:48:26",719000
10.9,0.65,1000,"sd","10:48:26",718000
10.9,0.65,300,"sd","10:48:20",717000
10.95,0.7,900,"bu","10:48:20",716700
10.9,0.65,1400,"sd","10:48:07",715800
10.9,0.65,2300,"sd","10:48:05",714400
10.9,0.65,2700,"sd","10:48:05",712100
10.9,0.65,200,"sd","10:47:47",709400
10.9,0.65,500,"sd","10:47:37",709200
10.95,0.7,500,"bu","10:47:36",708700
10.95,0.7,100,"bu","10:47:36",708200
10.95,0.7,200,"bu","10:47:36",708100
10.95,0.7,800,"bu","10:47:35",707900
10.95,0.7,1000,"bu","10:47:35",707100
10.95,0.7,200,"bu","10:47:35",706100
10.9,0.65,1000,"sd","10:47:34",705900
10.95,0.7,3000,"bu","10:47:32",704900
10.95,0.7,200,"bu","10:47:32",701900
10.95,0.7,200,"bu","10:47:23",701700
10.95,0.7,400,"bu","10:47:21",701500
10.95,0.7,100,"bu","10:47:21",701100
10.95,0.7,200,"bu","10:47:20",701000
10.9,0.65,100,"sd","10:47:15",700800
10.9,0.65,100,"sd","10:47:13",700700
10.9,0.65,200,"bu","10:47:10",700600
10.9,0.65,200,"bu","10:47:10",700400
10.95,0.7,200,"bu","10:47:07",700200
10.95,0.7,500,"bu","10:47:07",700000
10.9,0.65,300,"bu","10:47:07",699500
10.95,0.7,300,"bu","10:47:07",699200
10.9,0.65,500,"bu","10:47:07",698900
10.95,0.7,1000,"bu","10:47:07",698400
10.9,0.65,300,"bu","10:47:07",697400
10.9,0.65,7000,"bu","10:47:07",697100
10.95,0.7,100,"bu","10:47:07",690100
10.9,0.65,900,"bu","10:47:07",690000
10.9,0.65,100,"bu","10:47:07",689100
10.9,0.65,100,"bu","10:47:07",689000
10.9,0.65,1300,"bu","10:47:07",688900
10.9,0.65,900,"bu","10:47:07",687600
10.9,0.65,500,"bu","10:47:07",686700
10.9,0.65,500,"bu","10:47:07",686200
10.9,0.65,1000,"bu","10:47:07",685700
10.9,0.65,100,"bu","10:47:07",684700
10.9,0.65,1200,"bu","10:47:07",684600
10.9,0.65,2000,"bu","10:47:07",683400
10.9,0.65,1600,"bu","10:47:07",681400
10.9,0.65,1000,"bu","10:47:07",679800
10.9,0.65,1000,"bu","10:47:07",678800
10.9,0.65,6000,"bu","10:47:07",677800
10.9,0.65,1600,"bu","10:47:07",671800
10.9,0.65,100,"bu","10:47:06",670200
10.9,0.65,8300,"bu","10:47:04",670100
10.9,0.65,500,"bu","10:47:04",661800
10.9,0.65,10000,"bu","10:47:04",661300
10.9,0.65,1200,"bu","10:47:04",651300
10.9,0.65,12400,"bu","10:47:04",650100
10.9,0.65,500,"bu","10:47:04",637700
10.9,0.65,1000,"bu","10:47:04",637200
10.9,0.65,4000,"bu","10:47:04",636200
10.9,0.65,700,"bu","10:47:04",632200
10.9,0.65,1300,"bu","10:47:04",631500
10.9,0.65,100,"bu","10:47:04",630200
10.9,0.65,1000,"bu","10:47:04",630100
10.9,0.65,800,"bu","10:47:02",629100
10.9,0.65,1000,"bu","10:46:51",628300
10.9,0.65,6300,"bu","10:46:47",627300
10.9,0.65,200,"bu","10:46:45",621000
10.9,0.65,400,"bu","10:46:45",620800
10.9,0.65,1000,"bu","10:46:45",620400
10.9,0.65,500,"bu","10:46:45",619400
10.9,0.65,700,"bu","10:46:45",618900
10.9,0.65,100,"bu","10:46:37",618200
10.9,0.65,100,"bu","10:46:35",618100
10.9,0.65,100,"bu","10:46:35",618000
10.9,0.65,100,"bu","10:46:35",617900
10.9,0.65,100,"bu","10:46:35",617800
10.9,0.65,1000,"bu","10:46:34",617700
10.9,0.65,200,"bu","10:46:31",616700
10.9,0.65,100,"bu","10:46:31",616500
10.9,0.65,4400,"bu","10:46:28",616400
10.9,0.65,10000,"bu","10:46:28",612000
10.9,0.65,200,"bu","10:46:28",602000
10.9,0.65,100,"bu","10:46:28",601800
10.9,0.65,100,"bu","10:46:28",601700
10.85,0.6,500,"bu","10:46:05",597300
10.85,0.6,300,"bu","10:46:04",596800
10.85,0.6,500,"bu","10:46:04",596500
10.85,0.6,200,"bu","10:46:04",596000
10.8,0.55,200,"sd","10:46:04",595800
10.85,0.6,300,"bu","10:46:03",595600
10.85,0.6,400,"bu","10:46:03",595300
10.8,0.55,2100,"sd","10:46:02",594900
10.8,0.55,400,"sd","10:46:02",592800
10.8,0.55,100,"sd","10:46:02",592400
10.8,0.55,100,"sd","10:46:02",592300
10.85,0.6,400,"bu","10:45:58",592200
10.85,0.6,2900,"bu","10:45:57",591800
10.85,0.6,1900,"bu","10:45:57",588900
10.85,0.6,2000,"bu","10:45:55",587000
10.85,0.6,700,"bu","10:45:51",585000
10.85,0.6,1000,"bu","10:45:44",584300
10.85,0.6,500,"bu","10:45:37",583300
10.85,0.6,100,"bu","10:45:30",582800
10.85,0.6,100,"bu","10:45:25",582700
10.85,0.6,1200,"bu","10:45:25",582600
10.8,0.55,100,"sd","10:45:16",581400
10.85,0.6,2800,"bu","10:45:15",581300
10.85,0.6,100,"bu","10:45:15",578500
10.85,0.6,100,"bu","10:45:15",578400
10.8,0.55,300,"sd","10:45:14",578300
10.8,0.55,2000,"sd","10:45:11",578000
10.8,0.55,600,"sd","10:45:05",576000
10.8,0.55,100,"sd","10:45:05",575400
10.8,0.55,300,"sd","10:44:56",575300
10.8,0.55,100,"sd","10:44:53",575000
10.8,0.55,200,"sd","10:44:51",574900
10.8,0.55,200,"bu","10:44:44",574700
10.8,0.55,100,"bu","10:44:44",574500
10.8,0.55,200,"bu","10:44:44",574400
10.8,0.55,800,"bu","10:44:44",574200
10.8,0.55,700,"bu","10:44:43",573400
10.8,0.55,1200,"bu","10:44:43",572700
10.8,0.55,500,"bu","10:44:43",571500
10.8,0.55,100,"bu","10:44:43",571000
