"price","change","match_qtty","side","time","total_vol"
1.9,0,2100,"","14:45:01",145900
1.9,0,100,"bu","14:21:22",143800
1.9,0,6000,"bu","14:05:08",143700
1.9,0,1500,"sd","14:04:13",137700
1.9,0,3100,"sd","13:51:27",136200
1.9,0,50000,"bu","13:50:37",133100
1.9,0,1000,"bu","13:49:58",83100
1.8,-0.1,100,"sd","13:43:32",82100
1.8,-0.1,2000,"sd","13:40:34",82000
1.8,-0.1,200,"sd","13:28:33",80000
1.9,0,500,"bu","13:24:12",79800
1.8,-0.1,100,"sd","13:00:03",79300
1.8,-0.1,2500,"sd","11:14:43",79200
1.8,-0.1,100,"sd","11:14:10",76700
1.9,0,200,"bu","11:07:31",76600
1.9,0,100,"bu","11:06:25",76400
1.9,0,100,"bu","10:58:48",76300
1.9,0,5000,"bu","10:57:13",76200
1.9,0,1100,"bu","10:50:48",71200
1.8,-0.1,200,"sd","10:48:57",70100
2,0.1,100,"bu","09:23:51",400
1.9,0,300,"sd","09:00:05",300
2,0,100,"sd","09:15:44",1200
2.1,0.1,100,"bu","09:08:02",1100
2,0,1000,"sd","09:00:14",1000
2.1,0,200,"bu","09:15:04",13500
2.1,0,200,"bu","09:14:54",13300
2.1,0,13000,"bu","09:06:32",13100
2,-0.1,100,"sd","09:01:27",100
2.6,-0.1,5000,"sd","10:13:44",38800
2.6,-0.1,2300,"sd","10:12:48",33800
2.6,-0.1,3700,"sd","10:12:29",31500
2.6,-0.1,1000,"sd","10:09:26",27800
2.6,-0.1,15000,"sd","10:08:57",26800
2.6,-0.1,6300,"sd","10:08:28",11800
2.6,-0.1,1000,"sd","10:02:15",5500
2.7,0,100,"bu","10:01:43",4500
2.7,0,100,"bu","09:59:50",4400
2.6,-0.1,500,"sd","09:55:55",4300
2.7,0,100,"bu","09:50:13",3800
2.6,-0.1,100,"sd","09:40:39",3700
2.6,-0.1,100,"sd","09:29:02",3600
2.7,0,800,"bu","09:24:43",3500
2.6,-0.1,500,"sd","09:23:33",2700
2.6,-0.1,2000,"sd","09:20:47",2200
2.7,0,100,"bu","09:12:02",200
2.6,-0.1,100,"sd","09:09:10",100
2.6,-0.1,100,"sd","09:41:13",55600
2.7,0,100,"bu","09:36:47",55500
2.7,0,300,"bu","09:36:16",55400
2.7,0,1000,"bu","09:36:10",55100
2.7,0,100,"bu","09:25:22",54100
2.7,0,200,"bu","09:24:35",54000
2.7,0,500,"bu","09:23:32",53800
2.7,0,5000,"bu","09:22:09",53300
2.7,0,1000,"bu","09:20:16",48300
2.6,-0.1,100,"sd","09:18:59",47300
2.7,0,100,"bu","09:18:09",47200
2.7,0,1000,"bu","09:17:35",47100
2.7,0,20000,"bu","09:14:49",46100
2.7,0,600,"bu","09:14:31",26100
2.7,0,1000,"bu","09:13:53",25500
2.7,0,1000,"bu","09:13:41",24500
2.7,0,1000,"bu","09:13:38",23500
2.7,0,1000,"bu","09:13:08",22500
2.7,0,9400,"bu","09:12:14",21500
2.6,-0.1,100,"sd","09:06:45",12100
2.7,0,1000,"bu","09:05:30",12000
2.7,0,200,"bu","09:04:54",11000
2.7,0,2000,"bu","09:04:37",10800
2.7,0,2400,"bu","09:04:12",8800
2.7,0,6300,"bu","09:02:47",6400
2.7,0,100,"bu","09:00:16",100
2.6,0.1,4200,"sd","09:40:51",226900
2.6,0.1,20000,"sd","09:40:16",222700
2.6,0.1,700,"sd","09:39:05",202700
2.6,0.1,1000,"sd","09:35:39",202000
2.7,0.2,2100,"bu","09:35:05",201000
2.6,0.1,3000,"unknown","09:34:58",198900
2.6,0.1,2800,"bu","09:34:48",195900
2.6,0.1,3000,"sd","09:34:47",193100
2.6,0.1,5000,"sd","09:34:40",190100
2.6,0.1,1000,"sd","09:34:14",185100
2.6,0.1,500,"sd","09:34:09",184100
2.6,0.1,5000,"sd","09:33:41",183600
2.6,0.1,2000,"sd","09:33:02",178600
2.6,0.1,4000,"sd","09:32:41",176600
2.6,0.1,37000,"sd","09:32:19",172600
2.6,0.1,1800,"sd","09:29:17",135600
2.6,0.1,100,"sd","09:28:10",133800
2.7,0.2,100,"bu","09:28:09",133700
2.7,0.2,300,"bu","09:26:36",133600
2.6,0.1,200,"sd","09:26:07",133300
2.7,0.2,2000,"bu","09:25:49",133100
2.7,0.2,1500,"bu","09:23:30",131100
2.7,0.2,100,"bu","09:21:52",129600
2.7,0.2,500,"bu","09:21:49",129500
2.7,0.2,1000,"bu","09:21:18",129000
2.7,0.2,2000,"bu","09:21:05",128000
2.7,0.2,10000,"bu","09:20:00",126000
2.7,0.2,3200,"bu","09:18:26",116000
2.7,0.2,100,"bu","09:17:06",112800
2.7,0.2,100,"bu","09:16:51",112700
2.7,0.2,20000,"bu","09:16:23",112600
2.7,0.2,5000,"bu","09:14:37",92600
2.6,0.1,2000,"sd","09:14:34",87600
2.7,0.2,6000,"bu","09:14:21",85600
2.6,0.1,4000,"sd","09:14:15",79600
2.6,0.1,12100,"sd","09:13:38",75600
2.6,0.1,500,"sd","09:12:22",63500
2.6,0.1,500,"sd","09:12:16",63000
2.6,0.1,500,"sd","09:11:34",62500
2.6,0.1,2500,"sd","09:10:44",62000
2.6,0.1,1000,"sd","09:10:37",59500
2.6,0.1,500,"sd","09:10:29",58500
2.6,0.1,13000,"sd","09:10:09",58000
2.7,0.2,100,"bu","09:08:03",45000
2.6,0.1,2500,"sd","09:07:34",44900
2.6,0.1,2500,"sd","09:05:55",42400
2.6,0.1,500,"sd","09:05:15",39900
2.6,0.1,1000,"sd","09:02:42",39400
2.6,0.1,2900,"sd","09:00:59",38400
2.6,0.1,5000,"bu","09:00:54",35500
2.6,0.1,30500,"bu","09:00:16",30500
7.8,0.4,500,"bu","11:14:48",643500
7.8,0.4,500,"bu","11:14:33",643000
7.8,0.4,100,"bu","11:14:31",642500
7.8,0.4,200,"bu","11:12:36",642400
7.8,0.4,1600,"bu","11:10:27",642200
7.8,0.4,200,"bu","11:10:15",640600
7.8,0.4,200,"bu","11:07:47",640400
7.8,0.4,800,"bu","11:07:00",640200
7.8,0.4,100,"bu","11:05:02",639400
7.8,0.4,200,"bu","11:04:40",639300
7.8,0.4,1000,"bu","11:04:16",639100
7.8,0.4,3000,"bu","11:04:08",638100
7.8,0.4,3000,"bu","11:02:08",635100
7.7,0.3,100,"sd","11:00:14",632100
7.7,0.3,1000,"sd","11:00:11",632000
7.7,0.3,5000,"sd","10:57:59",631000
7.8,0.4,1000,"bu","10:56:55",626000
7.8,0.4,1000,"bu","10:56:36",625000
7.8,0.4,2000,"bu","10:56:24",624000
7.8,0.4,500,"bu","10:55:10",622000
7.8,0.4,3000,"bu","10:55:05",621500
7.8,0.4,500,"bu","10:54:17",618500
7.8,0.4,5000,"bu","10:54:09",618000
7.8,0.4,100,"bu","10:53:28",613000
7.8,0.4,500,"bu","10:53:22",612900
7.8,0.4,1000,"bu","10:52:36",612400
7.8,0.4,3000,"bu","10:52:33",611400
7.8,0.4,400,"bu","10:51:52",608400
7.8,0.4,200,"bu","10:51:20",608000
7.8,0.4,1500,"bu","10:51:05",607800
7.8,0.4,400,"bu","10:49:59",606300
7.8,0.4,2700,"bu","10:49:53",605900
7.8,0.4,100,"bu","10:49:26",603200
7.8,0.4,1000,"bu","10:48:45",603100
7.7,0.3,1000,"sd","10:47:49",602100
7.7,0.3,4500,"sd","10:47:44",601100
7.7,0.3,300,"sd","10:46:38",596600
7.7,0.3,3000,"sd","10:46:21",596300
7.7,0.3,5000,"sd","10:45:17",593300
7.7,0.3,1000,"sd","10:45:14",588300
7.4,0.6,10000,"bu","09:03:24",21400
7.3,0.5,400,"sd","09:03:19",11400
7.3,0.5,100,"sd","09:02:26",11000
7.3,0.5,100,"sd","09:02:24",10900
7.3,0.5,1700,"bu","09:02:21",10800
7.3,0.5,5000,"bu","09:02:18",9100
7.2,0.4,100,"sd","09:02:14",4100
7.2,0.4,100,"sd","09:02:10",4000
7.2,0.4,800,"bu","09:02:04",3900
7.1,0.3,100,"sd","09:01:59",3100
7.1,0.3,200,"bu","09:01:51",3000
7.1,0.3,100,"bu","09:01:47",2800
7,0.2,300,"bu","09:01:08",2700
6.9,0.1,1400,"sd","09:00:07",2400
6.8,0,1000,"sd","09:00:05",1000
9,-0.1,1000,"sd","09:56:30",124500
9,-0.1,1500,"sd","09:56:19",123500
9,-0.1,1000,"sd","09:56:12",122000
9,-0.1,2000,"sd","09:56:05",121000
9,-0.1,100,"sd","09:55:41",119000
9,-0.1,1200,"sd","09:55:36",118900
9,-0.1,11000,"sd","09:54:10",117700
9,-0.1,200,"sd","09:53:43",106700
9.1,0,100,"bu","09:51:05",106500
9,-0.1,2000,"sd","09:50:41",106400
9,-0.1,700,"sd","09:50:25",104400
9,-0.1,500,"sd","09:50:23",103700
9,-0.1,600,"sd","09:49:39",103200
9.1,0,200,"bu","09:47:18",102600
9.1,0,3000,"bu","09:47:00",102400
9.1,0,300,"bu","09:46:05",99400
9,-0.1,300,"sd","09:45:58",99100
9,-0.1,200,"sd","09:45:57",98800
9.1,0,200,"bu","09:45:49",98600
9,-0.1,400,"sd","09:45:16",98400
9,-0.1,1800,"sd","09:44:30",98000
9,-0.1,4000,"sd","09:43:56",96200
9,-0.1,7000,"sd","09:42:53",92200
9,-0.1,2100,"sd","09:42:23",85200
9,-0.1,100,"sd","09:42:06",83100
9,-0.1,1000,"sd","09:41:45",83000
9,-0.1,700,"sd","09:41:43",82000
9,-0.1,100,"sd","09:41:33",81300
9,-0.1,5000,"sd","09:40:54",81200
9,-0.1,3000,"sd","09:40:53",76200
9.1,0,100,"bu","09:40:31",73200
9.1,0,800,"bu","09:39:45",73100
9,-0.1,100,"sd","09:39:42",72300
9,-0.1,1000,"sd","09:38:47",72200
9,-0.1,200,"sd","09:38:02",71200
9,-0.1,100,"sd","09:37:32",71000
9,-0.1,7000,"sd","09:37:31",70900
9,-0.1,500,"sd","09:36:39",63900
9,-0.1,300,"sd","09:35:43",63400
9.1,0,200,"bu","09:35:15",63100
9,-0.1,200,"sd","09:34:53",62900
9,-0.1,2500,"sd","09:34:02",62700
9,-0.1,100,"sd","09:33:47",60200
9,-0.1,200,"sd","09:32:50",60100
9,-0.1,500,"sd","09:32:05",59900
9,-0.1,500,"sd","09:31:33",59400
9,-0.1,1600,"sd","09:31:11",58900
9,-0.1,100,"sd","09:30:07",57300
9,-0.1,500,"sd","09:29:58",57200
9,-0.1,4000,"sd","09:29:53",56700
9,-0.1,100,"sd","09:29:22",52700
9,-0.1,100,"sd","09:28:53",52600
9,-0.1,400,"sd","09:27:33",52500
9,-0.1,200,"sd","09:26:26",52100
9,-0.1,200,"sd","09:26:03",51900
9,-0.1,100,"sd","09:25:49",51700
9,-0.1,100,"sd","09:24:35",51600
9,-0.1,100,"sd","09:24:01",51500
9,-0.1,1800,"sd","09:23:38",51400
9,-0.1,300,"sd","09:22:42",49600
9.1,0,100,"bu","09:22:05",49300
9.1,0,200,"bu","09:22:04",49200
9.1,0,5000,"bu","09:21:33",49000
9,-0.1,1500,"sd","09:21:17",44000
9,-0.1,2000,"sd","09:20:50",42500
9,-0.1,1300,"sd","09:19:37",40500
9,-0.1,20000,"sd","09:19:11",39200
9,-0.1,200,"sd","09:18:53",19200
9.1,0,4500,"bu","09:18:43",19000
9.1,0,800,"bu","09:17:14",14500
9.1,0,5900,"sd","09:16:49",13700
9.2,0.1,100,"bu","09:15:19",7800
9.2,0.1,900,"bu","09:14:31",7700
9.2,0.1,100,"bu","09:14:19",6800
9.2,0.1,1000,"bu","09:11:42",6700
9.2,0.1,2000,"bu","09:11:29",5700
9.2,0.1,100,"bu","09:10:58",3700
9.2,0.1,1100,"bu","09:09:28",3600
9.1,0,200,"sd","09:09:16",2500
9.1,0,100,"sd","09:07:48",2300
9.2,0.1,500,"sd","09:07:19",33000
9.2,0.1,600,"sd","09:07:16",32500
9.2,0.1,200,"sd","09:07:06",31900
9.2,0.1,10000,"sd","09:06:36",31700
9.2,0.1,3000,"sd","09:06:16",21700
9.2,0.1,100,"sd","09:05:35",18700
9.2,0.1,200,"sd","09:05:21",18600
9.2,0.1,1000,"sd","09:05:13",18400
9.2,0.1,100,"sd","09:04:41",17400
9.2,0.1,400,"sd","09:04:30",17300
9.2,0.1,200,"sd","09:03:33",16900
9.2,0.1,2000,"unknown","09:03:25",16700
9.2,0.1,200,"sd","09:03:08",14700
9.2,0.1,100,"bu","09:03:03",14500
9.2,0.1,100,"bu","09:02:53",14400
9.1,0,1200,"sd","09:02:50",14300
9.2,0.1,100,"bu","09:02:49",13100
9.2,0.1,1000,"bu","09:02:36",13000
9.2,0.1,1000,"bu","09:02:24",12000
9.2,0.1,500,"sd","09:01:56",11000
9.3,0.2,200,"bu","09:01:55",10500
9.3,0.2,3100,"sd","09:01:43",10300
9.3,0.2,1900,"sd","09:01:27",7200
9.2,0.1,2000,"sd","09:01:23",5300
9.3,0.2,1000,"bu","09:01:08",3300
9.3,0.2,1000,"bu","09:01:03",2300
9.2,0.1,1000,"bu","09:00:40",1300
9.2,0.1,300,"unknown","09:00:19",300
8.4,-0.4,600,"sd","09:47:13",988000
8.4,-0.4,400,"unknown","09:47:04",987400
8.4,-0.4,600,"sd","09:47:02",987000
8.5,-0.3,600,"bu","09:46:56",986400
8.4,-0.4,4000,"sd","09:46:55",985800
8.4,-0.4,3600,"sd","09:46:35",981800
8.4,-0.4,300,"sd","09:46:14",978200
8.4,-0.4,2000,"sd","09:46:12",977900
8.4,-0.4,1000,"sd","09:45:36",975900
8.3,-0.5,2500,"sd","09:45:09",974900
8.3,-0.5,100,"sd","09:44:56",972400
8.3,-0.5,300,"sd","09:44:50",972300
8.3,-0.5,3000,"sd","09:44:08",972000
8.3,-0.5,500,"sd","09:43:50",969000
8.3,-0.5,1300,"sd","09:43:44",968500
8.3,-0.5,29300,"sd","09:43:26",967200
8.5,-0.3,300,"bu","09:43:11",937900
8.5,-0.3,100,"bu","09:42:50",937600
8.4,-0.4,3000,"sd","09:42:49",937500
8.5,-0.3,1000,"sd","09:42:38",934500
8.5,-0.3,500,"sd","09:42:32",933500
8.5,-0.3,5000,"sd","09:42:24",933000
8.5,-0.3,2000,"sd","09:42:23",928000
8.5,-0.3,1000,"sd","09:42:15",926000
8.6,-0.2,2600,"bu","09:42:01",925000
8.6,-0.2,1000,"sd","09:41:59",922400
8.6,-0.2,7000,"sd","09:41:53",921400
8.6,-0.2,5000,"sd","09:41:47",914400
8.6,-0.2,1000,"sd","09:40:45",909400
8.6,-0.2,500,"sd","09:40:33",908400
8.6,-0.2,2500,"sd","09:40:23",907900
8.6,-0.2,1000,"sd","09:40:00",905400
8.7,-0.1,200,"bu","09:39:51",904400
8.7,-0.1,300,"bu","09:39:23",904200
8.7,-0.1,200,"bu","09:38:49",903900
8.7,-0.1,100,"bu","09:38:39",903700
8.7,-0.1,1000,"bu","09:38:04",903600
8.6,-0.2,5000,"sd","09:37:57",902600
8.7,-0.1,500,"bu","09:37:51",897600
8.7,-0.1,1000,"bu","09:37:40",897100
8.7,-0.1,100,"bu","09:37:16",896100
8.7,-0.1,2000,"bu","09:37:04",896000
8.7,-0.1,600,"sd","09:36:49",894000
8.7,-0.1,1400,"sd","09:36:41",893400
8.7,-0.1,5000,"sd","09:36:37",892000
8.7,-0.1,1000,"sd","09:36:27",887000
8.7,-0.1,500,"sd","09:36:15",886000
8.7,-0.1,400,"sd","09:35:55",885500
8.7,-0.1,500,"bu","09:35:35",885100
8.7,-0.1,1000,"sd","09:35:24",884600
8.7,-0.1,200,"sd","09:35:19",883600
8.7,-0.1,1500,"sd","09:35:10",883400
8.7,-0.1,1000,"sd","09:35:00",881900
8.7,-0.1,1000,"sd","09:34:57",880900
8.7,-0.1,500,"bu","09:34:12",879900
8.8,0,1000,"sd","09:33:38",879400
8.9,0.1,500,"bu","09:33:10",878400
8.9,0.1,300,"bu","09:33:00",877900
8.7,-0.1,4000,"sd","09:32:55",877600
8.9,0.1,100,"bu","09:32:53",873600
8.9,0.1,200,"bu","09:32:25",873500
8.5,-0.3,1000,"sd","09:32:23",873300
8.9,0.1,100,"bu","09:32:14",872300
8.5,-0.3,1500,"sd","09:32:12",872200
8.5,-0.3,2000,"sd","09:31:56",870700
8.5,-0.3,2000,"sd","09:31:55",868700
8.3,-0.5,2000,"sd","09:31:16",866700
8.9,0.1,100,"sd","09:31:13",864700
8.9,0.1,25700,"sd","09:31:10",864600
8.3,-0.5,3500,"bu","09:31:09",838900
8.3,-0.5,500,"bu","09:31:07",835400
8.3,-0.5,400,"bu","09:31:00",834900
8.3,-0.5,100,"bu","09:30:59",834500
8.2,-0.6,100,"bu","09:30:51",834400
8.2,-0.6,400,"bu","09:30:50",834300
8.2,-0.6,400,"bu","09:30:49",833900
8.2,-0.6,2000,"bu","09:30:46",833500
8.2,-0.6,100,"bu","09:30:43",831500
8.2,-0.6,900,"bu","09:30:42",831400
8.2,-0.6,1100,"bu","09:30:41",830500
8.2,-0.6,1000,"bu","09:30:40",829400
8.2,-0.6,500,"bu","09:30:39",828400
8.2,-0.6,1000,"bu","09:30:38",827900
8.2,-0.6,200,"bu","09:30:36",826900
8.2,-0.6,3800,"sd","09:30:31",826700
8.2,-0.6,1400,"bu","09:30:23",822900
8.2,-0.6,600,"bu","09:30:19",821500
8.2,-0.6,2000,"bu","09:30:18",820900
8.1,-0.7,500,"sd","09:30:02",818900
8.1,-0.7,3000,"sd","09:30:00",818400
8.1,-0.7,1500,"sd","09:29:56",815400
8.1,-0.7,1500,"sd","09:29:55",813900
8.1,-0.7,500,"sd","09:29:54",812400
8.1,-0.7,10300,"sd","09:29:48",811900
8.2,-0.6,500,"bu","09:29:47",801600
8.1,-0.7,1200,"sd","09:29:40",801100
8.1,-0.7,1500,"sd","09:29:39",799900
8.1,-0.7,4000,"sd","09:29:34",798400
8.1,-0.7,2000,"sd","09:29:30",794400
8.2,-0.6,100,"unknown","09:29:29",792400
8.1,-0.7,1000,"sd","09:29:27",792300
8.1,-0.7,1000,"sd","09:29:26",791300
8.1,-0.7,3000,"sd","09:29:19",790300
8.2,-0.6,700,"bu","09:29:18",787300
8.2,-0.6,1000,"bu","09:29:15",786600
8.1,-0.7,100,"sd","09:29:13",785600
8.1,-0.7,15000,"sd","09:29:12",785500
8.1,-0.7,2500,"sd","09:29:11",770500
8.1,-0.7,5000,"sd","09:29:08",768000
8.1,-0.7,500,"sd","09:29:06",763000
8.1,-0.7,2500,"sd","09:29:05",762500
8.1,-0.7,4000,"sd","09:29:04",760000
8.1,-0.7,1000,"sd","09:29:03",756000
8.1,-0.7,900,"sd","09:29:02",755000
8.1,-0.7,1000,"sd","09:28:58",754100
8.2,-0.6,500,"bu","09:28:57",753100
8.1,-0.7,1500,"sd","09:28:54",752600
8.1,-0.7,2000,"sd","09:28:53",751100
8.1,-0.7,12200,"sd","09:28:52",749100
8.1,-0.7,3000,"sd","09:28:51",736900
8.1,-0.7,800,"sd","09:28:49",733900
8.2,-0.6,10000,"bu","09:28:48",733100
8.2,-0.6,200,"bu","09:28:46",723100
8.3,-0.5,2000,"bu","09:28:43",722900
8.1,-0.7,3000,"sd","09:28:42",720900
8.2,-0.6,2600,"bu","09:28:40",717900
8.3,-0.5,1000,"bu","09:28:39",715300
8.2,-0.6,400,"sd","09:28:36",714300
8.2,-0.6,3600,"bu","09:28:35",713900
8.2,-0.6,5200,"sd","09:28:34",710300
8.3,-0.5,100,"bu","09:28:30",705100
8.3,-0.5,7100,"sd","09:28:23",705000
8.3,-0.5,1000,"sd","09:28:17",697900
8.4,-0.4,300,"bu","09:28:13",696900
8.4,-0.4,4700,"bu","09:28:11",696600
8.5,-0.3,1000,"bu","09:28:09",691900
8.5,-0.3,5000,"bu","09:28:08",690900
8.4,-0.4,3000,"sd","09:28:06",685900
8.5,-0.3,200,"bu","09:27:54",682900
8.5,-0.3,100,"sd","09:27:53",682700
8.5,-0.3,2000,"sd","09:27:52",682600
8.5,-0.3,7100,"sd","09:27:50",680600
8.6,-0.2,20700,"bu","09:27:49",673500
8.6,-0.2,100,"bu","09:27:42",652800
8.6,-0.2,1000,"sd","09:27:40",652700
8.6,-0.2,100,"sd","09:27:37",651700
8.6,-0.2,600,"sd","09:27:36",651600
8.6,-0.2,2000,"sd","09:27:34",651000
8.6,-0.2,700,"sd","09:27:23",649000
8.6,-0.2,200,"bu","09:27:22",648300
8.6,-0.2,4800,"bu","09:27:21",648100
8.6,-0.2,2500,"sd","09:27:16",643300
8.6,-0.2,1000,"sd","09:27:12",640800
8.6,-0.2,300,"sd","09:27:11",639800
8.6,-0.2,1000,"sd","09:27:09",639500
8.7,-0.1,500,"bu","09:27:07",638500
8.6,-0.2,1000,"sd","09:27:03",638000
8.6,-0.2,2000,"sd","09:26:54",637000
8.7,-0.1,100,"bu","09:26:52",635000
8.6,-0.2,4500,"sd","09:26:45",634900
8.7,-0.1,5200,"bu","09:26:36",630400
8.7,-0.1,1300,"sd","09:26:29",625200
8.8,0,1500,"sd","09:26:23",623900
8.8,0,600,"sd","09:26:20",622400
8.8,0,15000,"sd","09:26:18",621800
8.8,0,500,"sd","09:26:13",606800
8.8,0,4700,"sd","09:26:05",606300
8.9,0.1,100,"bu","09:25:53",601600
8.8,0,500,"sd","09:25:52",601500
8.8,0,100,"sd","09:25:48",601000
8.8,0,200,"sd","09:25:47",600900
8.8,0,1000,"sd","09:25:46",600700
8.8,0,200,"sd","09:25:44",599700
8.8,0,900,"sd","09:25:43",599500
8.8,0,4000,"sd","09:25:41",598600
8.8,0,1500,"sd","09:25:39",594600
8.8,0,1000,"sd","09:25:35",593100
8.8,0,300,"sd","09:25:33",592100
8.8,0,1000,"sd","09:25:21",591800
8.9,0.1,100,"bu","09:25:04",590800
