"price","change","match_qtty","side","time","total_vol"
15.25,-0.15,500,"","14:45:03",213000
15.2,-0.2,200,"bu","14:26:08",212500
15.2,-0.2,1000,"bu","14:25:07",212300
15.2,-0.2,2000,"bu","14:24:30",211300
15.2,-0.2,500,"bu","14:19:41",209300
15.15,-0.25,2700,"sd","14:18:55",208800
15.2,-0.2,300,"sd","14:17:44",206100
15.2,-0.2,1300,"sd","14:17:35",205800
15.25,-0.15,500,"sd","14:17:35",204500
15.25,-0.15,500,"sd","14:17:20",204000
15.2,-0.2,100,"sd","14:15:22",203500
15.3,-0.1,800,"bu","14:13:57",203400
15.2,-0.2,1000,"sd","14:04:39",202600
15.2,-0.2,300,"sd","14:01:11",201600
15.2,-0.2,100,"sd","13:44:24",201300
15.2,-0.2,300,"sd","13:39:59",201200
15.2,-0.2,400,"bu","13:24:46",200900
15.2,-0.2,500,"bu","13:21:04",200500
15.2,-0.2,100,"bu","13:19:46",200000
15.2,-0.2,6000,"bu","13:18:09",199900
15.2,-0.2,100,"bu","10:02:33",22700
15.2,-0.2,500,"sd","09:51:56",22600
15.2,-0.2,100,"sd","09:36:21",22100
15.1,-0.3,800,"sd","09:24:02",22000
15.15,-0.25,200,"sd","09:20:29",21200
15.15,-0.25,300,"bu","09:19:56",21000
15.15,-0.25,4700,"sd","09:19:34",20700
15.15,-0.25,16000,"","09:15:01",16000
15.4,-0.1,2400,"sd","10:43:06",43400
15.5,0,200,"bu","10:42:47",41000
15.5,0,500,"bu","10:40:26",40800
15.5,0,13400,"sd","10:40:14",40300
15.55,0.05,3600,"sd","10:39:14",26900
15.55,0.05,4500,"sd","10:30:03",23300
15.6,0.1,1000,"bu","10:29:57",18800
15.6,0.1,200,"bu","10:28:45",17800
15.6,0.1,100,"bu","10:16:06",17600
15.6,0.1,400,"sd","10:10:13",17500
15.6,0.1,4500,"sd","10:09:36",17100
15.6,0.1,100,"sd","10:08:24",12600
15.65,0.15,500,"bu","10:06:50",12500
15.65,0.15,1000,"bu","10:06:33",12000
15.65,0.15,1700,"bu","10:02:01",11000
15.65,0.15,1000,"bu","10:00:49",9300
15.6,0.1,100,"sd","09:55:14",8300
15.6,0.1,200,"bu","09:55:10",8200
15.6,0.1,700,"bu","09:54:55",8000
15.55,0.05,400,"bu","09:54:55",7300
15.55,0.05,200,"bu","09:54:48",6900
15.55,0.05,300,"bu","09:54:32",6700
15.55,0.05,2000,"bu","09:49:33",6400
15.55,0.05,100,"bu","09:46:41",4400
15.55,0.05,100,"bu","09:46:08",4300
15.5,0,200,"sd","09:43:46",4200
15.55,0.05,100,"bu","09:37:20",4000
15.55,0.05,1000,"bu","09:35:38",3900
15.55,0.05,100,"bu","09:32:58",2900
15.5,0,2000,"sd","09:27:03",2800
15.5,0,800,"sd","09:23:43",800
15.3,-0.05,2700,"bu","10:32:55",52500
15.2,-0.15,3000,"sd","10:22:08",49800
15.2,-0.15,2100,"bu","10:15:51",46800
15.15,-0.2,8600,"sd","10:15:50",44700
15.2,-0.15,29000,"bu","10:15:26",36100
15.2,-0.15,3900,"sd","10:15:07",7100
15.3,-0.05,1000,"sd","10:01:59",3200
15.3,-0.05,2000,"bu","09:53:28",2200
15.35,0,100,"bu","09:41:39",200
15.35,0,100,"","09:15:00",100
15.3,0.65,1000,"bu","09:47:31",192300
15.3,0.65,6000,"bu","09:46:43",186900
14.85,0.2,200,"bu","09:31:45",131400
15.25,0.6,700,"bu","09:46:41",180900
14.85,0.2,300,"sd","09:32:22",131700
15.3,0.65,4400,"bu","09:47:19",191300
15.25,0.6,400,"bu","09:46:29",180200
14.65,0,79900,"bu","09:20:38",123900
14.65,0,100,"sd","09:20:35",44000
14.85,0.2,200,"bu","09:32:57",131900
14.65,0,100,"sd","09:21:00",124000
15.65,1,3000,"bu","09:51:31",209100
15.65,1,1900,"bu","09:51:26",206100
15.55,0.9,1000,"sd","10:10:18",240200
15.55,0.9,300,"sd","10:11:04",240500
15,0.35,1000,"bu","09:39:44",144500
14.65,0,10000,"bu","09:17:34",23900
14.65,0,7800,"bu","09:17:33",13900
14.65,0,100,"bu","09:17:32",6100
15,0.35,5000,"bu","09:38:39",143000
14.65,0,19900,"bu","09:18:03",43900
15,0.35,2800,"bu","09:36:48",137400
14.95,0.3,500,"bu","09:36:48",134600
14.95,0.3,1000,"bu","09:35:52",134100
14.65,0,100,"sd","09:17:53",24000
15.2,0.55,300,"bu","09:45:33",179800
15.2,0.55,500,"bu","09:45:15",179500
15,0.35,400,"bu","09:40:08",145400
15,0.35,500,"bu","09:39:14",143500
15.2,0.55,1000,"bu","09:45:08",179000
15.2,0.55,1000,"bu","09:45:06",178000
15,0.35,500,"bu","09:37:15",138000
15,0.35,100,"bu","09:37:13",137500
15,0.35,500,"bu","09:39:46",145000
15.6,0.95,500,"sd","09:50:48",204000
15.6,0.95,1400,"bu","09:50:32",203500
15.6,0.95,500,"bu","09:50:29",202100
15.6,0.95,200,"bu","09:51:08",204200
15.5,0.85,1200,"bu","09:50:15",201600
15.5,0.85,1600,"bu","09:50:14",200400
15.2,0.55,200,"bu","09:44:56",177000
15.2,0.55,800,"bu","09:44:53",176800
15.2,0.55,5000,"bu","09:44:49",176000
15.15,0.5,300,"bu","09:44:10",169600
14.9,0.25,1200,"bu","09:33:22",133100
15.2,0.55,900,"bu","09:44:29",171000
15.2,0.55,500,"bu","09:44:22",170100
15.65,1,100,"bu","10:04:28",235500
15.65,1,2000,"bu","10:05:00",237500
15.35,0.7,300,"bu","09:48:54",194100
15.5,0.85,4200,"bu","09:48:54",198800
15.4,0.75,500,"bu","09:48:54",194600
15.65,1,4000,"bu","09:52:13",217100
15.65,1,1000,"sd","09:52:34",218100
15.3,0.65,200,"sd","09:48:18",193800
15.65,1,4000,"bu","09:52:08",213100
15.5,0.85,1000,"bu","11:06:38",257500
15.5,0.85,900,"sd","10:54:15",256500
14.65,-0.4,1000,"bu","09:47:21",202600
14.45,-0.6,900,"sd","09:45:40",201600
14.45,-0.6,6400,"bu","09:44:15",200700
14.45,-0.6,500,"bu","09:44:12",194300
14.45,-0.6,2100,"sd","09:43:25",193800
14.45,-0.6,18000,"bu","09:42:47",191700
14.4,-0.65,5600,"bu","09:42:42",173700
14.4,-0.65,5000,"bu","09:42:20",168100
14.4,-0.65,6100,"sd","09:41:40",163100
14.45,-0.6,2000,"sd","09:39:07",157000
14.45,-0.6,5000,"bu","09:38:52",155000
14.4,-0.65,900,"bu","09:38:42",150000
14.3,-0.75,1000,"sd","09:38:13",149100
14.35,-0.7,1000,"sd","09:38:13",148100
14.4,-0.65,1500,"bu","09:37:32",147100
14.4,-0.65,1000,"bu","09:36:56",145600
14.4,-0.65,6600,"sd","09:36:51",144600
14.4,-0.65,1200,"sd","09:36:49",138000
14.4,-0.65,8600,"sd","09:36:08",136800
14.45,-0.6,5000,"sd","09:35:41",128200
14.4,-0.65,1200,"sd","09:36:49",138000
14.45,-0.6,5000,"sd","09:35:41",128200
14.45,-0.6,2000,"sd","09:35:40",123200
14.4,-0.65,1000,"bu","09:36:56",145600
14.4,-0.65,8600,"sd","09:36:08",136800
14.7,-0.35,100,"bu","09:24:39",113200
14.65,-0.4,100,"bu","09:24:39",113100
14.5,-0.55,8800,"sd","09:18:41",63800
14.4,-0.65,600,"sd","09:31:58",121200
14.55,-0.5,9800,"sd","09:18:07",44800
14.5,-0.55,10200,"sd","09:18:07",55000
14.55,-0.5,14000,"sd","09:17:40",35000
14.6,-0.45,6000,"sd","09:17:40",21000
14.55,-0.5,15000,"","09:15:00",15000
14.3,-0.75,1000,"sd","09:38:13",149100
14.35,-0.7,1000,"sd","09:38:13",148100
14.45,-0.6,5000,"bu","09:38:52",155000
14.4,-0.65,900,"bu","09:38:42",150000
14.45,-0.6,2000,"sd","09:39:07",157000
14.5,-0.55,8800,"sd","09:18:41",63800
14.5,-0.55,10200,"sd","09:18:07",55000
14.55,-0.5,14000,"sd","09:17:40",35000
14.6,-0.45,6000,"sd","09:17:40",21000
14.55,-0.5,15000,"","09:15:00",15000
17,0.65,200,"sd","09:16:53",69900
17,0.65,300,"sd","09:16:52",69700
17.1,0.75,200,"sd","09:16:52",69400
17.1,0.75,300,"bu","09:16:50",69200
17.1,0.75,500,"bu","09:16:50",68900
17.1,0.75,1500,"bu","09:16:43",68400
17.1,0.75,9500,"bu","09:16:43",66900
17,0.65,1000,"bu","09:16:37",57400
17,0.65,500,"bu","09:16:37",56400
17,0.65,4500,"bu","09:16:35",55900
16.95,0.6,2000,"bu","09:16:24",51400
16.9,0.55,300,"bu","09:16:24",49400
17.2,0.85,49100,"bu","09:14:59",49100
16.35,1.05,2000,"sd","09:50:24",316900
16.35,1.05,5000,"sd","09:50:18",314900
16.35,1.05,400,"sd","09:50:11",309900
16.35,1.05,12000,"sd","09:50:10",309500
16.35,1.05,200,"sd","09:50:06",297500
16.35,1.05,5000,"bu","09:50:01",297300
16.35,1.05,200,"bu","09:50:01",292300
16.35,1.05,5000,"bu","09:50:01",292100
16.35,1.05,300,"bu","09:50:01",287100
16.35,1.05,200,"bu","09:49:59",286800
16.35,1.05,10000,"bu","09:49:47",286600
16.35,1.05,9500,"sd","09:49:43",276600
16.35,1.05,5000,"sd","09:49:42",267100
16.35,1.05,5000,"sd","09:49:39",262100
16.35,1.05,5000,"sd","09:49:34",257100
16.35,1.05,4000,"sd","09:49:31",252100
16.35,1.05,4600,"sd","09:49:31",248100
16.35,1.05,2000,"sd","09:49:31",243500
16.35,1.05,500,"sd","09:49:31",241500
16.35,1.05,500,"sd","09:49:31",241000
16.35,1.05,1400,"sd","09:49:31",240500
16.35,1.05,1000,"bu","09:49:31",239100
16.35,1.05,1800,"bu","09:49:31",238100
16.3,1,5000,"bu","09:49:31",236300
16.35,1.05,1000,"bu","09:49:31",231300
16.3,1,3000,"bu","09:49:31",230300
16.35,1.05,500,"bu","09:49:31",227300
16.3,1,2000,"bu","09:49:31",226800
16.35,1.05,500,"bu","09:49:31",224800
16.35,1.05,100,"bu","09:49:31",224300
16.3,1,500,"bu","09:49:31",224200
16.35,1.05,500,"bu","09:49:31",223700
16.3,1,100,"bu","09:49:31",223200
16.3,1,2500,"bu","09:49:31",223100
16.35,1.05,2100,"bu","09:49:31",220600
16.35,1.05,8000,"bu","09:49:31",218500
16.3,1,5000,"bu","09:49:30",210500
16.35,1.05,100,"bu","09:49:30",205500
16.35,1.05,1000,"bu","09:49:30",205400
16.35,1.05,5100,"bu","09:49:30",204400
16.3,1,3000,"bu","09:49:30",194500
16.3,1,2000,"bu","09:49:30",191500
16.3,1,500,"bu","09:49:30",189500
16.3,1,100,"bu","09:49:30",189000
16.3,1,1500,"bu","09:49:30",188900
16.3,1,100,"bu","09:49:30",187400
16.3,1,5000,"bu","09:49:30",187300
16.2,0.9,5000,"bu","09:49:30",182300
16.2,0.9,700,"bu","09:49:30",177300
16.2,0.9,500,"bu","09:49:26",176600
16.2,0.9,100,"bu","09:49:24",176100
16.2,0.9,700,"bu","09:49:20",176000
16.2,0.9,700,"bu","09:49:20",175300
16.2,0.9,2000,"bu","09:49:14",174600
16.2,0.9,400,"bu","09:49:12",172600
16.2,0.9,1900,"bu","09:48:52",172200
16.2,0.9,100,"bu","09:48:52",170300
16.2,0.9,1000,"bu","09:48:52",168200
16.2,0.9,2000,"bu","09:48:52",170200
16.15,0.85,200,"sd","09:48:36",167200
16.15,0.85,2000,"bu","09:48:35",167000
16.15,0.85,5000,"bu","09:48:35",165000
16.15,0.85,300,"bu","09:48:35",160000
16.1,0.8,600,"bu","09:48:35",159700
16.1,0.8,100,"bu","09:48:30",159100
16.1,0.8,300,"bu","09:48:11",159000
16.1,0.8,2000,"bu","09:48:11",158700
16.1,0.8,100,"bu","09:48:11",156700
16.1,0.8,100,"bu","09:48:11",156600
16.1,0.8,2000,"bu","09:48:11",156500
16.1,0.8,100,"bu","09:48:11",154500
16.1,0.8,400,"bu","09:48:11",154400
16.05,0.75,2000,"bu","09:46:48",154000
16.05,0.75,5000,"bu","09:46:48",152000
16,0.7,500,"sd","09:46:25",147000
16,0.7,1500,"bu","09:46:05",146500
16,0.7,500,"bu","09:45:47",145000
16,0.7,5000,"bu","09:45:47",144500
16,0.7,100,"bu","09:45:47",139500
16,0.7,1000,"bu","09:45:47",139400
16,0.7,1000,"bu","09:45:47",138400
16,0.7,2000,"bu","09:45:47",137400
16,0.7,400,"bu","09:45:47",135400
16,0.7,1600,"bu","09:45:34",135000
16,0.7,2400,"bu","09:45:34",133400
16,0.7,3000,"bu","09:45:34",131000
16,0.7,2000,"bu","09:45:34",128000
16,0.7,100,"bu","09:45:34",126000
16,0.7,200,"bu","09:45:34",125900
16,0.7,500,"bu","09:45:34",125700
16,0.7,100,"bu","09:45:34",125200
16,0.7,700,"bu","09:45:34",125100
16,0.7,4000,"bu","09:45:34",124400
16,0.7,100,"bu","09:45:34",120400
16,0.7,2000,"bu","09:45:34",120300
16,0.7,100,"bu","09:45:34",118300
16,0.7,100,"bu","09:45:34",118200
15.95,0.65,5000,"bu","09:45:34",118100
15.95,0.65,3000,"bu","09:45:34",113100
15.95,0.65,100,"bu","09:45:34",110100
15.95,0.65,900,"bu","09:45:12",110000
15.95,0.65,500,"bu","09:45:12",109100
15.95,0.65,600,"bu","09:44:38",108600
15.95,0.65,3900,"bu","09:44:13",108000
15.95,0.65,1000,"bu","09:44:13",104100
15.95,0.65,100,"bu","09:44:13",103100
15.9,0.6,3000,"bu","09:42:29",103000
15.9,0.6,100,"bu","09:42:29",100000
15.9,0.6,2200,"bu","09:42:29",99900
15.9,0.6,1300,"sd","09:41:51",97700
15.9,0.6,700,"sd","09:41:48",96400
15.9,0.6,200,"sd","09:41:48",95700
15.9,0.6,800,"sd","09:41:30",95500
15.9,0.6,700,"sd","09:41:30",94700
15.9,0.6,100,"bu","09:40:01",94000
15.9,0.6,500,"bu","09:40:01",93900
15.9,0.6,700,"bu","09:40:01",93400
15.9,0.6,300,"bu","09:39:48",92700
15.9,0.6,2000,"bu","09:39:20",92400
15.9,0.6,300,"bu","09:39:20",90400
15.9,0.6,700,"bu","09:39:20",90100
15.9,0.6,300,"bu","09:38:49",89400
15.9,0.6,200,"bu","09:38:49",89100
15.9,0.6,100,"bu","09:38:49",88900
15.9,0.6,100,"bu","09:37:10",88800
15.9,0.6,800,"bu","09:37:07",88700
15.9,0.6,200,"bu","09:37:07",87900
15.9,0.6,600,"bu","09:37:06",87700
15.9,0.6,200,"sd","09:36:54",87100
15.9,0.6,200,"sd","09:36:50",86900
15.9,0.6,100,"bu","09:36:21",86700
15.9,0.6,1000,"bu","09:36:21",86600
15.9,0.6,2000,"bu","09:36:21",85600
15.9,0.6,5000,"bu","09:36:21",83600
15.9,0.6,1500,"bu","09:36:21",78600
15.9,0.6,100,"bu","09:35:47",77100
15.9,0.6,400,"bu","09:35:27",77000
15.9,0.6,600,"bu","09:35:27",76600
15.9,0.6,900,"bu","09:34:54",76000
15.9,0.6,2000,"bu","09:34:49",75100
15.9,0.6,2500,"bu","09:34:49",73100
15.9,0.6,2000,"bu","09:34:49",70600
15.9,0.6,1800,"bu","09:34:49",68600
15.9,0.6,1100,"bu","09:34:49",66800
15.9,0.6,100,"bu","09:34:49",65700
15.9,0.6,1000,"bu","09:34:49",65600
15.9,0.6,1000,"bu","09:34:49",64600
15.9,0.6,1000,"bu","09:34:49",63600
15.9,0.6,1000,"bu","09:34:49",62600
15.9,0.6,500,"bu","09:34:49",61600
15.9,0.6,3000,"bu","09:34:49",61100
15.9,0.6,1200,"bu","09:34:49",58100
15.9,0.6,1500,"bu","09:34:49",56900
15.9,0.6,100,"bu","09:34:49",55400
15.9,0.6,100,"bu","09:34:49",55300
15.9,0.6,100,"bu","09:34:49",55200
15.85,0.55,1000,"bu","09:34:49",55100
15.8,0.5,200,"sd","09:34:29",54100
15.8,0.5,1000,"bu","09:34:06",53900
15.8,0.5,1000,"bu","09:34:06",52900
15.8,0.5,1000,"bu","09:34:06",51900
15.8,0.5,300,"bu","09:34:06",50900
15.8,0.5,300,"bu","09:34:06",50600
15.8,0.5,400,"bu","09:34:06",50300
15.7,0.4,2000,"bu","09:33:31",49900
15.7,0.4,100,"bu","09:33:31",47900
15.7,0.4,1200,"bu","09:33:31",47800
15.7,0.4,5000,"bu","09:33:31",46600
15.7,0.4,1000,"bu","09:33:31",41600
15.7,0.4,100,"bu","09:33:31",40600
15.6,0.3,1000,"bu","09:32:28",40500
15.6,0.3,1000,"bu","09:32:28",39500
15.6,0.3,400,"bu","09:32:28",38500
15.6,0.3,100,"sd","09:31:43",38100
15.6,0.3,900,"sd","09:31:40",38000
15.6,0.3,100,"sd","09:31:39",37100
15.6,0.3,100,"sd","09:31:35",37000
15.6,0.3,100,"bu","09:31:25",36900
15.6,0.3,700,"bu","09:31:25",36800
15.6,0.3,3000,"bu","09:31:17",36100
15.6,0.3,1300,"bu","09:31:13",33100
15.6,0.3,100,"bu","09:29:26",31800
15.6,0.3,500,"sd","09:28:49",31700
15.6,0.3,200,"sd","09:28:49",31200
15.6,0.3,200,"sd","09:28:49",31000
15.7,0.4,500,"bu","09:28:33",30800
15.6,0.3,500,"sd","09:28:30",30300
15.6,0.3,2500,"sd","09:28:30",29800
15.7,0.4,200,"sd","09:27:07",27300
15.7,0.4,200,"sd","09:27:07",27100
15.8,0.5,500,"bu","09:26:48",26900
15.8,0.5,100,"sd","09:26:26",26400
15.8,0.5,900,"sd","09:25:47",26300
15.8,0.5,500,"bu","09:24:40",25400
15.8,0.5,100,"bu","09:24:40",24900
15.8,0.5,100,"bu","09:24:40",24800
15.8,0.5,100,"bu","09:24:40",24700
15.7,0.4,100,"bu","09:24:40",24600
15.7,0.4,1100,"bu","09:24:40",24500
15.7,0.4,400,"sd","09:23:43",23400
15.7,0.4,100,"sd","09:23:41",23000
15.7,0.4,1500,"bu","09:23:20",22900
15.7,0.4,1000,"bu","09:23:07",21400
15.7,0.4,1000,"bu","09:22:29",20400
15.7,0.4,300,"bu","09:22:29",19400
15.7,0.4,1700,"bu","09:22:29",19100
15.7,0.4,300,"bu","09:22:14",17400
15.7,0.4,200,"bu","09:22:14",17100
15.7,0.4,500,"bu","09:22:14",16900
15.6,0.3,1000,"unknown","09:22:14",16400
15.6,0.3,1000,"unknown","09:22:14",15400
15.6,0.3,900,"bu","09:22:14",14400
15.55,0.25,100,"bu","09:22:14",12500
15.55,0.25,1000,"bu","09:22:14",13500
15.5,0.2,400,"bu","09:21:21",12400
15.5,0.2,400,"bu","09:21:17",12000
15.5,0.2,200,"bu","09:21:09",11600
15.5,0.2,200,"bu","09:21:09",11400
15.5,0.2,600,"bu","09:21:09",11200
15.5,0.2,400,"bu","09:21:01",10600
15.5,0.2,200,"bu","09:21:01",10200
15.5,0.2,5000,"bu","09:20:51",10000
15.5,0.2,300,"bu","09:20:45",5000
15.5,0.2,100,"bu","09:17:53",4700
15.5,0.2,100,"bu","09:17:53",4600
15.5,0.2,400,"bu","09:16:31",4500
15.5,0.2,4100,"unknown","09:15:01",4100
27,-0.4,500,"sd","09:37:08",124400
27,-0.4,200,"sd","09:37:08",123900
27,-0.4,200,"sd","09:37:08",123700
27,-0.4,100,"sd","09:37:08",123500
27,-0.4,200,"sd","09:37:08",123400
27,-0.4,5000,"sd","09:37:08",123200
27,-0.4,600,"sd","09:37:08",118200
27,-0.4,400,"sd","09:37:08",117600
27.05,-0.35,500,"sd","09:37:08",117200
27,-0.4,300,"sd","09:36:36",116700
27,-0.4,100,"sd","09:36:26",116400
27.05,-0.35,100,"sd","09:36:26",116300
27,-0.4,200,"sd","09:36:26",116200
27,-0.4,100,"sd","09:36:26",116000
27,-0.4,500,"sd","09:36:26",115900
27,-0.4,100,"sd","09:36:26",115400
27.05,-0.35,100,"sd","09:36:26",115300
27.05,-0.35,400,"bu","09:36:23",115200
27.05,-0.35,500,"sd","09:36:21",114800
27.05,-0.35,100,"sd","09:36:21",114300
27.05,-0.35,300,"sd","09:36:07",114200
27.05,-0.35,500,"sd","09:36:07",113900
27.05,-0.35,1000,"sd","09:36:07",113400
27.05,-0.35,5000,"sd","09:36:07",112400
27.05,-0.35,5000,"sd","09:36:07",107400
27.05,-0.35,100,"sd","09:36:07",102400
27.05,-0.35,100,"sd","09:36:07",102300
27.05,-0.35,2000,"sd","09:36:07",102200
27.05,-0.35,1000,"sd","09:36:07",100200
27.1,-0.3,200,"bu","09:36:02",99200
27.1,-0.3,400,"bu","09:35:40",99000
27.1,-0.3,100,"bu","09:35:24",98600
27.1,-0.3,500,"bu","09:35:21",98500
27.1,-0.3,3000,"bu","09:35:20",98000
27.1,-0.3,100,"bu","09:35:16",95000
27.1,-0.3,1000,"bu","09:35:00",94900
27.1,-0.3,100,"bu","09:34:47",93900
27.1,-0.3,100,"bu","09:34:46",93800
27.1,-0.3,2300,"bu","09:34:45",93700
27.1,-0.3,300,"bu","09:33:48",91400
27.1,-0.3,200,"sd","09:33:47",91100
27.1,-0.3,300,"sd","09:33:47",90900
27.15,-0.25,100,"bu","09:33:32",90600
27.15,-0.25,1000,"bu","09:33:24",90500
27.15,-0.25,200,"bu","09:33:24",89500
27.1,-0.3,1000,"sd","09:33:12",89300
27.1,-0.3,700,"sd","09:33:11",88300
27.1,-0.3,300,"sd","09:33:11",87600
27.1,-0.3,1000,"sd","09:33:11",87300
27.1,-0.3,400,"sd","09:33:05",86300
27.1,-0.3,2600,"sd","09:33:02",85900
27.1,-0.3,1000,"sd","09:33:02",83300
27.1,-0.3,200,"sd","09:33:02",82300
27.1,-0.3,500,"sd","09:33:02",82100
27.1,-0.3,400,"sd","09:33:02",81600
27.1,-0.3,500,"sd","09:33:02",81200
27.1,-0.3,100,"sd","09:33:02",80700
27.1,-0.3,700,"sd","09:33:02",80600
27.1,-0.3,100,"sd","09:33:02",79900
27.1,-0.3,100,"sd","09:33:02",79800
28.5,0.1,500,"bu","10:09:50",183500
28.5,0.1,200,"bu","10:09:38",183000
28.5,0.1,200,"bu","10:09:37",182800
28.5,0.1,1000,"bu","10:08:48",182600
28.45,0.05,4400,"sd","10:08:47",181600
28.45,0.05,600,"sd","10:08:47",177200
28.5,0.1,100,"bu","10:08:22",176600
28.5,0.1,200,"sd","10:08:21",176500
28.5,0.1,1000,"sd","10:08:21",176300
28.5,0.1,100,"sd","10:08:21",175300
28.5,0.1,200,"sd","10:08:21",175200
28.5,0.1,1000,"sd","10:08:21",175000
28.5,0.1,500,"sd","10:08:21",174000
28.5,0.1,100,"sd","10:08:21",173500
28.5,0.1,1000,"sd","10:08:21",173400
28.55,0.15,700,"bu","10:08:10",172400
28.55,0.15,2000,"sd","10:07:42",171700
28.55,0.15,200,"sd","10:07:42",169700
28.55,0.15,400,"sd","10:07:42",169500
28.55,0.15,200,"sd","10:06:02",169100
28.55,0.15,100,"sd","10:05:47",168900
28.55,0.15,300,"sd","10:04:52",168800
28.6,0.2,200,"sd","10:04:51",168500
28.6,0.2,500,"sd","10:04:49",168300
28.6,0.2,300,"sd","10:04:49",167800
28.6,0.2,200,"sd","10:04:23",167500
28.6,0.2,100,"sd","10:04:20",167300
28.65,0.25,500,"sd","10:04:03",167200
28.65,0.25,300,"sd","10:04:03",166700
28.65,0.25,100,"sd","10:04:03",166400
28.65,0.25,100,"sd","10:04:03",166300
28.65,0.25,100,"sd","10:04:03",166200
28.65,0.25,200,"sd","10:04:03",166100
28.7,0.3,200,"bu","10:03:54",165900
28.65,0.25,100,"sd","10:03:44",165700
28.65,0.25,100,"sd","10:03:28",165600
28.65,0.25,200,"sd","10:03:28",165500
28.65,0.25,100,"sd","10:03:10",165300
28.65,0.25,200,"sd","10:03:10",165200
28.65,0.25,500,"sd","10:03:10",165000
28.65,0.25,200,"sd","10:03:09",164500
28.65,0.25,2200,"sd","10:02:55",164300
28.65,0.25,100,"sd","10:02:55",162100
28.65,0.25,700,"sd","10:02:55",162000
28.65,0.25,500,"sd","10:02:10",161300
28.65,0.25,100,"sd","10:02:02",160800
28.7,0.3,100,"bu","10:02:00",160700
28.7,0.3,100,"bu","10:01:47",160600
28.7,0.3,200,"bu","10:01:35",160500
28.65,0.25,100,"sd","10:01:29",160300
28.65,0.25,3000,"sd","10:01:22",160200
28.65,0.25,600,"sd","10:01:21",157200
28.7,0.3,200,"bu","10:00:45",156600
28.7,0.3,500,"sd","10:00:32",156400
28.7,0.3,200,"sd","10:00:32",155900
28.7,0.3,100,"sd","10:00:32",155700
28.7,0.3,300,"sd","10:00:32",155600
28.7,0.3,900,"sd","10:00:32",155300
28.8,0.4,3000,"bu","10:00:29",154400
28.8,0.4,1000,"bu","09:59:53",151400
28.8,0.4,200,"bu","09:58:54",150400
28.8,0.4,2800,"bu","09:58:36",150200
28.8,0.4,3000,"bu","09:58:36",147400
28.8,0.4,2300,"bu","09:58:36",144400
28.8,0.4,100,"bu","09:58:35",142100
28.7,0.3,100,"sd","09:58:08",142000
28.8,0.4,100,"bu","09:57:08",141900
28.8,0.4,500,"bu","09:56:48",141800
28.8,0.4,1700,"bu","09:56:44",141300
28.8,0.4,300,"bu","09:56:19",139600
28.8,0.4,100,"bu","09:56:19",139300
28.8,0.4,100,"bu","09:56:19",139200
28.8,0.4,300,"bu","09:56:19",139100
28.8,0.4,1000,"bu","09:56:12",138800
28.8,0.4,300,"bu","09:55:52",137800
28.8,0.4,3300,"bu","09:55:20",137500
28.8,0.4,4000,"bu","09:55:20",134200
28.6,0.2,600,"bu","09:55:20",130200
28.6,0.2,100,"bu","09:55:20",129600
28.6,0.2,2000,"bu","09:55:20",129500
28.5,0.1,500,"bu","09:54:53",127500
28.5,0.1,500,"bu","09:54:53",127000
28.5,0.1,500,"bu","09:54:53",126500
28.5,0.1,100,"bu","09:54:53",126000
28.5,0.1,400,"bu","09:54:53",125900
28.5,0.1,500,"bu","09:54:49",125500
28.5,0.1,300,"bu","09:54:22",125000
28.5,0.1,200,"bu","09:54:22",124700
28.5,0.1,500,"bu","09:54:22",124500
28.45,0.05,100,"bu","09:53:38",124000
28.45,0.05,100,"bu","09:53:38",123900
28.4,0,1000,"bu","09:50:48",123800
28.4,0,100,"bu","09:50:48",122800
28.4,0,400,"bu","09:50:48",122700
28.4,0,900,"bu","09:50:48",122300
28.4,0,1000,"bu","09:50:48",121400
28.35,-0.05,700,"sd","09:50:46",120400
28.4,0,9000,"bu","09:50:29",119700
28.4,0,200,"bu","09:50:29",110700
28.4,0,300,"bu","09:50:29",110500
28.4,0,500,"bu","09:50:29",110200
28.4,0,1500,"bu","09:50:11",109700
28.4,0,500,"bu","09:50:11",108200
28.4,0,1000,"bu","09:50:11",107700
28.4,0,500,"bu","09:50:11",106700
28.4,0,200,"bu","09:49:45",106200
28.4,0,200,"bu","09:49:04",106000
28.4,0,100,"bu","09:48:06",105800
28.4,0,2000,"bu","09:48:05",105700
28.35,-0.05,500,"bu","09:47:44",103700
28.35,-0.05,800,"bu","09:46:45",103200
28.35,-0.05,200,"bu","09:46:32",102400
28.35,-0.05,100,"bu","09:46:31",102200
28.35,-0.05,400,"bu","09:46:31",102100
28.35,-0.05,500,"bu","09:46:31",101700
28.35,-0.05,500,"bu","09:46:27",101200
28.3,-0.1,100,"sd","09:45:54",100700
28.3,-0.1,800,"bu","09:45:16",100600
28.3,-0.1,200,"bu","09:45:05",99800
28.3,-0.1,100,"bu","09:45:05",99600
28.3,-0.1,100,"bu","09:44:28",99500
28.3,-0.1,500,"bu","09:44:28",99400
28.3,-0.1,100,"bu","09:44:28",98900
28.3,-0.1,1300,"bu","09:44:28",98800
28.3,-0.1,100,"bu","09:43:56",97500
28.2,-0.2,500,"sd","09:42:53",97400
28.2,-0.2,1000,"bu","09:42:12",96900
28.2,-0.2,100,"bu","09:42:12",95900
28.2,-0.2,300,"bu","09:42:12",95800
28.2,-0.2,900,"bu","09:42:11",95500
28.2,-0.2,100,"bu","09:42:11",94600
28.2,-0.2,300,"bu","09:41:46",94500
28.2,-0.2,400,"bu","09:41:46",94200
28.2,-0.2,1000,"bu","09:41:46",93800
28.15,-0.25,800,"sd","09:41:40",92800
28.15,-0.25,100,"sd","09:41:09",92000
28.2,-0.2,200,"bu","09:40:38",91900
28.2,-0.2,800,"bu","09:40:38",91700
28.2,-0.2,1000,"bu","09:40:36",90900
28.15,-0.25,900,"sd","09:40:26",89900
28.15,-0.25,100,"sd","09:40:26",89000
28.2,-0.2,200,"bu","09:39:51",88900
28.2,-0.2,100,"bu","09:39:45",88700
28.2,-0.2,100,"bu","09:39:42",88600
28.2,-0.2,500,"bu","09:38:49",88500
28.2,-0.2,200,"bu","09:38:49",88000
28.2,-0.2,200,"bu","09:38:49",87800
28.2,-0.2,100,"bu","09:38:49",87600
28.2,-0.2,200,"bu","09:38:49",87500
28.2,-0.2,900,"bu","09:38:49",87300
28.2,-0.2,500,"bu","09:38:49",86400
28.2,-0.2,100,"sd","09:38:49",85900
28.2,-0.2,100,"sd","09:38:49",85800
28.2,-0.2,100,"sd","09:38:35",85700
28.2,-0.2,1400,"sd","09:37:53",85600
28.2,-0.2,500,"sd","09:37:20",84200
28.2,-0.2,300,"sd","09:37:20",83700
28.2,-0.2,200,"sd","09:36:43",83400
28.2,-0.2,4500,"bu","09:36:43",83200
28.2,-0.2,500,"bu","09:36:31",78700
28.2,-0.2,500,"bu","09:36:31",78200
28.15,-0.25,200,"bu","09:35:33",77700
28.15,-0.25,100,"bu","09:35:33",77500
28.15,-0.25,100,"bu","09:35:33",77400
28.15,-0.25,100,"bu","09:35:32",77300
28.15,-0.25,3000,"bu","09:35:20",77200
28.15,-0.25,500,"bu","09:35:20",74200
28.1,-0.3,100,"sd","09:35:18",73700
28.1,-0.3,1000,"sd","09:35:18",73600
28.1,-0.3,2000,"sd","09:35:18",72600
28.1,-0.3,100,"sd","09:35:18",70600
28.1,-0.3,100,"sd","09:35:18",70500
28.1,-0.3,100,"sd","09:35:18",70400
28.15,-0.25,200,"bu","09:35:11",70300
28.15,-0.25,100,"bu","09:34:31",70100
28.15,-0.25,300,"bu","09:34:31",70000
28.15,-0.25,600,"bu","09:34:31",69700
28.1,-0.3,100,"sd","09:34:18",69100
28.1,-0.3,100,"sd","09:34:18",69000
28.1,-0.3,100,"sd","09:34:18",68900
28.1,-0.3,100,"sd","09:34:18",68800
28.1,-0.3,100,"sd","09:34:18",68700
28.1,-0.3,1000,"sd","09:34:18",68600
28.1,-0.3,200,"sd","09:34:18",67600
28.1,-0.3,200,"sd","09:34:18",67400
28.1,-0.3,200,"sd","09:34:18",67200
28.1,-0.3,100,"sd","09:34:18",67000
28.1,-0.3,800,"sd","09:34:18",66900
28.15,-0.25,100,"bu","09:33:59",66100
28.1,-0.3,1000,"sd","09:33:31",66000
28.1,-0.3,1000,"sd","09:33:21",65000
28.1,-0.3,200,"sd","09:33:06",64000
28.1,-0.3,400,"sd","09:33:06",63800
28.15,-0.25,500,"bu","09:32:59",63400
28.1,-0.3,300,"sd","09:32:48",62900
28.15,-0.25,500,"bu","09:32:45",62600
28.15,-0.25,500,"bu","09:32:36",62100
28.15,-0.25,800,"bu","09:32:33",61600
28.15,-0.25,100,"bu","09:31:58",60800
28.15,-0.25,1900,"sd","09:31:12",60700
28.15,-0.25,100,"bu","09:31:05",58800
28.15,-0.25,100,"bu","09:31:01",58700
28.15,-0.25,900,"bu","09:31:01",58600
28.15,-0.25,100,"bu","09:30:30",57700
28.15,-0.25,100,"sd","09:30:29",57600
28.15,-0.25,100,"sd","09:30:29",57500
28.15,-0.25,2000,"sd","09:30:29",57400
28.15,-0.25,300,"sd","09:30:29",55400
28.15,-0.25,500,"sd","09:30:29",55100
28.15,-0.25,1300,"sd","09:30:29",54600
28.15,-0.25,200,"sd","09:30:29",53300
28.15,-0.25,500,"sd","09:30:29",53100
28.15,-0.25,300,"sd","09:29:55",52600
28.15,-0.25,400,"sd","09:29:08",52300
28.2,-0.2,200,"bu","09:28:54",51900
28.2,-0.2,100,"bu","09:28:54",51700
28.2,-0.2,500,"bu","09:27:55",51600
28.15,-0.25,800,"sd","09:27:30",51100
28.15,-0.25,200,"sd","09:27:30",50300
28.15,-0.25,300,"sd","09:27:30",50100
