"price","change","match_qtty","side","time","total_vol"
85,-1.2,23400,"","14:45:07",1051400
85.2,-1,8300,"bu","14:29:43",1028000
85.1,-1.1,1700,"bu","14:29:43",1019700
85,-1.2,100,"bu","14:29:30",1018000
85,-1.2,4900,"sd","14:29:03",1017900
85.1,-1.1,3000,"bu","14:28:54",1013000
85.1,-1.1,3000,"bu","14:28:48",1010000
85,-1.2,500,"bu","14:28:38",1007000
85,-1.2,4800,"bu","14:28:34",1006500
84.9,-1.3,200,"bu","14:28:34",1001700
84.9,-1.3,100,"sd","14:27:39",1001500
84.9,-1.3,100,"bu","14:27:08",1001400
84.9,-1.3,3100,"sd","14:26:59",1001300
84.9,-1.3,600,"bu","14:26:54",998200
84.9,-1.3,100,"bu","14:25:59",997600
85,-1.2,100,"bu","14:25:36",997500
85,-1.2,100,"sd","14:25:10",997400
85.2,-1,600,"bu","14:23:41",997300
85.2,-1,5700,"bu","14:23:39",996700
85.2,-1,2900,"bu","14:23:37",991000
84.9,-1.3,500,"bu","11:15:03",663700
84.9,-1.3,5000,"bu","11:14:52",663200
84.9,-1.3,100,"bu","11:14:24",658200
84.9,-1.3,100,"bu","11:14:22",658100
84.9,-1.3,500,"bu","11:14:11",658000
84.9,-1.3,500,"bu","11:13:23",657500
84.9,-1.3,1000,"bu","11:12:42",657000
84.9,-1.3,300,"bu","11:12:17",656000
84.9,-1.3,1000,"bu","11:12:09",655700
84.9,-1.3,600,"bu","11:11:13",654700
84.9,-1.3,100,"bu","11:10:54",654100
84.9,-1.3,500,"bu","11:09:45",654000
84.9,-1.3,200,"bu","11:08:33",653500
84.9,-1.3,500,"bu","11:07:53",653300
84.9,-1.3,100,"bu","11:07:24",652800
84.9,-1.3,3000,"bu","11:05:44",652700
84.9,-1.3,2000,"bu","11:05:07",649700
84.9,-1.3,100,"bu","11:03:54",647700
84.9,-1.3,500,"bu","11:02:18",647600
84.9,-1.3,100,"bu","11:00:24",647100
84.9,-1.3,400,"bu","10:59:46",647000
84.9,-1.3,1000,"bu","10:59:35",646600
84.9,-1.3,500,"bu","10:59:30",645600
84.9,-1.3,400,"sd","10:59:12",645100
84.9,-1.3,2900,"sd","10:59:08",644700
84.9,-1.3,3000,"sd","10:58:27",641800
85,-1.2,1300,"bu","10:58:25",638800
85,-1.2,1000,"bu","10:57:48",637500
85,-1.2,100,"bu","10:57:08",636500
85,-1.2,100,"bu","10:56:54",636400
85,-1.2,500,"bu","10:55:17",636300
85,-1.2,100,"bu","10:55:16",635800
85,-1.2,100,"bu","10:55:11",635700
85,-1.2,3000,"bu","10:53:41",635600
85,-1.2,100,"bu","10:53:40",632600
85,-1.2,100,"bu","10:53:23",632500
85,-1.2,1000,"bu","10:53:18",632400
85,-1.2,1000,"bu","10:53:16",631400
85,-1.2,2000,"bu","10:52:05",630400
85,-1.2,500,"bu","10:51:19",628400
85,-1.2,1000,"bu","10:50:59",627900
85,-1.2,1000,"bu","10:50:57",626900
85,-1.2,1000,"bu","10:50:55",625900
85,-1.2,200,"bu","10:50:39",624900
85,-1.2,100,"bu","10:49:53",624700
85,-1.2,1000,"bu","10:49:45",624600
85,-1.2,500,"bu","10:48:04",623600
85,-1.2,1000,"bu","10:46:56",623100
85,-1.2,1000,"bu","10:46:37",622100
85,-1.2,100,"bu","10:46:22",621100
84.8,-1.4,100,"bu","10:43:44",621000
84.8,-1.4,2000,"bu","10:43:39",620900
84.8,-1.4,1000,"bu","10:43:36",618900
84.8,-1.4,5000,"bu","10:43:28",617900
84.8,-1.4,2000,"bu","10:43:26",612900
84.8,-1.4,500,"bu","10:43:24",610900
84.8,-1.4,100,"bu","10:42:53",610400
84.8,-1.4,2500,"bu","10:42:43",610300
84.8,-1.4,100,"bu","10:42:03",607800
84.7,-1.5,2900,"sd","10:40:59",607700
84.8,-1.4,100,"bu","10:40:57",604800
84.7,-1.5,2900,"sd","10:40:53",604700
84.7,-1.5,2900,"sd","10:40:07",601800
84.7,-1.5,6100,"sd","10:40:04",598900
84.8,-1.4,200,"bu","10:40:02",592800
84.8,-1.4,100,"bu","10:39:56",592600
84.8,-1.4,100,"bu","10:39:25",592500
84.8,-1.4,100,"bu","10:39:23",592400
84.8,-1.4,500,"bu","10:39:15",592300
84.8,-1.4,100,"bu","10:39:12",591800
84.8,-1.4,300,"bu","10:38:56",591700
84.8,-1.4,100,"bu","10:38:28",591400
84.8,-1.4,1000,"bu","10:37:40",591300
84.8,-1.4,1200,"bu","10:37:40",590300
84.8,-1.4,10000,"bu","10:37:35",589100
84.8,-1.4,100,"bu","10:36:21",579100
84.8,-1.4,100,"bu","10:35:52",579000
84.8,-1.4,300,"bu","10:35:23",578900
84.8,-1.4,500,"bu","10:35:17",578600
84.8,-1.4,3000,"bu","10:35:16",578100
84.7,-1.5,2900,"sd","10:34:37",575100
84.7,-1.5,2900,"sd","10:33:04",572200
84.7,-1.5,100,"sd","10:32:54",569300
84.8,-1.4,100,"bu","10:32:22",569200
84.7,-1.5,1000,"sd","10:32:11",569100
84.8,-1.4,500,"bu","10:32:11",568100
84.8,-1.4,200,"bu","10:31:48",567600
84.8,-1.4,200,"bu","10:31:43",567400
84.8,-1.4,500,"bu","10:31:32",567200
84.8,-1.4,2200,"sd","10:31:31",566700
84.8,-1.4,200,"sd","10:31:24",564500
84.8,-1.4,200,"sd","10:29:47",564300
84.8,-1.4,500,"sd","10:29:46",564100
85,-1.2,100,"bu","10:29:24",563600
85,-1.2,100,"bu","10:28:52",563500
85,-1.2,500,"bu","10:28:34",563400
85,-1.2,100,"bu","10:26:21",562900
85,-1.2,100,"bu","10:25:22",562800
84.6,-1.6,19600,"sd","10:22:16",562700
85,-1.2,400,"sd","10:22:16",543100
85,-1.2,100,"bu","10:22:05",542700
85,-1.2,1100,"bu","10:21:55",542600
84.7,-1.5,400,"bu","10:21:55",541500
84.7,-1.5,12100,"sd","10:21:54",541100
84.8,-1.4,9600,"sd","10:21:54",529000
85,-1.2,100,"bu","10:21:51",519400
85,-1.2,10000,"bu","10:21:35",519300
84.8,-1.4,10000,"sd","10:21:21",509300
84.8,-1.4,2400,"sd","10:20:48",499300
84.9,-1.3,200,"sd","10:20:48",496900
84.9,-1.3,1000,"sd","10:20:19",496700
84.9,-1.3,2000,"sd","10:19:48",495700
85,-1.2,100,"bu","10:18:22",493700
85,-1.2,900,"sd","10:18:03",493600
85.1,-1.1,800,"sd","10:17:42",492700
85.1,-1.1,500,"sd","10:17:25",491900
85.2,-1,100,"bu","10:14:51",491400
84.9,-1.3,1100,"sd","10:14:37",491300
85,-1.2,2600,"sd","10:14:37",490200
85.2,-1,10000,"bu","10:14:19",487600
85,-1.2,2900,"sd","10:14:13",477600
85,-1.2,2900,"sd","10:14:06",474700
85,-1.2,2800,"sd","10:13:59",471800
85.2,-1,100,"bu","10:13:56",469000
85,-1.2,2900,"sd","10:13:53",468900
85,-1.2,2800,"sd","10:13:46",466000
85,-1.2,2900,"sd","10:13:45",463200
85,-1.2,1900,"sd","10:13:39",460300
85.1,-1.1,1000,"sd","10:13:39",458400
85,-1.2,2700,"sd","10:13:03",457400
85.1,-1.1,100,"sd","10:13:03",454700
85.2,-1,100,"bu","10:12:45",454600
85.1,-1.1,900,"bu","10:12:16",454500
85.1,-1.1,100,"bu","10:12:00",453600
84.9,-1.3,7600,"bu","10:11:36",453500
84.9,-1.3,100,"bu","10:11:35",445900
84.9,-1.3,100,"bu","10:11:35",445800
84.9,-1.3,100,"bu","10:11:21",445700
84.9,-1.3,100,"bu","10:10:26",445600
84.9,-1.3,700,"sd","10:10:19",445500
84.9,-1.3,2800,"sd","10:10:07",444800
85,-1.2,100,"sd","10:10:07",442000
84.9,-1.3,2900,"sd","10:09:59",441900
84.9,-1.3,2900,"sd","10:09:52",439000
84.9,-1.3,2900,"sd","10:09:44",436100
84.9,-1.3,2600,"sd","10:09:43",433200
85,-1.2,200,"sd","10:09:43",430600
85,-1.2,2800,"sd","10:09:30",430400
85.1,-1.1,10000,"bu","10:09:19",427600
85,-1.2,2900,"sd","10:09:01",417600
85,-1.2,2900,"sd","10:08:54",414700
85,-1.2,2900,"sd","10:08:49",411800
85,-1.2,2900,"sd","10:08:40",408900
85,-1.2,2900,"sd","10:08:26",406000
85,-1.2,2900,"sd","10:08:15",403100
85,-1.2,2800,"sd","10:08:03",400200
85.1,-1.1,100,"bu","10:07:51",397400
85,-1.2,1000,"sd","10:07:23",397300
84.9,-1.3,1700,"sd","10:07:12",396300
85,-1.2,1100,"sd","10:07:12",394600
85,-1.2,100,"bu","09:26:05",97000
84.9,-1.3,500,"sd","09:26:01",96900
84.9,-1.3,1000,"sd","09:26:00",96400
84.9,-1.3,300,"sd","09:25:22",95400
84.9,-1.3,1000,"sd","09:25:13",95100
85,-1.2,100,"bu","09:24:48",94100
85,-1.2,100,"bu","09:24:35",94000
85,-1.2,100,"bu","09:24:21",93900
85,-1.2,1000,"bu","09:24:02",93800
85,-1.2,2400,"sd","09:24:00",92800
85,-1.2,600,"sd","09:23:54",90400
85,-1.2,200,"sd","09:23:31",89800
85,-1.2,3800,"sd","09:23:19",89600
85,-1.2,100,"sd","09:23:17",85800
85,-1.2,3000,"sd","09:23:14",84700
85,-1.2,500,"sd","09:23:11",81700
85,-1.2,200,"sd","09:23:01",81200
85.1,-1.1,15500,"sd","09:22:34",81000
85.2,-1,3200,"sd","09:22:27",65500
85.2,-1,5600,"sd","09:22:18",62300
85.2,-1,100,"sd","09:22:17",56700
85.2,-1,5000,"sd","09:22:13",56600
85.3,-0.9,7300,"sd","09:21:51",51600
85.3,-0.9,3000,"sd","09:21:46",44300
85.4,-0.8,8000,"sd","09:21:38",41300
85.4,-0.8,500,"sd","09:21:30",33300
85.4,-0.8,100,"sd","09:21:10",32800
85.5,-0.7,6200,"sd","09:20:56",32700
85.5,-0.7,500,"sd","09:20:55",26500
85.5,-0.7,1000,"sd","09:20:46",26000
85.6,-0.6,6000,"sd","09:20:30",25000
85.6,-0.6,100,"sd","09:20:16",19000
85.6,-0.6,1300,"sd","09:20:10",18900
85.6,-0.6,400,"sd","09:20:04",17600
85.6,-0.6,100,"sd","09:19:51",17200
85.6,-0.6,200,"sd","09:19:44",17100
85.6,-0.6,1000,"sd","09:19:18",16900
85.7,-0.5,100,"bu","09:19:10",15900
86.2,0,600,"bu","09:17:06",15800
85.3,-0.9,1500,"sd","09:16:47",15200
86,-0.2,500,"sd","09:16:47",13700
86.2,0,1500,"sd","09:15:57",13200
86.2,0,2000,"sd","09:15:51",11700
86.2,0,5000,"sd","09:15:31",9700
86.2,0,200,"sd","09:15:19",4700
86.2,0,4500,"","09:15:04",4500
86.4,0.9,2300,"sd","11:26:25",967500
86.4,0.9,100,"sd","11:25:25",965200
86.4,0.9,200,"sd","11:25:16",965100
86.4,0.9,1000,"sd","11:25:10",964900
86.4,0.9,1000,"sd","11:24:47",963900
86.4,0.9,800,"sd","11:24:23",962900
86.4,0.9,100,"sd","11:24:06",962100
86.4,0.9,1000,"sd","11:23:06",962000
86.5,1,200,"bu","11:21:36",961000
86.5,1,200,"bu","11:21:35",960800
86.5,1,200,"bu","11:16:44",960600
86.5,1,200,"sd","11:15:06",960400
86.5,1,600,"sd","11:15:03",960200
86.5,1,1000,"sd","11:14:33",959600
86.5,1,1000,"sd","11:14:30",958600
86.5,1,100,"sd","11:11:48",957600
86.5,1,1000,"sd","11:11:41",957500
86.5,1,2000,"sd","11:10:31",956500
86.5,1,500,"sd","11:10:27",954500
86.5,1,200,"sd","11:08:50",954000
86.5,1,500,"sd","11:08:38",953800
86.5,1,2000,"sd","11:08:03",953300
86.5,1,1200,"sd","11:07:52",951300
86.5,1,100,"sd","11:07:29",950100
86.5,1,1000,"sd","11:07:28",950000
86.5,1,200,"sd","11:06:32",949000
86.5,1,100,"sd","11:06:09",948800
86.5,1,300,"sd","11:04:07",948700
86.5,1,1000,"sd","11:03:52",948400
86.5,1,200,"sd","11:03:11",947400
86.5,1,4000,"sd","11:03:06",947200
86.5,1,700,"sd","11:03:01",943200
86.5,1,1000,"sd","11:02:23",942500
86.5,1,1000,"sd","11:02:08",941500
86.5,1,7000,"sd","11:01:32",940500
86.5,1,400,"sd","11:01:29",933500
86.5,1,2000,"sd","11:01:07",933100
86.5,1,100,"sd","11:01:01",931100
86.5,1,500,"sd","11:00:34",931000
86.5,1,100,"sd","11:00:28",930500
86.5,1,100,"sd","11:00:03",930400
86.6,1.1,200,"bu","10:58:43",930300
86.5,1,100,"sd","10:58:39",930100
86.5,1,300,"sd","10:58:27",930000
86.5,1,100,"sd","10:57:51",929700
86.6,1.1,100,"bu","10:56:02",929600
86.6,1.1,100,"bu","10:53:25",929500
86.6,1.1,2800,"sd","10:49:56",929400
86.6,1.1,2900,"sd","10:49:47",926600
86.6,1.1,2900,"sd","10:49:40",923700
86.6,1.1,1000,"sd","10:49:21",920800
86.6,1.1,2000,"sd","10:49:11",919800
86.6,1.1,2000,"sd","10:49:05",917800
86.6,1.1,2900,"sd","10:48:59",915800
86.6,1.1,2900,"sd","10:48:53",912900
86.6,1.1,100,"sd","10:48:19",910000
86.6,1.1,900,"sd","10:48:06",909900
86.6,1.1,200,"sd","10:47:55",909000
86.6,1.1,200,"sd","10:46:49",908800
86.6,1.1,100,"sd","10:45:48",908600
86.6,1.1,200,"sd","10:45:18",908500
86.6,1.1,1000,"sd","10:45:14",908300
86.6,1.1,1000,"sd","10:44:57",907300
86.6,1.1,500,"sd","10:44:55",906300
86.6,1.1,100,"sd","10:44:22",905800
86.7,1.2,900,"sd","10:42:41",905700
86.7,1.2,1000,"sd","10:42:34",904800
86.7,1.2,13300,"sd","10:42:30",903800
86.7,1.2,10000,"sd","10:41:56",890500
86.7,1.2,700,"sd","10:41:50",880500
86.7,1.2,1000,"sd","10:41:29",879800
86.7,1.2,100,"sd","10:41:27",878800
86.7,1.2,300,"sd","10:41:24",878700
86.7,1.2,1000,"sd","10:41:09",878400
86.7,1.2,5000,"sd","10:40:47",877400
86.7,1.2,200,"sd","10:40:16",872400
86.7,1.2,3000,"sd","10:40:15",872200
86.7,1.2,1000,"sd","10:40:02",869200
86.7,1.2,100,"sd","10:39:59",868200
86.7,1.2,1000,"sd","10:39:20",868100
86.7,1.2,1000,"sd","10:38:44",867100
86.8,1.3,100,"bu","10:38:38",866100
86.7,1.2,900,"sd","10:38:24",866000
86.7,1.2,2000,"sd","10:36:25",865100
86.7,1.2,100,"sd","10:35:13",863100
86.8,1.3,1000,"bu","10:35:03",863000
86.7,1.2,100,"sd","10:34:09",862000
86.7,1.2,1300,"sd","10:32:52",861900
86.7,1.2,2000,"sd","10:32:49",860600
86.7,1.2,100,"sd","10:32:30",858600
86.7,1.2,100,"sd","10:31:40",858500
86.7,1.2,500,"sd","10:31:28",858400
86.8,1.3,400,"bu","10:29:52",857900
86.7,1.2,100,"sd","10:29:52",857500
86.8,1.3,100,"bu","10:29:22",857400
86.7,1.2,100,"sd","10:29:21",857300
86.7,1.2,300,"sd","10:27:21",857200
86.8,1.3,800,"bu","10:27:04",856900
86.8,1.3,200,"bu","10:26:57",856100
86.7,1.2,100,"sd","10:26:55",855900
86.8,1.3,100,"bu","10:26:52",855800
86.8,1.3,3900,"bu","10:26:46",855700
86.8,1.3,100,"bu","10:26:24",851800
86.8,1.3,100,"bu","10:26:21",851700
86.8,1.3,200,"bu","10:26:18",851600
86.7,1.2,200,"sd","10:24:37",851400
86.7,1.2,200,"sd","10:24:22",851200
86.7,1.2,100,"sd","10:24:05",851000
86.7,1.2,100,"sd","10:23:43",850900
86.7,1.2,1000,"sd","10:23:42",850800
86.7,1.2,200,"sd","10:23:12",849800
86.8,1.3,2000,"bu","10:22:40",849600
86.8,1.3,100,"bu","10:22:29",847600
86.7,1.2,1100,"sd","10:22:29",847500
86.7,1.2,100,"sd","10:22:20",846400
86.7,1.2,2000,"sd","10:19:13",846300
86.7,1.2,100,"sd","10:18:37",844300
86.8,1.3,100,"bu","10:18:30",844200
86.7,1.2,100,"sd","10:17:22",844100
86.7,1.2,200,"sd","10:16:54",844000
86.8,1.3,2000,"sd","10:16:49",843800
86.8,1.3,1000,"sd","10:16:48",841800
86.8,1.3,300,"bu","10:16:01",840800
86.8,1.3,800,"bu","10:15:56",840500
86.8,1.3,900,"bu","10:15:48",839700
86.9,1.4,1100,"bu","10:15:09",838800
86.8,1.3,100,"sd","10:15:01",837700
86.9,1.4,5600,"bu","10:14:00",837600
86.9,1.4,2700,"bu","10:14:00",832000
86.9,1.4,2900,"bu","10:13:49",829300
86.9,1.4,11000,"bu","10:13:48",826400
86.8,1.3,1100,"bu","10:13:48",815400
86.8,1.3,900,"sd","10:13:40",814300
86.8,1.3,5200,"sd","10:13:37",813400
86.8,1.3,3000,"sd","10:13:33",808200
86.8,1.3,300,"sd","10:13:23",805200
86.8,1.3,100,"sd","10:13:22",804900
86.8,1.3,400,"sd","10:13:13",804800
86.8,1.3,1000,"sd","10:13:12",804400
86.9,1.4,300,"bu","10:12:41",803400
86.9,1.4,300,"bu","10:12:11",803100
86.9,1.4,11200,"sd","10:11:45",802800
86.9,1.4,500,"sd","10:11:40",791600
86.9,1.4,2900,"sd","10:11:28",791100
86.9,1.4,1000,"sd","10:11:21",788200
87,1.5,100,"bu","10:11:09",787200
87,1.5,3500,"bu","10:10:50",787100
87,1.5,1000,"bu","10:10:38",783600
87,1.5,500,"bu","10:10:28",782600
87,1.5,100,"bu","10:10:10",782100
87,1.5,2000,"bu","10:09:47",782000
86.9,1.4,100,"sd","10:09:45",780000
86.9,1.4,100,"bu","10:09:36",779900
87,1.5,100,"bu","10:09:20",779800
87,1.5,3700,"bu","10:09:15",779700
86.9,1.4,500,"bu","10:09:15",776000
86.8,1.3,1800,"bu","10:09:15",775500
86.8,1.3,2000,"bu","10:09:13",773700
86.9,1.4,200,"sd","10:09:11",771700
86.9,1.4,100,"sd","10:09:09",771500
87,1.5,10000,"bu","10:09:07",771400
86.9,1.4,9600,"bu","10:09:03",761400
86.8,1.3,200,"bu","10:09:03",751800
86.8,1.3,300,"sd","10:09:03",751600
86.9,1.4,1500,"bu","10:09:01",751300
86.8,1.3,200,"bu","10:08:36",749800
86.8,1.3,100,"bu","10:08:30",749600
86.7,1.2,100,"sd","10:07:25",749500
87,1.5,100,"bu","10:06:47",749400
87,1.5,9700,"sd","10:06:35",749300
87,1.5,100,"sd","10:06:33",739600
87,1.5,89500,"bu","10:06:21",739500
86.9,1.4,34300,"bu","10:06:21",650000
86.8,1.3,26700,"bu","10:06:21",615700
86.7,1.2,39700,"bu","10:06:21",589000
86.6,1.1,100,"sd","10:06:19",549300
86.6,1.1,14100,"bu","10:06:17",549200
86.6,1.1,3700,"bu","10:06:16",535100
86.5,1,300,"sd","10:06:13",531400
86.6,1.1,2100,"bu","10:06:06",531100
86.6,1.1,3300,"bu","10:06:00",529000
86.6,1.1,300,"bu","10:05:58",525700
86.6,1.1,3600,"bu","10:05:57",525400
86.5,1,49600,"bu","10:05:40",521800
86.5,1,500,"bu","10:05:39",472200
86.5,1,4100,"bu","10:05:36",471700
86.5,1,7100,"bu","10:05:35",467600
86.5,1,2500,"bu","10:05:32",460500
86.5,1,4500,"bu","10:05:28",458000
86.5,1,2500,"bu","10:05:21",453500
86.4,0.9,2000,"bu","10:05:16",451000
86.4,0.9,400,"bu","10:04:51",449000
86.4,0.9,300,"bu","10:04:38",448600
86.4,0.9,6000,"bu","10:04:34",448300
86.4,0.9,2100,"bu","10:04:14",442300
86.4,0.9,2700,"bu","10:03:57",440200
86.4,0.9,6300,"bu","10:03:54",437500
86.4,0.9,2300,"bu","10:03:53",431200
86.4,0.9,3200,"bu","10:03:48",428900
86.4,0.9,5300,"bu","10:03:40",425700
86.4,0.9,4300,"bu","10:03:31",420400
86.4,0.9,1500,"bu","10:03:21",416100
86.4,0.9,3000,"bu","10:03:19",414600
86.4,0.9,1200,"bu","10:03:11",411600
86.4,0.9,100,"bu","10:02:55",410400
86.4,0.9,800,"bu","10:02:54",410300
86.4,0.9,1600,"bu","10:02:41",409500
86.3,0.8,100,"sd","10:02:40",407900
86.3,0.8,500,"sd","10:02:32",407800
86.4,0.9,3000,"bu","10:02:30",407300
86.3,0.8,2000,"sd","10:02:30",404300
86.4,0.9,900,"bu","10:02:25",402300
86.3,0.8,4000,"sd","10:02:21",401400
86.3,0.8,2900,"sd","10:02:14",397400
86.4,0.9,1300,"bu","10:02:13",394500
86.3,0.8,2900,"sd","10:02:06",393200
86.3,0.8,800,"bu","10:01:52",390300
86.3,0.8,800,"bu","10:01:51",389500
86.3,0.8,5000,"bu","10:01:45",388700
86.3,0.8,1000,"bu","10:01:44",383700
86.3,0.8,900,"bu","10:01:37",382700
86.3,0.8,5000,"bu","10:01:32",381800
86.3,0.8,10000,"bu","10:01:26",376800
86.3,0.8,8200,"bu","10:01:16",366800
86.2,0.7,1800,"bu","10:01:16",358600
86.2,0.7,100,"bu","10:00:59",356800
86.2,0.7,3400,"bu","10:00:57",356700
86.2,0.7,2800,"bu","10:00:44",353300
86.2,0.7,3500,"bu","10:00:38",350500
86.2,0.7,6500,"bu","10:00:31",347000
86.2,0.7,4500,"bu","10:00:27",340500
86.2,0.7,4100,"bu","10:00:16",336000
86.2,0.7,2500,"bu","10:00:10",331900
86.2,0.7,1800,"bu","10:00:03",329400
86.2,0.7,2600,"bu","09:59:56",327600
86.1,0.6,100,"sd","09:59:42",325000
86.1,0.6,2300,"bu","09:59:42",324900
86.1,0.6,3500,"bu","09:59:38",322600
86.1,0.6,100,"bu","09:59:36",319100
86,0.5,100,"sd","09:59:32",319000
86.1,0.6,1900,"bu","09:59:27",318900
86,0.5,100,"sd","09:59:22",317000
86.1,0.6,3200,"bu","09:59:15",316900
86.1,0.6,200,"bu","09:59:11",313700
86.1,0.6,800,"bu","09:59:03",313500
86,0.5,200,"sd","09:59:02",312700
86,0.5,5000,"sd","09:58:54",312500
86.1,0.6,900,"bu","09:58:46",307500
86.1,0.6,1000,"bu","09:58:43",306600
86,0.5,400,"sd","09:58:33",305600
86.1,0.6,1900,"bu","09:58:30",305200
86.1,0.6,200,"bu","09:58:25",303300
86.1,0.6,4300,"bu","09:58:24",303100
86,0.5,3400,"sd","09:58:22",298800
86,0.5,58300,"bu","09:58:20",295400
86,0.5,5500,"bu","09:58:18",237100
86,0.5,4500,"bu","09:58:16",231600
85.9,0.4,200,"sd","09:58:12",227100
86,0.5,4500,"bu","09:58:09",226900
85.9,0.4,300,"sd","09:58:02",222400
86,0.5,3300,"bu","09:58:01",222100
86,0.5,3400,"bu","09:57:55",218800
85.9,0.4,300,"sd","09:57:42",215400
85.9,0.4,6600,"bu","09:57:39",215100
85.9,0.4,1400,"bu","09:57:29",208500
85.8,0.3,200,"sd","09:57:22",207100
85.9,0.4,1900,"bu","09:57:21",206900
85.9,0.4,2000,"bu","09:57:14",205000
85.8,0.3,100,"sd","09:57:12",203000
85.9,0.4,200,"bu","09:57:10",202900
85.9,0.4,2800,"bu","09:57:03",202700
85.8,0.3,100,"sd","09:56:42",199900
85.9,0.4,1800,"bu","09:56:34",199800
85.8,0.3,200,"sd","09:56:32",198000
85.9,0.4,4100,"bu","09:56:25",197800
85.9,0.4,1300,"bu","09:56:17",193700
85.8,0.3,100,"sd","09:56:12",192400
85.9,0.4,3200,"bu","09:56:06",192300
85.8,0.3,400,"sd","09:56:02",189100
85.8,0.3,500,"sd","09:55:58",188700
85.8,0.3,7700,"bu","09:55:57",188200
85.8,0.3,200,"bu","09:55:37",180500
85.8,0.3,1700,"bu","09:55:34",180300
85.8,0.3,200,"bu","09:55:22",178600
85.8,0.3,700,"bu","09:55:16",178400
85.8,0.3,900,"bu","09:55:06",177700
85.7,0.2,100,"sd","09:55:03",176800
85.8,0.3,2300,"bu","09:54:58",176700
85.7,0.2,200,"sd","09:54:54",174400
85.8,0.3,1100,"bu","09:54:51",174200
85.7,0.2,100,"sd","09:54:42",173100
85.8,0.3,1400,"bu","09:54:37",173000
85.7,0.2,700,"sd","09:54:33",171600
85.7,0.2,400,"bu","09:51:25",170900
85.7,0.2,700,"bu","09:50:45",170500
85.7,0.2,1000,"sd","09:49:48",169800
85.7,0.2,1000,"sd","09:48:38",168800
85.7,0.2,300,"sd","09:47:57",167800
85.7,0.2,100,"sd","09:47:52",167500
85.7,0.2,2900,"sd","09:47:51",167400
85.7,0.2,100,"sd","09:47:42",164500
85.7,0.2,2900,"sd","09:47:40",164400
85.7,0.2,100,"sd","09:47:32",161500
85.7,0.2,2900,"sd","09:47:31",161400
85.7,0.2,100,"sd","09:47:30",158500
85.7,0.2,200,"sd","09:47:22",158400
85.7,0.2,2900,"sd","09:47:21",158200
85.7,0.2,2900,"sd","09:47:17",155300
85.7,0.2,100,"sd","09:47:12",152400
85.7,0.2,2900,"sd","09:47:09",152300
85.7,0.2,500,"sd","09:45:40",149400
85.7,0.2,100,"sd","09:45:16",148900
85.8,0.3,100,"bu","09:43:30",148800
85.7,0.2,200,"bu","09:40:16",148700
85.8,0.3,4200,"bu","09:39:57",148500
85.7,0.2,900,"bu","09:39:57",144300
85.6,0.1,1400,"sd","09:39:32",143400
85.7,0.2,19100,"sd","09:39:30",142000
85.7,0.2,8700,"sd","09:39:25",122900
85.7,0.2,500,"sd","09:39:22",114200
85.7,0.2,10200,"sd","09:39:16",113700
85.8,0.3,200,"bu","09:35:13",103500
85.8,0.3,100,"bu","09:34:13",103300
85.7,0.2,100,"sd","09:32:22",103200
85.8,0.3,1500,"sd","09:32:20",103100
85.8,0.3,500,"bu","09:32:19",101600
85.7,0.2,200,"sd","09:31:43",101100
85.8,0.3,200,"bu","09:31:18",100900
85.7,0.2,200,"sd","09:31:12",100700
85.8,0.3,3700,"bu","09:31:07",100500
85.8,0.3,700,"bu","09:31:04",96800
85.8,0.3,100,"bu","09:31:03",96100
85.7,0.2,100,"sd","09:31:02",96000
85.8,0.3,2500,"bu","09:30:57",95900
85.7,0.2,100,"sd","09:30:52",93400
85.8,0.3,2500,"bu","09:30:44",93300
85.7,0.2,100,"sd","09:30:23",90800
85.8,0.3,2800,"bu","09:30:14",90700
85.7,0.2,200,"sd","09:30:13",87900
85.8,0.3,4100,"bu","09:30:02",87700
85.7,0.2,100,"sd","09:29:52",83600
85.8,0.3,3200,"bu","09:29:50",83500
85.7,0.2,100,"sd","09:29:42",80300
85.8,0.3,2300,"bu","09:29:39",80200
85.8,0.3,1100,"bu","09:29:26",77900
85.8,0.3,900,"bu","09:29:13",76800
85.8,0.3,1200,"bu","09:29:02",75900
85.9,0.4,4000,"bu","09:27:56",74700
85.8,0.3,7100,"bu","09:27:56",70700
85.7,0.2,100,"sd","09:27:52",63600
85.8,0.3,2800,"sd","09:27:51",63500
85.8,0.3,100,"sd","09:27:42",60700
85.9,0.4,1900,"bu","09:27:40",60600
85.9,0.4,500,"bu","09:27:34",58700
85.8,0.3,100,"sd","09:27:22",58200
85.8,0.3,100,"sd","09:27:16",58100
85.8,0.3,2900,"bu","09:27:14",58000
85.8,0.3,1000,"bu","09:27:11",55100
85.8,0.3,100,"bu","09:27:09",54100
85.8,0.3,100,"bu","09:26:56",54000
85.7,0.2,100,"sd","09:26:52",53900
85.8,0.3,2100,"bu","09:26:43",53800
85.7,0.2,100,"sd","09:26:42",51700
85.8,0.3,1900,"bu","09:26:40",51600
85.8,0.3,300,"bu","09:26:37",49700
85.8,0.3,100,"bu","09:26:34",49400
85.7,0.2,100,"sd","09:26:33",49300
85.8,0.3,2300,"bu","09:26:30",49200
85.8,0.3,900,"bu","09:26:16",46900
85.8,0.3,1300,"bu","09:26:07",46000
85.8,0.3,600,"bu","09:26:00",44700
85.8,0.3,800,"bu","09:25:50",44100
85.7,0.2,100,"sd","09:25:42",43300
85.7,0.2,200,"sd","09:25:42",43200
85.8,0.3,1700,"bu","09:25:41",43000
85.7,0.2,100,"sd","09:25:32",41300
85.8,0.3,2100,"bu","09:25:31",41200
85.8,0.3,900,"bu","09:25:19",39100
85.8,0.3,200,"bu","09:24:50",38200
85.8,0.3,100,"bu","09:24:23",38000
85.8,0.3,900,"bu","09:23:30",37900
85.7,0.2,1500,"bu","09:23:15",37000
85.7,0.2,500,"bu","09:22:40",35500
85.6,0.1,100,"sd","09:22:32",35000
85.7,0.2,2300,"bu","09:22:27",34900
85.7,0.2,1500,"bu","09:22:12",32600
85.6,0.1,100,"sd","09:22:02",31100
85.7,0.2,2100,"bu","09:22:01",31000
85.7,0.2,600,"bu","09:21:49",28900
85.7,0.2,1700,"bu","09:21:34",28300
85.7,0.2,1200,"bu","09:21:15",26600
85.7,0.2,400,"bu","09:20:57",25400
85.7,0.2,800,"bu","09:20:37",25000
85.6,0.1,300,"sd","09:20:33",24200
85.7,0.2,2300,"bu","09:20:16",23900
85.7,0.2,500,"bu","09:20:12",21600
85.7,0.2,900,"bu","09:20:07",21100
85.7,0.2,100,"bu","09:20:01",20200
85.7,0.2,100,"bu","09:19:52",20100
85.7,0.2,200,"bu","09:19:34",20000
85.7,0.2,100,"bu","09:19:23",19800
85.6,0.1,1200,"sd","09:18:53",19700
85.7,0.2,1800,"bu","09:18:37",18500
85.7,0.2,2500,"bu","09:18:24",16700
85.6,0.1,1000,"sd","09:18:12",14200
85.7,0.2,1700,"bu","09:18:10",13200
85.7,0.2,100,"bu","09:17:55",11500
85.7,0.2,2100,"bu","09:17:49",11400
85.7,0.2,100,"bu","09:17:48",9300
85.7,0.2,100,"bu","09:17:38",9200
85.7,0.2,1900,"bu","09:17:35",9100
85.7,0.2,2800,"bu","09:17:26",7200
85.6,0.1,600,"bu","09:17:09",4400
85.6,0.1,100,"bu","09:16:20",3800
85.5,0,100,"sd","09:15:14",3700
85.5,0,100,"sd","09:15:09",3600
85.7,0.2,3500,"","09:15:02",3500
84.5,-0.3,1000,"sd","09:22:41",40600
84.5,-0.3,100,"sd","09:21:48",39300
84.5,-0.3,300,"sd","09:22:39",39600
84.6,-0.2,100,"bu","09:20:47",37500
84.5,-0.3,100,"sd","09:20:20",36500
84.7,-0.1,400,"bu","09:21:22",39100
84.6,-0.2,1100,"bu","09:21:22",38700
84.6,-0.2,900,"bu","09:20:39",37400
84.5,-0.3,100,"sd","09:21:27",39200
84.6,-0.2,100,"bu","09:20:53",37600
84.5,-0.3,100,"sd","09:18:13",36300
84.5,-0.3,200,"sd","09:18:07",36200
84.6,-0.2,100,"bu","09:16:42",33700
84.5,-0.3,200,"sd","09:15:15",22100
84.5,-0.3,3000,"sd","09:15:13",21900
84.5,-0.3,300,"sd","09:15:04",18900
84.6,-0.2,200,"bu","09:16:13",33600
84.5,-0.3,300,"sd","09:15:02",18600
84.6,-0.2,500,"bu","09:15:59",33400
84.5,-0.3,800,"sd","09:15:58",32900
84.5,-0.3,10000,"sd","09:15:53",32100
84.5,-0.3,18300,"","09:15:00",18300
84.4,-0.4,200,"sd","09:16:52",36000
84.5,-0.3,2100,"sd","09:16:52",35800
84.5,-0.3,200,"sd","09:22:48",41200
84.5,-0.3,100,"sd","09:22:47",41000
84.7,-0.1,8000,"bu","09:23:11",49200
84.4,-0.4,500,"sd","10:03:01",173400
84.4,-0.4,400,"sd","10:03:45",173800
84.3,-0.5,200,"sd","09:41:46",145300
84.3,-0.5,1000,"sd","09:41:37",145100
84.3,-0.5,500,"bu","09:41:31",144100
84.3,-0.5,1000,"sd","09:38:29",122300
84.2,-0.6,300,"sd","09:40:27",143600
84.2,-0.6,100,"sd","09:40:26",143300
84.3,-0.5,200,"sd","09:40:26",143200
84.3,-0.5,100,"sd","09:40:25",143000
84.3,-0.5,2400,"sd","09:39:58",132900
84.3,-0.5,2100,"sd","09:39:10",127200
84.3,-0.5,2800,"sd","09:39:08",125100
84.4,-0.4,3600,"sd","09:30:03",93100
84.3,-0.5,2300,"sd","09:39:51",130500
84.3,-0.5,1000,"sd","09:39:44",128200
84.3,-0.5,200,"sd","09:38:14",121300
84.4,-0.4,100,"bu","09:37:03",111200
84.3,-0.5,9900,"sd","09:37:51",121100
84.5,-0.3,300,"bu","09:45:39",152600
84.5,-0.3,800,"bu","09:45:33",152300
84.5,-0.3,100,"bu","09:45:33",151500
84.5,-0.3,100,"bu","09:45:24",151400
84.5,-0.3,100,"bu","09:45:20",151300
84.5,-0.3,100,"bu","09:45:58",152700
84.5,-0.3,100,"sd","09:18:34",36400
84.5,-0.3,100,"bu","09:45:09",151000
84.5,-0.3,100,"bu","09:45:07",150900
84.5,-0.3,100,"bu","09:45:03",150800
84.5,-0.3,700,"bu","09:43:07",150700
84.5,-0.3,200,"bu","09:45:11",151200
84.4,-0.4,1800,"sd","09:30:57",96400
84.5,-0.3,1000,"sd","09:30:57",94600
84.5,-0.3,700,"sd","10:01:55",171200
84.5,-0.3,100,"bu","10:02:12",171300
84.4,-0.4,1500,"sd","10:02:47",172800
84.5,-0.3,100,"bu","10:02:49",172900
84.4,-0.1,100,"bu","10:32:19",384800
84.3,-0.2,100,"sd","10:31:30",384700
84.2,-0.3,100,"bu","10:31:29",384600
84.2,-0.3,200,"bu","10:31:21",384500
84.2,-0.3,100,"sd","10:31:20",384300
84.3,-0.2,1500,"sd","10:31:14",384200
84.3,-0.2,100,"sd","10:30:47",382700
84.2,-0.3,100,"sd","10:29:34",382600
84.3,-0.2,300,"bu","10:29:29",382500
84.4,-0.1,800,"bu","10:29:17",382200
84.3,-0.2,200,"bu","10:29:17",381400
84.2,-0.3,100,"sd","10:28:29",381200
84.1,-0.4,600,"sd","10:28:20",381100
84.1,-0.4,100,"sd","10:28:12",380500
84.1,-0.4,100,"sd","10:28:10",380400
84.1,-0.4,100,"sd","10:28:02",380300
84.1,-0.4,300,"sd","10:28:00",380200
84,-0.5,1000,"sd","10:27:50",379900
84,-0.5,1700,"bu","10:27:43",378900
83.9,-0.6,1800,"sd","10:27:40",377200
84,-0.5,2000,"bu","10:27:39",375400
84,-0.5,100,"bu","10:27:32",373400
83.9,-0.6,1500,"sd","10:27:30",373300
84,-0.5,2600,"bu","10:27:29",371800
84,-0.5,4000,"bu","10:27:28",369200
84,-0.5,1000,"bu","10:27:20",365200
83.9,-0.6,300,"sd","10:27:20",364200
83.9,-0.6,100,"sd","10:27:15",363900
84,-0.5,200,"bu","10:27:14",363800
83.9,-0.6,700,"sd","10:27:10",363600
84,-0.5,2300,"bu","10:27:02",362900
83.9,-0.6,300,"sd","10:26:59",360600
83.8,-0.7,1100,"sd","10:26:50",360300
83.8,-0.7,3800,"sd","10:26:40",359200
83.8,-0.7,1300,"sd","10:26:30",355400
84,-0.5,10100,"bu","10:26:29",354100
83.9,-0.6,1500,"bu","10:26:29",344000
83.9,-0.6,2000,"sd","10:26:27",342500
83.8,-0.7,200,"sd","10:26:20",340500
83.9,-0.6,7900,"sd","10:26:10",338100
84,-0.5,100,"bu","10:26:09",330200
84,-0.5,21900,"sd","10:26:08",330100
84.1,-0.4,3600,"sd","10:26:08",308200
84.2,-0.3,200,"sd","10:26:00",304000
84.3,-0.2,200,"bu","10:25:59",303800
84.2,-0.3,700,"sd","10:25:58",303600
84.2,-0.3,200,"sd","10:25:06",302900
84.2,-0.3,300,"sd","10:24:43",302700
84.2,-0.3,300,"sd","10:23:55",302400
84.3,-0.2,100,"sd","10:23:09",302100
84.3,-0.2,200,"bu","10:22:29",302000
84.2,-0.3,200,"sd","10:22:20",301800
84.3,-0.2,800,"sd","10:22:10",301600
84.4,-0.1,300,"bu","10:21:30",300800
84.3,-0.2,300,"sd","10:21:10",300500
84.3,-0.2,1000,"sd","10:21:00",300200
84.2,-0.3,200,"sd","10:20:20",299200
84.2,-0.3,800,"sd","10:20:10",299000
84.2,-0.3,1300,"sd","10:20:00",298200
84.4,-0.1,400,"bu","10:19:59",296900
84.3,-0.2,1100,"bu","10:19:59",296500
84.3,-0.2,4400,"sd","10:19:51",295400
84.5,0,100,"bu","10:19:41",291000
84.3,-0.2,100,"sd","10:19:40",290900
84.3,-0.2,500,"bu","10:19:35",290800
84.3,-0.2,100,"bu","10:19:18",290300
84.3,-0.2,300,"bu","10:18:29",290200
84.2,-0.3,200,"sd","10:18:10",289900
84.3,-0.2,900,"sd","10:18:00",289700
84.2,-0.3,1400,"sd","10:17:50",288800
84.3,-0.2,1600,"sd","10:17:50",287400
84.4,-0.1,100,"bu","10:16:46",285800
84.4,-0.1,300,"bu","10:15:29",285700
84.3,-0.2,100,"sd","10:15:17",285400
84.3,-0.2,200,"sd","10:15:10",285300
84.3,-0.2,100,"sd","10:14:59",285100
84.4,-0.1,600,"bu","10:14:59",285000
84.3,-0.2,400,"sd","10:14:50",284400
84.4,-0.1,600,"sd","10:14:43",284000
84.4,-0.1,1000,"sd","10:14:40",283400
84.3,-0.2,300,"sd","10:14:20",282400
84.3,-0.2,1100,"sd","10:14:10",282100
84.4,-0.1,3000,"sd","10:14:07",281000
84.4,-0.1,900,"sd","10:13:59",278000
84.3,-0.2,1300,"sd","10:13:50",277100
84.4,-0.1,1700,"sd","10:13:50",275800
84.4,-0.1,10000,"sd","10:13:41",274100
84.5,0,100,"bu","10:12:07",264100
84.5,0,100,"bu","10:09:59",264000
84.4,-0.1,100,"sd","10:09:30",263900
84.5,0,400,"bu","10:09:29",263800
84.4,-0.1,300,"sd","10:09:10",263400
84.4,-0.1,1000,"sd","10:09:07",263100
84.5,0,100,"bu","10:08:59",262100
84.4,-0.1,100,"sd","10:08:30",262000
84.5,0,300,"bu","10:08:29",261900
84.4,-0.1,200,"sd","10:08:20",261600
84.4,-0.1,900,"sd","10:08:10",261400
84.5,0,100,"bu","10:08:03",260500
84.5,0,100,"bu","10:07:13",260400
84.5,0,200,"bu","10:07:02",260300
84.5,0,100,"bu","10:06:29",260100
84.4,-0.1,100,"sd","10:06:00",260000
84.4,-0.1,100,"sd","10:05:49",259400
84.4,-0.1,100,"sd","10:05:43",259300
84.4,-0.1,300,"sd","10:05:40",259200
84.4,-0.1,1000,"sd","10:05:37",258900
84.5,0,200,"bu","10:05:31",257900
84.5,0,100,"bu","10:04:48",257700
84.5,0,100,"bu","10:04:47",257600
84.5,0,100,"bu","10:01:59",257500
84.4,-0.1,100,"sd","10:01:29",257400
84.5,0,500,"bu","10:01:29",257300
84.4,-0.1,100,"sd","10:01:20",256800
84.4,-0.1,400,"sd","10:01:10",256700
84.5,0,300,"bu","10:01:07",256300
84.5,0,1100,"sd","10:01:01",256000
84.6,0.1,300,"bu","10:00:29",254900
84.5,0,200,"sd","10:00:28",254600
84.5,0,300,"sd","10:00:00",254400
84.6,0.1,800,"bu","09:59:59",254100
84.6,0.1,100,"bu","09:59:55",253300
84.5,0,100,"sd","09:59:55",253200
84.5,0,100,"sd","09:59:50",253100
84.5,0,300,"sd","09:59:46",253000
84.5,0,200,"sd","09:59:40",252700
84.5,0,300,"sd","09:59:31",252500
84.5,0,500,"sd","09:59:30",252200
84.6,0.1,1100,"bu","09:59:29",251700
84.5,0,600,"sd","09:59:20",250600
84.5,0,2000,"bu","09:59:15",250000
84.4,-0.1,300,"sd","09:58:59",248000
84.5,0,1000,"bu","09:58:59",247700
84.5,0,100,"bu","09:58:55",246700
84.4,-0.1,100,"sd","09:58:50",246600
84.4,-0.1,400,"sd","09:58:40",246500
84.4,-0.1,100,"sd","09:58:34",246100
84.4,-0.1,1500,"sd","09:58:30",246000
84.5,0,1200,"bu","09:58:29",244500
84.5,0,4000,"bu","09:58:25",243300
84.5,0,300,"bu","09:58:15",239300
84.4,-0.1,100,"sd","09:57:39",239000
84.5,0,200,"bu","09:57:22",238900
84.5,0,200,"bu","09:55:29",238700
84.4,-0.1,100,"sd","09:55:10",238500
84.4,-0.1,400,"sd","09:55:00",238400
84.5,0,300,"bu","09:54:59",238000
84.4,-0.1,600,"sd","09:54:57",237700
84.5,0,500,"bu","09:54:55",237100
84.4,-0.1,200,"sd","09:54:46",236600
84.4,-0.1,300,"sd","09:54:22",236400
84.5,0,100,"bu","09:53:29",236100
84.4,-0.1,100,"sd","09:53:00",236000
84.5,0,400,"bu","09:52:59",235900
84.4,-0.1,300,"sd","09:52:40",235500
84.5,0,1200,"sd","09:52:37",235200
84.6,0.1,100,"bu","09:48:10",234000
84.6,0.1,100,"bu","09:47:29",233900
84.5,0,100,"sd","09:47:20",233800
84.5,0,500,"sd","09:47:11",233700
84.4,-0.1,300,"sd","09:46:40",233200
84.4,-0.1,700,"sd","09:46:30",232900
84.5,0,300,"sd","09:46:30",232200
84.5,0,3100,"bu","09:46:29",231900
84.4,-0.1,300,"sd","09:46:20",228800
84.4,-0.1,1000,"sd","09:46:10",228500
84.4,-0.1,3500,"sd","09:46:00",227500
84.5,0,6800,"bu","09:45:59",224000
84.4,-0.1,5100,"sd","09:45:50",217200
84.5,0,17100,"sd","09:45:47",212100
84.5,0,300,"sd","09:45:30",195000
84.6,0.1,200,"bu","09:45:29",194700
84.6,0.1,900,"bu","09:45:23",194500
84.5,0,100,"sd","09:44:17",193600
84.5,0,100,"sd","09:43:00",193500
84.6,0.1,100,"bu","09:40:07",193400
84.6,0.1,100,"bu","09:39:29",193300
84.5,0,100,"sd","09:39:19",193200
84.6,0.1,500,"bu","09:39:12",193100
84.6,0.1,100,"bu","09:37:59",192600
84.5,0,200,"sd","09:37:58",192500
84.5,0,100,"sd","09:37:38",192300
84.6,0.1,200,"bu","09:37:29",192200
84.5,0,200,"sd","09:37:11",192000
84.5,0,100,"sd","09:37:00",191800
84.6,0.1,400,"bu","09:36:59",191700
84.6,0.1,300,"bu","09:36:46",191300
84.7,0.2,1200,"bu","09:36:29",191000
84.7,0.2,1000,"bu","09:36:27",189800
84.7,0.2,1000,"bu","09:36:23",188800
84.5,0,100,"sd","09:36:10",187800
84.5,0,200,"sd","09:35:59",187700
84.6,0.1,1800,"bu","09:35:59",187500
84.5,0,200,"sd","09:35:50",185700
84.5,0,900,"sd","09:35:40",185500
84.5,0,2100,"sd","09:35:30",184600
84.6,0.1,1000,"bu","09:35:29",182500
84.6,0.1,1800,"bu","09:35:29",181500
84.5,0,300,"sd","09:35:20",179700
84.6,0.1,5000,"bu","09:35:19",179400
84.5,0,1000,"sd","09:35:11",174400
84.6,0.1,300,"bu","09:34:29",173400
84.5,0,100,"sd","09:34:10",173100
84.5,0,500,"sd","09:34:00",173000
84.6,0.1,500,"bu","09:33:59",172500
84.5,0,1300,"bu","09:33:55",172000
84.5,0,100,"bu","09:33:37",170700
84.5,0,300,"bu","09:33:29",170600
84.4,-0.1,200,"sd","09:33:10",170300
84.5,0,600,"sd","09:33:05",170100
84.5,0,300,"sd","09:33:00",169500
84.4,-0.1,700,"sd","09:32:53",169200
84.5,0,300,"sd","09:32:53",168500
84.5,0,100,"sd","09:32:50",168200
84.4,-0.1,400,"sd","09:32:39",168100
84.5,0,600,"sd","09:32:30",167700
84.6,0.1,900,"bu","09:32:29",167100
84.5,0,2000,"sd","09:32:26",166200
84.5,0,200,"sd","09:32:10",164200
84.6,0.1,900,"bu","09:31:59",164000
84.5,0,300,"sd","09:31:50",163100
84.6,0.1,500,"bu","09:31:44",162800
84.5,0,500,"sd","09:31:40",162300
84.5,0,800,"sd","09:31:30",161800
84.5,0,1100,"bu","09:31:29",161000
84.4,-0.1,2900,"sd","09:31:20",159900
84.5,0,9900,"sd","09:31:16",157000
84.6,0.1,100,"bu","09:30:59",147100
84.5,0,100,"sd","09:30:50",147000
84.5,0,500,"sd","09:30:41",146900
84.5,0,200,"sd","09:29:25",146400
84.6,0.1,100,"bu","09:28:59",146200
84.5,0,100,"sd","09:28:30",146100
84.6,0.1,400,"bu","09:28:29",146000
84.6,0.1,100,"bu","09:28:20",145600
84.5,0,200,"sd","09:28:10",145500
84.6,0.1,500,"bu","09:28:02",145300
84.5,0,200,"sd","09:28:00",144800
84.6,0.1,600,"bu","09:27:59",144600
84.5,0,100,"sd","09:27:50",144000
84.5,0,500,"sd","09:27:47",143900
84.5,0,100,"sd","09:27:40",143400
84.5,0,400,"sd","09:27:29",143300
84.6,0.1,900,"bu","09:27:29",142900
84.6,0.1,100,"bu","09:27:22",142000
84.5,0,500,"sd","09:27:22",141900
84.5,0,300,"sd","09:27:10",141400
84.5,0,200,"sd","09:27:01",141100
84.5,0,900,"sd","09:27:00",140900
84.6,0.1,1300,"bu","09:26:59",140000
84.5,0,1100,"sd","09:26:52",138700
84.5,0,600,"sd","09:26:50",137600
84.5,0,2200,"bu","09:26:47",137000
84.4,-0.1,100,"sd","09:26:40",134800
84.5,0,400,"bu","09:26:29",134700
84.4,-0.1,300,"sd","09:26:10",134300
84.4,-0.1,300,"sd","09:26:00",134000
84.5,0,900,"bu","09:25:59",133700
84.5,0,1000,"bu","09:25:57",132800
84.4,-0.1,100,"sd","09:25:49",131800
84.5,0,500,"bu","09:25:44",131700
84.4,-0.1,300,"sd","09:25:30",131200
84.5,0,1100,"bu","09:25:29",130900
84.5,0,200,"bu","09:25:15",129800
84.6,0.1,3400,"bu","09:24:59",129600
84.5,0,200,"bu","09:24:59",126200
84.5,0,2100,"bu","09:24:58",126000
84.5,0,7900,"bu","09:24:57",123900
84.4,-0.1,100,"sd","09:24:50",116000
84.4,-0.1,400,"sd","09:24:40",115900
84.5,0,500,"bu","09:24:38",115500
84.5,0,1000,"bu","09:24:29",115000
84.4,-0.1,100,"sd","09:24:20",114000
84.4,-0.1,200,"sd","09:24:11",113900
84.4,-0.1,300,"sd","09:24:10",113700
84.4,-0.1,1100,"sd","09:24:00",113400
84.5,0,1800,"bu","09:23:59",112300
84.4,-0.1,1900,"sd","09:23:56",110500
84.4,-0.1,100,"sd","09:23:50",108600
84.4,-0.1,500,"sd","09:23:40",108500
84.4,-0.1,1800,"sd","09:23:30",108000
84.5,0,1700,"bu","09:23:29",106200
84.4,-0.1,4500,"sd","09:23:23",104500
84.4,-0.1,300,"sd","09:23:09",100000
84.5,0,1000,"bu","09:23:07",99700
84.5,0,300,"bu","09:22:40",98700
84.5,0,300,"bu","09:22:00",98400
84.5,0,100,"bu","09:21:38",98100
84.5,0,300,"bu","09:20:59",98000
84.4,-0.1,300,"sd","09:20:29",97700
84.5,0,800,"bu","09:20:29",97400
84.4,-0.1,100,"sd","09:20:25",96600
84.4,-0.1,300,"sd","09:20:20",96500
84.5,0,1000,"bu","09:20:11",96200
84.4,-0.1,300,"sd","09:20:10",95200
84.5,0,600,"bu","09:20:06",94900
84.5,0,500,"bu","09:20:00",94300
84.5,0,5000,"bu","09:19:42",93800
84.5,0,500,"sd","09:19:32",88800
84.6,0.1,2000,"bu","09:19:20",88300
84.5,0,100,"bu","09:19:20",86300
84.5,0,10000,"bu","09:19:07",86200
84.5,0,1000,"bu","09:19:07",76200
84.5,0,8700,"bu","09:18:58",75200
84.5,0,5000,"bu","09:18:44",66500
84.4,-0.1,500,"sd","09:18:35",61500
84.5,0,6300,"bu","09:18:32",61000
84.4,-0.1,4900,"bu","09:18:25",54700
84.4,-0.1,1000,"bu","09:18:19",49800
84.4,-0.1,2600,"bu","09:18:11",48800
84.4,-0.1,6500,"sd","09:18:00",46200
84.4,-0.1,2800,"sd","09:17:54",39700
84.5,0,5900,"sd","09:17:43",36900
84.5,0,3200,"sd","09:17:40",31000
84.5,0,500,"sd","09:17:31",27800
84.4,-0.1,500,"sd","09:17:24",27300
84.3,-0.2,300,"sd","09:16:39",26800
84.5,0,100,"sd","09:16:39",26500
84.5,0,300,"sd","09:16:38",26400
84.5,0,300,"bu","09:16:18",26100
84.5,0,100,"bu","09:16:14",25800
84.5,0,2300,"sd","09:16:04",25700
84.5,0,100,"sd","09:15:26",23400
84.6,0.1,1500,"bu","09:15:25",23300
84.5,0,100,"sd","09:15:20",21800
84.6,0.1,21700,"","09:15:00",21700
84,0.2,1000,"bu","09:16:00",27700
84,0.2,26700,"","09:15:01",26700
82.3,2,600,"sd","10:25:46",1924800
82.3,2,600,"sd","10:25:31",1924200
82.3,2,2000,"sd","10:25:29",1923600
82.3,2,500,"sd","10:25:28",1921600
82.3,2,2000,"sd","10:25:27",1921100
82.3,2,200,"sd","10:24:48",1919100
82.3,2,100,"sd","10:24:44",1918900
82.3,2,200,"sd","10:24:21",1918800
82.3,2,1200,"bu","10:24:16",1918600
82.2,1.9,500,"sd","10:24:11",1917400
82.3,2,500,"bu","10:24:07",1916900
82.2,1.9,400,"sd","10:24:01",1916400
82.3,2,3000,"bu","10:24:01",1916000
82.3,2,2000,"bu","10:23:54",1913000
82.2,1.9,700,"sd","10:23:51",1911000
82.3,2,5000,"bu","10:23:45",1910300
82.2,1.9,400,"sd","10:23:31",1905300
82.3,2,2500,"bu","10:23:27",1904900
82.2,1.9,300,"sd","10:23:21",1902400
82.3,2,2000,"bu","10:23:19",1902100
82.2,1.9,400,"sd","10:22:21",1900100
82.4,2.1,2600,"bu","10:22:15",1899700
82.3,2,400,"bu","10:22:15",1897100
82.2,1.9,200,"sd","10:22:14",1896700
82.2,1.9,100,"sd","10:22:01",1896500
82.3,2,1000,"bu","10:21:58",1896400
82.2,1.9,100,"sd","10:21:51",1895400
82.3,2,1000,"bu","10:21:48",1895300
82.2,1.9,300,"sd","10:21:21",1894300
82.3,2,2000,"bu","10:21:17",1894000
82.2,1.9,100,"sd","10:21:11",1892000
82.2,1.9,700,"sd","10:21:01",1891900
82.2,1.9,3000,"sd","10:21:00",1891200
82.3,2,1000,"bu","10:20:59",1888200
82.3,2,1000,"bu","10:20:57",1887200
82.3,2,100,"bu","10:20:37",1886200
82.2,1.9,300,"sd","10:19:51",1886100
82.3,2,2000,"bu","10:19:49",1885800
82.3,2,100,"bu","10:19:25",1883800
82.2,1.9,500,"sd","10:19:01",1883700
82.2,1.9,1000,"sd","10:18:59",1883200
82.3,2,2400,"bu","10:18:58",1882200
82.2,1.9,100,"sd","10:18:01",1879800
82.2,1.9,700,"bu","10:17:59",1879700
82.2,1.9,500,"bu","10:17:56",1879000
82.1,1.8,200,"sd","10:17:41",1878500
82.2,1.9,300,"bu","10:17:32",1878300
82.1,1.8,1300,"sd","10:17:31",1878000
82.2,1.9,6000,"bu","10:17:25",1876700
82.2,1.9,3000,"bu","10:17:21",1870700
82.1,1.8,100,"sd","10:16:41",1867700
82.1,1.8,800,"sd","10:16:31",1867600
82.2,1.9,1000,"bu","10:16:27",1866800
82.2,1.9,2500,"bu","10:16:24",1865800
82.2,1.9,2000,"bu","10:16:23",1863300
82.2,1.9,400,"bu","10:16:21",1861300
82.2,1.9,200,"bu","10:16:16",1860900
82.2,1.9,300,"bu","10:15:45",1860700
82.1,1.8,400,"sd","10:15:21",1860400
82.2,1.9,3000,"bu","10:15:20",1860000
82.2,1.9,200,"bu","10:15:01",1857000
82.1,1.8,300,"sd","10:14:11",1856800
82.2,1.9,2000,"bu","10:14:08",1856500
82.1,1.8,100,"sd","10:13:11",1854500
82.2,1.9,1000,"bu","10:13:04",1854400
82.1,1.8,300,"sd","10:13:01",1853400
82.2,1.9,2000,"bu","10:12:58",1853100
82.2,1.9,100,"bu","10:12:06",1851100
82.2,1.9,200,"bu","10:11:46",1851000
82.1,1.8,400,"sd","10:11:41",1850800
82.2,1.9,100,"bu","10:11:35",1850400
82.2,1.9,2600,"sd","10:11:32",1850300
82.2,1.9,500,"sd","10:11:31",1847700
82.2,1.9,3900,"sd","10:11:21",1847200
82.2,1.9,11100,"sd","10:11:20",1843300
82.3,2,15300,"sd","10:11:20",1832200
82.4,2.1,100,"bu","10:11:14",1816900
82.3,2,200,"sd","10:11:01",1816800
82.3,2,1500,"sd","10:10:57",1816600
82.3,2,200,"sd","10:10:51",1815100
82.3,2,1800,"sd","10:10:41",1814900
82.3,2,12200,"bu","10:10:37",1813100
82.3,2,100,"bu","10:10:24",1800900
82.3,2,100,"bu","10:10:05",1800800
82.3,2,100,"bu","10:09:53",1800700
82.2,1.9,200,"sd","10:09:31",1800600
82.2,1.9,1300,"sd","10:09:24",1800400
82.2,1.9,100,"sd","10:09:22",1799100
82.2,1.9,100,"sd","10:08:11",1799000
82.2,1.9,100,"sd","10:07:24",1798900
82.2,1.9,200,"sd","10:07:21",1798800
82.2,1.9,1500,"sd","10:07:11",1798600
82.2,1.9,300,"bu","10:07:03",1797100
82.2,1.9,10000,"bu","10:07:01",1796800
82.1,1.8,300,"sd","10:07:01",1786800
82.2,1.9,2000,"bu","10:06:55",1786500
82.2,1.9,300,"bu","10:06:52",1784500
82.2,1.9,500,"bu","10:06:42",1784200
82.1,1.8,100,"sd","10:06:41",1783700
82.2,1.9,1000,"bu","10:06:34",1783600
107,-4,100,"sd","10:18:11",197500
107,-4,1000,"sd","10:18:11",197400
107,-4,600,"sd","10:18:11",196400
107,-4,300,"sd","10:18:07",195800
107,-4,100,"sd","10:18:06",195500
107,-4,100,"sd","10:18:06",195400
107,-4,100,"sd","10:17:58",195300
107,-4,100,"sd","10:17:58",195200
107,-4,100,"sd","10:17:45",195100
107,-4,300,"sd","10:16:25",195000
107,-4,300,"sd","10:16:25",194700
107.4,-3.6,100,"sd","10:16:25",194400
107.4,-3.6,300,"sd","10:16:16",194300
107.4,-3.6,500,"bu","10:15:59",194000
107,-4,1000,"bu","10:14:52",193500
107.4,-3.6,700,"bu","10:14:38",192500
107.3,-3.7,300,"bu","10:14:38",191800
107.1,-3.9,100,"bu","10:14:38",191500
107.1,-3.9,900,"bu","10:14:38",191400
107,-4,500,"bu","10:14:29",190500
82.2,1.9,1300,"bu","10:02:53",1770200
82.2,1.9,100,"bu","10:02:38",1768900
82.2,1.9,500,"bu","10:02:36",1768800
82.2,1.9,100,"bu","10:01:58",1768300
82.1,1.8,400,"sd","10:01:41",1768200
82.2,1.9,3000,"bu","10:01:34",1767800
82.1,1.8,100,"sd","10:01:16",1764800
82.2,1.9,100,"bu","10:01:14",1764700
82.1,1.8,600,"sd","10:00:41",1764600
82.1,1.8,4000,"sd","10:00:37",1764000
82.2,1.9,200,"bu","10:00:35",1760000
82.2,1.9,100,"bu","10:00:22",1759800
82.1,1.8,100,"sd","10:00:11",1759700
82.2,1.9,1000,"bu","10:00:06",1759600
82.1,1.8,100,"sd","09:58:41",1758600
82.2,1.9,1200,"sd","09:58:36",1758500
82.2,1.9,100,"sd","09:58:17",1757300
82.2,1.9,400,"sd","09:58:11",1757200
82.2,1.9,100,"sd","09:58:09",1756800
82.2,1.9,2600,"bu","09:58:01",1756700
106.9,-4.1,300,"bu","10:10:43",180200
106.9,-4.1,100,"bu","10:10:31",179900
106.9,-4.1,100,"bu","10:10:15",179800
106.9,-4.1,200,"bu","10:10:15",179700
106.8,-4.2,600,"sd","10:10:06",179500
106.8,-4.2,400,"sd","10:10:00",178900
106.8,-4.2,200,"bu","10:09:07",178500
106.8,-4.2,300,"bu","10:09:07",178300
106.8,-4.2,500,"bu","10:08:42",178000
106.8,-4.2,900,"bu","10:08:30",177500
106.8,-4.2,100,"bu","10:07:50",176600
106.8,-4.2,300,"bu","10:07:50",176500
106.8,-4.2,100,"bu","10:07:50",176200
106.5,-4.5,100,"sd","10:07:47",176100
106.6,-4.4,100,"sd","10:07:47",176000
106.8,-4.2,100,"bu","10:07:27",175900
106.8,-4.2,100,"bu","10:07:18",175800
106.6,-4.4,100,"bu","10:07:18",175700
106.6,-4.4,100,"bu","10:07:03",175600
106.6,-4.4,100,"bu","10:07:03",175500
82.2,1.9,300,"bu","09:55:32",1743500
82.1,1.8,200,"sd","09:55:31",1743200
82.2,1.9,500,"bu","09:55:30",1743000
82.2,1.9,1000,"bu","09:55:23",1742500
82.1,1.8,100,"sd","09:55:11",1741500
82.1,1.8,700,"sd","09:55:01",1741400
82.2,1.9,2000,"bu","09:54:55",1740700
82.1,1.8,3300,"sd","09:54:51",1738700
82.2,1.9,22000,"sd","09:54:48",1735400
82.2,1.9,300,"sd","09:54:41",1713400
82.3,2,1700,"bu","09:54:40",1713100
82.3,2,900,"bu","09:54:39",1711400
82.2,1.9,500,"sd","09:53:51",1710500
82.2,1.9,3400,"sd","09:53:44",1710000
82.1,1.8,100,"sd","09:52:31",1706600
82.2,1.9,700,"sd","09:52:21",1706500
82.2,1.9,5000,"sd","09:52:19",1705800
82.2,1.9,500,"bu","09:51:52",1700800
82.2,1.9,300,"sd","09:51:31",1700300
82.2,1.9,1700,"bu","09:51:29",1700000
106.5,-4.5,100,"sd","10:03:10",172900
106.5,-4.5,100,"sd","10:03:10",172800
106.5,-4.5,300,"sd","10:03:10",172700
106.5,-4.5,300,"sd","10:03:03",172400
106.5,-4.5,200,"sd","10:02:59",172100
106.6,-4.4,100,"bu","10:02:56",171900
106.5,-4.5,200,"sd","10:02:18",171800
106.5,-4.5,200,"sd","10:02:18",171600
106.5,-4.5,200,"sd","10:02:18",171400
106.5,-4.5,100,"sd","10:02:18",171200
106.5,-4.5,100,"sd","10:02:18",171100
106.5,-4.5,100,"sd","10:02:17",171000
106.5,-4.5,100,"sd","10:02:17",170900
106.5,-4.5,100,"sd","10:01:52",170800
106.5,-4.5,600,"sd","10:01:50",170700
106.6,-4.4,400,"unknown","10:01:50",170100
106.5,-4.5,100,"sd","10:00:21",169700
106.6,-4.4,300,"sd","10:00:21",169600
106.9,-4.1,100,"bu","10:00:20",169300
106.9,-4.1,200,"bu","10:00:16",169200
82.2,1.9,2800,"sd","09:48:49",1676000
82.2,1.9,300,"sd","09:48:45",1673200
82.3,2,100,"bu","09:48:42",1672900
82.2,1.9,1400,"sd","09:48:41",1672800
82.3,2,100,"bu","09:48:39",1671400
82.3,2,300,"bu","09:48:35",1671300
82.2,1.9,9200,"sd","09:48:34",1671000
82.2,1.9,100,"sd","09:48:32",1661800
82.3,2,1000,"bu","09:48:28",1661700
82.3,2,1100,"bu","09:48:12",1660700
82.2,1.9,2200,"sd","09:48:08",1659600
82.3,2,4000,"bu","09:48:03",1657400
82.3,2,4700,"sd","09:48:00",1653400
82.3,2,2400,"sd","09:47:58",1648700
82.3,2,2000,"sd","09:47:48",1646300
82.3,2,10000,"sd","09:47:41",1644300
82.4,2.1,100,"bu","09:47:37",1634300
82.3,2,200,"sd","09:47:28",1634200
82.3,2,100,"sd","09:47:23",1634000
82.3,2,1000,"sd","09:47:18",1633900
106.8,-4.2,200,"bu","09:55:28",162800
106.8,-4.2,100,"bu","09:54:29",162600
106.8,-4.2,500,"bu","09:54:29",162500
106.6,-4.4,400,"bu","09:54:29",162000
106.6,-4.4,200,"sd","09:54:08",161600
106.5,-4.5,300,"sd","09:53:53",161400
106.6,-4.4,100,"sd","09:53:53",161100
106.6,-4.4,100,"sd","09:53:53",161000
106.6,-4.4,400,"sd","09:53:53",160900
106.6,-4.4,100,"sd","09:53:10",160500
106.8,-4.2,100,"bu","09:52:33",160400
106.7,-4.3,200,"sd","09:52:29",160300
106.7,-4.3,100,"sd","09:52:29",160100
106.7,-4.3,100,"sd","09:52:29",160000
106.7,-4.3,100,"sd","09:52:29",159900
106.8,-4.2,100,"bu","09:52:14",159800
106.7,-4.3,100,"sd","09:52:01",159700
106.8,-4.2,100,"bu","09:51:45",159600
106.8,-4.2,100,"sd","09:51:24",159500
106.8,-4.2,100,"sd","09:51:24",159400
107,-4,100,"bu","09:48:47",156100
107,-4,100,"bu","09:48:47",156000
107,-4,100,"bu","09:48:38",155900
107,-4,300,"bu","09:48:02",155800
107,-4,100,"bu","09:47:32",155500
107,-4,100,"bu","09:47:13",155400
107,-4,500,"sd","09:46:46",155300
107,-4,200,"bu","09:46:42",154800
107,-4,400,"bu","09:46:42",154600
107,-4,400,"bu","09:46:42",154200
107,-4,200,"bu","09:46:33",153800
107,-4,100,"sd","09:46:25",153600
107,-4,300,"sd","09:46:25",153500
107,-4,400,"sd","09:46:24",153200
107,-4,600,"sd","09:46:14",152800
107,-4,100,"sd","09:46:14",152200
107,-4,100,"sd","09:46:14",152100
107,-4,100,"sd","09:46:14",152000
107,-4,100,"sd","09:46:14",151900
107,-4,1000,"sd","09:46:14",151800
82.1,1.8,3200,"sd","09:42:48",1590900
82.2,1.9,800,"bu","09:42:44",1587700
82.2,1.9,7300,"bu","09:42:43",1586900
82.1,1.8,8300,"sd","09:42:38",1579600
82.2,1.9,500,"bu","09:42:33",1571300
82.2,1.9,38800,"sd","09:42:33",1570800
82.3,2,2600,"sd","09:42:33",1532000
82.4,2.1,100,"bu","09:42:23",1529400
82.4,2.1,100,"bu","09:42:16",1529300
82.3,2,200,"sd","09:42:11",1529200
82.4,2.1,100,"bu","09:42:09",1529000
82.3,2,100,"bu","09:42:03",1528900
82.2,1.9,200,"sd","09:41:58",1528800
82.2,1.9,200,"sd","09:41:48",1528600
82.3,2,900,"sd","09:41:48",1528400
82.3,2,200,"sd","09:41:40",1527500
82.3,2,600,"sd","09:41:38",1527300
82.3,2,2800,"sd","09:41:28",1526700
82.3,2,200,"sd","09:41:26",1523900
82.3,2,14000,"sd","09:41:24",1523700
107,-4,200,"sd","09:45:52",143300
107,-4,200,"sd","09:45:52",143100
107,-4,500,"sd","09:45:52",142900
107,-4,1200,"sd","09:45:52",142400
107,-4,100,"sd","09:45:50",141200
107,-4,100,"sd","09:45:39",141100
107,-4,500,"sd","09:45:36",141000
107,-4,2000,"sd","09:45:32",140500
107,-4,100,"sd","09:45:32",138500
107,-4,400,"sd","09:45:23",138400
107.1,-3.9,100,"sd","09:45:16",138000
107.2,-3.8,100,"sd","09:44:12",137900
107.2,-3.8,400,"sd","09:44:12",137800
107.2,-3.8,1100,"sd","09:44:12",137400
107.2,-3.8,500,"sd","09:44:01",136300
107.3,-3.7,200,"sd","09:43:41",135800
107.3,-3.7,200,"sd","09:43:41",135600
107.3,-3.7,100,"bu","09:43:36",135400
107.2,-3.8,1300,"sd","09:43:29",135300
107.3,-3.7,100,"sd","09:43:27",134000
107.3,-3.7,500,"unknown","09:43:17",133900
107.3,-3.7,100,"sd","09:43:16",133400
107.3,-3.7,100,"sd","09:43:13",133300
107.3,-3.7,100,"sd","09:43:05",133200
107.3,-3.7,200,"bu","09:43:04",133100
107.2,-3.8,100,"sd","09:42:59",132900
107.3,-3.7,500,"bu","09:42:56",132800
107.3,-3.7,100,"sd","09:42:50",132300
107.3,-3.7,200,"sd","09:42:50",132200
107.3,-3.7,100,"sd","09:42:44",132000
107.3,-3.7,600,"sd","09:42:44",131900
107.3,-3.7,100,"sd","09:42:44",131300
107.3,-3.7,100,"sd","09:42:43",131200
107.4,-3.6,500,"bu","09:42:34",131100
107.3,-3.7,600,"sd","09:42:06",130600
107.4,-3.6,100,"bu","09:41:54",130000
107.4,-3.6,500,"bu","09:41:47",129900
107.4,-3.6,200,"bu","09:41:30",129400
107.4,-3.6,100,"bu","09:41:27",129200
107.3,-3.7,700,"bu","09:41:18",129100
107.3,-3.7,300,"bu","09:41:02",128400
107.3,-3.7,200,"bu","09:40:59",128100
107,-4,400,"sd","09:40:49",127900
107.2,-3.8,100,"sd","09:40:49",127500
107.2,-3.8,400,"sd","09:40:49",127400
107.2,-3.8,400,"sd","09:40:30",127000
107.2,-3.8,200,"bu","09:40:28",126600
107,-4,900,"sd","09:40:15",126400
107,-4,100,"sd","09:40:13",125500
107,-4,200,"sd","09:40:12",125400
107,-4,100,"sd","09:39:46",125200
107.2,-3.8,200,"bu","09:39:45",125100
107.2,-3.8,100,"bu","09:39:43",124900
107,-4,700,"sd","09:39:41",124800
107.1,-3.9,100,"unknown","09:39:23",124100
107,-4,100,"sd","09:39:13",124000
107,-4,300,"sd","09:38:56",123900
107,-4,300,"sd","09:38:54",123600
107,-4,400,"sd","09:38:46",123300
107,-4,400,"sd","09:38:40",122900
82.8,2.5,400,"sd","09:35:58",1359200
82.8,2.5,1000,"sd","09:35:57",1358800
82.9,2.6,500,"bu","09:35:55",1357800
82.8,2.5,3500,"sd","09:35:48",1357300
82.9,2.6,200,"sd","09:35:48",1353800
83,2.7,300,"bu","09:35:40",1353600
82.9,2.6,18200,"sd","09:35:39",1353300
83,2.7,37700,"sd","09:35:36",1335100
83,2.7,25500,"sd","09:35:29",1297400
83,2.7,1800,"sd","09:35:28",1271900
83,2.7,2500,"sd","09:35:24",1270100
83,2.7,1500,"sd","09:35:22",1267600
83,2.7,2800,"sd","09:35:18",1266100
83,2.7,10000,"sd","09:35:15",1263300
83,2.7,300,"sd","09:35:08",1253300
83,2.7,1700,"sd","09:35:00",1253000
83.1,2.8,700,"bu","09:34:56",1251300
83.1,2.8,4800,"bu","09:34:48",1250600
83,2.7,3200,"sd","09:34:48",1245800
83.1,2.8,3800,"sd","09:34:42",1242600
83.1,2.8,100,"sd","09:34:38",1238800
83.1,2.8,500,"sd","09:34:32",1238700
83.1,2.8,300,"sd","09:34:28",1238200
83.2,2.9,300,"bu","09:34:23",1237900
83.1,2.8,1000,"sd","09:34:19",1237600
83.1,2.8,400,"sd","09:34:18",1236600
83.1,2.8,2100,"sd","09:34:16",1236200
83.1,2.8,100,"sd","09:34:00",1234100
83.1,2.8,100,"sd","09:33:58",1234000
83.1,2.8,500,"sd","09:33:48",1233900
83.2,2.9,200,"bu","09:33:42",1233400
83.2,2.9,2000,"bu","09:33:41",1233200
83.2,2.9,200,"bu","09:33:39",1231200
83.1,2.8,300,"sd","09:33:38",1231000
83.2,2.9,1000,"bu","09:33:29",1230700
83.1,2.8,900,"sd","09:33:28",1229700
83.2,2.9,100,"bu","09:33:27",1228800
83.2,2.9,1500,"bu","09:33:22",1228700
83.2,2.9,1700,"bu","09:33:21",1227200
83.2,2.9,100,"bu","09:33:20",1225500
106.2,-4.8,100,"sd","09:31:47",106800
106.2,-4.8,100,"sd","09:31:47",106700
106.2,-4.8,100,"sd","09:31:47",106600
106.2,-4.8,100,"sd","09:31:43",106500
106.2,-4.8,200,"sd","09:31:43",106400
106.2,-4.8,200,"sd","09:31:43",106200
106.4,-4.6,100,"bu","09:31:39",106000
106.2,-4.8,100,"sd","09:31:20",105900
106.2,-4.8,200,"bu","09:31:16",105800
106.2,-4.8,100,"bu","09:31:14",105600
106.2,-4.8,200,"bu","09:31:13",105500
106.2,-4.8,100,"bu","09:31:13",105300
106.2,-4.8,100,"bu","09:31:13",105200
106.2,-4.8,300,"sd","09:31:13",105100
106.2,-4.8,200,"sd","09:31:05",104800
106.2,-4.8,300,"sd","09:30:30",104600
106.2,-4.8,100,"sd","09:30:26",104300
106.2,-4.8,100,"bu","09:30:14",104200
106.2,-4.8,100,"bu","09:30:11",104100
106.2,-4.8,100,"bu","09:30:09",104000
106.2,-4.8,100,"bu","09:31:13",105300
106.2,-4.8,100,"bu","09:31:13",105200
106.2,-4.8,300,"sd","09:31:13",105100
106.2,-4.8,200,"sd","09:31:05",104800
106.2,-4.8,300,"sd","09:30:30",104600
106.2,-4.8,100,"sd","09:30:26",104300
106.2,-4.8,100,"bu","09:30:14",104200
106.2,-4.8,100,"bu","09:30:11",104100
106.2,-4.8,100,"bu","09:30:09",104000
106.2,-4.8,100,"bu","09:30:09",103900
106.1,-4.9,900,"sd","09:30:07",103800
106.1,-4.9,200,"sd","09:30:07",102900
106.1,-4.9,100,"sd","09:30:07",102700
106.2,-4.8,100,"bu","09:30:00",102600
106.2,-4.8,100,"bu","09:30:00",102500
106.2,-4.8,1000,"bu","09:29:55",102400
106.2,-4.8,1000,"bu","09:29:55",101400
106.2,-4.8,100,"bu","09:29:36",100400
106,-5,1000,"sd","09:29:29",100300
106,-5,5500,"sd","09:29:29",99300
83,2.7,3500,"bu","09:31:56",1106700
82.9,2.6,21100,"bu","09:31:51",1103200
82.9,2.6,500,"bu","09:31:50",1082100
82.8,2.5,6200,"sd","09:31:48",1081600
82.8,2.5,200,"sd","09:31:48",1075400
82.9,2.6,400,"bu","09:31:44",1075200
82.8,2.5,29200,"bu","09:31:39",1074800
82.7,2.4,1200,"sd","09:31:38",1045600
82.8,2.5,500,"bu","09:31:35",1044400
82.7,2.4,400,"bu","09:31:29",1043900
82.6,2.3,5200,"sd","09:31:28",1043500
82.7,2.4,20000,"bu","09:31:21",1038300
82.6,2.3,6200,"sd","09:31:19",1018300
82.6,2.3,1000,"bu","09:31:15",1012100
82.6,2.3,25200,"bu","09:31:14",1011100
82.5,2.2,4900,"sd","09:31:08",985900
82.5,2.2,23100,"bu","09:31:07",981000
82.4,2.1,300,"sd","09:31:04",957900
82.4,2.1,500,"sd","09:31:03",957600
82.4,2.1,800,"sd","09:30:58",957100
106.1,-4.9,200,"sd","09:28:49",80000
106.1,-4.9,100,"sd","09:28:49",79800
106.1,-4.9,1100,"sd","09:28:49",79700
106.2,-4.8,200,"bu","09:28:49",78600
106.1,-4.9,100,"sd","09:28:45",78400
106.2,-4.8,100,"bu","09:28:34",78300
106.2,-4.8,100,"bu","09:28:29",78200
106.2,-4.8,100,"bu","09:27:59",78100
106.2,-4.8,100,"sd","09:27:49",78000
106.2,-4.8,200,"sd","09:27:49",77900
106.2,-4.8,300,"sd","09:27:49",77700
106.2,-4.8,100,"sd","09:27:49",77400
106.2,-4.8,1000,"sd","09:27:49",77300
106.2,-4.8,100,"sd","09:27:49",76300
106.2,-4.8,1000,"sd","09:27:49",76200
106.2,-4.8,4000,"sd","09:27:49",75200
106.3,-4.7,1000,"sd","09:27:49",71200
106.3,-4.7,500,"sd","09:27:49",70200
106.3,-4.7,100,"sd","09:27:49",69700
106.4,-4.6,1000,"sd","09:27:49",69600
82.1,1.8,1100,"sd","09:29:21",906500
82.1,1.8,3800,"sd","09:29:11",905400
82.2,1.9,5000,"bu","09:29:06",901600
82.1,1.8,2900,"sd","09:29:01",896600
82.2,1.9,5000,"bu","09:29:01",893700
82.2,1.9,300,"bu","09:28:59",888700
82.1,1.8,2700,"sd","09:28:51",888400
82.2,1.9,6700,"sd","09:28:51",885700
82.2,1.9,2000,"sd","09:28:44",879000
82.2,1.9,200,"sd","09:28:42",877000
82.2,1.9,6900,"sd","09:28:41",876800
82.3,2,11000,"bu","09:28:40",869900
82.2,1.9,10000,"sd","09:28:34",858900
82.2,1.9,400,"sd","09:28:31",848900
82.2,1.9,1500,"sd","09:28:21",848500
82.2,1.9,1000,"sd","09:28:18",847000
82.2,1.9,700,"sd","09:28:17",846000
82.2,1.9,200,"sd","09:28:11",845300
82.2,1.9,800,"sd","09:28:01",845100
82.3,2,500,"bu","09:27:58",844300
107,-4,300,"bu","09:26:27",58100
107,-4,300,"sd","09:26:20",57800
107,-4,100,"sd","09:26:20",57500
107,-4,100,"sd","09:26:20",57400
107,-4,100,"sd","09:26:20",57300
107,-4,300,"sd","09:26:20",57200
107,-4,700,"sd","09:26:14",56900
107,-4,600,"sd","09:26:14",56200
107,-4,400,"sd","09:25:54",55600
107,-4,100,"sd","09:25:54",55200
107.2,-3.8,200,"bu","09:25:47",55100
107.2,-3.8,100,"bu","09:25:47",54900
107,-4,100,"sd","09:25:34",54800
107,-4,300,"sd","09:25:34",54700
107,-4,500,"sd","09:25:34",54400
107,-4,500,"sd","09:25:34",53900
107,-4,100,"sd","09:25:34",53400
107,-4,100,"sd","09:25:34",53300
107,-4,100,"sd","09:25:34",53200
107,-4,100,"sd","09:25:34",53100
107,-4,300,"sd","09:25:34",53000
107.2,-3.8,100,"sd","09:25:07",52700
107,-4,500,"sd","09:24:57",52600
107,-4,100,"sd","09:24:57",52100
107,-4,100,"sd","09:24:57",52000
107,-4,100,"sd","09:24:57",51900
107,-4,200,"sd","09:24:57",51800
107,-4,400,"sd","09:24:57",51600
107.1,-3.9,100,"sd","09:24:57",51200
107.1,-3.9,500,"sd","09:24:57",51100
107.2,-3.8,100,"sd","09:24:50",50600
107.2,-3.8,100,"sd","09:24:50",50500
107.2,-3.8,200,"bu","09:24:38",50400
107.2,-3.8,100,"sd","09:24:13",50200
107.2,-3.8,100,"sd","09:24:13",50100
107.2,-3.8,100,"sd","09:24:12",50000
107.3,-3.7,200,"bu","09:24:11",49900
107.2,-3.8,200,"sd","09:24:02",49700
107.2,-3.8,900,"sd","09:24:02",49500
107.2,-3.8,100,"bu","09:23:46",48600
107.2,-3.8,200,"sd","09:23:15",43200
107.9,-3.1,100,"bu","09:23:14",43000
107.3,-3.7,100,"sd","09:23:13",42900
107.5,-3.5,100,"unknown","09:23:13",42800
107.2,-3.8,100,"sd","09:22:54",42700
107.3,-3.7,200,"sd","09:22:54",42600
107.1,-3.9,300,"sd","09:22:20",42400
108,-3,200,"sd","09:22:11",42100
109,-2,200,"bu","09:22:06",41900
109,-2,2600,"bu","09:22:06",41700
108.5,-2.5,500,"bu","09:22:06",39100
108.5,-2.5,100,"bu","09:22:06",38600
108.5,-2.5,400,"bu","09:22:06",38500
108.3,-2.7,200,"bu","09:22:06",38100
108.2,-2.8,1000,"unknown","09:22:05",37900
108.2,-2.8,100,"bu","09:21:53",36900
106.7,-4.3,100,"unknown","09:21:48",36800
106.6,-4.4,100,"sd","09:21:47",36500
106.6,-4.4,100,"sd","09:21:47",36700
106.6,-4.4,100,"sd","09:21:47",36600
108.5,-2.5,100,"bu","09:22:06",38600
108.5,-2.5,400,"bu","09:22:06",38500
108.3,-2.7,200,"bu","09:22:06",38100
108.2,-2.8,1000,"unknown","09:22:05",37900
108.2,-2.8,100,"bu","09:21:53",36900
106.7,-4.3,100,"sd","09:21:48",36800
106.6,-4.4,100,"sd","09:21:47",36700
106.6,-4.4,100,"sd","09:21:47",36600
106.6,-4.4,100,"sd","09:21:47",36500
106.2,-4.8,200,"sd","09:21:14",36400
106.3,-4.7,500,"unknown","09:21:10",36200
108.3,-2.7,100,"bu","09:21:09",35700
106.2,-4.8,800,"sd","09:21:02",35600
106.2,-4.8,200,"sd","09:21:02",34800
106.2,-4.8,800,"sd","09:21:01",34600
106.1,-4.9,800,"unknown","09:20:39",33800
106,-5,400,"sd","09:20:20",33000
106,-5,300,"sd","09:20:19",32600
107,-4,100,"sd","09:20:19",32300
108,-3,500,"sd","09:20:19",32200
109.5,-1.5,300,"bu","09:19:47",27300
109.5,-1.5,100,"bu","09:19:38",27000
109.5,-1.5,300,"bu","09:19:38",26900
109.5,-1.5,1800,"bu","09:19:38",26600
109.5,-1.5,2000,"bu","09:19:38",24800
109.5,-1.5,600,"sd","09:19:37",22800
110,-1,500,"sd","09:19:37",22200
110,-1,200,"sd","09:19:37",21700
110,-1,100,"sd","09:19:37",21500
110,-1,100,"sd","09:19:37",21400
110,-1,300,"sd","09:19:37",21300
110,-1,100,"sd","09:19:37",21000
110,-1,1000,"sd","09:19:37",20900
110.1,-0.9,100,"sd","09:19:37",19900
110.1,-0.9,1000,"sd","09:19:37",19800
110.5,-0.5,300,"sd","09:19:36",18800
110.3,-0.7,100,"sd","09:19:36",18500
110.3,-0.7,100,"sd","09:19:36",18400
110.3,-0.7,10000,"sd","09:19:36",16100
110.3,-0.7,100,"sd","09:19:36",18300
82.5,2.2,100,"bu","09:21:48",662100
82.5,2.2,200,"bu","09:21:43",662000
82.4,2.1,2400,"sd","09:21:41",661800
82.5,2.2,300,"sd","09:21:41",659400
82.5,2.2,1000,"sd","09:21:39",659100
82.5,2.2,200,"sd","09:21:38",658100
82.5,2.2,200,"sd","09:21:35",657900
82.5,2.2,5000,"sd","09:21:32",657700
82.5,2.2,1500,"sd","09:21:30",650400
82.5,2.2,100,"sd","09:21:29",648900
82.5,2.2,100,"sd","09:21:27",648800
82.5,2.2,100,"sd","09:21:27",648700
82.5,2.2,500,"sd","09:21:23",648600
82.5,2.2,5500,"sd","09:21:21",648100
82.5,2.2,5000,"sd","09:21:20",642600
82.5,2.2,1500,"sd","09:21:17",637600
82.5,2.2,500,"sd","09:21:15",636100
82.6,2.3,2800,"bu","09:21:15",635600
82.5,2.2,100,"sd","09:21:14",632800
82.5,2.2,8600,"sd","09:21:11",632700
123,5.7,1000,"bu","10:00:15",896800
122.9,5.6,200,"sd","10:00:12",895800
123,5.7,200,"bu","10:00:01",895600
122.9,5.6,100,"sd","09:59:59",895400
122.9,5.6,200,"sd","09:59:59",895300
123,5.7,200,"bu","09:59:56",895100
123,5.7,100,"sd","09:59:54",894900
123,5.7,12000,"sd","09:59:54",894800
123,5.7,300,"sd","09:59:51",882800
123,5.7,200,"sd","09:59:46",882500
123,5.7,7500,"sd","09:59:45",882300
123,5.7,1000,"sd","09:59:45",874800
123,5.7,100,"sd","09:59:45",873800
123,5.7,500,"sd","09:59:45",873700
123,5.7,100,"sd","09:59:45",873200
123,5.7,500,"sd","09:59:45",873100
123,5.7,100,"sd","09:59:45",872600
123,5.7,200,"sd","09:59:45",872500
123,5.7,300,"sd","09:59:36",872300
123,5.7,100,"sd","09:59:21",872000
123,5.7,200,"sd","09:59:14",871900
123,5.7,100,"sd","09:59:14",871700
123,5.7,100,"sd","09:59:14",871600
123,5.7,100,"sd","09:59:14",871500
123,5.7,100,"sd","09:59:14",871400
123.1,5.8,1200,"bu","09:59:09",871300
123,5.7,4900,"sd","09:59:07",870100
123,5.7,400,"sd","09:59:07",865200
123,5.7,1000,"sd","09:59:07",864800
123,5.7,100,"sd","09:59:07",863800
123,5.7,100,"sd","09:59:07",863700
123,5.7,500,"sd","09:59:07",863600
123,5.7,1600,"sd","09:59:07",863100
123,5.7,100,"sd","09:59:07",861500
123,5.7,200,"sd","09:59:07",861400
123,5.7,100,"sd","09:59:07",861200
123,5.7,3000,"sd","09:59:07",861100
123.1,5.8,1000,"bu","09:59:02",858100
123.1,5.8,200,"bu","09:59:00",857100
123.1,5.8,100,"bu","09:58:56",856900
123.1,5.8,200,"bu","09:58:48",856800
123.1,5.8,200,"bu","09:58:43",856600
123.1,5.8,100,"bu","09:58:37",856400
123,5.7,10000,"sd","09:58:34",856300
123.1,5.8,1000,"bu","09:58:21",846300
123.1,5.8,200,"sd","09:58:21",845300
123.1,5.8,100,"sd","09:58:21",845100
123.1,5.8,100,"sd","09:58:21",845000
123.4,6.1,200,"bu","09:58:18",844900
123.4,6.1,1000,"bu","09:58:13",844700
123.1,5.8,1200,"sd","09:58:11",843700
123.1,5.8,1600,"sd","09:58:11",842500
123.2,5.9,200,"sd","09:58:11",840900
123.4,6.1,100,"bu","09:58:01",840700
123.4,6.1,400,"bu","09:58:01",840600
123.1,5.8,400,"bu","09:57:58",840200
123.1,5.8,200,"bu","09:57:52",839800
123,5.7,300,"sd","09:57:51",839600
123.1,5.8,500,"bu","09:57:49",839300
123.1,5.8,100,"sd","09:57:43",838800
81.8,1.5,500,"sd","09:19:35",407000
81.9,1.6,200,"bu","09:19:31",406500
81.8,1.5,300,"bu","09:19:28",406300
81.8,1.5,400,"bu","09:19:27",406000
81.7,1.4,200,"sd","09:19:18",405600
81.7,1.4,300,"bu","09:19:17",405400
81.7,1.4,600,"bu","09:19:16",405100
81.7,1.4,10300,"bu","09:19:15",404500
81.7,1.4,2400,"bu","09:19:08",394200
81.6,1.3,100,"sd","09:19:06",391800
81.7,1.4,100,"bu","09:18:40",391700
81.5,1.2,2900,"sd","09:18:35",391600
81.5,1.2,2300,"sd","09:18:33",388700
81.9,1.6,1600,"bu","09:18:33",386400
81.9,1.6,200,"bu","09:18:31",384800
81.9,1.6,100,"bu","09:18:29",384600
81.8,1.5,100,"bu","09:18:29",384500
81.9,1.6,800,"bu","09:18:27",384400
81.5,1.2,100,"sd","09:18:27",383600
81.6,1.3,400,"sd","09:18:27",383500
123.4,6.1,200,"bu","09:57:07",823500
123.4,6.1,200,"bu","09:57:06",823300
123.1,5.8,5000,"sd","09:57:05",823100
123.1,5.8,100,"sd","09:57:01",818100
123.4,6.1,500,"bu","09:56:57",818000
123.3,6,500,"bu","09:56:57",817500
123.4,6.1,100,"bu","09:56:43",817000
123.4,6.1,100,"bu","09:56:43",816900
123.3,6,500,"bu","09:56:43",816800
123.3,6,300,"bu","09:56:43",816300
123.1,5.8,1400,"sd","09:56:41",816000
123.3,6,500,"bu","09:56:41",814600
123.3,6,900,"bu","09:56:40",814100
123.2,5.9,1100,"bu","09:56:40",813200
123.2,5.9,900,"sd","09:56:39",812100
123.3,6,1000,"bu","09:56:35",811200
123.2,5.9,100,"sd","09:56:34",810200
123.2,5.9,500,"sd","09:56:34",810100
123.3,6,100,"bu","09:56:16",809600
123.3,6,200,"bu","09:56:03",809500
123.3,6,1000,"bu","09:56:35",811200
123.2,5.9,100,"sd","09:56:34",810200
123.2,5.9,500,"sd","09:56:34",810100
123.3,6,100,"bu","09:56:16",809600
123.3,6,200,"bu","09:56:03",809500
123.3,6,1800,"bu","09:56:03",809300
123.3,6,500,"bu","09:56:00",807500
123.3,6,300,"sd","09:55:56",807000
123.3,6,400,"sd","09:55:56",806700
123.3,6,600,"sd","09:55:50",806300
123.3,6,100,"bu","09:55:49",805700
123.3,6,900,"bu","09:55:49",805600
123.3,6,100,"bu","09:55:44",804700
123.2,5.9,500,"unknown","09:55:44",804600
123.2,5.9,400,"unknown","09:55:44",804100
123.2,5.9,100,"bu","09:55:40",803700
123.1,5.8,1300,"sd","09:55:33",803600
123.2,5.9,200,"bu","09:55:20",802300
123.1,5.8,400,"sd","09:55:18",802100
123.1,5.8,500,"sd","09:55:18",801700
123.1,5.8,100,"sd","09:55:18",801200
123.1,5.8,100,"sd","09:55:17",801100
123.1,5.8,100,"sd","09:55:05",801000
123.1,5.8,700,"sd","09:55:02",800900
123.1,5.8,100,"sd","09:55:02",800200
123.1,5.8,1000,"sd","09:55:02",800100
123.1,5.8,100,"sd","09:55:02",799100
123.1,5.8,100,"sd","09:55:02",799000
123.1,5.8,700,"sd","09:55:02",798900
123.2,5.9,200,"bu","09:54:56",798200
123.2,5.9,100,"bu","09:54:53",798000
123.2,5.9,500,"bu","09:54:44",797900
123.1,5.8,100,"sd","09:54:41",797400
123.2,5.9,100,"bu","09:54:40",797300
123.1,5.8,600,"sd","09:54:38",797200
123.1,5.8,600,"sd","09:54:31",796600
123.1,5.8,6400,"sd","09:54:30",796000
123.2,5.9,200,"bu","09:54:30",789600
123.1,5.8,1400,"sd","09:54:27",789400
123.4,6.1,200,"sd","09:54:24",788000
123.4,6.1,100,"sd","09:54:24",787800
123.4,6.1,100,"sd","09:54:23",787700
123.5,6.2,300,"bu","09:54:18",787600
123.5,6.2,200,"bu","09:54:18",787300
123.5,6.2,7800,"bu","09:54:18",787100
123.4,6.1,200,"bu","09:54:18",779300
123.4,6.1,300,"bu","09:54:18",779100
123.4,6.1,200,"bu","09:54:18",778800
123.3,6,500,"bu","09:54:18",778600
123.2,5.9,500,"bu","09:54:18",778100
123.1,5.8,100,"sd","09:54:17",777600
123.1,5.8,1000,"sd","09:54:13",777500
123.2,5.9,100,"bu","09:54:12",776500
123.1,5.8,1000,"sd","09:54:06",776400
123.1,5.8,100,"unknown","09:54:03",775400
123,5.7,500,"sd","09:53:51",775300
123.3,6,800,"bu","09:53:48",774800
123.3,6,1600,"bu","09:53:48",774000
123.2,5.9,100,"bu","09:53:48",772400
123,5.7,3000,"sd","09:53:48",772300
123,5.7,200,"bu","09:53:29",766500
123,5.7,900,"bu","09:53:29",766300
122.9,5.6,100,"sd","09:53:21",765400
122.9,5.6,200,"sd","09:53:21",765300
122.9,5.6,400,"bu","09:53:20",765100
123,5.7,100,"bu","09:53:15",764700
123,5.7,400,"bu","09:53:15",764600
123,5.7,100,"bu","09:52:56",764200
122.7,5.4,300,"sd","09:52:53",764100
122.7,5.4,200,"sd","09:52:53",763800
122.7,5.4,100,"sd","09:52:53",763600
123.3,6,200,"bu","09:52:47",763500
123.3,6,100,"bu","09:52:47",763300
123.2,5.9,100,"bu","09:52:47",763200
123,5.7,200,"sd","09:52:44",763100
123,5.7,500,"sd","09:52:44",762900
123,5.7,200,"sd","09:52:44",762400
123,5.7,100,"sd","09:52:44",762200
123,5.7,1000,"sd","09:52:44",762100
123,5.7,1000,"sd","09:52:44",761100
123,5.7,1000,"sd","09:52:44",762100
123,5.7,1000,"sd","09:52:44",761100
123,5.7,1200,"sd","09:52:44",760100
123,5.7,200,"sd","09:52:44",758900
123,5.7,500,"sd","09:52:44",758700
123,5.7,200,"sd","09:52:44",758200
123,5.7,100,"sd","09:52:44",758000
123,5.7,100,"sd","09:52:42",757900
123,5.7,3700,"sd","09:52:40",757800
123,5.7,700,"sd","09:52:36",754100
123,5.7,5000,"sd","09:52:27",753400
123,5.7,600,"sd","09:52:01",748400
123.4,6.1,100,"bu","09:51:58",747800
123,5.7,5000,"sd","09:51:57",747700
123.4,6.1,400,"bu","09:51:46",742700
123.4,6.1,400,"bu","09:51:46",742300
123.3,6,200,"bu","09:51:46",741900
123.4,6.1,1000,"bu","09:51:40",741700
123.4,6.1,100,"bu","09:51:40",740700
123.4,6.1,200,"bu","09:51:40",740600
123,5.7,600,"sd","09:51:02",739700
123.5,6.2,600,"bu","09:50:58",739100
123.4,6.1,100,"bu","09:50:58",738500
123,5.7,3100,"bu","09:50:48",738400
123,5.7,100,"bu","09:50:43",735300
123,5.7,20000,"bu","09:50:40",735200
123,5.7,2000,"bu","09:50:40",715200
123,5.7,100,"bu","09:50:38",713200
123,5.7,1200,"bu","09:50:37",713100
123,5.7,100,"bu","09:50:36",711900
123,5.7,100,"sd","09:50:34",711800
123,5.7,600,"sd","09:50:34",711700
123,5.7,100,"sd","09:50:34",711100
123,5.7,100,"sd","09:50:34",711000
123,5.7,1000,"sd","09:50:34",710900
123,5.7,300,"sd","09:50:34",709900
123,5.7,500,"sd","09:50:34",709600
123,5.7,200,"sd","09:50:34",709100
123,5.7,100,"sd","09:50:34",708900
123,5.7,100,"sd","09:50:34",708800
123.1,5.8,300,"sd","09:50:34",708700
123.5,6.2,100,"bu","09:50:29",708400
123.5,6.2,200,"bu","09:50:26",708300
123.1,5.8,500,"sd","09:50:26",708100
123.5,6.2,100,"bu","09:50:20",707600
123.1,5.8,100,"bu","09:50:20",707500
123,5.7,100,"sd","09:50:18",707400
123,5.7,100,"sd","09:50:18",707300
123,5.7,100,"sd","09:50:18",707200
123,5.7,100,"sd","09:50:18",707100
123,5.7,200,"sd","09:50:18",707000
123,5.7,1100,"sd","09:50:18",706800
123,5.7,100,"sd","09:50:18",705700
123,5.7,100,"sd","09:50:12",705600
123,5.7,1800,"sd","09:50:09",705500
123.5,6.2,300,"bu","09:50:03",703700
123,5.7,600,"sd","09:49:53",703400
123.5,6.2,100,"bu","09:49:52",702800
123,5.7,600,"sd","09:49:44",702700
123.5,6.2,1500,"bu","09:49:38",702100
123,5.7,600,"sd","09:49:24",700600
123.1,5.8,200,"sd","09:49:24",700000
123.1,5.8,1200,"sd","09:49:24",699800
123.5,6.2,1000,"bu","09:49:21",698600
123.1,5.8,200,"sd","09:49:20",697600
123.1,5.8,400,"sd","09:49:20",697400
123.2,5.9,300,"sd","09:49:20",697000
123.5,6.2,300,"bu","09:49:19",696700
123.5,6.2,200,"bu","09:49:10",696400
123,5.7,9700,"sd","09:49:08",696200
123.1,5.8,300,"unknown","09:49:08",686500
123.5,6.2,1000,"bu","09:49:07",686200
123.5,6.2,100,"bu","09:49:05",685200
123.5,6.2,100,"bu","09:49:03",685100
123.5,6.2,1000,"bu","09:49:02",685000
123.5,6.2,10000,"bu","09:49:01",684000
123.5,6.2,1000,"bu","09:48:57",674000
123.5,6.2,1100,"bu","09:48:56",673000
123.5,6.2,1800,"bu","09:48:55",671900
123,5.7,700,"sd","09:48:54",670100
123.5,6.2,100,"bu","09:48:53",669400
123.5,6.2,900,"bu","09:48:46",669300
123.5,6.2,1000,"bu","09:48:46",668400
123.5,6.2,200,"bu","09:48:44",667400
123.5,6.2,100,"bu","09:48:44",667200
123.5,6.2,200,"bu","09:48:44",667100
123.5,6.2,1800,"bu","09:48:42",666900
123.1,5.8,200,"bu","09:48:42",665100
123.3,6,700,"sd","09:48:42",664900
123.5,6.2,1500,"bu","09:48:42",664200
123.5,6.2,5000,"bu","09:48:41",662700
123.5,6.2,2000,"bu","09:48:41",657700
123.5,6.2,2000,"bu","09:48:41",655700
123.5,6.2,3900,"bu","09:48:41",653700
123.3,6,300,"sd","09:48:38",649800
123.3,6,300,"sd","09:48:38",649500
123.5,6.2,500,"bu","09:48:37",649200
123.5,6.2,2400,"bu","09:48:35",648700
123.5,6.2,500,"bu","09:48:34",646300
123.5,6.2,1000,"bu","09:48:34",645800
123.5,6.2,100,"bu","09:48:34",644800
123.5,6.2,16000,"bu","09:48:34",644700
123.5,6.2,1000,"bu","09:48:34",628700
123.5,6.2,200,"bu","09:48:33",627700
123.3,6,200,"sd","09:48:32",627500
123.5,6.2,3300,"bu","09:48:31",627300
123.5,6.2,700,"bu","09:48:31",624000
123.5,6.2,500,"bu","09:48:30",623300
123.5,6.2,1700,"bu","09:48:25",622800
123.5,6.2,100,"bu","09:48:25",614500
123.5,6.2,6600,"bu","09:48:25",621100
123.3,6,1900,"bu","09:48:25",614400
123.3,6,100,"bu","09:48:20",612500
123,5.7,500,"bu","09:48:12",612400
123,5.7,500,"bu","09:48:12",611900
123,5.7,100,"bu","09:48:12",611400
123,5.7,80000,"bu","09:48:12",611300
123,5.7,500,"bu","09:48:12",531300
123,5.7,300,"bu","09:48:12",530800
123,5.7,200,"bu","09:48:12",530500
123,5.7,2600,"bu","09:48:12",530300
123,5.7,1000,"bu","09:48:11",527700
123,5.7,100,"bu","09:48:06",526700
123,5.7,6300,"bu","09:48:04",526600
123,5.7,500,"bu","09:48:04",520300
123,5.7,200,"bu","09:48:04",519800
123,5.7,400,"bu","09:48:04",519600
123,5.7,2600,"bu","09:48:04",519200
123,5.7,2400,"bu","09:48:00",516600
123,5.7,500,"bu","09:48:00",514200
123,5.7,100,"bu","09:48:00",513700
123,5.7,100,"bu","09:48:00",513600
123,5.7,100,"bu","09:48:00",513500
123,5.7,300,"bu","09:48:00",513400
123,5.7,200,"bu","09:48:00",513100
123,5.7,100,"bu","09:48:00",512900
123,5.7,700,"bu","09:48:00",512800
123,5.7,100,"bu","09:48:00",512100
123,5.7,100,"bu","09:48:00",512000
123,5.7,3000,"bu","09:48:00",511900
123,5.7,100,"bu","09:48:00",512900
123,5.7,700,"bu","09:48:00",512800
123,5.7,100,"bu","09:48:00",512100
123,5.7,100,"bu","09:48:00",512000
123,5.7,3000,"bu","09:48:00",511900
122.9,5.6,500,"bu","09:48:00",508900
123,5.7,6900,"bu","09:48:00",508400
123,5.7,7000,"bu","09:48:00",501500
123,5.7,100,"bu","09:48:00",494500
122.8,5.5,6900,"bu","09:48:00",494400
122.9,5.6,20000,"bu","09:48:00",487500
122.9,5.6,300,"bu","09:48:00",467400
122.9,5.6,100,"bu","09:48:00",467500
122.8,5.5,800,"bu","09:48:00",467100
122.8,5.5,500,"bu","09:48:00",466300
122.8,5.5,5000,"bu","09:48:00",465800
122.8,5.5,5000,"bu","09:48:00",460800
122.8,5.5,2600,"bu","09:48:00",455800
122.8,5.5,7000,"bu","09:48:00",453200
122.8,5.5,100,"bu","09:47:57",446200
122.6,5.3,100,"sd","09:47:57",446100
122.6,5.3,100,"bu","09:47:56",446000
122.5,5.2,900,"sd","09:47:50",445900
122.5,5.2,1400,"bu","09:47:49",445000
122.5,5.2,100,"bu","09:47:49",443600
122.5,5.2,100,"bu","09:47:49",443500
122.5,5.2,200,"bu","09:47:49",443400
122.5,5.2,300,"bu","09:47:49",443200
122.5,5.2,400,"bu","09:47:49",442900
122.5,5.2,5000,"bu","09:47:49",442500
122.5,5.2,700,"bu","09:47:49",437500
122.5,5.2,18900,"bu","09:47:49",436800
122.5,5.2,1100,"bu","09:47:49",417900
122.4,5.1,500,"bu","09:47:49",416800
122.4,5.1,1000,"bu","09:47:49",416300
122.3,5,200,"bu","09:47:45",415300
122.3,5,100,"bu","09:47:45",415100
122.3,5,200,"bu","09:47:45",415000
122.3,5,800,"bu","09:47:42",414800
122.3,5,100,"bu","09:47:42",414000
122.3,5,100,"bu","09:47:42",413900
122.2,4.9,1000,"sd","09:47:40",413800
122.2,4.9,100,"bu","09:47:40",412800
122.2,4.9,400,"bu","09:47:36",412700
122.2,4.9,100,"bu","09:47:34",412300
122.1,4.8,100,"bu","09:47:30",412200
122.1,4.8,100,"bu","09:47:30",412100
122.1,4.8,1000,"bu","09:47:30",412000
122.1,4.8,500,"bu","09:47:30",411000
122,4.7,5000,"sd","09:47:20",410500
122,4.7,200,"sd","09:47:15",405500
122,4.7,100,"sd","09:47:15",405300
122,4.7,300,"bu","09:47:15",405200
122,4.7,1000,"bu","09:47:15",404900
122,4.7,100,"bu","09:47:15",403900
122,4.7,200,"bu","09:47:15",403800
122,4.7,700,"bu","09:47:15",403600
122,4.7,100,"bu","09:47:15",402900
122,4.7,1000,"bu","09:47:15",402800
122,4.7,100,"bu","09:47:15",401800
122,4.7,77200,"bu","09:47:15",401700
122,4.7,100,"bu","09:47:15",324500
122,4.7,20000,"bu","09:47:15",324400
122,4.7,300,"bu","09:47:15",304400
122,4.7,500,"bu","09:47:15",304100
122,4.7,100,"bu","09:47:15",303600
122,4.7,1000,"bu","09:47:15",303500
122,4.7,300,"bu","09:47:15",302500
122,4.7,1400,"bu","09:47:15",302200
122,4.7,100,"bu","09:47:15",300800
122,4.7,200,"bu","09:47:15",300700
122,4.7,100,"bu","09:47:15",300500
122,4.7,500,"bu","09:47:15",300400
122,4.7,300,"bu","09:47:15",299900
122,4.7,300,"bu","09:47:15",299600
122,4.7,100,"bu","09:47:15",299300
122,4.7,200,"bu","09:47:15",299200
122,4.7,100,"bu","09:47:15",299000
122,4.7,200,"bu","09:47:15",298900
122,4.7,500,"bu","09:47:15",298700
122,4.7,200,"bu","09:47:15",291600
122,4.7,400,"bu","09:47:15",291400
122,4.7,200,"bu","09:47:15",291000
122,4.7,100,"bu","09:47:15",290800
122,4.7,200,"bu","09:47:15",290700
122,4.7,1000,"bu","09:47:15",290500
122,4.7,400,"bu","09:47:15",289500
121.9,4.6,100,"bu","09:47:15",289100
121.9,4.6,300,"bu","09:47:15",289000
121.8,4.5,200,"bu","09:47:11",288700
121.8,4.5,100,"bu","09:47:08",288500
121.8,4.5,2000,"bu","09:47:01",288400
121.8,4.5,300,"bu","09:46:58",286400
121.8,4.5,1200,"bu","09:46:57",286100
121.8,4.5,1000,"bu","09:46:55",284900
121.8,4.5,200,"sd","09:46:54",283900
121.9,4.6,200,"bu","09:46:54",283700
121.9,4.6,200,"bu","09:46:54",283500
121.9,4.6,100,"bu","09:46:54",283300
121.9,4.6,100,"bu","09:46:54",283200
121.9,4.6,200,"bu","09:46:54",283700
121.9,4.6,200,"bu","09:46:54",283500
121.9,4.6,100,"bu","09:46:54",283300
121.9,4.6,100,"bu","09:46:54",283200
121.9,4.6,400,"bu","09:46:50",283100
121.9,4.6,400,"bu","09:46:50",282700
121.8,4.5,500,"bu","09:46:49",282300
121.8,4.5,100,"bu","09:46:49",281800
121.8,4.5,200,"bu","09:46:49",281700
121.7,4.4,400,"bu","09:46:46",281500
121.7,4.4,4600,"bu","09:46:38",281100
121.7,4.4,100,"bu","09:46:38",276500
121.7,4.4,300,"bu","09:46:38",276400
121.6,4.3,500,"bu","09:46:24",276100
121.6,4.3,100,"bu","09:46:24",275600
121.6,4.3,200,"bu","09:46:24",275500
121.6,4.3,400,"bu","09:46:24",275300
121.6,4.3,100,"bu","09:46:24",274900
121.6,4.3,500,"bu","09:46:20",274800
121.6,4.3,2500,"bu","09:46:19",274300
121.6,4.3,100,"bu","09:46:17",271800
121.5,4.2,300,"bu","09:46:05",271700
121.5,4.2,1000,"bu","09:46:01",271400
121.5,4.2,3700,"bu","09:46:01",270400
121.5,4.2,100,"bu","09:46:01",266700
121.5,4.2,200,"bu","09:46:01",266600
121.5,4.2,100,"bu","09:45:47",266400
121.5,4.2,500,"bu","09:45:47",266300
121.5,4.2,100,"bu","09:45:47",265800
121.5,4.2,800,"bu","09:45:47",265700
121.5,4.2,200,"bu","09:45:47",264900
121.5,4.2,100,"bu","09:45:47",264700
121.5,4.2,200,"bu","09:45:47",264600
121.5,4.2,100,"bu","09:45:44",264400
121.4,4.1,200,"bu","09:45:34",264300
121.4,4.1,500,"bu","09:45:34",264100
121.4,4.1,1000,"bu","09:45:29",263600
121.4,4.1,600,"bu","09:45:23",262600
121.4,4.1,400,"bu","09:45:23",262000
121.4,4.1,1000,"bu","09:45:19",261600
121.4,4.1,1000,"bu","09:44:55",260600
121.3,4,200,"sd","09:44:40",259600
121.3,4,100,"sd","09:44:39",259400
121.2,3.9,1900,"sd","09:44:31",259300
121.2,3.9,1600,"sd","09:44:31",257400
121.3,4,100,"sd","09:44:31",255800
121.3,4,100,"sd","09:44:31",255700
121.3,4,500,"sd","09:44:31",255600
121.3,4,800,"sd","09:44:31",255100
121.4,4.1,500,"bu","09:44:28",254300
121.4,4.1,200,"bu","09:44:28",253800
121.4,4.1,400,"bu","09:44:28",253600
121.4,4.1,100,"bu","09:44:28",253200
121.3,4,1000,"sd","09:44:09",253100
121.4,4.1,300,"bu","09:44:06",252100
121.3,4,300,"bu","09:43:52",251800
121.3,4,200,"bu","09:43:52",251500
121.3,4,500,"bu","09:43:52",251300
121.2,3.9,2000,"bu","09:43:42",250800
121.2,3.9,500,"bu","09:43:42",248800
121.2,3.9,100,"bu","09:43:03",248300
121,3.7,100,"sd","09:42:32",248200
121,3.7,100,"sd","09:42:32",248100
121,3.7,300,"sd","09:42:32",248000
121,3.7,100,"sd","09:42:32",247700
121,3.7,200,"sd","09:42:32",247600
121,3.7,200,"sd","09:42:32",247400
121,3.7,1000,"sd","09:42:32",247200
121,3.7,500,"sd","09:42:26",246200
121,3.7,400,"sd","09:42:19",245700
121,3.7,100,"sd","09:42:19",245300
121,3.7,3300,"sd","09:41:58",245200
121.1,3.8,1700,"sd","09:41:58",241900
121.1,3.8,100,"unknown","09:41:39",240200
121.2,3.9,1000,"unknown","09:41:39",240100
121.2,3.9,200,"unknown","09:41:39",239100
121.2,3.9,2000,"unknown","09:41:39",238900
121.2,3.9,600,"unknown","09:41:39",236900
121.3,4,200,"unknown","09:41:39",236300
121.3,4,900,"unknown","09:41:39",236100
121.3,4,1000,"sd","09:40:42",234100
121.3,4,700,"sd","09:40:36",233100
121.3,4,300,"sd","09:40:36",232400
121.3,4,100,"sd","09:39:56",232100
121.3,4,100,"sd","09:39:37",232000
121.3,4,400,"sd","09:39:37",231900
121.4,4.1,200,"bu","09:39:00",231500
121.4,4.1,200,"bu","09:38:37",231300
121.4,4.1,500,"bu","09:38:30",231100
121.4,4.1,100,"bu","09:38:13",230600
121.4,4.1,100,"bu","09:38:03",230500
121.4,4.1,300,"bu","09:38:03",230400
121.2,3.9,400,"sd","09:38:03",230100
121.2,3.9,500,"sd","09:38:03",229700
121.2,3.9,4100,"sd","09:38:03",229200
121.4,4.1,200,"bu","09:37:55",225100
121.4,4.1,500,"bu","09:37:55",224900
121.4,4.1,300,"bu","09:37:55",224400
121.4,4.1,100,"bu","09:37:41",224100
121.4,4.1,100,"bu","09:37:15",224000
121.4,4.1,100,"bu","09:37:10",223900
121,3.7,400,"sd","09:36:57",223800
121.1,3.8,300,"sd","09:36:57",223400
121.1,3.8,500,"sd","09:36:57",223100
121.1,3.8,200,"sd","09:36:57",222600
121.4,4.1,1000,"bu","09:36:50",222400
121.2,3.9,200,"bu","09:36:37",221400
121.2,3.9,1000,"bu","09:36:37",221200
121.1,3.8,100,"bu","09:36:25",220200
121,3.7,200,"bu","09:36:14",220100
121,3.7,200,"bu","09:36:14",219900
121,3.7,800,"bu","09:36:14",219700
121,3.7,200,"bu","09:36:10",218900
121,3.7,400,"bu","09:36:10",218700
121,3.7,1500,"bu","09:36:10",218300
121,3.7,2900,"bu","09:36:10",216800
120.8,3.5,500,"bu","09:35:47",213900
121,3.7,500,"bu","09:35:38",213400
121,3.7,100,"bu","09:35:38",212900
121,3.7,2700,"bu","09:35:38",212800
120.8,3.5,400,"bu","09:35:38",210100
120.6,3.3,100,"sd","09:35:35",209700
120.8,3.5,200,"bu","09:35:33",209600
120.8,3.5,100,"bu","09:35:26",209400
120.8,3.5,100,"bu","09:35:26",209300
120.8,3.5,100,"bu","09:35:26",209200
120.6,3.3,100,"bu","09:34:51",209100
120.6,3.3,400,"bu","09:34:49",209000
120.5,3.2,100,"bu","09:34:49",208600
120.4,3.1,800,"sd","09:34:44",208500
120.5,3.2,100,"sd","09:34:43",207700
120.5,3.2,100,"bu","09:34:37",207600
120.4,3.1,500,"sd","09:34:32",207500
120.5,3.2,500,"bu","09:33:48",207000
120.5,3.2,200,"bu","09:33:48",206500
120.5,3.2,100,"bu","09:33:48",206300
120.5,3.2,200,"bu","09:33:48",206200
120.3,3,1600,"bu","09:33:40",206000
120.2,2.9,200,"bu","09:33:12",204400
120.1,2.8,100,"sd","09:33:10",204200
120.2,2.9,100,"sd","09:33:04",204100
120.2,2.9,100,"sd","09:33:04",204000
120.2,2.9,200,"sd","09:33:00",203900
120.2,2.9,200,"sd","09:32:50",203700
120.2,2.9,500,"sd","09:32:35",203500
120.2,2.9,100,"sd","09:32:31",203000
120.4,3.1,200,"sd","09:32:21",202900
120.4,3.1,100,"sd","09:32:21",202700
120.4,3.1,100,"sd","09:32:12",202600
120.4,3.1,100,"sd","09:32:12",202500
120.4,3.1,100,"sd","09:32:07",202400
120.4,3.1,300,"sd","09:31:57",202300
120.4,3.1,200,"sd","09:31:53",202000
120.4,3.1,300,"sd","09:31:50",201800
120.4,3.1,200,"sd","09:31:50",201500
120.4,3.1,1000,"sd","09:31:50",201300
120.5,3.2,200,"sd","09:31:37",200300
120.5,3.2,100,"sd","09:31:37",200100
120.5,3.2,100,"sd","09:31:22",200000
120.5,3.2,300,"sd","09:31:22",199900
120.5,3.2,100,"sd","09:31:20",199600
120.5,3.2,300,"sd","09:31:07",199500
120.5,3.2,300,"sd","09:30:54",199200
120.5,3.2,100,"sd","09:30:54",198900
120.5,3.2,200,"sd","09:30:54",198800
120.6,3.3,300,"sd","09:30:29",198600
120.6,3.3,100,"sd","09:30:29",198300
120.6,3.3,100,"sd","09:30:17",198200
120.8,3.5,400,"sd","09:30:00",198100
120.8,3.5,600,"sd","09:29:59",197700
120.8,3.5,200,"sd","09:29:59",197100
120.8,3.5,500,"sd","09:29:54",196900
120.8,3.5,300,"sd","09:29:50",196400
120.8,3.5,700,"sd","09:29:50",196100
120.8,3.5,300,"sd","09:29:37",195400
120.9,3.6,200,"sd","09:29:37",195100
121,3.7,100,"sd","09:29:20",194900
121,3.7,200,"sd","09:29:20",194800
121,3.7,100,"sd","09:29:20",194600
121,3.7,3000,"sd","09:29:20",194500
121,3.7,100,"sd","09:29:20",191500
121,3.7,300,"sd","09:29:20",191400
121,3.7,500,"sd","09:29:20",191100
121,3.7,100,"sd","09:29:20",190600
121,3.7,100,"sd","09:29:20",190500
121,3.7,100,"sd","09:29:20",190400
121,3.7,100,"sd","09:29:20",190300
121,3.7,600,"sd","09:29:20",190200
121,3.7,100,"sd","09:29:07",189600
121.1,3.8,200,"bu","09:29:03",189500
121,3.7,4000,"sd","09:29:02",189300
121,3.7,2000,"sd","09:28:59",185300
121.1,3.8,300,"bu","09:28:45",183300
121,3.7,800,"sd","09:28:43",183000
121,3.7,3500,"sd","09:28:39",182200
121,3.7,100,"sd","09:28:33",178700
121,3.7,200,"sd","09:28:24",178600
121.1,3.8,200,"sd","09:28:16",178400
121,3.7,400,"sd","09:28:06",178200
121.1,3.8,100,"sd","09:28:06",177800
121,3.7,200,"sd","09:28:24",178600
121.1,3.8,200,"sd","09:28:16",178400
121,3.7,400,"sd","09:28:06",178200
121.1,3.8,100,"sd","09:28:06",177800
121.1,3.8,100,"sd","09:28:01",177700
121,3.7,1500,"sd","09:27:29",177600
121.2,3.9,200,"bu","09:27:23",176100
121.2,3.9,100,"sd","09:27:10",175900
121.2,3.9,200,"bu","09:27:07",175800
121,3.7,6500,"sd","09:26:54",175600
121.1,3.8,100,"sd","09:26:54",169100
121.1,3.8,1000,"sd","09:26:54",169000
121.1,3.8,1000,"sd","09:26:54",168000
121.1,3.8,600,"sd","09:26:54",167000
121.2,3.9,800,"sd","09:26:54",166400
121.2,3.9,200,"sd","09:26:52",165600
121.2,3.9,200,"sd","09:26:52",165400
121.3,4,500,"bu","09:26:40",165200
121.3,4,100,"sd","09:26:07",164700
121.3,4,100,"sd","09:26:04",164600
121.3,4,100,"sd","09:26:02",164500
121.3,4,100,"sd","09:25:58",164400
121.3,4,400,"sd","09:25:58",164300
121.3,4,100,"sd","09:25:55",163900
121.3,4,500,"sd","09:25:46",163800
121.5,4.2,200,"bu","09:25:33",163300
121.5,4.2,200,"bu","09:25:33",163100
121.5,4.2,100,"bu","09:25:16",162900
121.5,4.2,100,"sd","09:24:49",162800
121.6,4.3,200,"bu","09:24:39",162700
121.5,4.2,200,"bu","09:24:35",162500
121.5,4.2,100,"unknown","09:24:16",162300
121.5,4.2,1200,"unknown","09:24:16",162200
121.3,4,500,"unknown","09:24:16",161000
121.3,4,300,"unknown","09:24:16",160500
121.3,4,600,"unknown","09:24:16",160200
121.6,4.3,1700,"bu","09:24:16",159600
121.5,4.2,100,"bu","09:24:16",157900
121.5,4.2,100,"bu","09:24:16",157800
121.3,4,2000,"bu","09:24:15",157700
