"price","change","match_qtty","side","time","total_vol"
8,0.1,100,"bu","14:29:00",12600
7.9,0,100,"sd","14:17:08",12500
7.9,0,1500,"sd","13:55:05",12400
8,0.1,100,"bu","13:19:59",10900
8,0.1,1300,"bu","11:09:28",10800
7.9,0,4100,"sd","09:48:37",9500
8,0.1,400,"","09:42:08",5400
8,0.1,5000,"","09:36:46",5000
8,-0.1,100,"sd","09:23:44",200
8,-0.1,100,"","09:02:00",100
8,-0.3,3000,"bu","10:58:11",127500
8,-0.3,3000,"bu","10:58:08",124500
8,-0.3,400,"bu","10:57:56",121500
8,-0.3,500,"bu","10:57:50",121100
8,-0.3,2000,"bu","10:57:39",120600
8.2,-0.1,100,"bu","09:59:41",15300
8.1,-0.2,400,"sd","10:07:28",44800
8.3,0,400,"sd","09:50:50",800
8.4,0.1,100,"bu","09:00:15",100
8.2,-0.1,100,"sd","09:05:29",200
8.3,0,200,"sd","09:23:44",400
8.3,-0.5,200,"bu","09:41:24",8100
8.3,-0.5,700,"sd","09:41:23",7900
8.1,-0.7,1300,"sd","09:31:48",7200
8.2,-0.6,900,"sd","09:30:05",5900
8.2,-0.6,3700,"sd","09:28:15",5000
8.5,-0.3,100,"sd","09:25:35",1300
8.5,-0.3,300,"sd","09:22:39",1200
8.2,-0.6,300,"sd","09:21:30",900
8.7,-0.1,200,"sd","09:20:20",600
8.6,-0.2,300,"sd","09:19:59",400
8.8,0,100,"sd","09:15:14",100
9.7,-0.8,100,"bu","09:57:33",13400
9.7,-0.8,3200,"bu","09:57:06",13300
9.6,-0.9,3000,"sd","09:57:05",10100
9.7,-0.8,100,"bu","09:56:49",7100
9.7,-0.8,200,"bu","09:56:38",7000
9.7,-0.8,100,"bu","09:56:17",6800
9.7,-0.8,100,"bu","09:56:11",6700
9.7,-0.8,100,"bu","09:55:52",6600
9.7,-0.8,500,"bu","09:55:28",6500
9.7,-0.8,200,"","09:53:58",6000
9.7,-0.8,100,"bu","09:53:51",5800
9.7,-0.8,100,"bu","09:53:41",5700
9.7,-0.8,100,"bu","09:53:06",5600
9.6,-0.9,2400,"sd","09:53:00",5500
9.8,-0.7,200,"bu","09:52:29",3100
9.8,-0.7,200,"bu","09:51:21",2900
9.8,-0.7,2600,"bu","09:50:59",2700
10.5,0,100,"bu","09:20:27",100
12,0.5,400,"sd","09:23:28",55900
12,0.5,2200,"sd","09:22:30",55500
11.9,0.4,200,"sd","09:21:41",53300
12,0.5,2000,"bu","09:21:17",53100
12,0.5,200,"bu","09:20:38",51100
12,0.5,1000,"bu","09:19:14",50900
12,0.5,500,"sd","09:15:44",49900
12.1,0.6,1500,"bu","09:15:33",49400
12.2,0.7,500,"bu","09:15:18",47900
12.2,0.7,200,"bu","09:15:08",47400
12.1,0.6,3000,"sd","09:13:57",47200
12.1,0.6,5000,"sd","09:13:39",44200
12.2,0.7,500,"bu","09:13:29",39200
12.1,0.6,400,"sd","09:13:06",38700
12.1,0.6,100,"bu","09:12:20",38300
12.2,0.7,500,"bu","09:11:51",38200
12.3,0.8,1000,"bu","09:10:02",37700
12.2,0.7,1000,"unknown","09:09:18",36700
12.1,0.6,1000,"unknown","09:08:50",35700
12.2,0.7,1000,"sd","09:08:39",34700
12.3,0.8,500,"bu","09:08:00",33700
12.3,0.8,3500,"bu","09:07:54",33200
12.5,1,1000,"bu","09:06:52",29700
12.5,1,1600,"bu","09:06:39",28700
12.5,1,1000,"bu","09:05:41",27100
12.5,1,1000,"bu","09:05:15",26100
12.5,1,10000,"bu","09:03:44",25100
12.5,1,1000,"bu","09:03:09",15100
11.6,0.1,2400,"bu","09:02:48",14100
12.5,1,1000,"bu","09:02:45",11700
11.5,0,2300,"sd","09:00:24",10700
11.5,0,400,"bu","09:00:22",8400
11.5,0,100,"bu","09:00:20",8000
11.5,0,300,"bu","09:00:10",7900
12.5,1,2100,"bu","09:00:09",7600
12.6,1.1,2800,"sd","09:00:06",5500
12.6,1.1,700,"sd","09:00:05",2700
12.6,1.1,800,"bu","09:00:04",2000
12.6,1.1,1200,"sd","09:00:02",1200
13.3,0.4,1000,"sd","09:07:55",14500
13.3,0.4,100,"bu","09:07:52",13500
13.2,0.3,100,"sd","09:07:49",13400
13.3,0.4,600,"bu","09:06:07",13300
13.2,0.3,1400,"sd","09:04:07",12700
13.2,0.3,3000,"bu","09:04:04",11300
13.2,0.3,1000,"bu","09:02:09",8300
13.1,0.2,100,"bu","09:01:31",7300
13,0.1,2400,"sd","09:01:16",7200
12.9,0,200,"sd","09:00:55",4800
13,0.1,4600,"bu","09:00:30",4600
24.8,0.3,500,"bu","11:29:37",246700
24.8,0.3,200,"bu","11:28:59",246200
24.7,0.2,900,"sd","11:28:25",246000
24.7,0.2,400,"sd","11:27:49",245100
24.7,0.2,100,"bu","11:27:15",244700
24.7,0.2,500,"bu","11:26:54",244600
24.7,0.2,100,"bu","11:26:29",244100
24.7,0.2,100,"bu","11:25:15",244000
24.7,0.2,100,"bu","11:24:56",243900
24.7,0.2,500,"bu","11:24:51",243800
24.7,0.2,100,"bu","11:24:39",243300
24.7,0.2,300,"bu","11:24:21",243200
24.7,0.2,900,"sd","11:23:38",242900
24.8,0.3,500,"bu","11:23:22",242000
24.8,0.3,2100,"sd","11:21:35",241500
24.8,0.3,200,"sd","11:20:34",239400
24.8,0.3,200,"sd","11:20:19",239200
24.8,0.3,100,"sd","11:19:27",239000
24.8,0.3,500,"sd","11:18:28",238900
24.9,0.4,100,"bu","11:18:13",238400
24.9,0.4,400,"sd","11:18:00",238300
25,0.5,5000,"sd","11:17:14",237900
25.1,0.6,1300,"unknown","11:15:49",232900
25.2,0.7,400,"sd","11:15:40",231600
25.2,0.7,200,"sd","11:14:44",231200
25.2,0.7,300,"sd","11:14:18",231000
25.3,0.8,100,"sd","11:13:12",230700
25.4,0.9,300,"bu","11:12:59",230600
25.4,0.9,300,"bu","11:12:53",230300
25.4,0.9,1200,"bu","11:11:15",230000
25.3,0.8,100,"bu","11:10:39",228800
25.3,0.8,100,"sd","11:10:21",228700
25.3,0.8,500,"sd","11:09:56",228600
25.3,0.8,500,"sd","11:09:23",228100
25.3,0.8,200,"sd","11:09:16",227600
25.3,0.8,800,"sd","11:09:00",227400
25.3,0.8,100,"sd","11:08:30",226600
25.4,0.9,500,"sd","11:06:06",226500
25.4,0.9,100,"unknown","11:03:07",226000
25.4,0.9,1000,"sd","11:02:55",225900
25.4,0.9,100,"sd","11:02:32",224900
25.4,0.9,1200,"bu","11:01:35",224800
25.4,0.9,100,"bu","11:00:02",223600
25.4,0.9,400,"bu","11:00:00",223500
25.4,0.9,500,"bu","10:59:52",223100
25.4,0.9,100,"bu","10:59:06",222600
25.4,0.9,1700,"bu","10:58:16",222500
25.6,1.1,200,"bu","10:56:53",220800
25.6,1.1,100,"bu","10:56:34",220600
25.6,1.1,300,"bu","10:56:22",220500
25.3,0.8,5000,"sd","10:56:21",220200
25.4,0.9,5000,"sd","10:56:01",215200
25.6,1.1,4200,"bu","10:55:57",210200
25.5,1,3300,"bu","10:55:45",206000
25.5,1,500,"bu","10:55:20",202700
25.5,1,200,"bu","10:54:41",202200
25.5,1,1000,"bu","10:54:34",202000
25.5,1,100,"bu","10:53:39",201000
25.5,1,1000,"bu","10:53:32",200900
25.5,1,400,"bu","10:53:21",199900
25.5,1,100,"bu","10:53:16",199500
25.5,1,200,"bu","10:52:32",199400
25.5,1,800,"bu","10:51:46",199200
25.5,1,100,"bu","10:51:40",198400
25.5,1,300,"bu","10:51:13",198300
25.4,0.9,200,"sd","10:50:14",198000
25.4,0.9,200,"sd","10:49:55",197800
25.5,1,500,"bu","10:48:59",197600
25.4,0.9,300,"bu","10:47:55",197100
25.4,0.9,200,"bu","10:47:49",196800
25.4,0.9,100,"bu","10:47:40",196600
25.4,0.9,300,"bu","10:47:27",196500
25.4,0.9,200,"bu","10:47:24",196200
25.4,0.9,300,"bu","10:46:54",196000
25.4,0.9,100,"bu","10:45:23",195700
25.4,0.9,3700,"bu","10:45:17",195600
25.4,0.9,900,"bu","10:42:19",191900
25.4,0.9,100,"bu","10:40:44",191000
25.3,0.8,2000,"sd","10:38:45",190900
25.3,0.8,100,"sd","10:38:36",188900
25.3,0.8,1000,"sd","10:35:18",188800
25.4,0.9,500,"bu","10:35:00",187800
25.3,0.8,4800,"sd","10:33:25",187300
25.3,0.8,200,"bu","10:32:01",182500
25.3,0.8,100,"bu","10:31:30",182300
25.3,0.8,300,"sd","10:31:26",182200
25.3,0.8,100,"bu","10:30:48",181900
25.2,0.7,600,"bu","10:30:27",181800
25.2,0.7,300,"bu","10:30:22",181200
25.2,0.7,900,"bu","10:30:12",180900
25.2,0.7,100,"bu","10:28:25",180000
25.2,0.7,100,"bu","10:27:53",179900
25.2,0.7,600,"bu","10:27:51",179800
25.2,0.7,100,"bu","10:27:30",179200
25.2,0.7,200,"bu","10:26:59",179100
25.1,0.6,600,"bu","10:26:07",178900
25.1,0.6,2000,"bu","10:25:57",178300
25.1,0.6,1100,"bu","10:25:51",176300
25.1,0.6,100,"bu","10:23:06",175200
25.1,0.6,200,"bu","10:23:03",175100
25.1,0.6,100,"bu","10:22:52",174900
25.1,0.6,1400,"bu","10:22:44",174800
25.1,0.6,200,"bu","10:22:32",173400
25,0.5,400,"bu","10:21:33",173200
25,0.5,400,"bu","10:21:22",172800
25,0.5,1300,"sd","10:20:16",172400
25.1,0.6,1300,"bu","10:19:41",171100
25.2,0.7,1000,"sd","10:18:59",169800
25.3,0.8,100,"bu","10:18:22",168800
25.4,0.9,100,"bu","10:17:33",168700
25.4,0.9,500,"sd","10:17:08",168600
25.5,1,100,"bu","10:16:47",168100
25.5,1,500,"bu","10:14:56",168000
25.5,1,400,"sd","10:14:48",167500
25.6,1.1,400,"bu","10:13:07",167100
25.6,1.1,200,"bu","10:11:35",166700
25.5,1,3000,"sd","10:09:36",166500
25.5,1,100,"sd","10:09:03",163500
25.5,1,100,"sd","10:06:57",163400
25.5,1,500,"sd","10:06:32",163300
25.6,1.1,100,"bu","10:05:33",162800
25.6,1.1,200,"bu","10:04:44",162700
25.6,1.1,1500,"bu","10:04:20",162500
25.6,1.1,200,"bu","10:03:01",161000
25.6,1.1,500,"bu","10:02:15",160800
25.6,1.1,100,"bu","10:01:09",160300
25.6,1.1,300,"bu","09:57:29",160200
25.7,1.2,300,"bu","09:57:11",159900
25.7,1.2,500,"bu","09:57:07",159600
25.7,1.2,400,"bu","09:57:06",159100
25.7,1.2,3400,"bu","09:56:59",158700
25.7,1.2,6200,"bu","09:56:58",155300
25.7,1.2,17900,"sd","09:56:34",149100
25.9,1.4,500,"bu","09:55:59",131200
25.7,1.2,2000,"sd","09:54:54",130700
25.8,1.3,600,"sd","09:54:09",128700
25.8,1.3,500,"bu","09:54:02",128100
25.7,1.2,1000,"sd","09:50:21",127600
25.7,1.2,100,"bu","09:48:55",126600
25.7,1.2,300,"bu","09:48:36",126500
25.7,1.2,200,"bu","09:48:19",126200
25.7,1.2,100,"bu","09:47:24",126000
25.7,1.2,1700,"sd","09:47:05",125900
25.8,1.3,500,"unknown","09:47:00",124200
25.8,1.3,100,"sd","09:46:06",123700
25.9,1.4,100,"bu","09:45:56",123600
25.9,1.4,300,"bu","09:45:42",123500
25.9,1.4,2000,"bu","09:44:49",123200
25.9,1.4,200,"bu","09:44:39",121200
25.9,1.4,100,"bu","09:44:21",121000
25.9,1.4,200,"bu","09:44:13",120900
25.9,1.4,900,"bu","09:44:09",120700
25.9,1.4,500,"bu","09:44:04",119800
25.9,1.4,3000,"bu","09:43:52",119300
25.7,1.2,100,"bu","09:43:45",116300
25.6,1.1,200,"bu","09:43:30",116200
25.6,1.1,200,"bu","09:43:24",116000
25.1,0.6,100,"bu","09:42:38",115800
25.1,0.6,100,"bu","09:42:30",115700
25,0.5,500,"bu","09:42:09",115600
25,0.5,200,"bu","09:42:06",115100
25,0.5,600,"bu","09:42:00",114900
24.9,0.4,400,"sd","09:41:32",114300
24.6,0.1,100,"sd","09:40:54",113900
24.6,0.1,200,"sd","09:40:11",113800
24.5,0,200,"sd","09:39:42",113600
24.5,0,500,"sd","09:39:34",113400
24.5,0,200,"sd","09:39:12",112900
24.5,0,1100,"sd","09:38:56",112700
24.5,0,1000,"sd","09:38:48",111600
24.5,0,1600,"sd","09:38:20",110600
24.5,0,400,"sd","09:38:19",109000
24.7,0.2,100,"sd","09:38:06",108600
24.7,0.2,100,"sd","09:37:45",108500
24.8,0.3,400,"sd","09:37:31",108400
24.8,0.3,100,"sd","09:37:21",108000
24.9,0.4,600,"sd","09:37:09",107900
25,0.5,100,"bu","09:37:05",107300
25,0.5,4100,"bu","09:36:47",107200
25,0.5,900,"sd","09:36:18",103100
25.4,0.9,400,"unknown","09:35:14",102200
25.5,1,2000,"bu","09:34:51",101800
25.5,1,5200,"sd","09:34:36",99800
25.6,1.1,500,"bu","09:34:28",94600
25.6,1.1,3000,"bu","09:34:27",94100
25.6,1.1,100,"bu","09:33:56",91100
25.6,1.1,200,"bu","09:33:27",91000
25.6,1.1,3000,"sd","09:33:18",90800
25.6,1.1,1500,"sd","09:33:02",87800
25.6,1.1,300,"sd","09:32:56",86300
25.7,1.2,200,"bu","09:32:47",86000
25.7,1.2,100,"bu","09:32:35",85800
25.7,1.2,200,"bu","09:32:32",85700
25.7,1.2,2800,"bu","09:32:14",85500
25.7,1.2,1000,"sd","09:32:02",82700
25.8,1.3,200,"bu","09:30:47",81700
25.8,1.3,500,"bu","09:30:29",81500
25.8,1.3,200,"bu","09:30:00",81000
25.8,1.3,400,"bu","09:29:36",80800
25.8,1.3,400,"sd","09:28:58",80400
25.9,1.4,500,"unknown","09:28:26",80000
25.9,1.4,400,"sd","09:28:17",79500
26,1.5,200,"bu","09:26:56",79100
26,1.5,100,"bu","09:26:41",78900
26,1.5,100,"bu","09:25:21",78800
26,1.5,100,"bu","09:25:04",78700
25.9,1.4,1700,"bu","09:25:03",78600
25.9,1.4,300,"sd","09:24:59",76900
26,1.5,1000,"bu","09:24:57",76600
26,1.5,100,"bu","09:24:23",75600
26,1.5,800,"bu","09:24:21",75500
26,1.5,2600,"bu","09:24:17",74700
26,1.5,200,"bu","09:23:58",72100
26,1.5,400,"bu","09:23:55",71900
26,1.5,400,"bu","09:23:44",71500
26,1.5,400,"bu","09:23:12",71100
26,1.5,900,"bu","09:23:00",70700
26,1.5,200,"bu","09:22:51",69800
26,1.5,200,"bu","09:22:44",69600
26,1.5,7400,"bu","09:22:34",69400
25.9,1.4,300,"sd","09:22:27",62000
25.9,1.4,2700,"bu","09:22:23",61700
26,1.5,700,"bu","09:21:46",59000
25.9,1.4,800,"sd","09:21:33",58300
26,1.5,1000,"bu","09:21:25",57500
26,1.5,11000,"bu","09:21:24",56500
26,1.5,300,"bu","09:21:09",45500
26,1.5,4000,"bu","09:21:00",45200
25.9,1.4,400,"sd","09:20:47",41200
25.9,1.4,200,"sd","09:20:39",40800
26,1.5,200,"bu","09:20:32",40600
26,1.5,100,"bu","09:20:20",40400
26,1.5,100,"bu","09:20:18",40300
26,1.5,1100,"bu","09:19:54",40200
25.9,1.4,100,"bu","09:19:53",39100
25.9,1.4,300,"bu","09:19:51",39000
25.9,1.4,400,"sd","09:19:43",38700
25.9,1.4,2000,"sd","09:19:42",38300
25.9,1.4,100,"sd","09:19:39",36300
26,1.5,100,"bu","09:19:21",36200
26,1.5,5000,"bu","09:19:12",36100
26,1.5,200,"bu","09:19:03",31100
25.9,1.4,700,"sd","09:19:02",30900
26,1.5,1500,"bu","09:18:59",30200
26,1.5,100,"bu","09:18:16",28700
26,1.5,400,"bu","09:17:59",28600
26,1.5,300,"bu","09:17:45",28200
26,1.5,1000,"bu","09:17:25",27900
25.9,1.4,600,"sd","09:17:11",26900
26,1.5,400,"bu","09:16:51",26300
26,1.5,200,"bu","09:16:20",25900
26,1.5,100,"bu","09:15:56",25700
25.9,1.4,100,"sd","09:15:04",25600
25.9,1.4,1000,"sd","09:14:36",25500
26,1.5,300,"bu","09:14:35",24500
25.9,1.4,500,"sd","09:14:34",24200
25.9,1.4,400,"sd","09:14:02",23700
26,1.5,300,"bu","09:13:56",23300
26,1.5,1000,"bu","09:13:44",23000
25.9,1.4,300,"bu","09:13:30",22000
25.9,1.4,600,"bu","09:12:42",21500
25.9,1.4,100,"bu","09:12:33",20900
25.9,1.4,400,"bu","09:11:43",20800
25.9,1.4,100,"bu","09:11:29",20400
25.9,1.4,900,"bu","09:10:55",20300
25.9,1.4,100,"bu","09:10:08",19400
25.9,1.4,200,"bu","09:10:06",19300
25.9,1.4,800,"sd","09:09:58",19100
25.9,1.4,200,"bu","09:09:49",18300
25.9,1.4,1000,"sd","09:09:36",18100
25.9,1.4,200,"sd","09:09:32",17100
26,1.5,400,"bu","09:09:20",16900
26,1.5,100,"bu","09:09:17",16500
25.9,1.4,200,"sd","09:09:14",16400
26,1.5,1000,"bu","09:09:08",16200
26,1.5,100,"bu","09:08:46",15200
26,1.5,500,"bu","09:08:34",15100
25.9,1.4,2200,"bu","09:08:17",14600
25.9,1.4,1600,"bu","09:08:06",12400
25.9,1.4,400,"bu","09:06:48",10800
25.9,1.4,200,"bu","09:05:59",10400
26,1.5,4000,"bu","09:03:07",10200
26,1.5,1200,"bu","09:02:42",6200
26,1.5,1000,"bu","09:02:20",5000
26,1.5,300,"bu","09:01:25",4000
26,1.5,500,"bu","09:00:35",3700
25,0.5,2400,"sd","09:00:30",3200
26,1.5,300,"bu","09:00:14",800
24.7,0.2,500,"sd","09:00:03",500
24.5,2.2,400,"bu","09:08:23",48500
24.4,2.1,100,"sd","09:08:13",48100
24.5,2.2,3600,"bu","09:08:12",48000
24.4,2.1,1600,"sd","09:07:56",44400
24.3,2,200,"sd","09:07:48",42800
24.4,2.1,300,"bu","09:07:44",42600
24.4,2.1,300,"bu","09:07:42",42300
24.4,2.1,100,"bu","09:07:34",42000
24.3,2,500,"bu","09:07:32",41900
24.3,2,400,"bu","09:07:27",41400
24.3,2,1000,"bu","09:07:24",41000
24.3,2,200,"bu","09:07:23",40000
24.3,2,900,"bu","09:07:08",39800
24.3,2,1500,"bu","09:07:02",38900
24.3,2,700,"bu","09:06:58",37400
24.3,2,500,"bu","09:06:52",36700
24.3,2,1000,"bu","09:06:49",36200
24.3,2,1100,"bu","09:06:34",35200
24,1.7,6200,"sd","09:06:26",34100
24.1,1.8,1000,"unknown","09:06:09",27900
24.1,1.8,600,"bu","09:06:08",26900
24,1.7,2200,"sd","09:05:57",26300
23.9,1.6,1200,"unknown","09:05:45",24100
23.8,1.5,1100,"sd","09:05:26",22900
23.8,1.5,100,"bu","09:05:23",21800
23.7,1.4,2000,"bu","09:05:08",21700
23.5,1.2,600,"bu","09:04:40",19700
23.5,1.2,1300,"bu","09:04:31",19100
23.5,1.2,500,"sd","09:04:25",17800
23.5,1.2,2600,"sd","09:04:13",17300
23.5,1.2,2200,"sd","09:03:56",14700
23.5,1.2,100,"sd","09:03:52",12500
23.5,1.2,100,"sd","09:03:18",12400
23.5,1.2,300,"bu","09:02:54",12300
23.5,1.2,2000,"bu","09:02:26",12000
23.2,0.9,1500,"sd","09:02:15",10000
23.2,0.9,500,"sd","09:02:05",8500
23.2,0.9,1500,"bu","09:02:02",8000
23.2,0.9,200,"unknown","09:01:49",6500
23.2,0.9,200,"bu","09:01:41",6300
23.2,0.9,1100,"sd","09:01:26",6100
23.2,0.9,900,"sd","09:01:22",5000
23.2,0.9,1000,"bu","09:00:46",4100
23.2,0.9,3000,"bu","09:00:40",3100
23.2,0.9,100,"bu","09:00:22",100
