"price","change","match_qtty","side","time","total_vol"
2.3,-0.06,22200,"","14:45:07",436600
2.3,-0.06,500,"bu","14:27:27",414400
2.3,-0.06,1600,"bu","14:26:52",413900
2.3,-0.06,200,"sd","14:26:22",412300
2.3,-0.06,4200,"sd","14:25:18",412100
2.3,-0.06,3500,"bu","14:23:55",407900
2.3,-0.06,1000,"bu","14:23:51",404400
2.3,-0.06,2000,"bu","14:23:29",403400
2.3,-0.06,500,"sd","14:23:26",401400
2.32,-0.04,100,"bu","14:23:02",400900
2.32,-0.04,100,"bu","14:22:53",400800
2.3,-0.06,1500,"bu","14:21:58",400700
2.3,-0.06,8500,"sd","14:20:42",399200
2.3,-0.06,6000,"sd","14:20:33",390700
2.3,-0.06,4000,"sd","14:20:33",384700
2.3,-0.06,10000,"sd","14:20:25",380700
2.31,-0.05,200,"bu","14:19:16",370700
2.31,-0.05,100,"sd","14:18:59",370500
2.3,-0.06,2700,"sd","14:18:29",370400
2.31,-0.05,13300,"sd","14:18:29",367700
2.3,-0.06,3000,"bu","09:32:45",76700
2.3,-0.06,1000,"bu","09:32:40",73700
2.3,-0.06,2000,"bu","09:32:33",72700
2.3,-0.06,1000,"bu","09:32:32",70700
2.3,-0.06,200,"bu","09:32:28",69700
2.29,-0.07,1700,"sd","09:32:23",69500
2.3,-0.06,5000,"bu","09:32:22",67800
2.3,-0.06,5000,"bu","09:32:14",62800
2.3,-0.06,100,"bu","09:32:02",57800
2.3,-0.06,100,"bu","09:31:52",57700
2.3,-0.06,9800,"sd","09:31:42",57600
2.31,-0.05,200,"bu","09:31:25",47800
2.3,-0.06,1500,"sd","09:30:28",47600
2.3,-0.06,300,"sd","09:30:10",46100
2.3,-0.06,20200,"sd","09:29:55",45800
2.31,-0.05,3000,"bu","09:29:40",25600
2.31,-0.05,4800,"sd","09:29:34",22600
2.32,-0.04,1000,"bu","09:29:29",17800
2.31,-0.05,3100,"sd","09:29:00",16800
2.32,-0.04,500,"bu","09:28:14",13700
2.32,-0.04,500,"bu","09:28:06",13200
2.32,-0.04,3100,"sd","09:28:02",12700
2.32,-0.04,6900,"sd","09:27:29",9600
2.32,-0.04,100,"sd","09:26:48",2700
2.32,-0.04,100,"sd","09:26:09",2600
2.32,-0.04,100,"sd","09:25:46",2500
2.33,-0.03,600,"bu","09:25:16",2400
2.33,-0.03,100,"bu","09:25:15",1800
2.33,-0.03,200,"sd","09:23:29",1700
2.33,-0.03,100,"sd","09:23:18",1500
2.34,-0.02,100,"sd","09:23:18",1400
2.33,-0.03,200,"sd","09:22:32",1300
2.36,0,100,"bu","09:17:11",1100
2.32,-0.04,1000,"","09:15:04",1000
2.34,0,600,"bu","10:00:22",26200
2.34,0,100,"bu","09:59:34",25600
2.34,0,14300,"sd","09:57:45",25500
2.34,0,2400,"sd","09:56:10",11200
2.34,0,100,"sd","09:54:22",8800
2.34,0,1000,"sd","09:54:13",8700
2.34,0,100,"sd","09:50:18",7700
2.36,0.02,100,"bu","09:41:09",7600
2.36,0.02,100,"bu","09:41:00",7500
2.36,0.02,100,"bu","09:40:43",7400
2.36,0.02,100,"bu","09:40:24",7300
2.36,0.02,100,"bu","09:39:56",7200
2.36,0.02,100,"bu","09:36:48",7100
2.36,0.02,100,"bu","09:36:07",7000
2.34,0,100,"sd","09:33:38",6900
2.38,0.04,100,"bu","09:30:34",6800
2.38,0.04,100,"bu","09:29:19",6700
2.38,0.04,100,"bu","09:29:10",6600
2.38,0.04,100,"bu","09:28:39",6500
2.38,0.04,100,"bu","09:28:28",6400
2.38,0.04,100,"bu","09:28:19",6300
2.38,0.04,100,"bu","09:28:09",6200
2.38,0.04,100,"bu","09:28:02",6100
2.38,0.04,100,"bu","09:27:51",6000
2.38,0.04,100,"bu","09:27:27",5900
2.38,0.04,100,"bu","09:27:16",5800
2.35,0.01,1000,"sd","09:27:16",5700
2.36,0.02,2000,"sd","09:27:16",4700
2.38,0.04,100,"bu","09:27:10",2700
2.38,0.04,100,"bu","09:26:56",2600
2.37,0.03,100,"bu","09:26:42",2500
2.37,0.03,100,"bu","09:26:31",2400
2.36,0.02,100,"bu","09:26:21",2300
2.35,0.01,100,"bu","09:26:10",2200
2.35,0.01,100,"bu","09:26:02",2100
2.35,0.01,100,"bu","09:25:52",2000
2.35,0.01,100,"bu","09:25:44",1900
2.35,0.01,100,"bu","09:25:20",1800
2.35,0.01,100,"bu","09:25:12",1700
2.35,0.01,100,"bu","09:24:55",1600
2.35,0.01,200,"bu","09:21:03",1500
2.33,-0.01,400,"sd","09:20:22",1300
2.33,-0.01,400,"sd","09:16:18",900
2.33,-0.01,500,"","09:15:04",500
2.39,0.01,300,"bu","09:16:48",600
2.39,0.01,300,"","09:15:01",300
2.35,0.02,2000,"bu","09:40:06",27600
2.35,0.02,3000,"bu","09:39:26",25600
2.34,0.01,10000,"sd","09:39:18",22600
2.34,0.01,6900,"bu","09:38:30",12600
2.34,0.01,100,"sd","09:37:35",5700
2.33,0,300,"sd","09:30:15",5600
2.33,0,2000,"sd","09:29:05",5300
2.34,0.01,100,"bu","09:28:02",3300
2.33,0,500,"sd","09:26:54",3200
2.33,0,400,"sd","09:26:21",2700
2.33,0,2300,"","09:15:01",2300
2.51,0.05,1200,"bu","09:30:46",204100
2.5,0.04,116400,"bu","09:30:21",202900
2.5,0.04,5000,"bu","09:30:18",86500
2.5,0.04,400,"bu","09:30:16",81500
2.5,0.04,25900,"bu","09:30:02",81100
2.5,0.04,100,"bu","09:29:49",55200
2.49,0.03,1600,"sd","09:29:48",55100
2.49,0.03,100,"sd","09:28:18",53500
2.49,0.03,26400,"sd","09:27:54",53400
2.49,0.03,20100,"bu","09:26:39",27000
2.49,0.03,100,"bu","09:20:38",6900
2.47,0.01,1700,"sd","09:20:33",6800
2.49,0.03,500,"bu","09:20:27",5100
2.49,0.03,1500,"bu","09:18:47",4600
2.49,0.03,2000,"bu","09:18:22",3100
2.49,0.03,100,"bu","09:16:49",1100
2.48,0.02,1000,"","09:15:03",1000
2.46,-0.02,500,"sd","09:20:14",34100
2.45,-0.03,3200,"bu","09:15:29",33600
2.45,-0.03,300,"bu","09:15:13",30400
2.45,-0.03,30100,"","09:15:12",30100
2.6,0.09,10600,"sd","10:29:18",497500
2.6,0.09,30000,"sd","10:29:18",486900
2.6,0.09,1000,"sd","10:28:50",456900
2.6,0.09,1200,"sd","10:28:18",455900
2.61,0.1,2300,"sd","10:27:42",454700
2.61,0.1,1000,"sd","10:27:26",452400
2.62,0.11,100,"bu","10:26:49",451400
2.62,0.11,21700,"sd","10:25:26",451300
2.62,0.11,700,"sd","10:25:12",429600
2.62,0.11,100,"sd","10:24:07",428900
2.62,0.11,2000,"bu","10:22:43",428800
2.65,0.14,1900,"bu","10:22:12",426800
2.64,0.13,1000,"bu","10:22:12",424900
2.63,0.12,2000,"bu","10:22:12",423900
2.62,0.11,400,"bu","10:22:12",421900
2.61,0.1,3000,"bu","10:22:12",421500
2.6,0.09,20000,"sd","10:22:08",418500
2.6,0.09,3500,"sd","10:21:39",398500
2.6,0.09,300,"sd","10:21:20",395000
2.6,0.09,100,"bu","10:20:44",394700
2.6,0.09,1000,"bu","10:20:40",394600
2.6,0.09,1600,"bu","10:18:31",393600
2.59,0.08,400,"bu","10:18:31",392000
2.59,0.08,200,"bu","10:18:18",391600
2.58,0.07,12800,"sd","10:18:10",391400
2.58,0.07,20200,"bu","10:16:51",378600
2.58,0.07,4800,"sd","10:14:33",358400
2.58,0.07,300,"sd","10:10:14",353600
2.57,0.06,100,"bu","10:08:10",353300
2.57,0.06,20700,"sd","10:07:45",353200
2.58,0.07,2200,"sd","10:07:45",332500
2.59,0.08,1000,"bu","10:06:56",330300
2.58,0.07,300,"bu","10:03:38",329300
2.58,0.07,1000,"bu","10:03:02",329000
2.58,0.07,1000,"bu","10:02:39",328000
2.58,0.07,100,"bu","10:02:00",327000
2.58,0.07,700,"bu","10:00:26",326900
2.57,0.06,600,"bu","10:00:26",326200
2.56,0.05,8400,"bu","10:00:13",325600
2.56,0.05,10000,"bu","09:59:38",317200
2.56,0.05,4900,"sd","09:59:11",307200
2.56,0.05,100,"bu","09:58:56",302300
2.56,0.05,10900,"sd","09:58:34",302200
2.57,0.06,6200,"sd","09:58:09",291300
2.58,0.07,200,"bu","09:57:32",285100
2.58,0.07,500,"bu","09:57:29",284900
2.57,0.06,2000,"sd","09:56:32",284400
2.57,0.06,5200,"sd","09:56:14",282400
2.57,0.06,200,"bu","09:54:14",277200
2.57,0.06,300,"bu","09:53:35",277000
2.57,0.06,1500,"bu","09:52:58",276700
2.58,0.07,10100,"sd","09:51:46",275200
2.59,0.08,100,"sd","09:51:46",265100
2.59,0.08,10000,"sd","09:51:11",265000
2.6,0.09,9100,"sd","09:50:41",255000
2.61,0.1,300,"sd","09:50:41",245900
2.6,0.09,1000,"sd","09:49:08",245600
2.64,0.13,100,"sd","09:48:16",244600
2.66,0.15,1000,"sd","09:47:24",244500
2.67,0.16,2000,"bu","09:47:21",243500
2.66,0.15,5000,"bu","09:47:14",241500
2.67,0.16,100,"bu","09:46:38",236500
2.65,0.14,1200,"bu","09:46:38",236400
2.68,0.17,1000,"bu","09:46:15",235200
2.68,0.17,27000,"bu","09:46:04",234200
2.67,0.16,13600,"bu","09:46:04",207200
2.66,0.15,1200,"bu","09:46:04",193600
2.65,0.14,5700,"bu","09:46:04",192400
2.64,0.13,200,"bu","09:46:04",186700
2.63,0.12,300,"bu","09:46:04",186500
2.62,0.11,200,"bu","09:46:04",186200
2.61,0.1,200,"bu","09:46:04",186000
2.6,0.09,1600,"bu","09:46:04",185800
2.6,0.09,11100,"bu","09:45:45",184200
2.6,0.09,5200,"bu","09:45:44",173100
2.59,0.08,8700,"bu","09:45:44",167900
2.59,0.08,78800,"bu","09:45:13",159200
2.58,0.07,11500,"bu","09:45:13",80400
2.57,0.06,9700,"bu","09:45:13",68900
2.57,0.06,500,"bu","09:45:01",59200
2.55,0.04,7200,"bu","09:44:33",58700
2.54,0.03,1000,"bu","09:44:33",51500
2.53,0.02,500,"bu","09:44:33",50500
2.52,0.01,3400,"bu","09:40:39",50000
2.51,0,100,"sd","09:38:56",46600
2.52,0.01,6600,"sd","09:37:54",46500
2.52,0.01,1400,"sd","09:37:08",39900
2.53,0.02,100,"bu","09:32:22",38500
2.52,0.01,2000,"sd","09:31:31",38400
2.52,0.01,1500,"sd","09:30:47",36400
2.53,0.02,5000,"sd","09:29:41",34900
2.54,0.03,100,"bu","09:28:51",29900
2.53,0.02,500,"bu","09:27:29",29800
2.52,0.01,200,"sd","09:25:58",29300
2.53,0.02,500,"sd","09:25:03",29100
2.53,0.02,1000,"sd","09:24:18",28600
2.54,0.03,900,"sd","09:23:38",27600
2.54,0.03,100,"sd","09:23:29",26700
2.55,0.04,100,"bu","09:23:18",26600
2.55,0.04,500,"bu","09:21:20",26500
2.55,0.04,500,"bu","09:19:35",26000
2.55,0.04,600,"bu","09:19:29",25500
2.55,0.04,1000,"bu","09:18:31",24900
2.52,0.01,10000,"sd","09:16:38",23900
2.53,0.02,1200,"sd","09:15:56",13900
2.54,0.03,2000,"bu","09:15:44",12700
2.54,0.03,10700,"","09:15:06",10700
2.93,-0.07,500,"sd","13:39:17",1260000
2.93,-0.07,1000,"sd","13:39:17",1259500
2.93,-0.07,100,"sd","13:39:17",1258500
2.93,-0.07,3000,"sd","13:39:17",1258400
2.93,-0.07,200,"sd","13:39:17",1255400
2.93,-0.07,3000,"sd","13:39:17",1255200
2.93,-0.07,1500,"sd","13:39:17",1252200
2.93,-0.07,800,"sd","13:39:17",1250700
2.93,-0.07,600,"sd","13:39:17",1249900
2.93,-0.07,500,"sd","13:39:17",1249300
2.93,-0.07,1100,"sd","13:39:17",1248800
2.93,-0.07,2000,"sd","13:39:17",1247700
2.93,-0.07,1000,"sd","13:39:17",1245700
2.93,-0.07,5200,"sd","13:39:17",1244700
2.93,-0.07,100,"sd","13:39:17",1239500
2.93,-0.07,2000,"sd","13:39:17",1239400
2.93,-0.07,100,"sd","13:39:17",1237400
2.93,-0.07,10000,"sd","13:39:17",1237300
2.93,-0.07,1800,"sd","13:39:17",1227300
2.93,-0.07,100,"sd","13:39:17",1225500
2.93,-0.07,5000,"sd","13:39:17",1225400
2.93,-0.07,1000,"sd","13:39:17",1220400
2.93,-0.07,200,"sd","13:39:17",1219400
2.93,-0.07,12600,"sd","13:39:17",1219200
2.93,-0.07,1000,"sd","13:39:17",1206600
2.93,-0.07,5000,"sd","13:39:17",1205600
2.93,-0.07,1000,"sd","13:39:17",1200600
2.93,-0.07,2000,"sd","13:39:17",1199600
2.93,-0.07,1000,"sd","13:39:17",1197600
2.94,-0.06,500,"sd","13:39:08",1196600
2.94,-0.06,200,"sd","13:39:08",1196100
2.94,-0.06,100,"sd","13:39:08",1195900
2.94,-0.06,1000,"sd","13:39:08",1195800
2.94,-0.06,200,"sd","13:39:08",1194800
2.94,-0.06,500,"sd","13:39:08",1194600
2.94,-0.06,10000,"sd","13:39:08",1194100
2.94,-0.06,200,"sd","13:39:08",1184100
2.94,-0.06,100,"sd","13:39:08",1183900
2.94,-0.06,800,"sd","13:39:08",1183800
2.94,-0.06,12000,"sd","13:39:08",1183000
2.94,-0.06,200,"sd","13:39:08",1171000
2.94,-0.06,24700,"sd","13:39:08",1170800
2.95,-0.05,200,"bu","13:38:37",1146100
2.95,-0.05,100,"bu","13:38:26",1145900
2.95,-0.05,100,"sd","13:38:23",1145800
2.95,-0.05,100,"sd","13:38:23",1145700
2.95,-0.05,2000,"sd","13:38:23",1145600
2.95,-0.05,12000,"sd","13:38:23",1143600
2.95,-0.05,2000,"sd","13:38:23",1131600
2.95,-0.05,1000,"sd","13:38:23",1129600
2.95,-0.05,1000,"sd","13:38:23",1128600
2.95,-0.05,3000,"sd","13:38:23",1127600
2.95,-0.05,1400,"sd","13:38:23",1124600
2.96,-0.04,500,"bu","13:37:04",1123200
2.96,-0.04,100,"bu","13:36:58",1122700
2.96,-0.04,900,"sd","13:35:00",1122600
2.96,-0.04,300,"sd","13:34:48",1121700
2.96,-0.04,100,"sd","13:34:48",1121400
2.96,-0.04,300,"sd","13:34:48",1121300
2.96,-0.04,100,"sd","13:33:41",1121000
3.05,-0.12,500,"sd","13:06:17",780800
3.05,-0.12,300,"sd","13:06:17",780300
3.05,-0.12,100,"sd","13:06:17",780000
3.05,-0.12,100,"sd","13:06:17",779900
3.05,-0.12,1400,"sd","13:06:17",779800
3.05,-0.12,1500,"sd","13:06:01",778400
3.05,-0.12,100,"sd","13:06:00",776900
3.06,-0.11,100,"bu","13:05:37",776800
3.06,-0.11,700,"sd","13:05:32",776700
3.06,-0.11,300,"sd","13:05:32",776000
3.06,-0.11,400,"sd","13:05:32",775700
3.06,-0.11,400,"sd","13:05:32",775300
3.06,-0.11,100,"sd","13:05:32",774900
3.06,-0.11,2900,"sd","13:05:18",774800
3.06,-0.11,1700,"sd","13:05:05",771900
3.07,-0.1,100,"bu","13:05:04",770200
3.07,-0.1,100,"bu","13:05:04",770100
3.06,-0.11,500,"sd","13:04:51",770000
3.07,-0.1,100,"bu","13:04:45",769500
3.07,-0.1,300,"bu","13:04:20",769400
3.06,-0.11,1000,"sd","13:04:18",769100
3.07,-0.1,200,"bu","13:04:16",768100
3.07,-0.1,9300,"bu","13:03:57",767900
3.07,-0.1,700,"bu","13:03:57",758600
3.07,-0.1,300,"bu","13:03:48",757900
3.07,-0.1,200,"bu","13:03:39",757600
3.07,-0.1,100,"bu","13:03:13",757400
3.07,-0.1,200,"bu","13:03:05",757300
3.07,-0.1,400,"bu","13:03:02",757100
3.06,-0.11,3400,"sd","13:03:01",756700
3.06,-0.11,100,"sd","13:03:01",753300
3.06,-0.11,100,"sd","13:03:01",753200
3.06,-0.11,100,"sd","13:03:01",753100
3.06,-0.11,1000,"sd","13:03:01",753000
3.06,-0.11,100,"sd","13:03:01",752000
3.06,-0.11,600,"sd","13:03:01",751900
3.06,-0.11,400,"sd","13:03:01",751300
3.06,-0.11,100,"sd","13:03:01",750900
3.06,-0.11,100,"sd","13:03:01",750800
3.06,-0.11,700,"sd","13:03:01",750700
3.07,-0.1,700,"bu","13:02:37",750000
3.06,-0.11,1000,"sd","13:02:30",749300
3.07,-0.1,400,"bu","13:02:29",748300
3.07,-0.1,200,"bu","13:02:14",747900
3.07,-0.1,200,"bu","13:02:00",747700
3.06,-0.11,300,"sd","13:01:47",747500
3.07,-0.1,100,"sd","13:01:37",747200
3.07,-0.1,500,"sd","13:01:37",747100
3.07,-0.1,100,"sd","13:01:37",746600
3.07,-0.1,800,"sd","13:01:37",746500
3.07,-0.1,200,"sd","13:01:37",745700
3.07,-0.1,100,"sd","13:01:37",745500
3.07,-0.1,100,"sd","13:01:37",745400
3.07,-0.1,2800,"sd","13:01:37",745300
3.07,-0.1,300,"sd","13:01:28",742500
3.07,-0.1,100,"sd","13:01:14",742200
3.08,-0.09,5000,"bu","13:01:10",742100
3.07,-0.1,900,"sd","13:01:04",737100
3.08,-0.09,100,"sd","13:00:36",736200
3.08,-0.09,3000,"sd","13:00:36",736100
3.08,-0.09,3000,"sd","13:00:36",733100
3.08,-0.09,200,"sd","13:00:36",730100
3.08,-0.09,100,"sd","13:00:36",729900
3.08,-0.09,2100,"sd","13:00:36",729800
3.08,-0.09,100,"sd","13:00:36",727700
3.08,-0.09,100,"sd","13:00:36",727600
3.08,-0.09,11400,"sd","13:00:36",727500
3.08,-0.09,200,"sd","13:00:36",716100
3.08,-0.09,5000,"sd","13:00:36",715900
3.08,-0.09,100,"sd","13:00:36",710900
3.08,-0.09,500,"sd","13:00:36",710800
3.08,-0.09,200,"sd","13:00:36",710300
3.08,-0.09,100,"sd","13:00:36",710100
3.08,-0.09,100,"sd","13:00:36",710000
3.08,-0.09,100,"sd","13:00:35",709900
3.1,-0.07,100,"bu","13:00:25",709800
3.09,-0.08,2000,"unknown","13:00:11",709700
3.09,-0.08,1000,"sd","13:00:11",707700
3.09,-0.08,200,"sd","13:00:11",706700
3.09,-0.08,2500,"sd","13:00:11",706500
3.08,-0.09,3300,"sd","13:00:11",704000
3.09,-0.08,2500,"sd","13:00:08",700700
3.09,-0.08,7500,"sd","13:00:08",698200
3.1,-0.07,300,"unknown","13:00:00",690700
3.09,-0.08,2500,"sd","13:00:00",690400
3.09,-0.08,200,"sd","13:00:00",687900
3.09,-0.08,100,"sd","13:00:00",687700
3.09,-0.08,100,"sd","13:00:00",687600
3.09,-0.08,400,"sd","13:00:00",687500
3.09,-0.08,8600,"sd","13:00:00",687100
3.1,-0.07,900,"sd","13:00:00",678500
3.1,-0.07,300,"bu","11:29:38",677600
3.1,-0.07,300,"sd","11:29:28",677300
3.1,-0.07,14100,"sd","11:29:27",677000
3.1,-0.07,200,"bu","11:29:18",662900
3.1,-0.07,5000,"bu","11:29:18",662700
3.1,-0.07,400,"bu","11:29:18",657700
3.09,-0.08,1400,"sd","11:25:49",657300
3.09,-0.08,800,"sd","11:25:49",655900
3.09,-0.08,100,"sd","11:25:31",655100
3.1,-0.07,500,"bu","11:24:27",655000
3.1,-0.07,700,"bu","11:24:09",654500
3.1,-0.07,100,"sd","11:20:33",653800
3.1,-0.07,3300,"sd","11:20:33",653700
3.1,-0.07,2000,"sd","11:20:33",650400
3.1,-0.07,200,"sd","11:20:33",648400
3.1,-0.07,1200,"sd","11:20:33",648200
3.1,-0.07,1000,"sd","11:20:33",647000
3.1,-0.07,100,"sd","11:20:33",646000
3.1,-0.07,100,"sd","11:20:33",645900
3.1,-0.07,4900,"sd","11:19:05",645800
3.1,-0.07,6500,"sd","11:19:05",640900
3.1,-0.07,10000,"sd","11:19:05",634400
3.1,-0.07,200,"sd","11:19:05",624400
3.1,-0.07,10000,"sd","11:19:05",624200
3.1,-0.07,200,"sd","11:19:05",614200
3.1,-0.07,200,"sd","11:19:05",614000
3.1,-0.07,1700,"sd","11:19:05",613800
3.11,-0.06,300,"bu","11:19:04",612100
3.11,-0.06,100,"bu","11:19:04",611800
3.11,-0.06,500,"bu","11:17:30",611700
3.11,-0.06,500,"bu","11:17:07",611200
3.1,-0.07,1100,"sd","11:14:18",610700
3.11,-0.06,1000,"bu","11:13:46",609600
3.1,-0.07,20000,"sd","11:13:43",608600
3.1,-0.07,1000,"sd","11:13:43",588600
3.1,-0.07,600,"sd","11:13:43",587600
3.1,-0.07,17200,"sd","11:13:43",587000
3.1,-0.07,100,"sd","11:13:43",569800
3.1,-0.07,100,"sd","11:13:43",569700
3.11,-0.06,100,"sd","11:13:18",569600
3.11,-0.06,4200,"sd","11:13:18",569500
3.11,-0.06,3200,"sd","11:13:18",565300
3.11,-0.06,4100,"sd","11:13:18",562100
3.11,-0.06,4600,"sd","11:12:40",558000
3.11,-0.06,100,"sd","11:12:40",553400
3.11,-0.06,1000,"sd","11:12:40",553300
3.12,-0.05,300,"sd","11:10:22",552300
3.12,-0.05,100,"sd","11:10:22",552000
3.12,-0.05,1800,"sd","11:10:22",551900
3.12,-0.05,400,"sd","11:10:22",550100
3.12,-0.05,400,"sd","11:10:22",549700
3.12,-0.05,200,"sd","11:10:22",549300
3.12,-0.05,2700,"sd","11:10:16",549100
3.12,-0.05,1000,"sd","11:09:08",546400
3.12,-0.05,1000,"sd","11:08:22",545400
3.12,-0.05,1000,"sd","11:08:11",544400
3.12,-0.05,1000,"sd","11:07:59",543400
3.12,-0.05,1000,"sd","11:04:53",542400
3.12,-0.05,1000,"sd","11:04:13",541400
3.12,-0.05,2000,"sd","11:03:17",540400
3.12,-0.05,1300,"sd","11:02:34",538400
3.12,-0.05,3000,"sd","10:59:45",537100
3.12,-0.05,600,"sd","10:55:15",534100
3.13,-0.04,100,"sd","10:55:15",533500
3.13,-0.04,1000,"sd","10:55:14",533400
3.13,-0.04,1000,"sd","10:55:14",532400
3.13,-0.04,1000,"bu","10:53:34",531400
3.12,-0.05,1000,"bu","10:53:11",530400
3.12,-0.05,3000,"bu","10:53:11",529400
3.12,-0.05,3000,"bu","10:53:11",529400
3.11,-0.06,500,"sd","10:52:32",526400
3.11,-0.06,5600,"sd","10:52:25",525900
3.11,-0.06,1000,"sd","10:51:43",520300
3.11,-0.06,400,"sd","10:50:57",519300
3.11,-0.06,100,"sd","10:49:08",518900
3.12,-0.05,100,"sd","10:47:28",518800
3.12,-0.05,100,"sd","10:46:31",518700
3.12,-0.05,900,"sd","10:46:31",518600
3.12,-0.05,100,"bu","10:39:44",517700
3.12,-0.05,400,"bu","10:39:36",517600
3.1,-0.07,1400,"sd","10:36:20",517200
3.12,-0.05,100,"bu","10:35:28",515800
3.1,-0.07,1500,"sd","10:34:29",515700
3.12,-0.05,100,"sd","10:32:38",514200
3.12,-0.05,100,"sd","10:32:38",514100
3.12,-0.05,10000,"sd","10:32:38",514000
3.12,-0.05,2900,"sd","10:32:38",504000
3.12,-0.05,1000,"sd","10:32:16",501100
3.13,-0.04,400,"bu","10:31:41",500100
3.13,-0.04,200,"bu","10:30:36",499600
3.13,-0.04,200,"bu","10:29:57",499400
3.14,-0.03,100,"bu","10:28:37",499200
3.14,-0.03,1800,"bu","10:25:04",499100
3.14,-0.03,100,"bu","10:24:43",497300
3.14,-0.03,100,"bu","10:24:43",497200
3.14,-0.03,800,"bu","10:24:12",497100
3.14,-0.03,100,"bu","10:24:12",496300
3.14,-0.03,400,"bu","10:24:12",496200
3.14,-0.03,100,"bu","10:23:54",495800
3.13,-0.04,200,"bu","10:22:31",495700
3.13,-0.04,200,"bu","10:22:31",495500
3.13,-0.04,1300,"bu","10:22:31",495300
3.13,-0.04,200,"bu","10:22:28",494000
3.13,-0.04,2000,"bu","10:22:28",493800
3.13,-0.04,1000,"bu","10:21:47",491800
3.13,-0.04,100,"bu","10:19:43",490800
3.13,-0.04,200,"bu","10:19:39",490700
3.13,-0.04,200,"bu","10:19:15",490500
3.13,-0.04,600,"bu","10:19:15",490300
3.13,-0.04,600,"bu","10:19:15",490300
3.13,-0.04,200,"sd","10:18:14",489700
3.13,-0.04,200,"sd","10:18:14",489500
3.13,-0.04,500,"bu","10:17:48",489300
3.13,-0.04,5000,"bu","10:16:24",488800
3.13,-0.04,3900,"bu","10:16:24",483800
3.12,-0.05,3000,"sd","10:14:43",479900
3.12,-0.05,200,"unknown","10:13:59",476900
3.12,-0.05,200,"unknown","10:13:59",476700
3.12,-0.05,2700,"unknown","10:13:59",476500
3.12,-0.05,300,"bu","10:13:47",473800
3.11,-0.06,200,"bu","10:13:47",473500
3.1,-0.07,1000,"bu","10:13:35",473300
3.1,-0.07,1100,"bu","10:13:35",472300
3.1,-0.07,5000,"bu","10:13:13",471200
3.1,-0.07,18900,"bu","10:13:13",466200
3.1,-0.07,900,"bu","10:13:12",447300
3.1,-0.07,5000,"bu","10:13:12",446400
3.1,-0.07,200,"bu","10:13:12",441400
3.1,-0.07,300,"bu","10:12:51",441200
3.1,-0.07,100,"bu","10:11:25",440900
3.1,-0.07,100,"bu","10:11:24",440800
3.1,-0.07,1000,"bu","10:10:36",440700
3.1,-0.07,600,"sd","10:10:34",439700
3.1,-0.07,100,"sd","10:10:27",439100
3.1,-0.07,3100,"sd","10:10:05",439000
3.1,-0.07,5000,"bu","10:09:46",435900
3.1,-0.07,10000,"bu","10:09:46",430900
3.1,-0.07,1200,"bu","10:09:46",420900
3.1,-0.07,400,"bu","10:09:37",419700
3.1,-0.07,3000,"bu","10:09:25",419300
3.1,-0.07,100,"bu","10:09:15",416300
3.1,-0.07,300,"bu","10:09:09",416200
3.1,-0.07,200,"bu","10:08:50",415900
3.1,-0.07,1800,"bu","10:08:50",415700
3.1,-0.07,500,"bu","10:08:34",413900
3.09,-0.08,800,"sd","10:07:27",413400
3.09,-0.08,10000,"bu","10:07:15",412600
3.09,-0.08,500,"bu","10:07:15",402600
3.09,-0.08,200,"bu","10:06:58",402100
3.09,-0.08,1000,"bu","10:06:44",401600
3.08,-0.09,500,"sd","10:06:13",400600
3.08,-0.09,500,"sd","10:06:00",400100
3.08,-0.09,500,"sd","10:05:44",399600
3.08,-0.09,1000,"sd","10:05:28",399100
3.08,-0.09,100,"sd","10:05:28",398100
3.08,-0.09,500,"sd","10:05:28",398000
3.08,-0.09,1600,"sd","10:05:28",397500
3.08,-0.09,500,"sd","10:05:27",395900
3.09,-0.08,1000,"unknown","10:05:20",395400
3.08,-0.09,6900,"sd","10:04:28",394400
3.08,-0.09,600,"sd","10:04:28",387500
3.08,-0.09,100,"sd","10:04:28",386900
3.08,-0.09,300,"sd","10:04:28",386800
3.09,-0.08,500,"sd","10:04:28",386500
3.09,-0.08,6300,"sd","10:04:28",386000
3.09,-0.08,600,"sd","10:04:00",379700
3.1,-0.07,1000,"bu","10:03:56",379100
3.09,-0.08,3100,"sd","10:03:49",378100
3.09,-0.08,1000,"sd","10:03:49",375000
3.09,-0.08,1000,"sd","10:03:49",375000
3.09,-0.08,100,"sd","10:03:49",374000
3.09,-0.08,500,"sd","10:03:49",373900
3.09,-0.08,300,"sd","10:03:49",373400
3.09,-0.08,200,"sd","10:03:08",373100
3.09,-0.08,300,"sd","10:03:08",372900
3.09,-0.08,2000,"sd","10:02:55",372600
3.09,-0.08,500,"sd","10:02:24",370600
3.09,-0.08,500,"bu","10:02:18",370100
3.09,-0.08,1700,"bu","10:02:18",369600
3.09,-0.08,500,"bu","10:02:12",367900
3.09,-0.08,200,"bu","10:02:06",367400
3.09,-0.08,200,"bu","10:02:05",367200
3.09,-0.08,300,"unknown","10:02:05",367000
3.09,-0.08,500,"sd","10:02:05",366700
3.09,-0.08,100,"sd","10:02:05",366200
3.09,-0.08,5000,"sd","10:02:05",366100
3.09,-0.08,1500,"sd","10:02:05",361100
3.1,-0.07,300,"bu","10:02:03",359600
3.1,-0.07,1100,"bu","10:01:43",359300
3.1,-0.07,100,"bu","10:01:43",358100
3.09,-0.08,500,"bu","10:01:07",358000
3.1,-0.07,800,"bu","10:01:04",357500
3.09,-0.08,2000,"bu","10:00:53",356700
3.09,-0.08,100,"bu","10:00:17",354700
3.08,-0.09,100,"sd","09:59:55",354600
3.08,-0.09,100,"sd","09:59:55",354500
3.08,-0.09,100,"sd","09:59:55",354400
3.09,-0.08,400,"sd","09:59:38",354300
3.09,-0.08,600,"bu","09:59:38",353900
3.09,-0.08,100,"sd","09:59:24",353300
3.09,-0.08,100,"sd","09:59:24",353200
3.09,-0.08,200,"sd","09:59:24",353100
3.09,-0.08,100,"sd","09:59:23",352900
3.09,-0.08,100,"sd","09:59:23",352800
3.1,-0.07,300,"sd","09:59:06",352700
3.1,-0.07,100,"sd","09:59:06",352400
3.1,-0.07,2000,"sd","09:59:06",352300
3.1,-0.07,200,"sd","09:59:06",350300
3.1,-0.07,200,"sd","09:59:06",350100
3.1,-0.07,500,"sd","09:59:06",349900
3.1,-0.07,500,"sd","09:59:06",349400
3.1,-0.07,300,"sd","09:59:06",348900
3.1,-0.07,700,"sd","09:58:44",348600
3.1,-0.07,300,"sd","09:58:44",347900
3.1,-0.07,500,"sd","09:58:44",347600
3.1,-0.07,200,"sd","09:58:44",347100
3.1,-0.07,200,"sd","09:58:44",346900
3.1,-0.07,100,"sd","09:58:44",346700
3.1,-0.07,100,"sd","09:58:44",346600
3.1,-0.07,800,"sd","09:58:44",346500
3.1,-0.07,2000,"sd","09:58:44",345700
3.1,-0.07,100,"sd","09:58:44",343700
3.11,-0.06,300,"sd","09:58:31",343600
3.11,-0.06,4700,"bu","09:58:22",343300
3.11,-0.06,100,"sd","09:58:07",338600
3.11,-0.06,100,"sd","09:58:07",338500
3.11,-0.06,100,"sd","09:58:07",338400
3.12,-0.05,2000,"bu","09:57:42",338300
3.12,-0.05,3000,"bu","09:57:42",336300
3.12,-0.05,3000,"bu","09:57:42",336300
3.12,-0.05,100,"sd","09:56:30",333300
3.12,-0.05,100,"sd","09:56:30",333200
3.12,-0.05,100,"sd","09:56:30",333100
3.13,-0.04,100,"sd","09:56:26",333000
3.13,-0.04,300,"sd","09:56:26",332900
3.13,-0.04,100,"sd","09:56:11",332600
3.13,-0.04,100,"sd","09:56:11",332500
3.13,-0.04,100,"sd","09:56:11",332400
3.13,-0.04,100,"sd","09:56:10",332300
3.13,-0.04,300,"sd","09:55:48",332200
3.14,-0.03,100,"bu","09:54:20",331900
3.14,-0.03,300,"bu","09:54:06",331800
3.14,-0.03,200,"bu","09:54:06",331500
3.14,-0.03,3300,"bu","09:54:06",331300
3.14,-0.03,2200,"bu","09:54:06",328000
3.13,-0.04,100,"sd","09:53:52",325800
3.14,-0.03,1000,"bu","09:53:35",325700
3.14,-0.03,300,"bu","09:52:55",324700
3.14,-0.03,500,"bu","09:52:48",324400
3.14,-0.03,1800,"sd","09:52:01",323700
3.14,-0.03,1000,"bu","09:51:08",321900
3.14,-0.03,300,"bu","09:51:08",320900
3.14,-0.03,5600,"bu","09:51:08",320600
3.14,-0.03,2000,"sd","09:50:02",315000
3.14,-0.03,100,"sd","09:50:02",313000
3.14,-0.03,1000,"sd","09:50:02",312900
3.14,-0.03,100,"sd","09:50:02",311900
3.14,-0.03,1200,"sd","09:50:02",311800
3.14,-0.03,800,"sd","09:49:59",310600
3.14,-0.03,200,"sd","09:49:59",309800
3.14,-0.03,2000,"sd","09:49:46",309600
3.15,-0.02,100,"bu","09:49:30",307600
3.15,-0.02,100,"bu","09:48:54",307500
3.15,-0.02,12000,"bu","09:48:48",307400
3.15,-0.02,600,"unknown","09:48:29",295400
3.15,-0.02,3900,"sd","09:48:29",294800
3.15,-0.02,100,"sd","09:48:29",290900
3.15,-0.02,100,"sd","09:48:29",290800
3.15,-0.02,100,"sd","09:48:29",290700
3.15,-0.02,100,"sd","09:48:29",290700
3.15,-0.02,1000,"sd","09:48:29",290600
3.15,-0.02,500,"sd","09:48:29",289600
3.15,-0.02,300,"sd","09:48:29",289100
3.15,-0.02,700,"sd","09:48:24",288800
3.15,-0.02,300,"sd","09:48:24",288100
3.15,-0.02,1700,"sd","09:48:09",287800
3.15,-0.02,100,"sd","09:48:09",286100
3.15,-0.02,1600,"sd","09:48:09",286000
3.15,-0.02,200,"sd","09:48:06",284400
3.15,-0.02,200,"sd","09:47:12",284200
3.15,-0.02,100,"sd","09:47:12",284000
3.15,-0.02,200,"sd","09:47:12",283900
3.16,-0.01,3000,"bu","09:46:40",283700
3.16,-0.01,200,"sd","09:46:17",280700
3.16,-0.01,500,"sd","09:46:17",280500
3.16,-0.01,100,"sd","09:46:17",280000
3.16,-0.01,500,"sd","09:46:17",279900
3.16,-0.01,4700,"sd","09:46:16",279400
3.16,-0.01,100,"sd","09:46:11",274700
3.17,0,400,"bu","09:45:59",274600
3.17,0,9600,"bu","09:45:59",274200
3.17,0,200,"bu","09:45:18",264600
3.17,0,200,"bu","09:45:13",264400
3.18,0.01,2500,"bu","09:44:45",264200
3.17,0,300,"bu","09:44:45",261700
3.17,0,300,"bu","09:44:45",261400
3.17,0,200,"bu","09:44:45",261100
3.17,0,1000,"bu","09:44:45",260900
3.17,0,600,"bu","09:44:45",259900
3.17,0,5100,"bu","09:44:45",259300
3.16,-0.01,200,"sd","09:42:41",254200
3.16,-0.01,800,"sd","09:42:41",254000
3.16,-0.01,100,"sd","09:42:41",253200
3.16,-0.01,1000,"sd","09:42:08",253100
3.16,-0.01,900,"sd","09:42:06",252100
3.16,-0.01,100,"sd","09:42:06",251200
3.16,-0.01,100,"sd","09:42:06",251100
3.16,-0.01,300,"sd","09:42:06",251000
3.16,-0.01,1100,"sd","09:42:06",250700
3.16,-0.01,1000,"sd","09:42:06",249600
3.16,-0.01,100,"sd","09:42:06",248600
3.16,-0.01,1400,"sd","09:42:06",248500
3.16,-0.01,500,"sd","09:40:27",247100
3.17,0,1000,"sd","09:39:52",246600
3.17,0,500,"sd","09:39:52",245600
3.17,0,100,"sd","09:39:52",245100
3.17,0,800,"sd","09:39:52",245000
3.17,0,1000,"sd","09:39:19",244200
3.17,0,200,"sd","09:39:12",243200
3.17,0,100,"sd","09:39:12",243000
3.17,0,1000,"bu","09:38:09",242900
3.17,0,100,"sd","09:37:57",241900
3.17,0,1000,"sd","09:37:57",241800
3.17,0,7900,"sd","09:37:57",240800
3.17,0,1000,"bu","09:37:14",232900
3.17,0,1000,"bu","09:37:14",231900
3.17,0,500,"bu","09:37:14",230900
3.17,0,100,"bu","09:37:14",230400
3.17,0,400,"bu","09:37:14",230300
3.17,0,5000,"bu","09:37:13",227900
3.17,0,300,"bu","09:37:13",222900
3.17,0,200,"bu","09:37:13",222600
3.17,0,1000,"bu","09:37:13",222400
3.17,0,600,"bu","09:37:13",221400
3.17,0,100,"bu","09:36:53",220800
3.17,0,700,"bu","09:36:24",220700
3.17,0,900,"bu","09:36:08",220000
3.16,-0.01,500,"sd","09:36:03",219100
3.16,-0.01,1000,"sd","09:35:48",218600
3.17,0,900,"bu","09:35:43",217600
3.17,0,1000,"bu","09:35:38",216700
3.17,0,200,"bu","09:33:33",215700
3.17,0,1000,"sd","09:33:20",215500
3.17,0,100,"sd","09:33:20",214500
3.17,0,100,"sd","09:33:20",214400
3.17,0,100,"sd","09:33:20",214300
3.17,0,3000,"sd","09:33:20",214200
3.17,0,100,"sd","09:33:20",211200
3.17,0,200,"sd","09:33:20",211100
3.17,0,1000,"sd","09:33:20",210900
3.17,0,1000,"sd","09:33:20",209900
3.17,0,500,"sd","09:33:20",208900
3.17,0,100,"sd","09:33:20",208400
3.17,0,400,"sd","09:33:12",208300
3.17,0,300,"sd","09:33:11",207900
3.17,0,700,"sd","09:33:11",207600
3.17,0,300,"sd","09:33:04",206900
3.17,0,200,"sd","09:33:04",206600
3.17,0,200,"sd","09:33:04",206400
3.17,0,100,"sd","09:33:04",206200
3.17,0,100,"sd","09:33:04",206100
3.17,0,500,"sd","09:33:04",206000
3.17,0,100,"sd","09:33:04",205500
3.17,0,100,"sd","09:32:38",205400
3.18,0.01,200,"sd","09:32:37",175300
3.18,0.01,30000,"sd","09:32:37",205300
3.19,0.02,1400,"bu","09:32:25",175100
3.19,0.02,300,"sd","09:32:06",173700
3.19,0.02,1100,"sd","09:32:06",173400
3.19,0.02,1100,"sd","09:32:06",173400
3.19,0.02,400,"sd","09:32:06",172300
3.19,0.02,300,"sd","09:32:06",171900
3.2,0.03,1500,"bu","09:31:40",171600
3.19,0.02,500,"sd","09:30:38",170100
3.19,0.02,500,"sd","09:30:38",169600
3.2,0.03,1200,"bu","09:30:08",169100
3.2,0.03,400,"bu","09:29:59",167900
3.2,0.03,1600,"sd","09:29:46",167500
3.2,0.03,1000,"sd","09:29:40",165900
3.2,0.03,1000,"sd","09:29:35",164900
3.2,0.03,1400,"sd","09:29:35",163900
3.2,0.03,300,"sd","09:29:35",162500
3.2,0.03,1600,"sd","09:29:32",162200
3.2,0.03,100,"sd","09:29:13",160600
3.21,0.04,1400,"sd","09:28:50",160500
3.21,0.04,5000,"sd","09:28:23",159100
3.21,0.04,3600,"sd","09:28:21",154100
3.21,0.04,2000,"sd","09:28:21",150500
3.21,0.04,100,"sd","09:28:21",148500
3.21,0.04,14300,"sd","09:28:21",148400
3.21,0.04,1000,"sd","09:28:04",134100
3.21,0.04,300,"sd","09:28:04",133100
3.21,0.04,1200,"sd","09:27:32",132800
3.22,0.05,2000,"bu","09:26:24",131600
3.21,0.04,1500,"sd","09:26:12",129600
3.22,0.05,1000,"bu","09:25:36",128100
3.22,0.05,100,"sd","09:25:21",127100
3.22,0.05,900,"sd","09:25:21",127000
3.23,0.06,100,"bu","09:25:13",126100
3.22,0.05,100,"sd","09:25:07",126000
3.22,0.05,900,"sd","09:25:07",125900
3.23,0.06,100,"bu","09:24:23",125000
3.23,0.06,100,"sd","09:24:19",124900
3.23,0.06,15000,"sd","09:24:19",124800
3.24,0.07,1000,"bu","09:24:09",109800
3.23,0.06,5000,"sd","09:23:58",108800
3.24,0.07,200,"bu","09:23:32",103800
3.24,0.07,1000,"bu","09:23:32",103600
3.24,0.07,300,"bu","09:23:20",102600
3.23,0.06,10000,"bu","09:22:59",102200
3.22,0.05,5000,"bu","09:22:58",92200
3.22,0.05,100,"bu","09:22:58",87200
3.22,0.05,900,"bu","09:22:58",87100
3.2,0.03,200,"bu","09:22:58",86200
3.2,0.03,100,"bu","09:22:58",86000
3.2,0.03,2800,"bu","09:22:58",85900
3.2,0.03,200,"sd","09:22:42",83100
3.2,0.03,2000,"sd","09:22:42",82900
3.2,0.03,2000,"sd","09:22:42",80900
3.2,0.03,100,"sd","09:22:32",78900
3.2,0.03,2900,"sd","09:21:49",78800
3.2,0.03,100,"sd","09:21:49",75900
3.22,0.05,500,"sd","09:21:37",75800
3.22,0.05,500,"sd","09:21:37",75300
3.24,0.07,800,"bu","09:21:33",74800
3.22,0.05,1500,"sd","09:21:32",74000
3.22,0.05,3000,"sd","09:21:23",72500
3.24,0.07,600,"bu","09:21:09",69500
3.24,0.07,600,"sd","09:20:51",68900
3.24,0.07,600,"sd","09:20:51",68900
3.24,0.07,300,"sd","09:20:51",68300
3.24,0.07,400,"bu","09:20:46",68000
3.24,0.07,1600,"bu","09:20:35",67600
3.24,0.07,400,"bu","09:20:34",66000
3.24,0.07,600,"bu","09:20:28",65600
3.24,0.07,600,"bu","09:20:26",65000
3.24,0.07,1400,"bu","09:20:25",64400
3.24,0.07,200,"bu","09:20:15",63000
3.24,0.07,800,"unknown","09:19:44",62800
3.24,0.07,700,"bu","09:19:29",62000
3.24,0.07,100,"bu","09:19:27",61300
3.24,0.07,13400,"bu","09:19:27",61200
3.25,0.08,3000,"bu","09:19:25",47800
3.24,0.07,1600,"sd","09:19:11",44800
3.25,0.08,1500,"bu","09:19:02",43200
3.25,0.08,100,"bu","09:18:54",41700
3.25,0.08,100,"bu","09:18:53",41600
3.28,0.11,200,"bu","09:18:38",41500
3.26,0.09,300,"bu","09:18:27",41300
3.26,0.09,700,"bu","09:18:13",41000
3.26,0.09,1300,"sd","09:18:01",40300
3.26,0.09,2700,"sd","09:18:01",39000
3.27,0.1,100,"unknown","09:18:01",36300
3.28,0.11,400,"bu","09:17:58",36200
3.27,0.1,100,"bu","09:17:57",35800
3.28,0.11,200,"bu","09:17:32",35700
3.27,0.1,200,"unknown","09:17:28",35500
3.26,0.09,300,"sd","09:17:26",35300
3.27,0.1,800,"bu","09:17:24",35000
3.27,0.1,500,"bu","09:17:20",34200
3.27,0.1,200,"bu","09:17:17",33700
3.27,0.1,200,"bu","09:17:17",33500
3.27,0.1,200,"bu","09:17:16",33300
3.27,0.1,500,"bu","09:17:16",33100
3.27,0.1,900,"bu","09:17:16",32600
3.26,0.09,100,"unknown","09:17:16",31700
3.26,0.09,200,"bu","09:17:15",31600
3.25,0.08,400,"sd","09:17:11",31400
3.25,0.08,2200,"sd","09:16:44",31000
3.24,0.07,300,"sd","09:16:33",27400
3.24,0.07,1200,"sd","09:16:33",27100
3.24,0.07,800,"sd","09:16:19",25900
3.24,0.07,200,"sd","09:16:19",25100
3.25,0.08,300,"bu","09:16:19",24900
3.24,0.07,300,"sd","09:15:59",24600
3.24,0.07,500,"sd","09:15:59",24300
3.25,0.08,200,"bu","09:15:57",23800
3.25,0.08,100,"bu","09:15:46",23600
3.24,0.07,1000,"sd","09:15:43",23500
3.24,0.07,100,"sd","09:15:42",22500
3.24,0.07,500,"sd","09:15:33",22400
3.24,0.07,700,"bu","09:15:23",21900
3.24,0.07,300,"bu","09:15:21",21200
3.23,0.06,20900,"sd","09:15:02",20900
3.17,0.2,1000,"bu","09:24:21",877200
3.17,0.2,2000,"bu","09:24:21",876200
3.17,0.2,1000,"bu","09:24:21",874200
3.17,0.2,100,"bu","09:24:21",873200
3.17,0.2,1000,"bu","09:24:21",873100
3.17,0.2,100,"bu","09:24:21",872100
3.17,0.2,800,"bu","09:24:21",872000
3.17,0.2,1500,"bu","09:24:21",871200
3.17,0.2,500,"bu","09:24:21",869700
3.17,0.2,1000,"bu","09:24:21",869200
3.17,0.2,300,"bu","09:24:21",868200
3.17,0.2,200,"bu","09:24:21",867900
3.17,0.2,200,"bu","09:24:21",867700
3.17,0.2,100,"bu","09:24:21",867500
3.17,0.2,100,"bu","09:24:21",867400
3.17,0.2,2000,"bu","09:24:21",867300
3.17,0.2,100,"bu","09:24:21",865300
3.17,0.2,900,"bu","09:24:20",865200
3.17,0.2,5000,"bu","09:24:20",864300
3.17,0.2,200,"bu","09:24:20",859300
3.17,0.2,200,"bu","09:24:20",859300
3.17,0.2,3900,"bu","09:24:20",859100
3.16,0.19,5000,"bu","09:24:18",855200
3.16,0.19,1000,"bu","09:24:18",850200
3.16,0.19,3500,"bu","09:24:18",849200
3.16,0.19,19500,"bu","09:24:18",845700
3.16,0.19,4000,"bu","09:24:18",826200
3.16,0.19,1000,"bu","09:24:16",822200
3.15,0.18,20000,"sd","09:24:14",821200
3.16,0.19,15000,"bu","09:24:11",801200
3.16,0.19,2000,"bu","09:24:11",786200
3.16,0.19,3000,"bu","09:24:11",784200
3.16,0.19,4000,"bu","09:24:07",781200
3.15,0.18,1000,"bu","09:24:07",777200
3.15,0.18,2000,"bu","09:24:07",776200
3.15,0.18,500,"bu","09:24:07",774200
3.15,0.18,1000,"bu","09:24:07",773700
3.15,0.18,1000,"bu","09:24:07",772700
3.15,0.18,800,"bu","09:24:07",771700
3.15,0.18,2000,"bu","09:24:07",770900
3.13,0.16,11100,"bu","09:23:46",631800
3.14,0.17,1000,"bu","09:23:46",620700
3.14,0.17,100,"bu","09:23:46",619700
3.14,0.17,100,"bu","09:23:46",619600
3.14,0.17,200,"bu","09:23:46",619500
3.13,0.16,100,"bu","09:23:46",619300
3.13,0.16,100,"bu","09:23:46",619200
3.13,0.16,13000,"bu","09:23:46",619100
3.13,0.16,15000,"bu","09:23:46",606100
3.13,0.16,20000,"bu","09:23:46",591100
3.11,0.14,100,"sd","09:23:34",571100
3.13,0.16,700,"bu","09:23:23",571000
3.13,0.16,100,"bu","09:23:23",570300
3.13,0.16,4200,"bu","09:23:23",570200
3.13,0.16,300,"bu","09:23:23",566000
3.13,0.16,1000,"bu","09:23:17",565700
3.13,0.16,4800,"sd","09:23:10",564700
3.13,0.16,100,"sd","09:23:10",559900
3.14,0.17,5300,"bu","09:23:10",559800
3.13,0.16,100,"sd","09:23:07",554500
3.14,0.17,100,"sd","09:23:48",670200
3.14,0.17,400,"sd","09:23:47",670100
3.14,0.17,400,"bu","09:23:46",669700
3.14,0.17,4000,"bu","09:23:46",669300
3.14,0.17,200,"bu","09:23:46",665300
3.14,0.17,2000,"bu","09:23:46",665100
3.14,0.17,100,"bu","09:23:46",663100
3.14,0.17,500,"bu","09:23:46",663000
3.14,0.17,100,"bu","09:23:46",662500
3.14,0.17,30000,"bu","09:23:46",662400
3.14,0.17,600,"bu","09:23:46",632400
3.14,0.17,100,"bu","09:23:46",631800
3.14,0.17,1000,"bu","09:23:46",631700
3.14,0.17,100,"bu","09:23:46",630700
3.14,0.17,100,"bu","09:23:46",630600
3.14,0.17,200,"bu","09:23:46",630500
3.13,0.16,100,"bu","09:23:46",630300
3.13,0.16,100,"bu","09:23:46",630200
3.13,0.16,13000,"bu","09:23:46",630100
3.13,0.16,11000,"bu","09:23:46",617100
3.13,0.16,11000,"bu","09:23:46",617100
3.13,0.16,15000,"bu","09:23:46",606100
3.13,0.16,20000,"bu","09:23:46",591100
3.11,0.14,100,"sd","09:23:34",571100
3.13,0.16,300,"bu","09:23:23",571000
3.13,0.16,700,"bu","09:23:23",570700
3.13,0.16,100,"bu","09:23:23",570000
3.13,0.16,4200,"bu","09:23:23",569900
3.13,0.16,1000,"bu","09:23:17",565700
3.13,0.16,4800,"sd","09:23:10",564700
3.13,0.16,100,"sd","09:23:10",559900
3.14,0.17,5300,"bu","09:23:09",559800
3.13,0.16,100,"sd","09:23:07",554500
3.13,0.16,5000,"bu","09:23:07",554400
3.13,0.16,15000,"sd","09:22:59",549400
3.13,0.16,5000,"sd","09:22:57",534400
3.13,0.16,100,"bu","09:22:53",529400
3.14,0.17,4500,"bu","09:22:50",529300
3.14,0.17,1000,"bu","09:22:50",524800
3.14,0.17,10000,"bu","09:22:50",523800
3.14,0.17,2000,"bu","09:22:50",513800
3.14,0.17,3900,"bu","09:22:50",511800
3.14,0.17,300,"bu","09:22:50",507900
3.14,0.17,6500,"bu","09:22:50",507600
3.14,0.17,10000,"bu","09:22:50",501100
3.14,0.17,24000,"bu","09:22:50",491100
3.14,0.17,10000,"bu","09:22:50",467100
3.14,0.17,2000,"bu","09:22:50",457100
3.14,0.17,500,"bu","09:22:50",455100
3.14,0.17,500,"bu","09:22:50",454600
3.14,0.17,800,"bu","09:22:50",454100
3.14,0.17,1000,"bu","09:22:50",453300
3.14,0.17,5000,"bu","09:22:50",452300
3.13,0.16,1000,"bu","09:22:50",447300
3.13,0.16,200,"bu","09:22:50",446300
3.13,0.16,100,"bu","09:22:50",446100
3.13,0.16,1400,"bu","09:22:50",446000
3.13,0.16,500,"bu","09:22:50",444600
3.13,0.16,1000,"bu","09:22:50",444100
3.13,0.16,200,"bu","09:22:50",443100
3.13,0.16,1000,"bu","09:22:50",444100
3.13,0.16,200,"bu","09:22:50",443100
3.13,0.16,800,"bu","09:22:50",442900
3.13,0.16,8400,"bu","09:22:50",442100
3.12,0.15,4000,"bu","09:22:50",433700
3.12,0.15,400,"bu","09:22:50",429700
3.12,0.15,100,"bu","09:22:44",429300
3.13,0.16,1600,"bu","09:22:25",429200
3.13,0.16,5000,"bu","09:22:25",427600
3.13,0.16,10500,"bu","09:22:25",422600
3.12,0.15,100,"bu","09:22:25",412100
3.12,0.15,900,"bu","09:22:22",412000
3.12,0.15,100,"bu","09:22:22",411100
3.11,0.14,2600,"bu","09:22:05",411000
3.11,0.14,1000,"bu","09:21:56",408400
3.12,0.15,1400,"sd","09:21:50",407400
3.12,0.15,1000,"sd","09:21:48",406000
3.12,0.15,1000,"bu","09:21:46",405000
3.12,0.15,4000,"bu","09:21:45",404000
3.12,0.15,3000,"bu","09:21:45",400000
3.12,0.15,1000,"bu","09:21:45",397000
3.11,0.14,100,"bu","09:21:45",396000
3.11,0.14,1500,"bu","09:21:45",395900
3.11,0.14,3000,"sd","09:21:42",394400
3.11,0.14,500,"sd","09:21:42",391400
3.11,0.14,200,"sd","09:21:32",390900
3.11,0.14,200,"bu","09:21:21",390700
3.1,0.13,1200,"bu","09:21:21",390500
3.1,0.13,2400,"sd","09:21:19",389300
3.1,0.13,2600,"bu","09:21:12",386900
3.1,0.13,1000,"bu","09:20:54",384300
3.1,0.13,1000,"sd","09:20:54",383300
3.1,0.13,500,"sd","09:20:54",382300
3.1,0.13,4900,"sd","09:20:54",381800
3.13,0.16,4500,"bu","09:20:36",376900
3.13,0.16,3000,"bu","09:20:36",372400
3.13,0.16,500,"bu","09:20:36",369400
3.13,0.16,18000,"bu","09:20:36",368900
3.13,0.16,10000,"bu","09:20:36",350900
3.13,0.16,5000,"bu","09:20:36",340900
3.12,0.15,200,"unknown","09:19:18",248000
3.13,0.16,5000,"bu","09:19:15",247800
3.12,0.15,100,"bu","09:19:10",242800
3.12,0.15,100,"bu","09:19:10",242700
3.13,0.16,100,"bu","09:18:59",242600
3.13,0.16,1800,"bu","09:18:58",242500
3.12,0.15,200,"bu","09:18:58",240700
3.11,0.14,100,"sd","09:18:54",240500
3.11,0.14,100,"sd","09:18:54",240400
3.12,0.15,500,"sd","09:18:54",240300
3.12,0.15,4300,"sd","09:18:54",239800
3.12,0.15,200,"sd","09:18:49",235500
3.12,0.15,1000,"sd","09:18:49",235300
3.12,0.15,500,"bu","09:18:49",234300
3.12,0.15,1500,"bu","09:18:49",233800
3.12,0.15,500,"bu","09:18:48",232300
3.12,0.15,5000,"bu","09:18:47",231800
3.11,0.14,100,"sd","09:18:42",226800
3.11,0.14,2600,"sd","09:18:42",226700
3.11,0.14,400,"sd","09:18:33",224100
3.11,0.14,2000,"sd","09:19:53",275900
3.13,0.16,200,"bu","09:19:50",273900
3.13,0.16,100,"bu","09:19:50",273700
3.13,0.16,1000,"bu","09:19:44",273600
3.13,0.16,1100,"sd","09:19:39",272600
3.13,0.16,2800,"sd","09:19:39",271500
3.14,0.17,2000,"bu","09:19:32",268700
3.13,0.16,100,"sd","09:19:28",266700
3.13,0.16,5000,"bu","09:19:21",266600
3.13,0.16,2100,"bu","09:19:21",261600
3.13,0.16,1700,"bu","09:19:18",259500
3.13,0.16,1200,"bu","09:19:17",257800
3.13,0.16,1500,"bu","09:19:17",256600
3.13,0.16,6000,"bu","09:19:17",255100
3.13,0.16,1100,"bu","09:19:17",249100
3.12,0.15,200,"unknown","09:19:17",248000
3.13,0.16,5000,"bu","09:19:13",247800
3.12,0.15,100,"bu","09:19:10",242800
3.12,0.15,100,"bu","09:19:10",242700
3.13,0.16,100,"bu","09:18:59",242600
3.13,0.16,100,"bu","09:18:59",242600
3.13,0.16,1800,"bu","09:18:58",242500
3.12,0.15,200,"bu","09:18:58",240700
3.11,0.14,100,"sd","09:18:54",240500
3.11,0.14,100,"sd","09:18:54",240400
3.12,0.15,500,"sd","09:18:54",240300
3.12,0.15,4300,"sd","09:18:54",239800
3.12,0.15,500,"bu","09:18:49",235500
3.12,0.15,200,"bu","09:18:49",235000
3.12,0.15,1000,"bu","09:18:49",234800
3.12,0.15,1500,"bu","09:18:49",233800
3.12,0.15,500,"bu","09:18:48",232300
3.12,0.15,5000,"bu","09:18:47",231800
3.11,0.14,100,"sd","09:18:42",226800
3.11,0.14,2600,"sd","09:18:42",226700
3.11,0.14,400,"bu","09:18:32",224100
3.11,0.14,6900,"bu","09:18:30",223700
3.1,0.13,9200,"sd","09:18:29",216800
3.11,0.14,700,"bu","09:18:28",207600
3.1,0.13,10000,"sd","09:18:20",206900
3.1,0.13,500,"sd","09:18:17",196900
3.1,0.13,1000,"sd","09:18:17",196400
3.1,0.13,1000,"sd","09:18:17",195400
3.1,0.13,3000,"sd","09:18:17",194400
3.1,0.13,200,"sd","09:18:17",191400
3.1,0.13,2000,"sd","09:18:17",191200
3.1,0.13,2000,"sd","09:18:17",189200
3.1,0.13,1000,"sd","09:18:17",187200
3.1,0.13,1000,"sd","09:18:17",186200
3.1,0.13,2000,"sd","09:18:17",185200
3.1,0.13,4000,"sd","09:18:17",183200
3.1,0.13,100,"sd","09:18:17",179200
3.1,0.13,100,"sd","09:18:17",179100
3.1,0.13,1000,"sd","09:18:17",179000
3.1,0.13,1400,"sd","09:18:17",178000
3.1,0.13,3000,"bu","09:18:17",176600
3.1,0.13,3000,"bu","09:18:17",173600
3.1,0.13,1000,"bu","09:18:17",170600
3.1,0.13,100,"bu","09:18:17",169600
3.1,0.13,10000,"bu","09:18:17",169500
3.1,0.13,500,"bu","09:18:17",159500
3.1,0.13,600,"bu","09:18:17",159000
3.1,0.13,700,"bu","09:18:17",158400
3.1,0.13,100,"bu","09:18:17",157700
3.1,0.13,400,"bu","09:18:17",157600
3.1,0.13,100,"bu","09:18:17",157200
3.1,0.13,30000,"bu","09:18:17",157100
3.1,0.13,100,"bu","09:18:17",127100
3.1,0.13,6000,"bu","09:18:17",127000
3.1,0.13,1000,"bu","09:18:12",121000
3.08,0.11,5700,"sd","09:18:10",120000
3.09,0.12,4300,"sd","09:18:10",114300
3.09,0.12,200,"bu","09:18:07",110000
3.09,0.12,200,"bu","09:18:07",109800
3.09,0.12,100,"bu","09:18:07",109600
3.09,0.12,100,"bu","09:18:07",109500
3.09,0.12,5000,"bu","09:18:07",109400
3.09,0.12,1000,"bu","09:17:59",104400
3.08,0.11,1000,"sd","09:17:54",103400
3.09,0.12,2000,"bu","09:17:49",102400
3.08,0.11,1000,"bu","09:17:49",100400
3.08,0.11,1000,"bu","09:17:49",99400
3.08,0.11,1000,"bu","09:17:49",98400
3.08,0.11,5000,"bu","09:17:49",97400
3.07,0.1,100,"bu","09:17:44",92400
3.07,0.1,1300,"bu","09:17:44",92300
3.07,0.1,100,"bu","09:17:44",91000
3.07,0.1,1000,"bu","09:17:44",90900
3.07,0.1,5000,"bu","09:17:42",89900
3.07,0.1,2500,"bu","09:17:37",84900
3.07,0.1,7500,"bu","09:17:37",82400
3.07,0.1,1000,"bu","09:17:37",74900
3.06,0.09,200,"sd","09:17:33",73900
3.07,0.1,500,"bu","09:17:30",73700
3.06,0.09,4400,"bu","09:17:10",73200
3.06,0.09,600,"bu","09:17:09",68800
3.06,0.09,400,"bu","09:17:09",68200
3.05,0.08,100,"bu","09:16:58",67800
3.05,0.08,2700,"bu","09:16:58",67700
3.05,0.08,1000,"bu","09:16:46",65000
3.05,0.08,1300,"sd","09:16:21",64000
3.05,0.08,100,"bu","09:16:19",62700
3.05,0.08,300,"bu","09:16:19",62600
3.05,0.08,1800,"bu","09:16:19",62300
3.05,0.08,1000,"bu","09:16:13",60500
3.05,0.08,500,"bu","09:16:04",59500
3.05,0.08,700,"sd","09:15:59",59000
3.06,0.09,100,"bu","09:15:53",58300
3.06,0.09,900,"bu","09:15:53",58200
3.06,0.09,3100,"bu","09:15:49",57300
3.04,0.07,900,"bu","09:15:49",54200
3.04,0.07,800,"sd","09:15:48",53300
3.05,0.08,800,"sd","09:15:48",52500
3.05,0.08,500,"bu","09:15:37",51700
3.05,0.08,200,"bu","09:15:37",51200
3.05,0.08,100,"bu","09:15:28",51000
3.05,0.08,2000,"bu","09:15:28",50900
3.05,0.08,100,"bu","09:15:28",48900
3.05,0.08,2000,"bu","09:15:28",48800
3.05,0.08,800,"bu","09:15:28",46800
3.04,0.07,500,"bu","09:15:05",46000
3.03,0.06,700,"bu","09:15:05",45500
3.03,0.06,1000,"bu","09:15:05",44800
3.03,0.06,6900,"bu","09:15:05",43800
3.03,0.06,100,"bu","09:15:05",36900
3.01,0.04,7300,"sd","09:15:04",36800
3.01,0.04,29500,"sd","09:15:01",29500
2.27,0.03,2000,"sd","09:35:52",2291300
2.28,0.04,3300,"sd","09:35:37",2289300
2.29,0.05,1700,"bu","09:35:37",2286000
2.28,0.04,2200,"sd","09:35:04",2284300
2.28,0.04,5300,"sd","09:35:04",2282100
2.28,0.04,100,"sd","09:35:04",2276800
2.28,0.04,100,"sd","09:35:04",2276700
2.28,0.04,200,"sd","09:35:04",2276600
2.28,0.04,400,"sd","09:35:04",2276400
2.28,0.04,300,"sd","09:35:04",2276000
2.3,0.06,3900,"bu","09:34:59",2275700
2.3,0.06,400,"bu","09:34:59",2271800
2.3,0.06,700,"bu","09:34:59",2271400
2.28,0.04,400,"sd","09:34:57",2270700
2.28,0.04,5000,"sd","09:34:57",2270300
2.28,0.04,500,"sd","09:34:57",2265300
2.28,0.04,14100,"sd","09:34:57",2264800
2.3,0.06,500,"bu","09:34:56",2250700
2.28,0.04,1000,"sd","09:34:45",2250200
2.28,0.04,4900,"sd","09:34:41",2249200
2.29,0.05,200,"sd","09:34:41",2244300
2.29,0.05,900,"sd","09:34:41",2244100
2.3,0.06,100,"bu","09:34:40",2243200
2.29,0.05,100,"sd","09:34:32",2243100
2.29,0.05,1900,"sd","09:34:32",2243000
2.29,0.05,1100,"sd","09:34:27",2241100
2.29,0.05,500,"sd","09:34:27",2240000
2.29,0.05,100,"sd","09:34:27",2239500
2.29,0.05,1200,"sd","09:34:27",2239400
2.29,0.05,100,"sd","09:34:27",2238200
2.3,0.06,800,"bu","09:34:24",2238100
2.3,0.06,100,"sd","09:34:18",2237300
2.3,0.06,2000,"sd","09:34:18",2237200
2.3,0.06,800,"sd","09:34:18",2235200
2.31,0.07,100,"bu","09:34:14",2234400
2.3,0.06,4200,"sd","09:34:09",2234300
2.3,0.06,500,"sd","09:34:09",2230100
2.3,0.06,25300,"sd","09:34:09",2229600
2.3,0.06,4700,"sd","09:34:07",2204300
2.3,0.06,300,"sd","09:34:04",2199600
2.3,0.06,25300,"sd","09:34:09",2229600
2.3,0.06,4700,"sd","09:34:07",2204300
2.3,0.06,300,"sd","09:34:04",2199600
2.3,0.06,300,"sd","09:33:53",2199300
2.31,0.07,700,"bu","09:33:41",2199000
2.3,0.06,4400,"sd","09:33:39",2198300
2.3,0.06,2000,"sd","09:33:39",2193900
2.3,0.06,100,"sd","09:33:39",2191900
2.3,0.06,1000,"sd","09:33:34",2191800
2.3,0.06,500,"sd","09:33:34",2190800
2.3,0.06,100,"sd","09:33:34",2190300
2.3,0.06,1000,"sd","09:33:34",2190200
2.3,0.06,3000,"sd","09:33:34",2189200
2.3,0.06,3400,"sd","09:33:34",2186200
2.31,0.07,1000,"sd","09:33:34",2182800
2.3,0.06,100,"sd","09:33:29",2181800
2.3,0.06,100,"sd","09:33:28",2181700
2.3,0.06,6400,"sd","09:33:15",2181600
2.3,0.06,5000,"sd","09:33:15",2175200
2.3,0.06,1000,"sd","09:33:15",2170200
2.3,0.06,100,"sd","09:33:15",2169200
2.3,0.06,1700,"sd","09:33:15",2169100
2.31,0.07,2000,"sd","09:33:15",2167400
2.31,0.07,400,"sd","09:33:15",2165400
2.31,0.07,100,"sd","09:33:15",2165000
2.31,0.07,100,"sd","09:33:15",2164900
2.31,0.07,13200,"sd","09:33:15",2164800
2.33,0.09,200,"bu","09:32:47",2151600
2.33,0.09,800,"bu","09:32:47",2151400
2.31,0.07,1800,"sd","09:32:44",2150600
2.32,0.08,1000,"sd","09:32:43",2148800
2.32,0.08,200,"sd","09:32:43",2147800
2.33,0.09,2000,"bu","09:32:23",2147600
2.33,0.09,100,"bu","09:31:51",2145600
2.33,0.09,3000,"bu","09:31:49",2145500
2.32,0.08,100,"sd","09:31:46",2142500
2.32,0.08,500,"sd","09:31:46",2142400
2.32,0.08,500,"sd","09:31:46",2141900
2.32,0.08,1000,"sd","09:31:46",2141400
2.32,0.08,2900,"sd","09:31:46",2140400
2.32,0.08,400,"sd","09:31:26",2119900
2.32,0.08,200,"sd","09:31:18",2119500
2.33,0.09,5000,"bu","09:31:16",2119300
2.32,0.08,300,"sd","09:31:14",2114300
2.33,0.09,2500,"bu","09:31:09",2114000
2.32,0.08,100,"sd","09:31:08",2111500
2.32,0.08,100,"sd","09:31:08",2111400
2.32,0.08,900,"sd","09:31:02",2111300
2.32,0.08,300,"sd","09:31:02",2110400
2.32,0.08,200,"sd","09:31:02",2110100
2.32,0.08,500,"sd","09:31:02",2109900
2.32,0.08,1000,"sd","09:31:02",2109400
2.32,0.08,100,"sd","09:31:02",2108400
2.33,0.09,200,"bu","09:30:47",2108300
2.33,0.09,2000,"bu","09:30:43",2108100
2.33,0.09,400,"bu","09:30:39",2106100
2.33,0.09,1500,"bu","09:30:13",2105700
2.33,0.09,2500,"sd","09:30:09",2104200
2.34,0.1,100,"bu","09:29:56",2101700
2.33,0.09,10000,"sd","09:29:54",2101600
2.33,0.09,2500,"sd","09:30:09",2104200
2.34,0.1,100,"bu","09:29:55",2101700
2.33,0.09,10000,"sd","09:29:54",2101600
2.33,0.09,2500,"bu","09:29:46",2091600
2.33,0.09,23400,"bu","09:29:45",2089100
2.33,0.09,5000,"bu","09:29:45",2065700
2.33,0.09,1300,"bu","09:29:45",2060700
2.33,0.09,300,"bu","09:29:45",2059400
2.33,0.09,1600,"bu","09:29:41",2059100
2.33,0.09,100,"sd","09:29:29",2057500
2.33,0.09,500,"sd","09:29:29",2057400
2.33,0.09,1500,"sd","09:29:19",2056900
2.33,0.09,5300,"sd","09:29:19",2055400
2.33,0.09,4700,"sd","09:29:08",2050100
2.33,0.09,5000,"sd","09:29:08",2045400
2.33,0.09,200,"sd","09:29:08",2040400
2.33,0.09,100,"sd","09:29:08",2040200
2.34,0.1,100,"bu","09:28:53",2040100
2.34,0.1,500,"bu","09:28:46",2040000
2.34,0.1,500,"bu","09:28:46",2039500
2.33,0.09,4800,"sd","09:28:40",2039000
2.33,0.09,1000,"sd","09:28:38",2034200
2.33,0.09,1100,"sd","09:28:35",2033200
2.33,0.09,100,"sd","09:28:31",2032100
2.33,0.09,1000,"sd","09:28:31",2032000
2.33,0.09,1000,"sd","09:28:31",2031000
2.33,0.09,4300,"sd","09:28:31",2030000
2.33,0.09,3600,"sd","09:28:31",2025700
2.33,0.09,200,"sd","09:28:30",2022100
2.33,0.09,2000,"sd","09:28:29",2021900
2.33,0.09,200,"sd","09:28:22",2019900
2.34,0.1,500,"bu","09:28:20",2019700
2.33,0.09,1000,"sd","09:28:18",2019200
2.33,0.09,3000,"sd","09:28:13",2018200
2.33,0.09,10000,"sd","09:28:03",2015200
2.33,0.09,1000,"sd","09:27:53",2005200
2.33,0.09,4000,"bu","09:27:53",2004200
2.33,0.09,3000,"sd","09:27:48",2000200
2.33,0.09,100,"sd","09:27:44",1997200
2.33,0.09,900,"sd","09:27:44",1997100
2.33,0.09,300,"sd","09:27:38",1993000
2.33,0.09,500,"sd","09:27:28",1992700
2.33,0.09,800,"sd","09:27:22",1992200
2.33,0.09,600,"sd","09:27:22",1991400
2.33,0.09,300,"sd","09:27:02",1990800
2.33,0.09,100,"sd","09:26:52",1990500
2.33,0.09,200,"sd","09:26:52",1990400
2.33,0.09,200,"sd","09:26:52",1990200
2.33,0.09,1500,"sd","09:26:52",1990000
2.33,0.09,300,"sd","09:26:37",1988500
2.33,0.09,3200,"sd","09:26:37",1988200
2.33,0.09,100,"sd","09:26:37",1985000
2.33,0.09,6700,"sd","09:26:37",1984900
2.34,0.1,200,"bu","09:26:31",1978200
2.33,0.09,500,"sd","09:26:26",1978000
2.33,0.09,200,"sd","09:26:20",1977500
2.33,0.09,1300,"bu","09:26:05",1977300
2.33,0.09,300,"bu","09:26:05",1976000
2.33,0.09,100,"bu","09:25:59",1975700
2.33,0.09,1600,"sd","09:25:57",1975600
2.33,0.09,300,"bu","09:26:05",1976000
2.33,0.09,100,"bu","09:25:59",1975700
2.33,0.09,1600,"sd","09:25:57",1975600
2.33,0.09,1000,"sd","09:25:56",1974000
2.33,0.09,400,"bu","09:25:55",1973000
2.33,0.09,100,"bu","09:25:55",1972600
2.33,0.09,100,"bu","09:25:55",1972500
2.33,0.09,100,"bu","09:25:55",1972400
2.33,0.09,3000,"bu","09:25:55",1972300
2.33,0.09,1700,"bu","09:25:55",1969300
2.33,0.09,1000,"bu","09:25:50",1967600
2.33,0.09,500,"bu","09:25:49",1966600
2.33,0.09,1000,"bu","09:25:40",1966100
2.33,0.09,10800,"sd","09:25:34",1965100
2.33,0.09,100,"sd","09:25:22",1954300
2.33,0.09,400,"sd","09:25:16",1954200
2.33,0.09,2000,"sd","09:25:15",1953800
2.33,0.09,4000,"bu","09:25:12",1951800
2.33,0.09,100,"bu","09:25:12",1947800
2.33,0.09,3000,"bu","09:25:12",1947700
2.33,0.09,21300,"bu","09:25:12",1944700
2.33,0.09,5000,"bu","09:25:12",1923400
2.33,0.09,9500,"bu","09:25:12",1918400
2.32,0.08,100,"bu","09:25:12",1908900
2.32,0.08,100,"bu","09:25:12",1908800
2.32,0.08,35200,"bu","09:25:12",1908700
2.31,0.07,8400,"bu","09:25:12",1873500
2.31,0.07,400,"bu","09:25:12",1865100
2.32,0.08,4900,"bu","09:25:00",1864700
2.31,0.07,100,"bu","09:25:00",1859800
2.32,0.08,2500,"bu","09:24:46",1859700
2.32,0.08,500,"bu","09:24:42",1857200
2.32,0.08,3000,"sd","09:24:39",1856700
2.32,0.08,100,"sd","09:24:39",1853700
2.32,0.08,500,"sd","09:24:39",1853600
2.32,0.08,200,"sd","09:24:39",1853100
2.32,0.08,3100,"sd","09:24:39",1852900
2.32,0.08,1900,"sd","09:24:32",1849800
2.32,0.08,3100,"sd","09:24:32",1847900
2.32,0.08,2000,"sd","09:24:31",1844800
2.32,0.08,200,"sd","09:24:25",1803600
2.32,0.08,10000,"sd","09:24:22",1803400
2.33,0.09,200,"bu","09:24:22",1793400
2.32,0.08,200,"sd","09:24:21",1793200
2.32,0.08,200,"sd","09:24:17",1793000
2.32,0.08,900,"sd","09:24:17",1792800
2.33,0.09,200,"bu","09:24:16",1791900
2.33,0.09,800,"bu","09:24:16",1791700
2.32,0.08,800,"sd","09:24:14",1790900
2.32,0.08,21300,"sd","09:24:13",1790100
2.32,0.08,300,"sd","09:24:13",1768800
2.32,0.08,100,"sd","09:24:12",1768500
2.32,0.08,5800,"sd","09:24:04",1768400
2.32,0.08,5200,"sd","09:24:04",1762600
2.33,0.09,100,"bu","09:24:01",1757400
2.32,0.08,3000,"sd","09:23:51",1757300
2.33,0.09,4100,"sd","09:23:49",1754300
2.34,0.1,400,"bu","09:23:44",1750200
2.34,0.1,300,"bu","09:23:21",1749800
2.35,0.11,100,"bu","09:22:57",1749500
2.32,0.08,1800,"sd","09:22:53",1749400
2.34,0.1,200,"sd","09:22:53",1747600
2.35,0.11,2000,"bu","09:22:46",1747400
2.34,0.1,100,"sd","09:22:40",1745400
2.35,0.11,100,"unknown","09:22:33",1745300
2.35,0.11,8100,"unknown","09:22:33",1745200
2.36,0.12,5300,"bu","09:22:33",1737100
2.35,0.11,2000,"bu","09:22:33",1731800
2.35,0.11,1500,"bu","09:22:33",1729800
2.35,0.11,3000,"bu","09:22:33",1728300
2.35,0.11,9400,"sd","09:22:30",1725300
2.35,0.11,500,"sd","09:22:30",1715900
2.35,0.11,1000,"sd","09:22:24",1715400
2.35,0.11,1900,"sd","09:22:22",1714400
2.36,0.12,20000,"bu","09:22:22",1712500
2.35,0.11,2000,"sd","09:22:18",1692500
2.35,0.11,600,"sd","09:22:17",1690500
2.35,0.11,4000,"sd","09:22:16",1689900
2.35,0.11,600,"sd","09:22:13",1685900
2.35,0.11,1000,"sd","09:22:10",1685300
2.35,0.11,1400,"sd","09:22:06",1684300
2.35,0.11,1000,"sd","09:22:06",1682900
2.35,0.11,300,"sd","09:22:06",1681900
2.35,0.11,5000,"sd","09:22:06",1681600
2.35,0.11,10000,"sd","09:22:06",1676600
2.35,0.11,1000,"sd","09:22:06",1666600
2.35,0.11,500,"sd","09:22:06",1665600
2.35,0.11,800,"sd","09:22:06",1665100
2.36,0.12,2000,"bu","09:22:05",1664300
2.36,0.12,100,"bu","09:21:59",1662300
2.36,0.12,100,"bu","09:21:53",1662200
2.36,0.12,5000,"bu","09:21:52",1662100
2.36,0.12,6000,"bu","09:21:51",1657100
2.36,0.12,2700,"sd","09:21:50",1651100
2.36,0.12,4900,"sd","09:21:50",1648400
2.36,0.12,3000,"sd","09:21:48",1643500
2.36,0.12,2100,"sd","09:21:48",1640500
2.36,0.12,2900,"sd","09:21:48",1638400
2.36,0.12,100,"sd","09:21:48",1635500
2.36,0.12,400,"sd","09:21:42",1635400
2.36,0.12,2900,"sd","09:21:48",1638400
2.36,0.12,100,"sd","09:21:48",1635500
2.36,0.12,400,"sd","09:21:42",1635400
2.36,0.12,700,"sd","09:21:42",1635000
2.36,0.12,2000,"sd","09:21:42",1634300
2.36,0.12,7300,"sd","09:21:42",1632300
2.36,0.12,2700,"sd","09:21:41",1625000
2.36,0.12,18300,"sd","09:21:41",1622300
2.36,0.12,11000,"sd","09:21:41",1604000
2.37,0.13,8100,"bu","09:21:38",1593000
2.37,0.13,1900,"bu","09:21:38",1584900
2.36,0.12,1000,"sd","09:21:38",1583000
2.36,0.12,29700,"sd","09:21:36",1582000
2.36,0.12,4200,"sd","09:21:36",1552300
2.36,0.12,6100,"sd","09:21:36",1548100
2.36,0.12,3800,"sd","09:21:31",1542000
2.37,0.13,100,"bu","09:21:28",1538200
2.37,0.13,100,"bu","09:21:28",1538100
2.37,0.13,300,"bu","09:21:28",1538000
2.37,0.13,2700,"bu","09:21:27",1537700
2.37,0.13,300,"bu","09:21:27",1535000
2.37,0.13,1000,"bu","09:21:27",1534700
2.36,0.12,100,"sd","09:21:06",1533700
2.37,0.13,300,"bu","09:21:05",1533600
2.37,0.13,100,"bu","09:21:05",1533300
2.37,0.13,600,"bu","09:21:04",1533200
2.37,0.13,100,"bu","09:20:59",1532600
2.37,0.13,1900,"bu","09:20:57",1532500
2.37,0.13,1000,"sd","09:20:56",1530600
2.37,0.13,1000,"sd","09:20:56",1529600
2.37,0.13,300,"sd","09:20:56",1528600
2.37,0.13,700,"sd","09:20:55",1528300
2.37,0.13,200,"sd","09:20:55",1527600
2.37,0.13,8100,"sd","09:20:55",1527400
2.37,0.13,30000,"sd","09:20:53",1519300
2.37,0.13,500,"sd","09:20:51",1489300
2.37,0.13,100,"sd","09:20:49",1488800
2.37,0.13,1200,"sd","09:20:45",1488700
2.37,0.13,200,"sd","09:20:45",1487500
2.37,0.13,10000,"sd","09:20:44",1487300
2.37,0.13,5000,"sd","09:20:44",1477300
2.37,0.13,10000,"sd","09:20:43",1472300
2.37,0.13,1000,"sd","09:20:41",1462300
2.37,0.13,400,"sd","09:20:39",1461300
2.37,0.13,1000,"sd","09:20:37",1460900
2.37,0.13,5000,"sd","09:20:36",1459900
2.37,0.13,300,"sd","09:20:35",1454900
2.37,0.13,2000,"sd","09:20:32",1454600
2.37,0.13,4000,"bu","09:20:31",1452600
2.37,0.13,10000,"bu","09:20:31",1448600
2.37,0.13,10000,"bu","09:20:31",1438600
2.37,0.13,1200,"bu","09:20:31",1428600
2.37,0.13,2500,"bu","09:20:26",1427400
2.37,0.13,700,"bu","09:20:22",1424900
2.37,0.13,500,"bu","09:20:20",1424200
2.37,0.13,100,"bu","09:20:16",1423700
2.37,0.13,8000,"bu","09:20:16",1423600
2.37,0.13,2000,"sd","09:20:15",1415600
2.37,0.13,200,"sd","09:20:11",1413600
2.37,0.13,400,"sd","09:20:11",1413400
2.38,0.14,500,"bu","09:20:10",1413000
2.37,0.13,700,"sd","09:20:07",1412500
2.37,0.13,1000,"sd","09:20:07",1411800
2.37,0.13,500,"sd","09:20:07",1410800
2.37,0.13,500,"sd","09:20:07",1410300
2.37,0.13,3300,"sd","09:20:07",1409800
2.37,0.13,1400,"sd","09:20:07",1406500
2.38,0.14,100,"bu","09:20:01",1405100
2.37,0.13,2000,"sd","09:20:00",1405000
2.37,0.13,3300,"sd","09:19:57",1403000
2.37,0.13,300,"sd","09:19:57",1399700
2.38,0.14,4900,"bu","09:19:56",1399400
2.38,0.14,100,"bu","09:19:56",1394500
2.38,0.14,100,"bu","09:19:56",1394400
2.38,0.14,2000,"bu","09:19:55",1394300
2.38,0.14,5000,"bu","09:19:53",1392300
2.38,0.14,800,"bu","09:19:48",1387300
2.37,0.13,100,"sd","09:19:47",1386500
2.38,0.14,2100,"bu","09:19:46",1386400
2.38,0.14,3000,"bu","09:19:46",1384300
2.38,0.14,500,"bu","09:19:46",1381300
2.37,0.13,2000,"sd","09:19:43",1380800
2.38,0.14,1600,"bu","09:19:35",1378800
2.38,0.14,700,"bu","09:19:35",1377200
2.38,0.14,2800,"bu","09:19:35",1376500
2.38,0.14,2000,"bu","09:19:31",1373700
2.38,0.14,4000,"bu","09:19:27",1371700
2.37,0.13,100,"sd","09:19:25",1367700
2.37,0.13,100,"sd","09:19:25",1367600
2.38,0.14,6700,"sd","09:19:23",1367500
2.38,0.14,4500,"sd","09:19:23",1360800
2.38,0.14,1000,"bu","09:19:22",1356300
2.38,0.14,500,"bu","09:19:22",1355300
2.38,0.14,1500,"bu","09:19:22",1354800
2.38,0.14,1100,"bu","09:19:22",1353300
2.38,0.14,1900,"bu","09:19:22",1352200
2.38,0.14,200,"bu","09:19:20",1350300
2.37,0.13,900,"sd","09:19:20",1350100
2.37,0.13,3200,"sd","09:19:18",1349200
2.37,0.13,800,"sd","09:19:18",1346000
2.37,0.13,1000,"sd","09:19:18",1345200
2.37,0.13,1900,"sd","09:19:13",1344200
2.38,0.14,100,"sd","09:19:13",1342300
2.37,0.13,6900,"sd","09:19:02",1342200
2.38,0.14,1000,"sd","09:19:02",1335300
2.38,0.14,20000,"sd","09:19:02",1334300
2.38,0.14,300,"sd","09:19:02",1314300
2.38,0.14,300,"sd","09:19:02",1314000
2.38,0.14,600,"sd","09:19:01",1313700
2.38,0.14,100,"sd","09:19:01",1313100
2.38,0.14,800,"sd","09:19:01",1313000
2.38,0.14,200,"bu","09:18:54",1312200
2.38,0.14,1000,"bu","09:18:54",1312000
2.38,0.14,800,"bu","09:18:52",1311000
2.38,0.14,900,"bu","09:18:52",1310200
2.38,0.14,500,"bu","09:18:52",1309300
2.38,0.14,800,"bu","09:18:52",1308800
2.38,0.14,10000,"bu","09:18:52",1308000
2.38,0.14,1600,"bu","09:18:52",1298000
2.38,0.14,400,"bu","09:18:52",1296400
2.38,0.14,20000,"bu","09:18:52",1296000
2.37,0.13,300,"sd","09:18:52",1276000
2.37,0.13,1000,"sd","09:18:41",1275700
2.37,0.13,100,"bu","09:18:40",1274700
2.37,0.13,1000,"bu","09:18:40",1274600
2.37,0.13,2000,"bu","09:18:40",1273600
2.37,0.13,5800,"bu","09:18:40",1271600
2.36,0.12,2000,"sd","09:18:40",1265800
2.36,0.12,500,"sd","09:18:40",1263800
2.36,0.12,500,"sd","09:18:40",1263300
2.37,0.13,100,"bu","09:18:37",1262800
2.37,0.13,1700,"bu","09:18:33",1262700
2.35,0.11,200,"sd","09:18:24",1261000
2.35,0.11,200,"sd","09:18:24",1260800
2.35,0.11,100,"sd","09:18:24",1260600
2.35,0.11,500,"sd","09:18:24",1260500
2.35,0.11,400,"sd","09:18:24",1260000
2.36,0.12,500,"sd","09:18:24",1259600
2.37,0.13,2000,"bu","09:18:23",1259100
2.36,0.12,1000,"sd","09:18:22",1257100
2.36,0.12,500,"bu","09:18:15",1256100
2.35,0.11,100,"sd","09:18:09",1255600
2.35,0.11,1000,"sd","09:18:04",1255500
2.35,0.11,500,"sd","09:18:03",1254500
2.35,0.11,100,"bu","09:17:58",1254000
2.35,0.11,200,"bu","09:17:58",1253900
2.35,0.11,200,"bu","09:17:58",1253700
2.35,0.11,100,"bu","09:17:49",1253500
2.35,0.11,500,"bu","09:17:47",1253400
2.35,0.11,8300,"bu","09:17:46",1252900
2.35,0.11,900,"bu","09:17:44",1244600
2.35,0.11,3000,"bu","09:17:44",1243700
2.35,0.11,3000,"bu","09:17:44",1240700
2.35,0.11,2000,"bu","09:17:44",1237700
2.35,0.11,600,"bu","09:17:44",1235700
2.35,0.11,100,"bu","09:17:42",1235100
2.35,0.11,500,"bu","09:17:29",1235000
2.3,0.06,100,"sd","09:17:29",1234500
2.3,0.06,300,"sd","09:17:26",1234400
2.35,0.11,800,"bu","09:17:26",1234100
2.34,0.1,200,"bu","09:17:26",1233300
2.3,0.06,1000,"sd","09:17:26",1233100
2.3,0.06,1000,"sd","09:17:24",1232100
2.3,0.06,15900,"sd","09:17:24",1231100
2.3,0.06,4100,"sd","09:17:24",1215200
2.3,0.06,100,"bu","09:17:20",1211100
2.3,0.06,8000,"bu","09:17:20",1211000
2.3,0.06,14800,"bu","09:17:20",1203000
2.28,0.04,8200,"sd","09:17:18",1188200
2.28,0.04,1600,"sd","09:17:18",1180000
2.3,0.06,5000,"bu","09:17:18",1178400
2.3,0.06,200,"bu","09:17:18",1173400
2.3,0.06,100,"bu","09:17:18",1173200
2.29,0.05,200,"bu","09:17:18",1173100
2.29,0.05,800,"bu","09:17:17",1172900
2.3,0.06,100,"bu","09:17:07",1172100
2.28,0.04,4000,"sd","09:17:06",1172000
2.28,0.04,23400,"sd","09:17:06",1168000
2.29,0.05,400,"sd","09:17:06",1144600
2.29,0.05,1000,"sd","09:17:06",1144200
2.3,0.06,100,"bu","09:17:04",1143200
2.3,0.06,100,"bu","09:17:03",1143100
2.3,0.06,100,"bu","09:17:01",1143000
2.28,0.04,100,"sd","09:17:01",1142900
2.28,0.04,3000,"sd","09:17:00",1142800
2.3,0.06,500,"bu","09:16:56",1139800
2.29,0.05,500,"sd","09:16:53",1139300
2.29,0.05,500,"sd","09:16:51",1138800
2.29,0.05,9000,"bu","09:16:49",1138300
2.28,0.04,200,"sd","09:16:48",1129300
2.28,0.04,200,"sd","09:16:48",1129100
2.28,0.04,100,"sd","09:16:44",1128900
2.28,0.04,1200,"sd","09:16:41",1128800
2.28,0.04,2900,"sd","09:16:37",1127600
2.28,0.04,300,"sd","09:16:33",1124700
2.28,0.04,500,"sd","09:16:31",1124400
2.29,0.05,1000,"bu","09:16:31",1123900
2.28,0.04,6700,"sd","09:16:29",1122900
2.28,0.04,5800,"sd","09:16:27",1116200
2.3,0.06,400,"bu","09:16:25",1110400
2.3,0.06,1500,"sd","09:16:07",1086700
2.3,0.06,1500,"sd","09:16:06",1085200
2.3,0.06,2400,"sd","09:16:06",1083700
2.3,0.06,4500,"sd","09:16:06",1081300
2.3,0.06,100,"sd","09:16:06",1076800
2.35,0.11,10000,"sd","09:16:06",1076700
2.35,0.11,1500,"sd","09:16:06",1066700
2.39,0.15,200,"bu","09:15:46",1065200
2.35,0.11,1500,"sd","09:15:43",1065000
2.35,0.11,1000,"sd","09:15:43",1063500
2.38,0.14,500,"sd","09:15:43",1062500
2.39,0.15,3000,"sd","09:15:40",1062000
2.39,0.15,1000,"sd","09:15:40",1059000
2.39,0.15,900,"sd","09:15:40",1058000
2.39,0.15,2000,"sd","09:15:40",1057100
2.39,0.15,5000,"sd","09:15:37",1055100
2.39,0.15,44000,"sd","09:15:35",1050100
2.39,0.15,3000,"sd","09:15:35",1006100
2.39,0.15,2000,"sd","09:15:34",1003100
2.39,0.15,1200,"sd","09:15:33",1001100
2.39,0.15,3000,"sd","09:15:35",1006100
2.39,0.15,2000,"sd","09:15:34",1003100
2.39,0.15,1200,"sd","09:15:33",1001100
2.39,0.15,12800,"sd","09:15:33",999900
2.39,0.15,3000,"sd","09:15:33",987100
2.39,0.15,1500,"sd","09:15:33",984100
2.39,0.15,100,"sd","09:15:33",982600
2.39,0.15,400,"sd","09:15:33",982500
2.39,0.15,800,"sd","09:15:33",982100
2.39,0.15,7500,"sd","09:15:33",981300
2.39,0.15,2500,"sd","09:15:28",973800
2.39,0.15,1000,"sd","09:15:28",971300
2.39,0.15,100,"sd","09:15:28",970300
2.39,0.15,900,"sd","09:15:28",970200
2.39,0.15,1100,"sd","09:15:27",969300
2.39,0.15,100,"sd","09:15:27",968200
2.39,0.15,1000,"sd","09:15:27",968100
2.39,0.15,400,"sd","09:15:27",967100
2.39,0.15,7400,"sd","09:15:27",966700
2.39,0.15,20000,"sd","09:15:26",959300
2.39,0.15,2600,"sd","09:15:26",939300
2.39,0.15,1000,"sd","09:15:26",936700
2.39,0.15,3000,"sd","09:15:26",935700
2.39,0.15,500,"sd","09:15:26",932700
2.39,0.15,1000,"sd","09:15:26",932200
2.39,0.15,1900,"sd","09:15:26",931200
2.39,0.15,3100,"sd","09:15:25",929300
2.39,0.15,5000,"sd","09:15:25",926200
2.39,0.15,100,"sd","09:15:25",921200
2.39,0.15,4000,"sd","09:15:25",921100
2.39,0.15,2000,"sd","09:15:25",917100
2.39,0.15,5800,"sd","09:15:25",915100
2.39,0.15,14200,"sd","09:15:23",909300
2.39,0.15,10000,"sd","09:15:23",895100
2.39,0.15,2200,"sd","09:15:23",885100
2.39,0.15,100,"sd","09:15:23",882900
2.39,0.15,3500,"sd","09:15:23",882800
2.39,0.15,16500,"sd","09:15:23",879300
2.39,0.15,30000,"sd","09:15:23",862800
2.39,0.15,12000,"sd","09:15:23",832800
2.39,0.15,37400,"sd","09:15:16",805600
2.39,0.15,27400,"sd","09:15:12",768200
2.39,0.15,1000,"sd","09:15:12",740800
2.39,0.15,1600,"sd","09:15:12",739800
2.39,0.15,4400,"sd","09:15:09",738200
2.39,0.15,2700,"sd","09:15:09",733800
2.39,0.15,900,"sd","09:15:09",731100
2.39,0.15,300,"sd","09:15:09",730200
2.39,0.15,1000,"sd","09:15:09",729900
2.39,0.15,700,"sd","09:15:09",728900
2.39,0.15,1300,"sd","09:15:06",728200
2.39,0.15,2300,"sd","09:15:06",726900
2.39,0.15,700,"sd","09:15:04",724600
2.39,0.15,1200,"sd","09:15:04",723900
2.39,0.15,1300,"sd","09:15:04",722700
2.39,0.15,500,"sd","09:15:04",721400
2.39,0.15,500,"sd","09:15:04",720900
2.39,0.15,100,"sd","09:15:04",720400
2.39,0.15,100,"sd","09:15:03",720300
2.39,0.15,720200,"sd","09:15:02",720200
2.39,0.15,100,"sd","09:15:04",720400
2.39,0.15,100,"sd","09:15:03",720300
2.39,0.15,720200,"unknown","09:15:01",720200
5.89,-0.28,300,"sd","09:17:21",307800
5.89,-0.28,800,"sd","09:17:21",307500
5.99,-0.18,100,"bu","09:17:15",306700
5.89,-0.28,100,"bu","09:17:09",306600
5.75,-0.42,10000,"bu","09:16:40",306500
5.74,-0.43,1000,"bu","09:16:34",296500
5.74,-0.43,300,"bu","09:16:34",295500
5.74,-0.43,500,"bu","09:16:34",295200
5.74,-0.43,700,"bu","09:16:33",294700
5.74,-0.43,100,"bu","09:16:33",294000
5.74,-0.43,1000,"bu","09:16:33",293900
5.74,-0.43,6100,"bu","09:16:33",292900
5.74,-0.43,13900,"bu","09:16:32",286800
5.74,-0.43,1100,"bu","09:16:32",272900
5.74,-0.43,900,"bu","09:16:31",271800
5.74,-0.43,1700,"bu","09:16:31",270900
5.74,-0.43,100,"bu","09:16:31",269200
5.74,-0.43,100,"bu","09:16:31",269100
5.74,-0.43,2200,"bu","09:16:31",269000
5.74,-0.43,300,"bu","09:16:30",266800
5.74,-0.43,100,"bu","09:16:30",266500
5.74,-0.43,200,"bu","09:16:30",266400
5.74,-0.43,500,"bu","09:16:29",266200
5.74,-0.43,100,"bu","09:16:29",265700
5.74,-0.43,2400,"bu","09:16:29",265600
5.74,-0.43,1400,"bu","09:16:29",263200
5.74,-0.43,4400,"bu","09:16:29",261800
5.74,-0.43,15600,"bu","09:16:29",257400
5.74,-0.43,200,"bu","09:16:25",241800
5.74,-0.43,1000,"bu","09:16:25",241600
5.74,-0.43,1700,"bu","09:16:25",240600
5.74,-0.43,50000,"bu","09:16:22",238900
5.74,-0.43,1000,"bu","09:16:21",188900
5.74,-0.43,5000,"bu","09:16:20",187900
5.74,-0.43,1200,"bu","09:16:17",182900
5.74,-0.43,100,"bu","09:16:17",181700
5.74,-0.43,3000,"bu","09:16:15",181600
5.74,-0.43,100,"bu","09:16:13",178600
5.74,-0.43,100,"bu","09:16:12",178500
5.74,-0.43,300,"bu","09:16:09",178400
5.74,-0.43,1000,"bu","09:16:07",178100
5.74,-0.43,300,"bu","09:16:07",177100
5.74,-0.43,4000,"bu","09:16:00",176800
5.74,-0.43,2000,"bu","09:15:58",172800
5.74,-0.43,2000,"bu","09:15:51",170800
5.74,-0.43,5000,"bu","09:15:40",168800
5.74,-0.43,3200,"bu","09:15:33",163800
5.74,-0.43,500,"bu","09:15:33",160600
5.74,-0.43,800,"bu","09:15:29",160100
5.74,-0.43,200,"bu","09:15:28",159300
5.74,-0.43,500,"bu","09:15:22",159100
5.74,-0.43,200,"bu","09:15:19",158600
5.74,-0.43,5000,"bu","09:15:13",158400
5.74,-0.43,500,"bu","09:15:05",153400
5.74,-0.43,500,"bu","09:15:04",152900
5.74,-0.43,5000,"bu","09:15:02",152400
5.74,-0.43,147400,"bu","09:15:02",147400
5.74,-0.43,500,"bu","09:15:05",153400
5.74,-0.43,500,"bu","09:15:04",152900
5.74,-0.43,5000,"bu","09:15:02",152400
5.74,-0.43,147400,"bu","09:15:02",147400
6.75,-0.5,200,"bu","10:38:57",1676100
6.75,-0.5,200,"bu","10:38:57",1675900
6.75,-0.5,100,"bu","10:38:57",1675700
6.75,-0.5,100,"bu","10:38:57",1675600
6.75,-0.5,2900,"bu","10:38:56",1675500
6.75,-0.5,600,"bu","10:38:56",1672600
6.75,-0.5,100,"bu","10:38:56",1672000
6.75,-0.5,2400,"bu","10:38:56",1671900
6.75,-0.5,1000,"bu","10:38:56",1669500
6.75,-0.5,2000,"bu","10:38:56",1668500
6.75,-0.5,400,"bu","10:38:56",1666500
6.75,-0.5,8500,"bu","10:38:56",1666100
6.75,-0.5,4100,"bu","10:38:56",1657600
6.75,-0.5,1000,"bu","10:38:56",1653500
6.75,-0.5,4500,"bu","10:38:56",1652500
6.75,-0.5,500,"bu","10:38:56",1648000
6.75,-0.5,300,"bu","10:38:56",1647500
6.75,-0.5,300,"bu","10:38:56",1647200
6.75,-0.5,800,"bu","10:38:56",1646900
6.75,-0.5,500,"bu","10:38:56",1646100
6.75,-0.5,100,"bu","10:38:55",1642800
6.75,-0.5,1000,"bu","10:38:55",1642700
6.75,-0.5,200,"bu","10:38:55",1641700
6.75,-0.5,2000,"bu","10:38:55",1641500
6.75,-0.5,100,"bu","10:38:55",1639500
6.75,-0.5,300,"bu","10:38:55",1639400
6.75,-0.5,5600,"bu","10:38:55",1639100
6.75,-0.5,400,"bu","10:38:55",1633500
6.75,-0.5,400,"bu","10:38:55",1633100
6.75,-0.5,100,"bu","10:38:55",1632700
6.75,-0.5,500,"bu","10:38:55",1632600
6.75,-0.5,1000,"bu","10:38:55",1632100
6.75,-0.5,1000,"bu","10:38:55",1631100
6.75,-0.5,1500,"bu","10:38:55",1630100
6.75,-0.5,100,"bu","10:38:55",1628600
6.75,-0.5,500,"bu","10:38:55",1628500
6.75,-0.5,4500,"bu","10:38:55",1628000
6.75,-0.5,400,"bu","10:38:55",1623500
6.75,-0.5,100,"bu","10:38:55",1623100
6.75,-0.5,1600,"bu","10:38:54",1623000
6.75,-0.5,1100,"bu","10:38:54",1621400
6.75,-0.5,200,"bu","10:38:54",1620300
6.75,-0.5,1500,"bu","10:38:53",1620100
6.75,-0.5,1500,"bu","10:38:53",1618600
6.75,-0.5,5000,"bu","10:38:53",1617100
6.75,-0.5,1000,"bu","10:38:53",1612100
6.75,-0.5,5000,"bu","10:38:53",1611100
6.75,-0.5,100,"bu","10:38:53",1606100
6.75,-0.5,500,"bu","10:38:52",1606000
6.75,-0.5,2900,"bu","10:38:51",1605500
6.75,-0.5,900,"bu","10:38:51",1602600
6.75,-0.5,1000,"bu","10:38:51",1601700
6.75,-0.5,500,"bu","10:38:48",1600700
6.75,-0.5,100,"bu","10:38:48",1600200
6.75,-0.5,2300,"bu","10:38:48",1600100
6.75,-0.5,1000,"bu","10:38:48",1597800
6.75,-0.5,1000,"bu","10:38:48",1596800
6.75,-0.5,2300,"bu","10:38:48",1595800
6.75,-0.5,100,"bu","10:38:48",1593500
6.75,-0.5,2900,"bu","10:38:48",1593400
6.75,-0.5,900,"bu","10:38:51",1602600
6.75,-0.5,1000,"bu","10:38:51",1601700
6.75,-0.5,500,"bu","10:38:48",1600700
6.75,-0.5,2300,"bu","10:38:48",1600200
6.75,-0.5,1000,"bu","10:38:48",1597900
6.75,-0.5,400,"bu","10:38:48",1596900
6.75,-0.5,200,"bu","10:38:48",1596500
6.75,-0.5,200,"bu","10:38:48",1596300
6.75,-0.5,400,"bu","10:38:48",1596100
6.75,-0.5,6000,"bu","10:38:48",1595700
6.75,-0.5,1000,"bu","10:38:48",1589700
6.75,-0.5,100,"bu","10:38:48",1588700
6.75,-0.5,2300,"bu","10:38:48",1588600
6.75,-0.5,1000,"bu","10:38:48",1586300
6.75,-0.5,1000,"bu","10:38:48",1585300
6.75,-0.5,100,"bu","10:38:48",1584300
6.75,-0.5,1900,"bu","10:38:48",1584200
6.75,-0.5,1700,"bu","10:38:48",1582300
6.75,-0.5,2300,"bu","10:38:48",1580600
6.75,-0.5,1000,"bu","10:38:48",1578300
6.75,-0.5,500,"bu","10:38:48",1561300
6.75,-0.5,3000,"bu","10:38:48",1560800
6.75,-0.5,1700,"bu","10:38:48",1557800
6.75,-0.5,1000,"bu","10:38:48",1556100
6.75,-0.5,9200,"bu","10:38:48",1555100
6.75,-0.5,1000,"bu","10:38:48",1545900
6.75,-0.5,5000,"bu","10:38:48",1544900
6.75,-0.5,500,"bu","10:38:48",1539900
6.75,-0.5,100,"bu","10:38:48",1539400
6.75,-0.5,300,"bu","10:38:48",1539300
6.75,-0.5,100,"bu","10:38:48",1539000
6.75,-0.5,400,"bu","10:38:48",1538900
6.75,-0.5,100,"bu","10:38:48",1538500
6.75,-0.5,200,"bu","10:38:48",1538400
6.75,-0.5,3000,"bu","10:38:48",1538200
6.75,-0.5,100,"bu","10:38:48",1535200
6.75,-0.5,100,"bu","10:38:48",1535100
6.75,-0.5,1000,"bu","10:38:48",1535000
6.75,-0.5,3800,"bu","10:38:48",1534000
6.75,-0.5,2000,"bu","10:38:48",1530200
6.75,-0.5,10000,"bu","10:38:48",1528200
6.75,-0.5,1100,"bu","10:38:48",1518200
6.75,-0.5,1000,"bu","10:38:48",1517100
6.75,-0.5,2000,"bu","10:38:48",1516100
6.75,-0.5,5000,"bu","10:38:48",1514100
6.75,-0.5,22400,"bu","10:38:48",1509100
6.75,-0.5,100,"bu","10:38:48",1486700
6.75,-0.5,100,"bu","10:38:48",1486600
6.75,-0.5,2000,"bu","10:38:47",1486500
6.75,-0.5,1000,"bu","10:38:46",1484500
6.75,-0.5,100,"bu","10:38:44",1483500
6.75,-0.5,9700,"bu","10:38:44",1483400
6.75,-0.5,500,"bu","10:38:44",1473700
6.75,-0.5,1000,"bu","10:38:44",1473200
6.75,-0.5,200,"bu","10:38:42",1472200
6.75,-0.5,100,"bu","10:38:42",1472000
6.75,-0.5,1000,"bu","10:38:42",1471900
6.75,-0.5,6000,"bu","10:38:41",1470900
6.75,-0.5,100,"bu","10:38:41",1464900
6.75,-0.5,4000,"bu","10:38:41",1464800
6.75,-0.5,2000,"bu","10:38:47",1486500
6.75,-0.5,1000,"bu","10:38:46",1484500
6.75,-0.5,100,"bu","10:38:44",1483500
6.75,-0.5,9700,"bu","10:38:44",1483400
6.75,-0.5,500,"bu","10:38:44",1473700
6.75,-0.5,1000,"bu","10:38:44",1473200
6.75,-0.5,200,"bu","10:38:42",1472200
6.75,-0.5,100,"bu","10:38:42",1472000
6.75,-0.5,1000,"bu","10:38:42",1471900
6.75,-0.5,6000,"bu","10:38:41",1470900
6.75,-0.5,100,"bu","10:38:41",1464900
6.75,-0.5,2000,"bu","10:38:41",1464800
6.75,-0.5,4000,"bu","10:38:41",1462800
6.75,-0.5,500,"bu","10:38:39",1458800
6.75,-0.5,3000,"bu","10:38:39",1458300
6.75,-0.5,100,"bu","10:38:39",1455300
6.75,-0.5,5500,"bu","10:38:39",1455200
6.75,-0.5,2000,"bu","10:38:38",1449700
6.75,-0.5,2600,"bu","10:38:38",1447700
6.75,-0.5,100,"bu","10:38:37",1445100
6.75,-0.5,900,"bu","10:38:37",1445000
6.75,-0.5,100,"bu","10:38:37",1444100
6.75,-0.5,400,"bu","10:38:35",1444000
6.75,-0.5,100,"bu","10:38:35",1443600
6.75,-0.5,700,"bu","10:38:34",1443500
6.75,-0.5,300,"bu","10:38:34",1442800
6.75,-0.5,100,"bu","10:38:34",1442500
6.75,-0.5,200,"bu","10:38:34",1442400
6.75,-0.5,200,"bu","10:38:31",1442200
6.75,-0.5,500,"bu","10:38:30",1442000
6.75,-0.5,200,"bu","10:38:29",1441500
6.75,-0.5,3000,"bu","10:38:27",1441300
6.75,-0.5,100,"bu","10:38:26",1438300
6.75,-0.5,500,"bu","10:38:24",1438200
6.75,-0.5,100,"bu","10:38:23",1437700
6.75,-0.5,300,"bu","10:38:23",1437600
6.75,-0.5,1000,"bu","10:38:23",1437300
6.75,-0.5,4500,"bu","10:38:22",1436300
6.75,-0.5,2400,"bu","10:38:21",1431800
6.75,-0.5,200,"bu","10:38:21",1429400
6.75,-0.5,500,"bu","10:38:21",1429200
6.75,-0.5,1800,"bu","10:38:21",1428700
6.75,-0.5,1200,"bu","10:38:21",1426900
6.75,-0.5,800,"bu","10:38:21",1425700
6.75,-0.5,200,"bu","10:38:21",1424900
6.75,-0.5,300,"bu","10:38:20",1424700
6.75,-0.5,500,"bu","10:38:20",1424400
6.75,-0.5,200,"bu","10:38:19",1423900
6.75,-0.5,3800,"bu","10:38:18",1423700
6.75,-0.5,200,"bu","10:38:18",1419900
6.75,-0.5,1000,"bu","10:38:18",1419700
6.75,-0.5,500,"bu","10:38:18",1418700
6.75,-0.5,200,"bu","10:38:17",1418200
6.75,-0.5,500,"bu","10:38:17",1418000
6.75,-0.5,500,"bu","10:38:17",1417500
6.75,-0.5,700,"bu","10:38:17",1417000
6.75,-0.5,500,"bu","10:38:17",1416300
6.75,-0.5,300,"bu","10:38:17",1415800
6.75,-0.5,2500,"bu","10:38:17",1415500
6.75,-0.5,900,"bu","10:38:17",1413000
6.75,-0.5,1400,"bu","10:38:17",1412100
6.75,-0.5,700,"bu","10:38:17",1410700
6.75,-0.5,11700,"bu","10:38:17",1410000
6.75,-0.5,100,"bu","10:38:17",1398300
6.75,-0.5,100,"bu","10:38:16",1398200
6.75,-0.5,300,"bu","10:38:16",1398100
6.75,-0.5,100,"bu","10:38:16",1397800
6.75,-0.5,1500,"bu","10:38:16",1397700
6.75,-0.5,900,"bu","10:38:16",1396200
6.75,-0.5,3000,"bu","10:38:16",1395300
6.75,-0.5,3000,"bu","10:38:16",1392300
6.75,-0.5,1000,"bu","10:38:14",1389300
6.75,-0.5,1000,"bu","10:38:14",1388300
6.75,-0.5,3000,"bu","10:38:14",1387300
6.75,-0.5,1200,"bu","10:38:14",1384300
6.75,-0.5,1000,"bu","10:38:14",1383100
6.75,-0.5,400,"bu","10:38:11",1382100
6.75,-0.5,1000,"bu","10:38:11",1381700
6.75,-0.5,1900,"bu","10:38:11",1380700
6.75,-0.5,400,"bu","10:38:11",1378800
6.75,-0.5,100,"bu","10:38:11",1378400
6.75,-0.5,500,"bu","10:38:11",1378300
6.75,-0.5,1100,"bu","10:38:11",1377800
6.75,-0.5,4600,"bu","10:38:11",1376700
6.75,-0.5,400,"bu","10:38:11",1372100
6.75,-0.5,400,"bu","10:38:11",1371700
6.75,-0.5,200,"bu","10:38:11",1371300
6.75,-0.5,1600,"bu","10:38:10",1371100
6.75,-0.5,1400,"bu","10:38:10",1369500
6.75,-0.5,500,"bu","10:38:09",1368100
6.75,-0.5,600,"bu","10:38:09",1367600
6.75,-0.5,2400,"bu","10:38:07",1367000
6.75,-0.5,10100,"bu","10:38:07",1364600
6.75,-0.5,200,"bu","10:38:06",1354500
6.75,-0.5,4800,"bu","10:38:06",1354300
6.75,-0.5,5500,"bu","10:38:06",1349500
6.75,-0.5,2000,"bu","10:38:06",1344000
6.75,-0.5,5200,"bu","10:38:06",1342000
6.75,-0.5,1100,"bu","10:38:06",1336800
6.75,-0.5,1400,"bu","10:38:06",1335700
6.75,-0.5,100,"bu","10:38:04",1334300
6.75,-0.5,200,"bu","10:38:03",1334200
6.75,-0.5,200,"bu","10:38:03",1334000
6.75,-0.5,100,"bu","10:38:03",1333800
6.75,-0.5,300,"bu","10:38:03",1333700
6.75,-0.5,500,"bu","10:38:03",1333400
6.75,-0.5,500,"bu","10:38:02",1332900
6.75,-0.5,500,"bu","10:38:02",1332400
6.75,-0.5,1100,"bu","10:38:01",1331900
6.75,-0.5,2200,"bu","10:38:01",1330800
6.75,-0.5,200,"bu","10:38:01",1328600
6.75,-0.5,500,"bu","10:38:01",1328400
6.75,-0.5,3800,"bu","10:38:01",1327900
6.75,-0.5,500,"bu","10:38:01",1324100
6.75,-0.5,200,"bu","10:38:01",1323600
6.75,-0.5,500,"bu","10:38:01",1323400
6.75,-0.5,9000,"bu","10:38:01",1322900
6.75,-0.5,2000,"bu","10:38:01",1313900
6.75,-0.5,200,"bu","10:37:57",1311900
6.75,-0.5,100,"bu","10:37:57",1311700
6.75,-0.5,700,"bu","10:37:57",1311600
6.75,-0.5,1000,"bu","10:37:56",1310900
6.75,-0.5,200,"bu","10:37:55",1309900
6.75,-0.5,200,"bu","10:37:54",1309700
6.75,-0.5,5000,"bu","10:37:50",1309500
6.75,-0.5,1900,"bu","10:37:50",1304500
6.75,-0.5,100,"bu","10:37:50",1302600
6.75,-0.5,300,"bu","10:37:47",1302500
6.75,-0.5,1200,"bu","10:37:47",1302200
6.75,-0.5,200,"bu","10:37:47",1301000
6.75,-0.5,100,"bu","10:37:47",1300800
6.75,-0.5,1200,"bu","10:37:47",1300700
6.75,-0.5,100,"bu","10:37:47",1299500
6.75,-0.5,200,"bu","10:37:46",1299400
6.75,-0.5,200,"bu","10:37:45",1299200
6.75,-0.5,200,"bu","10:37:45",1299000
6.75,-0.5,700,"bu","10:37:45",1298800
6.75,-0.5,2500,"bu","10:37:45",1298100
6.75,-0.5,1100,"bu","10:37:45",1295600
6.75,-0.5,300,"bu","10:37:45",1294500
6.75,-0.5,3200,"bu","10:37:45",1294200
6.75,-0.5,4100,"bu","10:37:45",1291000
6.75,-0.5,200,"bu","10:37:45",1286900
6.75,-0.5,4200,"bu","10:37:45",1286700
6.75,-0.5,600,"bu","10:37:45",1282500
6.75,-0.5,1000,"bu","10:37:45",1281900
6.75,-0.5,1800,"bu","10:37:45",1280900
6.75,-0.5,100,"bu","10:37:45",1279100
6.75,-0.5,4000,"bu","10:37:45",1279000
6.75,-0.5,3300,"bu","10:37:45",1275000
6.75,-0.5,500,"bu","10:37:45",1271700
6.75,-0.5,100,"bu","10:37:45",1271200
6.75,-0.5,200,"bu","10:37:45",1271100
6.75,-0.5,2800,"bu","10:37:44",1270900
6.75,-0.5,200,"bu","10:37:44",1268100
6.75,-0.5,200,"bu","10:37:44",1267900
6.75,-0.5,1500,"bu","10:37:44",1267700
6.75,-0.5,300,"bu","10:37:44",1266200
6.75,-0.5,2200,"bu","10:37:44",1265900
6.75,-0.5,500,"bu","10:37:44",1263700
6.75,-0.5,1600,"bu","10:37:44",1263200
6.75,-0.5,700,"bu","10:37:44",1261600
6.75,-0.5,1000,"bu","10:37:44",1260900
6.75,-0.5,400,"bu","10:37:43",1259900
6.75,-0.5,7900,"bu","10:37:41",1259500
6.75,-0.5,2000,"bu","10:37:41",1251600
6.75,-0.5,400,"bu","10:37:41",1249600
6.75,-0.5,100,"bu","10:37:41",1249200
6.75,-0.5,900,"bu","10:37:41",1249100
6.75,-0.5,700,"bu","10:37:41",1248200
6.75,-0.5,1000,"bu","10:37:41",1247500
6.75,-0.5,2600,"bu","10:37:41",1246500
6.75,-0.5,1400,"bu","10:37:41",1243900
6.75,-0.5,600,"bu","10:37:39",1242500
6.75,-0.5,1000,"bu","10:37:39",1241900
6.75,-0.5,400,"bu","10:37:39",1240900
6.75,-0.5,500,"bu","10:37:39",1240500
6.75,-0.5,1100,"bu","10:37:37",1240000
6.75,-0.5,100,"bu","10:37:36",1238900
6.75,-0.5,1500,"bu","10:37:35",1238800
6.75,-0.5,5700,"bu","10:37:35",1237300
6.75,-0.5,100,"bu","10:37:35",1231600
6.75,-0.5,1100,"bu","10:37:35",1231500
6.75,-0.5,1600,"bu","10:37:35",1230400
6.75,-0.5,200,"bu","10:37:34",1228800
6.75,-0.5,5000,"bu","10:37:33",1228600
6.75,-0.5,400,"bu","10:37:33",1223600
6.75,-0.5,13000,"bu","10:37:32",1223200
6.75,-0.5,1000,"bu","10:37:31",1210200
6.75,-0.5,3000,"bu","10:37:30",1209200
6.75,-0.5,4000,"bu","10:37:28",1206200
6.75,-0.5,1000,"bu","10:37:28",1202200
6.75,-0.5,100,"bu","10:37:27",1201200
6.75,-0.5,5300,"bu","10:37:27",1201100
6.75,-0.5,1000,"bu","10:37:26",1195800
6.75,-0.5,4400,"bu","10:37:26",1194800
6.75,-0.5,600,"bu","10:37:26",1190400
6.75,-0.5,1000,"bu","10:37:25",1189800
6.75,-0.5,1400,"bu","10:37:25",1188800
6.75,-0.5,100,"bu","10:37:25",1187400
6.75,-0.5,100,"bu","10:37:24",1187300
6.75,-0.5,800,"bu","10:37:24",1187200
6.75,-0.5,800,"bu","10:37:24",1186400
6.75,-0.5,1000,"bu","10:37:21",1185600
6.75,-0.5,200,"bu","10:37:21",1184600
6.75,-0.5,100,"bu","10:37:21",1184400
6.75,-0.5,4700,"bu","10:37:21",1184300
6.75,-0.5,300,"bu","10:37:20",1179600
6.75,-0.5,5000,"bu","10:37:18",1179300
6.75,-0.5,500,"bu","10:37:15",1174300
6.75,-0.5,100,"bu","10:37:15",1173800
6.75,-0.5,3900,"bu","10:37:15",1173700
6.75,-0.5,19200,"bu","10:37:15",1169800
6.75,-0.5,1000,"bu","10:37:15",1150600
6.75,-0.5,100,"bu","10:37:15",1149600
6.75,-0.5,400,"bu","10:37:15",1149500
6.75,-0.5,600,"bu","10:37:15",1149100
6.75,-0.5,10000,"bu","10:37:15",1148500
6.75,-0.5,200,"bu","10:37:15",1138500
6.75,-0.5,200,"bu","10:37:15",1138300
6.75,-0.5,200,"bu","10:37:15",1138100
6.75,-0.5,400,"bu","10:37:15",1137900
6.75,-0.5,100,"bu","10:37:15",1137500
6.75,-0.5,2800,"bu","10:37:15",1137400
6.75,-0.5,10000,"bu","10:37:15",1134600
6.75,-0.5,300,"bu","10:37:15",1124600
6.75,-0.5,2000,"bu","10:37:14",1124300
6.75,-0.5,200,"bu","10:37:13",1122300
6.75,-0.5,1800,"bu","10:37:13",1122100
6.75,-0.5,200,"bu","10:37:13",1120300
6.75,-0.5,2000,"bu","10:37:13",1120100
6.75,-0.5,4100,"bu","10:37:13",1118100
6.75,-0.5,3700,"bu","10:37:13",1114000
6.75,-0.5,100,"bu","10:37:11",1110300
6.75,-0.5,2000,"bu","10:37:10",1110200
6.75,-0.5,200,"bu","10:37:10",1108200
6.75,-0.5,100,"bu","10:37:10",1108000
6.75,-0.5,200,"bu","10:37:10",1107900
6.75,-0.5,800,"bu","10:37:09",1107700
6.75,-0.5,200,"bu","10:37:09",1106900
6.75,-0.5,500,"bu","10:37:09",1106700
6.75,-0.5,1000,"bu","10:37:09",1106200
6.75,-0.5,400,"bu","10:37:09",1105200
6.75,-0.5,100,"bu","10:37:09",1104800
6.75,-0.5,1000,"bu","10:37:09",1104700
6.75,-0.5,500,"bu","10:37:07",1103700
6.75,-0.5,500,"bu","10:37:07",1103200
6.75,-0.5,5000,"bu","10:37:07",1102700
6.75,-0.5,200,"bu","10:37:05",1097700
6.75,-0.5,1000,"bu","10:37:04",1097500
6.75,-0.5,1300,"bu","10:37:03",1096500
6.75,-0.5,500,"bu","10:37:03",1095200
6.75,-0.5,10000,"bu","10:37:03",1094700
6.75,-0.5,20000,"bu","10:37:03",1084700
6.75,-0.5,200,"bu","10:37:03",1064700
6.75,-0.5,1000,"bu","10:37:03",1064500
6.75,-0.5,2000,"bu","10:37:03",1063500
6.75,-0.5,200,"bu","10:37:03",1061500
6.75,-0.5,5800,"bu","10:37:03",1061300
6.75,-0.5,5000,"bu","10:37:03",1055500
6.75,-0.5,500,"bu","10:37:02",1050500
6.75,-0.5,200,"bu","10:37:01",1050000
6.75,-0.5,300,"bu","10:37:00",1049800
6.75,-0.5,100,"bu","10:36:58",1049500
6.75,-0.5,300,"bu","10:36:57",1049400
6.75,-0.5,100,"bu","10:36:56",1049100
6.75,-0.5,500,"bu","10:36:55",1049000
6.75,-0.5,100,"bu","10:36:54",1048500
6.75,-0.5,5000,"bu","10:36:54",1048400
6.75,-0.5,1000,"bu","10:36:54",1043400
6.75,-0.5,100,"bu","10:36:54",1042400
6.75,-0.5,2000,"bu","10:36:54",1042300
6.75,-0.5,600,"bu","10:36:54",1040300
6.75,-0.5,1000,"bu","10:36:54",1039700
6.75,-0.5,1000,"bu","10:36:54",1038700
6.75,-0.5,3000,"bu","10:36:54",1037700
6.75,-0.5,33000,"bu","10:36:54",1034700
6.75,-0.5,4600,"bu","10:36:54",1001700
6.75,-0.5,5000,"bu","10:36:54",997100
6.75,-0.5,200,"bu","10:36:54",992100
6.75,-0.5,100,"bu","10:36:54",991900
6.75,-0.5,1200,"bu","10:36:54",991800
6.75,-0.5,6200,"bu","10:36:54",990600
6.75,-0.5,300,"bu","10:36:54",984400
6.75,-0.5,4000,"bu","10:36:54",984100
6.75,-0.5,1000,"bu","10:36:54",980100
6.75,-0.5,600,"bu","10:36:54",979100
6.75,-0.5,400,"bu","10:36:54",978500
6.75,-0.5,600,"bu","10:36:54",978100
6.75,-0.5,1600,"bu","10:36:51",977500
6.75,-0.5,900,"bu","10:36:51",975900
6.75,-0.5,1400,"bu","10:36:51",975000
6.75,-0.5,100,"bu","10:36:51",973600
6.75,-0.5,1700,"bu","10:36:51",973500
6.75,-0.5,1000,"bu","10:36:49",971800
6.75,-0.5,300,"bu","10:36:48",970800
6.75,-0.5,100,"bu","10:36:47",970500
6.75,-0.5,3000,"bu","10:36:47",970400
6.75,-0.5,900,"bu","10:36:47",967400
6.75,-0.5,1000,"bu","10:36:46",966500
6.75,-0.5,400,"bu","10:36:44",947000
6.75,-0.5,1000,"bu","10:36:44",946600
6.75,-0.5,500,"bu","10:36:44",945600
6.75,-0.5,2000,"bu","10:36:44",945100
6.75,-0.5,1000,"bu","10:36:44",943100
6.75,-0.5,300,"bu","10:36:44",942100
6.75,-0.5,7300,"bu","10:36:44",941800
6.75,-0.5,4000,"bu","10:36:44",934500
6.75,-0.5,4300,"bu","10:36:44",930500
6.75,-0.5,9000,"bu","10:36:44",926200
6.75,-0.5,5100,"bu","10:36:44",917200
6.75,-0.5,2000,"bu","10:36:44",912100
6.75,-0.5,1600,"bu","10:36:43",910100
6.75,-0.5,100,"bu","10:36:43",908500
6.75,-0.5,200,"bu","10:36:43",908400
6.75,-0.5,1000,"bu","10:36:43",908200
6.75,-0.5,2200,"bu","10:36:43",907200
6.75,-0.5,1000,"bu","10:36:43",905000
6.75,-0.5,1500,"bu","10:36:43",904000
6.75,-0.5,3400,"bu","10:36:43",902500
6.75,-0.5,5000,"bu","10:36:43",899100
6.75,-0.5,4400,"bu","10:36:42",894100
6.75,-0.5,1000,"bu","10:36:41",889700
6.75,-0.5,200,"bu","10:36:40",888700
6.75,-0.5,3000,"bu","10:36:39",888500
6.75,-0.5,1800,"bu","10:36:37",885500
6.75,-0.5,8000,"bu","10:36:33",883700
6.75,-0.5,2000,"bu","10:36:33",875700
6.75,-0.5,7500,"bu","10:36:33",873700
6.75,-0.5,100,"bu","10:36:33",866200
6.75,-0.5,800,"bu","10:36:33",866100
6.75,-0.5,2700,"bu","10:36:33",865300
6.75,-0.5,5000,"bu","10:36:33",862600
6.75,-0.5,2800,"bu","10:36:33",857600
6.75,-0.5,1100,"bu","10:36:33",854800
6.75,-0.5,500,"bu","10:36:25",853700
6.75,-0.5,200,"bu","10:36:25",853200
6.75,-0.5,1000,"bu","10:36:24",853000
6.75,-0.5,200,"bu","10:36:22",852000
6.75,-0.5,300,"bu","10:36:22",851800
6.75,-0.5,2700,"bu","10:36:33",865300
6.75,-0.5,5000,"bu","10:36:33",862600
6.75,-0.5,2800,"bu","10:36:33",857600
6.75,-0.5,1100,"bu","10:36:33",854800
6.75,-0.5,500,"bu","10:36:25",853700
6.75,-0.5,200,"bu","10:36:25",853200
6.75,-0.5,1000,"bu","10:36:24",853000
6.75,-0.5,200,"bu","10:36:22",852000
6.75,-0.5,300,"bu","10:36:22",851800
6.75,-0.5,100,"bu","10:36:21",851500
6.75,-0.5,500,"bu","10:36:16",851400
6.75,-0.5,1300,"bu","10:36:16",850900
6.75,-0.5,8700,"bu","10:36:15",849600
6.75,-0.5,1500,"bu","10:36:15",840900
6.75,-0.5,200,"bu","10:36:15",839400
6.75,-0.5,1000,"bu","10:36:15",839200
6.75,-0.5,2000,"bu","10:36:15",838200
6.75,-0.5,3000,"bu","10:36:15",836200
6.75,-0.5,500,"bu","10:36:15",833200
6.75,-0.5,900,"bu","10:36:15",832700
6.75,-0.5,1500,"bu","10:36:07",820500
6.75,-0.5,2200,"bu","10:36:07",819000
6.75,-0.5,200,"bu","10:36:07",816800
6.75,-0.5,5000,"bu","10:36:07",816600
6.75,-0.5,800,"bu","10:36:06",811600
6.75,-0.5,200,"bu","10:36:05",810800
6.75,-0.5,100,"bu","10:36:03",810600
6.75,-0.5,1200,"bu","10:35:58",810500
6.75,-0.5,10000,"bu","10:35:58",809300
6.75,-0.5,1500,"bu","10:35:58",799300
6.75,-0.5,1000,"bu","10:35:58",797800
6.75,-0.5,6200,"bu","10:35:58",796800
6.75,-0.5,43000,"bu","10:35:58",790600
6.75,-0.5,1500,"bu","10:35:58",747600
6.75,-0.5,4300,"bu","10:35:58",746100
6.75,-0.5,12000,"bu","10:35:58",741800
6.75,-0.5,700,"bu","10:35:58",729800
6.75,-0.5,1000,"bu","10:35:58",729100
6.75,-0.5,6000,"bu","10:35:58",728100
6.75,-0.5,6700,"bu","10:35:58",722100
6.75,-0.5,100,"bu","10:35:58",715400
6.75,-0.5,2000,"bu","10:35:58",715300
6.75,-0.5,1500,"bu","10:35:58",713300
6.75,-0.5,500,"bu","10:35:58",711800
6.75,-0.5,6000,"bu","10:35:58",711300
6.75,-0.5,2000,"bu","10:35:58",705300
6.75,-0.5,23000,"bu","10:35:58",703300
6.75,-0.5,200,"bu","10:35:58",680300
6.75,-0.5,18000,"bu","10:35:58",680100
6.75,-0.5,600,"bu","10:35:58",662100
6.75,-0.5,5500,"bu","10:35:58",661500
6.75,-0.5,300,"bu","10:35:58",656000
6.75,-0.5,500,"bu","10:35:58",655700
6.75,-0.5,1100,"bu","10:35:58",655200
6.75,-0.5,5000,"bu","10:35:58",654100
6.75,-0.5,200,"bu","10:35:58",649100
6.75,-0.5,500,"bu","10:35:58",648900
6.75,-0.5,100,"bu","10:35:58",648400
6.75,-0.5,16200,"bu","10:35:58",648300
6.75,-0.5,700,"bu","10:35:58",632100
6.75,-0.5,16100,"bu","10:35:58",631400
6.75,-0.5,200,"bu","10:35:58",615300
6.75,-0.5,4600,"bu","10:35:58",615100
6.75,-0.5,1000,"bu","10:35:56",610500
6.75,-0.5,300,"bu","10:35:56",609500
6.75,-0.5,200,"bu","10:35:53",609200
6.75,-0.5,200,"bu","10:35:50",609000
6.75,-0.5,100,"bu","10:35:47",608800
6.75,-0.5,100,"bu","10:35:47",608700
6.75,-0.5,1000,"bu","10:35:44",608600
6.75,-0.5,500,"bu","10:35:44",607600
6.75,-0.5,9000,"bu","10:35:39",607100
6.75,-0.5,1300,"bu","10:35:39",598100
6.75,-0.5,700,"bu","10:35:35",596800
6.75,-0.5,100,"bu","10:35:35",596100
6.75,-0.5,200,"bu","10:35:35",596000
6.75,-0.5,200,"bu","10:35:29",595800
6.75,-0.5,100,"bu","10:35:24",595600
6.75,-0.5,1000,"bu","10:35:24",595500
6.75,-0.5,100,"bu","10:35:24",594500
6.75,-0.5,1000,"bu","10:35:24",594400
6.75,-0.5,100,"bu","10:35:24",593400
6.75,-0.5,100,"bu","10:35:24",593300
6.75,-0.5,400,"bu","10:35:22",593200
6.75,-0.5,100,"bu","10:35:22",592800
6.75,-0.5,700,"bu","10:35:11",592700
6.75,-0.5,300,"bu","10:35:11",592000
6.75,-0.5,1000,"bu","10:35:01",591700
6.75,-0.5,7900,"bu","10:35:00",590700
6.75,-0.5,200,"bu","10:35:00",582800
6.75,-0.5,200,"bu","10:35:00",582600
6.75,-0.5,1100,"bu","10:35:00",582400
6.75,-0.5,200,"bu","10:34:59",581300
6.75,-0.5,400,"bu","10:34:59",581100
6.75,-0.5,200,"bu","10:34:44",580700
6.75,-0.5,1400,"bu","10:34:39",580500
6.75,-0.5,500,"bu","10:34:32",579100
6.75,-0.5,300,"bu","10:34:29",578600
6.75,-0.5,1000,"bu","10:34:19",578300
6.75,-0.5,500,"bu","10:34:18",577300
6.75,-0.5,100,"bu","10:35:22",592800
6.75,-0.5,700,"bu","10:35:11",592700
6.75,-0.5,300,"bu","10:35:11",592000
6.75,-0.5,1000,"bu","10:35:01",591700
6.75,-0.5,7900,"bu","10:35:00",590700
6.75,-0.5,200,"bu","10:35:00",582800
6.75,-0.5,200,"bu","10:35:00",582600
6.75,-0.5,1100,"bu","10:35:00",582400
6.75,-0.5,200,"bu","10:34:59",581300
6.75,-0.5,400,"bu","10:34:59",581100
6.75,-0.5,200,"bu","10:34:44",580700
6.75,-0.5,1400,"bu","10:34:39",580500
6.75,-0.5,500,"bu","10:34:32",579100
6.75,-0.5,300,"bu","10:34:29",578600
6.75,-0.5,1000,"bu","10:34:19",578300
6.75,-0.5,500,"bu","10:34:18",577300
6.75,-0.5,700,"bu","10:34:06",576800
6.75,-0.5,300,"bu","10:33:52",576100
6.75,-0.5,1000,"bu","10:33:51",575800
6.75,-0.5,200,"bu","10:33:48",574800
6.75,-0.5,100,"bu","10:33:47",574600
6.75,-0.5,100,"bu","10:33:41",574500
6.75,-0.5,100,"bu","10:33:35",574400
6.75,-0.5,1000,"bu","10:33:32",574300
6.75,-0.5,200,"bu","10:33:32",573300
6.75,-0.5,100,"bu","10:33:30",573100
6.75,-0.5,600,"bu","10:33:29",573000
6.75,-0.5,200,"bu","10:33:24",572400
6.75,-0.5,7100,"bu","10:33:10",572200
6.75,-0.5,2800,"bu","10:33:10",565100
6.75,-0.5,100,"bu","10:33:10",562300
6.75,-0.5,1000,"bu","10:33:08",562200
6.75,-0.5,1700,"bu","10:33:08",561200
6.75,-0.5,800,"bu","10:33:08",559500
6.75,-0.5,5000,"bu","10:33:08",558700
6.75,-0.5,1000,"bu","10:33:08",553700
6.75,-0.5,800,"bu","10:33:08",552700
6.75,-0.5,100,"bu","10:33:08",551900
6.75,-0.5,600,"bu","10:33:08",551800
6.75,-0.5,1000,"bu","10:33:08",551200
6.75,-0.5,3000,"bu","10:33:08",550200
6.75,-0.5,100,"bu","10:33:08",547200
6.75,-0.5,200,"bu","10:33:08",547100
6.75,-0.5,200,"bu","10:33:08",546900
6.75,-0.5,5000,"bu","10:33:08",546700
6.75,-0.5,1000,"bu","10:33:08",541700
6.75,-0.5,4000,"bu","10:33:08",540700
6.75,-0.5,400,"bu","10:33:08",536700
6.75,-0.5,500,"bu","10:33:08",536300
6.75,-0.5,2000,"bu","10:33:08",535800
6.75,-0.5,100,"bu","10:33:08",533800
6.75,-0.5,4200,"bu","10:33:08",533700
6.75,-0.5,800,"bu","10:33:08",529500
6.75,-0.5,200,"bu","10:33:06",528700
6.75,-0.5,5000,"bu","10:33:05",528500
6.75,-0.5,100,"bu","10:32:55",523500
6.75,-0.5,100,"bu","10:32:53",523400
6.75,-0.5,500,"bu","10:32:53",523300
6.75,-0.5,500,"bu","10:32:53",522800
6.75,-0.5,3000,"bu","10:32:50",522300
6.75,-0.5,200,"bu","10:31:32",485900
6.75,-0.5,1000,"bu","10:31:23",485700
6.75,-0.5,200,"bu","10:31:12",484700
6.75,-0.5,2300,"bu","10:31:01",484500
6.75,-0.5,7500,"bu","10:30:55",482200
6.75,-0.5,3000,"bu","10:30:55",474700
6.75,-0.5,100,"bu","10:30:55",471700
6.75,-0.5,900,"bu","10:30:55",471600
6.75,-0.5,5000,"bu","10:30:55",470700
6.75,-0.5,1100,"bu","10:30:55",465700
6.75,-0.5,1000,"bu","10:30:55",464600
6.75,-0.5,20000,"bu","10:30:55",463600
6.75,-0.5,2300,"bu","10:30:55",443600
6.75,-0.5,5000,"bu","10:30:55",441300
6.75,-0.5,2300,"bu","10:30:55",436300
6.75,-0.5,1000,"bu","10:30:55",434000
6.75,-0.5,800,"bu","10:30:55",433000
6.75,-0.5,100,"bu","10:30:51",432200
6.75,-0.5,300,"bu","10:30:45",432100
6.75,-0.5,1000,"bu","10:30:24",431800
6.75,-0.5,7500,"bu","10:30:55",482200
6.75,-0.5,3000,"bu","10:30:55",474700
6.75,-0.5,100,"bu","10:30:55",471700
6.75,-0.5,900,"bu","10:30:55",471600
6.75,-0.5,5000,"bu","10:30:55",470700
6.75,-0.5,1100,"bu","10:30:55",465700
6.75,-0.5,1000,"bu","10:30:55",464600
6.75,-0.5,20000,"bu","10:30:55",463600
6.75,-0.5,5000,"bu","10:30:55",443600
6.75,-0.5,3300,"bu","10:30:55",438600
6.75,-0.5,3100,"bu","10:30:55",435300
6.75,-0.5,100,"bu","10:30:51",432200
6.75,-0.5,300,"bu","10:30:45",432100
6.75,-0.5,1000,"bu","10:30:24",431800
6.75,-0.5,4300,"bu","10:30:12",430800
6.75,-0.5,100,"bu","10:30:12",426500
6.75,-0.5,100,"bu","10:30:12",426400
6.75,-0.5,100,"bu","10:30:10",426300
6.75,-0.5,900,"bu","10:30:04",426200
6.75,-0.5,100,"bu","10:30:04",425300
6.75,-0.5,1000,"bu","10:30:04",425200
6.75,-0.5,100,"bu","10:30:04",424200
6.75,-0.5,1000,"bu","10:30:03",424100
6.75,-0.5,100,"bu","10:30:02",423100
6.75,-0.5,200,"bu","10:30:01",423000
6.75,-0.5,500,"bu","10:30:01",422800
6.75,-0.5,1000,"bu","10:30:01",422300
6.75,-0.5,500,"bu","10:30:01",421300
6.75,-0.5,200,"bu","10:30:01",420800
6.75,-0.5,5300,"bu","10:30:01",420600
6.75,-0.5,1500,"bu","10:30:01",415300
6.75,-0.5,20500,"bu","10:30:01",413800
6.75,-0.5,5000,"bu","10:30:01",393300
6.75,-0.5,15300,"bu","10:30:01",388300
6.75,-0.5,200,"bu","10:29:56",373000
6.75,-0.5,1000,"bu","10:29:49",372800
6.75,-0.5,4600,"bu","10:29:16",371800
6.75,-0.5,6300,"bu","10:29:16",367200
6.75,-0.5,3700,"bu","10:29:10",360900
6.75,-0.5,100,"bu","10:29:10",357200
6.75,-0.5,100,"bu","10:29:10",357100
6.75,-0.5,6100,"bu","10:29:10",357000
6.75,-0.5,200,"bu","10:28:40",350900
6.75,-0.5,1000,"bu","10:27:51",350700
6.75,-0.5,4500,"bu","10:27:38",349700
6.75,-0.5,100,"bu","10:27:31",345200
6.75,-0.5,1500,"bu","10:27:30",345100
6.75,-0.5,200,"bu","10:27:10",343600
6.75,-0.5,100,"bu","10:27:06",343400
6.75,-0.5,100,"bu","10:26:58",343300
6.75,-0.5,500,"bu","10:26:47",343200
6.75,-0.5,500,"bu","10:26:45",342700
6.75,-0.5,5200,"bu","10:26:34",342200
6.75,-0.5,900,"bu","10:26:34",337000
6.75,-0.5,400,"bu","10:26:34",336100
6.75,-0.5,600,"bu","10:26:34",335700
6.75,-0.5,500,"bu","10:26:29",335100
6.75,-0.5,1000,"bu","10:26:23",334600
6.75,-0.5,500,"bu","10:26:23",333600
6.75,-0.5,500,"bu","10:26:23",333100
6.75,-0.5,300,"bu","10:20:10",322800
6.75,-0.5,1500,"bu","10:19:25",322500
6.75,-0.5,700,"bu","10:19:25",321000
6.75,-0.5,200,"bu","10:19:06",320300
6.75,-0.5,300,"bu","10:18:57",320100
6.75,-0.5,900,"bu","10:18:47",319800
6.75,-0.5,400,"bu","10:18:47",318900
6.75,-0.5,2500,"bu","10:18:30",318500
6.75,-0.5,100,"bu","10:18:30",316000
6.75,-0.5,4500,"bu","10:18:30",315900
6.75,-0.5,100,"bu","10:18:30",311400
6.75,-0.5,500,"bu","10:18:30",311300
6.75,-0.5,500,"bu","10:18:30",310800
6.75,-0.5,1600,"bu","10:18:30",310300
6.75,-0.5,200,"bu","10:18:30",308700
6.75,-0.5,200,"bu","10:18:30",308500
6.75,-0.5,100,"bu","10:18:30",308300
6.75,-0.5,3600,"bu","10:18:30",308200
6.75,-0.5,100,"bu","10:18:30",304600
6.75,-0.5,1000,"bu","10:18:30",304500
6.75,-0.5,400,"bu","10:18:47",318900
6.75,-0.5,2500,"bu","10:18:30",318500
6.75,-0.5,100,"bu","10:18:30",316000
6.75,-0.5,4500,"bu","10:18:30",315900
6.75,-0.5,100,"bu","10:18:30",311400
6.75,-0.5,500,"bu","10:18:30",311300
6.75,-0.5,500,"bu","10:18:30",310800
6.75,-0.5,1600,"bu","10:18:30",310300
6.75,-0.5,200,"bu","10:18:30",308700
6.75,-0.5,200,"bu","10:18:30",308500
6.75,-0.5,100,"bu","10:18:30",308300
6.75,-0.5,3600,"bu","10:18:30",308200
6.75,-0.5,100,"bu","10:18:30",304600
6.75,-0.5,1000,"bu","10:18:30",304500
6.75,-0.5,100,"bu","10:18:14",303500
6.75,-0.5,100,"bu","10:18:14",303400
6.75,-0.5,300,"bu","10:18:02",303300
6.75,-0.5,100,"bu","10:17:41",303000
6.75,-0.5,400,"bu","10:17:34",302900
6.75,-0.5,100,"bu","10:17:34",302500
6.75,-0.5,400,"bu","10:17:22",302400
6.75,-0.5,300,"bu","10:17:22",302000
6.75,-0.5,300,"bu","10:17:22",301700
6.75,-0.5,300,"bu","10:17:16",301400
6.75,-0.5,200,"bu","10:17:13",301100
6.75,-0.5,400,"bu","10:17:07",300900
6.75,-0.5,100,"bu","10:17:07",300500
6.75,-0.5,1000,"bu","10:16:16",300400
6.75,-0.5,600,"bu","10:15:27",299400
6.75,-0.5,400,"bu","10:15:09",298800
6.75,-0.5,700,"bu","10:15:09",298400
6.75,-0.5,100,"bu","10:15:09",297700
6.75,-0.5,200,"bu","10:14:46",297600
6.75,-0.5,600,"bu","10:14:46",297400
6.75,-0.5,2500,"bu","10:13:36",296800
6.75,-0.5,1000,"bu","10:12:53",294300
6.75,-0.5,2000,"bu","10:12:32",293300
6.75,-0.5,1500,"bu","10:12:31",291300
6.75,-0.5,400,"bu","10:12:31",289800
6.75,-0.5,6700,"bu","10:12:31",289400
6.75,-0.5,1000,"bu","10:12:31",282700
6.75,-0.5,400,"bu","10:12:31",281700
6.75,-0.5,100,"bu","10:11:45",281300
6.75,-0.5,900,"bu","10:11:25",281200
6.75,-0.5,5800,"bu","10:11:25",280300
6.75,-0.5,500,"bu","10:10:57",274500
6.75,-0.5,300,"bu","10:09:42",274000
6.75,-0.5,3000,"bu","10:08:45",273700
6.75,-0.5,100,"bu","10:08:04",270700
6.75,-0.5,2000,"bu","10:07:37",270600
6.75,-0.5,1600,"bu","10:06:44",268600
6.75,-0.5,100,"bu","10:06:15",267000
6.75,-0.5,200,"bu","10:05:59",266900
6.75,-0.5,1500,"bu","10:05:55",266700
6.75,-0.5,500,"bu","10:05:48",265200
6.75,-0.5,5000,"bu","10:05:36",264700
6.75,-0.5,1000,"bu","10:05:34",259700
6.75,-0.5,600,"bu","10:05:11",258700
6.75,-0.5,1000,"bu","10:04:43",258100
6.75,-0.5,300,"bu","10:04:16",257100
6.75,-0.5,200,"bu","10:03:19",256800
6.75,-0.5,1000,"bu","10:03:00",256600
6.75,-0.5,200,"bu","10:02:46",255600
6.75,-0.5,5000,"bu","10:02:04",255400
6.75,-0.5,200,"bu","10:01:55",250400
6.75,-0.5,700,"bu","10:01:18",250200
6.75,-0.5,1000,"bu","10:01:04",249500
6.75,-0.5,100,"bu","10:00:29",248500
6.75,-0.5,100,"bu","09:59:54",248400
6.75,-0.5,900,"bu","09:59:53",248300
6.75,-0.5,1000,"bu","09:59:01",247400
6.75,-0.5,500,"bu","09:58:46",246400
6.75,-0.5,100,"bu","09:58:33",245900
6.75,-0.5,1600,"bu","09:57:27",245800
6.75,-0.5,100,"bu","09:56:46",244200
6.75,-0.5,1000,"bu","09:56:34",244100
6.75,-0.5,1000,"bu","09:55:16",243100
6.75,-0.5,500,"bu","09:55:13",242100
6.75,-0.5,200,"bu","09:55:07",241600
6.75,-0.5,200,"bu","09:54:43",241400
6.75,-0.5,1700,"bu","09:54:36",241200
6.75,-0.5,5000,"bu","09:54:32",239500
6.75,-0.5,200,"bu","09:54:14",234500
6.75,-0.5,600,"bu","09:54:11",234300
6.75,-0.5,1000,"bu","09:53:04",233700
6.75,-0.5,7700,"bu","09:51:20",232700
6.75,-0.5,500,"bu","09:51:20",225000
6.75,-0.5,1800,"bu","09:51:20",224500
6.75,-0.5,300,"bu","09:50:16",222700
6.75,-0.5,200,"bu","09:49:55",222400
6.75,-0.5,800,"bu","09:49:55",222200
6.75,-0.5,100,"bu","09:49:48",221400
6.75,-0.5,100,"bu","09:48:58",221300
6.75,-0.5,200,"bu","09:48:57",221200
6.75,-0.5,100,"bu","09:48:24",221000
6.75,-0.5,100,"bu","09:46:49",220900
6.75,-0.5,100,"bu","09:46:38",220800
6.75,-0.5,100,"bu","09:46:16",220700
6.75,-0.5,2300,"bu","09:45:38",220600
6.75,-0.5,500,"bu","09:45:38",218300
6.75,-0.5,200,"bu","09:44:46",217800
6.75,-0.5,400,"bu","09:44:22",217600
6.75,-0.5,200,"bu","09:43:56",217200
6.75,-0.5,100,"bu","09:43:45",217000
6.75,-0.5,200,"bu","09:43:39",216900
6.75,-0.5,100,"bu","09:43:29",216700
6.75,-0.5,500,"bu","09:43:15",216600
6.75,-0.5,200,"bu","09:42:37",216100
6.75,-0.5,100,"bu","09:42:22",215900
6.75,-0.5,500,"bu","09:42:10",215800
6.75,-0.5,300,"bu","09:42:07",215300
6.75,-0.5,500,"bu","09:41:58",215000
6.75,-0.5,100,"bu","09:41:38",214500
6.75,-0.5,1800,"bu","09:41:23",214400
6.75,-0.5,6800,"bu","09:40:49",212600
6.75,-0.5,6000,"bu","09:40:22",205800
6.75,-0.5,300,"bu","09:40:22",199800
6.75,-0.5,100,"bu","09:39:50",199500
6.75,-0.5,3300,"bu","09:39:24",199400
6.75,-0.5,2000,"bu","09:39:03",196100
6.75,-0.5,100,"bu","09:38:00",194100
6.75,-0.5,200,"bu","09:37:50",194000
6.75,-0.5,100,"bu","09:37:40",193800
6.75,-0.5,300,"bu","09:37:38",193700
6.75,-0.5,300,"bu","09:37:29",193400
6.75,-0.5,100,"bu","09:37:27",193100
6.75,-0.5,100,"bu","09:37:18",193000
6.75,-0.5,100,"bu","09:36:51",192900
6.75,-0.5,100,"bu","09:36:21",192800
6.75,-0.5,1000,"bu","09:36:15",192700
6.75,-0.5,5000,"bu","09:35:58",191700
6.75,-0.5,300,"bu","09:35:41",186700
6.75,-0.5,500,"bu","09:35:38",186400
6.75,-0.5,500,"bu","09:35:22",185900
6.75,-0.5,100,"bu","09:35:22",185400
6.75,-0.5,100,"bu","09:35:03",185300
6.75,-0.5,1500,"bu","09:34:11",185200
6.75,-0.5,200,"bu","09:34:00",183700
6.75,-0.5,1400,"bu","09:33:47",183500
6.75,-0.5,300,"bu","09:33:45",182100
