"price","change","match_qtty","side","time","total_vol"
55.1,-0.7,36200,"","14:45:07",792100
55.8,0,1000,"bu","14:29:47",755900
55.7,-0.1,800,"bu","14:29:47",754900
55.6,-0.2,700,"bu","14:29:47",754100
55.5,-0.3,5700,"bu","14:29:47",753400
55.4,-0.4,1200,"bu","14:29:47",747700
55.3,-0.5,600,"bu","14:29:47",746500
55.2,-0.6,1500,"sd","14:29:38",745900
55.2,-0.6,200,"sd","14:29:29",744400
55.1,-0.7,100,"sd","14:29:04",744200
55.1,-0.7,100,"sd","14:28:38",744100
55.2,-0.6,200,"sd","14:28:34",744000
55.2,-0.6,100,"sd","14:28:13",743800
55.1,-0.7,100,"sd","14:27:48",743700
55.2,-0.6,100,"bu","14:27:28",743600
55.1,-0.7,100,"sd","14:27:23",743500
55.2,-0.6,100,"bu","14:26:58",743400
55.1,-0.7,100,"sd","14:26:57",743300
55.1,-0.7,100,"sd","14:26:32",743200
55.1,-0.7,100,"sd","14:26:07",743100
55.2,-0.6,1000,"bu","14:25:35",742900
55.1,-0.7,100,"sd","14:25:16",741900
55.2,-0.6,200,"bu","14:24:57",741800
55.1,-0.7,100,"sd","14:24:51",741600
55.2,-0.6,400,"bu","14:24:45",741500
55.3,-0.5,1500,"bu","14:24:34",741100
55.2,-0.6,3100,"bu","14:24:34",739600
55.2,-0.6,2300,"bu","14:24:33",736500
55.2,-0.6,2300,"bu","14:24:33",734200
55.1,-0.7,100,"sd","14:24:26",731900
55.2,-0.6,900,"bu","14:24:13",731800
55.1,-0.7,100,"sd","14:24:01",730900
55.2,-0.6,1000,"bu","14:23:55",730800
55.1,-0.7,100,"sd","14:23:35",729800
55.2,-0.6,4600,"bu","14:23:18",729700
55.1,-0.7,100,"sd","14:23:10",725100
55.1,-0.7,200,"sd","14:23:00",725000
55.1,-0.7,100,"sd","14:22:45",724800
55.1,-0.7,100,"sd","14:22:20",724700
55.2,-0.6,100,"bu","14:22:15",724600
55.5,-0.3,400,"bu","09:30:24",61900
55.3,-0.5,300,"sd","09:29:44",61500
55.3,-0.5,5000,"bu","09:28:29",61200
55.2,-0.6,500,"sd","09:27:43",56200
55.2,-0.6,800,"bu","09:27:08",55700
55.2,-0.6,500,"bu","09:27:05",54900
55.2,-0.6,2200,"bu","09:26:57",54400
55.2,-0.6,300,"bu","09:26:53",52200
55.2,-0.6,100,"bu","09:26:39",51900
55.2,-0.6,1000,"bu","09:26:22",51800
55.2,-0.6,1000,"bu","09:26:18",50800
55.1,-0.7,1500,"sd","09:26:11",49800
55.2,-0.6,200,"bu","09:25:50",48300
55.1,-0.7,100,"sd","09:25:50",48100
55.2,-0.6,2100,"sd","09:25:44",48000
55.2,-0.6,1000,"sd","09:25:44",45900
55.2,-0.6,400,"sd","09:25:36",44900
55.2,-0.6,2100,"bu","09:25:20",44500
55.2,-0.6,1000,"bu","09:25:18",42400
55.2,-0.6,100,"bu","09:25:13",41400
55.1,-0.7,2300,"sd","09:25:05",41300
55.2,-0.6,4500,"sd","09:25:05",39000
55.3,-0.5,300,"bu","09:24:37",34500
55.3,-0.5,200,"bu","09:24:04",34200
55.3,-0.5,100,"bu","09:24:00",34000
55.3,-0.5,100,"bu","09:23:45",33900
55.3,-0.5,100,"bu","09:23:41",33800
55.3,-0.5,4400,"sd","09:23:33",33700
55.3,-0.5,100,"sd","09:23:25",29300
55.3,-0.5,800,"sd","09:23:21",29200
55.3,-0.5,200,"sd","09:23:21",28400
55.4,-0.4,100,"bu","09:23:21",28200
55.4,-0.4,3400,"sd","09:22:43",28100
55.4,-0.4,1000,"sd","09:22:42",24700
55.4,-0.4,1000,"sd","09:22:39",23700
55.4,-0.4,500,"sd","09:22:14",22700
55.4,-0.4,400,"sd","09:22:03",22200
55.5,-0.3,300,"bu","09:21:24",21800
55.5,-0.3,100,"bu","09:21:21",21500
55.5,-0.3,100,"bu","09:21:13",21400
55.5,-0.3,7100,"sd","09:21:12",21300
55.5,-0.3,500,"sd","09:19:51",14200
55.5,-0.3,100,"sd","09:19:49",13700
55.5,-0.3,800,"sd","09:17:36",13600
55.5,-0.3,1600,"sd","09:17:35",12800
55.5,-0.3,1500,"sd","09:17:34",11200
55.6,-0.2,3500,"sd","09:17:34",9700
55.7,-0.1,300,"bu","09:17:06",6200
55.7,-0.1,1000,"sd","09:16:54",5900
55.7,-0.1,800,"sd","09:16:33",4900
55.7,-0.1,4100,"","09:15:04",4100
56.1,0.3,600,"bu","09:56:46",63400
56,0.2,300,"bu","09:56:46",62800
56,0.2,100,"bu","09:56:39",62500
56,0.2,1000,"bu","09:56:36",62400
56,0.2,900,"bu","09:56:29",61400
56,0.2,900,"bu","09:56:16",60500
56,0.2,500,"bu","09:55:14",59600
56,0.2,2000,"bu","09:54:38",59100
56,0.2,1000,"bu","09:54:36",57100
56,0.2,900,"sd","09:54:30",56100
56,0.2,600,"bu","09:54:24",55200
56,0.2,7400,"sd","09:52:31",54600
56.1,0.3,3900,"bu","09:51:15",47200
56,0.2,2600,"bu","09:48:57",43300
56,0.2,100,"bu","09:48:17",40700
55.8,0,400,"sd","09:47:22",40600
55.8,0,2400,"sd","09:44:50",40200
55.8,0,1000,"sd","09:43:51",37800
55.8,0,3000,"sd","09:43:25",36800
55.8,0,2300,"sd","09:43:11",33800
55.8,0,2300,"sd","09:42:57",31500
55.8,0,1400,"sd","09:42:39",29200
55.9,0.1,900,"sd","09:42:39",27800
56,0.2,100,"bu","09:40:27",26900
56,0.2,100,"bu","09:40:27",26800
56,0.2,1900,"sd","09:39:33",26700
56,0.2,100,"sd","09:39:32",24800
56,0.2,2300,"sd","09:39:18",24700
56.1,0.3,200,"bu","09:39:17",22400
56.1,0.3,1000,"bu","09:38:31",22200
56.1,0.3,500,"bu","09:37:23",21200
56,0.2,1600,"sd","09:36:40",20700
56.1,0.3,1000,"bu","09:35:18",19100
56.1,0.3,100,"bu","09:32:11",18100
56,0.2,100,"sd","09:31:58",18000
56,0.2,5000,"sd","09:31:17",17900
56,0.2,1400,"bu","09:30:21",12900
55.8,0,400,"sd","09:29:13",11500
55.8,0,2100,"sd","09:28:12",11100
55.9,0.1,200,"sd","09:28:12",9000
55.8,0,1200,"sd","09:26:25",8800
55.9,0.1,1000,"sd","09:26:25",7600
56,0.2,100,"sd","09:26:25",6600
56,0.2,2300,"sd","09:26:06",6500
56.1,0.3,900,"sd","09:25:28",4200
56.1,0.3,200,"sd","09:24:40",3300
56.1,0.3,100,"sd","09:24:12",3100
56.1,0.3,100,"bu","09:23:47",3000
56.1,0.3,100,"bu","09:23:25",2900
56,0.2,400,"sd","09:22:57",2800
56.1,0.3,600,"sd","09:22:57",2400
56.1,0.3,200,"bu","09:20:08",1800
56,0.2,200,"bu","09:17:51",1600
55.8,0,100,"sd","09:16:04",1400
55.8,0,1300,"","09:15:04",1300
55.9,-0.2,500,"sd","13:48:30",468100
55.9,-0.2,200,"sd","13:48:24",467600
55.9,-0.2,500,"sd","13:48:18",467400
55.9,-0.2,1800,"bu","13:47:36",466900
55.9,-0.2,300,"bu","13:47:27",465100
55.8,-0.3,300,"sd","13:47:27",464800
55.9,-0.2,500,"bu","13:47:26",464500
55.9,-0.2,300,"bu","13:47:25",464000
55.8,-0.3,400,"sd","13:47:24",463700
55.9,-0.2,100,"bu","13:46:40",463300
55.8,-0.3,1000,"sd","13:46:34",463200
55.9,-0.2,300,"bu","13:46:08",462200
55.9,-0.2,200,"sd","13:46:07",461900
55.9,-0.2,500,"sd","13:46:06",461700
55.9,-0.2,900,"bu","13:45:21",461200
55.9,-0.2,100,"bu","13:44:34",460300
55.9,-0.2,100,"sd","13:44:08",460200
55.9,-0.2,500,"bu","13:43:47",460100
55.9,-0.2,2000,"sd","13:42:56",459600
55.9,-0.2,500,"sd","13:42:02",457600
55.9,-0.2,100,"sd","13:41:58",457100
55.9,-0.2,100,"bu","13:41:55",457000
55.8,-0.3,200,"sd","13:41:48",456900
55.9,-0.2,400,"sd","13:41:44",456700
55.9,-0.2,1000,"sd","13:41:44",456300
55.9,-0.2,100,"sd","13:41:35",455300
55.8,-0.3,3000,"sd","13:40:49",455200
55.9,-0.2,900,"sd","13:40:49",452200
55.9,-0.2,500,"sd","13:40:27",451300
55.9,-0.2,1700,"bu","13:40:15",450800
55.9,-0.2,100,"bu","13:40:07",449100
55.9,-0.2,100,"bu","13:40:04",449000
55.9,-0.2,500,"bu","13:39:35",448900
55.9,-0.2,1000,"bu","13:39:33",448400
55.9,-0.2,100,"sd","13:39:21",447400
55.9,-0.2,3600,"sd","13:39:11",447300
55.9,-0.2,10000,"sd","13:38:53",443700
55.9,-0.2,500,"sd","13:38:22",433700
56,-0.1,100,"bu","13:38:18",433200
55.9,-0.2,500,"sd","13:37:15",433100
55.9,-0.2,6400,"bu","13:37:00",432600
55.8,-0.3,500,"sd","13:36:57",426200
55.8,-0.3,500,"sd","13:36:48",425700
55.8,-0.3,500,"sd","13:36:12",425200
55.8,-0.3,200,"sd","13:35:59",424700
55.8,-0.3,100,"sd","13:35:56",424500
55.9,-0.2,1000,"bu","13:35:53",424400
55.8,-0.3,300,"sd","13:35:53",423400
55.9,-0.2,1000,"bu","13:35:02",423100
55.9,-0.2,1000,"bu","13:34:44",422100
55.9,-0.2,100,"bu","13:34:13",421100
55.8,-0.3,500,"sd","13:34:12",421000
55.8,-0.3,100,"sd","13:33:20",420500
55.9,-0.2,200,"bu","13:33:04",420400
55.9,-0.2,100,"bu","13:32:59",420200
55.8,-0.3,100,"sd","13:32:10",420100
55.9,-0.2,100,"bu","13:32:07",420000
55.9,-0.2,100,"bu","13:31:42",419900
55.9,-0.2,700,"bu","13:31:29",419800
55.9,-0.2,500,"sd","13:31:14",419100
55.9,-0.2,500,"sd","13:31:02",418600
55.9,-0.2,1000,"sd","13:30:54",418100
55.9,-0.2,400,"sd","13:30:31",417100
55.9,-0.2,500,"sd","13:30:03",416700
56,-0.1,5700,"bu","13:28:37",416200
55.9,-0.2,4300,"bu","13:28:37",410500
55.9,-0.2,500,"bu","13:28:04",406200
55.9,-0.2,300,"bu","13:27:56",405700
55.9,-0.2,100,"bu","13:27:31",405400
55.9,-0.2,100,"bu","13:27:23",405300
55.9,-0.2,500,"bu","13:27:12",405200
55.9,-0.2,300,"bu","13:26:56",404700
55.9,-0.2,200,"bu","13:26:42",404400
55.8,-0.3,300,"sd","13:26:34",404200
55.9,-0.2,100,"bu","13:26:32",403900
55.9,-0.2,100,"bu","13:26:21",403800
55.8,-0.3,1000,"sd","13:26:06",403700
55.8,-0.3,9000,"sd","13:26:04",402700
55.9,-0.2,400,"sd","13:25:35",393700
55.9,-0.2,1000,"sd","13:25:28",393300
55.9,-0.2,500,"sd","13:25:14",392300
55.9,-0.2,4000,"sd","13:25:12",391800
55.9,-0.2,500,"sd","13:25:04",387800
55.9,-0.2,500,"sd","13:25:02",387300
55.9,-0.2,300,"sd","13:24:49",386800
55.9,-0.2,500,"sd","13:24:23",386500
55.9,-0.2,500,"sd","13:24:14",386000
55.9,-0.2,200,"sd","13:24:02",385500
55.9,-0.2,300,"sd","13:23:28",385300
55.9,-0.2,500,"bu","13:23:24",385000
55.9,-0.2,2000,"bu","13:23:24",384500
55.9,-0.2,2300,"bu","13:23:01",382500
55.8,-0.3,500,"sd","13:22:50",380200
55.8,-0.3,2300,"sd","13:22:47",379700
55.8,-0.3,100,"sd","13:22:45",377400
55.8,-0.3,500,"sd","13:22:32",377300
55.9,-0.2,2000,"bu","13:22:26",376800
55.8,-0.3,100,"sd","13:22:25",374800
55.8,-0.3,500,"sd","13:22:20",374700
55.8,-0.3,400,"sd","13:22:09",374200
55.8,-0.3,600,"sd","13:22:08",373800
55.8,-0.3,100,"sd","13:22:07",373200
55.8,-0.3,2300,"sd","13:21:18",373100
55.8,-0.3,100,"sd","13:21:16",370800
55.9,-0.2,300,"sd","13:21:11",370700
55.9,-0.2,500,"sd","13:20:59",370400
55.9,-0.2,2000,"sd","13:20:34",369900
55.9,-0.2,2500,"bu","13:20:31",367900
55.9,-0.2,12900,"sd","13:20:20",365400
55.9,-0.2,2300,"sd","13:20:16",352500
55.9,-0.2,200,"sd","13:20:14",350200
55.9,-0.2,2300,"sd","13:20:02",350000
55.9,-0.2,200,"sd","13:19:58",347700
55.9,-0.2,2300,"sd","13:19:51",347500
55.9,-0.2,5000,"sd","13:19:42",345200
55.9,-0.2,2300,"sd","13:19:42",340200
55.9,-0.2,500,"sd","13:19:36",337900
56,-0.1,600,"bu","13:19:23",337400
56,-0.1,100,"bu","13:19:06",336800
56,-0.1,100,"bu","13:18:37",336700
56,-0.1,2000,"bu","13:18:23",336600
55.9,-0.2,7900,"sd","13:18:21",334600
55.9,-0.2,700,"sd","13:18:18",326700
55.9,-0.2,5000,"sd","13:18:17",326000
56,-0.1,100,"bu","13:17:41",321000
56,-0.1,100,"bu","13:17:26",320900
56,-0.1,100,"bu","13:17:09",320800
56,-0.1,2500,"bu","13:15:51",320700
56,-0.1,500,"bu","13:15:47",318200
56,-0.1,100,"bu","13:15:16",317700
56,-0.1,100,"bu","13:14:35",317600
56,-0.1,100,"bu","13:14:17",317500
56,-0.1,3400,"sd","13:14:13",317400
56,-0.1,100,"sd","13:13:44",314000
56,-0.1,2300,"sd","13:13:39",313900
56,-0.1,2300,"sd","13:13:30",311600
56,-0.1,2000,"sd","13:13:18",309300
56,-0.1,3000,"sd","13:13:12",307300
56,-0.1,2000,"sd","13:12:59",304300
56,-0.1,500,"sd","13:12:54",302300
56,-0.1,2000,"sd","13:11:46",301800
56,-0.1,500,"sd","13:11:40",299800
56,-0.1,200,"sd","13:11:10",299300
56,-0.1,100,"sd","13:09:46",299100
56,-0.1,1600,"sd","13:08:55",299000
56,-0.1,3900,"bu","13:08:44",297400
56,-0.1,100,"bu","13:08:39",293500
56,-0.1,100,"bu","13:08:24",293400
56,-0.1,2900,"sd","13:07:39",293300
56,-0.1,3600,"sd","13:07:28",290400
56.1,0,200,"bu","13:07:06",286800
56,-0.1,5000,"sd","13:05:45",286600
56,-0.1,100,"bu","13:05:17",281600
56,-0.1,500,"bu","13:04:53",281500
56,-0.1,200,"bu","13:04:45",281000
56,-0.1,100,"bu","13:04:44",280800
56,-0.1,1200,"sd","13:04:25",280700
56,-0.1,12000,"sd","13:03:54",279500
56,-0.1,5000,"sd","13:03:51",267500
56,-0.1,200,"sd","13:03:38",262500
56.1,0,400,"bu","13:03:23",262300
56.1,0,100,"sd","13:01:48",261900
56.1,0,400,"sd","13:01:22",261800
56.1,0,300,"sd","13:00:37",261400
56.1,0,100,"sd","13:00:34",261100
56.1,0,1000,"sd","13:00:32",261000
56.1,0,1000,"sd","13:00:32",260000
56.1,0,1000,"sd","13:00:31",259000
56.1,0,500,"sd","13:00:30",258000
56.1,0,200,"sd","13:00:11",257500
56.1,0,400,"sd","13:00:05",257300
56.1,0,100,"sd","13:00:04",256900
56.1,0,500,"sd","11:29:13",256800
56.1,0,5200,"sd","11:29:00",256300
56.1,0,500,"sd","11:28:59",251100
56.1,0,800,"sd","11:28:55",250600
56.1,0,9200,"sd","11:28:54",249800
56.1,0,3700,"sd","11:28:13",240600
56.1,0,500,"sd","11:27:52",236900
56.1,0,500,"sd","11:27:14",236400
56.1,0,500,"sd","11:25:57",235900
56.1,0,100,"sd","11:25:52",235400
56.1,0,3000,"sd","11:25:49",235300
56.1,0,100,"sd","11:25:12",232300
56.1,0,2000,"sd","11:25:04",232200
56.1,0,500,"sd","11:24:56",230200
56.1,0,500,"sd","11:24:43",229700
56.1,0,500,"sd","11:23:36",229200
56.1,0,1000,"sd","11:22:46",228700
56.3,0.2,100,"bu","11:22:34",227700
56.1,0,500,"sd","11:22:33",227600
56.1,0,100,"sd","11:22:14",227100
56.2,0.1,2000,"bu","11:22:09",227000
56.1,0,400,"sd","11:21:59",225000
56.1,0,500,"sd","11:21:30",224600
56.2,0.1,1000,"bu","11:17:21",224100
56.1,0,100,"sd","11:16:03",223100
56.2,0.1,2300,"bu","11:16:00",223000
56.2,0.1,1400,"bu","11:15:59",220700
56.2,0.1,1000,"bu","11:15:06",219300
56.2,0.1,200,"bu","11:14:46",218300
56.2,0.1,100,"bu","11:12:43",218100
56.2,0.1,100,"bu","11:10:34",218000
56.2,0.1,500,"sd","11:07:54",217900
56.2,0.1,100,"sd","11:07:03",217400
56.2,0.1,3000,"sd","11:06:59",217300
56.2,0.1,500,"sd","11:06:36",214300
56.2,0.1,100,"sd","11:05:52",213800
56.2,0.1,2000,"sd","11:05:46",213700
56.2,0.1,1100,"sd","11:05:40",211700
56.2,0.1,200,"sd","11:05:32",210600
56.2,0.1,500,"sd","11:05:30",210400
56.2,0.1,4500,"sd","11:05:30",209900
56.2,0.1,500,"sd","11:05:09",205400
56.2,0.1,1000,"sd","11:04:41",204900
56.2,0.1,200,"sd","11:04:29",203900
56.2,0.1,500,"sd","11:04:03",203700
56.2,0.1,1000,"sd","11:03:45",203200
56.2,0.1,500,"sd","11:03:34",202200
56.2,0.1,100,"sd","11:03:08",201700
56.2,0.1,500,"sd","11:02:43",201600
56.2,0.1,300,"sd","11:02:42",201100
56.2,0.1,6000,"sd","11:02:41",200800
56.2,0.1,500,"sd","11:02:00",194800
56.2,0.1,500,"sd","11:00:56",194300
56.2,0.1,1000,"sd","11:00:32",193800
56.2,0.1,500,"sd","11:00:00",192800
56.2,0.1,800,"sd","10:55:28",192300
56.2,0.1,1000,"sd","10:54:31",191500
56.3,0.2,100,"bu","10:51:10",190500
56.3,0.2,400,"sd","10:48:55",190400
56.3,0.2,800,"sd","10:48:50",190000
56.3,0.2,400,"sd","10:48:42",189200
56.3,0.2,200,"sd","10:48:30",188800
56.3,0.2,500,"sd","10:47:53",188600
56.3,0.2,100,"sd","10:47:29",188100
56.3,0.2,300,"bu","10:47:26",188000
56.3,0.2,200,"bu","10:47:18",187700
56.2,0.1,500,"sd","10:47:14",187500
56.2,0.1,400,"sd","10:46:02",187000
56.3,0.2,8600,"bu","10:46:00",186600
56.2,0.1,500,"sd","10:45:17",178000
56.2,0.1,500,"sd","10:44:40",177500
56.2,0.1,500,"sd","10:43:37",177000
56.3,0.2,100,"bu","10:43:13",176500
56.3,0.2,500,"bu","10:41:42",176400
56.2,0.1,500,"sd","10:40:02",175900
56.2,0.1,100,"sd","10:39:14",175400
56.2,0.1,1000,"sd","10:38:30",175300
56.2,0.1,500,"sd","10:38:02",174300
56.2,0.1,200,"sd","10:37:45",173800
56.2,0.1,200,"sd","10:36:02",173600
56.2,0.1,4600,"sd","10:36:00",173400
56.2,0.1,300,"sd","10:35:52",168800
56.2,0.1,500,"sd","10:35:44",168500
56.2,0.1,100,"sd","10:32:42",168000
56.3,0.2,2000,"bu","10:32:33",167900
56.2,0.1,200,"sd","10:32:16",165900
56.2,0.1,500,"sd","10:32:05",165700
56.2,0.1,500,"sd","10:30:04",165200
56.2,0.1,200,"sd","10:28:43",164700
56.2,0.1,100,"sd","10:28:13",164500
56.2,0.1,2000,"sd","10:28:04",164400
56.2,0.1,200,"sd","10:28:02",162400
56.2,0.1,5000,"sd","10:27:57",162200
56.2,0.1,500,"sd","10:26:22",157200
56.3,0.2,500,"bu","10:25:42",156700
56.3,0.2,500,"bu","10:25:28",156200
56.2,0.1,100,"sd","10:18:39",155700
56.2,0.1,100,"sd","10:17:32",155600
56.2,0.1,3500,"sd","10:17:28",155500
56.2,0.1,1000,"sd","10:13:58",152000
56.2,0.1,100,"sd","10:13:12",151000
56.2,0.1,2300,"sd","10:13:07",150900
56.2,0.1,100,"sd","10:12:52",148600
56.2,0.1,2300,"sd","10:12:46",148500
56.2,0.1,100,"sd","10:12:42",146200
56.2,0.1,2300,"sd","10:12:36",146100
56.2,0.1,100,"sd","10:12:33",143800
56.3,0.2,100,"bu","10:12:28",143700
56.2,0.1,2300,"sd","10:12:28",143600
56.2,0.1,400,"sd","10:12:22",141300
56.3,0.2,7900,"sd","10:12:13",140900
56.3,0.2,100,"sd","10:12:12",133000
56.3,0.2,2300,"sd","10:12:09",132900
56.4,0.3,500,"bu","10:12:06",130600
56.3,0.2,100,"sd","10:11:32",130100
56.3,0.2,2300,"sd","10:11:29",130000
56.3,0.2,100,"sd","10:11:13",127700
56.3,0.2,500,"sd","10:11:12",127600
56.4,0.3,1000,"bu","10:11:10",127100
56.3,0.2,500,"sd","10:11:04",126100
56.3,0.2,100,"sd","10:10:37",125600
56.4,0.3,100,"bu","10:09:31",125500
56.4,0.3,100,"bu","10:09:15",125400
56.3,0.2,100,"sd","10:08:08",125300
56.4,0.3,500,"bu","10:07:56",125200
56.4,0.3,200,"bu","10:07:27",124700
56.3,0.2,100,"sd","10:06:42",124500
56.3,0.2,3900,"sd","10:06:33",124400
56.4,0.3,300,"bu","10:06:22",120500
56.4,0.3,400,"bu","10:05:33",120200
56.4,0.3,300,"bu","10:03:52",119800
56.3,0.2,100,"sd","10:03:22",119500
56.3,0.2,2300,"sd","10:03:21",119400
56.3,0.2,100,"sd","10:03:12",117100
56.3,0.2,2300,"sd","10:03:09",117000
56.3,0.2,100,"sd","10:03:02",114700
56.3,0.2,2300,"sd","10:02:58",114600
56.3,0.2,100,"sd","10:02:42",112300
56.3,0.2,2300,"sd","10:02:33",112200
56.3,0.2,100,"sd","10:02:13",109900
56.4,0.3,2000,"bu","10:02:07",109800
56.4,0.3,300,"bu","10:02:03",107800
56.4,0.3,300,"bu","10:00:57",107500
56.4,0.3,1100,"bu","10:00:55",107200
56.3,0.2,500,"sd","10:00:06",106100
56.3,0.2,400,"sd","09:59:22",105600
56.3,0.2,8900,"bu","09:59:22",105200
56.3,0.2,100,"bu","09:58:56",96300
56.2,0.1,100,"sd","09:58:33",96200
56.2,0.1,600,"bu","09:58:31",96100
56.2,0.1,1000,"bu","09:58:30",95500
56.2,0.1,1000,"bu","09:58:27",94500
56.2,0.1,300,"bu","09:57:53",93500
56.2,0.1,100,"bu","09:57:47",93200
56.2,0.1,500,"bu","09:57:31",93100
56.2,0.1,200,"bu","09:57:29",92600
56.1,0,300,"sd","09:55:03",92400
56.2,0.1,7400,"sd","09:54:52",92100
56.3,0.2,900,"bu","09:54:52",84700
56.2,0.1,1200,"sd","09:54:48",83800
56.2,0.1,1500,"sd","09:54:40",82600
56.2,0.1,500,"sd","09:54:02",81100
56.3,0.2,10400,"bu","09:54:00",80600
56.3,0.2,100,"bu","09:53:55",70200
56.3,0.2,100,"bu","09:52:51",70100
56.2,0.1,500,"sd","09:52:40",70000
56.2,0.1,100,"sd","09:50:33",69500
56.3,0.2,3000,"bu","09:50:27",69400
56.2,0.1,200,"sd","09:50:12",66400
56.2,0.1,1000,"sd","09:50:09",66200
56.2,0.1,1000,"sd","09:50:05",65200
56.2,0.1,2000,"sd","09:50:03",64200
56.3,0.2,500,"bu","09:48:10",62200
56.3,0.2,200,"bu","09:47:44",61700
56.3,0.2,1000,"bu","09:47:41",61500
56.3,0.2,1000,"bu","09:47:23",60500
56.3,0.2,100,"bu","09:47:21",59500
56.3,0.2,100,"bu","09:47:17",59400
56.3,0.2,300,"bu","09:46:53",59300
56.3,0.2,200,"bu","09:46:40",59000
56.2,0.1,300,"sd","09:46:32",58800
56.3,0.2,500,"bu","09:46:27",58500
56.3,0.2,5500,"bu","09:46:27",58000
56.3,0.2,1000,"bu","09:46:22",52500
56.3,0.2,500,"bu","09:45:39",51500
56.3,0.2,200,"bu","09:45:31",51000
56.3,0.2,1000,"bu","09:45:15",50800
56.3,0.2,500,"bu","09:44:57",49800
56.3,0.2,200,"bu","09:44:07",49300
56.2,0.1,500,"sd","09:43:21",49100
56.2,0.1,400,"sd","09:41:13",48600
56.2,0.1,500,"sd","09:40:42",48200
56.2,0.1,11100,"sd","09:40:42",47700
56.2,0.1,100,"sd","09:39:02",36600
56.3,0.2,100,"bu","09:38:53",36500
56.3,0.2,2000,"bu","09:38:52",36400
56.3,0.2,400,"bu","09:38:35",34400
56.3,0.2,100,"bu","09:37:42",34000
56.3,0.2,800,"bu","09:37:31",33900
56.3,0.2,100,"bu","09:37:15",33100
56.3,0.2,500,"bu","09:37:11",33000
56.3,0.2,300,"bu","09:37:09",32500
56.3,0.2,100,"bu","09:36:44",32200
56.3,0.2,1700,"bu","09:36:43",32100
56.3,0.2,500,"bu","09:36:32",30400
56.3,0.2,100,"bu","09:35:19",29900
56.3,0.2,500,"bu","09:32:54",29800
56.2,0.1,200,"sd","09:32:53",29300
56.3,0.2,2500,"bu","09:32:48",29100
56.3,0.2,2000,"bu","09:32:42",26600
56.3,0.2,400,"bu","09:32:14",24600
56.3,0.2,100,"bu","09:32:10",24200
56.2,0.1,1000,"sd","09:31:18",24100
56.3,0.2,100,"bu","09:31:04",23100
56.3,0.2,100,"bu","09:29:48",23000
56.2,0.1,100,"sd","09:29:44",22900
56.2,0.1,800,"sd","09:29:36",22800
56.2,0.1,500,"sd","09:29:31",22000
56.2,0.1,300,"sd","09:28:05",21500
56.2,0.1,1000,"sd","09:28:00",21200
56.2,0.1,100,"sd","09:27:49",20200
56.2,0.1,200,"sd","09:27:30",20100
56.2,0.1,100,"sd","09:27:15",19900
56.2,0.1,200,"sd","09:26:26",19800
56.2,0.1,200,"sd","09:25:58",19600
56.3,0.2,500,"bu","09:24:46",19400
56.3,0.2,100,"bu","09:24:41",18900
56.3,0.2,200,"bu","09:24:05",18800
56.2,0.1,500,"bu","09:22:33",18600
56.2,0.1,300,"bu","09:22:14",18000
56.1,0,700,"sd","09:21:06",17700
56.1,0,1500,"bu","09:20:39",17000
56.1,0,8500,"sd","09:20:34",15500
56.1,0,500,"sd","09:19:33",7000
56.1,0,900,"sd","09:19:20",6500
56.2,0.1,100,"bu","09:19:01",5600
56.2,0.1,100,"sd","09:18:41",5500
56.3,0.2,500,"bu","09:16:49",5400
56.3,0.2,4900,"","09:15:02",4900
56.4,-0.4,5200,"sd","09:39:36",216200
56.4,-0.4,100,"sd","09:39:35",211000
56.4,-0.4,2000,"sd","09:39:13",210900
56.4,-0.4,2000,"sd","09:38:13",208900
56.4,-0.4,5000,"sd","09:38:04",206900
56.4,-0.4,300,"sd","09:38:03",201900
56.4,-0.4,4700,"bu","09:37:24",201600
56.4,-0.4,100,"bu","09:37:23",196900
56.4,-0.4,2000,"bu","09:37:17",196800
56.4,-0.4,200,"bu","09:37:12",194800
56.4,-0.4,100,"bu","09:37:10",194600
56.4,-0.4,200,"bu","09:36:30",194500
56.4,-0.4,200,"bu","09:36:05",194300
56.4,-0.4,500,"bu","09:35:50",194100
56.4,-0.4,2000,"bu","09:35:47",193600
56.4,-0.4,15900,"sd","09:35:21",191600
56.5,-0.3,100,"bu","09:35:05",175700
56.4,-0.4,500,"sd","09:32:56",175600
56.5,-0.3,1600,"bu","09:32:38",175100
56.4,-0.4,200,"sd","09:32:36",173500
56.4,-0.4,400,"sd","09:32:35",173300
56.4,-0.4,200,"sd","09:32:34",172900
56.4,-0.4,400,"sd","09:32:33",172700
56.4,-0.4,400,"sd","09:32:32",172300
56.4,-0.4,200,"sd","09:32:31",171900
56.5,-0.3,1000,"bu","09:31:13",171700
56.5,-0.3,100,"bu","09:30:55",170700
56.4,-0.4,100,"sd","09:29:49",170600
56.4,-0.4,600,"bu","09:28:40",170500
56.4,-0.4,1700,"bu","09:28:35",169900
56.4,-0.4,500,"bu","09:28:31",168200
56.4,-0.4,1000,"bu","09:28:22",167700
56.4,-0.4,500,"bu","09:28:17",166700
56.4,-0.4,1000,"bu","09:28:16",166200
56.4,-0.4,10000,"bu","09:28:09",165200
56.4,-0.4,2000,"bu","09:27:53",155200
56.4,-0.4,1000,"bu","09:27:43",153200
56.4,-0.4,100,"bu","09:27:36",152200
56.4,-0.4,200,"bu","09:27:05",152100
56.4,-0.4,500,"bu","09:27:04",151900
56.3,-0.5,1000,"sd","09:27:03",151400
56.4,-0.4,500,"bu","09:26:56",150400
56.4,-0.4,100,"bu","09:26:55",149900
56.4,-0.4,200,"bu","09:26:47",149800
56.3,-0.5,500,"sd","09:26:42",149600
56.3,-0.5,200,"sd","09:26:39",149100
56.3,-0.5,200,"sd","09:26:30",148900
56.3,-0.5,900,"sd","09:25:41",148700
56.3,-0.5,4000,"sd","09:25:35",147800
56.3,-0.5,1500,"sd","09:25:11",143800
56.4,-0.4,100,"bu","09:25:06",142300
56.4,-0.4,1000,"bu","09:25:03",142200
56.4,-0.4,100,"bu","09:24:17",141200
56.3,-0.5,2300,"sd","09:23:48",141100
56.4,-0.4,1300,"bu","09:23:40",138800
56.3,-0.5,300,"sd","09:23:39",137500
56.4,-0.4,100,"bu","09:23:36",137200
56.4,-0.4,1000,"bu","09:23:22",137100
56.3,-0.5,2000,"sd","09:22:59",136100
56.3,-0.5,600,"bu","09:22:43",134100
56.3,-0.5,300,"bu","09:22:39",133500
56.3,-0.5,10000,"bu","09:22:32",133200
56.3,-0.5,200,"bu","09:22:26",123200
56.3,-0.5,4000,"bu","09:22:22",123000
56.2,-0.6,800,"sd","09:22:20",119000
56.2,-0.6,100,"sd","09:22:10",118200
56.3,-0.5,500,"bu","09:22:08",118100
56.2,-0.6,800,"sd","09:21:57",117600
56.3,-0.5,100,"bu","09:21:42",116800
56.3,-0.5,1000,"bu","09:21:34",116700
56.2,-0.6,400,"sd","09:21:29",115700
56.3,-0.5,1000,"bu","09:21:28",115300
56.3,-0.5,200,"bu","09:21:26",114300
56.2,-0.6,300,"sd","09:21:25",114100
56.3,-0.5,200,"bu","09:21:12",113800
56.2,-0.6,2000,"sd","09:21:06",113600
56.3,-0.5,200,"bu","09:20:58",111600
56.3,-0.5,100,"bu","09:20:56",111400
56.3,-0.5,100,"bu","09:20:51",111300
56.3,-0.5,500,"bu","09:20:49",111200
56.2,-0.6,1000,"sd","09:20:48",110700
56.3,-0.5,200,"bu","09:20:38",109700
56.2,-0.6,6800,"sd","09:20:37",109500
56.2,-0.6,2800,"sd","09:20:36",102700
56.3,-0.5,400,"sd","09:20:36",99900
56.3,-0.5,100,"sd","09:20:31",99500
56.3,-0.5,500,"sd","09:20:30",99400
56.3,-0.5,1000,"sd","09:20:25",98900
56.3,-0.5,1000,"bu","09:20:16",97900
56.3,-0.5,400,"bu","09:20:15",96900
56.3,-0.5,300,"bu","09:20:13",96500
56.3,-0.5,100,"bu","09:20:10",96200
56.3,-0.5,500,"bu","09:20:09",96100
56.3,-0.5,700,"sd","09:20:02",95600
56.3,-0.5,2000,"sd","09:20:00",94900
56.3,-0.5,500,"sd","09:19:58",92900
56.3,-0.5,3000,"sd","09:19:49",92400
56.3,-0.5,100,"sd","09:19:32",89400
56.3,-0.5,100,"sd","09:19:22",89300
56.3,-0.5,7500,"sd","09:19:18",89200
56.4,-0.4,200,"bu","09:19:17",81700
56.3,-0.5,3000,"sd","09:19:15",81500
56.4,-0.4,1000,"bu","09:19:09",78500
56.4,-0.4,100,"sd","09:19:00",77500
56.4,-0.4,10500,"sd","09:18:59",77400
56.4,-0.4,700,"sd","09:18:52",66900
56.5,-0.3,100,"bu","09:18:51",66200
56.4,-0.4,100,"sd","09:18:51",66100
56.5,-0.3,100,"bu","09:18:48",66000
56.4,-0.4,200,"sd","09:18:32",65900
56.5,-0.3,100,"bu","09:18:16",65700
56.4,-0.4,100,"sd","09:18:12",65600
56.4,-0.4,1000,"sd","09:18:01",65500
56.4,-0.4,10000,"sd","09:17:42",64500
56.5,-0.3,2800,"sd","09:17:41",54500
56.5,-0.3,1900,"bu","09:17:21",51700
56.5,-0.3,400,"bu","09:17:17",49800
56.5,-0.3,300,"bu","09:17:11",49400
56.5,-0.3,300,"bu","09:17:05",49100
56.5,-0.3,300,"sd","09:16:56",48800
56.5,-0.3,500,"sd","09:16:47",48500
56.5,-0.3,300,"bu","09:16:46",48000
56.5,-0.3,500,"bu","09:16:43",47700
56.5,-0.3,200,"bu","09:16:42",47200
56.4,-0.4,500,"sd","09:16:42",47000
56.4,-0.4,1000,"sd","09:16:38",46500
56.4,-0.4,3000,"sd","09:16:30",45500
56.4,-0.4,1000,"sd","09:16:12",42500
56.5,-0.3,2700,"bu","09:16:07",41500
56.5,-0.3,300,"bu","09:16:07",38800
56.3,-0.5,1600,"sd","09:15:42",38500
56.4,-0.4,1000,"sd","09:15:42",36900
56.3,-0.5,2000,"sd","09:15:40",35900
56.3,-0.5,2500,"sd","09:15:28",33900
56.4,-0.4,2000,"sd","09:15:28",31400
56.4,-0.4,500,"sd","09:15:28",29400
56.5,-0.3,500,"bu","09:15:18",28900
56.4,-0.4,1000,"sd","09:15:12",28400
56.5,-0.3,100,"bu","09:15:11",27400
56.4,-0.4,27300,"","09:15:01",27300
58.2,0.6,100,"sd","11:17:13",499400
58.2,0.6,100,"sd","11:17:04",499300
58.2,0.6,100,"sd","11:16:56",499200
58.2,0.6,100,"sd","11:16:47",499100
58.2,0.6,100,"sd","11:16:40",499000
58.2,0.6,100,"sd","11:16:20",498900
58.2,0.6,100,"sd","11:16:11",498800
58.2,0.6,100,"sd","11:16:02",498700
58.2,0.6,100,"sd","11:15:53",498600
58.2,0.6,100,"sd","11:15:44",498500
58.2,0.6,100,"sd","11:15:35",498400
58.3,0.7,300,"sd","11:15:32",498300
58.3,0.7,100,"sd","11:15:26",498000
58.3,0.7,100,"sd","11:15:19",497900
58.3,0.7,100,"sd","11:15:17",497800
58.3,0.7,100,"sd","11:15:00",497700
58.3,0.7,100,"sd","11:14:50",497600
58.3,0.7,100,"sd","11:14:41",497500
58.3,0.7,2100,"bu","11:14:23",497400
58.2,0.6,100,"sd","11:14:21",495300
58.2,0.6,100,"sd","11:14:12",495200
58.3,0.7,1000,"bu","11:14:06",495100
58.3,0.7,1100,"sd","11:14:03",494100
58.3,0.7,1000,"sd","11:13:57",493000
58.3,0.7,100,"sd","11:13:55",492000
58.3,0.7,100,"sd","11:13:45",491900
58.3,0.7,100,"sd","11:13:37",491800
58.3,0.7,1000,"sd","11:13:31",491700
58.3,0.7,100,"sd","11:13:27",490700
58.3,0.7,100,"sd","11:13:10",490600
58.3,0.7,3000,"sd","11:13:03",490500
58.3,0.7,100,"sd","11:13:01",487500
58.3,0.7,1000,"sd","11:12:57",487400
58.3,0.7,100,"sd","11:12:52",486400
58.3,0.7,100,"sd","11:12:43",486300
58.3,0.7,100,"sd","11:12:35",486200
58.3,0.7,100,"sd","11:12:26",486100
58.3,0.7,100,"sd","11:12:17",486000
58.3,0.7,100,"sd","11:12:07",485900
58.3,0.7,100,"sd","11:11:50",485800
58.3,0.7,100,"sd","11:11:41",485700
58.3,0.7,100,"sd","11:11:33",485600
58.3,0.7,100,"sd","11:11:23",485500
58.3,0.7,600,"sd","11:11:20",485400
58.3,0.7,100,"sd","11:11:13",484800
58.3,0.7,100,"sd","11:11:06",484700
58.3,0.7,100,"sd","11:10:56",484600
58.3,0.7,100,"sd","11:10:47",484500
58.3,0.7,100,"sd","11:10:43",484400
58.3,0.7,500,"sd","11:10:36",484300
58.3,0.7,1000,"sd","11:10:31",483800
58.3,0.7,100,"sd","11:10:30",482800
58.3,0.7,1100,"sd","11:10:21",482700
58.3,0.7,100,"sd","11:10:12",481600
58.3,0.7,1000,"sd","11:10:06",481500
58.3,0.7,100,"sd","11:10:03",480500
58.3,0.7,100,"sd","11:09:42",480400
58.3,0.7,100,"bu","11:09:41",480300
58.3,0.7,5000,"bu","11:09:37",480200
58.2,0.6,100,"sd","11:09:33",475200
58.2,0.6,100,"sd","11:09:24",475100
58.2,0.6,100,"sd","11:09:15",475000
58.2,0.6,100,"sd","11:09:06",474900
58.2,0.6,100,"sd","11:08:50",474800
58.3,0.7,100,"bu","11:08:48",474700
58.2,0.6,100,"sd","11:08:40",474600
58.2,0.6,100,"sd","11:08:32",474500
58.2,0.6,100,"sd","11:08:23",474400
58.2,0.6,100,"sd","11:08:14",474300
58.2,0.6,100,"sd","11:08:04",474200
58.2,0.6,300,"sd","11:08:02",474100
58.2,0.6,200,"sd","11:07:57",473800
58.2,0.6,100,"sd","11:07:56",473600
58.2,0.6,100,"sd","11:07:46",473500
58.2,0.6,100,"sd","11:07:30",473400
58.2,0.6,100,"sd","11:07:21",473300
58.2,0.6,100,"sd","11:07:11",473200
58.2,0.6,500,"sd","11:07:09",473100
58.2,0.6,100,"sd","11:07:03",472600
58.2,0.6,100,"sd","11:06:54",472500
58.2,0.6,500,"sd","11:06:47",472400
58.2,0.6,100,"sd","11:06:45",471900
58.2,0.6,100,"sd","11:06:36",471800
58.2,0.6,100,"sd","11:06:27",471700
58.3,0.7,100,"sd","11:06:11",471600
58.3,0.7,100,"sd","11:06:01",471500
58.3,0.7,1500,"sd","11:06:00",471400
58.3,0.7,100,"sd","11:05:52",469900
58.3,0.7,100,"sd","11:05:43",469800
58.3,0.7,3100,"bu","11:05:26",469700
58.2,0.6,100,"sd","11:05:23",466600
58.2,0.6,100,"sd","11:05:15",466500
58.2,0.6,100,"sd","11:05:05",466400
58.2,0.6,100,"sd","11:04:56",466300
58.2,0.6,100,"sd","11:04:40",466200
58.2,0.6,100,"sd","11:04:32",466100
58.2,0.6,100,"sd","11:04:21",466000
58.2,0.6,100,"sd","11:04:13",465900
58.2,0.6,100,"sd","11:04:04",465800
58.3,0.7,100,"sd","11:03:55",465700
58.3,0.7,100,"sd","11:03:46",465600
58.3,0.7,100,"sd","11:03:37",465500
58.3,0.7,1400,"sd","11:03:35",465400
58.3,0.7,1000,"sd","11:03:34",464000
58.3,0.7,100,"sd","11:03:21",463000
58.3,0.7,100,"sd","11:03:11",462900
58.3,0.7,100,"sd","11:02:55",462800
58.2,0.6,100,"sd","11:02:39",462700
58.3,0.7,100,"bu","11:02:28",462600
58.2,0.6,100,"sd","11:02:23",462500
58.4,0.8,3000,"bu","11:02:21",462400
58.3,0.7,900,"sd","11:02:16",459400
58.3,0.7,100,"sd","11:02:06",458500
58.3,0.7,100,"sd","11:01:50",458400
58.3,0.7,100,"sd","11:01:33",458300
58.3,0.7,100,"sd","11:01:17",458200
58.4,0.8,2000,"bu","11:01:10",458100
58.3,0.7,100,"sd","11:01:01",456100
58.3,0.7,100,"sd","11:00:45",456000
58.3,0.7,100,"sd","11:00:28",455900
58.3,0.7,300,"sd","11:00:18",455800
58.3,0.7,5100,"sd","11:00:12",455500
58.3,0.7,100,"sd","10:59:55",450400
58.3,0.7,100,"sd","10:59:38",450300
58.3,0.7,100,"sd","10:59:22",450200
58.3,0.7,100,"sd","10:59:07",450100
58.3,0.7,100,"sd","10:58:50",450000
58.3,0.7,100,"sd","10:58:34",449900
58.3,0.7,100,"sd","10:58:34",449800
58.2,0.6,100,"sd","10:58:17",449700
58.3,0.7,6400,"bu","10:57:52",449600
58.2,0.6,100,"sd","10:57:44",443200
58.2,0.6,100,"sd","10:57:28",443100
58.2,0.6,100,"sd","10:57:12",443000
58.2,0.6,100,"sd","10:56:55",442900
58.2,0.6,100,"sd","10:56:39",442800
58.2,0.6,100,"sd","10:56:22",442700
58.2,0.6,100,"sd","10:56:06",442600
58.3,0.7,1200,"sd","10:56:02",442500
58.3,0.7,100,"sd","10:55:58",441300
58.3,0.7,1700,"bu","10:55:40",441200
58.3,0.7,100,"bu","10:55:37",439500
58.2,0.6,100,"sd","10:55:33",439400
58.2,0.6,100,"sd","10:55:17",439300
58.3,0.7,300,"sd","10:55:08",439200
58.3,0.7,1000,"sd","10:55:03",438900
58.3,0.7,100,"sd","10:55:01",437900
58.3,0.7,100,"sd","10:54:45",437800
58.3,0.7,100,"sd","10:54:28",437700
58.4,0.8,100,"bu","10:54:23",437600
58.3,0.7,100,"sd","10:54:12",437500
58.3,0.7,100,"sd","10:53:55",437400
58.3,0.7,100,"sd","10:53:39",437300
58.3,0.7,500,"sd","10:53:38",437200
58.3,0.7,100,"sd","10:53:22",436700
58.3,0.7,1000,"sd","10:53:11",436600
58.3,0.7,100,"sd","10:53:06",435600
58.3,0.7,100,"sd","10:52:50",435500
58.3,0.7,100,"sd","10:52:43",435400
58.3,0.7,100,"sd","10:52:33",435300
58.3,0.7,200,"sd","10:52:26",435200
58.3,0.7,100,"sd","10:52:17",435000
58.3,0.7,100,"sd","10:52:01",434900
58.3,0.7,200,"sd","10:51:48",434800
58.3,0.7,100,"sd","10:51:45",434600
58.3,0.7,100,"sd","10:51:29",434500
58.3,0.7,100,"sd","10:51:12",434400
58.3,0.7,100,"sd","10:50:55",434300
58.3,0.7,100,"sd","10:50:40",434200
58.3,0.7,100,"sd","10:50:24",434100
58.3,0.7,100,"sd","10:50:07",434000
58.3,0.7,100,"sd","10:49:51",433900
58.3,0.7,300,"sd","10:49:49",433800
58.3,0.7,100,"sd","10:49:35",433500
58.3,0.7,2400,"bu","10:49:04",433400
58.2,0.6,100,"sd","10:49:02",431000
58.2,0.6,100,"sd","10:48:46",430900
58.2,0.6,100,"sd","10:48:29",430800
58.2,0.6,100,"sd","10:48:13",430700
58.2,0.6,100,"sd","10:48:01",430600
58.2,0.6,100,"sd","10:47:56",430500
58.2,0.6,100,"sd","10:47:40",430400
58.2,0.6,100,"sd","10:47:24",430300
58.2,0.6,100,"sd","10:47:09",430200
58.2,0.6,100,"sd","10:46:52",430100
58.2,0.6,100,"sd","10:46:35",430000
58.2,0.6,100,"sd","10:46:19",429900
58.2,0.6,100,"sd","10:46:03",429800
58.2,0.6,100,"sd","10:45:47",429700
58.2,0.6,100,"sd","10:45:30",429600
58.3,0.7,500,"sd","10:45:27",429500
58.3,0.7,200,"sd","10:45:16",429000
58.3,0.7,100,"sd","10:45:14",428800
58.3,0.7,100,"sd","10:45:03",428700
58.3,0.7,100,"sd","10:44:58",428600
58.3,0.7,100,"sd","10:44:42",428500
58.3,0.7,1000,"sd","10:44:38",428400
58.3,0.7,3000,"sd","10:44:35",427400
58.3,0.7,100,"sd","10:44:25",424400
58.3,0.7,5000,"sd","10:44:18",424300
58.3,0.7,100,"sd","10:44:09",419300
58.3,0.7,500,"sd","10:43:59",419200
58.3,0.7,100,"sd","10:43:54",418700
58.3,0.7,100,"sd","10:43:36",418600
58.4,0.8,100,"bu","10:43:28",418500
58.3,0.7,100,"sd","10:43:20",418400
58.3,0.7,5100,"sd","10:43:15",418300
58.3,0.7,6000,"sd","10:43:13",413200
58.3,0.7,100,"sd","10:43:04",407200
58.3,0.7,100,"sd","10:42:47",407100
58.3,0.7,100,"sd","10:42:40",407000
58.3,0.7,100,"sd","10:42:35",406900
58.3,0.7,100,"sd","10:42:32",406800
58.3,0.7,100,"sd","10:42:15",406700
58.3,0.7,100,"sd","10:41:59",406600
58.3,0.7,100,"sd","10:41:43",406500
58.4,0.8,300,"bu","10:41:26",406400
58.4,0.8,300,"bu","10:41:22",406100
58.3,0.7,100,"sd","10:41:11",405800
58.3,0.7,100,"sd","10:40:54",405700
58.3,0.7,100,"sd","10:40:38",405600
58.4,0.8,500,"bu","10:40:27",405500
58.3,0.7,100,"sd","10:40:22",405000
58.3,0.7,100,"sd","10:40:06",404900
58.3,0.7,100,"sd","10:39:50",404800
58.3,0.7,100,"sd","10:39:34",404700
58.3,0.7,100,"sd","10:39:17",404600
58.3,0.7,100,"sd","10:39:01",404500
58.4,0.8,7800,"bu","10:38:40",404400
58.3,0.7,100,"sd","10:38:29",396600
58.2,0.6,100,"sd","10:38:12",396500
58.3,0.7,1000,"bu","10:37:40",396400
58.2,0.6,100,"sd","10:37:40",395400
58.3,0.7,600,"bu","10:37:26",395300
58.2,0.6,100,"sd","10:37:24",394700
58.2,0.6,100,"sd","10:37:07",394600
58.3,0.7,2600,"bu","10:37:04",394500
58.2,0.6,100,"sd","10:36:51",391900
58.2,0.6,100,"sd","10:36:36",391800
58.2,0.6,100,"sd","10:36:35",391700
58.2,0.6,100,"sd","10:36:20",391600
58.2,0.6,100,"sd","10:36:03",391500
58.3,0.7,20000,"bu","10:36:00",391400
58.2,0.6,100,"sd","10:35:48",371400
58.3,0.7,100,"bu","10:35:47",371300
58.2,0.6,100,"sd","10:35:30",371200
58.2,0.6,100,"sd","10:35:28",371100
58.2,0.6,300,"sd","10:35:26",371000
58.2,0.6,100,"sd","10:35:15",370700
58.2,0.6,100,"sd","10:34:58",370600
58.2,0.6,100,"sd","10:34:42",370500
58.2,0.6,100,"sd","10:34:26",370400
58.2,0.6,100,"sd","10:34:09",370300
58.2,0.6,400,"sd","10:33:55",370200
58.2,0.6,100,"sd","10:33:53",369800
58.3,0.7,100,"bu","10:33:38",369700
58.2,0.6,200,"sd","10:33:38",369600
58.3,0.7,600,"sd","10:33:19",369400
58.3,0.7,100,"sd","10:33:04",368800
58.3,0.7,900,"bu","10:32:36",368700
58.2,0.6,100,"sd","10:32:32",367800
58.2,0.6,100,"sd","10:32:16",367700
58.3,0.7,29200,"sd","10:32:06",367600
58.3,0.7,100,"sd","10:32:01",338400
58.3,0.7,100,"sd","10:31:44",338300
58.3,0.7,100,"sd","10:31:29",338200
58.3,0.7,100,"sd","10:31:11",338100
58.3,0.7,300,"sd","10:30:59",338000
58.3,0.7,100,"sd","10:30:56",337700
58.3,0.7,100,"sd","10:30:40",337600
58.3,0.7,100,"sd","10:30:23",337500
58.4,0.8,1000,"bu","10:30:13",337400
58.4,0.8,200,"bu","10:30:11",336400
58.3,0.7,100,"sd","10:30:08",336200
58.4,0.8,1000,"bu","10:30:05",336100
58.3,0.7,100,"sd","10:29:51",335100
58.3,0.7,2000,"sd","10:29:40",335000
58.3,0.7,100,"sd","10:29:35",333000
58.3,0.7,300,"sd","10:29:25",332900
58.4,0.8,1000,"bu","10:29:22",332600
58.3,0.7,100,"sd","10:29:19",331600
58.3,0.7,100,"sd","10:29:02",331500
58.2,0.6,100,"sd","10:28:47",331400
58.5,0.9,13900,"bu","10:28:19",331300
58.4,0.8,12100,"bu","10:28:19",317400
58.3,0.7,4000,"bu","10:28:19",305300
58.2,0.6,100,"sd","10:28:14",301300
58.2,0.6,100,"sd","10:27:58",301200
58.3,0.7,200,"bu","10:27:48",301100
58.2,0.6,100,"sd","10:27:42",300900
58.2,0.6,100,"sd","10:27:26",300800
58.3,0.7,900,"bu","10:27:26",300700
58.2,0.6,3100,"bu","10:27:03",299800
58.1,0.5,100,"sd","10:26:54",296700
58.1,0.5,100,"sd","10:26:38",296600
58.2,0.6,800,"sd","10:26:26",296500
58.2,0.6,100,"sd","10:26:21",295700
58.2,0.6,100,"sd","10:26:06",295600
58.2,0.6,100,"sd","10:25:50",295500
58.1,0.5,100,"sd","10:25:34",295400
58.3,0.7,500,"bu","10:25:25",295300
58.2,0.6,100,"sd","10:25:20",294800
58.1,0.5,100,"sd","10:25:01",294700
58.3,0.7,1500,"bu","10:24:57",294600
58.1,0.5,100,"sd","10:24:45",293100
58.1,0.5,100,"sd","10:24:29",293000
58.1,0.5,100,"sd","10:24:13",292900
58.3,0.7,1300,"sd","10:24:04",292800
58.3,0.7,1700,"bu","10:23:52",291500
58.3,0.7,700,"bu","10:23:45",289800
58.1,0.5,100,"sd","10:23:41",289100
58.1,0.5,100,"sd","10:23:24",289000
58.1,0.5,100,"sd","10:23:08",288900
58.1,0.5,100,"sd","10:22:52",288800
58.3,0.7,1800,"bu","10:22:45",288700
58.1,0.5,500,"sd","10:22:43",286900
58.1,0.5,100,"sd","10:22:36",286400
58.1,0.5,100,"sd","10:22:20",286300
58.3,0.7,2500,"bu","10:22:20",286200
58.1,0.5,100,"sd","10:22:04",283700
58.1,0.5,100,"sd","10:21:49",283600
58.1,0.5,100,"sd","10:21:32",283500
58.1,0.5,100,"sd","10:21:16",283400
58.2,0.6,100,"sd","10:21:00",283300
58.2,0.6,100,"sd","10:20:55",283200
58.2,0.6,2000,"sd","10:20:50",283100
58.2,0.6,1100,"sd","10:20:43",281100
58.2,0.6,100,"sd","10:20:28",280000
58.2,0.6,200,"sd","10:20:16",279900
58.2,0.6,100,"sd","10:20:12",279700
58.2,0.6,100,"sd","10:19:55",279600
58.2,0.6,100,"sd","10:19:39",279500
58.3,0.7,5000,"bu","10:19:32",279400
58.2,0.6,100,"sd","10:19:23",274400
58.2,0.6,100,"sd","10:19:09",274300
58.2,0.6,100,"sd","10:19:07",274200
58.2,0.6,1200,"bu","10:18:44",274100
58.1,0.5,100,"sd","10:18:35",272900
58.1,0.5,100,"sd","10:18:19",272800
58.2,0.6,300,"bu","10:18:06",272700
58.1,0.5,100,"sd","10:18:03",272400
58.2,0.6,7800,"bu","10:17:41",272300
58.1,0.5,100,"sd","10:17:31",264500
58.1,0.5,600,"bu","10:17:10",264400
58,0.4,100,"sd","10:16:59",263800
58,0.4,100,"sd","10:16:42",263700
58,0.4,100,"sd","10:16:27",263600
58,0.4,100,"sd","10:16:10",263500
58,0.4,100,"sd","10:15:55",263400
58,0.4,100,"sd","10:15:39",263300
58,0.4,100,"sd","10:15:23",263200
58,0.4,100,"sd","10:15:06",263100
58,0.4,100,"sd","10:14:51",263000
58.1,0.5,600,"sd","10:14:37",262900
58.1,0.5,100,"sd","10:14:34",262300
58.1,0.5,100,"sd","10:14:18",262200
58.1,0.5,1000,"sd","10:14:12",262100
58.1,0.5,100,"sd","10:14:02",261100
58.1,0.5,100,"sd","10:13:46",261000
58.1,0.5,100,"sd","10:13:30",260900
58.1,0.5,200,"sd","10:13:15",260800
58.1,0.5,100,"sd","10:12:42",260600
58.1,0.5,3100,"bu","10:12:41",260500
58,0.4,100,"sd","10:12:26",257400
58,0.4,100,"sd","10:12:11",257300
58,0.4,100,"sd","10:11:54",257200
58.1,0.5,1000,"bu","10:11:48",257100
58.1,0.5,6000,"sd","10:11:39",256100
58.1,0.5,100,"sd","10:11:38",250100
58.1,0.5,100,"sd","10:11:22",250000
58.1,0.5,1800,"bu","10:10:50",249900
58,0.4,100,"sd","10:10:34",248100
58,0.4,100,"sd","10:10:18",248000
58.1,0.5,100,"bu","10:10:14",247900
58,0.4,100,"sd","10:10:02",247800
58,0.4,100,"sd","10:09:46",247700
58.1,0.5,200,"bu","10:09:44",247600
58,0.4,100,"sd","10:09:36",247400
58,0.4,100,"sd","10:09:31",247300
58,0.4,100,"sd","10:09:14",247200
58,0.4,100,"sd","10:08:59",247100
58,0.4,100,"sd","10:08:42",247000
58.1,0.5,100,"bu","10:08:38",246900
58,0.4,100,"sd","10:08:27",246800
58,0.4,100,"sd","10:08:11",246700
58,0.4,100,"sd","10:07:55",246600
58,0.4,2100,"sd","10:07:38",246500
58,0.4,100,"sd","10:07:22",244400
58,0.4,100,"sd","10:07:06",244300
58,0.4,100,"sd","10:06:51",244200
58,0.4,2000,"sd","10:06:35",244100
58,0.4,100,"sd","10:06:34",242100
58.1,0.5,4100,"sd","10:06:27",242000
58.1,0.5,100,"sd","10:06:20",237900
58.1,0.5,700,"sd","10:06:03",237800
58.1,0.5,100,"sd","10:06:02",237100
58.1,0.5,100,"sd","10:05:53",237000
58.1,0.5,100,"sd","10:05:47",236900
58.1,0.5,5000,"sd","10:05:33",236800
58.1,0.5,100,"sd","10:05:30",231800
58.1,0.5,1000,"sd","10:05:16",231700
58.1,0.5,100,"sd","10:05:15",230700
58.1,0.5,1200,"sd","10:05:09",230600
58.1,0.5,100,"sd","10:04:58",229400
58.1,0.5,100,"sd","10:04:43",229300
58.1,0.5,100,"sd","10:04:26",229200
58.1,0.5,100,"sd","10:04:20",229100
58.1,0.5,100,"sd","10:04:11",229000
58.1,0.5,100,"sd","10:03:54",228900
58.2,0.6,5200,"bu","10:03:51",228800
58.1,0.5,100,"sd","10:03:39",223600
58.1,0.5,100,"sd","10:03:22",223500
58.1,0.5,900,"sd","10:03:16",223400
58.1,0.5,100,"sd","10:03:07",222500
58.1,0.5,100,"sd","10:02:51",222400
58.1,0.5,100,"sd","10:02:35",222300
58.2,0.6,5000,"bu","10:02:27",222200
58.1,0.5,100,"sd","10:02:18",217200
58.1,0.5,300,"sd","10:02:12",217100
58.1,0.5,100,"sd","10:02:03",216800
58.1,0.5,100,"sd","10:01:46",216700
58.1,0.5,100,"sd","10:01:40",216600
58.1,0.5,1000,"sd","10:01:36",216500
58.1,0.5,100,"sd","10:01:31",215500
58.1,0.5,100,"sd","10:01:14",215400
58.1,0.5,100,"sd","10:00:59",215300
58.1,0.5,100,"sd","10:00:50",215200
58.1,0.5,100,"sd","10:00:43",215100
58.1,0.5,1000,"sd","10:00:34",215000
58.1,0.5,100,"sd","10:00:27",214000
58.1,0.5,100,"sd","10:00:11",213900
58.1,0.5,300,"sd","10:00:00",213800
58.1,0.5,100,"sd","09:59:56",213500
58.1,0.5,100,"sd","09:59:39",213400
58.1,0.5,100,"sd","09:59:24",213300
58.2,0.6,5000,"bu","09:59:15",213200
58.1,0.5,100,"sd","09:59:07",208200
58.1,0.5,100,"sd","09:58:53",208100
58.1,0.5,100,"sd","09:58:35",208000
58.1,0.5,100,"sd","09:58:21",207900
58.1,0.5,100,"sd","09:58:04",207800
58.1,0.5,100,"sd","09:58:03",207700
58.1,0.5,100,"sd","09:57:48",207600
58.1,0.5,200,"sd","09:57:41",207500
58.1,0.5,100,"sd","09:57:32",207300
58.1,0.5,500,"sd","09:57:26",207200
58.1,0.5,100,"sd","09:57:17",206700
58.1,0.5,100,"sd","09:57:01",206600
58.1,0.5,100,"sd","09:56:46",206500
58.2,0.6,200,"bu","09:56:39",206400
58.2,0.6,10500,"sd","09:56:33",206200
58.2,0.6,100,"sd","09:56:30",195700
58.2,0.6,100,"sd","09:56:14",195600
58.2,0.6,100,"sd","09:55:57",195500
58.2,0.6,100,"sd","09:55:42",195400
58.2,0.6,1000,"sd","09:55:39",195300
58.2,0.6,1000,"sd","09:55:37",194300
58.2,0.6,100,"sd","09:55:25",193300
58.2,0.6,100,"sd","09:55:10",193200
58.2,0.6,500,"sd","09:55:01",193100
58.2,0.6,100,"sd","09:54:54",192600
58.2,0.6,100,"sd","09:54:47",192500
58.2,0.6,100,"sd","09:54:38",192400
58.2,0.6,200,"sd","09:54:35",192300
58.2,0.6,200,"sd","09:54:33",192100
58.2,0.6,100,"sd","09:54:22",191900
58.2,0.6,200,"sd","09:54:19",191800
58.3,0.7,1000,"bu","09:54:18",191600
58.2,0.6,100,"sd","09:54:06",190600
58.2,0.6,100,"sd","09:53:56",190500
58.2,0.6,100,"sd","09:53:49",190400
58.2,0.6,100,"sd","09:53:41",190300
58.2,0.6,500,"sd","09:53:36",190200
58.2,0.6,100,"sd","09:53:35",189700
58.2,0.6,100,"sd","09:53:18",189600
58.2,0.6,200,"sd","09:53:03",189500
58.3,0.7,2800,"sd","09:52:46",189300
58.3,0.7,1000,"sd","09:52:42",186500
58.3,0.7,2000,"sd","09:52:33",185500
58.4,0.8,100,"bu","09:52:31",183500
58.3,0.7,100,"sd","09:52:31",183400
58.3,0.7,500,"sd","09:52:27",183300
58.3,0.7,500,"sd","09:52:17",182800
58.3,0.7,100,"sd","09:52:15",182300
58.3,0.7,100,"sd","09:51:59",182200
58.3,0.7,100,"sd","09:51:42",182100
58.4,0.8,100,"sd","09:51:32",182000
58.4,0.8,500,"sd","09:51:31",181900
58.4,0.8,100,"sd","09:51:27",181400
58.4,0.8,300,"bu","09:51:16",181300
58.4,0.8,700,"sd","09:51:12",181000
58.4,0.8,100,"sd","09:51:11",180300
58.4,0.8,100,"sd","09:50:58",180200
58.5,0.9,300,"sd","09:50:48",180100
58.8,1.2,11800,"bu","09:50:39",179800
58.7,1.1,14300,"bu","09:50:39",168000
58.6,1,3900,"bu","09:50:39",153700
58.5,0.9,100,"sd","09:50:39",149800
58.5,0.9,100,"sd","09:50:34",149700
58.4,0.8,300,"bu","09:50:21",149600
58.6,1,6100,"bu","09:50:10",149300
58.4,0.8,10800,"bu","09:50:10",130100
58.3,0.7,3000,"sd","09:50:10",119300
58.3,0.7,100,"sd","09:50:04",116300
58.4,0.8,500,"bu","09:50:03",116200
58.3,0.7,200,"sd","09:49:53",115700
58.3,0.7,1400,"bu","09:49:52",115500
58.3,0.7,500,"sd","09:49:48",114100
58.3,0.7,100,"sd","09:49:44",113600
58.3,0.7,1900,"bu","09:49:32",113500
58.2,0.6,7200,"bu","09:49:06",111600
58.1,0.5,100,"sd","09:49:04",104400
58.1,0.5,3100,"bu","09:49:03",104300
58,0.4,9900,"bu","09:48:55",101200
58,0.4,5100,"bu","09:48:54",91300
57.9,0.3,100,"sd","09:48:50",86200
58,0.4,1000,"bu","09:48:46",86100
58,0.4,500,"bu","09:48:45",85100
58,0.4,600,"bu","09:48:42",84600
58,0.4,4000,"bu","09:48:38",84000
58,0.4,1000,"bu","09:48:37",80000
58,0.4,100,"bu","09:48:36",79000
58,0.4,100,"bu","09:48:32",78900
57.9,0.3,100,"sd","09:48:32",78800
58,0.4,200,"bu","09:48:08",78700
57.9,0.3,100,"sd","09:47:41",78500
57.9,0.3,200,"sd","09:47:30",78400
57.9,0.3,400,"bu","09:47:25",78200
57.9,0.3,2500,"bu","09:47:18",77800
57.9,0.3,200,"bu","09:47:00",75300
57.8,0.2,200,"bu","09:46:38",75100
57.8,0.2,500,"bu","09:46:25",74900
57.8,0.2,1000,"bu","09:46:17",74400
57.7,0.1,100,"sd","09:45:39",73400
57.7,0.1,700,"sd","09:43:20",73300
57.7,0.1,500,"sd","09:42:59",72600
57.7,0.1,100,"sd","09:41:55",72100
57.7,0.1,3600,"bu","09:41:41",72000
57.7,0.1,600,"bu","09:41:27",68400
57.7,0.1,2500,"bu","09:41:11",67800
57.6,0,3700,"sd","09:40:11",65300
57.6,0,800,"sd","09:39:53",61600
57.6,0,5000,"sd","09:39:43",60800
57.6,0,12100,"bu","09:39:13",55800
57.6,0,400,"bu","09:38:49",43700
57.6,0,3500,"sd","09:36:55",43300
57.6,0,1000,"bu","09:35:13",39800
57.5,-0.1,3200,"sd","09:35:11",38800
57.5,-0.1,100,"sd","09:34:51",35600
57.5,-0.1,1900,"sd","09:32:49",35500
57.6,0,100,"sd","09:32:49",33600
57.6,0,500,"sd","09:32:25",33500
57.6,0,100,"sd","09:32:07",33000
57.6,0,4900,"sd","09:32:06",32900
57.7,0.1,600,"bu","09:30:07",28000
57.6,0,5000,"sd","09:29:49",27400
57.6,0,100,"sd","09:29:35",22400
57.7,0.1,2000,"bu","09:27:32",22300
57.7,0.1,500,"sd","09:26:43",20300
57.7,0.1,1000,"sd","09:26:09",19800
57.8,0.2,800,"sd","09:25:48",18800
57.8,0.2,100,"sd","09:25:10",18000
57.8,0.2,500,"sd","09:24:56",17900
57.8,0.2,100,"bu","09:24:45",17400
57.8,0.2,900,"sd","09:24:31",17300
57.8,0.2,1000,"sd","09:24:25",16400
57.8,0.2,600,"bu","09:23:41",15400
57.8,0.2,3000,"bu","09:23:06",14800
57.6,0,400,"sd","09:23:05",11800
57.6,0,100,"sd","09:22:46",11400
57.6,0,800,"sd","09:22:45",11300
57.6,0,500,"sd","09:22:41",10500
57.6,0,400,"sd","09:22:18",10000
57.6,0,400,"sd","09:21:45",9600
57.6,0,100,"sd","09:21:39",9200
57.6,0,400,"sd","09:21:27",9100
57.8,0.2,300,"bu","09:20:25",8700
57.8,0.2,400,"sd","09:18:00",8400
57.8,0.2,500,"sd","09:17:59",8000
57.8,0.2,1000,"sd","09:17:53",7500
57.9,0.3,1500,"bu","09:17:25",6500
57.8,0.2,100,"sd","09:17:05",5000
57.9,0.3,2000,"bu","09:16:08",4900
57.9,0.3,2900,"","09:15:01",2900
64.4,-0.5,100,"sd","13:00:51",643900
64.4,-0.5,200,"sd","13:00:46",643800
64.4,-0.5,100,"sd","13:00:46",643600
64.4,-0.5,100,"sd","13:00:46",643500
64.4,-0.5,200,"sd","13:00:46",643400
64.4,-0.5,100,"sd","13:00:46",643200
64.4,-0.5,100,"sd","13:00:46",643100
64.4,-0.5,100,"sd","13:00:46",643000
64.4,-0.5,100,"sd","13:00:46",642900
64.4,-0.5,1000,"sd","13:00:46",642800
64.4,-0.5,1000,"sd","13:00:46",641800
64.4,-0.5,100,"sd","13:00:46",640800
64.4,-0.5,1000,"sd","13:00:46",640700
64.4,-0.5,100,"sd","13:00:46",639700
64.4,-0.5,100,"sd","13:00:46",639600
64.4,-0.5,200,"sd","13:00:46",639500
64.4,-0.5,1000,"sd","13:00:46",639300
64.4,-0.5,600,"sd","13:00:46",638300
64.4,-0.5,200,"sd","13:00:46",637700
64.4,-0.5,500,"sd","13:00:46",637500
64.4,-0.5,500,"sd","13:00:46",622500
64.6,-0.3,1000,"bu","13:00:39",622000
64.5,-0.4,100,"sd","13:00:33",621000
64.6,-0.3,100,"bu","13:00:30",620900
64.5,-0.4,100,"sd","13:00:27",620800
64.5,-0.4,252900,"sd","13:00:03",620700
64.6,-0.3,2000,"bu","11:29:39",367800
64.6,-0.3,500,"bu","11:29:33",365800
64.4,-0.5,400,"sd","11:28:26",365300
64.4,-0.5,100,"sd","11:28:26",364900
64.4,-0.5,100,"sd","11:28:26",364800
64.4,-0.5,400,"sd","11:28:26",364700
64.4,-0.5,2000,"sd","11:28:21",364300
64.4,-0.5,300,"sd","11:27:59",362300
64.5,-0.4,100,"bu","11:27:45",362000
64.5,-0.4,100,"bu","11:27:41",361900
64.5,-0.4,500,"sd","11:27:39",361800
64.5,-0.4,100,"sd","11:27:39",361300
64.5,-0.4,100,"sd","11:27:39",361200
64.5,-0.4,100,"sd","11:27:39",361100
64.5,-0.4,200,"sd","13:00:29",630100
64.5,-0.4,100,"sd","13:00:29",629900
64.5,-0.4,200,"sd","13:00:29",629800
64.5,-0.4,500,"sd","13:00:27",629600
64.5,-0.4,200,"sd","13:00:27",629100
64.5,-0.4,1000,"sd","13:00:27",628900
64.5,-0.4,600,"sd","13:00:27",627900
64.5,-0.4,1800,"sd","13:00:27",627300
64.5,-0.4,100,"sd","13:00:27",625500
64.5,-0.4,100,"sd","13:00:27",625400
64.5,-0.4,1000,"sd","13:00:26",625300
64.5,-0.4,600,"sd","13:00:24",624300
64.5,-0.4,1500,"sd","13:00:22",623700
64.6,-0.3,100,"bu","13:00:15",622200
64.6,-0.3,1000,"bu","13:00:12",622100
64.6,-0.3,100,"bu","13:00:04",621100
64.5,-0.4,100,"sd","13:00:01",621000
64.5,-0.4,100,"sd","13:00:00",620900
64.6,-0.3,253000,"bu","13:00:00",620800
64.6,-0.3,2000,"bu","11:29:39",367800
64.4,-0.5,300,"sd","11:26:05",346200
64.5,-0.4,1000,"bu","11:25:58",345900
64.4,-0.5,300,"sd","11:25:42",344900
64.5,-0.4,3000,"bu","11:25:37",344600
64.4,-0.5,300,"sd","11:25:19",341600
64.4,-0.5,300,"sd","11:24:57",341300
64.5,-0.4,200,"bu","11:24:47",341000
64.5,-0.4,100,"bu","11:24:41",340800
64.4,-0.5,300,"sd","11:24:33",340700
64.4,-0.5,200,"sd","11:24:10",340400
64.4,-0.5,100,"sd","11:24:10",340200
64.4,-0.5,300,"sd","11:23:47",340100
64.4,-0.5,300,"sd","11:23:25",339800
64.5,-0.4,100,"bu","11:23:17",339500
64.5,-0.4,100,"bu","11:23:12",339400
64.5,-0.4,200,"bu","11:23:07",339300
64.4,-0.5,300,"sd","11:23:02",339100
64.5,-0.4,1000,"bu","11:22:40",338800
64.4,-0.5,300,"sd","11:22:39",337800
64.4,-0.5,200,"sd","11:22:16",337500
64.4,-0.5,100,"sd","11:22:16",337300
64.5,-0.4,100,"bu","11:21:57",337200
64.4,-0.5,300,"sd","11:21:53",337100
64.5,-0.4,5000,"bu","11:21:33",336800
64.4,-0.5,300,"sd","11:21:30",331800
64.4,-0.5,300,"sd","11:21:07",331500
64.5,-0.4,300,"bu","11:20:58",331200
64.5,-0.4,100,"bu","11:20:50",330900
64.4,-0.5,300,"sd","11:20:44",330800
64.5,-0.4,100,"sd","11:20:30",330500
64.5,-0.4,100,"sd","11:20:30",330400
64.4,-0.5,100,"sd","11:20:22",330300
64.4,-0.5,200,"sd","11:20:22",330200
64.5,-0.4,100,"bu","11:20:17",330000
64.5,-0.4,300,"bu","11:20:16",329900
64.5,-0.4,1000,"bu","11:20:09",329600
64.5,-0.4,300,"bu","11:20:08",328600
64.4,-0.5,300,"sd","11:19:59",328300
64.5,-0.4,100,"bu","11:19:56",328000
64.5,-0.4,100,"bu","11:19:42",327900
64.4,-0.5,100,"sd","11:19:36",327800
64.4,-0.5,100,"sd","11:19:36",327700
64.4,-0.5,100,"sd","11:19:36",327600
64.5,-0.4,300,"sd","11:15:24",327500
64.5,-0.4,100,"sd","11:15:01",327200
64.5,-0.4,200,"sd","11:15:01",327100
64.6,-0.3,600,"bu","11:14:57",326900
64.5,-0.4,300,"sd","11:14:39",326300
64.5,-0.4,300,"sd","11:14:16",326000
64.5,-0.4,200,"sd","11:14:12",325700
64.5,-0.4,1000,"bu","11:13:59",325500
64.5,-0.4,200,"bu","11:13:59",324500
64.5,-0.4,1400,"bu","11:13:59",324300
64.5,-0.4,400,"bu","11:13:59",322900
64.4,-0.5,300,"sd","11:13:53",322500
64.5,-0.4,300,"bu","11:13:46",322200
64.5,-0.4,4000,"bu","11:13:33",321900
64.4,-0.5,300,"sd","11:13:30",317900
64.5,-0.4,1000,"bu","11:13:11",317600
64.4,-0.5,300,"sd","11:13:07",316600
64.4,-0.5,100,"sd","11:13:04",316300
64.4,-0.5,100,"sd","11:13:04",316200
64.4,-0.5,500,"sd","11:13:04",316100
64.4,-0.5,1000,"sd","11:13:04",315600
64.4,-0.5,100,"sd","11:13:04",314600
64.4,-0.5,100,"sd","11:13:04",314500
64.4,-0.5,100,"sd","11:13:04",314400
64.4,-0.5,100,"sd","11:13:04",314300
64.4,-0.5,100,"sd","11:13:04",314200
64.4,-0.5,100,"sd","11:13:04",314100
64.4,-0.5,100,"sd","11:13:04",314000
64.4,-0.5,100,"sd","11:13:04",313900
64.5,-0.4,1000,"bu","11:13:02",313800
64.4,-0.5,100,"sd","11:12:44",312800
64.4,-0.5,100,"sd","11:12:44",312700
64.4,-0.5,100,"sd","11:12:44",312600
64.4,-0.5,300,"sd","11:12:22",312500
64.5,-0.4,100,"sd","11:12:14",312200
64.5,-0.4,100,"sd","11:12:14",312100
64.5,-0.4,200,"sd","11:12:14",312000
64.5,-0.4,100,"sd","11:12:14",311800
64.5,-0.4,3500,"sd","11:12:14",311700
64.5,-0.4,1000,"sd","11:12:14",308200
64.5,-0.4,100,"sd","11:12:14",307200
64.5,-0.4,100,"sd","11:12:14",307100
64.5,-0.4,200,"sd","11:12:14",307000
64.5,-0.4,1800,"sd","11:12:14",306800
64.5,-0.4,500,"sd","11:12:14",305000
64.5,-0.4,100,"sd","11:12:14",304500
64.5,-0.4,500,"sd","11:12:14",304400
64.5,-0.4,100,"sd","11:12:14",303900
64.5,-0.4,700,"sd","11:12:14",303800
64.5,-0.4,100,"sd","11:12:14",303100
64.5,-0.4,200,"sd","11:12:14",303000
64.5,-0.4,100,"sd","11:12:14",302800
64.5,-0.4,1000,"sd","11:12:14",302700
64.5,-0.4,600,"sd","11:12:14",301700
64.5,-0.4,300,"sd","11:12:14",301100
64.5,-0.4,100,"sd","11:12:14",300800
64.5,-0.4,100,"sd","11:12:14",300700
64.5,-0.4,500,"sd","11:12:14",300600
64.5,-0.4,100,"sd","11:12:14",300100
64.5,-0.4,100,"sd","11:12:14",300000
64.5,-0.4,15700,"sd","11:12:14",299900
64.5,-0.4,200,"sd","11:12:14",284200
64.5,-0.4,5000,"sd","11:12:14",284000
64.5,-0.4,100,"sd","11:12:14",279000
64.5,-0.4,100,"sd","11:12:11",278900
64.5,-0.4,300,"sd","11:11:58",278800
64.5,-0.4,300,"sd","11:11:36",278500
64.6,-0.3,500,"bu","11:11:36",278200
64.6,-0.3,400,"bu","11:11:14",277700
64.5,-0.4,300,"sd","11:11:13",277300
64.5,-0.4,100,"sd","11:10:57",277000
64.6,-0.3,100,"bu","11:10:56",276900
64.5,-0.4,300,"sd","11:10:50",276800
64.5,-0.4,300,"sd","11:10:27",276500
64.5,-0.4,300,"sd","11:10:04",276200
64.5,-0.4,3300,"sd","11:10:01",275900
64.5,-0.4,300,"sd","11:09:41",272600
64.5,-0.4,300,"sd","11:09:18",272300
64.5,-0.4,300,"sd","11:08:56",272000
64.5,-0.4,1000,"sd","11:08:51",271700
64.5,-0.4,300,"sd","11:08:33",270700
64.5,-0.4,300,"sd","11:08:10",270400
64.5,-0.4,300,"sd","11:07:47",270100
64.5,-0.4,10000,"sd","11:07:41",269800
64.5,-0.4,300,"sd","11:07:24",259800
64.5,-0.4,200,"sd","11:07:10",259500
64.5,-0.4,300,"sd","11:07:01",259300
64.5,-0.4,2000,"sd","11:06:53",259000
64.6,-0.3,500,"bu","11:06:49",257000
64.5,-0.4,300,"sd","11:06:38",256500
64.5,-0.4,300,"sd","11:06:15",256200
64.6,-0.3,100,"bu","11:06:10",255900
64.5,-0.4,400,"sd","11:05:57",255800
64.5,-0.4,300,"sd","11:05:53",255400
64.5,-0.4,7000,"sd","11:05:33",255100
64.5,-0.4,300,"sd","11:05:30",248100
64.5,-0.4,300,"sd","11:05:08",247800
64.5,-0.4,100,"sd","11:12:11",278900
64.5,-0.4,300,"sd","11:11:58",278800
64.5,-0.4,300,"sd","11:11:36",278500
64.6,-0.3,500,"bu","11:11:36",278200
64.6,-0.3,400,"bu","11:11:14",277700
64.5,-0.4,300,"sd","11:11:13",277300
64.5,-0.4,100,"sd","11:10:57",277000
64.6,-0.3,100,"bu","11:10:56",276900
64.5,-0.4,300,"sd","11:10:50",276800
64.5,-0.4,300,"sd","11:10:27",276500
64.5,-0.4,300,"sd","11:10:04",276200
64.5,-0.4,3300,"sd","11:10:01",275900
64.5,-0.4,300,"sd","11:09:41",272600
64.5,-0.4,300,"sd","11:09:18",272300
64.5,-0.4,300,"sd","11:08:56",272000
64.5,-0.4,1000,"sd","11:08:51",271700
64.5,-0.4,300,"sd","11:08:33",270700
64.5,-0.4,300,"sd","11:08:10",270400
64.5,-0.4,300,"sd","11:07:47",270100
64.5,-0.4,10000,"sd","11:07:41",269800
64.6,-0.3,3100,"sd","11:01:41",230900
64.6,-0.3,300,"sd","11:01:41",227800
64.6,-0.3,300,"sd","11:01:18",227500
64.6,-0.3,1000,"bu","11:01:07",227200
64.6,-0.3,700,"bu","11:01:07",226200
64.6,-0.3,3400,"bu","11:01:07",225500
64.5,-0.4,1000,"sd","11:00:58",222100
64.5,-0.4,300,"sd","11:00:55",221100
64.5,-0.4,300,"sd","11:00:46",220800
64.5,-0.4,100,"sd","11:00:46",220500
64.5,-0.4,300,"sd","11:00:32",220400
64.6,-0.3,100,"bu","11:00:12",220100
64.5,-0.4,300,"sd","11:00:10",220000
64.6,-0.3,100,"sd","10:59:57",219700
64.6,-0.3,500,"sd","10:59:57",219600
64.6,-0.3,100,"sd","10:59:57",219100
64.6,-0.3,600,"sd","10:59:57",219000
64.6,-0.3,5000,"sd","10:59:57",218400
64.6,-0.3,200,"sd","10:59:57",213400
64.6,-0.3,500,"sd","10:59:54",213200
64.5,-0.4,200,"sd","11:03:35",245600
64.5,-0.4,100,"sd","11:03:35",245400
64.6,-0.3,100,"bu","11:03:16",245300
64.5,-0.4,300,"sd","11:03:12",245200
64.5,-0.4,300,"sd","11:02:50",244900
64.5,-0.4,300,"sd","11:02:27",244600
64.6,-0.3,100,"sd","11:02:07",244300
64.6,-0.3,500,"sd","11:02:07",244200
64.6,-0.3,5000,"sd","11:02:07",243700
64.6,-0.3,1500,"sd","11:02:07",238700
64.6,-0.3,100,"sd","11:02:07",237200
64.6,-0.3,5900,"sd","11:02:07",237100
64.6,-0.3,300,"sd","11:02:04",231200
64.6,-0.3,3100,"sd","11:01:41",230900
64.6,-0.3,300,"sd","11:01:41",227800
64.6,-0.3,300,"sd","11:01:18",227500
64.6,-0.3,1000,"bu","11:01:07",227200
64.6,-0.3,700,"bu","11:01:07",226200
64.6,-0.3,3400,"bu","11:01:07",225500
64.5,-0.4,1000,"sd","11:00:58",222100
64.5,-0.4,300,"sd","11:00:55",221100
64.5,-0.4,300,"sd","11:00:46",220800
64.5,-0.4,100,"sd","11:00:46",220500
64.5,-0.4,300,"sd","11:00:32",220400
64.6,-0.3,100,"bu","11:00:12",220100
64.5,-0.4,300,"sd","11:00:10",220000
64.6,-0.3,100,"sd","10:59:57",219700
64.6,-0.3,500,"sd","10:59:57",219600
64.6,-0.3,100,"sd","10:59:57",219100
64.6,-0.3,600,"sd","10:59:57",219000
64.6,-0.3,5000,"sd","10:59:57",218400
64.6,-0.3,200,"sd","10:59:57",213400
64.6,-0.3,500,"sd","10:59:54",213200
64.6,-0.3,300,"sd","10:59:48",212700
64.6,-0.3,200,"sd","10:59:27",212400
64.6,-0.3,300,"sd","10:59:24",212200
64.6,-0.3,900,"sd","10:59:09",211900
64.6,-0.3,1000,"sd","10:59:05",211000
64.6,-0.3,300,"sd","10:59:01",210000
64.6,-0.3,200,"bu","10:58:50",209700
64.6,-0.3,2000,"bu","10:58:50",209500
64.6,-0.3,500,"bu","10:58:50",207500
64.6,-0.3,1000,"bu","10:58:50",207000
64.6,-0.3,100,"bu","10:58:50",206000
64.6,-0.3,700,"bu","10:58:50",205900
64.6,-0.3,1000,"bu","10:58:50",205200
64.6,-0.3,400,"bu","10:58:50",204200
64.6,-0.3,400,"bu","10:58:50",203800
64.5,-0.4,300,"sd","10:58:38",203400
64.5,-0.4,300,"sd","10:58:30",203100
64.5,-0.4,300,"sd","10:58:15",202800
64.5,-0.4,300,"sd","10:57:52",202500
64.5,-0.4,300,"sd","10:57:29",202200
64.5,-0.4,300,"sd","10:57:21",201900
64.5,-0.4,9700,"sd","10:57:21",201600
64.5,-0.4,300,"sd","10:57:07",191900
64.5,-0.4,1000,"sd","10:56:51",191600
64.5,-0.4,100,"sd","10:56:44",190600
64.5,-0.4,200,"sd","10:56:44",190500
64.5,-0.4,200,"sd","10:56:21",190300
64.5,-0.4,100,"sd","10:56:21",190100
64.5,-0.4,400,"sd","10:56:19",190000
64.5,-0.4,300,"sd","10:55:58",189600
64.6,-0.3,100,"bu","10:55:54",189300
64.6,-0.3,100,"bu","10:55:46",189200
64.6,-0.3,100,"sd","10:25:51",189100
64.6,-0.3,200,"sd","10:25:51",189000
64.7,-0.2,100,"sd","10:25:40",188800
64.7,-0.2,100,"sd","10:25:40",188700
64.7,-0.2,100,"sd","10:25:40",188600
64.7,-0.2,100,"sd","10:25:28",188500
64.7,-0.2,200,"sd","10:25:28",188400
64.8,-0.1,100,"bu","10:25:24",188200
64.7,-0.2,800,"sd","10:25:21",188100
64.7,-0.2,100,"sd","10:25:21",187300
64.7,-0.2,100,"sd","10:25:21",187200
64.7,-0.2,500,"sd","10:25:21",187100
64.7,-0.2,200,"sd","10:25:21",186600
64.7,-0.2,300,"sd","10:25:21",186400
64.7,-0.2,100,"sd","10:25:09",186100
64.7,-0.2,300,"sd","10:25:06",186000
64.7,-0.2,300,"sd","10:24:43",185700
64.7,-0.2,200,"sd","10:24:21",185400
64.7,-0.2,200,"sd","10:24:20",185200
64.7,-0.2,100,"sd","10:24:20",185000
64.7,-0.2,400,"sd","10:24:12",184900
64.7,-0.2,100,"sd","10:24:01",184500
64.7,-0.2,200,"sd","10:23:57",184400
64.7,-0.2,100,"sd","10:23:57",184200
64.7,-0.2,200,"sd","10:23:42",184100
64.7,-0.2,300,"sd","10:23:34",183900
64.7,-0.2,300,"sd","10:23:11",183600
64.7,-0.2,1000,"sd","10:22:55",183300
64.7,-0.2,300,"sd","10:22:49",182300
64.7,-0.2,300,"sd","10:22:29",182000
64.7,-0.2,300,"sd","10:22:26",181700
64.7,-0.2,400,"sd","10:22:21",181400
64.7,-0.2,200,"sd","10:22:21",181000
64.7,-0.2,300,"sd","10:22:03",180800
64.7,-0.2,100,"sd","10:21:43",180500
64.7,-0.2,300,"sd","10:21:40",180400
64.7,-0.2,300,"sd","10:21:17",180100
64.7,-0.2,300,"sd","10:20:54",179800
64.7,-0.2,300,"sd","10:20:31",179500
64.8,-0.1,300,"bu","10:20:23",179200
64.7,-0.2,300,"sd","10:20:08",178900
64.7,-0.2,300,"sd","10:19:45",178600
64.7,-0.2,300,"sd","10:19:23",178300
64.7,-0.2,1000,"sd","10:19:17",178000
64.8,-0.1,200,"bu","10:19:02",177000
64.7,-0.2,300,"sd","10:19:00",176800
64.7,-0.2,300,"sd","10:18:37",176500
64.8,-0.1,200,"bu","10:18:20",176200
64.7,-0.2,300,"sd","10:18:14",176000
64.7,-0.2,400,"sd","10:18:10",175700
64.7,-0.2,200,"sd","10:18:05",175300
64.7,-0.2,300,"sd","10:17:51",175100
64.7,-0.2,300,"sd","10:17:29",174800
64.7,-0.2,200,"sd","10:17:05",174500
64.7,-0.2,100,"sd","10:17:05",174300
64.7,-0.2,300,"sd","10:16:42",174200
64.8,-0.1,100,"bu","10:16:37",173900
64.8,-0.1,100,"bu","10:16:21",173800
64.7,-0.2,300,"sd","10:16:20",173700
64.8,-0.1,100,"bu","10:16:08",173400
64.7,-0.2,300,"sd","10:15:57",173300
64.7,-0.2,300,"sd","10:15:34",173000
64.7,-0.2,700,"sd","10:15:30",172700
64.7,-0.2,2000,"sd","10:15:30",172000
64.7,-0.2,400,"sd","10:15:30",170000
64.7,-0.2,300,"sd","10:15:11",169600
64.8,-0.1,1200,"bu","10:14:56",169300
64.8,-0.1,200,"bu","10:14:56",168100
64.8,-0.1,200,"bu","10:14:56",167900
64.8,-0.1,400,"bu","10:14:56",167700
64.8,-0.1,600,"bu","10:14:54",167300
64.8,-0.1,100,"bu","10:14:54",166700
64.8,-0.1,100,"bu","10:14:54",166600
64.8,-0.1,200,"bu","10:14:54",166500
64.7,-0.2,300,"sd","10:14:48",166300
64.7,-0.2,100,"sd","10:14:41",166000
64.7,-0.2,300,"sd","10:14:25",165900
64.7,-0.2,300,"sd","10:14:02",165600
64.7,-0.2,300,"sd","10:13:39",165300
64.7,-0.2,100,"sd","10:13:37",165000
64.7,-0.2,300,"sd","10:13:17",164900
64.7,-0.2,400,"sd","10:13:10",164600
64.6,-0.3,300,"sd","10:12:54",164200
64.7,-0.2,300,"sd","10:12:31",163900
64.7,-0.2,200,"bu","10:12:26",163600
64.7,-0.2,100,"bu","10:12:26",163400
64.7,-0.2,400,"bu","10:12:26",163300
64.6,-0.3,100,"sd","10:12:08",162900
64.6,-0.3,200,"sd","10:12:08",162800
64.7,-0.2,1000,"bu","10:12:07",162600
64.6,-0.3,300,"sd","10:12:03",161600
64.7,-0.2,1200,"bu","10:11:49",161300
64.6,-0.3,300,"sd","10:11:45",160100
64.6,-0.3,1700,"sd","10:11:27",159800
64.6,-0.3,300,"sd","10:11:27",158100
64.6,-0.3,300,"sd","10:11:22",157800
64.6,-0.3,300,"sd","10:10:59",157500
64.6,-0.3,300,"sd","10:10:37",157200
64.7,-0.2,200,"bu","10:10:26",156900
64.6,-0.3,300,"sd","10:10:14",156700
64.7,-0.2,200,"bu","10:10:10",156400
64.6,-0.3,300,"sd","10:09:51",156200
64.6,-0.3,300,"sd","10:09:28",155900
64.7,-0.2,2500,"bu","10:09:12",155600
64.6,-0.3,400,"sd","10:09:05",153100
64.7,-0.2,300,"bu","10:09:03",152700
64.6,-0.3,400,"sd","10:08:42",152400
64.6,-0.3,100,"sd","10:08:19",152000
64.6,-0.3,100,"sd","10:08:19",151900
64.6,-0.3,200,"sd","10:08:19",151800
64.7,-0.2,100,"bu","10:08:16",151600
64.7,-0.2,100,"bu","10:08:03",151500
64.6,-0.3,300,"sd","10:07:56",151400
64.6,-0.3,100,"sd","10:07:56",151100
64.7,-0.2,100,"bu","10:07:35",151000
64.6,-0.3,200,"sd","10:07:34",150900
64.6,-0.3,200,"sd","10:07:34",150700
64.7,-0.2,100,"bu","10:07:30",150500
64.7,-0.2,300,"sd","10:07:11",150400
64.7,-0.2,2700,"bu","10:07:09",150100
64.6,-0.3,400,"sd","10:06:48",147400
64.6,-0.3,900,"sd","10:06:36",147000
64.6,-0.3,400,"sd","10:06:25",146100
64.7,-0.2,300,"bu","10:06:05",145700
64.6,-0.3,400,"sd","10:06:02",145400
64.7,-0.2,1100,"bu","10:05:45",145000
64.7,-0.2,400,"bu","10:05:45",143900
64.6,-0.3,200,"sd","10:05:39",143500
64.6,-0.3,100,"sd","10:05:39",143300
64.6,-0.3,100,"sd","10:05:39",143200
64.7,-0.2,700,"bu","10:05:18",143100
64.6,-0.3,400,"sd","10:05:16",142400
64.7,-0.2,500,"bu","10:04:55",142000
64.7,-0.2,500,"sd","10:04:54",141500
64.7,-0.2,100,"sd","10:04:54",141000
64.7,-0.2,100,"sd","10:04:31",140900
64.7,-0.2,100,"sd","10:04:31",140800
64.7,-0.2,200,"sd","10:04:31",140700
64.7,-0.2,100,"sd","10:04:31",140500
64.7,-0.2,400,"sd","10:04:08",140400
64.7,-0.2,400,"sd","10:03:45",140000
64.7,-0.2,400,"sd","10:03:22",139600
64.7,-0.2,500,"bu","10:03:17",139200
64.7,-0.2,200,"bu","10:03:17",138700
64.6,-0.3,100,"sd","10:02:59",138500
64.6,-0.3,300,"sd","10:02:59",138400
64.6,-0.3,400,"sd","10:02:37",138100
64.6,-0.3,200,"sd","10:02:13",137700
64.6,-0.3,200,"sd","10:02:13",137500
64.6,-0.3,300,"sd","10:01:51",137300
64.6,-0.3,100,"sd","10:01:51",137000
64.6,-0.3,400,"sd","10:01:28",136900
64.7,-0.2,100,"bu","10:01:09",136500
64.7,-0.2,100,"sd","10:01:06",136400
64.7,-0.2,100,"sd","10:00:42",136300
64.7,-0.2,300,"sd","10:00:42",136200
64.7,-0.2,200,"sd","10:00:19",135900
64.7,-0.2,200,"sd","10:00:19",135700
64.8,-0.1,100,"bu","10:00:00",135500
64.7,-0.2,400,"sd","09:59:56",135400
64.7,-0.2,400,"sd","09:59:33",135000
64.7,-0.2,1000,"bu","09:59:20",134600
64.6,-0.3,400,"sd","09:59:10",133600
64.6,-0.3,100,"sd","09:58:48",133200
64.6,-0.3,300,"sd","09:58:48",133100
64.6,-0.3,400,"sd","09:58:25",132800
64.6,-0.3,300,"sd","09:58:02",132400
64.6,-0.3,100,"sd","09:58:02",132100
64.7,-0.2,100,"sd","09:57:48",132000
64.7,-0.2,200,"sd","09:57:48",131900
64.7,-0.2,200,"sd","09:57:48",131700
64.7,-0.2,300,"sd","09:57:39",131500
64.7,-0.2,100,"sd","09:57:39",131200
64.7,-0.2,400,"sd","09:57:16",131100
64.7,-0.2,100,"sd","09:56:53",130700
64.7,-0.2,100,"sd","09:56:53",130600
64.7,-0.2,200,"sd","09:56:53",130500
64.7,-0.2,1800,"sd","09:56:44",130300
64.7,-0.2,400,"sd","09:56:30",128500
64.7,-0.2,400,"sd","09:56:09",128100
64.8,-0.1,100,"bu","09:56:06",127700
64.7,-0.2,1800,"sd","09:56:06",127600
64.7,-0.2,400,"sd","09:55:45",125800
64.7,-0.2,100,"sd","09:55:36",125400
64.7,-0.2,400,"sd","09:55:22",125300
64.7,-0.2,200,"sd","09:55:07",124900
64.7,-0.2,100,"sd","09:54:59",124700
64.7,-0.2,300,"sd","09:54:59",124600
64.7,-0.2,400,"sd","09:54:36",124300
64.7,-0.2,400,"sd","09:54:13",123900
64.7,-0.2,300,"sd","09:54:03",123500
64.7,-0.2,400,"sd","09:53:50",123200
64.7,-0.2,1200,"sd","09:53:46",122800
64.6,-0.3,400,"sd","09:53:27",121600
64.6,-0.3,400,"sd","09:53:05",121200
64.6,-0.3,200,"sd","09:52:42",120800
64.6,-0.3,200,"sd","09:52:42",120600
64.6,-0.3,400,"sd","09:52:19",120400
64.7,-0.2,800,"sd","09:52:01",120000
64.7,-0.2,200,"sd","09:51:57",119200
64.7,-0.2,200,"sd","09:51:56",119000
64.7,-0.2,100,"sd","09:51:41",118800
64.7,-0.2,300,"bu","09:51:39",118700
64.6,-0.3,400,"sd","09:51:33",118400
64.7,-0.2,200,"bu","09:51:12",118000
64.7,-0.2,800,"bu","09:51:12",117800
64.6,-0.3,100,"sd","09:51:10",117000
64.6,-0.3,100,"sd","09:51:10",116900
64.6,-0.3,100,"sd","09:51:10",116800
64.6,-0.3,100,"sd","09:51:10",116700
64.7,-0.2,100,"bu","09:51:02",116600
64.7,-0.2,100,"bu","09:50:53",116500
64.6,-0.3,100,"sd","09:50:47",116400
64.6,-0.3,300,"sd","09:50:47",116300
64.7,-0.2,1000,"sd","09:50:40",116000
64.7,-0.2,5100,"bu","09:50:31",115000
64.7,-0.2,1000,"bu","09:50:30",109900
64.8,-0.1,100,"bu","09:50:24",108900
64.6,-0.3,400,"sd","09:50:24",108800
64.6,-0.3,300,"sd","09:50:02",108400
64.6,-0.3,100,"sd","09:50:02",108100
64.8,-0.1,400,"bu","09:49:54",108000
64.6,-0.3,100,"sd","09:49:39",107600
64.6,-0.3,100,"sd","09:49:39",107500
64.6,-0.3,200,"sd","09:49:39",107400
64.6,-0.3,100,"sd","09:49:16",107200
64.6,-0.3,100,"sd","09:49:16",107100
64.6,-0.3,200,"sd","09:49:16",107000
64.7,-0.2,100,"bu","09:49:15",106800
64.6,-0.3,400,"sd","09:48:54",106700
64.6,-0.3,400,"sd","09:48:30",106300
64.7,-0.2,100,"sd","09:48:07",105900
64.7,-0.2,200,"sd","09:48:07",105800
64.7,-0.2,300,"bu","09:47:58",105600
64.6,-0.3,200,"sd","09:47:44",105300
64.6,-0.3,100,"sd","09:45:18",96300
64.6,-0.3,100,"sd","09:45:18",96200
64.6,-0.3,100,"sd","09:45:18",96100
64.6,-0.3,500,"sd","09:45:18",96000
64.6,-0.3,100,"sd","09:45:18",95500
64.6,-0.3,100,"sd","09:45:04",95400
64.6,-0.3,200,"sd","09:45:04",95300
64.6,-0.3,100,"sd","09:45:04",95100
64.6,-0.3,1000,"sd","09:44:55",95000
64.6,-0.3,1000,"sd","09:44:55",94000
64.6,-0.3,2000,"sd","09:44:55",93000
64.6,-0.3,100,"sd","09:44:55",91000
64.6,-0.3,100,"sd","09:44:55",90900
64.6,-0.3,200,"sd","09:44:55",90800
64.6,-0.3,700,"sd","09:44:55",90600
64.6,-0.3,100,"sd","09:44:55",89900
64.6,-0.3,200,"sd","09:44:55",89800
64.6,-0.3,100,"sd","09:44:55",89600
64.6,-0.3,1000,"sd","09:44:55",89500
64.6,-0.3,3000,"sd","09:44:55",88500
64.6,-0.3,500,"sd","09:44:55",85500
64.6,-0.3,500,"sd","09:44:52",85000
64.6,-0.3,500,"sd","09:44:52",84500
64.7,-0.2,900,"bu","09:44:51",84000
64.6,-0.3,400,"sd","09:44:41",83100
64.6,-0.3,100,"sd","09:44:19",82700
64.6,-0.3,300,"sd","09:44:19",82600
64.7,-0.2,100,"sd","09:44:15",82300
64.6,-0.3,700,"sd","09:43:56",82200
64.6,-0.3,100,"sd","09:43:56",81500
64.6,-0.3,600,"sd","09:43:56",81400
64.6,-0.3,1600,"sd","09:43:56",80800
64.6,-0.3,400,"sd","09:43:56",79200
64.7,-0.2,100,"bu","09:43:47",78800
64.7,-0.2,1200,"bu","09:43:47",78700
64.7,-0.2,200,"bu","09:43:47",77500
64.6,-0.3,400,"sd","09:43:33",77300
64.6,-0.3,200,"sd","09:43:26",76900
64.6,-0.3,900,"sd","09:43:22",76700
64.6,-0.3,400,"sd","09:43:10",75800
64.6,-0.3,100,"sd","09:45:04",95100
64.6,-0.3,1000,"sd","09:44:55",95000
64.6,-0.3,1000,"sd","09:44:55",94000
64.6,-0.3,2000,"sd","09:44:55",93000
64.6,-0.3,100,"sd","09:44:55",91000
64.6,-0.3,100,"sd","09:44:55",90900
64.6,-0.3,200,"sd","09:44:55",90800
64.6,-0.3,700,"sd","09:44:55",90600
64.6,-0.3,100,"sd","09:44:55",89900
64.6,-0.3,200,"sd","09:44:55",89800
64.6,-0.3,100,"sd","09:44:55",89600
64.6,-0.3,1000,"sd","09:44:55",89500
64.6,-0.3,3000,"sd","09:44:55",88500
64.6,-0.3,500,"sd","09:44:55",85500
64.6,-0.3,500,"sd","09:44:52",85000
64.6,-0.3,500,"sd","09:44:52",84500
64.7,-0.2,900,"bu","09:44:51",84000
64.6,-0.3,400,"sd","09:44:41",83100
64.6,-0.3,100,"sd","09:44:19",82700
64.6,-0.3,300,"sd","09:44:19",82600
64.7,-0.2,100,"sd","09:39:29",71300
64.7,-0.2,900,"sd","09:39:29",71200
64.7,-0.2,100,"sd","09:39:29",70300
64.7,-0.2,100,"sd","09:39:29",70200
64.8,-0.1,100,"bu","09:39:13",70100
64.7,-0.2,1200,"sd","09:39:07",70000
64.7,-0.2,1200,"sd","09:37:50",68800
64.7,-0.2,3600,"sd","09:37:08",67600
64.7,-0.2,1000,"sd","09:36:48",64000
64.7,-0.2,1100,"sd","09:36:32",63000
64.7,-0.2,100,"sd","09:36:32",61900
64.7,-0.2,300,"sd","09:35:39",61800
64.6,-0.3,300,"sd","09:35:14",61500
64.6,-0.3,900,"sd","09:35:14",61200
64.8,-0.1,100,"bu","09:34:49",60300
64.6,-0.3,100,"sd","09:33:56",60200
64.6,-0.3,100,"sd","09:33:56",60100
64.6,-0.3,500,"sd","09:33:56",60000
64.6,-0.3,100,"sd","09:33:56",59500
64.6,-0.3,100,"sd","09:33:56",59400
64.6,-0.3,100,"sd","09:33:56",59300
64.6,-0.3,100,"sd","09:33:56",59200
64.6,-0.3,100,"sd","09:33:56",59100
64.7,-0.2,900,"bu","09:32:49",59000
64.6,-0.3,200,"sd","09:32:39",58100
64.6,-0.3,100,"sd","09:32:39",57900
64.6,-0.3,100,"sd","09:32:39",57800
64.6,-0.3,800,"sd","09:32:39",57700
64.7,-0.2,100,"bu","09:32:22",56900
64.6,-0.3,600,"sd","09:32:09",56800
64.6,-0.3,100,"sd","09:32:03",56200
64.7,-0.2,100,"bu","09:31:55",56100
64.6,-0.3,500,"sd","09:31:53",56000
64.6,-0.3,700,"sd","09:31:23",55500
64.6,-0.3,100,"sd","09:31:23",54800
64.6,-0.3,100,"sd","09:31:23",54700
64.6,-0.3,500,"sd","09:31:23",54600
64.6,-0.3,100,"sd","09:31:23",54100
64.6,-0.3,400,"sd","09:31:23",54000
64.6,-0.3,100,"sd","09:31:21",53600
64.6,-0.3,100,"sd","09:31:21",53500
64.6,-0.3,100,"sd","09:31:21",53400
64.6,-0.3,100,"sd","09:31:21",53300
64.6,-0.3,800,"sd","09:31:21",53200
64.6,-0.3,1500,"sd","09:30:24",52400
64.6,-0.3,400,"sd","09:30:04",50900
64.6,-0.3,1200,"sd","09:30:03",50500
64.6,-0.3,1100,"bu","09:30:02",49300
64.6,-0.3,100,"bu","09:29:59",48200
64.6,-0.3,100,"bu","09:29:46",48100
64.6,-0.3,200,"bu","09:29:46",48000
64.6,-0.3,1100,"bu","09:29:46",47800
64.6,-0.3,1000,"bu","09:29:45",46700
64.6,-0.3,300,"bu","09:29:45",45700
64.6,-0.3,1000,"bu","09:29:45",45400
64.7,-0.2,1000,"bu","09:29:45",44400
64.6,-0.3,200,"bu","09:29:45",43400
64.7,-0.2,100,"bu","09:29:45",43200
64.6,-0.3,1000,"bu","09:29:45",43100
64.6,-0.3,600,"bu","09:29:45",42100
64.7,-0.2,500,"bu","09:29:45",41500
64.8,-0.1,300,"bu","09:29:45",41000
64.6,-0.3,400,"bu","09:29:45",40700
64.7,-0.2,200,"bu","09:29:45",40300
64.7,-0.2,2100,"bu","09:29:45",40100
64.8,-0.1,100,"bu","09:29:45",38000
64.6,-0.3,400,"bu","09:29:45",37900
64.8,-0.1,100,"bu","09:29:45",37500
64.6,-0.3,200,"unknown","09:29:45",37400
64.6,-0.3,100,"sd","09:29:45",37200
64.7,-0.2,500,"sd","09:29:45",37100
64.6,-0.3,200,"sd","09:29:45",36600
64.7,-0.2,1100,"sd","09:29:45",36400
64.7,-0.2,300,"sd","09:29:45",35300
64.7,-0.2,100,"sd","09:29:45",35000
64.6,-0.3,300,"sd","09:29:45",34900
64.7,-0.2,100,"sd","09:29:45",34600
64.7,-0.2,200,"sd","09:29:45",34500
64.6,-0.3,200,"sd","09:29:45",34300
64.6,-0.3,700,"sd","09:29:45",34100
64.8,-0.1,100,"sd","09:29:45",33400
64.6,-0.3,400,"sd","09:29:45",33300
64.8,-0.1,100,"sd","09:29:45",32900
64.6,-0.3,200,"sd","09:29:45",32800
64.6,-0.3,300,"sd","09:29:45",32600
64.8,-0.1,100,"sd","09:29:45",32300
64.6,-0.3,100,"sd","09:29:45",32200
64.8,-0.1,500,"sd","09:29:45",32100
64.8,-0.1,100,"sd","09:29:03",31600
64.8,-0.1,200,"sd","09:28:45",31500
64.8,-0.1,100,"sd","09:28:45",31300
64.8,-0.1,100,"sd","09:28:45",31200
64.8,-0.1,100,"sd","09:28:45",31100
64.8,-0.1,700,"sd","09:28:45",31000
64.8,-0.1,100,"sd","09:28:08",30300
64.8,-0.1,200,"sd","09:27:28",30200
64.8,-0.1,1000,"sd","09:27:28",30000
64.8,-0.1,500,"sd","09:26:35",29000
64.8,-0.1,500,"sd","09:26:15",28500
64.8,-0.1,200,"sd","09:26:15",28000
64.8,-0.1,100,"sd","09:26:15",27800
64.8,-0.1,700,"sd","09:26:15",27700
64.8,-0.1,300,"sd","09:26:10",27000
64.8,-0.1,500,"sd","09:26:10",26700
64.8,-0.1,200,"sd","09:26:10",26200
64.8,-0.1,100,"sd","09:26:10",26000
64.8,-0.1,100,"sd","09:26:10",25900
64.8,-0.1,500,"sd","09:25:51",25800
64.8,-0.1,1300,"sd","09:25:19",25300
64.8,-0.1,500,"sd","09:25:19",24000
64.8,-0.1,1200,"sd","09:24:52",23500
64.9,0,200,"sd","09:24:25",22300
64.9,0,300,"sd","09:24:25",22100
64.9,0,200,"bu","09:24:13",21800
64.9,0,100,"bu","09:24:06",21600
64.9,0,100,"bu","09:24:01",21500
64.9,0,500,"bu","09:24:01",21400
64.9,0,100,"bu","09:23:57",20900
64.9,0,600,"sd","09:23:34",20800
64.9,0,200,"bu","09:23:33",20200
64.9,0,200,"bu","09:23:33",20000
65,0.1,500,"bu","09:22:58",19800
65,0.1,100,"bu","09:22:58",19300
64.9,0,400,"unknown","09:22:58",19200
64.9,0,1000,"sd","09:22:54",18800
64.8,-0.1,800,"sd","09:22:37",17800
64.8,-0.1,100,"sd","09:22:37",17000
64.8,-0.1,100,"sd","09:22:37",16900
65,0.1,400,"bu","09:22:27",16800
65,0.1,500,"bu","09:22:27",16400
65,0.1,300,"bu","09:22:27",15900
64.9,0,300,"bu","09:22:27",15600
64.9,0,500,"bu","09:22:27",15300
64.9,0,700,"sd","09:22:17",14800
64.9,0,200,"bu","09:22:16",14100
64.9,0,1300,"bu","09:22:12",13900
64.9,0,800,"bu","09:22:12",12600
64.9,0,100,"bu","09:21:44",11800
64.9,0,100,"sd","09:21:38",11700
64.9,0,500,"sd","09:21:31",11600
64.8,-0.1,500,"sd","09:26:35",29000
64.8,-0.1,500,"sd","09:26:15",28500
64.8,-0.1,200,"sd","09:26:15",28000
64.8,-0.1,100,"sd","09:26:15",27800
64.8,-0.1,700,"sd","09:26:15",27700
64.8,-0.1,300,"sd","09:26:10",27000
64.8,-0.1,500,"sd","09:26:10",26700
64.8,-0.1,200,"sd","09:26:10",26200
64.8,-0.1,100,"sd","09:26:10",26000
64.8,-0.1,100,"sd","09:26:10",25900
64.8,-0.1,500,"sd","09:25:51",25800
64.8,-0.1,1300,"sd","09:25:19",25300
64.8,-0.1,500,"sd","09:25:19",24000
64.8,-0.1,1200,"sd","09:24:52",23500
64.9,0,200,"sd","09:24:25",22300
64.9,0,300,"sd","09:24:25",22100
64.9,0,200,"bu","09:24:13",21800
64.9,0,100,"bu","09:24:05",21600
64.9,0,100,"bu","09:24:01",21500
64.9,0,500,"bu","09:24:01",21400
64.9,0,100,"bu","09:23:57",20900
64.9,0,600,"sd","09:23:34",20800
64.9,0,200,"bu","09:23:33",20200
64.9,0,200,"bu","09:23:33",20000
65,0.1,500,"bu","09:22:58",19800
65,0.1,100,"bu","09:22:58",19300
64.9,0,400,"unknown","09:22:58",19200
64.9,0,1000,"sd","09:22:53",18800
64.8,-0.1,800,"sd","09:22:37",17800
64.8,-0.1,100,"sd","09:22:37",17000
64.8,-0.1,100,"sd","09:22:37",16900
65,0.1,400,"bu","09:22:27",16800
65,0.1,500,"bu","09:22:27",16400
65,0.1,300,"bu","09:22:27",15900
64.9,0,300,"bu","09:22:27",15600
64.9,0,500,"bu","09:22:27",15300
64.9,0,700,"sd","09:22:17",14800
64.9,0,200,"bu","09:22:15",14100
64.9,0,1300,"bu","09:22:12",13900
64.9,0,800,"bu","09:22:12",12600
79.1,0.5,500,"sd","10:02:38",612700
79.1,0.5,300,"sd","10:02:38",612200
79.1,0.5,100,"sd","10:02:38",611900
79.2,0.6,200,"sd","10:02:38",611800
79.3,0.7,3000,"bu","10:02:38",611600
79.2,0.6,200,"sd","10:02:36",608600
79.2,0.6,1500,"bu","10:02:35",608400
79.1,0.5,200,"sd","10:02:33",606900
79.1,0.5,100,"sd","10:02:32",606700
79.1,0.5,100,"sd","10:02:32",606600
79.2,0.6,2000,"bu","10:02:30",606500
79.2,0.6,1500,"bu","10:02:29",604500
79.2,0.6,500,"bu","10:02:29",603000
79.1,0.5,300,"sd","10:02:29",602500
79.1,0.5,300,"sd","10:02:16",602200
79.1,0.5,300,"sd","10:02:09",601900
79.1,0.5,200,"sd","10:02:08",601600
79.1,0.5,300,"sd","10:02:06",601400
79.1,0.5,200,"sd","10:02:06",601100
79.1,0.5,200,"sd","10:02:03",600900
79.1,0.5,300,"sd","10:02:01",600700
79.2,0.6,100,"bu","10:01:59",600400
79.1,0.5,600,"sd","10:01:59",600300
79.1,0.5,200,"sd","10:01:58",599700
79.2,0.6,3000,"bu","10:01:56",599500
79.1,0.5,100,"sd","10:01:56",596500
79.2,0.6,500,"bu","10:01:56",596400
79.1,0.5,300,"sd","10:01:54",595900
79.1,0.5,100,"sd","10:01:54",595600
79.2,0.6,100,"bu","10:01:54",595500
79.1,0.5,100,"sd","10:01:53",595400
79.1,0.5,100,"sd","10:01:50",595300
79.1,0.5,100,"sd","10:01:50",595200
79.1,0.5,100,"sd","10:01:50",595100
79.2,0.6,100,"bu","10:01:49",595000
79.1,0.5,200,"sd","10:01:46",594900
79.2,0.6,100,"bu","10:01:46",594700
79.1,0.5,400,"sd","10:01:46",594600
79.1,0.5,200,"sd","10:01:44",594200
79.1,0.5,100,"sd","10:01:43",594000
79.1,0.5,100,"sd","10:01:43",593900
79.2,0.6,900,"sd","10:01:42",593800
79.2,0.6,200,"sd","10:01:42",592900
79.2,0.6,100,"sd","10:01:42",592700
79.2,0.6,100,"sd","10:01:40",592600
79.2,0.6,100,"sd","10:01:38",592500
79.2,0.6,1800,"bu","10:01:35",592400
79.1,0.5,200,"sd","10:01:35",590600
79.2,0.6,200,"sd","10:01:33",590400
79.2,0.6,100,"sd","10:01:32",590200
79.2,0.6,200,"sd","10:01:27",590100
79.2,0.6,100,"sd","10:01:26",589900
79.2,0.6,100,"sd","10:01:26",589800
79.2,0.6,200,"sd","10:01:25",589700
79.2,0.6,200,"sd","10:01:23",589500
79.2,0.6,200,"sd","10:01:23",589300
79.3,0.7,2200,"bu","10:01:20",589100
79.2,0.6,200,"sd","10:01:19",586900
79.2,0.6,300,"sd","10:01:19",586700
79.3,0.7,1200,"bu","10:01:17",586400
79.2,0.6,100,"sd","10:01:16",585200
79.2,0.6,100,"sd","10:01:06",585100
79.2,0.6,100,"sd","10:01:02",585000
79.2,0.6,100,"sd","10:00:56",584900
79.2,0.6,200,"sd","10:00:54",584800
79.2,0.6,200,"sd","10:00:53",584600
79.2,0.6,100,"sd","10:00:53",584400
79.2,0.6,100,"bu","10:00:48",584300
79.1,0.5,400,"sd","10:00:46",584200
79.1,0.5,900,"sd","10:00:46",583800
79.1,0.5,300,"sd","10:00:46",582900
79.1,0.5,100,"sd","10:00:45",582600
79.1,0.5,900,"sd","10:00:44",582500
79.1,0.5,100,"sd","10:00:44",581600
79.2,0.6,200,"bu","10:00:43",581500
79.1,0.5,100,"sd","10:00:43",581300
79.2,0.6,200,"bu","10:00:42",581200
79.1,0.5,800,"sd","10:00:39",581000
79.1,0.5,100,"sd","10:00:38",580200
79.1,0.5,200,"sd","10:00:38",580100
79.2,0.6,300,"sd","10:00:29",576300
79.2,0.6,1100,"bu","10:00:28",576000
79.1,0.5,500,"sd","10:00:26",574900
79.2,0.6,1000,"bu","10:00:26",574400
79.2,0.6,100,"bu","10:00:26",573400
79.2,0.6,1200,"bu","10:00:26",573300
79.2,0.6,600,"bu","10:00:26",572100
79.2,0.6,1000,"sd","10:00:26",571500
79.2,0.6,100,"sd","10:00:24",570500
79.2,0.6,200,"sd","10:00:24",570400
79.2,0.6,300,"sd","10:00:23",570200
79.2,0.6,300,"sd","10:00:21",569900
79.3,0.7,2300,"bu","10:00:20",569600
79.3,0.7,200,"bu","10:00:20",567300
79.3,0.7,2500,"bu","10:00:20",567100
79.3,0.7,1000,"bu","10:00:20",564600
79.2,0.6,900,"sd","10:00:16",563600
79.2,0.6,200,"sd","09:59:59",562700
79.2,0.6,200,"sd","09:59:46",562500
79.2,0.6,100,"sd","09:59:39",562300
79.2,0.6,400,"sd","09:59:34",562200
79.2,0.6,100,"sd","09:59:33",561800
79.2,0.6,100,"sd","09:59:32",561700
79.2,0.6,300,"sd","09:59:28",561600
79.2,0.6,400,"sd","09:59:26",561300
79.2,0.6,200,"sd","09:59:26",560900
79.2,0.6,100,"sd","09:59:26",560700
79.2,0.6,100,"sd","09:59:23",560600
79.2,0.6,200,"sd","09:59:23",560500
79.2,0.6,100,"sd","09:59:23",560300
79.2,0.6,100,"bu","09:59:22",560200
79.2,0.6,100,"bu","09:59:22",560100
79.2,0.6,100,"bu","09:59:22",560000
79.2,0.6,400,"bu","09:59:22",559900
79.2,0.6,100,"bu","09:59:21",559500
79.1,0.5,200,"sd","09:59:20",559400
79.2,0.6,1200,"bu","09:59:19",559200
79.1,0.5,200,"sd","09:59:19",558000
79.1,0.5,100,"sd","09:59:18",557800
79.1,0.5,200,"sd","09:59:16",557700
79.1,0.5,100,"sd","09:59:13",557500
79.1,0.5,100,"sd","09:59:13",557400
79.2,0.6,300,"bu","09:59:11",557300
79.2,0.6,1700,"bu","09:59:11",557000
79.1,0.5,100,"sd","09:59:11",555300
79.1,0.5,100,"sd","09:59:10",555200
79.1,0.5,100,"sd","09:59:10",555100
79.1,0.5,200,"sd","09:59:09",555000
79.1,0.5,100,"sd","09:59:08",554800
79.1,0.5,100,"sd","09:59:08",554700
79.2,0.6,300,"bu","09:59:06",554600
79.2,0.6,100,"bu","09:59:06",554300
79.2,0.6,2000,"bu","09:59:06",554200
79.1,0.5,100,"sd","09:58:40",552200
79.1,0.5,200,"sd","09:58:34",552100
79.1,0.5,200,"sd","09:58:24",551900
79.1,0.5,200,"sd","09:58:16",551700
79.1,0.5,100,"sd","09:58:09",551500
79.2,0.6,900,"bu","09:58:07",551400
79.1,0.5,100,"sd","09:58:06",550500
79.1,0.5,100,"sd","09:58:40",552200
79.1,0.5,200,"sd","09:58:34",552100
79.1,0.5,200,"sd","09:58:24",551900
79.1,0.5,200,"sd","09:58:16",551700
79.1,0.5,100,"sd","09:58:09",551500
79.2,0.6,900,"bu","09:58:07",551400
79.1,0.5,100,"sd","09:58:06",550500
79.1,0.5,100,"sd","09:58:05",550400
79.1,0.5,100,"sd","09:58:03",550300
79.1,0.5,300,"sd","09:57:59",550200
79.2,0.6,300,"bu","09:57:59",549900
79.1,0.5,100,"sd","09:57:56",549600
79.1,0.5,200,"sd","09:57:53",549500
79.1,0.5,100,"sd","09:57:53",549300
79.1,0.5,100,"sd","09:57:50",549200
79.2,0.6,1000,"bu","09:57:49",549100
79.2,0.6,300,"sd","09:57:49",548100
79.2,0.6,400,"sd","09:57:49",547800
79.2,0.6,100,"sd","09:57:46",547400
79.2,0.6,100,"sd","09:57:46",547300
79.1,0.5,100,"sd","09:57:26",544200
79.1,0.5,300,"sd","09:57:24",544100
79.1,0.5,200,"sd","09:57:23",543800
79.1,0.5,300,"sd","09:57:20",543600
79,0.4,700,"sd","09:57:19",543300
79.1,0.5,600,"sd","09:57:19",542600
79.1,0.5,300,"sd","09:57:18",542000
79.1,0.5,100,"sd","09:57:18",541700
79,0.4,200,"sd","09:57:16",541600
79,0.4,800,"sd","09:57:16",541400
79,0.4,1200,"sd","09:57:14",540600
79,0.4,100,"sd","09:57:13",539400
79,0.4,600,"sd","09:57:12",539300
79.1,0.5,100,"sd","09:57:12",538700
79.1,0.5,100,"sd","09:57:09",538600
79.1,0.5,700,"sd","09:57:09",538500
79.1,0.5,100,"sd","09:57:08",537800
79.1,0.5,500,"sd","09:57:08",537700
79.1,0.5,100,"sd","09:57:06",537200
79.1,0.5,700,"sd","09:57:06",537100
79.1,0.5,100,"sd","09:57:12",538700
79.1,0.5,100,"sd","09:57:09",538600
79.1,0.5,700,"sd","09:57:09",538500
79.1,0.5,100,"sd","09:57:08",537800
79.1,0.5,500,"sd","09:57:08",537700
79.1,0.5,100,"sd","09:57:06",537200
79.1,0.5,700,"sd","09:57:06",537100
79.1,0.5,600,"sd","09:57:03",536400
79.1,0.5,600,"sd","09:57:02",535800
79.1,0.5,100,"sd","09:57:02",535200
79.1,0.5,500,"sd","09:57:02",535100
79.3,0.7,4000,"bu","09:57:00",534600
79.3,0.7,300,"bu","09:57:00",530600
79.3,0.7,1200,"bu","09:57:00",530300
79.2,0.6,2000,"bu","09:57:00",529100
79.2,0.6,200,"bu","09:57:00",527100
79.2,0.6,100,"bu","09:57:00",526900
79.2,0.6,2000,"bu","09:57:00",526800
79.1,0.5,200,"sd","09:56:56",524800
79.1,0.5,100,"sd","09:56:56",524600
79.1,0.5,600,"bu","09:56:50",521100
79,0.4,600,"sd","09:56:46",520500
79,0.4,600,"sd","09:56:46",519900
79,0.4,400,"sd","09:56:46",519300
79,0.4,200,"sd","09:56:46",518900
79,0.4,400,"sd","09:56:44",518700
79.1,0.5,300,"bu","09:56:44",518300
79,0.4,400,"sd","09:56:43",518000
79,0.4,500,"sd","09:56:41",517600
79,0.4,700,"sd","09:56:39",517100
79,0.4,800,"sd","09:56:39",516400
79,0.4,400,"sd","09:56:39",515600
79,0.4,400,"sd","09:56:38",515200
79,0.4,200,"sd","09:56:38",514800
79.1,0.5,1900,"bu","09:56:37",514600
79.1,0.5,400,"bu","09:56:37",512700
79.1,0.5,2000,"bu","09:56:37",512300
79.1,0.5,500,"bu","09:56:37",510300
79.1,0.5,200,"bu","09:56:37",509800
79,0.4,100,"sd","09:56:33",509600
79,0.4,100,"sd","09:56:32",509500
79,0.4,200,"sd","09:56:30",509400
79,0.4,100,"sd","09:56:30",509200
79,0.4,300,"sd","09:56:26",509100
79,0.4,700,"sd","09:56:26",508800
79,0.4,500,"sd","09:56:26",508100
79,0.4,800,"sd","09:56:26",507600
79,0.4,200,"sd","09:56:24",506800
79,0.4,100,"sd","09:56:23",506600
79,0.4,100,"sd","09:56:22",506500
79,0.4,300,"sd","09:56:21",506400
79,0.4,200,"sd","09:56:20",506100
79,0.4,700,"sd","09:56:16",505900
79,0.4,100,"sd","09:56:15",505200
79,0.4,600,"sd","09:56:14",505100
79,0.4,200,"sd","09:56:14",504500
79,0.4,200,"sd","09:56:13",504300
79,0.4,1500,"sd","09:56:11",504100
78.9,0.3,200,"sd","09:56:09",502600
78.9,0.3,300,"sd","09:56:09",502400
78.9,0.3,500,"sd","09:56:08",502100
79,0.4,500,"bu","09:56:07",501600
78.9,0.3,200,"sd","09:56:06",501100
78.9,0.3,300,"sd","09:56:06",500900
78.9,0.3,200,"sd","09:56:06",500600
78.9,0.3,200,"sd","09:56:06",500400
78.9,0.3,400,"sd","09:56:04",500200
78.9,0.3,400,"sd","09:56:04",499800
78.9,0.3,300,"sd","09:56:04",499400
78.9,0.3,400,"sd","09:56:03",499100
78.9,0.3,300,"sd","09:55:59",498700
78.9,0.3,300,"sd","09:55:59",498400
79,0.4,100,"sd","09:55:59",498100
79,0.4,4900,"sd","09:55:58",498000
79,0.4,1900,"sd","09:55:58",493100
79,0.4,200,"sd","09:55:58",491200
79,0.4,200,"sd","09:55:54",491000
79,0.4,200,"sd","09:55:53",490800
79,0.4,200,"sd","09:55:50",490600
79,0.4,300,"sd","09:55:48",490400
79,0.4,300,"sd","09:55:48",490400
79,0.4,200,"sd","09:55:46",490100
79,0.4,300,"sd","09:55:46",489900
79,0.4,200,"sd","09:55:44",489600
79,0.4,100,"bu","09:55:42",489400
79,0.4,100,"bu","09:55:42",489300
79,0.4,500,"bu","09:55:42",489200
79,0.4,3600,"bu","09:55:42",488700
79,0.4,1000,"bu","09:55:33",485100
79,0.4,400,"bu","09:55:20",484100
79,0.4,200,"bu","09:55:20",483700
79,0.4,200,"bu","09:55:20",483500
79,0.4,200,"bu","09:55:20",483300
78.9,0.3,100,"bu","09:54:55",483100
78.9,0.3,100,"bu","09:54:55",483000
78.9,0.3,100,"bu","09:54:20",482900
78.9,0.3,400,"bu","09:53:43",482800
78.8,0.2,100,"sd","09:53:19",482400
78.8,0.2,100,"sd","09:53:19",482300
78.8,0.2,200,"sd","09:53:16",482200
78.8,0.2,200,"sd","09:53:09",482000
78.8,0.2,200,"sd","09:53:06",481800
78.8,0.2,200,"sd","09:53:02",481600
78.8,0.2,200,"sd","09:52:56",481400
78.8,0.2,200,"sd","09:52:53",481200
78.8,0.2,100,"sd","09:52:53",481000
78.9,0.3,100,"sd","09:52:48",480900
78.9,0.3,700,"sd","09:52:48",480800
78.9,0.3,100,"sd","09:52:48",480100
78.9,0.3,400,"sd","09:52:48",480000
78.9,0.3,100,"sd","09:52:48",479600
78.9,0.3,1000,"sd","09:52:48",479500
78.9,0.3,500,"sd","09:52:48",478500
78.9,0.3,1000,"sd","09:52:48",478000
78.9,0.3,300,"sd","09:52:16",477000
79,0.4,100,"bu","09:52:11",476700
78.9,0.3,200,"sd","09:52:06",476600
78.9,0.3,100,"sd","09:52:06",476400
79,0.4,200,"bu","09:52:06",476300
78.9,0.3,200,"sd","09:51:59",476100
78.9,0.3,200,"sd","09:51:59",475900
78.9,0.3,200,"sd","09:51:58",475700
78.9,0.3,200,"sd","09:51:56",475500
78.9,0.3,100,"sd","09:51:54",475300
78.9,0.3,100,"sd","09:51:54",475200
78.9,0.3,200,"sd","09:51:53",475100
79,0.4,2900,"bu","09:51:50",474900
79,0.4,500,"bu","09:51:50",472000
79,0.4,100,"bu","09:51:50",471500
79,0.4,100,"bu","09:51:50",471400
79,0.4,1400,"bu","09:51:50",471300
78.9,0.3,100,"sd","09:51:36",469900
78.9,0.3,500,"sd","09:51:12",469800
78.9,0.3,600,"sd","09:51:12",469300
78.9,0.3,100,"sd","09:51:12",468700
78.9,0.3,100,"sd","09:51:12",468600
78.9,0.3,200,"bu","09:49:36",468500
78.9,0.3,300,"bu","09:49:36",468300
78.9,0.3,500,"bu","09:49:11",468000
78.8,0.2,100,"sd","09:49:03",467500
78.9,0.3,600,"sd","09:51:12",469300
78.9,0.3,100,"sd","09:51:12",468700
78.9,0.3,100,"sd","09:51:12",468600
78.9,0.3,200,"bu","09:49:36",468500
78.9,0.3,300,"bu","09:49:36",468300
78.9,0.3,500,"bu","09:49:11",468000
78.8,0.2,100,"sd","09:49:03",467500
78.8,0.2,400,"sd","09:47:58",467400
78.8,0.2,100,"sd","09:47:26",467000
78.8,0.2,400,"sd","09:47:19",466900
78.8,0.2,400,"sd","09:47:19",466500
78.8,0.2,100,"sd","09:47:19",466100
78.8,0.2,100,"sd","09:47:16",466000
78.8,0.2,200,"sd","09:47:16",465900
78.8,0.2,100,"sd","09:47:09",465700
78.8,0.2,200,"sd","09:47:09",465600
78.8,0.2,300,"sd","09:47:08",465400
78.8,0.2,300,"sd","09:47:06",465100
78.8,0.2,200,"sd","09:47:03",464800
78.8,0.2,200,"sd","09:47:02",464600
78.8,0.2,2400,"sd","09:46:55",464400
78.8,0.2,100,"sd","09:46:55",462000
78.8,0.2,1100,"sd","09:46:55",461900
78.9,0.3,1800,"sd","09:46:55",460800
78.9,0.3,200,"unknown","09:46:54",459000
78.8,0.2,200,"sd","09:46:53",458800
78.8,0.2,200,"sd","09:46:46",458600
78.8,0.2,200,"sd","09:46:46",458400
78.8,0.2,300,"sd","09:46:46",458200
78.8,0.2,100,"sd","09:46:46",457900
78.8,0.2,400,"sd","09:46:44",457800
78.8,0.2,300,"sd","09:46:43",457400
78.9,0.3,2000,"bu","09:46:39",457100
78.8,0.2,200,"sd","09:46:39",455100
78.8,0.2,100,"sd","09:46:39",454900
78.8,0.2,200,"sd","09:46:38",454800
78.8,0.2,200,"sd","09:46:38",454600
78.9,0.3,1000,"sd","09:46:35",454400
78.9,0.3,1000,"sd","09:46:35",453400
78.9,0.3,300,"sd","09:46:35",452400
78.9,0.3,500,"sd","09:46:35",452100
78.9,0.3,500,"sd","09:46:35",451600
78.9,0.3,200,"sd","09:46:35",451100
78.9,0.3,1000,"sd","09:46:35",450900
78.9,0.3,400,"sd","09:46:35",449900
79,0.4,300,"bu","09:46:34",449500
78.9,0.3,100,"sd","09:46:16",449200
78.9,0.3,100,"sd","09:46:09",449100
78.9,0.3,100,"sd","09:46:06",449000
78.9,0.3,100,"sd","09:46:06",448900
79,0.4,300,"bu","09:46:04",448800
79,0.4,200,"bu","09:46:04",448500
79,0.4,1100,"bu","09:46:04",448300
78.9,0.3,100,"sd","09:45:59",447200
79,0.4,700,"bu","09:45:50",447100
78.9,0.3,300,"sd","09:45:35",446400
78.9,0.3,200,"sd","09:45:26",446100
78.9,0.3,100,"sd","09:45:24",445900
78.9,0.3,500,"sd","09:45:19",445800
78.9,0.3,300,"sd","09:45:19",445300
79,0.4,2000,"bu","09:45:08",442400
78.9,0.3,300,"sd","09:45:06",440400
78.9,0.3,300,"sd","09:45:03",440100
78.9,0.3,300,"sd","09:45:03",439800
78.9,0.3,200,"sd","09:45:03",439500
78.9,0.3,200,"sd","09:45:03",439300
78.9,0.3,200,"sd","09:45:01",439100
78.9,0.3,200,"sd","09:44:59",438900
79,0.4,5000,"bu","09:44:56",438700
79,0.4,200,"bu","09:44:46",433700
79,0.4,200,"bu","09:44:39",433500
79,0.4,300,"bu","09:44:21",433300
79,0.4,400,"bu","09:44:02",433000
79,0.4,300,"bu","09:44:02",432600
79,0.4,200,"bu","09:43:25",432300
79,0.4,100,"bu","09:43:05",432100
79,0.4,100,"bu","09:42:48",432000
78.9,0.3,100,"sd","09:42:32",431900
78.9,0.3,200,"sd","09:42:16",431800
78.9,0.3,200,"sd","09:42:06",431600
78.9,0.3,100,"sd","09:42:04",431400
78.9,0.3,100,"sd","09:42:04",431300
78.9,0.3,300,"sd","09:42:03",431200
78.9,0.3,100,"sd","09:41:59",430900
78.9,0.3,100,"sd","09:41:59",430800
78.9,0.3,200,"sd","09:41:54",430700
78.9,0.3,200,"sd","09:41:52",430500
78.9,0.3,3000,"bu","09:41:48",430300
78.9,0.3,1000,"bu","09:41:48",427300
78.9,0.3,500,"bu","09:41:48",426300
78.9,0.3,300,"bu","09:41:23",425800
78.9,0.3,200,"bu","09:41:16",425500
78.9,0.3,100,"bu","09:40:54",425300
78.9,0.3,400,"bu","09:40:17",425200
78.9,0.3,300,"bu","09:40:17",424800
78.9,0.3,500,"bu","09:40:17",424500
78.8,0.2,200,"sd","09:40:09",424000
78.8,0.2,300,"sd","09:40:09",423800
78.8,0.2,100,"sd","09:39:43",423500
78.8,0.2,100,"sd","09:39:41",423400
78.9,0.3,400,"bu","09:40:17",425200
78.9,0.3,300,"bu","09:40:17",424800
78.9,0.3,500,"bu","09:40:17",424500
78.8,0.2,200,"sd","09:40:09",424000
78.8,0.2,300,"sd","09:40:09",423800
78.8,0.2,100,"sd","09:39:43",423500
78.8,0.2,100,"sd","09:39:41",423400
78.7,0.1,200,"sd","09:38:34",423300
78.7,0.1,200,"bu","09:38:33",423100
78.9,0.3,3100,"bu","09:38:26",422900
78.8,0.2,700,"bu","09:38:26",419800
78.7,0.1,1200,"bu","09:38:26",419100
78.7,0.1,300,"sd","09:37:54",417900
78.7,0.1,300,"sd","09:37:54",417600
78.7,0.1,500,"sd","09:37:54",417300
78.7,0.1,100,"sd","09:37:54",416800
78.7,0.1,100,"sd","09:37:54",416700
78.7,0.1,100,"sd","09:37:49",416600
78.7,0.1,300,"sd","09:37:29",416500
78.7,0.1,100,"sd","09:37:29",416200
78.8,0.2,200,"bu","09:36:42",414100
78.8,0.2,1400,"unknown","09:36:42",413900
78.8,0.2,200,"sd","09:36:42",412500
78.8,0.2,100,"sd","09:36:42",412300
78.8,0.2,4900,"sd","09:36:42",412200
78.8,0.2,100,"sd","09:36:42",407300
78.8,0.2,1000,"sd","09:36:42",407200
78.8,0.2,100,"sd","09:36:42",406200
78.8,0.2,500,"sd","09:36:42",406100
78.8,0.2,200,"sd","09:36:37",405600
78.8,0.2,400,"sd","09:36:35",405400
78.8,0.2,100,"sd","09:36:35",405000
78.8,0.2,1900,"sd","09:36:33",404900
78.8,0.2,500,"sd","09:36:33",403000
78.8,0.2,600,"sd","09:36:33",402500
78.8,0.2,700,"sd","09:36:23",401900
78.9,0.3,100,"bu","09:36:21",401200
78.9,0.3,100,"sd","09:36:21",401100
78.9,0.3,5000,"sd","09:36:21",401000
78.9,0.3,1000,"sd","09:36:21",396000
78.8,0.2,500,"sd","09:36:33",403000
78.8,0.2,600,"sd","09:36:33",402500
78.8,0.2,700,"sd","09:36:23",401900
78.9,0.3,100,"bu","09:36:21",401200
78.9,0.3,100,"sd","09:36:21",401100
78.9,0.3,5000,"sd","09:36:21",401000
78.9,0.3,1000,"sd","09:36:21",396000
78.9,0.3,1600,"sd","09:36:21",395000
78.9,0.3,1100,"sd","09:36:21",393400
78.9,0.3,1000,"sd","09:36:21",392300
78.9,0.3,2000,"sd","09:36:21",391300
78.9,0.3,1200,"sd","09:36:21",389300
78.9,0.3,1300,"sd","09:36:21",388100
78.9,0.3,1000,"sd","09:36:21",386800
78.9,0.3,100,"sd","09:36:21",385800
78.9,0.3,300,"sd","09:36:07",385700
78.9,0.3,100,"sd","09:35:52",385400
79,0.4,1000,"sd","09:35:48",385300
79,0.4,100,"sd","09:35:48",384300
79,0.4,300,"sd","09:35:48",384200
79,0.4,100,"sd","09:35:48",383900
79,0.4,1000,"sd","09:35:48",383800
79,0.4,100,"sd","09:35:48",382800
79,0.4,400,"sd","09:35:48",382700
79,0.4,400,"sd","09:35:43",382300
79,0.4,200,"sd","09:35:43",381900
79,0.4,100,"sd","09:35:43",381700
79,0.4,1000,"sd","09:35:42",381600
79,0.4,100,"sd","09:35:39",380600
79,0.4,2500,"sd","09:35:38",380500
79,0.4,100,"sd","09:35:38",378000
79,0.4,1200,"sd","09:35:34",377900
79,0.4,800,"sd","09:35:34",376700
79,0.4,1000,"sd","09:35:34",375900
79,0.4,100,"sd","09:35:33",374900
79,0.4,100,"sd","09:35:33",374800
79,0.4,1300,"sd","09:35:31",374700
79,0.4,500,"sd","09:35:29",373400
79,0.4,200,"sd","09:35:24",372900
79,0.4,500,"sd","09:35:23",372700
79,0.4,1000,"sd","09:35:19",372200
79,0.4,300,"sd","09:35:17",371200
79,0.4,9600,"sd","09:35:13",370900
79,0.4,200,"sd","09:35:13",361300
79,0.4,200,"sd","09:35:13",361100
79,0.4,300,"sd","09:35:07",360900
79,0.4,700,"sd","09:35:07",360600
79,0.4,200,"sd","09:35:03",359900
79,0.4,200,"sd","09:35:02",359700
79,0.4,1900,"sd","09:34:58",359500
79,0.4,500,"sd","09:34:58",357600
79,0.4,500,"sd","09:34:58",357100
79,0.4,100,"sd","09:34:58",356600
79,0.4,1000,"sd","09:34:58",356500
79,0.4,1000,"sd","09:34:58",355500
79.1,0.5,100,"bu","09:34:56",354500
79.1,0.5,100,"bu","09:34:56",354400
79.1,0.5,100,"bu","09:34:56",354300
79,0.4,200,"sd","09:34:45",354200
79,0.4,1000,"sd","09:34:42",354000
79,0.4,100,"sd","09:34:23",353000
79,0.4,200,"sd","09:34:21",352900
79.1,0.5,3000,"bu","09:34:18",352700
79,0.4,1000,"sd","09:34:03",349700
79,0.4,200,"sd","09:33:44",348700
79,0.4,100,"sd","09:33:44",348500
79,0.4,700,"sd","09:33:44",348400
79.1,0.5,100,"bu","09:33:44",347700
79.1,0.5,100,"bu","09:33:33",347600
79,0.4,100,"sd","09:33:33",347500
79,0.4,200,"sd","09:33:28",347400
79,0.4,100,"sd","09:33:28",347200
79,0.4,200,"sd","09:33:28",347100
79,0.4,1500,"sd","09:33:28",346900
79,0.4,500,"sd","09:33:28",345400
79.1,0.5,500,"bu","09:33:20",344900
79.1,0.5,100,"bu","09:33:13",344400
79.1,0.5,400,"sd","09:32:55",344300
79.1,0.5,10000,"sd","09:32:55",343900
79.1,0.5,500,"sd","09:32:55",333900
79.1,0.5,200,"sd","09:32:55",333400
79.1,0.5,900,"sd","09:32:55",333200
79.2,0.6,300,"sd","09:32:55",332300
79.2,0.6,600,"sd","09:32:55",332000
79.2,0.6,100,"sd","09:32:55",331400
79.2,0.6,1000,"sd","09:32:55",331300
79.2,0.6,200,"sd","09:32:55",330300
79.2,0.6,7000,"sd","09:32:55",330100
79.2,0.6,900,"sd","09:32:55",323100
79.2,0.6,2000,"sd","09:32:52",322200
79.3,0.7,1000,"bu","09:32:47",320200
79.2,0.6,2000,"sd","09:32:45",319200
79.2,0.6,100,"sd","09:32:38",317200
79.2,0.6,200,"sd","09:32:38",317100
79.2,0.6,100,"sd","09:32:34",316900
79.2,0.6,100,"sd","09:32:34",316800
79.2,0.6,300,"sd","09:32:26",316700
79.2,0.6,2000,"sd","09:32:04",316400
79.2,0.6,1000,"sd","09:32:01",314400
79.3,0.7,100,"bu","09:31:48",313400
79.3,0.7,2700,"bu","09:31:42",313300
79.3,0.7,100,"bu","09:31:42",310600
79.2,0.6,100,"sd","09:31:41",310500
79.3,0.7,100,"bu","09:31:28",310400
79.3,0.7,300,"bu","09:31:28",310300
79.3,0.7,500,"bu","09:31:25",310000
79.3,0.7,100,"bu","09:31:25",309500
79.3,0.7,100,"bu","09:31:25",309400
79.3,0.7,300,"bu","09:31:25",309300
79.2,0.6,500,"sd","09:31:25",309000
79.3,0.7,300,"bu","09:31:23",308500
79.3,0.7,100,"bu","09:31:08",308200
79.3,0.7,300,"bu","09:31:01",308100
79.3,0.7,500,"bu","09:31:01",307800
79.3,0.7,100,"bu","09:31:01",307300
79.3,0.7,100,"bu","09:31:01",307200
79.3,0.7,200,"bu","09:30:54",307100
79.3,0.7,200,"bu","09:30:38",306900
79.3,0.7,1000,"bu","09:30:28",306700
79.3,0.7,500,"bu","09:30:26",305700
79.3,0.7,100,"bu","09:29:59",303400
79.3,0.7,100,"bu","09:29:59",303300
79.3,0.7,1000,"bu","09:29:59",303200
79.3,0.7,300,"bu","09:29:59",302200
79.3,0.7,600,"bu","09:29:59",301900
79.3,0.7,600,"bu","09:29:58",301300
79.3,0.7,1000,"bu","09:29:54",300700
79.3,0.7,100,"bu","09:29:47",299700
79.2,0.6,300,"sd","09:29:43",299600
79.3,0.7,100,"bu","09:29:34",299300
79.2,0.6,100,"sd","09:29:32",299200
79.3,0.7,300,"bu","09:29:16",299100
79.3,0.7,1300,"bu","09:29:14",298800
79.3,0.7,500,"bu","09:28:43",297500
79.2,0.6,600,"sd","09:28:41",297000
79.3,0.7,500,"bu","09:28:39",296400
79.3,0.7,100,"bu","09:28:39",295900
79.3,0.7,400,"bu","09:28:39",295800
79.1,0.5,100,"unknown","09:28:03",295400
79.1,0.5,200,"bu","09:28:00",295300
79.3,0.7,500,"bu","09:28:43",297500
79.2,0.6,600,"sd","09:28:41",297000
79.3,0.7,500,"bu","09:28:39",296400
79.3,0.7,100,"bu","09:28:39",295900
79.3,0.7,400,"bu","09:28:39",295800
79.1,0.5,100,"bu","09:28:03",295400
79.1,0.5,200,"bu","09:28:00",295300
79.1,0.5,2000,"bu","09:27:43",295100
79.1,0.5,100,"bu","09:27:40",293100
79.1,0.5,500,"bu","09:27:39",293000
79.1,0.5,300,"sd","09:27:33",292500
79.1,0.5,1000,"sd","09:27:33",292200
79.1,0.5,1000,"sd","09:27:33",291200
79.1,0.5,1000,"sd","09:27:33",290200
79.1,0.5,300,"sd","09:27:33",289200
79.2,0.6,700,"sd","09:27:33",288900
79.2,0.6,200,"sd","09:27:33",288200
79.2,0.6,100,"sd","09:27:33",288000
79.3,0.7,600,"bu","09:27:30",287900
79.3,0.7,400,"bu","09:27:30",287300
