"price","change","match_qtty","side","time","total_vol"
48.4,-0.45,6400,"","14:45:05",74300
48.7,-0.15,300,"bu","14:29:40",67900
48.65,-0.2,100,"bu","14:29:40",67600
48.6,-0.25,500,"bu","14:29:40",67500
48.5,-0.35,100,"bu","14:29:40",67000
48.5,-0.35,1300,"bu","14:29:33",66900
48.45,-0.4,500,"bu","14:29:33",65600
48.4,-0.45,2400,"bu","14:29:33",65100
48,-0.85,2900,"bu","14:29:33",62700
48,-0.85,100,"sd","14:28:30",59800
48,-0.85,400,"sd","14:27:53",59700
48,-0.85,100,"sd","14:27:36",59300
47.8,-1.05,400,"sd","14:24:38",59200
47.85,-1,100,"sd","14:23:55",58800
47.85,-1,100,"sd","14:23:18",58700
47.85,-1,300,"bu","14:23:01",58600
47.8,-1.05,500,"sd","14:22:55",58300
47.85,-1,100,"bu","14:22:16",57800
47.85,-1,100,"sd","14:20:42",57700
47.85,-1,1200,"sd","14:20:28",57600
47.9,-0.95,500,"sd","14:14:43",51700
47.95,-0.9,100,"bu","14:14:11",51200
47.9,-0.95,500,"sd","14:14:09",51100
47.9,-0.95,1000,"sd","14:13:55",50600
47.9,-0.95,500,"sd","14:13:45",49600
47.9,-0.95,500,"sd","14:12:44",49100
47.9,-0.95,500,"sd","14:12:30",48600
47.9,-0.95,500,"sd","14:11:40",48100
47.9,-0.95,500,"sd","14:11:23",47600
47.9,-0.95,500,"sd","14:10:35",47100
47.95,-0.9,400,"sd","14:09:28",46600
47.95,-0.9,500,"sd","14:08:51",46200
48,-0.85,400,"bu","14:05:14",45700
48,-0.85,200,"bu","14:04:00",45300
48,-0.85,300,"sd","14:03:22",45100
48,-0.85,500,"sd","14:03:11",44800
48,-0.85,100,"bu","14:02:46",44300
48,-0.85,100,"bu","14:02:04",44200
48,-0.85,100,"bu","14:00:11",44100
48,-0.85,100,"bu","14:00:00",44000
48.1,-0.4,400,"sd","13:48:58",99700
48.15,-0.35,200,"bu","13:48:28",99300
48.15,-0.35,200,"bu","13:48:28",99100
48.1,-0.4,300,"sd","13:46:33",98900
48.1,-0.4,200,"bu","13:45:56",98600
48.1,-0.4,200,"bu","13:45:50",98400
48.1,-0.4,500,"bu","13:45:03",98200
48.1,-0.4,100,"bu","13:44:14",97700
48.05,-0.45,2000,"sd","13:44:00",97600
48.05,-0.45,1600,"sd","13:43:19",95600
48.05,-0.45,200,"sd","13:43:15",94000
48.05,-0.45,200,"sd","13:42:42",93800
48.05,-0.45,1600,"sd","13:42:36",93600
48.05,-0.45,200,"sd","13:42:31",92000
48.1,-0.4,400,"bu","13:40:48",91800
48.1,-0.4,200,"bu","13:40:44",91400
48.1,-0.4,100,"bu","13:40:35",91200
48.1,-0.4,100,"bu","13:39:25",91100
48.1,-0.4,500,"sd","13:37:41",91000
48.1,-0.4,1500,"bu","13:37:21",90500
48.05,-0.45,300,"sd","13:36:56",89000
48.05,-0.45,3500,"sd","13:36:31",88700
48.05,-0.45,2900,"bu","13:36:08",85200
48,-0.5,1600,"sd","13:35:04",82300
48,-0.5,200,"sd","13:35:01",80700
48,-0.5,500,"sd","13:35:00",80500
48,-0.5,1800,"bu","13:33:57",80000
48,-0.5,300,"bu","13:31:33",78200
48,-0.5,400,"bu","13:30:56",77900
48,-0.5,100,"bu","13:29:41",77500
47.95,-0.55,200,"bu","13:28:58",77400
47.95,-0.55,100,"bu","13:28:43",77200
47.95,-0.55,100,"bu","13:28:40",77100
47.95,-0.55,100,"bu","13:28:26",77000
47.95,-0.55,1000,"bu","13:28:16",76900
47.95,-0.55,100,"bu","13:28:10",75900
47.85,-0.65,200,"sd","13:26:39",75800
47.9,-0.6,900,"sd","13:26:39",75600
48,-0.5,300,"bu","13:25:52",74600
48,-0.5,200,"sd","13:25:23",74300
48,-0.5,500,"sd","13:23:27",74100
48,-0.5,1600,"sd","13:23:03",73600
48,-0.5,200,"sd","13:23:00",72000
48.05,-0.45,100,"bu","13:22:14",71800
48,-0.5,1600,"sd","13:22:13",71700
48,-0.5,200,"sd","13:22:11",70100
48,-0.5,1600,"sd","13:22:07",69900
48,-0.5,200,"sd","13:22:03",68300
48,-0.5,1600,"sd","13:21:58",68100
48,-0.5,200,"sd","13:21:55",66500
48,-0.5,1600,"sd","13:21:51",66300
48,-0.5,200,"sd","13:21:49",64700
48,-0.5,800,"sd","13:21:44",64500
48,-0.5,100,"sd","13:21:40",63700
48,-0.5,800,"sd","13:21:37",63600
48,-0.5,100,"sd","13:21:34",62800
48,-0.5,500,"sd","13:21:32",62700
48,-0.5,400,"sd","13:21:23",62200
48.05,-0.45,200,"sd","13:21:16",61800
48.05,-0.45,1100,"sd","13:20:02",61600
48.1,-0.4,100,"sd","13:18:48",60500
48.15,-0.35,1200,"bu","13:18:23",60400
48.15,-0.35,700,"bu","13:17:18",59200
48.1,-0.4,700,"sd","13:17:17",58500
48.1,-0.4,500,"bu","13:15:55",57800
48.1,-0.4,600,"bu","13:15:47",57300
48.1,-0.4,200,"sd","13:15:36",56700
48.1,-0.4,100,"sd","13:15:29",56500
48.1,-0.4,500,"sd","13:15:28",56400
48.15,-0.35,1600,"bu","13:15:21",55900
48.15,-0.35,900,"sd","13:14:28",54300
48.15,-0.35,200,"bu","13:13:54",53400
48.15,-0.35,300,"sd","13:13:50",53200
48.15,-0.35,500,"bu","13:12:11",52900
48.15,-0.35,1200,"bu","13:11:59",52400
48.15,-0.35,800,"sd","13:11:32",51200
48.2,-0.3,300,"sd","13:09:51",50400
48.25,-0.25,400,"bu","13:08:57",50100
48.2,-0.3,200,"bu","13:08:44",49700
48.2,-0.3,100,"bu","13:07:57",49500
48.2,-0.3,500,"sd","13:07:32",49400
48.2,-0.3,100,"sd","13:07:32",48900
48.2,-0.3,100,"sd","13:07:22",48800
48.2,-0.3,800,"sd","13:07:19",48700
48.25,-0.25,100,"bu","13:06:59",47900
48.25,-0.25,500,"bu","13:06:41",47800
48.25,-0.25,100,"bu","13:04:02",47300
48.25,-0.25,500,"bu","13:00:55",47200
48.25,-0.25,100,"bu","13:00:35",46700
48.25,-0.25,300,"bu","13:00:04",46600
48.35,-0.15,200,"bu","11:24:11",46300
48.3,-0.2,200,"bu","11:24:11",46100
48.2,-0.3,2500,"sd","11:24:02",45900
48.25,-0.25,100,"sd","11:24:02",43400
48.3,-0.2,100,"sd","11:22:08",43300
48.35,-0.15,100,"bu","11:15:53",43200
48.3,-0.2,100,"sd","11:12:00",43100
48.3,-0.2,800,"sd","11:11:58",43000
48.3,-0.2,800,"sd","11:07:44",42200
48.3,-0.2,100,"sd","11:07:41",41400
48.35,-0.15,200,"bu","11:05:01",41300
48.35,-0.15,500,"bu","11:03:44",41100
48.35,-0.15,400,"bu","11:01:14",40600
48.35,-0.15,1000,"bu","10:57:20",40200
48.35,-0.15,500,"bu","10:56:01",39200
48.35,-0.15,400,"sd","10:53:35",38700
48.35,-0.15,100,"sd","10:53:33",38300
48.35,-0.15,800,"sd","10:53:31",38200
48.35,-0.15,200,"bu","10:51:43",37400
48.35,-0.15,1000,"bu","10:51:34",37200
48.35,-0.15,400,"bu","10:50:10",36200
48.35,-0.15,100,"bu","10:48:12",35800
48.35,-0.15,500,"bu","10:47:52",35700
48.35,-0.15,100,"bu","10:46:34",35200
48.3,-0.2,100,"sd","10:44:40",35100
48.4,-0.1,500,"sd","10:44:37",35000
48.4,-0.1,700,"bu","10:43:59",34500
48.4,-0.1,100,"bu","10:38:17",33800
48.35,-0.15,600,"bu","10:37:27",33700
48.3,-0.2,100,"sd","10:36:50",33100
48.35,-0.15,400,"bu","10:36:41",33000
48.3,-0.2,1700,"sd","10:35:45",32600
48.4,-0.1,100,"bu","10:34:35",30900
48.3,-0.2,100,"sd","10:34:29",30800
48.4,-0.1,700,"sd","10:34:23",30700
48.45,-0.05,100,"bu","10:33:07",30000
48.45,-0.05,100,"sd","10:32:38",29900
48.45,-0.05,700,"sd","10:28:53",29800
48.45,-0.05,100,"sd","10:26:11",29100
48.45,-0.05,100,"sd","10:20:50",29000
48.5,0,700,"sd","10:20:45",28900
48.5,0,800,"sd","10:20:31",28200
48.5,0,100,"sd","10:20:28",27400
48.5,0,1000,"bu","10:17:18",27300
48.5,0,4400,"bu","10:16:40",26300
48.5,0,500,"bu","10:16:13",21900
48.5,0,1000,"bu","10:13:57",21400
48.5,0,100,"bu","10:12:31",20400
48.5,0,200,"bu","10:12:25",20300
48.5,0,500,"bu","10:11:17",20100
48.5,0,300,"bu","10:11:16",19600
48.5,0,200,"bu","10:10:19",19300
48.5,0,400,"bu","10:10:18",19100
48.5,0,500,"bu","10:10:10",18700
48.5,0,100,"bu","10:09:25",18200
48.5,0,700,"sd","10:08:29",18100
48.5,0,100,"sd","10:08:27",17400
48.5,0,6000,"sd","10:08:22",17300
48.55,0.05,300,"bu","10:06:52",11300
48.55,0.05,1400,"sd","10:06:27",11000
48.6,0.1,800,"sd","10:06:08",9600
48.65,0.15,900,"bu","10:04:25",8800
48.65,0.15,100,"sd","10:03:56",7900
48.65,0.15,400,"bu","10:02:27",7800
48.65,0.15,100,"bu","10:01:54",7400
48.6,0.1,800,"sd","09:59:28",7300
48.6,0.1,100,"sd","09:59:26",6500
48.7,0.2,200,"sd","09:56:45",6400
48.7,0.2,500,"sd","09:50:51",6200
48.75,0.25,100,"sd","09:49:41",5700
48.75,0.25,500,"sd","09:47:08",5600
48.7,0.2,500,"bu","09:44:07",5100
48.7,0.2,400,"bu","09:43:43",4600
48.6,0.1,900,"bu","09:31:59",4200
48.6,0.1,900,"bu","09:24:35",3300
48.95,0.45,400,"bu","09:23:11",2400
48.6,0.1,800,"bu","09:19:20",2000
48.6,0.1,100,"sd","09:19:01",1200
48.5,0,1100,"","09:15:02",1100
48.75,-0.4,100,"sd","13:25:32",88600
48.75,-0.4,100,"sd","13:25:16",88500
48.75,-0.4,100,"sd","13:25:00",88400
48.75,-0.4,100,"sd","13:24:43",88300
48.75,-0.4,100,"sd","13:24:27",88200
48.75,-0.4,100,"sd","13:24:09",88100
48.75,-0.4,100,"sd","13:23:53",88000
48.75,-0.4,100,"sd","13:23:37",87900
48.75,-0.4,100,"sd","13:23:20",87800
48.75,-0.4,100,"sd","13:23:03",87700
48.7,-0.45,100,"sd","13:22:46",87600
48.7,-0.45,100,"sd","13:22:29",87500
48.75,-0.4,100,"sd","13:22:14",87400
48.75,-0.4,100,"sd","13:21:57",87300
48.75,-0.4,100,"sd","13:21:40",87200
48.8,-0.35,100,"sd","13:21:25",87100
48.75,-0.4,500,"sd","13:21:15",87000
48.75,-0.4,100,"sd","13:21:07",86500
48.75,-0.4,100,"sd","13:20:51",86400
48.75,-0.4,100,"sd","13:20:34",86300
48.75,-0.4,100,"sd","13:20:18",86200
48.75,-0.4,100,"sd","13:20:01",86100
48.75,-0.4,100,"sd","13:19:44",86000
48.75,-0.4,100,"sd","13:19:28",85900
48.75,-0.4,100,"sd","13:19:11",85800
48.75,-0.4,100,"sd","13:18:55",85700
48.75,-0.4,100,"sd","13:18:39",85600
48.75,-0.4,100,"sd","13:18:24",85500
48.7,-0.45,100,"sd","13:18:06",85400
48.7,-0.45,100,"sd","13:17:49",85300
48.8,-0.35,100,"sd","13:17:32",85200
48.7,-0.45,100,"sd","13:17:16",85100
48.7,-0.45,100,"sd","13:17:00",85000
48.7,-0.45,100,"sd","13:16:43",84900
48.7,-0.45,100,"sd","13:16:26",84800
48.7,-0.45,100,"sd","13:16:10",84700
48.7,-0.45,100,"sd","13:15:54",84600
48.7,-0.45,100,"sd","13:15:38",84500
48.7,-0.45,100,"sd","13:15:22",84400
48.7,-0.45,100,"sd","13:15:10",84300
48.7,-0.45,100,"sd","13:14:48",84200
48.7,-0.45,100,"sd","13:14:32",84100
48.7,-0.45,100,"sd","13:14:15",84000
48.7,-0.45,100,"sd","13:13:59",83900
48.7,-0.45,100,"sd","13:13:43",83800
48.7,-0.45,100,"sd","13:13:27",83700
48.7,-0.45,100,"sd","13:13:14",83600
48.7,-0.45,100,"sd","13:12:54",83500
48.7,-0.45,100,"sd","13:12:38",83400
48.7,-0.45,100,"sd","13:12:22",83300
48.7,-0.45,100,"sd","13:12:05",83200
48.7,-0.45,100,"sd","13:11:48",83100
48.7,-0.45,100,"sd","13:11:32",83000
48.75,-0.4,100,"sd","13:11:16",82900
48.75,-0.4,100,"sd","13:11:00",82800
48.75,-0.4,100,"sd","13:10:43",82700
48.75,-0.4,100,"sd","13:10:27",82600
48.75,-0.4,100,"sd","13:10:11",82500
49,-0.15,200,"bu","13:10:02",82400
48.75,-0.4,100,"sd","13:09:54",82200
48.75,-0.4,100,"sd","13:09:40",82100
48.75,-0.4,100,"sd","13:09:22",82000
48.7,-0.45,100,"sd","13:09:06",81900
48.7,-0.45,100,"sd","13:08:50",81800
48.75,-0.4,2000,"sd","13:08:46",81700
48.75,-0.4,100,"sd","13:08:32",79700
48.75,-0.4,100,"sd","13:08:18",79600
48.75,-0.4,100,"sd","13:08:01",79500
48.75,-0.4,100,"sd","13:07:44",79400
48.8,-0.35,100,"bu","13:07:19",79300
48.8,-0.35,900,"bu","13:07:10",79200
48.8,-0.35,9100,"sd","13:06:58",78300
48.8,-0.35,100,"sd","13:06:57",69200
49,-0.15,100,"bu","13:06:56",69100
48.8,-0.35,100,"sd","13:06:40",69000
48.85,-0.3,1900,"bu","13:06:33",68900
48.85,-0.3,8100,"sd","13:06:24",67000
49,-0.15,200,"bu","13:06:22",58900
48.85,-0.3,100,"sd","13:06:07",58700
48.85,-0.3,100,"sd","13:05:51",58600
48.85,-0.3,100,"sd","13:05:35",58500
48.85,-0.3,100,"sd","13:05:19",58400
48.85,-0.3,100,"sd","13:05:03",58300
48.85,-0.3,100,"sd","13:04:47",58200
48.85,-0.3,100,"sd","13:04:31",58100
48.85,-0.3,100,"sd","13:04:14",58000
48.85,-0.3,100,"sd","13:03:57",57900
48.85,-0.3,100,"sd","13:03:41",57800
48.85,-0.3,100,"sd","13:03:26",57700
48.85,-0.3,100,"sd","13:03:10",57600
48.85,-0.3,100,"sd","13:02:53",57500
48.85,-0.3,100,"sd","13:02:37",57400
48.85,-0.3,100,"sd","13:02:21",57300
49.2,0.05,100,"bu","13:02:20",57200
48.85,-0.3,100,"sd","13:02:06",57100
48.85,-0.3,100,"sd","13:01:49",57000
48.85,-0.3,100,"sd","13:01:33",56900
48.85,-0.3,100,"sd","13:01:17",56800
48.85,-0.3,100,"sd","13:01:02",56700
48.9,-0.25,1700,"bu","13:00:38",56600
48.85,-0.3,100,"sd","13:00:31",54900
48.9,-0.25,300,"bu","13:00:30",54800
48.9,-0.25,500,"bu","13:00:30",54500
48.9,-0.25,300,"bu","13:00:05",54000
48.9,-0.25,500,"bu","13:00:02",53700
48.9,-0.25,400,"bu","13:00:01",53200
48.9,-0.25,1300,"sd","11:29:50",52800
48.9,-0.25,100,"sd","11:28:12",51500
48.9,-0.25,100,"sd","11:27:41",51400
48.9,-0.25,100,"sd","11:27:05",51300
48.9,-0.25,100,"sd","11:26:32",51200
48.9,-0.25,300,"sd","11:26:31",51100
48.9,-0.25,100,"sd","11:25:58",50800
48.9,-0.25,100,"sd","11:25:34",50700
48.9,-0.25,100,"sd","11:24:54",50600
48.9,-0.25,100,"sd","11:24:19",50500
48.9,-0.25,100,"sd","11:23:46",50400
48.9,-0.25,100,"sd","11:23:13",50300
48.9,-0.25,100,"sd","11:22:40",50200
48.9,-0.25,100,"sd","11:22:07",50100
48.9,-0.25,100,"sd","11:21:34",50000
48.95,-0.2,100,"sd","11:21:05",49900
49,-0.15,100,"sd","11:20:50",49800
48.95,-0.2,100,"sd","11:20:27",49700
48.95,-0.2,100,"sd","11:19:54",49600
48.8,-0.35,100,"sd","11:19:21",49500
48.9,-0.25,100,"sd","11:18:48",49400
48.9,-0.25,100,"sd","11:18:15",49300
48.9,-0.25,100,"sd","11:17:42",49200
48.9,-0.25,100,"sd","11:17:08",49100
48.9,-0.25,100,"sd","11:16:35",49000
48.9,-0.25,100,"sd","11:16:03",48900
48.9,-0.25,100,"sd","11:15:29",48800
48.9,-0.25,300,"bu","11:14:29",48700
48.8,-0.35,100,"sd","11:14:23",48400
48.9,-0.25,700,"bu","11:14:08",48300
48.8,-0.35,100,"sd","11:13:50",47600
48.8,-0.35,100,"sd","11:13:17",47500
48.8,-0.35,100,"sd","11:12:44",47400
48.9,-0.25,300,"bu","11:12:36",47300
48.9,-0.25,1300,"bu","11:12:23",47000
48.8,-0.35,100,"sd","11:12:11",45700
48.8,-0.35,100,"sd","11:11:38",45600
48.8,-0.35,100,"sd","11:11:06",45500
48.9,-0.25,100,"bu","11:11:01",45400
48.9,-0.25,200,"bu","11:10:39",45300
48.85,-0.3,100,"sd","11:10:33",45100
48.9,-0.25,2200,"sd","11:10:22",45000
48.9,-0.25,100,"sd","11:09:59",42800
48.9,-0.25,100,"sd","11:09:26",42700
48.9,-0.25,100,"sd","11:08:55",42600
48.9,-0.25,100,"sd","11:08:20",42500
48.9,-0.25,100,"sd","11:07:48",42400
48.9,-0.25,100,"sd","11:07:15",42300
48.9,-0.25,100,"sd","11:06:42",42200
48.9,-0.25,100,"sd","11:06:09",42100
48.8,-0.35,100,"sd","11:05:36",42000
48.8,-0.35,100,"sd","11:05:04",41900
48.8,-0.35,100,"sd","11:04:31",41800
48.8,-0.35,100,"bu","11:03:39",41700
48.8,-0.35,200,"bu","11:03:24",41600
48.75,-0.4,100,"sd","11:02:53",41400
48.75,-0.4,100,"sd","11:02:19",41300
48.75,-0.4,100,"sd","11:01:46",41200
48.75,-0.4,100,"sd","11:01:14",41100
48.75,-0.4,100,"sd","11:00:41",41000
48.75,-0.4,100,"sd","11:00:08",40900
48.75,-0.4,100,"sd","10:59:36",40800
48.75,-0.4,100,"sd","10:59:03",40700
48.75,-0.4,100,"sd","10:58:30",40600
48.75,-0.4,100,"sd","10:57:57",40500
48.8,-0.35,100,"sd","10:57:24",40400
48.8,-0.35,100,"sd","10:56:52",40300
48.8,-0.35,100,"sd","10:56:19",40200
48.8,-0.35,100,"sd","10:55:46",40100
48.8,-0.35,100,"sd","10:55:14",40000
48.8,-0.35,100,"sd","10:54:41",39900
48.75,-0.4,100,"sd","10:54:08",39800
48.75,-0.4,100,"sd","10:53:36",39700
48.8,-0.35,200,"bu","10:53:34",39600
48.8,-0.35,5800,"sd","10:53:24",39400
48.85,-0.3,1600,"sd","10:53:24",33600
48.9,-0.25,900,"sd","10:53:24",32000
48.9,-0.25,100,"sd","10:53:03",31100
48.9,-0.25,100,"sd","10:52:31",31000
48.9,-0.25,100,"bu","10:51:30",30900
48.85,-0.3,100,"sd","10:51:25",30800
48.9,-0.25,100,"bu","10:51:10",30700
48.9,-0.25,300,"bu","10:51:04",30600
48.85,-0.3,100,"sd","10:50:53",30300
48.9,-0.25,1100,"sd","10:50:52",30200
48.9,-0.25,2600,"sd","10:50:51",29100
48.95,-0.2,900,"sd","10:50:51",26500
49,-0.15,1000,"sd","10:50:51",25600
48.95,-0.2,100,"sd","10:50:20",24600
49,-0.15,100,"sd","10:49:47",24500
48.95,-0.2,100,"sd","10:49:15",24400
48.95,-0.2,100,"sd","10:48:43",24300
48.95,-0.2,100,"sd","10:48:10",24200
48.95,-0.2,100,"sd","10:47:37",24100
48.95,-0.2,100,"sd","10:47:05",24000
48.95,-0.2,100,"sd","10:46:32",23900
48.95,-0.2,100,"sd","10:46:00",23800
48.95,-0.2,100,"sd","10:45:28",23700
48.95,-0.2,100,"sd","10:44:55",23600
48.95,-0.2,100,"sd","10:44:22",23500
48.9,-0.25,100,"sd","10:43:50",23400
48.9,-0.25,100,"sd","10:43:18",23300
48.9,-0.25,100,"sd","10:42:45",23200
48.9,-0.25,100,"sd","10:42:12",23100
48.9,-0.25,100,"sd","10:41:40",23000
48.9,-0.25,100,"sd","10:41:07",22900
48.9,-0.25,100,"sd","10:40:35",22800
48.9,-0.25,100,"sd","10:40:03",22700
48.9,-0.25,100,"sd","10:39:31",22600
48.9,-0.25,100,"sd","10:38:58",22500
48.9,-0.25,100,"sd","10:38:25",22400
48.9,-0.25,100,"sd","10:37:54",22300
48.9,-0.25,100,"sd","10:37:21",22200
48.9,-0.25,100,"sd","10:36:49",22100
48.9,-0.25,100,"sd","10:36:16",22000
48.9,-0.25,100,"sd","10:35:44",21900
48.9,-0.25,100,"sd","10:35:11",21800
48.9,-0.25,100,"sd","10:34:39",21700
48.9,-0.25,100,"sd","10:34:07",21600
48.9,-0.25,100,"sd","10:33:34",21500
49,-0.15,100,"sd","10:33:02",21400
48.9,-0.25,200,"sd","10:32:38",21300
48.9,-0.25,100,"sd","10:32:30",21100
48.9,-0.25,100,"sd","10:31:57",21000
48.9,-0.25,100,"sd","10:31:25",20900
48.9,-0.25,100,"sd","10:30:53",20800
48.9,-0.25,100,"sd","10:30:21",20700
48.9,-0.25,100,"sd","10:29:48",20600
48.9,-0.25,100,"sd","10:29:16",20500
48.9,-0.25,100,"sd","10:28:44",20400
48.95,-0.2,100,"sd","10:28:12",20300
48.9,-0.25,100,"sd","10:27:40",20200
48.95,-0.2,100,"sd","10:27:07",20100
48.9,-0.25,100,"sd","10:26:36",20000
48.9,-0.25,100,"sd","10:26:03",19900
48.9,-0.25,100,"sd","10:25:30",19800
49.15,0,400,"bu","10:24:34",19700
48.9,-0.25,100,"sd","10:24:27",19300
49.15,0,200,"bu","10:24:15",19200
48.9,-0.25,100,"sd","10:23:54",19000
48.9,-0.25,100,"sd","10:23:22",18900
48.9,-0.25,100,"sd","10:22:50",18800
48.9,-0.25,100,"sd","10:22:18",18700
48.9,-0.25,100,"sd","10:21:46",18600
48.9,-0.25,100,"sd","10:21:14",18500
48.9,-0.25,100,"sd","10:20:41",18400
48.95,-0.2,100,"sd","10:20:09",18300
48.95,-0.2,100,"sd","10:19:37",18200
49,-0.15,100,"sd","10:19:05",18100
48.9,-0.25,100,"sd","10:18:33",18000
49,-0.15,100,"sd","10:18:01",17900
49,-0.15,100,"sd","10:17:28",17800
48.9,-0.25,100,"sd","10:16:56",17700
49.15,0,100,"bu","10:16:29",17600
49,-0.15,200,"bu","10:16:10",17500
48.9,-0.25,100,"sd","10:15:52",17300
49,-0.15,4800,"sd","10:15:50",17200
49.15,0,2900,"bu","10:15:38",11300
49.15,0,1800,"sd","10:15:22",8400
49.15,0,100,"sd","10:15:20",6600
49.15,0,100,"sd","10:14:48",6500
49.15,0,100,"sd","10:14:16",6400
49.15,0,100,"sd","10:13:44",6300
49.15,0,100,"sd","10:13:13",6200
49.15,0,100,"sd","10:12:40",6100
49.15,0,100,"sd","10:12:08",6000
49.15,0,100,"sd","10:11:36",5900
49.15,0,100,"sd","10:11:04",5800
49.15,0,100,"sd","10:10:33",5700
49.15,0,100,"sd","10:10:00",5600
49.15,0,100,"sd","10:09:29",5500
49.2,0.05,100,"sd","10:08:57",5400
49.2,0.05,100,"sd","10:08:25",5300
49.2,0.05,100,"sd","10:07:53",5200
49.2,0.05,100,"sd","10:07:21",5100
49.2,0.05,100,"sd","10:06:49",5000
49.15,0,100,"sd","10:06:17",4900
49.2,0.05,100,"sd","10:05:45",4800
49.2,0.05,100,"sd","10:05:13",4700
49.2,0.05,100,"sd","10:04:41",4600
49.2,0.05,100,"sd","10:04:10",4500
49.2,0.05,100,"sd","10:03:37",4400
49.2,0.05,200,"sd","10:03:28",4300
49.2,0.05,100,"sd","10:03:06",4100
49.2,0.05,100,"sd","10:02:34",4000
49.2,0.05,100,"sd","10:02:02",3900
49.2,0.05,100,"sd","10:01:30",3800
49.2,0.05,100,"sd","10:00:58",3700
49.2,0.05,100,"sd","10:00:26",3600
49.2,0.05,100,"sd","09:59:54",3500
49.15,0,100,"sd","09:59:22",3400
49.2,0.05,100,"sd","09:58:51",3300
49.2,0.05,100,"sd","09:58:19",3200
49.2,0.05,100,"sd","09:57:47",3100
49.2,0.05,100,"sd","09:57:16",3000
49.2,0.05,100,"sd","09:56:44",2900
49.15,0,100,"sd","09:56:12",2800
49.15,0,100,"sd","09:55:39",2700
49.15,0,100,"sd","09:55:08",2600
49.15,0,100,"sd","09:54:36",2500
49.15,0,100,"sd","09:54:05",2400
49.2,0.05,100,"sd","09:53:33",2300
49.15,0,100,"sd","09:53:02",2200
49.15,0,100,"sd","09:52:30",2100
49.15,0,100,"sd","09:51:58",2000
49.4,0.25,100,"sd","09:51:27",1900
49.35,0.2,100,"sd","09:50:55",1800
49.35,0.2,100,"sd","09:50:23",1700
49.4,0.25,100,"sd","09:49:51",1600
49.35,0.2,100,"sd","09:49:19",1500
49.35,0.2,100,"sd","09:48:48",1400
49.55,0.4,100,"sd","09:38:28",1300
49.55,0.4,500,"sd","09:38:18",1200
49.55,0.4,100,"sd","09:37:34",700
49.55,0.4,100,"sd","09:37:22",600
49.55,0.4,100,"bu","09:37:15",500
49.2,0.05,100,"sd","09:37:10",300
49.55,0.4,100,"bu","09:21:50",200
49.15,0,100,"","09:15:01",100
61,1.9,100,"sd","10:08:07",202300
61.1,2,1000,"sd","10:08:07",202200
61.1,2,1000,"sd","10:08:07",201200
61.1,2,500,"sd","10:08:07",200200
61.1,2,100,"sd","10:08:07",199700
61.1,2,1500,"sd","10:07:57",199600
61.2,2.1,3000,"sd","10:07:57",198100
61.3,2.2,200,"sd","10:07:57",195100
61.3,2.2,300,"sd","10:07:57",194900
61.3,2.2,1000,"sd","10:07:31",194600
61.3,2.2,3600,"sd","10:07:18",193600
61.4,2.3,700,"sd","10:07:18",190000
61.5,2.4,700,"sd","10:07:18",189300
61.5,2.4,300,"sd","10:06:19",188600
61.5,2.4,700,"sd","10:06:19",188300
61.5,2.4,100,"sd","10:05:40",187600
61.5,2.4,200,"sd","10:05:12",187500
61.5,2.4,300,"sd","10:05:12",187300
61.5,2.4,100,"sd","10:05:00",187000
61.5,2.4,600,"bu","10:04:24",186900
61.5,2.4,900,"bu","10:04:14",186300
61.5,2.4,100,"bu","10:04:14",185400
61.5,2.4,200,"bu","10:03:52",185300
61.5,2.4,6800,"bu","10:03:36",185100
61.5,2.4,1000,"bu","10:03:36",178300
61.3,2.2,100,"bu","10:03:10",177300
61.1,2,200,"sd","10:02:23",177200
61.4,2.3,5000,"bu","10:02:20",177000
61.4,2.3,100,"bu","10:02:20",172000
61.4,2.3,300,"bu","10:02:20",171900
61.4,2.3,500,"bu","10:02:20",171600
61.4,2.3,100,"bu","10:02:20",171100
61.4,2.3,3000,"bu","10:02:20",171000
61.3,2.2,200,"bu","10:02:20",168000
61.3,2.2,500,"bu","10:02:20",167800
61.3,2.2,100,"bu","10:02:20",167300
61.3,2.2,200,"bu","10:02:20",167200
61.3,2.2,800,"bu","10:01:09",167000
61.3,2.2,100,"bu","10:01:09",166200
61.3,2.2,200,"sd","09:59:37",166100
61.3,2.2,400,"sd","09:59:31",165900
61.3,2.2,100,"sd","09:59:22",165500
61.3,2.2,5000,"bu","09:59:05",165400
61.3,2.2,100,"bu","09:59:05",160400
61.3,2.2,200,"bu","09:59:05",160300
61,1.9,200,"sd","09:59:04",160100
61,1.9,100,"sd","09:59:04",159900
61,1.9,1000,"sd","09:59:04",159800
61,1.9,900,"sd","09:59:04",158800
61,1.9,100,"sd","09:58:00",157900
61,1.9,2000,"sd","09:55:00",157800
61,1.9,4100,"sd","09:55:00",155800
61.1,2,3900,"sd","09:55:00",151700
61.1,2,500,"sd","09:54:55",147800
61.1,2,100,"sd","09:54:55",147300
61.3,2.2,1000,"bu","09:54:48",147200
61.3,2.2,5000,"bu","09:54:45",146200
61,1.9,300,"sd","09:54:39",141200
61,1.9,600,"sd","09:54:18",140900
61.4,2.3,1600,"bu","09:53:38",140300
61.3,2.2,500,"bu","09:53:38",138700
61,1.9,2900,"bu","09:53:38",138200
61,1.9,2800,"sd","09:53:25",135300
61,1.9,300,"sd","09:53:25",132500
61.4,2.3,100,"bu","09:53:10",132200
61.4,2.3,300,"bu","09:52:51",132100
61.4,2.3,100,"bu","09:52:50",131800
61.2,2.1,100,"bu","09:52:50",131700
61.1,2,1300,"bu","09:52:49",131600
61,1.9,1000,"bu","09:52:34",130300
61,1.9,1400,"bu","09:52:34",129300
61,1.9,5000,"bu","09:52:34",127900
61,1.9,300,"bu","09:52:34",122900
61,1.9,200,"bu","09:52:34",122600
61,1.9,500,"bu","09:52:34",122400
61,1.9,1000,"bu","09:52:34",121900
61,1.9,2000,"bu","09:52:34",120900
61,1.9,100,"bu","09:52:34",118900
61,1.9,1000,"bu","09:52:34",118800
60.9,1.8,5000,"bu","09:52:34",117800
60.9,1.8,900,"bu","09:52:34",112800
60.9,1.8,1000,"bu","09:52:34",111900
60.9,1.8,300,"bu","09:52:34",110900
60.8,1.7,100,"bu","09:52:21",110600
60.7,1.6,100,"bu","09:51:43",110500
60.7,1.6,1200,"sd","09:51:19",110400
60.8,1.7,2700,"sd","09:51:19",109200
60.8,1.7,2000,"bu","09:51:04",106500
60.8,1.7,3300,"bu","09:51:04",104500
60.7,1.6,100,"sd","09:50:51",101200
60.7,1.6,500,"sd","09:50:36",101100
60.7,1.6,100,"bu","09:48:34",100600
60.7,1.6,1100,"bu","09:48:34",100500
60.7,1.6,700,"sd","09:47:32",99400
60.7,1.6,4300,"bu","09:46:50",98700
60.7,1.6,700,"bu","09:46:38",94400
60.7,1.6,100,"bu","09:46:38",93700
60.7,1.6,100,"bu","09:46:38",93600
60.7,1.6,100,"bu","09:46:38",93500
60.7,1.6,100,"sd","09:45:38",93400
60.7,1.6,900,"sd","09:45:38",93300
60.7,1.6,2000,"sd","09:45:04",92400
60.7,1.6,100,"bu","09:44:56",90400
60.7,1.6,200,"bu","09:44:51",90300
60.7,1.6,4700,"sd","09:44:33",90100
60.7,1.6,300,"bu","09:44:06",85400
60.7,1.6,200,"sd","09:43:07",85100
60.7,1.6,500,"sd","09:43:07",84900
60.7,1.6,500,"bu","09:42:10",84400
60.7,1.6,1500,"sd","09:42:02",83900
60.7,1.6,1500,"bu","09:41:33",82400
60.7,1.6,100,"sd","09:40:47",80900
60.7,1.6,900,"sd","09:40:47",80800
60.7,1.6,1000,"sd","09:40:46",79900
60.7,1.6,300,"sd","09:40:08",78900
60.8,1.7,400,"bu","09:39:49",78600
60.8,1.7,500,"bu","09:39:33",78200
60.8,1.7,100,"bu","09:39:33",77700
60.8,1.7,200,"bu","09:39:14",77600
60.6,1.5,1000,"bu","09:38:48",75800
60.7,1.6,1600,"bu","09:38:48",77400
60.4,1.3,100,"bu","09:38:48",74800
60.4,1.3,100,"bu","09:38:48",74700
60.4,1.3,500,"sd","09:36:57",74600
60.4,1.3,4000,"bu","09:36:19",74100
60.2,1.1,500,"bu","09:36:19",70100
60.2,1.1,100,"bu","09:34:41",69600
60,0.9,400,"bu","09:34:31",69500
60,0.9,400,"bu","09:34:23",69100
60,0.9,100,"bu","09:34:15",68700
60,0.9,200,"bu","09:33:06",68600
60,0.9,200,"sd","09:32:56",68400
60,0.9,400,"sd","09:32:56",68200
60,0.9,200,"sd","09:32:56",67800
60,0.9,4000,"sd","09:32:56",67600
60,0.9,100,"sd","09:32:56",63600
60,0.9,1000,"sd","09:32:42",63500
60,0.9,800,"sd","09:32:30",62500
60.3,1.2,100,"bu","09:31:27",61700
60.3,1.2,100,"sd","09:30:24",61600
60.3,1.2,1500,"sd","09:30:16",61500
60.3,1.2,900,"sd","09:29:53",60000
60.3,1.2,2000,"sd","09:29:44",59100
60.5,1.4,1000,"sd","09:29:33",57100
60.3,1.2,500,"bu","09:28:17",56100
60.3,1.2,1000,"bu","09:27:57",55600
60.3,1.2,500,"bu","09:27:43",54600
60.7,1.6,8400,"bu","09:27:36",54100
60.5,1.4,200,"unknown","09:27:36",45700
60.5,1.4,2000,"unknown","09:27:36",45500
60.5,1.4,2000,"unknown","09:27:36",43500
60.5,1.4,1000,"unknown","09:27:36",41500
60.3,1.2,1000,"bu","09:27:36",40500
60.3,1.2,400,"bu","09:27:36",39500
60.3,1.2,600,"bu","09:26:49",39100
60,0.9,100,"bu","09:24:46",38500
60,0.9,100,"bu","09:24:40",38400
60,0.9,500,"bu","09:24:39",38300
60,0.9,2500,"bu","09:24:19",37800
60,0.9,4000,"sd","09:24:15",35300
60,0.9,6000,"bu","09:24:00",31300
60,0.9,100,"bu","09:23:49",25300
60,0.9,400,"bu","09:23:37",25200
60,0.9,200,"bu","09:23:37",24800
60,0.9,1500,"sd","09:23:27",24600
60,0.9,800,"sd","09:23:27",23100
60,0.9,800,"bu","09:23:15",22300
60,0.9,800,"bu","09:23:14",21500
60,0.9,500,"bu","09:23:08",20700
60,0.9,1300,"bu","09:23:08",20200
60,0.9,1100,"bu","09:23:02",18900
60,0.9,300,"bu","09:22:54",17800
60,0.9,200,"sd","09:22:52",17500
60.1,1,200,"sd","09:22:52",17300
60.1,1,500,"bu","09:22:32",17100
60,0.9,800,"bu","09:22:27",16600
60,0.9,200,"bu","09:22:23",15800
60,0.9,100,"bu","09:22:23",15600
60,0.9,3000,"bu","09:22:22",15500
60,0.9,1800,"bu","09:21:40",12500
60,0.9,100,"sd","09:20:21",10700
60,0.9,1000,"bu","09:20:06",10600
60,0.9,900,"bu","09:20:06",9600
60,0.9,100,"bu","09:19:44",8700
59.7,0.6,100,"bu","09:17:44",8600
59.7,0.6,300,"bu","09:17:26",8500
59.7,0.6,300,"sd","09:16:41",8200
59.7,0.6,200,"sd","09:16:41",7900
59.6,0.5,7700,"unknown","09:15:02",7700
