"price","change","match_qtty","side","time","total_vol"
21.6,-0.5,26600,"","14:45:02",867200
21.7,-0.4,1800,"sd","14:29:25",840600
21.7,-0.4,500,"sd","14:29:22",838800
21.7,-0.4,2000,"sd","14:29:12",838300
21.7,-0.4,800,"sd","14:28:52",836300
21.7,-0.4,500,"bu","14:28:45",835500
21.7,-0.4,1300,"sd","14:28:38",835000
21.7,-0.4,2500,"sd","14:28:33",833700
21.7,-0.4,1000,"sd","14:28:25",831200
21.7,-0.4,500,"sd","14:28:18",830200
21.7,-0.4,2400,"sd","14:28:17",829700
21.7,-0.4,600,"bu","14:28:09",827300
21.7,-0.4,1000,"bu","14:28:04",826700
21.7,-0.4,100,"bu","14:28:01",825700
21.7,-0.4,1500,"bu","14:27:54",825600
21.7,-0.4,300,"sd","14:27:52",824100
21.7,-0.4,500,"bu","14:27:40",823800
21.6,-0.5,400,"sd","14:27:39",823300
21.7,-0.4,500,"sd","14:27:30",822900
21.6,-0.5,20000,"sd","14:27:12",822400
22.1,0.1,100,"bu","14:26:01",746000
22.1,0.1,1000,"bu","14:25:44",745900
22.1,0.1,1000,"bu","14:25:39",744900
22.1,0.1,2000,"bu","14:25:09",743900
22,0,5000,"sd","14:24:38",741900
22.1,0.1,300,"bu","14:24:23",736900
22.1,0.1,6500,"bu","14:23:06",736600
22,0,100,"sd","14:22:58",730100
22,0,500,"sd","14:22:57",730000
22.1,0.1,500,"bu","14:22:26",729500
22.1,0.1,700,"bu","14:22:22",729000
22.1,0.1,2000,"bu","14:20:45",728300
22.1,0.1,100,"bu","14:19:58",726300
22,0,1000,"sd","14:19:20",726200
22,0,1000,"sd","14:19:09",725200
22,0,400,"bu","14:19:07",724200
22,0,3000,"bu","14:18:57",723800
22,0,1000,"bu","14:18:40",720800
21.9,-0.1,200,"sd","14:18:29",719800
22,0,1000,"bu","14:16:42",719600
22,-0.5,2000,"bu","14:22:09",936400
22,-0.5,2000,"bu","14:22:04",934400
22,-0.5,200,"bu","14:21:59",932400
22,-0.5,100,"bu","14:21:56",932200
22,-0.5,100,"bu","14:21:53",932100
22,-0.5,1000,"bu","14:21:51",932000
22,-0.5,1000,"bu","14:21:48",931000
22,-0.5,2000,"bu","14:21:39",930000
22,-0.5,300,"bu","14:21:36",928000
22,-0.5,1000,"bu","14:21:22",927700
22,-0.5,300,"bu","14:21:19",926700
22,-0.5,100,"bu","14:21:06",926400
21.9,-0.6,500,"sd","14:21:02",926300
22,-0.5,100,"bu","14:20:20",925800
21.9,-0.6,1000,"sd","14:20:12",925700
21.9,-0.6,2000,"sd","14:20:04",924700
21.9,-0.6,500,"sd","14:20:03",922700
22,-0.5,200,"bu","14:19:52",922200
22,-0.5,1000,"bu","14:19:42",922000
22,-0.5,5500,"sd","14:19:32",921000
22,-0.5,3000,"sd","14:19:28",915500
22,-0.5,1100,"sd","14:19:25",912500
22,-0.5,400,"sd","14:19:23",911400
22,-0.5,500,"sd","14:19:21",911000
22,-0.5,500,"sd","14:19:14",910500
22,-0.5,800,"sd","14:19:12",910000
22,-0.5,2000,"sd","14:19:00",909200
22,-0.5,100000,"sd","14:18:57",907200
22,-0.5,200,"sd","14:18:53",807200
22.1,-0.4,500,"bu","14:17:41",807000
22,-0.5,400,"sd","14:17:26",806500
22.1,-0.4,100,"bu","14:17:00",806100
22.1,-0.4,200,"bu","14:16:59",806000
22.1,-0.4,8300,"bu","14:16:33",805800
22.1,-0.4,1000,"sd","14:16:27",797500
22.1,-0.4,10000,"sd","14:16:02",796500
22.1,-0.4,7000,"sd","14:16:00",786500
22.1,-0.4,10000,"sd","14:15:47",779500
22.1,-0.4,1600,"sd","14:15:20",769500
22.2,-0.3,2000,"bu","14:14:28",767900
22.2,-0.3,100,"bu","14:13:35",765900
22.2,-0.3,1000,"bu","14:12:51",765800
22.1,-0.4,1000,"sd","14:12:50",764800
22.2,-0.3,5800,"bu","14:12:26",763800
22.2,-0.3,5000,"sd","14:12:18",758000
22.2,-0.3,100,"sd","14:12:14",753000
22.2,-0.3,5000,"sd","14:11:53",752900
22.2,-0.3,2300,"sd","14:10:15",747900
22.2,-0.3,600,"sd","14:09:28",745600
22.3,-0.2,400,"bu","14:09:10",745000
22.3,-0.2,100,"bu","14:08:59",744600
22.3,-0.2,3000,"bu","14:05:12",744500
22.3,-0.2,200,"bu","14:04:49",741500
22.1,-0.4,20000,"sd","14:03:29",741300
22.2,-0.3,1300,"","14:01:08",721300
22.2,-0.3,500,"bu","14:00:39",720000
22.2,-0.3,200,"bu","14:00:38",719500
22.2,-0.3,6200,"sd","14:00:17",719300
22.2,-0.3,100,"sd","13:58:00",713100
22.2,-0.3,2500,"sd","13:57:30",713000
22.2,-0.3,100,"bu","13:57:29",710500
22.2,-0.3,5000,"bu","13:57:21",710400
22.2,-0.3,300,"bu","13:57:16",705400
22.2,-0.3,900,"bu","13:57:12",705100
22.2,-0.3,100,"bu","13:57:07",704200
22.2,-0.3,1000,"bu","13:56:50",704100
22.2,-0.3,100,"bu","13:56:47",703100
22.2,-0.3,1300,"sd","13:56:46",703000
22.3,-0.2,500,"bu","13:55:16",701700
22.2,-0.3,2000,"sd","13:55:10",701200
22.3,-0.2,200,"bu","13:54:40",699200
22.2,-0.3,3000,"sd","13:54:12",699000
22.2,-0.3,200,"sd","13:53:37",696000
22.2,-0.3,100,"bu","13:52:01",695800
22.2,-0.3,2000,"sd","13:51:58",695700
22.2,-0.3,500,"sd","13:51:44",693700
22.2,-0.3,200,"bu","13:50:39",693200
22.2,-0.3,9800,"bu","13:50:23",693000
22.2,-0.3,2000,"sd","13:49:34",683200
22.2,-0.3,300,"sd","13:48:55",681200
22.2,-0.3,300,"sd","13:48:49",680900
22.2,-0.3,700,"bu","13:48:06",680600
22.2,-0.3,400,"bu","13:48:05",679900
22.2,-0.3,600,"bu","13:47:51",679500
22.2,-0.3,1000,"bu","13:47:47",678900
22.2,-0.3,700,"bu","13:47:44",677900
22.2,-0.3,200,"bu","13:47:42",677200
22.2,-0.3,400,"bu","13:47:33",677000
22.2,-0.3,500,"bu","13:47:26",676600
22.2,-0.3,200,"bu","13:47:25",676100
22.2,-0.3,500,"bu","13:47:11",675900
22.2,-0.3,100,"bu","13:46:59",675400
22.2,-0.3,500,"bu","13:46:24",675300
22.2,-0.3,400,"bu","13:46:23",674800
22.2,-0.3,100,"bu","13:45:58",674400
22.2,-0.3,1000,"bu","13:45:46",674300
22.2,-0.3,1000,"bu","13:45:45",673300
22.2,-0.3,500,"bu","13:45:34",672300
22.2,-0.3,2000,"bu","13:45:13",671800
22.2,-0.3,2000,"bu","13:44:37",669800
22.2,-0.3,200,"bu","13:42:48",667800
22.2,-0.3,1000,"bu","13:42:34",667600
22.2,-0.3,100,"bu","13:42:30",666600
22.1,-0.4,3000,"sd","13:42:18",666500
22.2,-0.3,200,"bu","13:41:44",663500
22.2,-0.3,300,"bu","13:40:41",663300
22.1,-0.4,200,"sd","13:40:12",663000
22.1,-0.4,1000,"sd","13:39:37",662800
22.1,-0.4,5000,"sd","13:39:21",661800
22.2,-0.3,500,"bu","13:39:17",656800
22.2,-0.3,2000,"bu","13:38:59",656300
22.2,-0.3,1000,"bu","13:38:29",654300
22.2,-0.3,300,"bu","13:37:36",653300
22.2,-0.3,1000,"bu","13:37:22",653000
22.2,-0.3,2000,"bu","13:36:33",652000
22.2,-0.3,11400,"bu","13:36:27",650000
22.2,-0.3,400,"bu","13:35:59",638600
22.2,-0.3,2000,"bu","13:35:02",638200
22.2,-0.3,1500,"sd","13:33:21",636200
22.2,-0.3,200,"sd","13:33:19",634700
22.2,-0.3,200,"sd","13:33:05",634500
22.2,-0.3,3000,"sd","13:33:04",634300
22.2,-0.3,900,"sd","13:32:56",631300
22.2,-0.3,2000,"sd","13:31:11",630400
22.2,-0.3,100,"sd","13:30:35",628400
22.2,-0.3,4900,"sd","13:30:10",628300
22.2,-0.3,1000,"bu","13:29:42",623400
22.2,-0.3,100,"bu","13:29:07",622400
22.2,-0.3,500,"bu","13:29:06",622300
22.2,-0.3,500,"bu","13:27:47",621800
22.2,-0.3,500,"bu","13:27:40",621300
22.2,-0.3,1000,"sd","13:27:12",620800
22.2,-0.3,100,"sd","13:27:08",619800
22.2,-0.3,400,"bu","13:26:58",619700
22.1,-0.4,100,"sd","13:26:56",619300
22.1,-0.4,100,"sd","13:26:45",619200
22.1,-0.4,500,"sd","13:26:42",619100
22.1,-0.4,4300,"bu","13:26:36",618600
22.1,-0.4,1000,"bu","13:26:33",614300
22.1,-0.4,1100,"bu","13:26:32",613300
22.1,-0.4,500,"bu","13:26:24",612200
22.1,-0.4,500,"bu","13:26:22",611700
22.1,-0.4,2000,"bu","13:26:17",611200
22.1,-0.4,100,"bu","13:25:53",609200
22.1,-0.4,1800,"bu","13:25:52",609100
22.1,-0.4,100,"bu","13:25:48",607300
22.1,-0.4,2000,"bu","13:25:46",607200
22.1,-0.4,1000,"bu","13:25:39",605200
22.1,-0.4,2000,"bu","13:25:35",604200
22.1,-0.4,500,"bu","13:25:29",602200
22.1,-0.4,100,"bu","13:25:24",601700
22.1,-0.4,100,"bu","13:24:52",601600
22,-0.5,2000,"sd","13:24:49",601500
22,-0.5,1000,"sd","13:24:46",599500
22,-0.5,2000,"sd","13:24:26",598500
22.1,-0.4,1300,"bu","13:24:04",596500
22.1,-0.4,100,"bu","13:23:55",595200
22.1,-0.4,600,"bu","13:23:53",595100
22.1,-0.4,5000,"bu","13:23:52",594500
22.1,-0.4,500,"bu","13:23:47",589500
22.1,-0.4,100,"bu","13:23:46",589000
22.1,-0.4,1000,"bu","13:23:16",588900
22.1,-0.4,500,"bu","13:23:09",587900
22.1,-0.4,200,"bu","13:23:06",587400
22.1,-0.4,200,"bu","13:22:58",587200
22.1,-0.4,1000,"sd","13:22:13",587000
22.1,-0.4,11500,"sd","13:22:09",586000
22.1,-0.4,300,"sd","13:22:08",574500
22.1,-0.4,7500,"sd","13:21:08",574200
22.1,-0.4,500,"sd","13:21:06",566700
22.1,-0.4,13100,"sd","13:19:34",566200
22.1,-0.4,2000,"sd","13:19:16",553100
22.2,-0.3,600,"bu","13:19:11",551100
22.2,-0.3,500,"bu","13:17:54",550500
22.2,-0.3,700,"bu","13:17:48",550000
22.2,-0.3,10200,"sd","13:17:16",549300
22.2,-0.3,700,"sd","13:16:27",539100
22.2,-0.3,200,"sd","13:16:24",538400
22.2,-0.3,600,"sd","13:14:12",538200
22.3,-0.2,200,"bu","13:12:30",537600
22.2,-0.3,1000,"sd","13:12:23",537400
22.2,-0.3,1000,"sd","13:12:19",536400
22.2,-0.3,2100,"sd","13:12:10",535400
22.2,-0.3,10500,"sd","13:12:00",533300
22.2,-0.3,15000,"sd","13:10:41",522800
22.1,-0.4,600,"sd","13:10:18",507800
22.2,-0.3,300,"bu","13:10:03",507200
22.2,-0.3,10000,"bu","13:09:35",506900
22.2,-0.3,200,"bu","13:09:12",496900
22.2,-0.3,200,"bu","13:09:04",496700
22.2,-0.3,500,"bu","13:09:03",496500
22.2,-0.3,300,"bu","13:08:48",496000
22.2,-0.3,500,"bu","13:08:20",495700
22.2,-0.3,1200,"bu","13:08:13",495200
22.2,-0.3,100,"bu","13:07:03",494000
22.2,-0.3,100,"bu","13:05:29",493900
22.2,-0.3,100,"bu","13:05:11",493800
22.2,-0.3,800,"sd","13:04:54",493700
22.2,-0.3,100,"sd","13:03:56",492900
22.2,-0.3,1100,"sd","13:03:47",492800
22.2,-0.3,2000,"sd","13:03:44",491700
22.2,-0.3,10000,"sd","13:03:39",489700
22.2,-0.3,2000,"sd","13:03:36",479700
22.2,-0.3,3000,"sd","13:03:32",477700
22.2,-0.3,5000,"sd","13:03:12",474700
22.2,-0.3,500,"sd","13:02:44",469700
22.2,-0.3,4000,"sd","13:02:35",469200
22.2,-0.3,1000,"sd","13:02:34",465200
22.2,-0.3,20000,"sd","13:02:20",464200
22.2,-0.3,1000,"sd","13:02:18",444200
22.2,-0.3,3000,"sd","13:02:02",443200
22.3,-0.2,100,"bu","13:01:20",440200
22.2,-0.3,200,"sd","13:00:38",440100
22.2,-0.3,10000,"sd","13:00:09",439900
22.2,-0.3,24700,"sd","13:00:08",429900
22.2,-0.3,800,"sd","13:00:07",405200
22.2,-0.3,500,"sd","13:00:06",404400
22.3,-0.2,1100,"bu","13:00:05",403900
22.2,-0.3,400,"sd","13:00:04",402800
22.2,-0.3,500,"sd","13:00:03",402400
22.2,-0.3,10200,"sd","13:00:02",401900
22.2,-0.3,3000,"sd","11:29:59",391700
22.2,-0.3,800,"sd","11:28:14",388700
22.2,-0.3,200,"sd","11:28:13",387900
22.2,-0.3,5000,"sd","11:28:02",387700
22.2,-0.3,1000,"sd","11:27:45",382700
22.3,-0.2,400,"bu","11:27:34",381700
22.2,-0.3,100,"sd","11:26:52",381300
22.2,-0.3,5900,"sd","11:24:42",381200
22.3,-0.2,1300,"bu","11:24:17",375300
22.3,-0.2,100,"bu","11:24:16",374000
22.3,-0.2,100,"bu","11:22:10",373900
22.3,-0.2,1000,"bu","11:22:07",373800
22.3,-0.2,1000,"bu","11:20:32",372800
22.3,-0.2,200,"bu","11:20:18",371800
22.3,-0.2,5300,"sd","11:20:04",371600
22.3,-0.2,100,"sd","11:19:16",366300
22.4,-0.1,100,"bu","11:14:41",366200
22.3,-0.2,200,"bu","11:13:56",366100
22.3,-0.2,1100,"sd","11:13:11",365900
22.3,-0.2,100,"sd","11:13:10",364800
22.3,-0.2,2800,"sd","11:13:00",364700
22.3,-0.2,300,"bu","11:12:58",361900
22.3,-0.2,500,"bu","11:12:54",361600
22.3,-0.2,1000,"bu","11:12:48",361100
22.3,-0.2,100,"bu","11:11:55",360100
22.2,-0.3,2000,"sd","11:10:45",360000
22.3,-0.2,100,"bu","11:10:35",358000
22.2,-0.3,1000,"sd","11:10:25",357900
22.3,-0.2,200,"bu","11:09:09",356900
22.3,-0.2,2000,"sd","11:08:26",356700
22.3,-0.2,300,"bu","11:07:54",354700
22.3,-0.2,300,"sd","11:07:21",354400
22.3,-0.2,300,"bu","11:07:03",354100
22.3,-0.2,200,"bu","11:06:42",353800
22.3,-0.2,1000,"bu","11:06:01",353600
22.3,-0.2,600,"bu","11:05:40",352600
22.3,-0.2,2900,"bu","11:05:06",352000
22.3,-0.2,100,"sd","11:04:53",349100
22.3,-0.2,3600,"sd","11:04:10",349000
22.3,-0.2,5000,"sd","11:03:43",345400
22.3,-0.2,5000,"sd","11:03:33",340400
22.3,-0.2,10000,"sd","11:01:39",335400
22.3,-0.2,5000,"sd","11:01:35",325400
22.3,-0.2,7000,"sd","11:01:22",320400
22.3,-0.2,7000,"sd","11:01:19",313400
22.3,-0.2,1600,"sd","11:00:17",306400
22.3,-0.2,5000,"sd","11:00:05",304800
22.3,-0.2,2000,"sd","11:00:02",299800
22.3,-0.2,200,"sd","10:59:44",297800
22.4,-0.1,1000,"bu","10:58:31",297600
22.3,-0.2,4300,"sd","10:58:28",296600
22.3,-0.2,10000,"sd","10:58:11",292300
22.3,-0.2,1000,"sd","10:55:45",282300
22.3,-0.2,300,"sd","10:55:38",281300
22.3,-0.2,6000,"sd","10:52:58",281000
22.4,-0.1,400,"bu","10:52:43",275000
22.4,-0.1,5000,"bu","10:51:57",274600
22.4,-0.1,400,"bu","10:51:50",269600
22.4,-0.1,200,"bu","10:51:34",269200
22.4,-0.1,5000,"bu","10:51:14",269000
22.4,-0.1,1000,"bu","10:50:52",264000
22.4,-0.1,2000,"bu","10:50:39",263000
22.4,-0.1,200,"bu","10:48:02",261000
22.3,-0.2,500,"sd","10:46:47",260800
22.4,-0.1,100,"bu","10:46:29",260300
22.4,-0.1,200,"bu","10:46:28",260200
22.4,-0.1,3000,"bu","10:46:22",260000
22.4,-0.1,1000,"bu","10:46:19",257000
22.4,-0.1,22300,"bu","10:46:04",256000
22.3,-0.2,100,"sd","10:45:59",233700
22.3,-0.2,100,"sd","10:45:34",233600
22.3,-0.2,200,"sd","10:45:20",233500
22.3,-0.2,200,"sd","10:44:16",233300
22.3,-0.2,5000,"sd","10:44:00",233100
22.3,-0.2,1000,"sd","10:43:11",228100
22.4,-0.1,1000,"bu","10:43:07",227100
22.3,-0.2,100,"sd","10:42:59",226100
22.3,-0.2,200,"sd","10:42:40",226000
22.3,-0.2,100,"sd","10:36:55",225800
22.3,-0.2,100,"sd","10:34:37",225700
22.4,-0.1,600,"bu","10:34:00",225600
22.4,-0.1,1400,"bu","10:32:49",225000
22.4,-0.1,1000,"bu","10:32:43",223600
22.4,-0.1,100,"bu","10:31:52",222600
22.4,-0.1,12600,"sd","10:30:35",222500
22.4,-0.1,200,"sd","10:30:19",209900
22.4,-0.1,100,"sd","10:28:38",209700
22.4,-0.1,500,"sd","10:28:08",209600
22.4,-0.1,200,"sd","10:26:52",209100
22.4,-0.1,300,"sd","10:25:00",208900
22.4,-0.1,5000,"sd","10:22:36",208600
22.4,-0.1,4000,"sd","10:20:59",203600
22.4,-0.1,2000,"sd","10:20:17",199600
22.4,-0.1,100,"sd","10:19:11",197600
22.4,-0.1,500,"sd","10:17:54",197500
22.4,-0.1,1600,"sd","10:15:52",197000
22.4,-0.1,500,"sd","10:15:40",195400
22.4,-0.1,500,"sd","10:15:24",194900
22.4,-0.1,500,"sd","10:15:19",194400
22.4,-0.1,900,"sd","10:14:42",193900
22.4,-0.1,1000,"bu","10:12:47",193000
22.4,-0.1,9000,"bu","10:12:25",192000
22.4,-0.1,10000,"sd","10:12:18",183000
22.5,0,1400,"bu","10:11:24",173000
22.5,0,5000,"sd","10:10:36",171600
22.5,0,500,"sd","10:09:53",166600
22.5,0,700,"sd","10:08:30",166100
22.5,0,1000,"sd","10:08:26",165400
22.5,0,300,"sd","10:06:27",164400
22.5,0,1800,"sd","10:04:34",164100
22.4,-0.1,200,"sd","10:04:17",162300
22.5,0,5000,"bu","10:04:15",162100
22.4,-0.1,500,"sd","10:03:07",157100
22.4,-0.1,1000,"sd","10:02:15",156600
22.4,-0.1,700,"sd","10:01:48",155600
22.5,0,1200,"sd","10:00:36",154900
22.5,0,1800,"sd","10:00:29",153700
22.5,0,5000,"bu","10:00:25",151900
22.5,0,1000,"bu","09:59:53",146900
22.5,0,5000,"bu","09:59:05",145900
22.5,0,500,"bu","09:56:25",140900
22.5,0,500,"bu","09:56:11",140400
22.4,-0.1,1500,"sd","09:53:51",139900
22.5,0,200,"bu","09:53:15",138400
22.5,0,300,"bu","09:52:21",138200
22.5,0,2000,"bu","09:51:16",137900
22.5,0,2500,"bu","09:51:10",135900
22.5,0,1200,"bu","09:50:28",133400
22.5,0,500,"bu","09:50:15",132200
22.5,0,200,"bu","09:50:01",131700
22.5,0,1000,"bu","09:49:42",131500
22.5,0,100,"bu","09:46:29",130500
22.5,0,4500,"bu","09:44:57",130400
22.5,0,500,"bu","09:44:54",125900
22.5,0,1000,"bu","09:44:39",125400
22.5,0,200,"bu","09:44:23",124400
22.5,0,100,"bu","09:42:58",124200
22.5,0,1000,"bu","09:42:30",124100
22.5,0,200,"bu","09:41:37",123100
22.4,-0.1,700,"","09:39:29",122900
22.4,-0.1,200,"bu","09:39:11",122200
22.4,-0.1,100,"bu","09:39:06",122000
22.4,-0.1,3000,"bu","09:39:00",121900
22.4,-0.1,5000,"bu","09:38:33",118900
22.5,0,300,"bu","09:38:12",113900
22.4,-0.1,1000,"","09:37:47",113600
22.4,-0.1,100,"bu","09:37:46",112600
22.4,-0.1,500,"bu","09:37:15",112500
22.3,-0.2,100,"sd","09:34:24",112000
22.3,-0.2,2000,"sd","09:33:55",111900
22.3,-0.2,100,"sd","09:33:25",109900
22.3,-0.2,2400,"sd","09:33:21",109800
22.3,-0.2,200,"bu","09:33:14",107400
22.3,-0.2,1000,"bu","09:33:12",107200
22.3,-0.2,700,"bu","09:33:07",106200
22.3,-0.2,300,"bu","09:33:00",105500
22.3,-0.2,500,"bu","09:32:52",105200
22.3,-0.2,500,"bu","09:32:45",104700
22.3,-0.2,1400,"bu","09:32:41",104200
22.3,-0.2,600,"sd","09:32:34",102800
22.3,-0.2,1000,"bu","09:32:29",102200
22.3,-0.2,5000,"bu","09:32:24",101200
22.3,-0.2,500,"bu","09:32:02",96200
22.3,-0.2,1200,"bu","09:31:59",95700
22.3,-0.2,200,"bu","09:31:54",94500
22.3,-0.2,5000,"bu","09:31:52",94300
22.3,-0.2,400,"bu","09:31:29",89300
22.3,-0.2,100,"bu","09:31:25",88900
22.3,-0.2,100,"bu","09:30:55",88800
22.3,-0.2,100,"bu","09:30:47",88700
22.3,-0.2,11100,"sd","09:30:07",88600
22.3,-0.2,2500,"sd","09:29:22",77500
22.3,-0.2,2500,"sd","09:28:45",75000
22.3,-0.2,1000,"sd","09:28:22",72500
22.3,-0.2,2600,"sd","09:28:04",71500
22.4,-0.1,100,"bu","09:27:25",68900
22.4,-0.1,2500,"bu","09:27:17",68800
22.4,-0.1,2000,"bu","09:26:44",66300
22.3,-0.2,1200,"sd","09:26:41",64300
22.4,-0.1,2300,"bu","09:26:27",63100
22.4,-0.1,2500,"sd","09:26:01",60800
22.4,-0.1,200,"sd","09:24:48",58300
22.4,-0.1,1200,"sd","09:23:33",58100
22.5,0,500,"bu","09:23:26",56900
22.4,-0.1,2400,"sd","09:23:16",56400
22.4,-0.1,3000,"sd","09:21:41",54000
22.4,-0.1,2000,"sd","09:20:56",51000
22.4,-0.1,300,"sd","09:20:54",49000
22.4,-0.1,1000,"sd","09:20:07",48700
22.4,-0.1,2000,"sd","09:19:54",47700
22.4,-0.1,200,"sd","09:19:12",45700
22.4,-0.1,500,"bu","09:19:09",45500
22.4,-0.1,2300,"bu","09:19:08",45000
22.4,-0.1,1000,"sd","09:19:01",42700
22.4,-0.1,1500,"sd","09:18:56",41700
22.4,-0.1,200,"sd","09:18:29",40200
22.4,-0.1,2100,"sd","09:18:05",40000
22.5,0,100,"bu","09:18:01",37900
22.5,0,3000,"bu","09:17:23",37800
22.5,0,100,"bu","09:17:06",34800
22.5,0,1000,"bu","09:16:44",34700
22.5,0,1000,"bu","09:15:48",33700
22.5,0,1600,"bu","09:15:22",32700
22.5,0,100,"bu","09:15:20",31100
22.4,-0.1,400,"sd","09:14:47",31000
22.4,-0.1,1000,"sd","09:14:29",30600
22.2,-0.3,20000,"sd","09:12:45",29600
22.5,0,600,"bu","09:12:32",9600
22.5,0,200,"bu","09:09:50",9000
22.5,0,300,"bu","09:08:36",8800
22.5,0,100,"bu","09:07:31",8500
22.5,0,200,"bu","09:06:29",8400
22.5,0,500,"bu","09:06:25",8200
22.5,0,500,"bu","09:05:36",7700
22.5,0,500,"bu","09:05:24",7200
22.5,0,100,"bu","09:04:42",6700
22.5,0,3000,"bu","09:03:41",6600
22.4,-0.1,1300,"sd","09:03:13",3600
22.5,0,2000,"bu","09:02:58",2300
22.4,-0.1,200,"sd","09:01:22",300
22.4,-0.1,100,"bu","09:00:13",100
23.2,0,100,"bu","09:25:25",22700
23.2,0,200,"bu","09:24:17",22600
23.2,0,200,"bu","09:23:36",22400
23.2,0,100,"bu","09:23:09",22200
23.2,0,100,"bu","09:22:02",22100
23.2,0,100,"bu","09:20:54",22000
23.2,0,400,"bu","09:20:44",21900
23.2,0,100,"bu","09:20:29",21500
23.2,0,200,"bu","09:20:01",21400
23.2,0,200,"bu","09:19:46",21200
23.2,0,100,"bu","09:18:46",21000
23.1,-0.1,200,"sd","09:17:06",20900
23.2,0,2000,"bu","09:16:25",20700
23.2,0,100,"bu","09:16:24",18700
23.2,0,100,"bu","09:15:36",18600
23.1,-0.1,600,"sd","09:15:01",18500
23.1,-0.1,3600,"sd","09:13:23",17900
23.1,-0.1,2000,"sd","09:10:32",14300
23.2,0,2400,"sd","09:10:22",12300
23.2,0,200,"sd","09:08:56",9900
23.2,0,200,"sd","09:07:42",9700
23.2,0,3200,"sd","09:07:10",9500
23.2,0,1000,"sd","09:06:35",6300
23.3,0.1,800,"sd","09:02:49",5300
23.3,0.1,1000,"sd","09:02:36",4500
23.4,0.2,500,"bu","09:00:18",3500
23.2,0,3000,"sd","09:00:14",3000
24.3,0.9,200,"sd","09:34:34",504200
24.3,0.9,3000,"sd","09:34:28",504000
24.3,0.9,200,"sd","09:34:24",501000
24.3,0.9,200,"sd","09:34:14",500800
24.3,0.9,300,"sd","09:34:12",500600
24.3,0.9,1000,"sd","09:33:59",500300
24.4,1,200,"bu","09:33:58",499300
24.3,0.9,1000,"sd","09:33:54",499100
24.3,0.9,1200,"sd","09:33:44",498100
24.3,0.9,1200,"sd","09:33:38",496900
24.3,0.9,500,"sd","09:33:36",495700
24.3,0.9,100,"sd","09:33:31",495200
24.3,0.9,1000,"sd","09:33:24",495100
24.3,0.9,2000,"sd","09:33:14",494100
24.3,0.9,1000,"sd","09:33:09",492100
24.3,0.9,500,"sd","09:33:02",491100
24.4,1,1000,"bu","09:32:58",490600
24.3,0.9,100,"sd","09:32:56",489600
24.3,0.9,500,"sd","09:32:55",489500
24.3,0.9,700,"sd","09:32:53",489000
24.3,0.9,1000,"sd","09:32:47",488300
24.3,0.9,400,"sd","09:32:44",487300
24.3,0.9,2000,"sd","09:32:41",486900
24.3,0.9,3000,"sd","09:32:26",484900
24.3,0.9,100,"sd","09:32:23",481900
24.3,0.9,500,"sd","09:32:11",481800
24.3,0.9,100,"sd","09:32:09",481300
24.3,0.9,100,"sd","09:32:03",481200
24.3,0.9,1000,"bu","09:31:59",481100
24.3,0.9,1000,"sd","09:31:52",480100
24.3,0.9,300,"sd","09:31:48",479100
24.3,0.9,5600,"sd","09:31:44",478800
24.4,1,100,"bu","09:31:41",473200
24.4,1,500,"bu","09:31:35",473100
24.4,1,100,"bu","09:31:33",472600
24.4,1,400,"bu","09:31:31",472500
24.4,1,500,"bu","09:31:26",472100
24.4,1,3800,"sd","09:31:24",471600
24.4,1,100,"sd","09:31:22",467800
24.5,1.1,4900,"bu","09:31:21",467700
24.4,1,5700,"sd","09:31:18",462800
24.4,1,2000,"sd","09:31:17",457100
24.4,1,16100,"sd","09:31:12",455100
24.4,1,3200,"sd","09:31:09",439000
24.4,1,2000,"sd","09:31:07",435800
24.4,1,2000,"sd","09:31:05",433800
24.4,1,200,"sd","09:30:59",431800
24.4,1,1000,"sd","09:30:58",431600
24.5,1.1,4500,"bu","09:30:56",430600
24.4,1,2000,"sd","09:30:54",426100
24.5,1.1,900,"bu","09:30:50",424100
24.4,1,7000,"sd","09:30:43",423200
24.5,1.1,1000,"bu","09:30:37",416200
24.5,1.1,1200,"bu","09:30:33",415200
24.4,1,2500,"sd","09:30:32",414000
24.4,1,500,"sd","09:30:31",411500
24.4,1,2500,"sd","09:30:27",411000
24.4,1,1400,"bu","09:30:25",408500
24.4,1,9800,"bu","09:30:24",407100
24.4,1,11100,"bu","09:30:21",397300
24.4,1,1000,"bu","09:30:13",386200
24.4,1,100,"bu","09:30:10",385200
24.3,0.9,2200,"sd","09:30:09",385100
24.3,0.9,200,"sd","09:30:07",382900
24.3,0.9,2000,"bu","09:30:06",382700
24.3,0.9,1500,"bu","09:30:04",380700
24.3,0.9,9000,"bu","09:30:01",379200
24.3,0.9,10000,"bu","09:29:55",370200
24.3,0.9,1000,"bu","09:29:50",360200
24.2,0.8,100,"sd","09:29:39",359200
24.2,0.8,100,"sd","09:29:37",359100
24.2,0.8,3900,"bu","09:29:35",359000
24.1,0.7,3000,"sd","09:29:34",355100
24.2,0.8,1200,"bu","09:29:33",352100
24.2,0.8,500,"bu","09:29:28",350900
24.2,0.8,500,"bu","09:29:24",350400
24.2,0.8,5000,"bu","09:29:23",349900
24.2,0.8,5000,"bu","09:29:20",344900
24.1,0.7,2600,"sd","09:29:13",339900
24.1,0.7,5100,"bu","09:29:11",337300
24.1,0.7,2000,"bu","09:29:10",332200
24.1,0.7,3000,"bu","09:29:09",330200
24.1,0.7,7200,"bu","09:29:08",327200
24.1,0.7,400,"bu","09:29:02",320000
24.1,0.7,2900,"bu","09:28:59",319600
24.1,0.7,100,"bu","09:28:58",316700
24.1,0.7,300,"bu","09:28:56",316600
24.1,0.7,500,"bu","09:28:52",316300
24.1,0.7,1100,"bu","09:28:50",315800
24,0.6,10000,"sd","09:28:44",314700
24,0.6,500,"sd","09:28:42",304700
24.1,0.7,1900,"bu","09:28:39",304200
24.1,0.7,300,"bu","09:28:38",302300
24,0.6,200,"sd","09:28:37",302000
24,0.6,100,"sd","09:28:35",301800
24.1,0.7,200,"bu","09:28:28",301700
24.1,0.7,4100,"bu","09:28:27",301500
24,0.6,200,"sd","09:28:10",297400
24,0.6,2500,"bu","09:28:06",297200
24,0.6,500,"bu","09:28:05",294700
24,0.6,3000,"bu","09:28:04",294200
24,0.6,1000,"bu","09:27:59",291200
24,0.6,5000,"bu","09:27:58",290200
24,0.6,3000,"bu","09:27:48",285200
24,0.6,1000,"bu","09:27:35",282200
24,0.6,2500,"sd","09:27:28",281200
24,0.6,5000,"","09:27:05",278700
23.9,0.5,3900,"bu","09:27:02",273700
24,0.6,100,"bu","09:26:41",269800
24,0.6,100,"sd","09:26:33",269700
24,0.6,100,"sd","09:26:32",269600
24,0.6,6900,"sd","09:26:25",269500
23.8,0.4,20500,"sd","09:26:23",262600
24,0.6,2500,"bu","09:26:20",242100
24,0.6,1800,"bu","09:26:13",239600
23.9,0.5,100,"sd","09:26:10",237800
24,0.6,3000,"bu","09:26:08",237700
23.9,0.5,200,"sd","09:26:04",234700
23.9,0.5,500,"sd","09:25:58",234500
23.9,0.5,500,"sd","09:25:53",234000
23.9,0.5,1000,"sd","09:25:48",233500
24,0.6,100,"bu","09:25:46",232500
24,0.6,200,"bu","09:25:42",232400
23.9,0.5,1000,"sd","09:25:41",232200
23.9,0.5,10000,"sd","09:25:38",231200
23.9,0.5,200,"sd","09:25:31",221200
23.9,0.5,500,"sd","09:25:27",221000
23.9,0.5,300,"sd","09:25:10",220500
23.9,0.5,5000,"sd","09:24:55",220200
23.9,0.5,200,"sd","09:24:54",215200
24,0.6,100,"bu","09:24:50",215000
23.9,0.5,500,"sd","09:24:39",214900
24,0.6,1400,"bu","09:24:36",214400
24,0.6,2100,"bu","09:24:26",213000
24,0.6,4300,"bu","09:24:23",210900
24,0.6,2000,"bu","09:24:12",206600
23.8,0.4,45000,"sd","09:24:06",204600
24,0.6,10000,"bu","09:24:05",159600
23.9,0.5,100,"sd","09:24:01",149600
23.9,0.5,5400,"bu","09:23:54",149500
23.9,0.5,200,"bu","09:23:43",143100
23.9,0.5,800,"bu","09:23:33",142900
23.9,0.5,1000,"sd","09:23:27",142100
24,0.6,2400,"bu","09:23:26",141100
23.9,0.5,5500,"sd","09:23:24",138700
24,0.6,2700,"bu","09:23:19",133200
23.9,0.5,1000,"sd","09:23:08",130500
23.9,0.5,1000,"sd","09:23:06",129500
24,0.6,100,"bu","09:23:05",128500
24,0.6,400,"bu","09:23:04",128400
24,0.6,900,"bu","09:23:01",128000
24,0.6,1500,"bu","09:22:56",127100
24,0.6,3000,"sd","09:22:53",125600
24,0.6,2400,"bu","09:22:52",122600
24,0.6,10000,"bu","09:22:49",120200
23.9,0.5,100,"sd","09:22:48",110200
23.9,0.5,6900,"sd","09:22:44",110100
23.8,0.4,400,"sd","09:22:41",103200
23.8,0.4,300,"sd","09:22:29",102800
23.8,0.4,100,"sd","09:22:17",102500
23.8,0.4,2500,"sd","09:22:14",102400
23.8,0.4,5400,"sd","09:22:08",99900
23.8,0.4,100,"bu","09:21:50",94500
23.8,0.4,1000,"bu","09:21:48",94400
23.8,0.4,1600,"bu","09:21:36",93400
23.7,0.3,2000,"bu","09:21:29",91800
23.7,0.3,3000,"bu","09:21:26",89800
23.7,0.3,500,"bu","09:21:24",86800
23.7,0.3,5000,"bu","09:21:16",86300
23.6,0.2,2000,"bu","09:21:15",81300
23.6,0.2,800,"bu","09:21:09",79300
23.6,0.2,1000,"bu","09:21:03",78500
23.5,0.1,5000,"sd","09:20:56",77500
23.5,0.1,1000,"bu","09:20:45",72500
23.5,0.1,1900,"bu","09:20:40",71500
23.4,0,200,"bu","09:20:25",69600
23.4,0,1400,"bu","09:20:24",69400
23.4,0,1500,"bu","09:20:22",68000
23.4,0,3000,"bu","09:20:21",66500
23.4,0,3500,"bu","09:20:20",63500
23.4,0,2000,"bu","09:20:18",60000
23.4,0,1000,"bu","09:20:17",58000
23.4,0,12000,"bu","09:20:15",57000
23.4,0,400,"bu","09:20:13",45000
23.4,0,2000,"bu","09:20:07",44600
23.4,0,900,"bu","09:20:03",42600
23.4,0,2700,"bu","09:19:42",41700
23.4,0,600,"sd","09:19:39",39000
23.5,0.1,100,"bu","09:19:34",38400
23.5,0.1,400,"bu","09:19:29",38300
23.5,0.1,100,"bu","09:19:24",37900
23.4,0,100,"sd","09:19:05",37800
23.4,0,5900,"sd","09:18:55",37700
23.4,0,200,"bu","09:18:54",31800
23.4,0,100,"bu","09:18:52",31600
23.4,0,2000,"bu","09:18:47",31500
23.4,0,8000,"bu","09:18:42",29500
23.4,0,4800,"bu","09:18:32",21500
23.4,0,300,"bu","09:18:27",16700
23.4,0,700,"bu","09:17:58",16400
23.3,-0.1,3000,"sd","09:17:27",15700
23.3,-0.1,500,"sd","09:16:28",12700
23.3,-0.1,7000,"","09:16:19",12200
23.3,-0.1,500,"sd","09:15:43",5200
23.3,-0.1,100,"bu","09:14:58",4700
23.3,-0.1,1000,"bu","09:14:51",4600
23.3,-0.1,400,"","09:11:53",3600
23.3,-0.1,100,"","09:10:24",3200
23.2,-0.2,500,"sd","09:10:16",3100
23.3,-0.1,500,"sd","09:10:04",2600
23.3,-0.1,400,"sd","09:09:00",2100
23.4,0,300,"bu","09:05:58",1700
23.3,-0.1,200,"","09:04:10",1400
23.3,-0.1,500,"sd","09:03:50",1200
23.4,0,100,"bu","09:01:51",700
23.4,0,600,"bu","09:00:33",600
23.3,-0.5,22500,"bu","10:32:14",655800
23.2,-0.6,100,"sd","10:31:55",633300
23.3,-0.5,2000,"bu","10:31:23",633200
23.3,-0.5,2000,"bu","10:29:46",631200
23.3,-0.5,2500,"bu","10:29:23",629200
23.3,-0.5,5000,"bu","10:29:04",626700
23.3,-0.5,500,"bu","10:28:47",621700
23.3,-0.5,2900,"bu","10:28:40",621200
23.3,-0.5,2000,"bu","10:28:28",618300
23.3,-0.5,300,"bu","10:28:27",616300
23.3,-0.5,100,"bu","10:28:24",616000
23.3,-0.5,200,"bu","10:27:47",615900
23.3,-0.5,7000,"bu","10:27:18",615700
23.3,-0.5,200,"bu","10:26:57",608700
23.3,-0.5,100,"bu","10:26:32",608500
23.2,-0.6,1000,"bu","10:22:36",608400
23.2,-0.6,200,"bu","10:22:16",607400
23.2,-0.6,500,"bu","10:21:35",607200
23.2,-0.6,900,"sd","10:21:32",606700
23.2,-0.6,100,"bu","10:21:07",605800
23.2,-0.6,5000,"bu","10:21:04",605700
23.2,-0.6,2100,"sd","10:21:00",600700
23.2,-0.6,3000,"sd","10:20:51",598600
23.3,-0.5,1500,"bu","10:20:33",595600
23.2,-0.6,800,"sd","10:19:48",594100
23.2,-0.6,3000,"sd","10:19:41",593300
23.2,-0.6,500,"sd","10:19:36",590300
23.2,-0.6,3000,"sd","10:19:26",589800
23.2,-0.6,2000,"sd","10:19:20",586800
23.2,-0.6,10000,"sd","10:19:06",584800
23.3,-0.5,2000,"bu","10:18:33",574800
23.3,-0.5,500,"bu","10:18:09",572800
23.3,-0.5,200,"bu","10:18:04",572300
23.3,-0.5,300,"bu","10:17:31",572100
23.3,-0.5,1500,"bu","10:15:55",571800
23.3,-0.5,600,"sd","10:15:43",570300
23.3,-0.5,1000,"sd","10:15:42",569700
23.3,-0.5,10000,"sd","10:15:27",568700
23.3,-0.5,500,"sd","10:15:23",558700
23.3,-0.5,6000,"bu","10:15:02",558200
23.3,-0.5,2500,"bu","10:14:22",552200
23.3,-0.5,10000,"bu","10:14:11",549700
23.3,-0.5,100,"bu","10:13:46",539700
23.3,-0.5,100,"bu","10:13:23",539600
23.2,-0.6,100,"sd","10:12:40",539500
23.2,-0.6,800,"bu","10:11:59",539400
23.2,-0.6,400,"bu","10:11:55",538600
23.2,-0.6,500,"bu","10:11:54",538200
23.2,-0.6,500,"bu","10:11:50",537700
23.2,-0.6,200,"bu","10:11:46",537200
23.2,-0.6,5000,"bu","10:11:44",537000
23.2,-0.6,2000,"bu","10:11:43",532000
23.2,-0.6,300,"bu","10:11:33",530000
23.1,-0.7,500,"sd","10:11:17",529700
23.1,-0.7,300,"bu","10:11:04",529200
23.1,-0.7,1500,"bu","10:10:52",528900
23.1,-0.7,3200,"sd","10:10:51",527400
23.1,-0.7,400,"sd","10:10:43",524200
23.1,-0.7,300,"bu","10:10:42",523800
23.1,-0.7,500,"bu","10:10:41",523500
23.1,-0.7,1000,"bu","10:10:39",523000
23.1,-0.7,2100,"bu","10:10:38",522000
23.1,-0.7,100,"bu","10:10:32",519900
23.1,-0.7,300,"bu","10:10:29",519800
23.1,-0.7,8000,"bu","10:10:28",519500
23,-0.8,800,"sd","10:10:13",511500
23,-0.8,2100,"sd","10:09:54",510700
23,-0.8,700,"bu","10:09:52",508600
23,-0.8,1000,"bu","10:09:51",507900
23,-0.8,300,"bu","10:09:50",506900
23,-0.8,300,"bu","10:09:48",506600
23,-0.8,100,"bu","10:09:47",506300
23,-0.8,100,"bu","10:09:46",506200
23,-0.8,500,"bu","10:09:43",506100
23,-0.8,100,"bu","10:09:39",505600
23,-0.8,1000,"bu","10:09:36",505500
23,-0.8,2100,"bu","10:09:33",504500
23,-0.8,1000,"bu","10:09:31",502400
23,-0.8,200,"bu","10:09:26",501400
23,-0.8,1000,"bu","10:09:23",501200
23,-0.8,500,"bu","10:09:22",500200
23,-0.8,100,"bu","10:09:21",499700
23,-0.8,100,"bu","10:09:17",499600
23,-0.8,2000,"bu","10:09:13",499500
23,-0.8,400,"bu","10:09:08",497500
23,-0.8,2000,"bu","10:09:05",497100
23,-0.8,300,"bu","10:09:00",495100
23,-0.8,400,"bu","10:08:58",494800
22.9,-0.9,200,"sd","10:08:53",494400
23,-0.8,100,"bu","10:08:51",494200
23,-0.8,200,"bu","10:08:44",494100
23,-0.8,500,"bu","10:08:34",493900
23,-0.8,1000,"bu","10:08:33",493400
23,-0.8,500,"bu","10:08:22",492400
22.9,-0.9,1000,"sd","10:08:14",491900
23,-0.8,200,"bu","10:08:12",490900
23,-0.8,100,"bu","10:07:48",490700
22.9,-0.9,500,"sd","10:07:40",490600
23,-0.8,500,"bu","10:07:37",490100
22.9,-0.9,8300,"sd","10:07:33",489600
23,-0.8,2000,"bu","10:07:20",481300
23,-0.8,100,"bu","10:07:14",479300
23,-0.8,400,"bu","10:07:02",479200
23,-0.8,100,"bu","10:06:56",478800
23,-0.8,3000,"sd","10:06:52",478700
23,-0.8,3000,"sd","10:06:50",475700
23,-0.8,300,"bu","10:06:49",472700
23,-0.8,3700,"bu","10:06:44",472400
23,-0.8,5000,"sd","10:06:38",468700
23,-0.8,800,"sd","10:06:34",463700
23,-0.8,5000,"sd","10:06:31",462900
23,-0.8,500,"sd","10:06:28",457900
23,-0.8,5000,"sd","10:06:23",457400
23,-0.8,1900,"sd","10:06:21",452400
23,-0.8,3000,"sd","10:06:15",450500
23.1,-0.7,2000,"bu","10:06:14",447500
23,-0.8,3000,"sd","10:06:09",445500
23,-0.8,5500,"sd","10:06:08",442500
23.1,-0.7,500,"bu","10:06:06",437000
23.1,-0.7,400,"bu","10:06:02",436500
23.1,-0.7,6500,"sd","10:05:55",436100
23.1,-0.7,3500,"sd","10:05:42",429600
23.1,-0.7,400,"sd","10:05:41",426100
23.1,-0.7,4100,"sd","10:05:40",425700
23.2,-0.6,15000,"bu","10:05:38",421600
23.2,-0.6,3500,"sd","10:05:00",406600
23.2,-0.6,5000,"sd","10:04:55",403100
23.2,-0.6,4000,"sd","10:04:44",398100
23.2,-0.6,1900,"sd","10:04:35",394100
23.2,-0.6,10000,"sd","10:04:30",392200
23.2,-0.6,1000,"sd","10:04:11",382200
23.3,-0.5,500,"bu","10:04:03",381200
23.3,-0.5,200,"bu","10:03:56",380700
23.3,-0.5,9400,"sd","10:03:23",380500
23.3,-0.5,1000,"sd","10:03:22",371100
23.3,-0.5,3000,"sd","10:03:20",370100
23.3,-0.5,5000,"sd","10:02:54",367100
23.3,-0.5,2000,"sd","10:02:13",362100
23.4,-0.4,500,"bu","10:02:00",360100
23.3,-0.5,3000,"sd","10:01:59",359600
23.3,-0.5,300,"sd","10:01:44",356600
23.3,-0.5,2600,"bu","10:01:41",356300
23.2,-0.6,1500,"sd","10:01:21",353700
23.3,-0.5,1100,"sd","10:01:13",352200
23.3,-0.5,15000,"sd","10:01:08",351100
23.3,-0.5,2000,"sd","10:00:52",336100
23.4,-0.4,100,"bu","09:59:58",334100
23.4,-0.4,1000,"bu","09:59:44",334000
23.4,-0.4,1000,"sd","09:59:18",333000
23.4,-0.4,1000,"sd","09:59:06",332000
23.5,-0.3,500,"bu","09:58:59",331000
23.4,-0.4,1500,"sd","09:58:28",330500
23.5,-0.3,500,"bu","09:58:17",329000
23.4,-0.4,5000,"sd","09:57:32",328500
23.4,-0.4,500,"sd","09:57:13",323500
23.4,-0.4,1000,"sd","09:57:00",323000
23.4,-0.4,1000,"sd","09:56:54",322000
23.4,-0.4,100,"","09:56:43",321000
23.4,-0.4,1500,"bu","09:56:39",320900
23.4,-0.4,1000,"bu","09:56:33",319400
23.4,-0.4,100,"bu","09:56:32",318400
23.4,-0.4,100,"bu","09:56:27",318300
23.4,-0.4,500,"bu","09:56:22",318200
23.4,-0.4,1000,"bu","09:56:16",317700
23.4,-0.4,1000,"bu","09:56:15",316700
23.4,-0.4,500,"bu","09:56:09",315700
23.4,-0.4,100,"bu","09:56:03",315200
23.4,-0.4,300,"bu","09:55:56",315100
23.4,-0.4,8200,"bu","09:55:50",314800
23.4,-0.4,1000,"bu","09:55:49",306600
23.3,-0.5,1000,"sd","09:55:48",305600
23.4,-0.4,2000,"bu","09:55:46",304600
23.4,-0.4,1200,"bu","09:55:43",302600
23.4,-0.4,100,"bu","09:55:26",301400
23.4,-0.4,500,"bu","09:55:24",301300
23.4,-0.4,100,"bu","09:55:19",300800
23.4,-0.4,1000,"sd","09:55:10",300700
23.3,-0.5,4500,"sd","09:55:04",299700
23.5,-0.3,100,"bu","09:55:02",295200
23.4,-0.4,2000,"sd","09:54:46",295100
23.4,-0.4,100,"bu","09:54:43",293100
23.3,-0.5,500,"sd","09:54:41",293000
23.4,-0.4,300,"bu","09:54:36",292500
23.4,-0.4,100,"bu","09:54:30",292200
23.4,-0.4,100,"bu","09:54:23",292100
23.4,-0.4,200,"bu","09:54:20",292000
23.4,-0.4,100,"bu","09:54:18",291800
23.3,-0.5,100,"sd","09:54:08",291700
23.3,-0.5,1900,"sd","09:54:06",291600
23.3,-0.5,3000,"bu","09:54:05",289700
23.3,-0.5,1800,"bu","09:54:02",286700
23.3,-0.5,100,"bu","09:54:00",284900
23.3,-0.5,200,"bu","09:53:58",284800
23.3,-0.5,1000,"bu","09:53:57",284600
23.2,-0.6,200,"sd","09:53:54",283600
23.3,-0.5,500,"bu","09:53:52",283400
23.3,-0.5,2700,"bu","09:53:50",282900
23.2,-0.6,2000,"sd","09:53:39",280200
23.2,-0.6,400,"sd","09:53:18",278200
23.3,-0.5,2000,"bu","09:53:15",277800
23.3,-0.5,2300,"bu","09:52:59",275800
23.3,-0.5,300,"sd","09:52:55",273500
23.3,-0.5,100,"bu","09:52:48",273200
23.3,-0.5,300,"bu","09:52:39",273100
23.3,-0.5,1400,"bu","09:52:37",272800
23.3,-0.5,2000,"bu","09:52:34",271400
23.3,-0.5,400,"bu","09:52:33",269400
23.3,-0.5,100,"bu","09:52:23",269000
23.3,-0.5,1000,"bu","09:52:21",268900
23.2,-0.6,1000,"sd","09:52:20",267900
23.2,-0.6,2100,"sd","09:52:19",266900
23.2,-0.6,100,"sd","09:52:18",264800
23.3,-0.5,500,"","09:51:49",264700
23.3,-0.5,100,"bu","09:51:40",264200
23.3,-0.5,100,"bu","09:51:28",264100
23.3,-0.5,1000,"sd","09:51:26",264000
23.3,-0.5,10000,"sd","09:51:10",263000
23.3,-0.5,600,"sd","09:51:02",253000
23.3,-0.5,2000,"sd","09:51:00",252400
23.4,-0.4,1000,"bu","09:50:59",250400
23.4,-0.4,2700,"bu","09:50:42",249400
23.4,-0.4,1000,"sd","09:50:31",246700
23.4,-0.4,5000,"sd","09:50:25",245700
23.4,-0.4,100,"sd","09:50:22",240700
23.4,-0.4,1700,"sd","09:50:19",240600
23.4,-0.4,700,"sd","09:50:07",238900
23.4,-0.4,600,"sd","09:50:01",238200
23.4,-0.4,10000,"sd","09:49:58",237600
23.4,-0.4,200,"sd","09:49:54",227600
23.5,-0.3,3300,"sd","09:49:45",227400
23.5,-0.3,300,"sd","09:49:37",224100
23.5,-0.3,9900,"sd","09:49:33",223800
23.5,-0.3,6000,"sd","09:49:32",213900
23.5,-0.3,400,"sd","09:49:26",207900
23.5,-0.3,10000,"sd","09:49:24",207500
23.5,-0.3,10000,"sd","09:49:00",197500
23.5,-0.3,10000,"sd","09:48:58",187500
23.5,-0.3,300,"sd","09:48:57",177500
23.5,-0.3,10000,"sd","09:48:51",177200
23.6,-0.2,100,"sd","09:48:40",167200
23.6,-0.2,200,"sd","09:48:36",167100
23.6,-0.2,16400,"sd","09:48:35",166900
23.6,-0.2,200,"sd","09:48:03",150500
23.6,-0.2,100,"sd","09:47:59",150300
23.6,-0.2,700,"sd","09:47:44",150200
23.6,-0.2,1000,"sd","09:47:33",149500
23.6,-0.2,100,"sd","09:47:25",148500
23.6,-0.2,2000,"sd","09:47:08",148400
23.6,-0.2,500,"sd","09:47:06",146400
23.6,-0.2,2000,"sd","09:46:47",145900
23.7,-0.1,1000,"","09:46:09",143900
23.7,-0.1,1000,"sd","09:46:04",142900
23.7,-0.1,600,"sd","09:45:53",141900
23.7,-0.1,600,"sd","09:45:26",141300
23.7,-0.1,1000,"bu","09:45:10",140700
23.7,-0.1,200,"bu","09:44:17",139700
23.7,-0.1,100,"bu","09:44:09",139500
23.7,-0.1,800,"bu","09:43:31",139400
23.8,0,20000,"bu","09:42:59",138600
23.7,-0.1,1500,"sd","09:42:57",118600
23.8,0,1000,"bu","09:42:55",117100
23.7,-0.1,1000,"sd","09:42:49",116100
23.7,-0.1,8000,"sd","09:42:33",115100
23.8,0,300,"bu","09:42:00",107100
23.8,0,200,"bu","09:41:31",106800
23.8,0,200,"bu","09:38:48",106600
23.8,0,5000,"bu","09:37:42",106400
23.8,0,3900,"bu","09:37:33",101400
23.8,0,2000,"sd","09:37:32",97500
23.8,0,9000,"sd","09:37:22",95500
23.9,0.1,3300,"bu","09:37:10",86500
23.8,0,500,"sd","09:36:57",83200
23.8,0,2000,"sd","09:36:55",82700
23.8,0,200,"sd","09:34:55",80700
23.8,0,2000,"sd","09:34:47",80500
23.8,0,100,"bu","09:34:37",78500
23.8,0,1300,"bu","09:34:14",78400
23.8,0,500,"sd","09:34:10",77100
23.8,0,1300,"bu","09:34:05",76600
23.8,0,900,"bu","09:33:55",75300
23.8,0,2000,"sd","09:33:49",74400
23.8,0,2000,"sd","09:33:36",72400
23.8,0,1900,"bu","09:33:30",70400
23.7,-0.1,500,"","09:32:59",68500
23.7,-0.1,3000,"bu","09:32:58",68000
23.7,-0.1,10000,"bu","09:32:30",65000
23.7,-0.1,3500,"bu","09:32:07",55000
23.7,-0.1,100,"bu","09:31:52",51500
23.7,-0.1,2900,"bu","09:30:35",51400
23.7,-0.1,300,"sd","09:29:44",48500
23.8,0,100,"","09:28:47",48200
23.8,0,400,"","09:28:34",48100
23.8,0,1600,"bu","09:28:16",47700
23.8,0,2000,"sd","09:27:41",46100
23.7,-0.1,3400,"bu","09:24:50",44100
23.6,-0.2,600,"sd","09:24:20",40700
23.6,-0.2,2800,"sd","09:24:10",40100
23.6,-0.2,300,"sd","09:23:24",37300
23.6,-0.2,700,"sd","09:23:13",37000
23.6,-0.2,400,"sd","09:22:46",36300
23.6,-0.2,500,"bu","09:22:41",35900
23.6,-0.2,200,"bu","09:22:37",35400
23.6,-0.2,300,"bu","09:22:28",35200
23.5,-0.3,3000,"sd","09:22:04",34900
23.5,-0.3,3300,"sd","09:21:56",31900
23.6,-0.2,3000,"sd","09:21:55",28600
23.6,-0.2,2000,"sd","09:21:39",25600
23.6,-0.2,2200,"sd","09:21:29",23600
23.7,-0.1,200,"sd","09:19:55",21400
23.7,-0.1,200,"","09:19:17",21200
23.7,-0.1,1000,"bu","09:19:14",21000
23.8,0,1100,"bu","09:16:59",20000
23.8,0,1800,"sd","09:16:52",18900
23.9,0.1,1000,"bu","09:16:38",17100
23.8,0,500,"sd","09:16:12",16100
23.9,0.1,100,"bu","09:12:24",15600
23.9,0.1,1000,"bu","09:12:08",15500
23.8,0,1100,"sd","09:09:13",14500
23.5,-0.3,1000,"sd","09:08:58",13400
23.5,-0.3,1000,"sd","09:08:48",12400
23.8,0,800,"bu","09:08:13",11400
23.8,0,2000,"sd","09:08:01",10600
23.8,0,5000,"sd","09:07:36",8600
23.9,0.1,400,"bu","09:03:07",3600
23.9,0.1,500,"bu","09:02:43",3200
23.8,0,1600,"bu","09:00:21",2700
23.8,0,200,"bu","09:00:19",1100
23.9,0.1,900,"bu","09:00:11",900
