"price","change","match_qtty","side","time","total_vol"
8.2,-0.17,9200,"","14:45:08",308700
8.26,-0.11,100,"bu","14:28:04",299500
8.25,-0.12,500,"bu","14:27:53",299400
8.26,-0.11,1100,"bu","14:26:52",298900
8.26,-0.11,10100,"bu","14:26:07",297800
8.16,-0.21,800,"sd","14:25:54",287700
8.2,-0.17,200,"sd","14:25:54",286900
8.25,-0.12,900,"bu","14:25:52",286700
8.26,-0.11,12600,"bu","14:22:41",285800
8.26,-0.11,300,"bu","14:21:20",273200
8.08,-0.29,200,"bu","14:20:20",272900
8.08,-0.29,200,"bu","14:20:12",272700
8.08,-0.29,400,"bu","14:20:12",272500
8.08,-0.29,4200,"sd","14:19:22",272100
8.06,-0.31,600,"sd","14:11:49",267900
8.07,-0.3,1500,"sd","14:11:49",267300
8.1,-0.27,16900,"sd","14:11:49",265800
8.11,-0.26,10700,"sd","14:11:49",248900
8.12,-0.25,400,"sd","14:11:49",238200
8.13,-0.24,300,"sd","14:11:49",237800
8.41,-0.14,100,"sd","14:01:27",171800
8.4,-0.15,3500,"bu","13:55:17",171700
8.4,-0.15,1000,"bu","13:54:17",168200
8.39,-0.16,200,"bu","13:54:15",167200
8.39,-0.16,100,"bu","13:53:24",167000
8.39,-0.16,1000,"bu","13:53:06",166900
8.39,-0.16,300,"sd","13:51:42",165900
8.39,-0.16,200,"bu","13:51:37",165600
8.39,-0.16,4000,"sd","13:51:36",165400
8.39,-0.16,200,"bu","13:51:12",161400
8.39,-0.16,1000,"bu","13:48:23",161200
8.38,-0.17,200,"bu","13:43:07",160200
8.35,-0.2,500,"bu","13:40:35",160000
8.35,-0.2,400,"bu","13:39:27",159500
8.35,-0.2,600,"sd","13:37:24",159100
8.35,-0.2,2900,"sd","13:35:12",158500
8.35,-0.2,1500,"bu","13:34:41",155600
8.35,-0.2,1000,"bu","13:34:28",154100
8.35,-0.2,200,"bu","13:34:06",153100
8.35,-0.2,1600,"sd","13:32:51",152900
8.35,-0.2,200,"sd","13:32:47",151300
8.35,-0.2,100,"bu","13:27:12",151100
8.35,-0.2,500,"bu","13:25:48",151000
8.35,-0.2,400,"sd","13:25:44",150500
8.35,-0.2,1100,"sd","13:23:54",150100
8.36,-0.19,500,"sd","13:22:45",149000
8.36,-0.19,500,"sd","13:20:55",148500
8.36,-0.19,100,"sd","13:20:42",148000
8.35,-0.2,2200,"sd","13:17:33",147900
8.35,-0.2,2500,"sd","13:17:32",145700
8.39,-0.16,500,"bu","13:16:32",143200
8.39,-0.16,500,"bu","13:16:11",142700
8.39,-0.16,500,"bu","13:15:21",142200
8.38,-0.17,500,"bu","13:15:21",141700
8.39,-0.16,100,"bu","13:14:11",141200
8.39,-0.16,200,"bu","13:13:35",141100
8.39,-0.16,1000,"bu","13:12:58",140900
8.39,-0.16,200,"bu","13:12:27",139900
8.39,-0.16,400,"sd","13:12:08",139700
8.39,-0.16,2100,"bu","13:11:54",139300
8.39,-0.16,500,"bu","13:10:17",137200
8.39,-0.16,200,"bu","13:10:08",136700
8.39,-0.16,1000,"bu","13:10:04",136500
8.35,-0.2,400,"sd","13:10:01",135500
8.39,-0.16,300,"sd","13:09:11",135100
8.39,-0.16,200,"sd","13:07:08",134800
8.4,-0.15,1000,"bu","13:06:54",134600
8.4,-0.15,300,"bu","13:06:14",133600
8.4,-0.15,200,"bu","13:04:24",133300
8.4,-0.15,1100,"sd","13:04:07",133100
8.4,-0.15,3300,"sd","13:03:55",132000
8.41,-0.14,700,"sd","13:03:55",128700
8.43,-0.12,200,"bu","13:03:40",128000
8.41,-0.14,4200,"sd","13:03:12",127800
8.42,-0.13,800,"sd","13:03:12",123600
8.45,-0.1,900,"sd","13:01:53",122800
8.45,-0.1,100,"sd","13:01:53",121900
8.45,-0.1,3700,"sd","13:00:28",121800
8.46,-0.09,500,"bu","13:00:19",118100
8.46,-0.09,300,"bu","13:00:11",117600
8.45,-0.1,500,"sd","13:00:04",117300
8.45,-0.1,12600,"sd","13:00:00",116800
8.46,-0.09,200,"bu","13:00:00",104200
8.46,-0.09,100,"bu","11:28:08",104000
8.45,-0.1,1500,"sd","11:24:25",103900
8.46,-0.09,1700,"sd","11:24:01",102400
8.46,-0.09,500,"sd","11:18:27",100700
8.48,-0.07,1000,"sd","11:17:30",100200
8.48,-0.07,100,"sd","11:13:06",99200
8.5,-0.05,1100,"sd","11:10:46",99100
8.5,-0.05,900,"sd","11:09:50",98000
8.5,-0.05,1000,"sd","11:08:07",97100
8.5,-0.05,1000,"sd","11:02:37",96100
8.5,-0.05,2700,"sd","10:55:20",95100
8.5,-0.05,100,"sd","10:51:23",92400
8.5,-0.05,100,"sd","10:42:24",92300
8.5,-0.05,3900,"sd","10:35:44",92200
8.51,-0.04,700,"sd","10:35:44",88300
8.52,-0.03,11000,"sd","10:35:44",87600
8.53,-0.02,900,"sd","10:35:44",76600
8.53,-0.02,500,"sd","10:27:37",75700
8.56,0.01,200,"bu","10:22:12",75200
8.57,0.02,100,"bu","10:17:28",75000
8.6,0.05,100,"bu","09:56:55",74900
8.6,0.05,100,"bu","09:53:04",74800
8.5,-0.05,400,"sd","09:49:22",74700
8.55,0,21400,"sd","09:49:22",74300
8.56,0.01,21000,"sd","09:49:22",52900
8.56,0.01,900,"sd","09:46:45",31900
8.56,0.01,600,"sd","09:46:44",31000
8.65,0.1,500,"bu","09:45:07",30400
8.55,0,1000,"sd","09:44:18",29900
8.56,0.01,500,"sd","09:44:18",28900
8.55,0,400,"sd","09:39:44",28400
8.56,0.01,600,"sd","09:39:44",28000
8.66,0.11,13800,"bu","09:35:43",27400
8.65,0.1,5200,"bu","09:35:43",13600
8.55,0,1000,"sd","09:22:37",8400
8.55,0,2000,"sd","09:21:52",7400
8.55,0,100,"sd","09:21:20",5400
8.55,0,4700,"sd","09:19:54",5300
8.56,0.01,300,"sd","09:19:54",600
8.55,0,300,"","09:15:03",300
8.7,0,600,"bu","09:35:40",23400
8.66,-0.04,3700,"sd","09:34:19",22800
8.67,-0.03,300,"sd","09:34:19",19100
8.7,0,1000,"bu","09:33:09",18800
8.7,0,1100,"bu","09:29:18",17800
8.7,0,1000,"sd","09:26:02",16700
8.71,0.01,2000,"sd","09:25:18",15700
8.71,0.01,500,"sd","09:24:22",13700
8.71,0.01,600,"sd","09:24:21",13200
8.71,0.01,100,"sd","09:22:25",12600
8.77,0.07,2500,"sd","09:21:35",12500
8.77,0.07,100,"sd","09:21:30",10000
8.77,0.07,1000,"sd","09:21:27",9900
8.77,0.07,400,"sd","09:21:19",8900
8.77,0.07,2100,"sd","09:20:51",8500
8.78,0.08,1000,"sd","09:19:53",6400
8.79,0.09,2800,"bu","09:19:27",5400
8.78,0.08,100,"bu","09:18:36",2600
8.75,0.05,1800,"bu","09:18:07",2500
8.75,0.05,200,"bu","09:16:15",700
8.72,0.02,500,"","09:15:02",500
8.73,0.46,1000,"bu","10:45:36",246600
8.71,0.44,1000,"bu","10:45:36",245600
8.7,0.43,2800,"bu","10:45:36",244600
8.7,0.43,1600,"bu","10:45:26",241800
8.69,0.42,1000,"bu","10:45:26",240200
8.67,0.4,1000,"bu","10:45:26",239200
8.66,0.39,1600,"bu","10:45:26",238200
8.65,0.38,300,"bu","10:45:26",236600
8.6,0.33,9500,"bu","10:45:26",236300
8.58,0.31,300,"sd","10:45:22",226800
8.6,0.33,200,"bu","10:44:20",226500
8.6,0.33,200,"bu","10:44:14",226300
8.58,0.31,200,"sd","10:42:54",226100
8.58,0.31,700,"sd","10:41:56",225900
8.59,0.32,1000,"sd","10:41:32",225200
8.6,0.33,300,"bu","10:40:29",224200
8.6,0.33,4900,"bu","10:40:24",223900
8.6,0.33,1000,"bu","10:40:21",219000
8.6,0.33,1400,"bu","10:40:18",218000
8.6,0.33,1000,"bu","10:40:01",216600
8.6,0.33,100,"bu","10:39:56",215600
8.6,0.33,5200,"bu","10:39:34",215500
8.59,0.32,1400,"bu","10:39:34",210300
8.58,0.31,1000,"bu","10:39:34",208900
8.55,0.28,200,"bu","10:39:34",207900
8.54,0.27,1000,"sd","10:38:52",207700
8.54,0.27,200,"sd","10:38:13",206700
8.55,0.28,1400,"bu","10:38:13",206500
8.55,0.28,4600,"bu","10:38:12",205100
8.55,0.28,1000,"bu","10:37:49",200500
8.55,0.28,2400,"bu","10:37:17",199500
8.5,0.23,200,"sd","10:37:14",197100
8.51,0.24,100,"sd","10:37:14",196900
8.5,0.23,2000,"bu","10:36:34",196800
8.5,0.23,3000,"bu","10:36:31",194800
8.5,0.23,3000,"bu","10:36:26",191800
8.5,0.23,15000,"bu","10:36:23",188800
8.48,0.21,500,"bu","10:36:15",173800
8.46,0.19,800,"sd","10:35:58",173300
8.48,0.21,2800,"bu","10:35:50",172500
8.47,0.2,200,"bu","10:35:50",169700
8.45,0.18,2000,"sd","10:34:54",169500
8.48,0.21,6100,"bu","10:34:54",167500
8.48,0.21,1000,"bu","10:34:45",161400
8.45,0.18,3200,"bu","10:34:11",160400
8.45,0.18,100,"bu","10:33:32",157200
8.44,0.17,4900,"bu","10:33:32",157100
8.44,0.17,100,"bu","10:32:52",152200
8.44,0.17,100,"bu","10:32:12",152100
8.43,0.16,500,"sd","10:31:51",152000
8.44,0.17,1000,"bu","10:31:29",151500
8.43,0.16,400,"bu","10:31:15",150500
8.4,0.13,300,"bu","10:31:00",150100
8.4,0.13,100,"bu","10:30:49",149800
8.4,0.13,4600,"sd","10:30:33",149700
8.4,0.13,500,"sd","10:30:25",145100
8.4,0.13,2000,"sd","10:30:13",144600
8.43,0.16,3000,"bu","10:30:01",142600
8.4,0.13,12900,"bu","10:29:55",139600
8.4,0.13,2300,"bu","10:29:50",126700
8.39,0.12,500,"bu","10:29:50",124400
8.39,0.12,1000,"bu","10:29:33",123900
8.39,0.12,2000,"bu","10:29:16",122900
8.33,0.06,3200,"sd","10:27:45",120900
8.34,0.07,500,"sd","10:27:45",117700
8.3,0.03,7200,"sd","10:20:40",117200
8.3,0.03,4400,"sd","10:18:06",110000
8.3,0.03,100,"sd","10:15:17",105600
8.3,0.03,3700,"sd","10:12:56",105500
8.3,0.03,1000,"sd","10:12:55",101800
8.31,0.04,1100,"sd","10:11:57",100800
8.38,0.11,1300,"sd","10:09:26",99700
8.38,0.11,500,"bu","10:09:22",98400
8.38,0.11,200,"bu","10:07:40",97900
8.38,0.11,1000,"bu","10:07:39",97700
8.38,0.11,2200,"bu","10:06:21",96700
8.36,0.09,5600,"bu","10:06:21",94500
8.35,0.08,2200,"bu","10:06:21",88900
8.35,0.08,1300,"bu","10:05:43",86700
8.34,0.07,3400,"bu","10:05:43",85400
8.3,0.03,300,"bu","10:05:43",82000
8.3,0.03,200,"bu","10:04:35",81700
8.3,0.03,300,"bu","10:04:06",81500
8.3,0.03,500,"bu","10:03:37",81200
8.3,0.03,100,"bu","10:01:39",80700
8.3,0.03,600,"sd","10:01:39",80600
8.3,0.03,1100,"sd","09:59:55",80000
8.3,0.03,2900,"sd","09:58:47",78900
8.34,0.07,200,"bu","09:58:11",76000
8.34,0.07,200,"bu","09:57:05",75800
8.34,0.07,200,"bu","09:54:49",75600
8.3,0.03,5300,"sd","09:54:44",75400
8.31,0.04,500,"sd","09:54:20",70100
8.35,0.08,500,"sd","09:53:47",69600
8.35,0.08,200,"sd","09:53:01",69100
8.36,0.09,500,"bu","09:52:46",68900
8.35,0.08,500,"bu","09:52:22",68400
8.36,0.09,200,"bu","09:48:06",67900
8.35,0.08,100,"bu","09:48:06",67700
8.3,0.03,4400,"bu","09:44:54",67600
8.3,0.03,5600,"bu","09:44:24",63200
8.28,0.01,24300,"sd","09:42:59",57600
8.28,0.01,2500,"sd","09:41:58",33300
8.28,0.01,1000,"sd","09:41:04",30800
8.28,0.01,2100,"sd","09:41:03",29800
8.29,0.02,500,"bu","09:40:52",27700
8.3,0.03,1500,"sd","09:40:26",27200
8.3,0.03,400,"sd","09:39:10",25700
8.31,0.04,500,"sd","09:38:46",25300
8.3,0.03,3100,"sd","09:35:03",24800
8.31,0.04,400,"sd","09:35:03",21700
8.3,0.03,3900,"sd","09:34:38",21300
8.31,0.04,200,"sd","09:34:38",17400
8.38,0.11,1000,"bu","09:32:01",17200
8.31,0.04,1000,"sd","09:30:03",16200
8.31,0.04,100,"sd","09:28:59",15200
8.31,0.04,5200,"sd","09:28:26",15100
8.31,0.04,1000,"sd","09:27:53",9900
8.32,0.05,200,"sd","09:27:53",8900
8.38,0.11,500,"bu","09:27:44",8700
8.31,0.04,900,"sd","09:24:59",8200
8.4,0.13,1200,"bu","09:21:51",7300
8.4,0.13,2000,"bu","09:16:41",6100
8.4,0.13,3100,"","09:15:02",3100
9.2,-0.29,2400,"sd","13:32:20",178700
9.2,-0.29,1500,"sd","13:31:17",176300
9.21,-0.28,200,"sd","13:31:17",174800
9.21,-0.28,1000,"sd","13:31:17",174600
9.22,-0.27,200,"sd","13:31:17",173600
9.22,-0.27,100,"sd","13:31:17",173400
9.22,-0.27,100,"sd","13:30:21",173300
9.3,-0.19,600,"sd","13:28:02",173200
9.3,-0.19,1400,"sd","13:27:57",172600
9.3,-0.19,200,"sd","13:27:57",171200
9.3,-0.19,800,"sd","13:27:57",171000
9.3,-0.19,1200,"sd","13:27:57",170200
9.3,-0.19,1100,"sd","13:27:57",169000
9.3,-0.19,3000,"sd","13:27:45",167900
9.3,-0.19,1000,"sd","13:26:12",164900
9.3,-0.19,2000,"sd","13:25:46",163900
9.3,-0.19,2000,"sd","13:24:41",161900
9.3,-0.19,100,"sd","13:24:07",159900
9.3,-0.19,200,"sd","13:24:07",159800
9.3,-0.19,700,"sd","13:24:07",159600
9.3,-0.19,1500,"sd","13:23:15",158900
9.3,-0.19,1000,"sd","13:23:04",157400
9.3,-0.19,5000,"sd","13:22:27",156400
9.3,-0.19,1000,"sd","13:22:07",151400
9.3,-0.19,600,"sd","13:20:17",150400
9.31,-0.18,200,"sd","13:20:17",149800
9.31,-0.18,200,"sd","13:20:17",149600
9.3,-0.19,200,"sd","13:18:59",149400
9.3,-0.19,500,"sd","13:18:59",149200
9.3,-0.19,100,"sd","13:18:59",148700
9.3,-0.19,200,"sd","13:18:59",148600
9.3,-0.19,100,"sd","13:18:59",148400
9.3,-0.19,3000,"sd","13:17:14",148300
9.3,-0.19,6200,"sd","13:16:27",145300
9.3,-0.19,300,"sd","13:15:38",139100
9.3,-0.19,200,"sd","13:15:08",138800
9.3,-0.19,200,"sd","13:14:14",138600
9.3,-0.19,200,"bu","13:12:43",138400
9.3,-0.19,100,"bu","13:12:31",138200
9.28,-0.21,100,"sd","13:10:07",138100
9.28,-0.21,200,"sd","13:10:07",138000
9.28,-0.21,500,"sd","13:10:06",137800
9.28,-0.21,400,"sd","13:10:06",137300
9.3,-0.19,300,"bu","13:10:05",136900
9.3,-0.19,100,"bu","13:10:05",136600
9.3,-0.19,500,"sd","13:09:41",136500
9.3,-0.19,200,"sd","13:09:41",136000
9.3,-0.19,200,"sd","13:09:41",135800
9.3,-0.19,100,"bu","13:08:39",135600
9.3,-0.19,200,"bu","13:08:14",135500
9.3,-0.19,100,"bu","13:08:00",135300
9.3,-0.19,200,"sd","13:06:18",135200
9.3,-0.19,200,"sd","13:06:18",135000
9.3,-0.19,200,"sd","13:05:14",134800
9.3,-0.19,100,"sd","13:05:14",134600
9.3,-0.19,200,"sd","13:05:14",134500
9.3,-0.19,500,"sd","13:05:14",134300
9.31,-0.18,200,"sd","13:04:53",133800
9.31,-0.18,200,"sd","13:04:53",133600
9.35,-0.14,200,"sd","13:01:29",133400
9.35,-0.14,200,"sd","13:01:29",133200
9.35,-0.14,1800,"sd","13:01:29",133000
9.35,-0.14,500,"sd","13:00:10",131200
9.35,-0.14,200,"sd","13:00:00",130700
9.49,0,100,"bu","13:00:00",130500
9.35,-0.14,2500,"sd","11:22:56",130400
9.48,-0.01,100,"bu","11:22:38",127900
9.4,-0.09,7200,"sd","11:19:30",127800
9.39,-0.1,800,"bu","11:18:37",120600
9.38,-0.11,1000,"bu","11:18:37",119800
9.3,-0.19,500,"bu","11:17:51",118800
9.28,-0.21,600,"bu","11:17:18",118300
9.28,-0.21,1400,"bu","11:16:50",117700
9.24,-0.25,8600,"bu","11:16:50",116300
9.25,-0.24,200,"sd","11:16:23",107700
9.25,-0.24,2200,"sd","11:16:23",107500
9.25,-0.24,1000,"sd","11:16:23",105300
9.25,-0.24,200,"sd","11:16:23",104300
9.25,-0.24,100,"sd","11:16:23",104100
9.26,-0.23,200,"sd","11:16:23",104000
9.26,-0.23,400,"sd","11:15:50",103800
9.29,-0.2,1000,"bu","11:14:04",103400
9.3,-0.19,500,"bu","11:13:56",102400
9.3,-0.19,100,"bu","11:13:55",101900
9.3,-0.19,500,"bu","11:13:51",101800
9.3,-0.19,400,"bu","11:13:42",101300
9.3,-0.19,300,"bu","11:13:41",100900
9.3,-0.19,1800,"bu","11:13:40",100600
9.3,-0.19,500,"bu","11:13:34",98800
9.3,-0.19,400,"bu","11:13:15",98300
9.3,-0.19,900,"bu","11:13:03",97900
9.3,-0.19,500,"sd","11:12:17",97000
9.3,-0.19,200,"sd","11:12:17",96500
9.3,-0.19,200,"sd","11:12:17",96300
9.31,-0.18,200,"sd","11:12:06",96100
9.31,-0.18,200,"sd","11:12:06",95900
9.31,-0.18,2000,"sd","11:11:46",95700
9.32,-0.17,100,"unknown","11:11:15",93700
9.32,-0.17,200,"unknown","11:11:15",93600
9.32,-0.17,500,"unknown","11:11:15",93400
9.35,-0.14,200,"sd","11:09:41",92900
9.35,-0.14,100,"sd","11:09:41",92700
9.35,-0.14,100,"sd","11:09:41",92600
9.35,-0.14,400,"sd","11:09:17",92500
9.35,-0.14,100,"sd","11:09:17",92100
9.39,-0.1,200,"bu","11:08:43",92000
9.39,-0.1,300,"bu","11:08:43",91800
9.39,-0.1,1000,"bu","11:07:54",91500
9.39,-0.1,500,"bu","11:07:24",90500
9.39,-0.1,500,"bu","11:07:13",90000
9.4,-0.09,300,"bu","11:02:02",89500
9.4,-0.09,1500,"sd","10:57:54",89200
9.49,0,2400,"sd","10:52:54",87700
9.49,0,200,"bu","10:51:53",85300
9.49,0,100,"sd","10:51:14",85100
9.49,0,500,"bu","10:46:08",85000
9.54,0.05,400,"bu","10:45:23",84500
9.55,0.06,100,"bu","10:41:15",84100
9.45,-0.04,100,"bu","10:41:15",84000
9.4,-0.09,100,"bu","10:41:15",83900
9.3,-0.19,600,"sd","10:39:59",83800
9.3,-0.19,500,"sd","10:39:59",83200
9.3,-0.19,1000,"sd","10:39:59",82700
9.3,-0.19,100,"sd","10:39:59",81700
9.3,-0.19,100,"sd","10:39:59",81600
9.3,-0.19,100,"sd","10:39:59",81500
9.31,-0.18,200,"sd","10:39:59",81400
9.31,-0.18,300,"bu","10:39:54",81200
9.31,-0.18,2000,"bu","10:38:32",80900
9.31,-0.18,1000,"bu","10:37:25",78900
9.31,-0.18,400,"bu","10:35:54",77900
9.31,-0.18,800,"bu","10:35:46",77500
9.31,-0.18,100,"bu","10:35:12",76700
9.31,-0.18,800,"bu","10:32:09",76600
9.31,-0.18,1900,"bu","10:31:51",75800
9.31,-0.18,3000,"bu","10:30:18",73900
9.31,-0.18,300,"sd","10:29:59",70900
9.31,-0.18,700,"sd","10:29:25",70600
9.31,-0.18,100,"sd","10:29:25",69900
9.31,-0.18,1000,"sd","10:29:25",69800
9.31,-0.18,6000,"sd","10:26:30",68800
9.32,-0.17,2000,"bu","10:25:27",62800
9.32,-0.17,1000,"bu","10:25:04",60800
9.32,-0.17,100,"bu","10:22:00",59800
9.32,-0.17,1800,"bu","10:20:54",59700
9.32,-0.17,2000,"sd","10:20:28",57900
9.32,-0.17,100,"sd","10:17:33",55900
9.36,-0.13,100,"sd","10:16:48",55800
9.36,-0.13,200,"sd","10:16:48",55700
9.35,-0.14,800,"bu","10:10:11",55500
9.34,-0.15,1200,"bu","10:09:51",54700
9.3,-0.19,300,"sd","10:06:05",53500
9.3,-0.19,2000,"sd","10:06:05",53200
9.3,-0.19,100,"sd","10:06:05",51200
9.35,-0.14,100,"sd","10:06:05",51100
9.35,-0.14,1000,"sd","10:06:05",51000
9.4,-0.09,200,"sd","10:05:44",50000
9.44,-0.05,900,"sd","10:05:34",49800
9.44,-0.05,500,"sd","10:05:34",48900
9.45,-0.04,1300,"sd","10:05:15",48400
9.55,0.06,1000,"bu","09:57:14",47100
9.59,0.1,100,"bu","09:56:23",46100
9.59,0.1,2600,"bu","09:56:18",46000
9.55,0.06,300,"bu","09:55:50",43400
9.55,0.06,100,"bu","09:55:50",43100
9.54,0.05,6000,"sd","09:55:49",43000
9.55,0.06,1900,"bu","09:55:05",37000
9.55,0.06,900,"bu","09:55:05",35100
9.54,0.05,100,"bu","09:55:05",34200
9.54,0.05,3000,"bu","09:53:06",34100
9.55,0.06,100,"bu","09:51:08",31100
9.46,-0.03,200,"bu","09:51:08",31000
9.45,-0.04,1000,"bu","09:46:22",30800
9.45,-0.04,100,"bu","09:46:22",29800
9.35,-0.14,900,"sd","09:46:16",29700
9.36,-0.13,1000,"sd","09:46:16",28800
9.37,-0.12,1000,"sd","09:46:16",27800
9.39,-0.1,1000,"sd","09:46:16",26800
9.39,-0.1,100,"sd","09:46:16",25800
9.4,-0.09,1000,"sd","09:46:16",25700
9.45,-0.04,200,"bu","09:43:25",24700
9.45,-0.04,2700,"bu","09:42:03",24500
9.35,-0.14,1000,"sd","09:36:23",21800
9.45,-0.04,100,"bu","09:36:05",20800
9.45,-0.04,900,"bu","09:35:31",20700
9.45,-0.04,900,"bu","09:35:31",19800
9.45,-0.04,100,"sd","09:33:31",18900
9.46,-0.03,200,"sd","09:31:22",18800
9.46,-0.03,100,"sd","09:31:22",18600
9.6,0.11,600,"bu","09:29:55",18500
9.6,0.11,400,"bu","09:29:55",17900
9.6,0.11,100,"bu","09:28:11",17500
9.5,0.01,700,"sd","09:27:57",17400
9.5,0.01,200,"bu","09:27:32",16700
9.5,0.01,200,"bu","09:27:32",16500
9.5,0.01,800,"bu","09:27:32",16300
9.49,0,1000,"bu","09:27:32",15500
9.45,-0.04,200,"bu","09:27:31",14500
9.45,-0.04,1000,"bu","09:27:31",14300
9.45,-0.04,900,"bu","09:27:31",13300
9.45,-0.04,100,"bu","09:27:07",12400
9.3,-0.19,900,"bu","09:25:26",12300
9.3,-0.19,1000,"bu","09:25:17",11400
9.28,-0.21,300,"bu","09:24:59",10400
9.28,-0.21,100,"sd","09:24:43",10100
9.28,-0.21,500,"sd","09:24:43",10000
9.3,-0.19,100,"bu","09:24:37",9500
9.28,-0.21,500,"bu","09:24:27",9400
9.28,-0.21,500,"bu","09:23:35",8900
9.1,-0.39,300,"sd","09:19:45",8400
9.1,-0.39,500,"sd","09:19:01",8100
9.45,-0.04,100,"bu","09:16:56",7600
9.22,-0.27,1400,"bu","09:16:36",7500
9.22,-0.27,100,"bu","09:15:38",6100
9.05,-0.44,6000,"sd","09:15:01",6000
11,0.4,100,"bu","09:42:15",207400
11,0.4,2000,"bu","09:42:14",207300
11,0.4,1700,"bu","09:42:02",205300
11,0.4,2000,"bu","09:42:01",203600
11,0.4,400,"bu","09:42:01",201600
11,0.4,1000,"bu","09:42:01",201200
11,0.4,100,"bu","09:42:01",200200
11,0.4,100,"bu","09:42:01",200100
11,0.4,100,"bu","09:42:01",200000
11,0.4,500,"bu","09:42:01",199900
11,0.4,2800,"bu","09:42:01",199400
11,0.4,1000,"bu","09:42:01",196600
11,0.4,100,"bu","09:42:01",195600
11,0.4,3700,"bu","09:42:01",195500
11,0.4,500,"bu","09:42:01",191800
11,0.4,3000,"bu","09:42:01",191300
11,0.4,2000,"bu","09:42:01",188300
11,0.4,1000,"bu","09:42:01",186300
11,0.4,200,"bu","09:42:00",185300
11,0.4,3800,"bu","09:42:00",185100
11,0.4,500,"bu","09:41:57",181300
11,0.4,100,"bu","09:41:50",180800
11,0.4,1000,"bu","09:41:47",180700
11,0.4,100,"bu","09:41:46",179700
11,0.4,100,"bu","09:41:46",179600
11,0.4,300,"bu","09:41:46",179500
11,0.4,1000,"bu","09:41:31",179200
11,0.4,1000,"bu","09:41:31",178200
11,0.4,800,"bu","09:41:31",177200
11,0.4,100,"bu","09:41:31",176400
11,0.4,700,"bu","09:41:31",176300
10.95,0.35,1000,"bu","09:41:23",175600
10.95,0.35,1000,"bu","09:41:23",174600
10.95,0.35,1000,"bu","09:41:23",173600
10.95,0.35,1000,"bu","09:41:23",172600
10.9,0.3,200,"sd","09:41:05",171600
10.9,0.3,5000,"bu","09:40:59",171400
10.9,0.3,500,"bu","09:40:59",166400
10.9,0.3,500,"bu","09:40:59",165900
10.9,0.3,1000,"bu","09:40:58",165400
10.9,0.3,500,"bu","09:40:59",166400
10.9,0.3,500,"bu","09:40:59",165900
10.9,0.3,1000,"bu","09:40:58",165400
10.9,0.3,1300,"bu","09:40:55",164400
10.9,0.3,1500,"bu","09:40:31",163100
10.8,0.2,1000,"sd","09:40:12",161600
10.8,0.2,3200,"sd","09:40:12",160600
10.85,0.25,800,"sd","09:40:12",157400
10.9,0.3,6200,"bu","09:40:11",156600
10.9,0.3,300,"bu","09:40:11",150400
10.9,0.3,100,"bu","09:40:11",150100
10.9,0.3,100,"bu","09:40:11",150000
10.9,0.3,100,"bu","09:40:11",149900
10.9,0.3,1000,"bu","09:40:11",149800
10.9,0.3,200,"bu","09:40:11",148800
10.9,0.3,1000,"bu","09:39:59",148600
10.8,0.2,200,"bu","09:39:33",147600
10.8,0.2,500,"bu","09:39:33",147400
10.8,0.2,1000,"bu","09:39:33",146900
10.8,0.2,3000,"bu","09:39:33",145900
10.8,0.2,100,"bu","09:39:33",142200
10.8,0.2,500,"bu","09:39:33",142100
10.8,0.2,800,"bu","09:39:33",141600
10.8,0.2,44300,"bu","09:39:16",140800
10.8,0.2,500,"bu","09:39:16",96500
10.8,0.2,100,"bu","09:39:16",96000
10.8,0.2,5100,"bu","09:39:16",95900
10.75,0.15,1500,"bu","09:39:01",90800
10.75,0.15,100,"bu","09:38:57",89300
10.7,0.1,500,"bu","09:38:26",89200
10.7,0.1,500,"bu","09:38:26",88700
10.7,0.1,3000,"bu","09:38:26",88200
10.7,0.1,5000,"bu","09:38:26",85200
10.7,0.1,100,"bu","09:38:26",80200
10.7,0.1,800,"bu","09:38:26",80100
10.7,0.1,400,"bu","09:37:55",79300
10.7,0.1,1000,"bu","09:36:15",78900
10.7,0.1,100,"bu","09:35:13",77900
10.7,0.1,300,"bu","09:35:13",77800
10.7,0.1,1700,"bu","09:34:37",77500
10.7,0.1,100,"sd","09:35:13",77900
10.7,0.1,300,"sd","09:35:13",77800
10.7,0.1,1700,"bu","09:34:37",77500
10.7,0.1,600,"sd","09:34:31",75800
10.7,0.1,4900,"sd","09:34:31",75200
10.7,0.1,100,"sd","09:34:31",70300
10.7,0.1,3700,"sd","09:34:31",70200
10.7,0.1,100,"sd","09:34:30",66500
10.7,0.1,1200,"sd","09:33:54",66400
10.7,0.1,1000,"sd","09:33:34",65200
10.7,0.1,100,"sd","09:32:26",64200
10.7,0.1,200,"sd","09:32:26",64100
10.7,0.1,900,"sd","09:32:26",63900
10.7,0.1,100,"sd","09:31:32",63000
10.7,0.1,200,"sd","09:31:22",62900
10.7,0.1,800,"sd","09:30:58",62700
10.7,0.1,1200,"sd","09:30:58",61900
10.7,0.1,300,"sd","09:30:53",60700
10.7,0.1,1000,"sd","09:30:53",60400
10.7,0.1,100,"sd","09:30:53",59400
10.45,0,100,"sd","09:42:35",99400
10.5,0.05,2200,"bu","09:41:08",99300
10.5,0.05,5000,"bu","09:41:03",97100
10.5,0.05,400,"bu","09:40:25",92100
10.45,0,200,"sd","09:40:00",91700
10.45,0,100,"sd","09:40:00",91500
10.45,0,6600,"sd","09:40:00",91400
10.45,0,4000,"sd","09:39:55",84800
10.5,0.05,100,"bu","09:39:42",80800
10.45,0,400,"sd","09:39:35",80700
10.45,0,100,"sd","09:39:35",80300
10.45,0,1000,"sd","09:39:35",80200
10.45,0,1000,"sd","09:39:24",79200
10.45,0,1000,"sd","09:38:08",78200
10.5,0.05,100,"bu","09:36:44",77200
10.5,0.05,100,"sd","09:35:07",77100
10.5,0.05,200,"sd","09:35:06",77000
10.5,0.05,200,"sd","09:35:06",76800
10.5,0.05,900,"sd","09:35:05",76600
10.5,0.05,100,"sd","09:34:33",75700
10.45,0,100,"sd","09:39:59",91500
10.45,0,6600,"sd","09:39:59",91400
10.45,0,4000,"sd","09:39:55",84800
10.5,0.05,100,"bu","09:39:41",80800
10.45,0,400,"sd","09:39:35",80700
10.45,0,100,"sd","09:39:35",80300
10.45,0,1000,"sd","09:39:35",80200
10.45,0,1000,"sd","09:39:23",79200
10.45,0,1000,"sd","09:38:08",78200
10.5,0.05,100,"bu","09:36:42",77200
10.5,0.05,100,"sd","09:35:05",77100
10.5,0.05,200,"sd","09:35:05",77000
10.5,0.05,200,"sd","09:35:05",76800
10.5,0.05,900,"sd","09:35:05",76600
10.5,0.05,100,"sd","09:34:33",75700
10.5,0.05,100,"sd","09:34:33",75600
10.5,0.05,200,"sd","09:34:33",75500
10.55,0.1,300,"bu","09:34:29",75300
10.5,0.05,200,"sd","09:33:32",75000
10.5,0.05,600,"bu","09:33:18",74800
10.5,0.05,400,"bu","09:32:05",74200
10.5,0.05,200,"sd","09:29:54",73800
10.55,0.1,100,"unknown","09:29:07",73600
10.55,0.1,500,"unknown","09:29:07",73500
10.6,0.15,300,"bu","09:27:44",73000
10.6,0.15,1000,"bu","09:27:44",72700
10.6,0.15,700,"bu","09:27:44",71700
10.55,0.1,1000,"bu","09:26:42",71000
10.55,0.1,1000,"bu","09:26:42",70000
10.55,0.1,1000,"bu","09:26:42",69000
10.5,0.05,1000,"bu","09:26:02",68000
10.45,0,4800,"sd","09:25:53",67000
10.45,0,400,"sd","09:25:53",62200
10.45,0,600,"sd","09:25:45",61800
10.45,0,1000,"sd","09:25:45",61200
10.45,0,100,"sd","09:25:45",60200
10.45,0,100,"sd","09:25:45",60100
10.45,0,1200,"sd","09:25:45",60000
10.5,0.05,1500,"bu","09:25:45",58800
10.5,0.05,200,"bu","09:25:45",57300
10.55,0.1,3000,"sd","09:22:27",37300
10.55,0.1,2000,"sd","09:22:26",34300
10.55,0.1,3000,"sd","09:22:21",32300
10.55,0.1,2700,"bu","09:22:10",29300
10.55,0.1,300,"bu","09:21:55",26600
10.6,0.15,700,"unknown","09:21:02",26300
10.6,0.15,4100,"sd","09:20:32",25600
10.6,0.15,200,"sd","09:20:31",21500
10.55,0.1,3000,"sd","09:20:00",21300
10.55,0.1,1000,"sd","09:19:38",18300
10.55,0.1,1300,"sd","09:19:35",17300
10.55,0.1,1700,"sd","09:19:27",16000
10.6,0.15,100,"bu","09:19:07",14300
10.5,0.05,1000,"unknown","09:18:36",14200
10.5,0.05,3400,"unknown","09:18:29",13200
10.6,0.15,1000,"sd","09:17:50",9800
10.65,0.2,400,"bu","09:17:19",8800
10.65,0.2,100,"bu","09:17:05",8400
10.65,0.2,100,"bu","09:16:54",8300
10.65,0.2,8200,"bu","09:15:12",8200
10.6,0.15,4100,"sd","09:20:26",26300
10.6,0.15,200,"sd","09:20:22",22200
10.6,0.15,700,"sd","09:20:19",22000
10.55,0.1,3000,"sd","09:20:00",21300
10.55,0.1,1000,"sd","09:19:32",18300
10.55,0.1,1300,"sd","09:19:32",17300
10.55,0.1,1700,"bu","09:19:19",16000
10.6,0.15,100,"bu","09:18:51",14300
10.5,0.05,1000,"sd","09:18:15",14200
10.5,0.05,3400,"sd","09:18:15",13200
10.6,0.15,1000,"sd","09:17:44",9800
10.65,0.2,400,"bu","09:17:15",8800
10.65,0.2,100,"bu","09:17:04",8400
10.65,0.2,100,"bu","09:16:52",8300
10.65,0.2,8200,"bu","09:15:01",8200
10.4,0.15,800,"bu","09:31:38",165600
10.4,0.15,100,"bu","09:31:23",164800
10.4,0.15,100,"bu","09:31:22",164700
10.4,0.15,300,"bu","09:31:22",164600
10.4,0.15,500,"bu","09:31:17",164300
10.4,0.15,500,"bu","09:30:49",163800
10.4,0.15,1000,"bu","09:30:31",163300
10.4,0.15,200,"bu","09:30:20",162300
10.3,0.05,100,"unknown","09:30:20",162100
10.4,0.15,800,"bu","09:29:35",162000
10.25,0,2000,"sd","09:29:23",161200
10.4,0.15,2000,"bu","09:29:00",159200
10.25,0,800,"bu","09:28:38",157200
10.2,-0.05,100,"sd","09:28:32",156400
10.2,-0.05,200,"sd","09:28:32",156300
10.2,-0.05,100,"sd","09:27:35",156100
10.2,-0.05,200,"sd","09:27:18",156000
10.2,-0.05,100,"bu","09:26:44",155800
10.2,-0.05,200,"bu","09:26:44",155700
10.2,-0.05,2000,"bu","09:26:05",155500
10.2,-0.05,2000,"bu","09:26:05",155500
10.2,-0.05,3000,"bu","09:26:02",153500
10.2,-0.05,1000,"bu","09:26:02",150500
10.2,-0.05,1000,"bu","09:25:54",149500
10.2,-0.05,1000,"bu","09:25:50",148500
10.2,-0.05,500,"bu","09:25:42",147500
10.2,-0.05,1000,"bu","09:25:40",147000
10.2,-0.05,300,"sd","09:25:30",146000
10.2,-0.05,700,"bu","09:25:22",145700
10.2,-0.05,300,"sd","09:25:19",145000
10.2,-0.05,4900,"sd","09:25:19",144700
10.2,-0.05,100,"sd","09:25:03",139800
10.2,-0.05,1000,"sd","09:25:03",139700
10.2,-0.05,8900,"sd","09:25:03",138700
10.2,-0.05,1000,"bu","09:24:50",129800
10.2,-0.05,100,"bu","09:24:50",128800
10.2,-0.05,100,"sd","09:24:45",128700
10.2,-0.05,500,"sd","09:24:45",128600
10.2,-0.05,300,"sd","09:24:45",128100
10.2,-0.05,200,"sd","09:24:43",127800
10.2,-0.05,300,"sd","09:24:27",127600
10.2,-0.05,200,"bu","09:24:27",127300
10.1,-0.15,200,"sd","09:24:24",127100
10.1,-0.15,500,"bu","09:23:46",126900
10.1,-0.15,1000,"bu","09:23:31",126400
10.1,-0.15,1000,"bu","09:23:24",125400
10.1,-0.15,100,"bu","09:23:20",124400
10.1,-0.15,7100,"sd","09:23:08",124300
10.1,-0.15,100,"sd","09:23:08",117200
10.1,-0.15,200,"sd","09:23:08",117100
10.25,0,200,"bu","09:23:08",116900
10.25,0,500,"bu","09:23:08",116700
10.05,-0.2,100,"sd","09:22:25",116200
10.05,-0.2,100,"sd","09:22:25",116100
10.15,-0.1,300,"sd","09:22:25",116000
10,-0.25,100,"sd","09:21:41",115700
10,-0.25,200,"sd","09:21:41",115600
10,-0.25,2000,"bu","09:21:27",115400
9.88,-0.37,4300,"sd","09:20:57",113400
9.8,-0.45,17300,"bu","09:19:28",109100
9.86,-0.39,2000,"sd","09:18:59",91800
9.86,-0.39,500,"sd","09:18:59",89800
9.87,-0.38,100,"sd","09:18:59",89300
10,-0.25,2000,"sd","09:18:59",89200
10,-0.25,100,"sd","09:18:59",87200
10,-0.25,500,"sd","09:18:59",87100
10,-0.25,700,"sd","09:18:40",86600
10,-0.25,300,"bu","09:18:15",85900
10,-0.25,300,"bu","09:18:13",85600
10,-0.25,100,"bu","09:18:13",85300
10,-0.25,300,"bu","09:18:01",85200
10,-0.25,100,"bu","09:17:57",84900
10,-0.25,2500,"bu","09:17:56",84800
10,-0.25,200,"bu","09:17:50",82300
10,-0.25,800,"bu","09:17:29",82100
10,-0.25,200,"bu","09:17:29",81300
9.9,-0.35,200,"bu","09:17:15",81100
9.87,-0.38,2000,"bu","09:16:53",80900
9.87,-0.38,1000,"bu","09:16:45",78900
9.86,-0.39,300,"bu","09:16:31",77900
9.86,-0.39,100,"bu","09:16:27",77600
9.86,-0.39,100,"bu","09:16:04",77500
9.54,-0.71,3000,"sd","09:15:10",77400
9.54,-0.71,74400,"sd","09:15:01",74400
13.9,-0.25,1000,"bu","09:31:54",79100
13.9,-0.25,500,"bu","09:31:51",78100
13.9,-0.25,100,"bu","09:31:43",77600
13.9,-0.25,1000,"sd","09:29:38",77500
14,-0.15,400,"bu","09:29:18",76500
14,-0.15,100,"sd","09:29:15",76100
14,-0.15,700,"sd","09:29:15",76000
14,-0.15,300,"sd","09:29:15",75300
14,-0.15,100,"sd","09:29:15",75000
14,-0.15,200,"sd","09:29:15",74900
14,-0.15,100,"sd","09:29:15",74700
14.05,-0.1,100,"sd","09:29:15",74600
14.05,-0.1,400,"bu","09:28:52",74500
14,-0.15,100,"sd","09:28:43",74100
14,-0.15,200,"sd","09:28:43",74000
14,-0.15,100,"sd","09:28:43",73800
14,-0.15,200,"sd","09:28:43",73700
14,-0.15,100,"sd","09:28:43",73500
14.05,-0.1,2000,"sd","09:28:33",73400
14.05,-0.1,1600,"sd","09:28:33",71400
14.05,-0.1,2000,"sd","09:28:08",69800
14.05,-0.1,2200,"sd","09:28:04",67800
14.05,-0.1,200,"sd","09:27:57",65600
14,-0.15,100,"sd","09:27:32",65400
14.15,0,100,"bu","09:27:27",65300
14.15,0,200,"sd","09:27:19",65200
14.15,0,500,"sd","09:27:19",65000
14.15,0,2500,"bu","09:26:52",64500
14.15,0,400,"sd","09:26:39",62000
14.15,0,100,"sd","09:26:39",61600
14.15,0,3000,"sd","09:26:38",61500
14.15,0,1000,"sd","09:26:38",58500
14.15,0,500,"sd","09:26:38",57500
14.15,0,200,"bu","09:25:47",57000
14.15,0,200,"sd","09:25:38",56800
14.15,0,200,"sd","09:25:38",56600
14.15,0,100,"sd","09:25:38",56400
14.15,0,400,"sd","09:25:38",56300
14.15,0,400,"sd","09:25:38",55900
14.15,0,1000,"sd","09:25:38",55500
14.15,0,500,"sd","09:25:28",54500
14.15,0,500,"sd","09:23:18",54000
14.15,0,500,"sd","09:23:18",53500
14.15,0,1200,"bu","09:23:11",53000
14.15,0,300,"bu","09:23:11",51800
14.15,0,500,"sd","09:22:20",51500
14.15,0,100,"sd","09:22:20",51000
14.15,0,100,"sd","09:22:20",50900
14.15,0,1000,"sd","09:22:20",50800
14.15,0,200,"sd","09:22:20",49800
14.15,0,500,"sd","09:22:20",49600
14.15,0,700,"sd","09:22:20",49100
14.15,0,300,"sd","09:22:20",48400
14.2,0.05,100,"bu","09:22:11",48100
14.2,0.05,1000,"sd","09:22:05",48000
14.2,0.05,2700,"sd","09:22:05",47000
14.2,0.05,5000,"sd","09:22:05",44300
14.25,0.1,400,"sd","09:21:53",39300
14.25,0.1,300,"sd","09:21:53",38900
14.25,0.1,100,"sd","09:21:53",38600
14.45,0.3,100,"bu","09:21:09",38400
14.45,0.3,700,"unknown","09:20:58",38300
14.5,0.35,200,"bu","09:20:40",37600
14.5,0.35,100,"bu","09:20:01",37400
14.5,0.35,100,"sd","09:19:35",37300
14.5,0.35,1000,"sd","09:19:35",37200
14.5,0.35,1600,"sd","09:19:35",36200
14.5,0.35,2000,"sd","09:19:33",34600
14.5,0.35,5600,"sd","09:19:23",32600
14.5,0.35,800,"sd","09:18:57",27000
14.5,0.35,200,"sd","09:18:57",26200
14.5,0.35,400,"sd","09:18:28",26000
14.5,0.35,100,"sd","09:18:28",25600
14.5,0.35,1500,"sd","09:18:28",25500
14.5,0.35,300,"sd","09:18:11",24000
14.5,0.35,600,"sd","09:18:11",23700
14.5,0.35,400,"bu","09:17:56",23100
14.5,0.35,100,"bu","09:17:56",22700
14.5,0.35,900,"bu","09:17:55",22600
14.5,0.35,2200,"bu","09:17:55",21700
14.5,0.35,2200,"bu","09:17:55",21700
14.5,0.35,300,"bu","09:17:48",19500
14.5,0.35,200,"bu","09:17:48",19200
14.5,0.35,100,"bu","09:17:41",19000
14.5,0.35,200,"bu","09:17:41",18900
14.5,0.35,100,"bu","09:17:39",18700
14.5,0.35,1200,"bu","09:17:36",18600
14.5,0.35,400,"bu","09:17:36",17400
14.3,0.15,400,"sd","09:17:36",17000
14.3,0.15,600,"sd","09:17:36",16600
14.3,0.15,100,"sd","09:17:36",16000
14.5,0.35,200,"bu","09:17:34",15900
14.5,0.35,200,"bu","09:17:30",15700
14.5,0.35,200,"bu","09:16:46",15500
14.5,0.35,500,"bu","09:16:46",15300
14.5,0.35,2300,"bu","09:16:46",14800
14.5,0.35,1000,"bu","09:16:41",12500
14.5,0.35,100,"bu","09:16:27",11500
14.5,0.35,600,"bu","09:16:21",11400
14.5,0.35,10800,"bu","09:15:01",10800
15.9,0.3,300,"bu","09:32:47",83400
15.9,0.3,100,"bu","09:32:21",83100
15.9,0.3,200,"bu","09:32:21",83000
15.9,0.3,100,"bu","09:31:48",82800
15.9,0.3,200,"bu","09:31:31",82700
15.9,0.3,100,"bu","09:31:31",82500
15.9,0.3,1900,"bu","09:31:31",82400
15.9,0.3,700,"bu","09:31:31",80500
15.9,0.3,1000,"bu","09:31:31",79800
15.9,0.3,100,"bu","09:31:31",78800
15.9,0.3,4000,"bu","09:31:13",78700
15.9,0.3,400,"bu","09:29:28",74700
15.9,0.3,100,"bu","09:28:33",74300
15.9,0.3,100,"bu","09:28:18",74200
15.8,0.2,400,"sd","09:28:09",74100
15.8,0.2,200,"sd","09:28:09",73700
15.8,0.2,200,"sd","09:28:00",73500
15.85,0.25,200,"sd","09:27:56",73300
15.85,0.25,200,"bu","09:27:16",73100
15.9,0.3,2500,"bu","09:27:05",72900
15.8,0.2,100,"sd","09:26:56",70400
15.8,0.2,1100,"sd","09:26:56",70300
15.8,0.2,1000,"bu","09:26:02",69200
15.7,0.1,1100,"sd","09:26:00",68200
15.7,0.1,500,"sd","09:25:56",67100
15.8,0.2,3000,"bu","09:25:55",66600
15.7,0.1,1000,"sd","09:25:05",63600
15.7,0.1,400,"sd","09:24:15",62600
15.7,0.1,100,"sd","09:24:14",62200
15.7,0.1,500,"sd","09:23:08",62100
15.7,0.1,100,"sd","09:22:43",61600
15.7,0.1,300,"sd","09:22:41",61500
15.7,0.1,200,"bu","09:22:35",61200
15.7,0.1,100,"bu","09:22:18",61000
15.7,0.1,2400,"sd","09:22:08",60900
15.7,0.1,500,"bu","09:22:07",58500
15.7,0.1,1700,"bu","09:22:07",58000
15.7,0.1,400,"bu","09:22:07",56300
15.7,0.1,600,"bu","09:21:04",55900
15.7,0.1,2000,"bu","09:21:01",55300
15.7,0.1,2000,"bu","09:21:01",53300
15.7,0.1,300,"bu","09:21:01",51300
15.7,0.1,100,"sd","09:21:01",51000
15.7,0.1,1100,"sd","09:21:01",50900
15.7,0.1,100,"sd","09:21:01",49800
15.7,0.1,200,"sd","09:20:37",49700
15.8,0.2,400,"bu","09:20:31",49500
15.8,0.2,600,"bu","09:20:31",49100
15.8,0.2,500,"bu","09:20:28",48500
15.8,0.2,1000,"bu","09:20:19",48000
15.8,0.2,100,"bu","09:20:19",47000
15.8,0.2,500,"bu","09:20:19",46900
15.8,0.2,300,"unknown","09:20:19",46400
15.8,0.2,200,"sd","09:20:13",46100
15.8,0.2,200,"sd","09:20:13",45900
15.8,0.2,400,"sd","09:20:13",45700
15.8,0.2,200,"sd","09:20:13",45300
15.8,0.2,600,"sd","09:20:13",45100
15.8,0.2,100,"sd","09:20:13",44500
15.8,0.2,1100,"sd","09:20:13",44400
15.8,0.2,200,"sd","09:20:13",46100
15.8,0.2,200,"sd","09:20:13",45900
15.8,0.2,400,"sd","09:20:13",45700
15.8,0.2,200,"sd","09:20:13",45300
15.8,0.2,600,"sd","09:20:13",45100
15.8,0.2,100,"sd","09:20:13",44500
15.8,0.2,1100,"sd","09:20:13",44400
15.8,0.2,200,"sd","09:20:13",43300
15.9,0.3,14500,"sd","09:19:44",43100
15.9,0.3,2000,"sd","09:19:44",28600
15.9,0.3,2000,"sd","09:19:44",26600
15.95,0.35,500,"sd","09:19:44",24600
15.95,0.35,500,"sd","09:19:44",24100
15.95,0.35,200,"sd","09:19:44",23600
15.95,0.35,300,"sd","09:19:26",23400
15.95,0.35,100,"bu","09:18:54",23100
15.95,0.35,600,"bu","09:18:34",23000
15.95,0.35,400,"bu","09:18:22",22400
15.9,0.3,200,"sd","09:17:43",22000
15.8,0.2,1000,"sd","09:16:51",21800
15.85,0.25,100,"bu","09:16:27",15600
15.8,0.2,200,"sd","09:16:23",15500
15.8,0.2,2000,"sd","09:16:16",15300
15.8,0.2,100,"bu","09:16:01",13300
15.8,0.2,200,"bu","09:15:49",13200
15.7,0.1,1000,"sd","09:15:32",13000
15.7,0.1,300,"bu","09:15:30",12000
15.7,0.1,2500,"bu","09:15:17",11700
15.6,0,9200,"sd","09:15:01",9200
16.35,-0.3,1000,"sd","11:06:09",363000
16.35,-0.3,500,"sd","11:06:09",362000
16.35,-0.3,100,"sd","11:06:09",361500
16.4,-0.25,100,"bu","11:05:49",361400
16.4,-0.25,300,"bu","11:05:22",361300
16.4,-0.25,300,"bu","11:04:23",361000
16.35,-0.3,400,"sd","11:04:03",360700
16.35,-0.3,100,"sd","11:04:03",360300
16.35,-0.3,100,"sd","11:04:03",360200
16.35,-0.3,300,"sd","11:04:03",360100
16.4,-0.25,2200,"sd","11:03:51",359800
16.4,-0.25,2000,"sd","11:03:51",357600
16.4,-0.25,200,"sd","11:03:51",355600
16.4,-0.25,2000,"sd","11:03:51",355400
16.4,-0.25,500,"sd","11:03:51",353400
16.4,-0.25,500,"sd","11:03:51",352900
16.4,-0.25,2000,"sd","11:03:51",352400
16.4,-0.25,500,"sd","11:03:51",350400
16.4,-0.25,100,"sd","11:03:51",349900
16.4,-0.25,500,"sd","11:03:51",349800
16.4,-0.25,500,"sd","11:03:51",349300
16.4,-0.25,1000,"sd","11:03:51",348800
16.4,-0.25,5000,"sd","11:03:51",347800
16.4,-0.25,1700,"sd","11:03:51",342800
16.4,-0.25,900,"sd","11:03:34",341100
16.4,-0.25,300,"sd","11:03:34",340200
16.4,-0.25,1000,"sd","11:03:34",339900
16.4,-0.25,2100,"sd","11:03:23",338900
16.4,-0.25,400,"sd","11:03:23",336800
16.4,-0.25,100,"sd","11:03:04",336400
16.4,-0.25,700,"sd","11:03:04",336300
16.4,-0.25,5100,"sd","11:00:40",335600
16.4,-0.25,500,"sd","11:00:40",330500
16.4,-0.25,600,"sd","11:00:40",330000
16.4,-0.25,100,"sd","11:00:40",329400
16.4,-0.25,500,"sd","11:00:40",329300
16.4,-0.25,200,"sd","11:00:40",328800
16.4,-0.25,100,"sd","11:00:40",328600
16.4,-0.25,200,"sd","11:00:40",328500
16.5,-0.15,500,"bu","10:59:48",328300
16.5,-0.15,500,"sd","10:40:39",308500
16.55,-0.1,200,"sd","10:40:39",308000
16.55,-0.1,200,"sd","10:37:45",307800
16.55,-0.1,300,"sd","10:36:40",307600
16.6,-0.05,1500,"sd","10:36:12",307300
16.6,-0.05,300,"sd","10:34:36",305800
16.6,-0.05,200,"sd","10:33:14",305500
16.6,-0.05,300,"bu","10:30:58",305300
16.6,-0.05,700,"sd","10:30:30",305000
16.6,-0.05,2300,"sd","10:30:12",304300
16.6,-0.05,200,"sd","10:30:12",302000
16.6,-0.05,500,"sd","10:30:12",301800
16.6,-0.05,1000,"sd","10:29:58",301300
16.6,-0.05,1400,"sd","10:29:05",300300
16.65,0,500,"bu","10:28:27",298900
16.6,-0.05,700,"sd","10:26:55",298400
16.6,-0.05,300,"sd","10:26:55",297700
16.6,-0.05,500,"sd","10:26:44",297400
16.65,0,400,"bu","10:26:42",296900
16.65,0,600,"bu","10:26:42",296500
16.6,-0.05,200,"sd","10:26:39",295900
16.6,-0.05,300,"sd","10:26:39",295700
16.6,-0.05,3400,"sd","10:26:36",295400
16.6,-0.05,1300,"sd","10:26:23",292000
16.6,-0.05,400,"sd","10:26:23",290700
16.6,-0.05,100,"sd","10:26:23",290300
16.6,-0.05,700,"sd","10:26:23",290200
16.6,-0.05,500,"sd","10:26:23",289500
16.6,-0.05,2000,"sd","10:25:32",289000
16.6,-0.05,2000,"sd","10:23:47",287000
16.6,-0.05,500,"bu","10:23:21",285000
16.6,-0.05,500,"bu","10:23:05",284500
16.6,-0.05,200,"bu","10:23:05",284000
16.6,-0.05,300,"bu","10:23:05",283800
16.6,-0.05,100,"bu","10:22:51",283500
16.6,-0.05,300,"bu","10:22:51",283400
16.6,-0.05,200,"bu","10:22:31",283100
16.6,-0.05,500,"bu","10:22:09",282900
16.6,-0.05,600,"bu","10:22:09",282400
16.6,-0.05,500,"bu","10:22:09",281800
16.6,-0.05,1400,"bu","10:22:09",281300
16.6,-0.05,500,"bu","10:20:58",279900
16.6,-0.05,15000,"bu","10:20:46",279400
16.6,-0.05,100,"bu","10:20:34",264400
16.6,-0.05,1000,"bu","10:19:49",264300
16.6,-0.05,200,"bu","10:19:40",263300
16.6,-0.05,2000,"bu","10:19:29",263100
16.6,-0.05,500,"bu","10:19:27",261100
16.6,-0.05,10000,"bu","10:18:35",260600
16.6,-0.05,1300,"bu","10:16:09",250600
16.6,-0.05,1800,"bu","10:16:09",249300
16.6,-0.05,2000,"bu","10:16:09",247500
16.6,-0.05,3000,"bu","10:16:09",245500
16.6,-0.05,100,"bu","10:16:09",242500
16.6,-0.05,1000,"bu","10:16:09",242400
16.55,-0.1,800,"bu","10:16:00",241400
16.55,-0.1,200,"sd","10:15:47",240600
16.55,-0.1,500,"sd","10:15:00",240400
16.55,-0.1,300,"sd","10:15:00",239900
16.55,-0.1,100,"bu","10:14:43",239600
16.55,-0.1,100,"sd","10:14:25",239500
16.55,-0.1,300,"sd","10:13:53",239400
16.55,-0.1,100,"sd","10:13:53",239100
16.55,-0.1,100,"sd","10:13:53",239000
16.55,-0.1,300,"sd","10:13:53",238900
16.55,-0.1,200,"sd","10:13:46",238600
16.55,-0.1,400,"bu","10:11:49",238400
16.55,-0.1,200,"bu","10:11:48",238000
16.55,-0.1,100,"bu","10:10:22",237800
16.55,-0.1,300,"bu","10:10:22",237700
16.55,-0.1,2000,"bu","10:10:11",237400
16.55,-0.1,700,"bu","10:10:11",235400
16.55,-0.1,100,"bu","10:09:09",234700
16.55,-0.1,200,"bu","10:09:07",234600
16.55,-0.1,600,"bu","10:09:07",234400
16.55,-0.1,100,"bu","10:08:13",233800
16.55,-0.1,500,"bu","10:07:06",233700
16.5,-0.15,300,"bu","10:07:06",233200
16.5,-0.15,1000,"bu","10:06:30",232900
16.5,-0.15,500,"bu","10:06:05",231900
16.6,-0.05,1300,"bu","10:16:09",250600
16.6,-0.05,1800,"bu","10:16:09",249300
16.6,-0.05,2000,"bu","10:16:09",247500
16.6,-0.05,3000,"bu","10:16:09",245500
16.6,-0.05,100,"bu","10:16:09",242500
16.6,-0.05,1000,"bu","10:16:09",242400
16.55,-0.1,800,"bu","10:16:00",241400
16.55,-0.1,200,"sd","10:15:47",240600
16.55,-0.1,500,"bu","10:15:00",240400
16.55,-0.1,300,"bu","10:15:00",239900
16.55,-0.1,100,"bu","10:14:43",239600
16.55,-0.1,100,"sd","10:14:25",239500
16.55,-0.1,300,"sd","10:13:53",239400
16.55,-0.1,100,"sd","10:13:53",239100
16.55,-0.1,100,"sd","10:13:53",239000
16.55,-0.1,300,"sd","10:13:53",238900
16.55,-0.1,200,"sd","10:13:46",238600
16.55,-0.1,400,"bu","10:11:49",238400
16.55,-0.1,200,"bu","10:11:48",238000
16.55,-0.1,100,"bu","10:10:22",237800
16.4,-0.25,100,"bu","09:55:13",211100
16.4,-0.25,1000,"sd","09:54:54",211000
16.4,-0.25,200,"sd","09:54:54",210000
16.4,-0.25,6500,"sd","09:54:54",209800
16.4,-0.25,1000,"sd","09:54:54",203300
16.4,-0.25,500,"sd","09:54:54",202300
16.4,-0.25,700,"sd","09:54:54",201800
16.4,-0.25,1000,"sd","09:54:54",201100
16.4,-0.25,500,"sd","09:54:54",200100
16.4,-0.25,500,"sd","09:54:54",199600
16.4,-0.25,7200,"sd","09:54:54",199100
16.45,-0.2,600,"sd","09:54:54",191900
16.45,-0.2,1400,"sd","09:54:54",191300
16.45,-0.2,1000,"sd","09:54:54",189900
16.45,-0.2,500,"sd","09:54:54",188900
16.5,-0.15,2000,"bu","09:54:16",188400
16.5,-0.15,100,"bu","09:54:16",186400
16.5,-0.15,5000,"bu","09:54:16",186300
16.5,-0.15,200,"bu","09:54:16",181300
16.5,-0.15,1000,"bu","09:54:16",181100
16.4,-0.25,100,"sd","09:58:03",220500
16.4,-0.25,800,"sd","09:58:03",220400
16.4,-0.25,100,"sd","09:56:20",219600
16.4,-0.25,100,"sd","09:56:20",219500
16.4,-0.25,500,"sd","09:56:13",219400
16.4,-0.25,500,"bu","09:55:38",218900
16.4,-0.25,3900,"bu","09:55:38",218400
16.4,-0.25,200,"bu","09:55:27",214500
16.4,-0.25,2000,"bu","09:55:26",214300
16.4,-0.25,1000,"bu","09:55:20",212300
16.4,-0.25,200,"bu","09:55:16",211300
16.4,-0.25,100,"bu","09:55:13",211100
16.4,-0.25,1000,"sd","09:54:54",211000
16.4,-0.25,200,"sd","09:54:54",210000
16.4,-0.25,6500,"sd","09:54:54",209800
16.4,-0.25,1000,"sd","09:54:54",203300
16.4,-0.25,500,"sd","09:54:54",202300
16.4,-0.25,700,"sd","09:54:54",201800
16.4,-0.25,1000,"sd","09:54:54",201100
16.4,-0.25,500,"sd","09:54:54",200100
16.4,-0.25,500,"sd","09:54:54",199600
16.4,-0.25,7200,"sd","09:54:54",199100
16.45,-0.2,600,"sd","09:54:54",191900
16.45,-0.2,1400,"sd","09:54:54",191300
16.45,-0.2,1000,"sd","09:54:54",189900
16.45,-0.2,500,"sd","09:54:54",188900
16.5,-0.15,2000,"bu","09:54:16",188400
16.5,-0.15,100,"bu","09:54:16",186400
16.5,-0.15,5000,"bu","09:54:16",186300
16.5,-0.15,200,"bu","09:54:16",181300
16.5,-0.15,1000,"bu","09:54:16",181100
16.5,-0.15,1700,"bu","09:54:16",180100
16.45,-0.2,100,"bu","09:53:10",178400
16.45,-0.2,200,"sd","09:53:05",178300
16.45,-0.2,200,"sd","09:53:05",178100
16.45,-0.2,100,"sd","09:52:39",177900
16.45,-0.2,200,"bu","09:52:34",177800
16.45,-0.2,400,"bu","09:52:24",177600
16.45,-0.2,200,"bu","09:52:11",177200
16.45,-0.2,1000,"bu","09:51:45",177000
16.45,-0.2,100,"sd","09:51:22",176000
16.45,-0.2,300,"bu","09:50:32",175900
16.45,-0.2,300,"bu","09:50:32",175600
16.45,-0.2,100,"bu","09:49:54",175300
16.45,-0.2,100,"bu","09:49:35",175200
16.45,-0.2,500,"bu","09:49:26",175100
16.45,-0.2,800,"bu","09:49:26",174600
16.45,-0.2,500,"bu","09:48:55",173800
16.45,-0.2,500,"bu","09:48:29",173300
16.45,-0.2,100,"bu","09:47:55",172800
16.4,-0.25,800,"sd","09:47:54",172700
16.4,-0.25,200,"sd","09:47:54",171900
16.4,-0.25,500,"sd","09:46:14",171700
16.4,-0.25,600,"sd","09:46:14",171200
16.4,-0.25,100,"sd","09:46:09",170600
16.4,-0.25,300,"sd","09:46:01",170500
16.4,-0.25,100,"sd","09:46:01",170200
16.4,-0.25,100,"sd","09:46:01",170100
16.4,-0.25,700,"sd","09:46:01",170000
16.4,-0.25,200,"sd","09:45:37",169300
16.45,-0.2,100,"bu","09:44:57",169100
16.4,-0.25,100,"sd","09:44:43",169000
16.4,-0.25,600,"sd","09:44:43",168900
16.4,-0.25,500,"sd","09:44:43",168300
16.4,-0.25,500,"sd","09:44:43",167800
16.4,-0.25,500,"sd","09:44:43",167300
16.4,-0.25,1000,"sd","09:44:43",166800
16.4,-0.25,500,"sd","09:44:43",165800
16.4,-0.25,100,"sd","09:44:43",165300
16.4,-0.25,200,"sd","09:44:43",165200
16.4,-0.25,100,"sd","09:44:43",165000
16.4,-0.25,200,"sd","09:44:43",164900
16.4,-0.25,1000,"sd","09:44:43",164700
16.45,-0.2,100,"bu","09:42:32",163700
16.45,-0.2,200,"bu","09:42:32",163600
16.45,-0.2,100,"bu","09:40:40",163400
16.45,-0.2,200,"bu","09:39:47",163300
16.45,-0.2,500,"sd","09:38:54",163100
16.5,-0.15,200,"bu","09:37:11",162600
16.45,-0.2,1700,"sd","09:37:09",162400
16.45,-0.2,100,"bu","09:36:59",160700
16.45,-0.2,1000,"bu","09:36:04",160600
16.45,-0.2,300,"bu","09:36:04",159600
16.45,-0.2,200,"bu","09:35:42",159300
16.45,-0.2,100,"bu","09:35:19",159100
16.45,-0.2,900,"sd","09:35:15",159000
16.45,-0.2,100,"sd","09:34:57",158100
16.45,-0.2,2000,"sd","09:34:57",158000
16.5,-0.15,200,"sd","09:34:08",156000
16.5,-0.15,900,"sd","09:34:08",155800
16.5,-0.15,100,"sd","09:33:38",154900
16.5,-0.15,500,"sd","09:33:31",154800
16.5,-0.15,200,"sd","09:33:31",154300
16.5,-0.15,1200,"sd","09:33:19",154100
16.5,-0.15,1800,"sd","09:33:19",152900
16.5,-0.15,5000,"sd","09:33:17",151100
16.5,-0.15,6200,"sd","09:33:08",146100
16.5,-0.15,100,"sd","09:32:52",139900
16.55,-0.1,100,"bu","09:32:50",139800
16.55,-0.1,600,"bu","09:32:24",139700
16.3,-0.35,900,"sd","09:25:44",105700
16.3,-0.35,300,"sd","09:25:44",104800
16.35,-0.3,300,"bu","09:25:11",104500
16.35,-0.3,3400,"sd","09:25:07",104200
16.35,-0.3,1000,"sd","09:25:07",100800
16.35,-0.3,1000,"sd","09:25:07",99800
16.35,-0.3,1400,"sd","09:25:07",98800
16.35,-0.3,3600,"bu","09:24:01",97400
16.35,-0.3,500,"bu","09:23:55",93800
16.25,-0.4,100,"sd","09:23:54",93300
16.25,-0.4,500,"sd","09:23:54",93200
16.25,-0.4,800,"sd","09:23:54",92700
16.35,-0.3,100,"bu","09:23:50",91900
16.25,-0.4,300,"sd","09:23:50",91800
16.35,-0.3,100,"bu","09:23:39",91500
16.35,-0.3,200,"bu","09:23:31",91400
16.35,-0.3,1000,"sd","09:23:21",91200
16.4,-0.25,100,"bu","09:23:04",90200
16.4,-0.25,100,"bu","09:23:01",90100
16.4,-0.25,300,"sd","09:22:57",90000
16.4,-0.25,600,"sd","09:28:10",112900
16.4,-0.25,800,"sd","09:27:46",112300
16.4,-0.25,500,"bu","09:27:42",111500
16.4,-0.25,1500,"bu","09:27:42",111000
16.4,-0.25,300,"bu","09:27:42",109500
16.4,-0.25,800,"bu","09:27:41",109200
16.4,-0.25,700,"bu","09:27:34",108400
16.35,-0.3,700,"bu","09:26:35",107700
16.35,-0.3,200,"bu","09:26:11",107000
16.3,-0.35,1000,"sd","09:25:44",106800
16.3,-0.35,100,"sd","09:25:44",105800
16.3,-0.35,900,"sd","09:25:44",105700
16.3,-0.35,300,"sd","09:25:44",104800
16.35,-0.3,300,"bu","09:25:11",104500
16.35,-0.3,3400,"sd","09:25:07",104200
16.35,-0.3,1000,"sd","09:25:07",100800
16.35,-0.3,1000,"sd","09:25:07",99800
16.35,-0.3,1400,"sd","09:25:07",98800
16.35,-0.3,3600,"bu","09:24:01",97400
16.35,-0.3,500,"bu","09:23:55",93800
16.25,-0.4,100,"sd","09:23:54",93300
16.25,-0.4,500,"sd","09:23:54",93200
16.25,-0.4,800,"sd","09:23:54",92700
16.35,-0.3,100,"bu","09:23:50",91900
16.25,-0.4,300,"sd","09:23:50",91800
16.35,-0.3,100,"bu","09:23:39",91500
16.35,-0.3,200,"bu","09:23:31",91400
16.35,-0.3,1000,"sd","09:23:21",91200
16.4,-0.25,100,"bu","09:23:04",90200
16.4,-0.25,100,"bu","09:23:01",90100
16.4,-0.25,300,"sd","09:22:57",90000
16.4,-0.25,1500,"sd","09:22:57",89700
16.4,-0.25,100,"sd","09:22:31",88200
16.5,-0.15,5000,"bu","09:22:25",88100
16.4,-0.25,900,"sd","09:22:22",83100
16.4,-0.25,500,"bu","09:22:18",82200
16.35,-0.3,100,"bu","09:22:18",81700
16.35,-0.3,900,"bu","09:22:18",81600
16.25,-0.4,900,"bu","09:22:01",80700
16.25,-0.4,100,"bu","09:22:00",79800
16.25,-0.4,200,"bu","09:21:55",79700
16.25,-0.4,400,"bu","09:21:51",79500
16.25,-0.4,200,"sd","09:21:34",79100
16.2,-0.45,1600,"sd","09:21:31",78900
16.2,-0.45,1400,"sd","09:21:31",77300
16.35,-0.3,100,"bu","09:21:29",75900
16.35,-0.3,500,"bu","09:21:29",75800
16.3,-0.35,1000,"bu","09:21:29",75300
16.2,-0.45,600,"bu","09:20:23",74300
16.2,-0.45,100,"bu","09:20:16",73700
16.2,-0.45,400,"bu","09:20:15",73600
16.2,-0.45,500,"bu","09:20:10",73200
16.2,-0.45,300,"bu","09:19:44",72700
16.2,-0.45,2000,"bu","09:19:37",72400
16.2,-0.45,5000,"bu","09:19:36",70400
16.2,-0.45,700,"bu","09:19:28",65400
16.2,-0.45,1000,"bu","09:19:19",64700
16.2,-0.45,200,"sd","09:19:16",63700
16.2,-0.45,500,"sd","09:19:16",63500
16.2,-0.45,200,"sd","09:19:16",63000
16.2,-0.45,500,"sd","09:19:16",62800
16.2,-0.45,100,"sd","09:19:13",62300
16.2,-0.45,2800,"sd","09:19:13",62200
16.25,-0.4,200,"bu","09:19:09",59400
16.2,-0.45,200,"sd","09:19:07",59200
16.2,-0.45,800,"sd","09:19:07",59000
16.2,-0.45,100,"sd","09:18:43",58200
16.2,-0.45,700,"sd","09:18:43",58100
16.2,-0.45,1000,"sd","09:18:43",57400
16.2,-0.45,200,"sd","09:18:43",56400
16.2,-0.45,100,"sd","09:18:06",56200
16.2,-0.45,100,"bu","09:17:44",56100
16.2,-0.45,1800,"bu","09:17:44",56000
16.2,-0.45,100,"bu","09:17:40",54200
16.2,-0.45,400,"sd","09:17:34",54100
16.2,-0.45,900,"sd","09:17:34",53700
16.2,-0.45,10000,"sd","09:17:34",52800
16.2,-0.45,200,"sd","09:17:34",42800
16.2,-0.45,1000,"sd","09:17:34",42600
16.2,-0.45,300,"sd","09:17:34",41600
16.2,-0.45,100,"sd","09:16:03",20600
16.2,-0.45,1500,"sd","09:16:03",20500
16.2,-0.45,200,"sd","09:16:03",19000
16.2,-0.45,200,"sd","09:16:03",18800
16.2,-0.45,600,"sd","09:16:03",18600
16.2,-0.45,400,"sd","09:15:03",18000
16.2,-0.45,17600,"sd","09:15:02",17600
17.3,-0.4,100,"bu","10:45:02",1023600
17.3,-0.4,3000,"bu","10:44:50",1023500
17.25,-0.45,9100,"sd","10:43:23",1020500
17.25,-0.45,500,"sd","10:43:23",1011400
17.25,-0.45,400,"sd","10:43:23",1010900
17.3,-0.4,200,"sd","10:43:18",1010500
17.3,-0.4,200,"sd","10:43:18",1010300
17.3,-0.4,500,"sd","10:43:18",1010100
17.3,-0.4,5000,"sd","10:42:17",1009600
17.4,-0.3,100,"bu","10:41:39",1004600
17.4,-0.3,1100,"bu","10:40:45",1004500
17.4,-0.3,800,"bu","10:40:45",1003400
17.35,-0.35,100,"bu","10:40:45",1002600
17.25,-0.45,600,"sd","10:40:25",1002500
17.25,-0.45,500,"sd","10:40:25",1001900
17.25,-0.45,100,"sd","10:40:25",1001400
17.3,-0.4,300,"sd","10:40:25",1001300
17.3,-0.4,500,"sd","10:40:25",1001000
17.35,-0.35,400,"bu","10:40:08",1000500
17.35,-0.35,100,"bu","10:40:08",1000100
17.35,-0.35,100,"bu","10:40:07",1000000
17.35,-0.35,2000,"bu","10:40:07",999900
17.35,-0.35,800,"bu","10:40:07",997900
17.35,-0.35,2100,"bu","10:40:07",997100
17.35,-0.35,500,"bu","10:39:41",995000
17.35,-0.35,1000,"bu","10:39:01",994500
17.25,-0.45,100,"sd","10:38:29",993500
17.25,-0.45,3000,"sd","10:38:27",993400
17.25,-0.45,500,"sd","10:38:15",990400
17.25,-0.45,1300,"sd","10:37:33",989900
17.25,-0.45,200,"sd","10:37:33",988600
17.25,-0.45,300,"sd","10:37:33",988400
17.25,-0.45,200,"sd","10:36:52",988100
17.3,-0.4,1400,"bu","10:36:47",987900
17.3,-0.4,100,"sd","10:36:30",986500
17.3,-0.4,200,"sd","10:36:15",986400
17.3,-0.4,400,"sd","10:36:15",986200
17.3,-0.4,100,"sd","10:35:30",985800
17.35,-0.35,200,"bu","10:35:01",985700
17.35,-0.35,900,"sd","10:34:56",985500
17.25,-0.45,1300,"sd","10:37:33",989900
17.25,-0.45,200,"sd","10:37:33",988600
17.25,-0.45,300,"sd","10:37:33",988400
17.25,-0.45,200,"sd","10:36:52",988100
17.3,-0.4,1400,"bu","10:36:47",987900
17.3,-0.4,100,"sd","10:36:30",986500
17.3,-0.4,200,"sd","10:36:15",986400
17.3,-0.4,400,"sd","10:36:15",986200
17.3,-0.4,100,"sd","10:35:30",985800
17.35,-0.35,200,"bu","10:35:00",985700
17.35,-0.35,900,"sd","10:34:55",985500
17.35,-0.35,1000,"sd","10:34:55",984600
17.35,-0.35,200,"sd","10:34:55",983600
17.35,-0.35,100,"sd","10:34:55",983400
17.35,-0.35,100,"sd","10:34:42",983300
17.4,-0.3,500,"bu","10:34:24",983200
17.4,-0.3,1600,"sd","10:34:23",982700
17.4,-0.3,1600,"sd","10:34:23",981100
17.4,-0.3,500,"sd","10:34:23",979500
17.4,-0.3,300,"sd","10:34:23",979000
17.4,-0.3,4000,"sd","10:34:23",978700
17.4,-0.3,100,"sd","10:34:23",974700
17.4,-0.3,200,"sd","10:34:23",974600
17.45,-0.25,2000,"bu","10:33:31",974400
17.45,-0.25,1600,"bu","10:33:31",972400
17.45,-0.25,400,"bu","10:33:17",970800
17.4,-0.3,200,"bu","10:33:04",970400
17.4,-0.3,100,"bu","10:33:04",970200
17.4,-0.3,9800,"bu","10:33:04",970100
17.4,-0.3,200,"bu","10:31:42",960300
17.4,-0.3,200,"bu","10:31:33",960100
17.35,-0.35,100,"sd","10:30:26",959900
17.35,-0.35,100,"sd","10:30:11",959800
17.35,-0.35,100,"sd","10:30:11",959700
17.35,-0.35,1900,"bu","10:30:04",959600
17.35,-0.35,100,"bu","10:30:02",957700
17.3,-0.4,100,"sd","10:29:38",957600
17.25,-0.45,100,"sd","10:29:32",957500
17.3,-0.4,600,"bu","10:29:21",957400
17.3,-0.4,400,"bu","10:29:09",956800
17.3,-0.4,100,"bu","10:29:09",956400
17.3,-0.4,1500,"bu","10:29:09",956300
17.3,-0.4,1000,"bu","10:29:07",954800
17.3,-0.4,1000,"bu","10:29:07",953800
17.2,-0.5,200,"sd","10:28:52",952800
17.2,-0.5,300,"bu","10:28:40",952600
17.2,-0.5,200,"bu","10:28:38",952300
17.2,-0.5,100,"bu","10:28:37",952100
17.2,-0.5,400,"bu","10:28:35",952000
17.2,-0.5,2600,"bu","10:28:35",951600
17.2,-0.5,400,"bu","10:28:31",949000
17.2,-0.5,600,"bu","10:28:31",948600
17.2,-0.5,2000,"bu","10:28:31",948000
17.15,-0.55,100,"bu","10:28:06",946000
17.15,-0.55,400,"bu","10:27:58",945900
17.15,-0.55,100,"bu","10:27:58",945500
17.1,-0.6,600,"sd","10:27:54",945400
17.1,-0.6,300,"sd","10:27:54",944800
17.1,-0.6,100,"sd","10:27:54",944500
17.1,-0.6,300,"sd","10:27:43",944400
17.1,-0.6,1100,"bu","10:27:35",944100
17.1,-0.6,1000,"bu","10:27:35",943000
17,-0.7,3400,"sd","10:27:26",942000
17,-0.7,100,"sd","10:27:26",938600
17,-0.7,100,"sd","10:27:26",938500
17,-0.7,1000,"sd","10:27:26",938400
17,-0.7,1000,"sd","10:27:26",937400
17,-0.7,100,"sd","10:27:26",936400
17,-0.7,500,"sd","10:27:26",936300
17,-0.7,500,"sd","10:27:26",935800
17,-0.7,100,"sd","10:27:26",935300
17,-0.7,2800,"sd","10:27:26",935200
17.05,-0.65,1000,"sd","10:27:26",932400
17.05,-0.65,200,"sd","10:27:24",931400
17.05,-0.65,800,"bu","10:27:12",931200
17.05,-0.65,3200,"sd","10:27:07",930400
17,-0.7,200,"sd","10:27:03",927200
17,-0.7,1500,"sd","10:27:03",927000
17.05,-0.65,100,"sd","10:27:03",925500
17.05,-0.65,200,"sd","10:27:03",925400
17.05,-0.65,100,"sd","10:27:03",925200
17.1,-0.6,100,"sd","10:26:57",925100
17.1,-0.6,100,"sd","10:26:57",925000
17.1,-0.6,1000,"sd","10:26:57",924900
17.1,-0.6,4000,"sd","10:26:57",923900
17.1,-0.6,400,"sd","10:26:57",919900
17.1,-0.6,500,"sd","10:26:57",919500
17.1,-0.6,500,"sd","10:26:57",919000
17.1,-0.6,100,"sd","10:26:57",918500
17.1,-0.6,100,"sd","10:26:57",918400
17.1,-0.6,1000,"sd","10:26:57",918300
17.1,-0.6,100,"sd","10:26:57",917300
17.15,-0.55,100,"sd","10:26:33",917200
17.15,-0.55,500,"sd","10:26:33",917100
17.15,-0.55,3000,"sd","10:26:29",916600
17.15,-0.55,300,"sd","10:26:19",913600
17.2,-0.5,100,"bu","10:26:06",913300
17.2,-0.5,100,"bu","10:26:03",913200
17.15,-0.55,1700,"sd","10:26:01",913100
17.15,-0.55,100,"sd","10:26:01",911400
17.15,-0.55,100,"sd","10:26:01",911300
17.15,-0.55,200,"sd","10:26:01",911200
17.15,-0.55,500,"sd","10:26:01",911000
17.15,-0.55,200,"sd","10:26:01",910500
17.2,-0.5,1000,"bu","10:25:56",910300
17.2,-0.5,200,"sd","10:25:51",909300
17.2,-0.5,600,"sd","10:25:43",909100
17.2,-0.5,400,"sd","10:25:43",908500
17.25,-0.45,100,"bu","10:25:42",908100
17.25,-0.45,100,"bu","10:25:41",908000
17.3,-0.4,200,"bu","10:25:31",907900
17.3,-0.4,500,"bu","10:25:31",907700
17.3,-0.4,300,"bu","10:25:31",907200
17.3,-0.4,1000,"bu","10:25:31",906900
17.2,-0.5,600,"sd","10:25:27",905900
17.2,-0.5,500,"sd","10:25:27",905300
17.2,-0.5,800,"sd","10:25:27",904800
17.2,-0.5,400,"sd","10:25:27",904000
17.2,-0.5,2100,"sd","10:25:27",903600
17.2,-0.5,300,"sd","10:25:27",901500
17.2,-0.5,100,"sd","10:25:27",877200
17.25,-0.45,300,"sd","10:25:27",877100
17.25,-0.45,2000,"sd","10:25:27",876800
17.25,-0.45,200,"sd","10:25:27",874800
17.25,-0.45,5000,"sd","10:25:27",874600
17.25,-0.45,100,"sd","10:25:27",869600
17.25,-0.45,100,"sd","10:25:27",869500
17.3,-0.4,100,"sd","10:25:27",869400
17.3,-0.4,1000,"sd","10:25:27",869300
17.3,-0.4,2400,"sd","10:25:27",868300
17.3,-0.4,200,"sd","10:25:19",865900
17.3,-0.4,1000,"sd","10:25:12",865700
17.3,-0.4,500,"sd","10:25:07",864700
17.3,-0.4,2000,"sd","10:24:59",864200
17.3,-0.4,900,"sd","10:24:52",862200
17.3,-0.4,300,"sd","10:24:49",861300
17.3,-0.4,5400,"sd","10:24:47",861000
17.3,-0.4,500,"sd","10:24:47",855600
17.3,-0.4,6100,"sd","10:24:47",855100
17.3,-0.4,500,"sd","10:24:42",849000
17.3,-0.4,100,"sd","10:25:27",869400
17.3,-0.4,1000,"sd","10:25:27",869300
17.3,-0.4,2400,"sd","10:25:27",868300
17.3,-0.4,200,"sd","10:25:19",865900
17.3,-0.4,1000,"sd","10:25:12",865700
17.3,-0.4,500,"sd","10:25:07",864700
17.3,-0.4,2000,"sd","10:24:59",864200
17.3,-0.4,900,"sd","10:24:52",862200
17.3,-0.4,300,"sd","10:24:49",861300
17.3,-0.4,5400,"sd","10:24:47",861000
17.3,-0.4,500,"sd","10:24:47",855600
17.3,-0.4,6100,"sd","10:24:47",855100
17.3,-0.4,500,"sd","10:24:42",849000
17.3,-0.4,1000,"sd","10:24:40",848500
17.3,-0.4,900,"sd","10:24:33",847500
17.3,-0.4,100,"sd","10:24:33",846600
17.3,-0.4,500,"sd","10:24:33",846500
17.3,-0.4,1500,"sd","10:24:31",846000
17.3,-0.4,100,"sd","10:24:31",844500
17.3,-0.4,200,"sd","10:24:30",844400
17.3,-0.4,300,"sd","10:24:30",844200
17.3,-0.4,500,"sd","10:24:28",843900
17.3,-0.4,700,"sd","10:24:21",843400
17.3,-0.4,300,"sd","10:24:05",842700
17.3,-0.4,3700,"sd","10:24:02",842400
17.3,-0.4,1100,"sd","10:23:51",838700
17.3,-0.4,1000,"sd","10:23:51",837600
17.35,-0.35,500,"sd","10:23:37",836600
17.35,-0.35,1000,"sd","10:23:37",836100
17.35,-0.35,3000,"sd","10:23:37",835100
17.35,-0.35,700,"sd","10:23:37",832100
17.35,-0.35,2000,"sd","10:23:37",831400
17.35,-0.35,500,"sd","10:23:37",829400
17.35,-0.35,400,"sd","10:23:37",828900
17.35,-0.35,100,"sd","10:23:37",828500
17.35,-0.35,1000,"sd","10:23:37",828400
17.35,-0.35,500,"sd","10:23:37",827400
17.35,-0.35,10000,"sd","10:23:37",826900
17.35,-0.35,2700,"sd","10:23:37",816900
17.4,-0.3,500,"sd","10:23:37",814200
17.4,-0.3,200,"sd","10:23:37",813700
17.4,-0.3,1100,"sd","10:23:37",813500
17.4,-0.3,100,"sd","10:23:37",812400
17.4,-0.3,200,"sd","10:23:37",812300
17.4,-0.3,7000,"sd","10:23:24",812100
17.4,-0.3,2800,"sd","10:23:22",805100
17.4,-0.3,2200,"sd","10:23:22",802300
17.5,-0.2,400,"bu","10:23:09",800100
17.5,-0.2,500,"bu","10:23:09",799700
17.5,-0.2,1000,"bu","10:23:08",799200
17.5,-0.2,500,"sd","10:22:20",798200
17.55,-0.15,300,"bu","10:22:11",797700
17.55,-0.15,200,"bu","10:22:11",797400
17.55,-0.15,300,"bu","10:19:52",797200
17.55,-0.15,600,"bu","10:19:52",796900
17.55,-0.15,200,"bu","10:19:52",796300
17.55,-0.15,900,"bu","10:19:52",796100
17.5,-0.2,500,"sd","10:19:46",795200
17.5,-0.2,1200,"sd","10:19:46",794700
17.5,-0.2,200,"sd","10:19:05",793500
17.55,-0.15,1100,"bu","10:18:22",793300
17.55,-0.15,500,"bu","10:18:22",792200
17.55,-0.15,500,"bu","10:18:22",791700
17.5,-0.2,2800,"sd","10:18:20",791200
17.5,-0.2,1000,"sd","10:18:17",788400
17.5,-0.2,300,"sd","10:18:13",787400
17.5,-0.2,500,"sd","10:18:13",787100
17.5,-0.2,1000,"sd","10:18:04",786600
17.5,-0.2,2000,"sd","10:18:03",785600
17.5,-0.2,1000,"sd","10:17:49",783600
17.4,-0.3,1100,"sd","10:17:24",782600
17.4,-0.3,1300,"sd","10:17:24",781500
17.4,-0.3,500,"sd","10:17:24",780200
17.4,-0.3,300,"sd","10:17:24",779700
17.4,-0.3,300,"sd","10:17:24",779400
17.5,-0.2,1500,"sd","10:17:24",779100
17.5,-0.2,4000,"sd","10:17:16",777600
17.5,-0.2,100,"sd","10:16:45",773600
17.55,-0.15,2500,"bu","10:16:40",773500
17.55,-0.15,200,"bu","10:16:40",771000
17.55,-0.15,300,"bu","10:16:40",770800
17.5,-0.2,200,"bu","10:16:24",770500
17.5,-0.2,3000,"bu","10:16:24",770300
17.4,-0.3,700,"sd","10:16:24",767300
17.4,-0.3,4300,"sd","10:16:24",766600
17.4,-0.3,500,"sd","10:16:19",762300
17.5,-0.2,100,"bu","10:16:18",761800
17.5,-0.2,500,"bu","10:15:48",761700
17.5,-0.2,100,"bu","10:15:33",761200
17.5,-0.2,600,"bu","10:15:16",761100
17.5,-0.2,700,"bu","10:14:52",760500
17.5,-0.2,400,"bu","10:14:52",759800
17.5,-0.2,900,"bu","10:14:52",759400
17.5,-0.2,2000,"bu","10:14:38",758500
17.5,-0.2,4000,"bu","10:14:38",756500
17.5,-0.2,2400,"bu","10:14:38",752500
17.5,-0.2,200,"bu","10:14:29",750100
17.5,-0.2,300,"bu","10:13:27",749900
17.4,-0.3,200,"sd","10:12:03",749600
17.4,-0.3,200,"sd","10:12:03",749400
17.4,-0.3,300,"sd","10:11:57",749200
17.4,-0.3,1300,"sd","10:11:57",748900
17.4,-0.3,100,"sd","10:11:57",747600
17.4,-0.3,300,"sd","10:11:57",747500
17.5,-0.2,400,"sd","10:11:29",747200
17.5,-0.2,500,"sd","10:11:29",746800
17.5,-0.2,1000,"sd","10:11:29",746300
17.5,-0.2,200,"sd","10:11:29",745300
17.5,-0.2,200,"sd","10:11:05",745100
17.5,-0.2,1800,"sd","10:11:05",744900
17.5,-0.2,200,"sd","10:10:15",743100
17.5,-0.2,1000,"bu","10:09:34",742900
17.4,-0.3,1000,"sd","10:07:35",741900
17.4,-0.3,100,"sd","10:07:32",740900
17.4,-0.3,100,"sd","10:07:12",740800
17.4,-0.3,500,"bu","10:06:36",740700
17.4,-0.3,1000,"bu","10:06:36",740200
17.4,-0.3,3000,"bu","10:06:33",739200
17.4,-0.3,1000,"bu","10:06:29",736200
17.4,-0.3,3000,"bu","10:06:21",735200
17.35,-0.35,100,"sd","10:06:11",732200
17.35,-0.35,100,"sd","10:05:38",732100
17.35,-0.35,100,"sd","10:04:35",732000
17.3,-0.4,100,"sd","10:04:24",731900
17.3,-0.4,600,"sd","10:04:17",731800
17.3,-0.4,500,"sd","10:04:01",731200
17.3,-0.4,100,"bu","10:03:43",730700
17.25,-0.45,100,"bu","10:03:26",730600
17.25,-0.45,700,"bu","10:03:26",730500
17.25,-0.45,200,"sd","10:03:17",729800
17.3,-0.4,100,"sd","10:03:17",729600
17.3,-0.4,100,"bu","10:03:16",729500
17.25,-0.45,1000,"bu","10:02:59",729400
17.2,-0.5,600,"sd","10:02:57",728400
17.2,-0.5,100,"sd","10:02:57",727800
17.2,-0.5,300,"sd","10:02:57",727700
17.2,-0.5,700,"sd","10:02:48",727400
17.2,-0.5,200,"sd","10:02:48",726700
17.2,-0.5,100,"sd","10:02:48",726500
17.2,-0.5,100,"sd","10:02:48",726400
17.2,-0.5,1000,"sd","10:02:48",726300
17.2,-0.5,1000,"sd","10:02:48",725300
17.2,-0.5,300,"sd","10:02:48",724300
17.2,-0.5,1100,"sd","10:02:48",724000
17.2,-0.5,200,"sd","10:02:48",722900
17.2,-0.5,1000,"sd","10:02:48",722700
17.25,-0.45,300,"sd","10:02:48",721700
17.2,-0.5,1000,"sd","10:02:44",721400
17.2,-0.5,100,"sd","10:02:44",720400
17.2,-0.5,500,"sd","10:02:44",720300
17.2,-0.5,1000,"sd","10:02:44",719800
17.2,-0.5,200,"sd","10:02:44",718800
17.2,-0.5,1000,"sd","10:02:44",718600
17.2,-0.5,1000,"sd","10:02:44",717600
17.2,-0.5,500,"sd","10:02:44",716600
17.2,-0.5,10000,"sd","10:02:44",716100
17.2,-0.5,2200,"sd","10:02:44",706100
17.2,-0.5,800,"sd","10:02:13",703900
17.2,-0.5,300,"sd","10:02:13",703100
17.2,-0.5,300,"sd","10:02:13",702800
17.2,-0.5,100,"sd","10:02:12",702500
17.2,-0.5,1000,"sd","10:02:12",702400
17.25,-0.45,500,"sd","10:02:12",701400
17.25,-0.45,2300,"sd","10:02:12",700900
17.25,-0.45,1000,"sd","10:02:12",698600
17.25,-0.45,300,"sd","10:02:12",697600
17.25,-0.45,100,"sd","10:02:12",697300
17.25,-0.45,2300,"sd","10:02:12",697200
17.25,-0.45,700,"sd","10:01:47",694900
17.25,-0.45,200,"sd","10:01:47",694200
17.25,-0.45,900,"sd","10:01:47",694000
17.25,-0.45,900,"bu","10:01:15",693100
17.25,-0.45,100,"bu","10:01:08",692200
17.25,-0.45,600,"bu","10:00:56",692100
17.25,-0.45,100,"sd","10:00:54",691500
17.25,-0.45,100,"sd","10:00:54",691400
17.25,-0.45,1000,"sd","10:00:54",691300
17.25,-0.45,1000,"sd","10:00:54",690300
17.25,-0.45,100,"sd","10:00:54",689300
17.25,-0.45,300,"sd","10:00:54",689200
17.25,-0.45,200,"sd","10:00:54",688900
17.25,-0.45,100,"sd","10:00:54",688700
17.25,-0.45,200,"sd","10:00:53",688600
17.25,-0.45,500,"sd","10:00:53",688400
17.25,-0.45,1000,"sd","10:00:53",687900
17.25,-0.45,200,"sd","10:00:53",686900
17.25,-0.45,1000,"sd","10:00:53",686700
17.25,-0.45,3100,"sd","10:00:53",685700
17.25,-0.45,100,"sd","10:00:41",682600
17.25,-0.45,1000,"sd","10:00:33",682500
17.3,-0.4,3000,"bu","10:00:31",681500
17.25,-0.45,3800,"bu","09:59:49",678500
17.25,-0.45,200,"bu","09:59:49",674700
17.25,-0.45,500,"bu","09:59:48",674500
17.25,-0.45,100,"sd","09:59:35",674000
17.25,-0.45,100,"sd","09:59:35",673900
17.25,-0.45,8000,"sd","09:59:35",673800
17.25,-0.45,100,"sd","09:59:35",665800
17.25,-0.45,500,"sd","09:59:35",665700
17.25,-0.45,1000,"sd","09:59:35",665200
17.25,-0.45,1000,"sd","09:59:35",664200
17.25,-0.45,300,"sd","09:59:35",663200
17.3,-0.4,1300,"sd","09:59:35",662900
17.3,-0.4,100,"sd","09:59:35",661600
17.3,-0.4,800,"sd","09:59:35",661500
17.3,-0.4,100,"sd","09:59:35",660700
17.3,-0.4,2100,"sd","09:59:35",660600
17.3,-0.4,1000,"sd","09:59:22",658500
17.3,-0.4,3500,"sd","09:59:02",657500
17.3,-0.4,200,"sd","09:59:00",654000
17.3,-0.4,3000,"bu","09:58:51",653800
17.3,-0.4,100,"bu","09:58:51",650800
17.25,-0.45,200,"sd","09:58:36",650700
17.25,-0.45,300,"sd","09:58:36",650500
17.25,-0.45,5000,"sd","09:58:36",650200
17.25,-0.45,1700,"sd","09:58:36",645200
17.3,-0.4,8000,"sd","09:58:36",643500
17.3,-0.4,700,"sd","09:58:36",635500
17.3,-0.4,100,"sd","09:58:36",634800
17.3,-0.4,100,"sd","09:58:36",634700
17.25,-0.45,1700,"sd","09:58:36",634600
17.3,-0.4,300,"sd","09:58:36",632900
17.3,-0.4,1000,"sd","09:58:36",632600
17.3,-0.4,900,"sd","09:58:36",631600
17.3,-0.4,400,"sd","09:58:33",630700
17.3,-0.4,500,"sd","09:58:20",630300
17.3,-0.4,3000,"sd","09:58:20",629800
17.3,-0.4,200,"sd","09:58:20",626800
17.3,-0.4,100,"sd","09:58:20",626600
17.3,-0.4,1000,"sd","09:58:20",626500
17.3,-0.4,200,"sd","09:58:20",625500
17.3,-0.4,2000,"sd","09:58:10",625300
17.35,-0.35,1000,"sd","09:58:03",623300
17.35,-0.35,1100,"sd","09:58:03",622300
17.35,-0.35,300,"sd","09:58:03",621200
17.3,-0.4,100,"sd","09:57:47",620900
17.3,-0.4,800,"sd","09:57:47",620800
17.35,-0.35,100,"sd","09:57:47",620000
17.35,-0.35,1000,"sd","09:57:47",619900
17.35,-0.35,200,"sd","09:57:47",618900
17.35,-0.35,5000,"sd","09:57:47",618700
17.35,-0.35,100,"sd","09:57:47",613700
17.35,-0.35,2900,"sd","09:57:47",613600
17.3,-0.4,7800,"sd","09:57:47",610700
17.3,-0.4,100,"sd","09:57:47",602900
17.3,-0.4,1900,"sd","09:57:47",602800
17.45,-0.25,100,"bu","09:57:29",600900
17.35,-0.35,2100,"sd","09:57:22",600800
17.35,-0.35,200,"sd","09:57:22",598700
17.35,-0.35,1000,"sd","09:57:22",598500
17.35,-0.35,1000,"sd","09:57:22",597500
17.35,-0.35,100,"sd","09:57:22",596500
17.35,-0.35,200,"sd","09:57:22",596400
17.35,-0.35,100,"sd","09:57:22",596200
17.4,-0.3,2300,"bu","09:57:21",596100
17.4,-0.3,100,"bu","09:57:21",593800
17.4,-0.3,600,"bu","09:57:21",593700
17.4,-0.3,400,"bu","09:57:06",593100
17.4,-0.3,600,"bu","09:57:06",592700
17.4,-0.3,1000,"bu","09:56:51",592100
17.4,-0.3,500,"bu","09:56:45",591100
17.4,-0.3,100,"bu","09:56:37",590600
17.4,-0.3,200,"sd","09:56:10",590500
17.4,-0.3,100,"sd","09:56:10",590300
17.4,-0.3,100,"bu","09:55:40",590200
17.4,-0.3,200,"bu","09:55:40",590100
17.35,-0.35,4700,"bu","09:55:00",589900
17.35,-0.35,200,"bu","09:55:00",585200
17.35,-0.35,1500,"bu","09:55:00",585000
17.35,-0.35,1100,"bu","09:55:00",583500
17.35,-0.35,1500,"bu","09:55:00",582400
17.35,-0.35,400,"bu","09:54:49",580900
17.35,-0.35,600,"bu","09:54:49",580500
17.35,-0.35,100,"bu","09:54:47",579900
17.3,-0.4,100,"sd","09:54:46",579800
17.35,-0.35,400,"bu","09:54:45",579700
17.35,-0.35,300,"bu","09:54:43",579300
17.35,-0.35,100,"bu","09:54:43",579000
17.35,-0.35,100,"bu","09:54:41",578900
17.35,-0.35,100,"bu","09:54:37",578800
17.25,-0.45,100,"sd","09:53:36",564900
17.25,-0.45,900,"sd","09:53:36",564800
17.25,-0.45,1100,"sd","09:53:36",563900
17.25,-0.45,3900,"sd","09:53:25",562800
17.3,-0.4,200,"sd","09:53:25",558900
17.3,-0.4,1000,"sd","09:53:25",558700
17.3,-0.4,100,"sd","09:53:25",557700
17.3,-0.4,100,"sd","09:53:25",557600
17.3,-0.4,500,"sd","09:53:25",557500
17.3,-0.4,100,"sd","09:53:24",557000
17.3,-0.4,100,"sd","09:53:24",556900
17.3,-0.4,400,"sd","09:53:21",556800
17.3,-0.4,100,"sd","09:53:21",556400
17.3,-0.4,100,"sd","09:53:21",556300
17.3,-0.4,2000,"sd","09:53:12",556200
17.35,-0.35,200,"sd","09:52:50",554200
17.35,-0.35,500,"sd","09:52:50",554000
17.35,-0.35,1200,"sd","09:52:50",553500
17.35,-0.35,100,"sd","09:52:50",552300
17.35,-0.35,200,"sd","09:52:41",552200
17.35,-0.35,4900,"sd","09:52:30",552000
17.35,-0.35,100,"sd","09:52:30",547100
17.4,-0.3,100,"bu","09:52:21",547000
17.4,-0.3,100,"sd","09:52:20",546900
17.4,-0.3,300,"sd","09:52:16",546800
17.4,-0.3,100,"sd","09:52:16",546500
17.4,-0.3,300,"sd","09:52:14",546400
17.4,-0.3,100,"sd","09:52:14",546100
17.4,-0.3,200,"sd","09:52:14",546000
17.4,-0.3,7400,"sd","09:52:14",545800
17.4,-0.3,2600,"sd","09:51:53",538400
17.4,-0.3,400,"sd","09:51:53",535800
17.4,-0.3,100,"sd","09:51:47",535400
17.4,-0.3,400,"sd","09:51:34",535300
17.4,-0.3,9100,"sd","09:51:10",534900
17.4,-0.3,500,"sd","09:51:10",525800
17.4,-0.3,200,"sd","09:51:10",525300
17.4,-0.3,200,"sd","09:51:10",525100
17.45,-0.25,100,"sd","09:51:07",524900
17.45,-0.25,100,"sd","09:51:07",524800
17.4,-0.3,300,"sd","09:52:14",546400
17.4,-0.3,100,"sd","09:52:14",546100
17.4,-0.3,200,"sd","09:52:14",546000
17.4,-0.3,7400,"sd","09:52:14",545800
17.4,-0.3,2600,"sd","09:51:53",538400
17.4,-0.3,400,"sd","09:51:53",535800
17.4,-0.3,100,"sd","09:51:47",535400
17.4,-0.3,400,"sd","09:51:34",535300
17.4,-0.3,9100,"sd","09:51:10",534900
17.4,-0.3,500,"sd","09:51:10",525800
17.4,-0.3,200,"sd","09:51:10",525300
17.4,-0.3,200,"sd","09:51:10",525100
17.45,-0.25,100,"sd","09:51:07",524900
17.45,-0.25,100,"sd","09:51:07",524800
17.5,-0.2,1000,"sd","09:50:47",524700
17.5,-0.2,100,"sd","09:50:47",523700
17.5,-0.2,500,"sd","09:50:47",523600
17.5,-0.2,1400,"sd","09:50:47",523100
17.5,-0.2,1000,"sd","09:50:47",521700
17.5,-0.2,700,"sd","09:50:47",520700
17.5,-0.2,100,"sd","09:50:47",505300
17.6,-0.1,1000,"bu","09:50:35",505200
17.55,-0.15,10000,"sd","09:50:32",504200
17.6,-0.1,100,"bu","09:50:32",494200
17.55,-0.15,1400,"sd","09:50:17",494100
17.55,-0.15,400,"sd","09:50:17",492700
17.55,-0.15,100,"sd","09:50:17",492300
17.55,-0.15,100,"sd","09:50:17",492200
17.6,-0.1,200,"bu","09:49:48",492100
17.55,-0.15,100,"sd","09:49:47",491900
17.55,-0.15,500,"sd","09:49:47",491800
17.6,-0.1,1500,"bu","09:49:29",491300
17.6,-0.1,100,"sd","09:49:27",489800
17.6,-0.1,300,"sd","09:49:27",489700
17.6,-0.1,500,"sd","09:49:27",489400
17.6,-0.1,3900,"sd","09:49:27",488900
17.65,-0.05,100,"bu","09:49:27",485000
17.65,-0.05,100,"bu","09:49:20",484900
17.6,-0.1,1500,"sd","09:49:09",484800
17.6,-0.1,500,"sd","09:49:09",483300
17.65,-0.05,100,"bu","09:48:15",482800
17.65,-0.05,100,"bu","09:48:15",482700
17.65,-0.05,1400,"bu","09:48:15",482600
17.65,-0.05,200,"sd","09:47:51",481200
17.65,-0.05,1000,"sd","09:47:48",481000
17.7,0,100,"bu","09:47:19",480000
17.65,-0.05,1000,"sd","09:47:15",479900
17.7,0,200,"bu","09:47:05",478900
17.65,-0.05,800,"sd","09:47:04",478700
17.65,-0.05,100,"sd","09:46:47",477900
17.7,0,1000,"bu","09:46:17",477800
17.65,-0.05,500,"bu","09:46:01",476800
17.65,-0.05,1500,"bu","09:45:48",476300
17.6,-0.1,100,"sd","09:45:44",474800
17.6,-0.1,100,"sd","09:45:29",474700
17.6,-0.1,300,"sd","09:45:15",474600
17.6,-0.1,700,"sd","09:45:15",474300
17.6,-0.1,300,"sd","09:44:55",473600
17.6,-0.1,300,"sd","09:44:55",473300
17.6,-0.1,100,"sd","09:44:55",473000
17.65,-0.05,1000,"sd","09:47:15",479900
17.7,0,200,"bu","09:47:05",478900
17.65,-0.05,800,"sd","09:47:04",478700
17.65,-0.05,100,"sd","09:46:47",477900
17.7,0,1000,"bu","09:46:17",477800
17.65,-0.05,500,"bu","09:46:01",476800
17.65,-0.05,1500,"bu","09:45:48",476300
17.6,-0.1,100,"sd","09:45:43",474800
17.6,-0.1,100,"sd","09:45:29",474700
17.6,-0.1,300,"sd","09:45:15",474600
17.6,-0.1,700,"sd","09:45:15",474300
17.6,-0.1,300,"sd","09:44:55",473600
17.6,-0.1,300,"sd","09:44:55",473300
17.6,-0.1,100,"sd","09:44:55",473000
17.6,-0.1,200,"sd","09:44:55",472900
17.6,-0.1,500,"sd","09:44:55",472700
17.6,-0.1,200,"sd","09:44:55",472200
17.6,-0.1,300,"sd","09:44:55",472000
17.65,-0.05,100,"sd","09:44:55",471700
17.7,0,500,"sd","09:44:51",471600
17.7,0,1500,"sd","09:44:51",471100
17.7,0,500,"sd","09:44:51",469600
17.7,0,2800,"sd","09:44:51",469100
17.7,0,1500,"sd","09:44:32",466300
17.8,0.1,2000,"bu","09:44:31",464800
17.7,0,200,"sd","09:44:26",462800
17.7,0,500,"sd","09:44:08",462600
17.7,0,500,"sd","09:43:49",462100
17.7,0,100,"sd","09:43:26",461600
17.7,0,1000,"bu","09:43:08",461500
17.7,0,100,"bu","09:43:08",460500
17.7,0,100,"bu","09:43:08",460400
17.7,0,200,"bu","09:43:08",460300
17.7,0,800,"bu","09:43:08",460100
17.7,0,200,"bu","09:43:08",459300
17.7,0,800,"bu","09:43:01",459100
17.7,0,1700,"bu","09:43:01",458300
17.7,0,100,"bu","09:43:01",456600
17.7,0,1000,"bu","09:43:01",456500
17.7,0,500,"bu","09:43:01",455500
17.7,0,900,"bu","09:43:01",455000
17.7,0,300,"bu","09:42:13",454100
17.7,0,1000,"bu","09:42:02",453800
17.7,0,1400,"bu","09:41:41",452800
17.7,0,200,"bu","09:41:41",451400
17.7,0,200,"bu","09:41:41",451200
17.7,0,100,"bu","09:41:41",451000
17.7,0,700,"bu","09:41:41",450900
17.7,0,200,"bu","09:41:12",450200
17.7,0,1000,"bu","09:40:47",450000
17.6,-0.1,600,"sd","09:40:40",449000
17.6,-0.1,100,"sd","09:40:40",448400
17.6,-0.1,1000,"sd","09:40:40",448300
17.6,-0.1,300,"sd","09:40:40",447300
17.7,0,100,"bu","09:40:28",447000
17.7,0,100,"sd","09:40:14",446900
17.7,0,500,"sd","09:40:14",446800
17.7,0,500,"sd","09:40:14",446300
17.7,0,100,"sd","09:40:14",445800
17.7,0,2400,"sd","09:40:14",445700
17.7,0,200,"sd","09:40:14",443300
17.7,0,100,"sd","09:40:14",443100
17.7,0,1000,"sd","09:40:14",443000
17.8,0.1,500,"sd","09:40:00",442000
17.8,0.1,500,"sd","09:39:54",441500
17.8,0.1,100,"sd","09:39:54",441000
17.8,0.1,1000,"sd","09:39:54",440900
17.8,0.1,500,"sd","09:39:54",439900
17.8,0.1,500,"sd","09:39:54",439400
17.85,0.15,500,"sd","09:39:54",438900
17.9,0.2,100,"bu","09:39:47",438400
17.9,0.2,600,"bu","09:39:36",438300
17.9,0.2,2500,"sd","09:39:24",437700
17.9,0.2,500,"bu","09:39:22",435200
17.9,0.2,100,"bu","09:39:18",434700
17.9,0.2,1000,"sd","09:39:06",434600
17.9,0.2,2000,"sd","09:39:00",433600
17.8,0.1,1500,"bu","09:38:50",431600
17.8,0.1,2500,"sd","09:38:46",430100
17.8,0.1,300,"sd","09:38:46",427600
17.8,0.1,400,"sd","09:38:46",427300
17.8,0.1,800,"sd","09:38:46",426900
17.8,0.1,200,"sd","09:38:46",426100
17.8,0.1,1000,"sd","09:38:46",425900
17.8,0.1,100,"sd","09:38:46",424900
17.8,0.1,200,"sd","09:38:46",424800
18,0.3,800,"bu","09:38:38",424600
18,0.3,200,"bu","09:38:38",423800
18,0.3,200,"bu","09:38:38",423600
18,0.3,300,"bu","09:38:38",423400
18,0.3,500,"bu","09:38:38",423100
18,0.3,200,"bu","09:38:38",422600
18,0.3,200,"bu","09:38:38",422400
18,0.3,200,"bu","09:38:38",422200
18,0.3,500,"bu","09:38:38",422000
18,0.3,3000,"bu","09:38:38",421500
18,0.3,200,"bu","09:38:38",418500
18,0.3,300,"bu","09:38:38",418300
18,0.3,500,"bu","09:38:38",418000
18,0.3,600,"bu","09:38:38",417500
17.9,0.2,400,"bu","09:37:25",402900
17.9,0.2,3000,"bu","09:37:17",402500
17.9,0.2,400,"bu","09:37:16",399500
17.9,0.2,3800,"bu","09:36:34",399100
17.9,0.2,100,"bu","09:36:34",395300
17.9,0.2,100,"bu","09:36:34",395200
17.9,0.2,200,"bu","09:36:34",395100
17.85,0.15,1800,"bu","09:36:34",394900
17.85,0.15,200,"bu","09:36:34",393100
17.85,0.15,1000,"bu","09:36:34",392900
17.8,0.1,300,"sd","09:36:30",391900
17.8,0.1,5300,"bu","09:35:58",391600
17.8,0.1,200,"bu","09:35:58",386300
17.8,0.1,2000,"bu","09:35:58",386100
17.8,0.1,2600,"bu","09:35:58",384100
17.8,0.1,400,"bu","09:35:41",381500
17.8,0.1,1000,"bu","09:35:41",381100
17.8,0.1,600,"bu","09:35:41",380100
17.8,0.1,400,"bu","09:35:35",379500
17.8,0.1,100,"bu","09:35:35",379100
17.8,0.1,200,"bu","09:35:35",379000
17.8,0.1,900,"bu","09:34:50",378800
17.8,0.1,200,"bu","09:34:50",377900
17.8,0.1,100,"bu","09:34:47",377700
17.8,0.1,800,"bu","09:34:31",377600
17.8,0.1,100,"sd","09:34:29",376800
17.8,0.1,200,"bu","09:34:20",376700
17.8,0.1,700,"bu","09:34:20",376500
17.8,0.1,200,"bu","09:34:07",375800
17.8,0.1,100,"bu","09:34:07",375600
17.8,0.1,600,"bu","09:34:07",375500
17.8,0.1,2200,"bu","09:34:07",374900
17.8,0.1,400,"bu","09:34:07",372700
17.8,0.1,1500,"bu","09:34:07",372300
17.7,0,4100,"sd","09:33:58",370800
17.7,0,2800,"sd","09:33:58",366700
17.7,0,2200,"sd","09:33:58",363900
17.7,0,200,"sd","09:33:58",361700
17.7,0,200,"unknown","09:33:25",361500
17.7,0,1000,"unknown","09:33:25",361300
17.6,-0.1,800,"sd","09:33:25",360300
17.8,0.1,1000,"bu","09:33:24",359500
17.8,0.1,200,"sd","09:33:23",358500
17.8,0.1,300,"sd","09:33:23",358300
17.8,0.1,100,"sd","09:33:20",358000
17.9,0.2,1800,"bu","09:33:20",357900
17.85,0.15,200,"bu","09:33:20",356100
17.8,0.1,300,"sd","09:33:19",355900
17.8,0.1,100,"sd","09:33:12",355600
17.8,0.1,200,"bu","09:32:50",355500
17.8,0.1,300,"bu","09:32:47",355300
17.8,0.1,600,"bu","09:32:47",355000
17.8,0.1,100,"bu","09:32:47",354400
17.8,0.1,1100,"bu","09:32:32",354300
17.8,0.1,100,"bu","09:32:32",353200
17.7,0,500,"bu","09:32:32",353100
17.7,0,300,"bu","09:32:32",352600
17.7,0,200,"bu","09:32:20",352300
17.6,-0.1,900,"sd","09:32:17",352100
17.7,0,200,"bu","09:32:14",351200
17.7,0,400,"bu","09:32:05",351000
17.7,0,1700,"bu","09:31:56",350600
17.7,0,100,"bu","09:31:56",348900
17.7,0,100,"bu","09:31:56",348800
17.7,0,100,"bu","09:31:56",348700
17.6,-0.1,100,"sd","09:31:51",348600
17.7,0,200,"bu","09:31:48",348500
17.7,0,200,"bu","09:31:46",348300
17.7,0,1000,"bu","09:31:40",348100
17.7,0,1300,"bu","09:31:39",347100
17.7,0,300,"bu","09:31:35",345800
17.7,0,100,"bu","09:31:30",345500
17.7,0,1000,"bu","09:31:25",345400
17.7,0,100,"bu","09:31:11",344400
17.7,0,100,"bu","09:31:09",344300
17.6,-0.1,500,"sd","09:30:52",344200
17.6,-0.1,500,"sd","09:30:52",343700
17.65,-0.05,200,"sd","09:30:52",343200
17.7,0,1500,"bu","09:30:46",343000
17.65,-0.05,100,"bu","09:30:41",341500
17.65,-0.05,300,"bu","09:30:29",341400
17.7,0,200,"bu","09:30:23",341100
17.7,0,6500,"bu","09:30:23",340900
17.7,0,7500,"bu","09:30:23",334400
17.7,0,500,"bu","09:30:23",326900
17.7,0,1500,"bu","09:30:23",326400
17.7,0,100,"bu","09:30:23",324900
17.7,0,600,"bu","09:30:23",324800
17.65,-0.05,6200,"bu","09:30:23",324200
17.7,0,500,"bu","09:30:23",318000
17.65,-0.05,2900,"bu","09:30:23",317500
17.7,0,1000,"bu","09:30:23",314600
17.65,-0.05,400,"bu","09:30:23",313600
17.7,0,100,"bu","09:30:23",313200
17.6,-0.1,200,"sd","09:30:23",313100
17.65,-0.05,100,"bu","09:30:16",312900
17.6,-0.1,300,"sd","09:30:14",312800
17.6,-0.1,100,"sd","09:30:14",312500
17.6,-0.1,500,"sd","09:30:14",312400
17.6,-0.1,200,"sd","09:30:03",311900
17.6,-0.1,200,"sd","09:29:49",311700
17.6,-0.1,100,"bu","09:29:19",311500
17.6,-0.1,1000,"bu","09:29:13",311400
17.6,-0.1,500,"bu","09:28:53",310400
17.6,-0.1,400,"bu","09:28:52",309900
17.5,-0.2,100,"sd","09:28:49",309500
17.5,-0.2,200,"sd","09:28:49",309400
17.5,-0.2,300,"bu","09:28:36",309200
17.5,-0.2,100,"bu","09:28:36",308900
17.5,-0.2,700,"bu","09:27:49",308800
17.5,-0.2,900,"bu","09:27:49",308100
17.5,-0.2,500,"bu","09:27:49",307200
17.5,-0.2,500,"bu","09:27:49",306700
17.5,-0.2,100,"bu","09:27:49",306200
17.5,-0.2,200,"bu","09:27:49",306100
17.5,-0.2,700,"bu","09:27:49",305900
17.5,-0.2,700,"bu","09:27:49",305200
17.5,-0.2,700,"bu","09:27:49",304500
17.5,-0.2,700,"bu","09:27:49",303800
17.5,-0.2,700,"bu","09:27:49",303100
15.95,-1.2,1000,"bu","09:20:56",176000
15.95,-1.2,500,"bu","09:20:45",175000
15.95,-1.2,200,"bu","09:20:28",174500
15.95,-1.2,300,"bu","09:20:08",174300
15.95,-1.2,100,"bu","09:19:44",174000
15.95,-1.2,1500,"bu","09:19:15",173900
15.95,-1.2,100,"bu","09:19:03",172400
15.95,-1.2,1800,"bu","09:18:43",172300
15.95,-1.2,2200,"bu","09:18:43",170500
15.95,-1.2,1000,"bu","09:18:43",168300
15.95,-1.2,200,"bu","09:18:43",167300
15.95,-1.2,300,"bu","09:18:43",167100
15.95,-1.2,4500,"bu","09:18:43",166800
15.95,-1.2,1000,"bu","09:18:30",162300
15.95,-1.2,100,"bu","09:18:21",161300
15.95,-1.2,100,"bu","09:18:08",161200
15.95,-1.2,200,"bu","09:18:07",161100
15.95,-1.2,500,"bu","09:18:02",160900
15.95,-1.2,3000,"bu","09:17:54",160400
15.95,-1.2,100,"bu","09:17:52",157400
15.95,-1.2,500,"bu","09:17:51",157300
15.95,-1.2,1500,"bu","09:17:51",156800
15.95,-1.2,1900,"bu","09:17:43",155300
15.95,-1.2,2100,"bu","09:17:43",153400
15.95,-1.2,100,"bu","09:17:38",151300
15.95,-1.2,200,"bu","09:17:34",151200
15.95,-1.2,2000,"bu","09:17:28",151000
15.95,-1.2,100,"bu","09:17:18",149000
15.95,-1.2,1000,"bu","09:17:17",148900
15.95,-1.2,100,"bu","09:17:15",147900
15.95,-1.2,200,"bu","09:17:10",147800
15.95,-1.2,1000,"bu","09:17:06",147600
15.95,-1.2,500,"bu","09:16:59",146600
15.95,-1.2,100,"bu","09:16:52",146100
15.95,-1.2,500,"bu","09:16:48",146000
15.95,-1.2,200,"bu","09:16:45",145500
15.95,-1.2,1900,"bu","09:16:25",145300
15.95,-1.2,100,"bu","09:16:25",143400
15.95,-1.2,100,"bu","09:16:25",143300
15.95,-1.2,500,"bu","09:16:16",143200
15.95,-1.2,1000,"bu","09:16:16",142700
15.95,-1.2,200,"bu","09:16:08",141700
15.95,-1.2,200,"bu","09:16:02",141500
15.95,-1.2,100,"bu","09:16:01",141300
15.95,-1.2,300,"bu","09:15:59",141200
15.95,-1.2,400,"bu","09:15:51",140900
15.95,-1.2,100,"bu","09:15:34",140500
15.95,-1.2,400,"bu","09:15:34",140400
15.95,-1.2,300,"bu","09:15:25",140000
15.95,-1.2,300,"bu","09:15:09",139700
15.95,-1.2,139400,"bu","09:15:01",139400
