"Stockcode","Package","TradingDate","Price","Vol","TotalVol","TotalVal","Change","IsBuy","PerChange"
"CTS",144442,"/Date(1704699900000)/",28850,134100,2268500,65069000000,800,false,2.85
"CTS",142921,"/Date(1704698980000)/",28750,4400,2134400,61200000000,700,false,2.5
"CTS",142921,"/Date(1704698980000)/",28750,1000,2130000,61074000000,700,false,2.5
"CTS",142921,"/Date(1704698980000)/",28750,100,2129000,61045000000,700,false,2.5
"CTS",142921,"/Date(1704698980000)/",28750,300,2128900,61042000000,700,false,2.5
"CTS",142921,"/Date(1704698980000)/",28750,100,2128600,61033000000,700,false,2.5
"CTS",142921,"/Date(1704698980000)/",28750,200,2128500,61031000000,700,false,2.5
"CTS",142921,"/Date(1704698980000)/",28700,1000,2128300,61025000000,650,false,2.32
"CTS",142921,"/Date(1704698980000)/",28700,800,2127300,60996000000,650,false,2.32
"CTS",142921,"/Date(1704698980000)/",28700,100,2126500,60973000000,650,false,2.32
"CTS",142921,"/Date(1704698979000)/",28700,1000,2126400,60970000000,650,false,2.32
"CTS",142921,"/Date(1704698979000)/",28700,1400,2125400,60942000000,650,false,2.32
"CTS",142921,"/Date(1704698979000)/",28700,500,2124000,60901000000,650,false,2.32
"CTS",142921,"/Date(1704698979000)/",28700,100,2123500,60887000000,650,false,2.32
"CTS",142915,"/Date(1704698975000)/",28650,1200,2123400,60884000000,600,true,2.14
"CTS",142912,"/Date(1704698970000)/",28650,200,2122200,60850000000,600,true,2.14
"CTS",142912,"/Date(1704698970000)/",28700,200,2122000,60844000000,650,false,2.32
"CTS",142912,"/Date(1704698970000)/",28650,200,2121800,60838000000,600,true,2.14
"CTS",142909,"/Date(1704698968000)/",28700,500,2121600,60833000000,650,false,2.32
"CTS",142909,"/Date(1704698966000)/",28650,4000,2121100,60818000000,600,true,2.14
"CTS",142909,"/Date(1704698966000)/",28650,5000,2117100,60704000000,600,true,2.14
"CTS",142909,"/Date(1704698966000)/",28650,1000,2112100,60560000000,600,true,2.14
"CTS",142905,"/Date(1704698963000)/",28700,200,2111100,60532000000,650,false,2.32
"CTS",142859,"/Date(1704698956000)/",28650,200,2110900,60526000000,600,true,2.14
"CTS",142859,"/Date(1704698956000)/",28650,500,2110700,60520000000,600,true,2.14
"CTS",142859,"/Date(1704698956000)/",28650,200,2110200,60506000000,600,true,2.14
"CTS",142859,"/Date(1704698956000)/",28650,800,2110000,60500000000,600,true,2.14
"CTS",142853,"/Date(1704698950000)/",28650,1200,2109200,60477000000,600,true,2.14
"CTS",142837,"/Date(1704698935000)/",28700,800,2108000,60443000000,650,false,2.32
"CTS",142837,"/Date(1704698935000)/",28700,200,2107200,60420000000,650,false,2.32
"CTS",142733,"/Date(1704698872000)/",28700,100,2107000,60414000000,650,false,2.32
"CTS",142726,"/Date(1704698865000)/",28650,1000,2106900,60411000000,600,true,2.14
"CTS",142726,"/Date(1704698863000)/",28700,100,2105900,60383000000,650,false,2.32
"CTS",142726,"/Date(1704698863000)/",28700,2600,2105800,60380000000,650,false,2.32
"CTS",142717,"/Date(1704698855000)/",28700,6400,2103200,60305000000,650,true,2.32
"CTS",142717,"/Date(1704698855000)/",28700,1600,2096800,60122000000,650,true,2.32
"CTS",142713,"/Date(1704698852000)/",28700,100,2095200,60076000000,650,true,2.32
"CTS",142710,"/Date(1704698848000)/",28700,700,2095100,60073000000,650,true,2.32
"CTS",142701,"/Date(1704698838000)/",28700,500,2094400,60053000000,650,true,2.32
"CTS",142654,"/Date(1704698833000)/",28700,1000,2093900,60038000000,650,true,2.32
"CTS",142641,"/Date(1704698821000)/",28750,100,2092900,60010000000,700,false,2.5
"CTS",142641,"/Date(1704698821000)/",28750,900,2092800,60007000000,700,false,2.5
"CTS",142625,"/Date(1704698803000)/",28700,100,2091900,59981000000,650,true,2.32
"CTS",142616,"/Date(1704698794000)/",28700,1000,2091800,59978000000,650,true,2.32
"CTS",142613,"/Date(1704698790000)/",28700,9500,2090800,59949000000,650,true,2.32
"CTS",142613,"/Date(1704698790000)/",28700,500,2081300,59677000000,650,true,2.32
"CTS",142600,"/Date(1704698779000)/",28700,1500,2080800,59662000000,650,true,2.32
"CTS",142600,"/Date(1704698779000)/",28700,200,2079300,59619000000,650,true,2.32
"CTS",142537,"/Date(1704698756000)/",28700,400,2079100,59613000000,650,true,2.32
"CTS",142537,"/Date(1704698756000)/",28700,200,2078700,59602000000,650,true,2.32
"CTS",142537,"/Date(1704698756000)/",28700,2400,2078500,59596000000,650,true,2.32
"CTS",142528,"/Date(1704698748000)/",28700,2600,2076100,59527000000,650,true,2.32
"CTS",142528,"/Date(1704698748000)/",28700,4500,2073500,59453000000,650,true,2.32
"CTS",142528,"/Date(1704698748000)/",28700,2900,2069000,59324000000,650,true,2.32
"CTS",142528,"/Date(1704698747000)/",28700,200,2066100,59240000000,650,true,2.32
"CTS",142515,"/Date(1704698734000)/",28700,100,2065900,59235000000,650,true,2.32
"CTS",142459,"/Date(1704698717000)/",28700,500,2065800,59232000000,650,false,2.32
"CTS",142459,"/Date(1704698717000)/",28700,100,2065300,59217000000,650,false,2.32
"CTS",142459,"/Date(1704698717000)/",28700,300,2065200,59215000000,650,false,2.32
"CTS",142459,"/Date(1704698717000)/",28700,200,2064900,59206000000,650,false,2.32
"CTS",142459,"/Date(1704698717000)/",28700,200,2064700,59200000000,650,false,2.32
"CTS",142459,"/Date(1704698717000)/",28700,200,2064500,59194000000,650,false,2.32
"CTS",142459,"/Date(1704698717000)/",28700,100,2064300,59189000000,650,false,2.32
"CTS",142459,"/Date(1704698717000)/",28700,2000,2064200,59186000000,650,false,2.32
"CTS",142459,"/Date(1704698717000)/",28700,1000,2062200,59128000000,650,false,2.32
"CTS",142459,"/Date(1704698717000)/",28700,700,2061200,59100000000,650,false,2.32
"CTS",142459,"/Date(1704698717000)/",28700,600,2060500,59080000000,650,false,2.32
"CTS",142459,"/Date(1704698717000)/",28700,500,2059900,59062000000,650,false,2.32
"CTS",142459,"/Date(1704698717000)/",28700,400,2059400,59048000000,650,false,2.32
"CTS",142459,"/Date(1704698717000)/",28700,100,2059000,59037000000,650,false,2.32
"CTS",142459,"/Date(1704698717000)/",28700,100,2058900,59034000000,650,false,2.32
"CTS",142459,"/Date(1704698717000)/",28700,400,2058800,59031000000,650,false,2.32
"CTS",142459,"/Date(1704698717000)/",28700,100,2058400,59019000000,650,false,2.32
"CTS",142459,"/Date(1704698717000)/",28700,100,2058300,59017000000,650,false,2.32
"CTS",142459,"/Date(1704698717000)/",28700,1000,2058200,59014000000,650,false,2.32
"CTS",142459,"/Date(1704698717000)/",28700,1000,2057200,58985000000,650,false,2.32
"CTS",142459,"/Date(1704698717000)/",28700,100,2056200,58956000000,650,false,2.32
"CTS",142459,"/Date(1704698717000)/",28700,1000,2056100,58953000000,650,false,2.32
"CTS",142459,"/Date(1704698717000)/",28700,1000,2055100,58925000000,650,false,2.32
"CTS",142459,"/Date(1704698717000)/",28700,500,2054100,58896000000,650,false,2.32
"CTS",142459,"/Date(1704698717000)/",28700,4200,2053600,58882000000,650,false,2.32
"CTS",142459,"/Date(1704698717000)/",28700,400,2049400,58761000000,650,false,2.32
"CTS",142443,"/Date(1704698702000)/",28700,100,2049000,58750000000,650,false,2.32
"CTS",142443,"/Date(1704698702000)/",28700,900,2048900,58747000000,650,false,2.32
"CTS",142440,"/Date(1704698699000)/",28700,100,2048000,58721000000,650,false,2.32
"CTS",142440,"/Date(1704698699000)/",28700,200,2047900,58718000000,650,false,2.32
"CTS",142440,"/Date(1704698699000)/",28700,100,2047700,58712000000,650,false,2.32
"CTS",142427,"/Date(1704698685000)/",28700,400,2047600,58709000000,650,false,2.32
"CTS",142404,"/Date(1704698661000)/",28650,1000,2047200,58698000000,600,true,2.14
"CTS",142401,"/Date(1704698659000)/",28650,500,2046200,58669000000,600,true,2.14
"CTS",142322,"/Date(1704698621000)/",28650,500,2045700,58655000000,600,true,2.14
"CTS",142319,"/Date(1704698616000)/",28650,100,2045200,58641000000,600,true,2.14
"CTS",142250,"/Date(1704698589000)/",28650,300,2045100,58638000000,600,true,2.14
"CTS",142241,"/Date(1704698578000)/",28650,1000,2044800,58629000000,600,true,2.14
"CTS",142231,"/Date(1704698568000)/",28650,1000,2043800,58601000000,600,true,2.14
"CTS",142228,"/Date(1704698565000)/",28650,2000,2042800,58572000000,600,true,2.14
"CTS",142218,"/Date(1704698557000)/",28650,2000,2040800,58515000000,600,false,2.14
"CTS",142218,"/Date(1704698557000)/",28650,2200,2038800,58457000000,600,false,2.14
"CTS",142218,"/Date(1704698557000)/",28650,8000,2036600,58394000000,600,false,2.14
"CTS",142218,"/Date(1704698557000)/",28650,300,2028600,58165000000,600,false,2.14
"CTS",142218,"/Date(1704698557000)/",28650,2100,2028300,58156000000,600,false,2.14
"CTS",142159,"/Date(1704698537000)/",28600,1000,2026200,58096000000,550,true,1.96
"CTS",142140,"/Date(1704698518000)/",28600,700,2025200,58068000000,550,true,1.96
"CTS",142140,"/Date(1704698518000)/",28600,200,2024500,58048000000,550,true,1.96
"CTS",142140,"/Date(1704698518000)/",28600,100,2024300,58042000000,550,true,1.96
"CTS",142121,"/Date(1704698498000)/",28600,100,2024200,58039000000,550,true,1.96
"CTS",142114,"/Date(1704698494000)/",28650,500,2024100,58036000000,600,false,2.14
"CTS",142101,"/Date(1704698481000)/",28650,100,2023600,58022000000,600,false,2.14
"CTS",142101,"/Date(1704698480000)/",28650,700,2023500,58019000000,600,false,2.14
"CTS",142036,"/Date(1704698455000)/",28650,100,2022800,57999000000,600,true,2.14
"CTS",142036,"/Date(1704698455000)/",28650,16500,2022700,57996000000,600,true,2.14
"CTS",142020,"/Date(1704698437000)/",28650,400,2006200,57523000000,600,false,2.14
"CTS",142020,"/Date(1704698437000)/",28650,2000,2005800,57512000000,600,false,2.14
"CTS",142020,"/Date(1704698437000)/",28650,1100,2003800,57455000000,600,false,2.14
"CTS",142010,"/Date(1704698427000)/",28650,200,2002700,57423000000,600,false,2.14
"CTS",141954,"/Date(1704698412000)/",28650,300,2002500,57417000000,600,false,2.14
"CTS",141935,"/Date(1704698394000)/",28650,200,2002200,57409000000,600,true,2.14
"CTS",141935,"/Date(1704698394000)/",28650,500,2002000,57403000000,600,true,2.14
"CTS",141935,"/Date(1704698394000)/",28650,100,2001500,57389000000,600,true,2.14
"CTS",141935,"/Date(1704698394000)/",28650,200,2001400,57386000000,600,true,2.14
"CTS",141935,"/Date(1704698394000)/",28650,500,2001200,57380000000,600,true,2.14
"CTS",141935,"/Date(1704698394000)/",28650,200,2000700,57366000000,600,true,2.14
"CTS",141935,"/Date(1704698394000)/",28650,5300,2000500,57360000000,600,true,2.14
"CTS",141932,"/Date(1704698391000)/",28650,500,1995200,57208000000,600,true,2.14
"CTS",141929,"/Date(1704698386000)/",28650,5000,1994700,57194000000,600,true,2.14
"CTS",141925,"/Date(1704698385000)/",28650,300,1989700,57051000000,600,true,2.14
"CTS",141922,"/Date(1704698380000)/",28650,100,1989400,57042000000,600,true,2.14
"CTS",141909,"/Date(1704698369000)/",28650,300,1989300,57039000000,600,true,2.14
"CTS",141903,"/Date(1704698361000)/",28650,700,1989000,57031000000,600,true,2.14
"CTS",141853,"/Date(1704698351000)/",28650,3000,1988300,57011000000,600,true,2.14
"CTS",141841,"/Date(1704698339000)/",28650,4800,1985300,56925000000,600,true,2.14
"CTS",141841,"/Date(1704698339000)/",28650,200,1980500,56787000000,600,true,2.14
"CTS",141802,"/Date(1704698299000)/",28650,200,1980300,56781000000,600,true,2.14
"CTS",141759,"/Date(1704698298000)/",28650,100,1980100,56776000000,600,true,2.14
"CTS",141759,"/Date(1704698298000)/",28650,400,1980000,56773000000,600,true,2.14
"CTS",141743,"/Date(1704698281000)/",28650,9600,1979600,56761000000,600,true,2.14
"CTS",141743,"/Date(1704698281000)/",28650,200,1970000,56486000000,600,true,2.14
"CTS",141743,"/Date(1704698281000)/",28650,200,1969800,56481000000,600,true,2.14
"CTS",141730,"/Date(1704698267000)/",28650,600,1969600,56475000000,600,true,2.14
"CTS",141730,"/Date(1704698267000)/",28650,1400,1969000,56458000000,600,true,2.14
"CTS",141724,"/Date(1704698263000)/",28650,10000,1967600,56418000000,600,true,2.14
"CTS",141724,"/Date(1704698262000)/",28650,100,1957600,56131000000,600,true,2.14
"CTS",141704,"/Date(1704698242000)/",28650,400,1957500,56128000000,600,true,2.14
"CTS",141626,"/Date(1704698205000)/",28650,2100,1957100,56117000000,600,true,2.14
"CTS",141626,"/Date(1704698205000)/",28650,2900,1955000,56057000000,600,true,2.14
"CTS",141620,"/Date(1704698199000)/",28650,1000,1952100,55973000000,600,true,2.14
"CTS",141616,"/Date(1704698194000)/",28650,100,1951100,55945000000,600,true,2.14
"CTS",141607,"/Date(1704698185000)/",28650,200,1951000,55942000000,600,true,2.14
"CTS",141557,"/Date(1704698176000)/",28650,11600,1950800,55936000000,600,true,2.14
"CTS",141525,"/Date(1704698144000)/",28650,200,1939200,55604000000,600,true,2.14
"CTS",141516,"/Date(1704698134000)/",28650,2000,1939000,55598000000,600,true,2.14
"CTS",141440,"/Date(1704698101000)/",28650,100,1937000,55541000000,600,false,2.14
"CTS",141440,"/Date(1704698101000)/",28650,10000,1936900,55538000000,600,false,2.14
"CTS",141440,"/Date(1704698101000)/",28650,100,1926900,55251000000,600,false,2.14
"CTS",141440,"/Date(1704698101000)/",28650,1800,1926800,55249000000,600,false,2.14
"CTS",141440,"/Date(1704698100000)/",28650,5000,1925000,55197000000,600,false,2.14
"CTS",141352,"/Date(1704698051000)/",28650,1000,1920000,55054000000,600,true,2.14
"CTS",141352,"/Date(1704698051000)/",28650,700,1919000,55025000000,600,true,2.14
"CTS",141352,"/Date(1704698051000)/",28650,1500,1918300,55005000000,600,true,2.14
"CTS",141352,"/Date(1704698050000)/",28650,500,1916800,54962000000,600,true,2.14
"CTS",141343,"/Date(1704698041000)/",28650,5000,1916300,54948000000,600,true,2.14
"CTS",141343,"/Date(1704698041000)/",28650,100,1911300,54805000000,600,true,2.14
"CTS",141343,"/Date(1704698041000)/",28650,1300,1911200,54802000000,600,true,2.14
"CTS",141343,"/Date(1704698041000)/",28650,600,1909900,54764000000,600,true,2.14
"CTS",141343,"/Date(1704698041000)/",28650,400,1909300,54747000000,600,true,2.14
"CTS",141343,"/Date(1704698041000)/",28650,1600,1908900,54736000000,600,true,2.14
"CTS",141327,"/Date(1704698026000)/",28650,100,1907300,54690000000,600,true,2.14
"CTS",141324,"/Date(1704698024000)/",28650,300,1907200,54687000000,600,true,2.14
"CTS",141226,"/Date(1704697964000)/",28650,100,1906900,54678000000,600,true,2.14
"CTS",141213,"/Date(1704697952000)/",28650,400,1906800,54676000000,600,true,2.14
"CTS",141151,"/Date(1704697928000)/",28650,500,1906400,54664000000,600,true,2.14
"CTS",141141,"/Date(1704697919000)/",28650,1000,1905900,54650000000,600,true,2.14
"CTS",141129,"/Date(1704697908000)/",28650,100,1904900,54621000000,600,true,2.14
"CTS",141129,"/Date(1704697908000)/",28650,200,1904800,54618000000,600,true,2.14
"CTS",141103,"/Date(1704697882000)/",28650,700,1904600,54613000000,600,true,2.14
"CTS",141034,"/Date(1704697853000)/",28650,200,1903900,54593000000,600,false,2.14
"CTS",141034,"/Date(1704697853000)/",28650,100,1903700,54587000000,600,false,2.14
"CTS",141034,"/Date(1704697853000)/",28650,500,1903600,54584000000,600,false,2.14
"CTS",141034,"/Date(1704697853000)/",28650,100,1903100,54570000000,600,false,2.14
"CTS",141034,"/Date(1704697853000)/",28650,2900,1903000,54567000000,600,false,2.14
"CTS",141028,"/Date(1704697845000)/",28650,2100,1900100,54484000000,600,true,2.14
"CTS",141028,"/Date(1704697845000)/",28650,5000,1898000,54423000000,600,true,2.14
"CTS",141028,"/Date(1704697845000)/",28650,700,1893000,54280000000,600,true,2.14
"CTS",141028,"/Date(1704697845000)/",28650,2000,1892300,54260000000,600,true,2.14
"CTS",141028,"/Date(1704697845000)/",28650,100,1890300,54203000000,600,true,2.14
"CTS",141028,"/Date(1704697845000)/",28650,100,1890200,54200000000,600,true,2.14
"CTS",140933,"/Date(1704697790000)/",28650,200,1890100,54197000000,600,true,2.14
"CTS",140930,"/Date(1704697789000)/",28650,200,1889900,54191000000,600,true,2.14
"CTS",140930,"/Date(1704697789000)/",28650,200,1889700,54186000000,600,true,2.14
"CTS",140930,"/Date(1704697789000)/",28650,100,1889500,54180000000,600,true,2.14
"CTS",140849,"/Date(1704697748000)/",28700,100,1889400,54177000000,650,false,2.32
"CTS",140839,"/Date(1704697736000)/",28700,1300,1889300,54174000000,650,false,2.32
"CTS",140839,"/Date(1704697736000)/",28700,100,1888000,54137000000,650,false,2.32
"CTS",140839,"/Date(1704697736000)/",28700,1900,1887900,54134000000,650,false,2.32
"CTS",140823,"/Date(1704697720000)/",28700,100,1886000,54080000000,650,true,2.32
"CTS",140820,"/Date(1704697717000)/",28700,300,1885900,54077000000,650,true,2.32
"CTS",140820,"/Date(1704697717000)/",28700,11700,1885600,54068000000,650,true,2.32
"CTS",140757,"/Date(1704697695000)/",28700,300,1873900,53732000000,650,true,2.32
"CTS",140754,"/Date(1704697693000)/",28700,1000,1873600,53724000000,650,true,2.32
"CTS",140735,"/Date(1704697675000)/",28700,100,1872600,53695000000,650,false,2.32
"CTS",140735,"/Date(1704697675000)/",28700,500,1872500,53692000000,650,false,2.32
"CTS",140735,"/Date(1704697673000)/",28700,2000,1872000,53678000000,650,false,2.32
"CTS",140735,"/Date(1704697673000)/",28700,2000,1870000,53620000000,650,false,2.32
"CTS",140735,"/Date(1704697673000)/",28700,100,1868000,53563000000,650,false,2.32
"CTS",140735,"/Date(1704697673000)/",28700,100,1867900,53560000000,650,false,2.32
"CTS",140735,"/Date(1704697673000)/",28700,500,1867800,53557000000,650,false,2.32
"CTS",140735,"/Date(1704697673000)/",28700,300,1867300,53543000000,650,false,2.32
"CTS",140735,"/Date(1704697673000)/",28700,1400,1867000,53534000000,650,false,2.32
"CTS",140735,"/Date(1704697672000)/",28650,200,1865600,53494000000,600,true,2.14
"CTS",140657,"/Date(1704697635000)/",28700,1500,1865400,53488000000,650,false,2.32
"CTS",140634,"/Date(1704697612000)/",28700,400,1863900,53445000000,650,false,2.32
"CTS",140625,"/Date(1704697604000)/",28700,3000,1863500,53434000000,650,true,2.32
"CTS",140609,"/Date(1704697589000)/",28750,200,1860500,53348000000,700,false,2.5
"CTS",140559,"/Date(1704697576000)/",28700,5000,1860300,53342000000,650,true,2.32
"CTS",140546,"/Date(1704697565000)/",28700,5000,1855300,53198000000,650,true,2.32
"CTS",140537,"/Date(1704697554000)/",28700,100,1850300,53055000000,650,true,2.32
"CTS",140537,"/Date(1704697554000)/",28700,100,1850200,53052000000,650,true,2.32
"CTS",140511,"/Date(1704697530000)/",28750,400,1850100,53049000000,700,false,2.5
"CTS",140508,"/Date(1704697527000)/",28700,1000,1849700,53038000000,650,true,2.32
"CTS",140458,"/Date(1704697516000)/",28700,2700,1848700,53009000000,650,true,2.32
"CTS",140458,"/Date(1704697516000)/",28700,100,1846000,52931000000,650,true,2.32
"CTS",140449,"/Date(1704697509000)/",28700,600,1845900,52929000000,650,true,2.32
"CTS",140449,"/Date(1704697507000)/",28700,400,1845300,52911000000,650,true,2.32
"CTS",140446,"/Date(1704697503000)/",28700,500,1844900,52900000000,650,false,2.32
"CTS",140446,"/Date(1704697503000)/",28700,100,1844400,52886000000,650,false,2.32
"CTS",140446,"/Date(1704697503000)/",28700,1000,1844300,52883000000,650,false,2.32
"CTS",140446,"/Date(1704697503000)/",28700,1000,1843300,52854000000,650,false,2.32
"CTS",140446,"/Date(1704697503000)/",28700,500,1842300,52825000000,650,false,2.32
"CTS",140433,"/Date(1704697493000)/",28700,100,1841800,52811000000,650,false,2.32
"CTS",140358,"/Date(1704697456000)/",28700,200,1841700,52808000000,650,false,2.32
"CTS",140326,"/Date(1704697426000)/",28700,200,1841500,52802000000,650,false,2.32
"CTS",140303,"/Date(1704697400000)/",28700,100,1841300,52797000000,650,false,2.32
"CTS",140159,"/Date(1704697338000)/",28750,100,1841200,52794000000,700,false,2.5
"CTS",140159,"/Date(1704697338000)/",28750,900,1841100,52791000000,700,false,2.5
"CTS",140159,"/Date(1704697338000)/",28700,1400,1840200,52765000000,650,false,2.32
"CTS",140159,"/Date(1704697338000)/",28700,100,1838800,52725000000,650,false,2.32
"CTS",140153,"/Date(1704697333000)/",28700,200,1838700,52722000000,650,true,2.32
"CTS",140153,"/Date(1704697333000)/",28700,4700,1838500,52716000000,650,true,2.32
"CTS",140150,"/Date(1704697327000)/",28700,3000,1833800,52581000000,650,true,2.32
"CTS",140143,"/Date(1704697322000)/",28700,300,1830800,52495000000,650,true,2.32
"CTS",140131,"/Date(1704697309000)/",28700,2000,1830500,52487000000,650,true,2.32
"CTS",140131,"/Date(1704697309000)/",28700,3000,1828500,52429000000,650,true,2.32
"CTS",140131,"/Date(1704697309000)/",28700,600,1825500,52343000000,650,true,2.32
"CTS",140131,"/Date(1704697309000)/",28700,500,1824900,52326000000,650,true,2.32
"CTS",140131,"/Date(1704697309000)/",28700,1000,1824400,52312000000,650,true,2.32
"CTS",140131,"/Date(1704697309000)/",28700,2900,1823400,52283000000,650,true,2.32
"CTS",140118,"/Date(1704697298000)/",28750,500,1820500,52200000000,700,false,2.5
"CTS",140111,"/Date(1704697290000)/",28750,600,1820000,52185000000,700,false,2.5
"CTS",140111,"/Date(1704697290000)/",28750,500,1819400,52168000000,700,false,2.5
"CTS",140111,"/Date(1704697290000)/",28750,2000,1818900,52154000000,700,false,2.5
"CTS",140111,"/Date(1704697290000)/",28750,2600,1816900,52096000000,700,false,2.5
"CTS",140055,"/Date(1704697274000)/",28750,900,1814300,52021000000,700,false,2.5
"CTS",140055,"/Date(1704697274000)/",28750,100,1813400,51995000000,700,false,2.5
"CTS",140055,"/Date(1704697274000)/",28750,2000,1813300,51993000000,700,false,2.5
"CTS",140055,"/Date(1704697274000)/",28750,200,1811300,51935000000,700,false,2.5
"CTS",140055,"/Date(1704697274000)/",28750,1800,1811100,51929000000,700,false,2.5
"CTS",140046,"/Date(1704697264000)/",28750,3200,1809300,51878000000,700,false,2.5
"CTS",140046,"/Date(1704697264000)/",28750,700,1806100,51786000000,700,false,2.5
"CTS",140046,"/Date(1704697264000)/",28750,100,1805400,51765000000,700,false,2.5
"CTS",140046,"/Date(1704697264000)/",28750,200,1805300,51763000000,700,false,2.5
"CTS",140046,"/Date(1704697264000)/",28750,500,1805100,51757000000,700,false,2.5
"CTS",140046,"/Date(1704697264000)/",28750,500,1804600,51742000000,700,false,2.5
"CTS",140046,"/Date(1704697264000)/",28750,100,1804100,51728000000,700,false,2.5
"CTS",135958,"/Date(1704697218000)/",28700,2000,1804000,51725000000,650,true,2.32
"CTS",135942,"/Date(1704697200000)/",28700,100,1802000,51668000000,650,true,2.32
"CTS",135929,"/Date(1704697187000)/",28750,100,1801900,51665000000,700,false,2.5
"CTS",135806,"/Date(1704697103000)/",28750,300,1801800,51662000000,700,false,2.5
"CTS",135803,"/Date(1704697100000)/",28700,100,1801500,51653000000,650,true,2.32
"CTS",135803,"/Date(1704697100000)/",28700,100,1801400,51651000000,650,true,2.32
"CTS",135708,"/Date(1704697048000)/",28700,200,1801300,51648000000,650,true,2.32
"CTS",135702,"/Date(1704697042000)/",28700,1100,1801100,51642000000,650,true,2.32
"CTS",135656,"/Date(1704697033000)/",28700,3400,1800000,51610000000,650,true,2.32
"CTS",135649,"/Date(1704697029000)/",28700,1000,1796600,51513000000,650,false,2.32
"CTS",135649,"/Date(1704697029000)/",28700,200,1795600,51484000000,650,false,2.32
"CTS",135649,"/Date(1704697029000)/",28700,100,1795400,51478000000,650,false,2.32
"CTS",135649,"/Date(1704697029000)/",28700,4700,1795300,51476000000,650,false,2.32
"CTS",135649,"/Date(1704697029000)/",28700,100,1790600,51341000000,650,false,2.32
"CTS",135649,"/Date(1704697029000)/",28700,500,1790500,51338000000,650,false,2.32
"CTS",135649,"/Date(1704697028000)/",28700,500,1790000,51323000000,650,false,2.32
"CTS",135649,"/Date(1704697028000)/",28700,100,1789500,51309000000,650,false,2.32
"CTS",135649,"/Date(1704697028000)/",28700,1200,1789400,51306000000,650,false,2.32
"CTS",135649,"/Date(1704697028000)/",28700,100,1788200,51272000000,650,false,2.32
"CTS",135649,"/Date(1704697028000)/",28700,1100,1788100,51269000000,650,false,2.32
"CTS",135639,"/Date(1704697018000)/",28700,1900,1787000,51237000000,650,false,2.32
"CTS",135639,"/Date(1704697018000)/",28700,500,1785100,51183000000,650,false,2.32
"CTS",135639,"/Date(1704697018000)/",28700,100,1784600,51168000000,650,false,2.32
"CTS",135639,"/Date(1704697018000)/",28700,9500,1784500,51166000000,650,false,2.32
"CTS",135623,"/Date(1704697001000)/",28650,200,1775000,50893000000,600,true,2.14
"CTS",135623,"/Date(1704697001000)/",28650,800,1774800,50887000000,600,true,2.14
"CTS",135611,"/Date(1704696989000)/",28650,200,1774000,50864000000,600,true,2.14
"CTS",135545,"/Date(1704696963000)/",28650,2600,1773800,50859000000,600,true,2.14
"CTS",135545,"/Date(1704696963000)/",28650,500,1771200,50784000000,600,true,2.14
"CTS",135545,"/Date(1704696963000)/",28650,1400,1770700,50770000000,600,true,2.14
"CTS",135545,"/Date(1704696963000)/",28650,300,1769300,50730000000,600,true,2.14
"CTS",135328,"/Date(1704696826000)/",28650,200,1769000,50721000000,600,false,2.14
"CTS",135305,"/Date(1704696803000)/",28650,1500,1768800,50715000000,600,false,2.14
"CTS",135246,"/Date(1704696785000)/",28650,1100,1767300,50672000000,600,false,2.14
"CTS",135243,"/Date(1704696781000)/",28650,100,1766200,50641000000,600,false,2.14
"CTS",135214,"/Date(1704696752000)/",28650,200,1766100,50638000000,600,false,2.14
"CTS",135205,"/Date(1704696743000)/",28650,1100,1765900,50632000000,600,false,2.14
"CTS",135205,"/Date(1704696743000)/",28650,100,1764800,50601000000,600,false,2.14
"CTS",135205,"/Date(1704696743000)/",28650,200,1764700,50598000000,600,false,2.14
"CTS",135205,"/Date(1704696743000)/",28650,500,1764500,50592000000,600,false,2.14
"CTS",135205,"/Date(1704696743000)/",28650,200,1764000,50578000000,600,false,2.14
"CTS",135205,"/Date(1704696743000)/",28650,100,1763800,50572000000,600,false,2.14
"CTS",135205,"/Date(1704696743000)/",28650,3000,1763700,50569000000,600,false,2.14
"CTS",135205,"/Date(1704696743000)/",28650,1600,1760700,50483000000,600,false,2.14
"CTS",135114,"/Date(1704696693000)/",28600,500,1759100,50437000000,550,true,1.96
"CTS",135051,"/Date(1704696669000)/",28600,100,1758600,50423000000,550,true,1.96
"CTS",135051,"/Date(1704696669000)/",28600,100,1758500,50420000000,550,true,1.96
"CTS",135051,"/Date(1704696669000)/",28600,900,1758400,50417000000,550,true,1.96
"CTS",135048,"/Date(1704696666000)/",28600,1100,1757500,50392000000,550,false,1.96
"CTS",135048,"/Date(1704696666000)/",28600,900,1756400,50360000000,550,false,1.96
"CTS",135026,"/Date(1704696643000)/",28600,100,1755500,50334000000,550,false,1.96
"CTS",135026,"/Date(1704696643000)/",28600,100,1755400,50332000000,550,false,1.96
"CTS",135016,"/Date(1704696635000)/",28600,900,1755300,50329000000,550,false,1.96
"CTS",135016,"/Date(1704696635000)/",28600,200,1754400,50303000000,550,false,1.96
"CTS",135016,"/Date(1704696635000)/",28600,400,1754200,50297000000,550,false,1.96
"CTS",135007,"/Date(1704696626000)/",28550,8600,1753800,50286000000,500,true,1.78
"CTS",134938,"/Date(1704696597000)/",28600,300,1745200,50040000000,550,false,1.96
"CTS",134749,"/Date(1704696486000)/",28600,200,1744900,50032000000,550,false,1.96
"CTS",134733,"/Date(1704696471000)/",28600,1100,1744700,50026000000,550,false,1.96
"CTS",134733,"/Date(1704696471000)/",28600,1400,1743600,49994000000,550,false,1.96
"CTS",134701,"/Date(1704696441000)/",28600,1000,1742200,49954000000,550,false,1.96
"CTS",134642,"/Date(1704696419000)/",28600,4000,1741200,49926000000,550,false,1.96
"CTS",134603,"/Date(1704696381000)/",28600,5000,1737200,49811000000,550,false,1.96
"CTS",134603,"/Date(1704696381000)/",28600,200,1732200,49668000000,550,false,1.96
"CTS",134603,"/Date(1704696381000)/",28600,1000,1732000,49663000000,550,false,1.96
"CTS",134603,"/Date(1704696381000)/",28600,2000,1731000,49634000000,550,false,1.96
"CTS",134603,"/Date(1704696381000)/",28600,100,1729000,49577000000,550,false,1.96
"CTS",134603,"/Date(1704696381000)/",28600,3000,1728900,49574000000,550,false,1.96
"CTS",134603,"/Date(1704696381000)/",28600,2300,1725900,49488000000,550,false,1.96
"CTS",134544,"/Date(1704696363000)/",28600,700,1723600,49422000000,550,true,1.96
"CTS",134544,"/Date(1704696363000)/",28600,300,1722900,49402000000,550,true,1.96
"CTS",134534,"/Date(1704696352000)/",28650,500,1722600,49394000000,600,false,2.14
"CTS",134515,"/Date(1704696335000)/",28650,500,1722100,49380000000,600,false,2.14
"CTS",134512,"/Date(1704696329000)/",28650,400,1721600,49365000000,600,true,2.14
"CTS",134512,"/Date(1704696329000)/",28650,2000,1721200,49354000000,600,true,2.14
"CTS",134512,"/Date(1704696329000)/",28650,2600,1719200,49296000000,600,true,2.14
"CTS",134434,"/Date(1704696292000)/",28650,2400,1716600,49222000000,600,true,2.14
"CTS",134434,"/Date(1704696292000)/",28650,200,1714200,49153000000,600,true,2.14
"CTS",134346,"/Date(1704696244000)/",28700,500,1714000,49148000000,650,false,2.32
"CTS",134346,"/Date(1704696244000)/",28700,1000,1713500,49133000000,650,false,2.32
"CTS",134346,"/Date(1704696244000)/",28700,100,1712500,49104000000,650,false,2.32
"CTS",134346,"/Date(1704696244000)/",28700,1000,1712400,49102000000,650,false,2.32
"CTS",134346,"/Date(1704696244000)/",28700,200,1711400,49073000000,650,false,2.32
"CTS",134346,"/Date(1704696244000)/",28700,100,1711200,49067000000,650,false,2.32
"CTS",134346,"/Date(1704696244000)/",28700,100,1711100,49064000000,650,false,2.32
"CTS",134330,"/Date(1704696229000)/",28700,100,1711000,49061000000,650,false,2.32
"CTS",134330,"/Date(1704696229000)/",28700,6400,1710900,49059000000,650,false,2.32
"CTS",134157,"/Date(1704696136000)/",28700,500,1704500,48875000000,650,true,2.32
"CTS",134157,"/Date(1704696136000)/",28700,400,1704000,48861000000,650,true,2.32
"CTS",134157,"/Date(1704696136000)/",28700,1000,1703600,48849000000,650,true,2.32
"CTS",134157,"/Date(1704696136000)/",28700,1700,1702600,48820000000,650,true,2.32
"CTS",134128,"/Date(1704696105000)/",28700,500,1700900,48772000000,650,true,2.32
"CTS",134122,"/Date(1704696100000)/",28700,100,1700400,48757000000,650,true,2.32
"CTS",134115,"/Date(1704696095000)/",28700,100,1700300,48754000000,650,false,2.32
"CTS",134112,"/Date(1704696090000)/",28700,100,1700200,48751000000,650,false,2.32
"CTS",134102,"/Date(1704696080000)/",28700,400,1700100,48749000000,650,false,2.32
"CTS",134102,"/Date(1704696080000)/",28700,500,1699700,48737000000,650,false,2.32
"CTS",134102,"/Date(1704696080000)/",28700,1000,1699200,48723000000,650,false,2.32
"CTS",134102,"/Date(1704696080000)/",28700,100,1698200,48694000000,650,false,2.32
"CTS",134059,"/Date(1704696078000)/",28700,200,1698100,48691000000,650,false,2.32
"CTS",134059,"/Date(1704696078000)/",28700,400,1697900,48685000000,650,false,2.32
"CTS",134056,"/Date(1704696075000)/",28700,100,1697500,48674000000,650,false,2.32
"CTS",134056,"/Date(1704696075000)/",28700,1000,1697400,48671000000,650,false,2.32
"CTS",134056,"/Date(1704696075000)/",28700,100,1696400,48642000000,650,false,2.32
"CTS",134056,"/Date(1704696075000)/",28700,3000,1696300,48640000000,650,false,2.32
"CTS",134056,"/Date(1704696075000)/",28700,5000,1693300,48553000000,650,false,2.32
"CTS",134056,"/Date(1704696075000)/",28700,800,1688300,48410000000,650,false,2.32
"CTS",134050,"/Date(1704696069000)/",28700,4200,1687500,48387000000,650,false,2.32
"CTS",134050,"/Date(1704696069000)/",28700,200,1683300,48266000000,650,false,2.32
"CTS",134050,"/Date(1704696069000)/",28700,100,1683100,48261000000,650,false,2.32
"CTS",134050,"/Date(1704696069000)/",28700,2000,1683000,48258000000,650,false,2.32
"CTS",134050,"/Date(1704696069000)/",28700,1600,1681000,48200000000,650,false,2.32
"CTS",134050,"/Date(1704696069000)/",28700,400,1679400,48154000000,650,false,2.32
"CTS",134050,"/Date(1704696069000)/",28700,2300,1679000,48143000000,650,false,2.32
"CTS",134046,"/Date(1704696066000)/",28700,5000,1676700,48077000000,650,false,2.32
"CTS",134034,"/Date(1704696051000)/",28700,700,1671700,47933000000,650,false,2.32
"CTS",134034,"/Date(1704696051000)/",28700,100,1671000,47913000000,650,false,2.32
"CTS",134034,"/Date(1704696051000)/",28700,400,1670900,47911000000,650,false,2.32
"CTS",134034,"/Date(1704696051000)/",28700,3800,1670500,47899000000,650,false,2.32
"CTS",133914,"/Date(1704695973000)/",28650,500,1666700,47790000000,600,true,2.14
"CTS",133907,"/Date(1704695966000)/",28700,4700,1666200,47776000000,650,false,2.32
"CTS",133907,"/Date(1704695965000)/",28650,100,1661500,47641000000,600,true,2.14
"CTS",133855,"/Date(1704695954000)/",28650,3000,1661400,47638000000,600,false,2.14
"CTS",133855,"/Date(1704695954000)/",28650,100,1658400,47552000000,600,false,2.14
"CTS",133855,"/Date(1704695954000)/",28650,1000,1658300,47549000000,600,false,2.14
"CTS",133855,"/Date(1704695954000)/",28650,500,1657300,47520000000,600,false,2.14
"CTS",133855,"/Date(1704695954000)/",28650,1000,1656800,47506000000,600,false,2.14
"CTS",133855,"/Date(1704695954000)/",28650,500,1655800,47477000000,600,false,2.14
"CTS",133855,"/Date(1704695954000)/",28650,500,1655300,47463000000,600,false,2.14
"CTS",133855,"/Date(1704695954000)/",28650,500,1654800,47449000000,600,false,2.14
"CTS",133855,"/Date(1704695954000)/",28650,8000,1654300,47434000000,600,false,2.14
"CTS",133855,"/Date(1704695954000)/",28650,1000,1646300,47205000000,600,false,2.14
"CTS",133855,"/Date(1704695954000)/",28650,500,1645300,47177000000,600,false,2.14
"CTS",133855,"/Date(1704695954000)/",28650,100,1644800,47162000000,600,false,2.14
"CTS",133855,"/Date(1704695954000)/",28650,3000,1644700,47159000000,600,false,2.14
"CTS",133855,"/Date(1704695954000)/",28650,500,1641700,47074000000,600,false,2.14
"CTS",133855,"/Date(1704695954000)/",28650,100,1641200,47059000000,600,false,2.14
"CTS",133855,"/Date(1704695954000)/",28650,100,1641100,47056000000,600,false,2.14
"CTS",133855,"/Date(1704695954000)/",28650,200,1641000,47053000000,600,false,2.14
"CTS",133855,"/Date(1704695954000)/",28650,700,1640800,47048000000,600,false,2.14
"CTS",133855,"/Date(1704695954000)/",28650,3400,1640100,47028000000,600,false,2.14
"CTS",133855,"/Date(1704695954000)/",28650,1000,1636700,46930000000,600,false,2.14
"CTS",133855,"/Date(1704695954000)/",28650,200,1635700,46902000000,600,false,2.14
"CTS",133851,"/Date(1704695949000)/",28600,200,1635500,46896000000,550,true,1.96
"CTS",133829,"/Date(1704695927000)/",28600,200,1635300,46890000000,550,false,1.96
"CTS",133826,"/Date(1704695924000)/",28600,700,1635100,46884000000,550,false,1.96
"CTS",133826,"/Date(1704695924000)/",28600,1000,1634400,46864000000,550,false,1.96
"CTS",133826,"/Date(1704695924000)/",28600,300,1633400,46836000000,550,false,1.96
"CTS",133819,"/Date(1704695918000)/",28600,700,1633100,46827000000,550,false,1.96
"CTS",133819,"/Date(1704695918000)/",28600,500,1632400,46807000000,550,false,1.96
"CTS",133819,"/Date(1704695918000)/",28600,500,1631900,46793000000,550,false,1.96
"CTS",133819,"/Date(1704695918000)/",28600,100,1631400,46779000000,550,false,1.96
"CTS",133819,"/Date(1704695918000)/",28600,200,1631300,46776000000,550,false,1.96
"CTS",133819,"/Date(1704695918000)/",28600,500,1631100,46770000000,550,false,1.96
"CTS",133819,"/Date(1704695918000)/",28600,100,1630600,46756000000,550,false,1.96
"CTS",133819,"/Date(1704695918000)/",28600,100,1630500,46753000000,550,false,1.96
"CTS",133819,"/Date(1704695918000)/",28600,300,1630400,46750000000,550,false,1.96
"CTS",133800,"/Date(1704695900000)/",28550,600,1630100,46741000000,500,false,1.78
"CTS",133757,"/Date(1704695897000)/",28550,2000,1629500,46724000000,500,false,1.78
"CTS",133757,"/Date(1704695894000)/",28550,2400,1627500,46667000000,500,false,1.78
"CTS",133757,"/Date(1704695894000)/",28550,500,1625100,46599000000,500,false,1.78
"CTS",133757,"/Date(1704695894000)/",28550,1000,1624600,46584000000,500,false,1.78
"CTS",133757,"/Date(1704695894000)/",28550,100,1623600,46556000000,500,false,1.78
"CTS",133757,"/Date(1704695894000)/",28550,400,1623500,46553000000,500,false,1.78
"CTS",133757,"/Date(1704695894000)/",28550,5600,1623100,46542000000,500,false,1.78
"CTS",133754,"/Date(1704695891000)/",28550,1500,1617500,46382000000,500,false,1.78
"CTS",133751,"/Date(1704695889000)/",28550,2000,1616000,46339000000,500,false,1.78
"CTS",133735,"/Date(1704695875000)/",28550,2000,1614000,46282000000,500,false,1.78
"CTS",133725,"/Date(1704695862000)/",28550,2000,1612000,46225000000,500,false,1.78
"CTS",133722,"/Date(1704695860000)/",28550,200,1610000,46168000000,500,false,1.78
"CTS",133715,"/Date(1704695853000)/",28550,200,1609800,46162000000,500,false,1.78
"CTS",133706,"/Date(1704695844000)/",28550,2000,1609600,46156000000,500,false,1.78
"CTS",133640,"/Date(1704695820000)/",28500,2000,1607600,46099000000,450,true,1.6
"CTS",133640,"/Date(1704695820000)/",28500,100,1605600,46042000000,450,true,1.6
"CTS",133640,"/Date(1704695820000)/",28500,900,1605500,46039000000,450,true,1.6
"CTS",133631,"/Date(1704695810000)/",28500,3000,1604600,46014000000,450,true,1.6
"CTS",133615,"/Date(1704695793000)/",28500,1100,1601600,45928000000,450,true,1.6
"CTS",133615,"/Date(1704695793000)/",28500,200,1600500,45897000000,450,true,1.6
"CTS",133615,"/Date(1704695793000)/",28500,100,1600300,45891000000,450,true,1.6
"CTS",133615,"/Date(1704695793000)/",28500,100,1600200,45888000000,450,true,1.6
"CTS",133615,"/Date(1704695792000)/",28550,100,1600100,45885000000,500,false,1.78
"CTS",133540,"/Date(1704695758000)/",28500,100,1600000,45882000000,450,true,1.6
"CTS",133540,"/Date(1704695758000)/",28500,2000,1599900,45880000000,450,true,1.6
"CTS",133540,"/Date(1704695758000)/",28500,100,1597900,45823000000,450,true,1.6
"CTS",133540,"/Date(1704695758000)/",28500,1000,1597800,45820000000,450,true,1.6
"CTS",133540,"/Date(1704695758000)/",28500,4800,1596800,45791000000,450,true,1.6
"CTS",133540,"/Date(1704695758000)/",28500,300,1592000,45654000000,450,true,1.6
"CTS",133540,"/Date(1704695758000)/",28500,100,1591700,45646000000,450,true,1.6
"CTS",133540,"/Date(1704695758000)/",28500,300,1591600,45643000000,450,true,1.6
"CTS",133540,"/Date(1704695758000)/",28500,1300,1591300,45635000000,450,true,1.6
"CTS",133514,"/Date(1704695731000)/",28500,700,1590000,45597000000,450,true,1.6
"CTS",133514,"/Date(1704695731000)/",28500,200,1589300,45578000000,450,true,1.6
"CTS",133514,"/Date(1704695731000)/",28500,100,1589100,45572000000,450,true,1.6
"CTS",133514,"/Date(1704695731000)/",28500,100,1589000,45569000000,450,true,1.6
"CTS",133514,"/Date(1704695731000)/",28500,1000,1588900,45566000000,450,true,1.6
"CTS",133514,"/Date(1704695731000)/",28500,800,1587900,45538000000,450,true,1.6
"CTS",133514,"/Date(1704695731000)/",28500,300,1587100,45515000000,450,true,1.6
"CTS",133514,"/Date(1704695731000)/",28500,10000,1586800,45506000000,450,true,1.6
"CTS",133514,"/Date(1704695731000)/",28500,1800,1576800,45221000000,450,true,1.6
"CTS",133458,"/Date(1704695717000)/",28500,500,1575000,45170000000,450,true,1.6
"CTS",133442,"/Date(1704695701000)/",28500,500,1574500,45156000000,450,true,1.6
"CTS",133432,"/Date(1704695690000)/",28500,100,1574000,45141000000,450,true,1.6
"CTS",133432,"/Date(1704695690000)/",28500,100,1573900,45139000000,450,true,1.6
"CTS",133432,"/Date(1704695690000)/",28500,200,1573800,45136000000,450,true,1.6
"CTS",133426,"/Date(1704695685000)/",28500,300,1573600,45130000000,450,true,1.6
"CTS",133426,"/Date(1704695685000)/",28500,100,1573300,45122000000,450,true,1.6
"CTS",133416,"/Date(1704695675000)/",28500,100,1573200,45119000000,450,true,1.6
"CTS",133416,"/Date(1704695675000)/",28500,200,1573100,45116000000,450,true,1.6
"CTS",133410,"/Date(1704695669000)/",28500,500,1572900,45110000000,450,true,1.6
"CTS",133347,"/Date(1704695645000)/",28500,1500,1572400,45096000000,450,true,1.6
"CTS",133334,"/Date(1704695635000)/",28500,300,1570900,45053000000,450,true,1.6
"CTS",133334,"/Date(1704695635000)/",28500,200,1570600,45045000000,450,true,1.6
"CTS",133322,"/Date(1704695620000)/",28550,1000,1570400,45039000000,500,false,1.78
"CTS",133253,"/Date(1704695593000)/",28550,400,1569400,45010000000,500,false,1.78
"CTS",133253,"/Date(1704695593000)/",28500,500,1569000,44999000000,450,true,1.6
"CTS",133250,"/Date(1704695588000)/",28500,1000,1568500,44985000000,450,true,1.6
"CTS",133246,"/Date(1704695586000)/",28550,2700,1567500,44956000000,500,false,1.78
"CTS",133237,"/Date(1704695575000)/",28550,100,1564800,44879000000,500,false,1.78
"CTS",133218,"/Date(1704695558000)/",28500,300,1564700,44876000000,450,true,1.6
"CTS",133136,"/Date(1704695515000)/",28550,200,1564400,44868000000,500,true,1.78
"CTS",133110,"/Date(1704695490000)/",28550,200,1564200,44862000000,500,true,1.78
"CTS",133101,"/Date(1704695478000)/",28550,100,1564000,44856000000,500,true,1.78
"CTS",133101,"/Date(1704695478000)/",28550,500,1563900,44853000000,500,true,1.78
"CTS",133101,"/Date(1704695478000)/",28550,1300,1563400,44839000000,500,true,1.78
"CTS",133101,"/Date(1704695478000)/",28550,100,1562100,44802000000,500,true,1.78
"CTS",133058,"/Date(1704695475000)/",28550,100,1562000,44799000000,500,true,1.78
"CTS",133022,"/Date(1704695442000)/",28550,300,1561900,44796000000,500,true,1.78
"CTS",133022,"/Date(1704695442000)/",28550,1000,1561600,44788000000,500,true,1.78
"CTS",133022,"/Date(1704695442000)/",28550,300,1560600,44759000000,500,true,1.78
"CTS",133022,"/Date(1704695442000)/",28550,300,1560300,44751000000,500,true,1.78
"CTS",133022,"/Date(1704695441000)/",28550,100,1560000,44742000000,500,true,1.78
"CTS",133009,"/Date(1704695429000)/",28550,500,1559900,44739000000,500,true,1.78
"CTS",132944,"/Date(1704695403000)/",28550,1000,1559400,44725000000,500,true,1.78
"CTS",132941,"/Date(1704695400000)/",28550,100,1558400,44696000000,500,true,1.78
"CTS",132941,"/Date(1704695400000)/",28550,100,1558300,44693000000,500,true,1.78
"CTS",132925,"/Date(1704695382000)/",28550,100,1558200,44691000000,500,true,1.78
"CTS",132906,"/Date(1704695366000)/",28550,100,1558100,44688000000,500,true,1.78
"CTS",132846,"/Date(1704695345000)/",28550,400,1558000,44685000000,500,true,1.78
"CTS",132808,"/Date(1704695305000)/",28550,2000,1557600,44674000000,500,true,1.78
"CTS",132808,"/Date(1704695305000)/",28550,1000,1555600,44616000000,500,true,1.78
"CTS",132808,"/Date(1704695305000)/",28550,3200,1554600,44588000000,500,true,1.78
"CTS",132808,"/Date(1704695305000)/",28550,2500,1551400,44496000000,500,true,1.78
"CTS",132808,"/Date(1704695305000)/",28550,500,1548900,44425000000,500,true,1.78
"CTS",132808,"/Date(1704695305000)/",28550,800,1548400,44411000000,500,true,1.78
"CTS",132739,"/Date(1704695276000)/",28600,1200,1547600,44388000000,550,false,1.96
"CTS",132727,"/Date(1704695266000)/",28600,500,1546400,44354000000,550,false,1.96
"CTS",132720,"/Date(1704695257000)/",28600,2000,1545900,44339000000,550,true,1.96
"CTS",132717,"/Date(1704695255000)/",28600,200,1543900,44282000000,550,true,1.96
"CTS",132717,"/Date(1704695255000)/",28600,100,1543700,44276000000,550,true,1.96
"CTS",132717,"/Date(1704695255000)/",28600,500,1543600,44274000000,550,true,1.96
"CTS",132717,"/Date(1704695255000)/",28600,1700,1543100,44259000000,550,true,1.96
"CTS",132541,"/Date(1704695160000)/",28650,100,1541400,44211000000,600,false,2.14
"CTS",132506,"/Date(1704695126000)/",28550,200,1541300,44208000000,500,true,1.78
"CTS",132408,"/Date(1704695066000)/",28550,100,1541100,44202000000,500,true,1.78
"CTS",132402,"/Date(1704695061000)/",28600,400,1541000,44199000000,550,true,1.96
"CTS",132356,"/Date(1704695054000)/",28600,500,1540600,44188000000,550,true,1.96
"CTS",132349,"/Date(1704695048000)/",28600,2700,1540100,44174000000,550,true,1.96
"CTS",132336,"/Date(1704695036000)/",28600,3400,1537400,44096000000,550,false,1.96
"CTS",132336,"/Date(1704695036000)/",28600,1000,1534000,43999000000,550,false,1.96
"CTS",132336,"/Date(1704695036000)/",28600,1000,1533000,43970000000,550,false,1.96
"CTS",132336,"/Date(1704695036000)/",28600,1000,1532000,43942000000,550,false,1.96
"CTS",132248,"/Date(1704694988000)/",28600,1000,1531000,43913000000,550,true,1.96
"CTS",132236,"/Date(1704694975000)/",28650,100,1530000,43885000000,600,false,2.14
"CTS",132229,"/Date(1704694968000)/",28600,100,1529900,43882000000,550,true,1.96
"CTS",132229,"/Date(1704694968000)/",28600,500,1529800,43879000000,550,true,1.96
"CTS",132229,"/Date(1704694968000)/",28600,500,1529300,43865000000,550,true,1.96
"CTS",132229,"/Date(1704694968000)/",28600,200,1528800,43850000000,550,true,1.96
"CTS",132229,"/Date(1704694968000)/",28600,700,1528600,43845000000,550,true,1.96
"CTS",132216,"/Date(1704694956000)/",28650,200,1527900,43825000000,600,false,2.14
"CTS",132148,"/Date(1704694927000)/",28600,300,1527700,43819000000,550,true,1.96
"CTS",132148,"/Date(1704694927000)/",28600,100,1527400,43810000000,550,true,1.96
"CTS",132141,"/Date(1704694920000)/",28600,1000,1527300,43807000000,550,true,1.96
"CTS",132119,"/Date(1704694896000)/",28600,1700,1526300,43779000000,550,true,1.96
"CTS",132119,"/Date(1704694896000)/",28600,300,1524600,43730000000,550,true,1.96
"CTS",132100,"/Date(1704694878000)/",28600,300,1524300,43722000000,550,true,1.96
"CTS",132100,"/Date(1704694878000)/",28600,100,1524000,43713000000,550,true,1.96
"CTS",132100,"/Date(1704694878000)/",28600,600,1523900,43710000000,550,true,1.96
"CTS",132053,"/Date(1704694871000)/",28650,100,1523300,43693000000,600,false,2.14
"CTS",132005,"/Date(1704694825000)/",28650,300,1523200,43690000000,600,false,2.14
"CTS",132005,"/Date(1704694825000)/",28650,500,1522900,43682000000,600,false,2.14
"CTS",131937,"/Date(1704694795000)/",28650,100,1522400,43667000000,600,false,2.14
"CTS",131937,"/Date(1704694795000)/",28650,2400,1522300,43664000000,600,false,2.14
"CTS",131911,"/Date(1704694771000)/",28650,1000,1519900,43596000000,600,false,2.14
"CTS",131905,"/Date(1704694764000)/",28600,400,1518900,43567000000,550,true,1.96
"CTS",131905,"/Date(1704694764000)/",28600,1600,1518500,43556000000,550,true,1.96
"CTS",131735,"/Date(1704694674000)/",28650,1600,1516900,43510000000,600,false,2.14
"CTS",131735,"/Date(1704694674000)/",28650,2300,1515300,43464000000,600,false,2.14
"CTS",131735,"/Date(1704694674000)/",28650,100,1513000,43398000000,600,false,2.14
"CTS",131654,"/Date(1704694632000)/",28650,200,1512900,43395000000,600,true,2.14
"CTS",131654,"/Date(1704694632000)/",28650,700,1512700,43389000000,600,true,2.14
"CTS",131654,"/Date(1704694632000)/",28650,400,1512000,43369000000,600,true,2.14
"CTS",131654,"/Date(1704694632000)/",28650,100,1511600,43358000000,600,true,2.14
"CTS",131647,"/Date(1704694627000)/",28650,1000,1511500,43355000000,600,true,2.14
"CTS",131641,"/Date(1704694621000)/",28650,700,1510500,43326000000,600,true,2.14
"CTS",131628,"/Date(1704694608000)/",28650,1000,1509800,43306000000,600,true,2.14
"CTS",131606,"/Date(1704694584000)/",28650,200,1508800,43278000000,600,true,2.14
"CTS",131550,"/Date(1704694568000)/",28650,100,1508600,43272000000,600,false,2.14
"CTS",131534,"/Date(1704694553000)/",28650,100,1508500,43269000000,600,true,2.14
"CTS",131531,"/Date(1704694550000)/",28650,2500,1508400,43266000000,600,true,2.14
"CTS",131518,"/Date(1704694536000)/",28650,2400,1505900,43195000000,600,true,2.14
"CTS",131518,"/Date(1704694536000)/",28650,100,1503500,43126000000,600,true,2.14
"CTS",131508,"/Date(1704694528000)/",28650,100,1503400,43123000000,600,false,2.14
"CTS",131508,"/Date(1704694528000)/",28650,800,1503300,43120000000,600,false,2.14
"CTS",131508,"/Date(1704694528000)/",28650,200,1502500,43097000000,600,false,2.14
"CTS",131508,"/Date(1704694527000)/",28650,100,1502300,43091000000,600,false,2.14
"CTS",131505,"/Date(1704694523000)/",28650,700,1502200,43089000000,600,false,2.14
"CTS",131505,"/Date(1704694523000)/",28650,100,1501500,43069000000,600,false,2.14
"CTS",131505,"/Date(1704694523000)/",28650,1000,1501400,43066000000,600,false,2.14
"CTS",131505,"/Date(1704694523000)/",28650,8200,1500400,43037000000,600,false,2.14
"CTS",131452,"/Date(1704694512000)/",28650,100,1492200,42802000000,600,false,2.14
"CTS",131427,"/Date(1704694486000)/",28650,800,1492100,42799000000,600,false,2.14
"CTS",131427,"/Date(1704694485000)/",28600,100,1491300,42776000000,550,true,1.96
"CTS",131411,"/Date(1704694470000)/",28650,100,1491200,42773000000,600,false,2.14
"CTS",131411,"/Date(1704694470000)/",28650,800,1491100,42771000000,600,false,2.14
"CTS",131332,"/Date(1704694430000)/",28650,4000,1490300,42748000000,600,true,2.14
"CTS",131326,"/Date(1704694424000)/",28650,100,1486300,42633000000,600,true,2.14
"CTS",131326,"/Date(1704694424000)/",28650,900,1486200,42630000000,600,true,2.14
"CTS",131313,"/Date(1704694411000)/",28650,100,1485300,42604000000,600,true,2.14
"CTS",131313,"/Date(1704694411000)/",28650,400,1485200,42602000000,600,true,2.14
"CTS",131225,"/Date(1704694365000)/",28650,500,1484800,42590000000,600,true,2.14
"CTS",131203,"/Date(1704694342000)/",28650,100,1484300,42576000000,600,true,2.14
"CTS",131203,"/Date(1704694342000)/",28650,200,1484200,42573000000,600,true,2.14
"CTS",131150,"/Date(1704694330000)/",28650,1800,1484000,42567000000,600,true,2.14
"CTS",131147,"/Date(1704694325000)/",28650,200,1482200,42516000000,600,true,2.14
"CTS",131128,"/Date(1704694306000)/",28650,2800,1482000,42510000000,600,true,2.14
"CTS",131128,"/Date(1704694306000)/",28650,700,1479200,42430000000,600,true,2.14
"CTS",131125,"/Date(1704694302000)/",28650,300,1478500,42410000000,600,true,2.14
"CTS",131017,"/Date(1704694234000)/",28650,200,1478200,42401000000,600,false,2.14
"CTS",131017,"/Date(1704694234000)/",28650,300,1478000,42395000000,600,false,2.14
"CTS",131011,"/Date(1704694229000)/",28650,700,1477700,42387000000,600,true,2.14
"CTS",131011,"/Date(1704694228000)/",28650,1900,1477000,42367000000,600,true,2.14
"CTS",130948,"/Date(1704694208000)/",28650,700,1475100,42312000000,600,false,2.14
"CTS",130948,"/Date(1704694208000)/",28650,400,1474400,42292000000,600,false,2.14
"CTS",130948,"/Date(1704694208000)/",28650,100,1474000,42281000000,600,false,2.14
"CTS",130948,"/Date(1704694208000)/",28650,200,1473900,42278000000,600,false,2.14
"CTS",130948,"/Date(1704694208000)/",28650,400,1473700,42272000000,600,false,2.14
"CTS",130948,"/Date(1704694208000)/",28650,400,1473300,42261000000,600,false,2.14
"CTS",130942,"/Date(1704694201000)/",28650,1000,1472900,42249000000,600,false,2.14
"CTS",130936,"/Date(1704694194000)/",28650,600,1471900,42221000000,600,false,2.14
"CTS",130936,"/Date(1704694194000)/",28650,1000,1471300,42203000000,600,false,2.14
"CTS",130936,"/Date(1704694194000)/",28650,1000,1470300,42175000000,600,false,2.14
"CTS",130936,"/Date(1704694194000)/",28650,1000,1469300,42146000000,600,false,2.14
"CTS",130936,"/Date(1704694194000)/",28650,1000,1468300,42117000000,600,false,2.14
"CTS",130936,"/Date(1704694194000)/",28650,2700,1467300,42089000000,600,false,2.14
"CTS",130936,"/Date(1704694194000)/",28650,5000,1464600,42011000000,600,false,2.14
"CTS",130936,"/Date(1704694194000)/",28650,1200,1459600,41868000000,600,false,2.14
"CTS",130936,"/Date(1704694194000)/",28650,100,1458400,41834000000,600,false,2.14
"CTS",130936,"/Date(1704694194000)/",28650,100,1458300,41831000000,600,false,2.14
"CTS",130936,"/Date(1704694194000)/",28650,100,1458200,41828000000,600,false,2.14
"CTS",130936,"/Date(1704694194000)/",28650,300,1458100,41825000000,600,false,2.14
"CTS",130936,"/Date(1704694194000)/",28650,200,1457800,41817000000,600,false,2.14
"CTS",130929,"/Date(1704694188000)/",28600,400,1457600,41811000000,550,true,1.96
"CTS",130929,"/Date(1704694186000)/",28650,500,1457200,41799000000,600,false,2.14
"CTS",130929,"/Date(1704694186000)/",28650,100,1456700,41785000000,600,false,2.14
"CTS",130929,"/Date(1704694186000)/",28650,400,1456600,41782000000,600,false,2.14
"CTS",130923,"/Date(1704694182000)/",28650,500,1456200,41771000000,600,false,2.14
"CTS",130835,"/Date(1704694134000)/",28650,100,1455700,41756000000,600,false,2.14
"CTS",130835,"/Date(1704694134000)/",28650,100,1455600,41754000000,600,false,2.14
"CTS",130806,"/Date(1704694105000)/",28600,2900,1455500,41751000000,550,true,1.96
"CTS",130806,"/Date(1704694105000)/",28600,3100,1452600,41668000000,550,true,1.96
"CTS",130741,"/Date(1704694078000)/",28600,1500,1449500,41579000000,550,true,1.96
"CTS",130734,"/Date(1704694073000)/",28600,1000,1448000,41536000000,550,true,1.96
"CTS",130734,"/Date(1704694073000)/",28600,1700,1447000,41508000000,550,true,1.96
"CTS",130734,"/Date(1704694073000)/",28600,1000,1445300,41459000000,550,true,1.96
"CTS",130734,"/Date(1704694073000)/",28600,300,1444300,41430000000,550,true,1.96
"CTS",130734,"/Date(1704694073000)/",28600,500,1444000,41422000000,550,true,1.96
"CTS",130734,"/Date(1704694073000)/",28600,400,1443500,41407000000,550,true,1.96
"CTS",130734,"/Date(1704694073000)/",28600,500,1443100,41396000000,550,true,1.96
"CTS",130709,"/Date(1704694048000)/",28550,500,1442600,41382000000,500,true,1.78
"CTS",130649,"/Date(1704694027000)/",28550,200,1442100,41367000000,500,true,1.78
"CTS",130649,"/Date(1704694027000)/",28550,300,1441900,41362000000,500,true,1.78
"CTS",130649,"/Date(1704694027000)/",28550,300,1441600,41353000000,500,true,1.78
"CTS",130646,"/Date(1704694024000)/",28550,1000,1441300,41345000000,500,true,1.78
"CTS",130630,"/Date(1704694008000)/",28550,500,1440300,41316000000,500,false,1.78
"CTS",130630,"/Date(1704694008000)/",28550,3000,1439800,41302000000,500,false,1.78
"CTS",130630,"/Date(1704694008000)/",28550,100,1436800,41216000000,500,false,1.78
"CTS",130630,"/Date(1704694008000)/",28550,400,1436700,41213000000,500,false,1.78
"CTS",130630,"/Date(1704694008000)/",28550,4700,1436300,41202000000,500,false,1.78
"CTS",130552,"/Date(1704693971000)/",28550,500,1431600,41068000000,500,false,1.78
"CTS",130545,"/Date(1704693966000)/",28550,3800,1431100,41053000000,500,true,1.78
"CTS",130545,"/Date(1704693966000)/",28550,1000,1427300,40945000000,500,true,1.78
"CTS",130545,"/Date(1704693966000)/",28550,100,1426300,40916000000,500,true,1.78
"CTS",130545,"/Date(1704693966000)/",28550,1000,1426200,40914000000,500,true,1.78
"CTS",130545,"/Date(1704693966000)/",28550,2000,1425200,40885000000,500,true,1.78
"CTS",130542,"/Date(1704693962000)/",28550,100,1423200,40828000000,500,true,1.78
"CTS",130526,"/Date(1704693944000)/",28550,1500,1423100,40825000000,500,true,1.78
"CTS",130520,"/Date(1704693939000)/",28550,800,1421600,40782000000,500,true,1.78
"CTS",130520,"/Date(1704693939000)/",28550,1200,1420800,40759000000,500,true,1.78
"CTS",130507,"/Date(1704693926000)/",28550,1000,1419600,40725000000,500,true,1.78
"CTS",130442,"/Date(1704693901000)/",28600,100,1418600,40697000000,550,false,1.96
"CTS",130442,"/Date(1704693899000)/",28550,100,1418500,40694000000,500,true,1.78
"CTS",130435,"/Date(1704693894000)/",28550,2700,1418400,40691000000,500,true,1.78
"CTS",130435,"/Date(1704693894000)/",28550,1000,1415700,40614000000,500,true,1.78
"CTS",130435,"/Date(1704693894000)/",28550,500,1414700,40585000000,500,true,1.78
"CTS",130435,"/Date(1704693894000)/",28550,100,1414200,40571000000,500,true,1.78
"CTS",130435,"/Date(1704693894000)/",28550,200,1414100,40568000000,500,true,1.78
"CTS",130435,"/Date(1704693894000)/",28550,400,1413900,40562000000,500,true,1.78
"CTS",130435,"/Date(1704693894000)/",28550,5000,1413500,40551000000,500,true,1.78
"CTS",130435,"/Date(1704693894000)/",28550,100,1408500,40408000000,500,true,1.78
"CTS",130435,"/Date(1704693894000)/",28550,200,1408400,40405000000,500,true,1.78
"CTS",130344,"/Date(1704693842000)/",28600,1000,1408200,40400000000,550,false,1.96
"CTS",130253,"/Date(1704693790000)/",28600,500,1407200,40371000000,550,true,1.96
"CTS",130253,"/Date(1704693790000)/",28600,300,1406700,40357000000,550,true,1.96
"CTS",130250,"/Date(1704693788000)/",28600,300,1406400,40348000000,550,true,1.96
"CTS",130250,"/Date(1704693787000)/",28600,1000,1406100,40340000000,550,true,1.96
"CTS",130247,"/Date(1704693784000)/",28600,1400,1405100,40311000000,550,true,1.96
"CTS",130247,"/Date(1704693784000)/",28600,600,1403700,40271000000,550,true,1.96
"CTS",130240,"/Date(1704693777000)/",28600,400,1403100,40254000000,550,true,1.96
"CTS",130240,"/Date(1704693777000)/",28600,600,1402700,40242000000,550,true,1.96
"CTS",130240,"/Date(1704693777000)/",28600,200,1402100,40225000000,550,true,1.96
"CTS",130240,"/Date(1704693777000)/",28600,100,1401900,40219000000,550,true,1.96
"CTS",130240,"/Date(1704693777000)/",28600,700,1401800,40217000000,550,true,1.96
"CTS",130237,"/Date(1704693775000)/",28600,100,1401100,40197000000,550,true,1.96
"CTS",130234,"/Date(1704693774000)/",28600,500,1401000,40194000000,550,true,1.96
"CTS",130215,"/Date(1704693753000)/",28600,200,1400500,40179000000,550,true,1.96
"CTS",130149,"/Date(1704693729000)/",28600,800,1400300,40174000000,550,true,1.96
"CTS",130149,"/Date(1704693729000)/",28600,1000,1399500,40151000000,550,true,1.96
"CTS",130149,"/Date(1704693729000)/",28600,500,1398500,40122000000,550,true,1.96
"CTS",130055,"/Date(1704693674000)/",28600,100,1398000,40108000000,550,true,1.96
"CTS",130042,"/Date(1704693661000)/",28600,100,1397900,40105000000,550,true,1.96
"CTS",130042,"/Date(1704693661000)/",28600,900,1397800,40102000000,550,true,1.96
"CTS",130039,"/Date(1704693659000)/",28600,600,1396900,40076000000,550,true,1.96
"CTS",130039,"/Date(1704693659000)/",28600,400,1396300,40059000000,550,true,1.96
"CTS",130033,"/Date(1704693650000)/",28600,600,1395900,40048000000,550,true,1.96
"CTS",130033,"/Date(1704693650000)/",28600,2200,1395300,40031000000,550,true,1.96
"CTS",130033,"/Date(1704693650000)/",28600,1000,1393100,39968000000,550,true,1.96
"CTS",130023,"/Date(1704693637000)/",28600,100,1392100,39939000000,550,true,1.96
"CTS",130013,"/Date(1704693618000)/",28600,1000,1392000,39936000000,550,true,1.96
"CTS",130013,"/Date(1704693617000)/",28600,100,1391000,39908000000,550,true,1.96
"CTS",130007,"/Date(1704693604000)/",28600,500,1390900,39905000000,550,true,1.96
"CTS",130004,"/Date(1704693604000)/",28650,500,1390400,39891000000,600,false,2.14
"CTS",125957,"/Date(1704693601000)/",28650,200,1389900,39876000000,600,false,2.14
"CTS",125957,"/Date(1704693601000)/",28650,100,1389700,39870000000,600,false,2.14
"CTS",125957,"/Date(1704693601000)/",28650,200,1389600,39868000000,600,false,2.14
"CTS",125954,"/Date(1704693601000)/",28600,1300,1389400,39862000000,550,true,1.96
"CTS",125954,"/Date(1704693601000)/",28600,200,1388100,39825000000,550,true,1.96
"CTS",125954,"/Date(1704693601000)/",28600,2200,1387900,39819000000,550,true,1.96
"CTS",125954,"/Date(1704693601000)/",28600,1200,1385700,39756000000,550,true,1.96
"CTS",112922,"/Date(1704688181000)/",28650,100,1384500,39722000000,600,false,2.14
"CTS",112853,"/Date(1704688150000)/",28600,1000,1384400,39719000000,550,true,1.96
"CTS",112740,"/Date(1704688078000)/",28600,200,1383400,39690000000,550,true,1.96
"CTS",112737,"/Date(1704688076000)/",28600,1600,1383200,39685000000,550,true,1.96
"CTS",112630,"/Date(1704688009000)/",28650,800,1381600,39639000000,600,false,2.14
"CTS",112630,"/Date(1704688009000)/",28650,500,1380800,39616000000,600,false,2.14
"CTS",112626,"/Date(1704688005000)/",28600,500,1380300,39602000000,550,true,1.96
"CTS",112620,"/Date(1704687998000)/",28650,1000,1379800,39587000000,600,false,2.14
"CTS",112507,"/Date(1704687925000)/",28650,300,1378800,39559000000,600,false,2.14
"CTS",112507,"/Date(1704687925000)/",28650,100,1378500,39550000000,600,false,2.14
"CTS",112507,"/Date(1704687925000)/",28650,15000,1378400,39547000000,600,false,2.14
"CTS",112507,"/Date(1704687925000)/",28650,900,1363400,39117000000,600,false,2.14
"CTS",112504,"/Date(1704687923000)/",28650,500,1362500,39092000000,600,false,2.14
"CTS",112419,"/Date(1704687878000)/",28650,100,1362000,39077000000,600,false,2.14
"CTS",112409,"/Date(1704687867000)/",28600,1200,1361900,39074000000,550,true,1.96
"CTS",112403,"/Date(1704687861000)/",28650,900,1360700,39040000000,600,false,2.14
"CTS",112305,"/Date(1704687805000)/",28650,2600,1359800,39014000000,600,false,2.14
"CTS",112305,"/Date(1704687805000)/",28650,100,1357200,38940000000,600,false,2.14
"CTS",112305,"/Date(1704687805000)/",28650,100,1357100,38937000000,600,false,2.14
"CTS",112305,"/Date(1704687804000)/",28600,200,1357000,38934000000,550,true,1.96
"CTS",112217,"/Date(1704687755000)/",28600,5000,1356800,38928000000,550,true,1.96
"CTS",112155,"/Date(1704687733000)/",28600,9100,1351800,38785000000,550,true,1.96
"CTS",112155,"/Date(1704687733000)/",28600,500,1342700,38525000000,550,true,1.96
"CTS",112155,"/Date(1704687733000)/",28600,300,1342200,38511000000,550,true,1.96
"CTS",112155,"/Date(1704687733000)/",28600,100,1341900,38502000000,550,true,1.96
"CTS",112155,"/Date(1704687733000)/",28600,200,1341800,38499000000,550,true,1.96
"CTS",112155,"/Date(1704687733000)/",28600,6000,1341600,38494000000,550,true,1.96
"CTS",112155,"/Date(1704687733000)/",28600,800,1335600,38322000000,550,true,1.96
"CTS",112038,"/Date(1704687658000)/",28600,1000,1334800,38299000000,550,true,1.96
"CTS",112016,"/Date(1704687634000)/",28650,500,1333800,38271000000,600,false,2.14
"CTS",111919,"/Date(1704687576000)/",28650,1500,1333300,38256000000,600,false,2.14
"CTS",111919,"/Date(1704687576000)/",28650,200,1331800,38213000000,600,false,2.14
"CTS",111919,"/Date(1704687576000)/",28650,300,1331600,38208000000,600,false,2.14
"CTS",111906,"/Date(1704687566000)/",28650,200,1331300,38199000000,600,false,2.14
"CTS",111906,"/Date(1704687566000)/",28650,100,1331100,38193000000,600,false,2.14
"CTS",111815,"/Date(1704687512000)/",28650,2000,1331000,38190000000,600,false,2.14
"CTS",111645,"/Date(1704687422000)/",28600,5000,1329000,38133000000,550,true,1.96
"CTS",111642,"/Date(1704687419000)/",28600,100,1324000,37990000000,550,true,1.96
"CTS",111604,"/Date(1704687382000)/",28600,100,1323900,37987000000,550,true,1.96
"CTS",111604,"/Date(1704687382000)/",28600,1400,1323800,37984000000,550,true,1.96
"CTS",111535,"/Date(1704687355000)/",28600,100,1322400,37944000000,550,true,1.96
"CTS",111437,"/Date(1704687296000)/",28600,100,1322300,37941000000,550,true,1.96
"CTS",111249,"/Date(1704687188000)/",28650,500,1322200,37939000000,600,false,2.14
"CTS",111214,"/Date(1704687152000)/",28650,300,1321700,37924000000,600,false,2.14
"CTS",111145,"/Date(1704687123000)/",28650,1900,1321400,37916000000,600,false,2.14
"CTS",111136,"/Date(1704687115000)/",28650,15000,1319500,37861000000,600,true,2.14
"CTS",111120,"/Date(1704687097000)/",28700,500,1304500,37431000000,650,false,2.32
"CTS",111048,"/Date(1704687067000)/",28650,200,1304000,37417000000,600,true,2.14
"CTS",111006,"/Date(1704687024000)/",28650,1000,1303800,37411000000,600,true,2.14
"CTS",111003,"/Date(1704687021000)/",28650,100,1302800,37383000000,600,true,2.14
"CTS",110957,"/Date(1704687016000)/",28650,1800,1302700,37380000000,600,true,2.14
"CTS",110957,"/Date(1704687016000)/",28650,300,1300900,37328000000,600,true,2.14
"CTS",110937,"/Date(1704686996000)/",28650,200,1300600,37320000000,600,true,2.14
"CTS",110937,"/Date(1704686996000)/",28650,100,1300400,37314000000,600,true,2.14
"CTS",110937,"/Date(1704686996000)/",28650,100,1300300,37311000000,600,true,2.14
"CTS",110937,"/Date(1704686996000)/",28650,2300,1300200,37308000000,600,true,2.14
"CTS",110925,"/Date(1704686985000)/",28650,200,1297900,37242000000,600,true,2.14
"CTS",110922,"/Date(1704686980000)/",28650,200,1297700,37237000000,600,true,2.14
"CTS",110912,"/Date(1704686970000)/",28650,100,1297500,37231000000,600,true,2.14
"CTS",110912,"/Date(1704686970000)/",28650,900,1297400,37228000000,600,true,2.14
"CTS",110711,"/Date(1704686849000)/",28700,300,1296500,37202000000,650,false,2.32
"CTS",110701,"/Date(1704686841000)/",28650,1400,1296200,37194000000,600,true,2.14
"CTS",110701,"/Date(1704686841000)/",28650,300,1294800,37154000000,600,true,2.14
"CTS",110629,"/Date(1704686808000)/",28650,100,1294500,37145000000,600,true,2.14
"CTS",110620,"/Date(1704686799000)/",28650,200,1294400,37142000000,600,false,2.14
"CTS",110620,"/Date(1704686799000)/",28650,200,1294200,37136000000,600,false,2.14
"CTS",110620,"/Date(1704686799000)/",28650,200,1294000,37131000000,600,false,2.14
"CTS",110620,"/Date(1704686799000)/",28650,100,1293800,37125000000,600,false,2.14
"CTS",110620,"/Date(1704686799000)/",28650,100,1293700,37122000000,600,false,2.14
"CTS",110620,"/Date(1704686799000)/",28650,8800,1293600,37119000000,600,false,2.14
"CTS",110620,"/Date(1704686798000)/",28600,400,1284800,36867000000,550,true,1.96
"CTS",110620,"/Date(1704686798000)/",28600,100,1284400,36856000000,550,true,1.96
"CTS",110620,"/Date(1704686798000)/",28600,1000,1284300,36853000000,550,true,1.96
"CTS",110620,"/Date(1704686798000)/",28600,200,1283300,36824000000,550,true,1.96
"CTS",110620,"/Date(1704686798000)/",28600,800,1283100,36818000000,550,true,1.96
"CTS",110620,"/Date(1704686798000)/",28600,1000,1282300,36796000000,550,true,1.96
"CTS",110620,"/Date(1704686798000)/",28600,1500,1281300,36767000000,550,true,1.96
"CTS",110548,"/Date(1704686766000)/",28600,200,1279800,36724000000,550,true,1.96
"CTS",110535,"/Date(1704686752000)/",28600,300,1279600,36718000000,550,true,1.96
"CTS",110447,"/Date(1704686705000)/",28600,200,1279300,36710000000,550,true,1.96
"CTS",110421,"/Date(1704686681000)/",28600,1000,1279100,36704000000,550,true,1.96
"CTS",110343,"/Date(1704686640000)/",28600,3000,1278100,36675000000,550,true,1.96
"CTS",110314,"/Date(1704686614000)/",28600,500,1275100,36590000000,550,true,1.96
"CTS",110214,"/Date(1704686553000)/",28600,300,1274600,36575000000,550,true,1.96
"CTS",110214,"/Date(1704686553000)/",28600,200,1274300,36567000000,550,true,1.96
"CTS",110129,"/Date(1704686508000)/",28650,500,1274100,36561000000,600,false,2.14
"CTS",110119,"/Date(1704686499000)/",28600,1100,1273600,36547000000,550,true,1.96
"CTS",110107,"/Date(1704686486000)/",28600,400,1272500,36515000000,550,true,1.96
"CTS",110107,"/Date(1704686486000)/",28600,400,1272100,36504000000,550,true,1.96
"CTS",110107,"/Date(1704686486000)/",28600,500,1271700,36492000000,550,true,1.96
"CTS",105849,"/Date(1704686348000)/",28650,1000,1271200,36478000000,600,true,2.14
"CTS",105849,"/Date(1704686348000)/",28650,100,1270200,36449000000,600,true,2.14
"CTS",105849,"/Date(1704686348000)/",28650,1200,1270100,36447000000,600,true,2.14
"CTS",105849,"/Date(1704686348000)/",28650,100,1268900,36412000000,600,true,2.14
"CTS",105849,"/Date(1704686348000)/",28650,500,1268800,36409000000,600,true,2.14
"CTS",105849,"/Date(1704686348000)/",28650,500,1268300,36395000000,600,true,2.14
"CTS",105849,"/Date(1704686348000)/",28650,2000,1267800,36381000000,600,true,2.14
"CTS",105849,"/Date(1704686348000)/",28650,1000,1265800,36323000000,600,true,2.14
"CTS",105849,"/Date(1704686348000)/",28650,2900,1264800,36295000000,600,true,2.14
"CTS",105849,"/Date(1704686348000)/",28650,100,1261900,36212000000,600,true,2.14
"CTS",105849,"/Date(1704686348000)/",28650,1300,1261800,36209000000,600,true,2.14
"CTS",105827,"/Date(1704686326000)/",28650,200,1260500,36171000000,600,true,2.14
"CTS",105727,"/Date(1704686266000)/",28650,3500,1260300,36166000000,600,true,2.14
"CTS",105727,"/Date(1704686266000)/",28650,5000,1256800,36065000000,600,true,2.14
"CTS",105727,"/Date(1704686266000)/",28650,100,1251800,35922000000,600,true,2.14
"CTS",105727,"/Date(1704686266000)/",28650,1000,1251700,35919000000,600,true,2.14
"CTS",105727,"/Date(1704686266000)/",28650,400,1250700,35891000000,600,true,2.14
"CTS",105714,"/Date(1704686252000)/",28700,100,1250300,35879000000,650,false,2.32
"CTS",105639,"/Date(1704686219000)/",28700,100,1250200,35876000000,650,false,2.32
"CTS",105538,"/Date(1704686156000)/",28700,2500,1250100,35874000000,650,true,2.32
"CTS",105538,"/Date(1704686156000)/",28700,300,1247600,35802000000,650,true,2.32
"CTS",105538,"/Date(1704686156000)/",28700,200,1247300,35793000000,650,true,2.32
"CTS",105535,"/Date(1704686153000)/",28700,900,1247100,35787000000,650,true,2.32
"CTS",105535,"/Date(1704686153000)/",28700,1000,1246200,35762000000,650,true,2.32
"CTS",105535,"/Date(1704686153000)/",28700,1000,1245200,35733000000,650,true,2.32
"CTS",105535,"/Date(1704686153000)/",28700,1000,1244200,35704000000,650,true,2.32
"CTS",105535,"/Date(1704686153000)/",28700,1100,1243200,35675000000,650,true,2.32
"CTS",105506,"/Date(1704686124000)/",28700,100,1242100,35644000000,650,true,2.32
"CTS",105506,"/Date(1704686124000)/",28700,1000,1242000,35641000000,650,true,2.32
"CTS",105500,"/Date(1704686119000)/",28700,200,1241000,35612000000,650,true,2.32
"CTS",105457,"/Date(1704686114000)/",28700,500,1240800,35607000000,650,true,2.32
"CTS",105450,"/Date(1704686110000)/",28700,2000,1240300,35592000000,650,true,2.32
"CTS",105447,"/Date(1704686106000)/",28700,1000,1238300,35535000000,650,true,2.32
"CTS",105444,"/Date(1704686104000)/",28700,4100,1237300,35506000000,650,true,2.32
"CTS",105444,"/Date(1704686104000)/",28700,900,1233200,35388000000,650,true,2.32
"CTS",105441,"/Date(1704686101000)/",28700,100,1232300,35363000000,650,true,2.32
"CTS",105441,"/Date(1704686101000)/",28700,400,1232200,35360000000,650,true,2.32
"CTS",105438,"/Date(1704686095000)/",28700,100,1231800,35348000000,650,true,2.32
"CTS",105438,"/Date(1704686095000)/",28700,10400,1231700,35345000000,650,true,2.32
"CTS",105418,"/Date(1704686078000)/",28700,200,1221300,35047000000,650,true,2.32
"CTS",105406,"/Date(1704686065000)/",28700,9400,1221100,35041000000,650,true,2.32
"CTS",105406,"/Date(1704686065000)/",28700,600,1211700,34771000000,650,true,2.32
"CTS",105346,"/Date(1704686044000)/",28700,400,1211100,34754000000,650,true,2.32
"CTS",105346,"/Date(1704686044000)/",28700,1500,1210700,34743000000,650,true,2.32
"CTS",105343,"/Date(1704686041000)/",28700,3500,1209200,34700000000,650,true,2.32
"CTS",105343,"/Date(1704686041000)/",28700,1500,1205700,34599000000,650,true,2.32
"CTS",105340,"/Date(1704686040000)/",28700,3500,1204200,34556000000,650,true,2.32
"CTS",105340,"/Date(1704686040000)/",28700,100,1200700,34456000000,650,true,2.32
"CTS",105340,"/Date(1704686040000)/",28700,100,1200600,34453000000,650,true,2.32
"CTS",105340,"/Date(1704686040000)/",28700,1300,1200500,34450000000,650,true,2.32
"CTS",105340,"/Date(1704686037000)/",28700,2300,1199200,34413000000,650,true,2.32
"CTS",105334,"/Date(1704686032000)/",28700,100,1196900,34347000000,650,true,2.32
"CTS",105246,"/Date(1704685986000)/",28700,1800,1196800,34344000000,650,true,2.32
"CTS",105243,"/Date(1704685981000)/",28700,600,1195000,34292000000,650,true,2.32
"CTS",105243,"/Date(1704685981000)/",28700,3000,1194400,34275000000,650,true,2.32
"CTS",105243,"/Date(1704685981000)/",28700,5000,1191400,34189000000,650,true,2.32
"CTS",105243,"/Date(1704685981000)/",28700,300,1186400,34045000000,650,true,2.32
"CTS",105243,"/Date(1704685981000)/",28700,1600,1186100,34037000000,650,true,2.32
"CTS",105236,"/Date(1704685975000)/",28700,500,1184500,33991000000,650,true,2.32
"CTS",105201,"/Date(1704685939000)/",28700,5000,1184000,33976000000,650,true,2.32
"CTS",105113,"/Date(1704685893000)/",28750,500,1179000,33833000000,700,true,2.5
"CTS",105104,"/Date(1704685881000)/",28750,300,1178500,33819000000,700,true,2.5
"CTS",105032,"/Date(1704685851000)/",28750,200,1178200,33810000000,700,true,2.5
"CTS",105032,"/Date(1704685851000)/",28750,200,1178000,33804000000,700,true,2.5
"CTS",105019,"/Date(1704685839000)/",28750,100,1177800,33798000000,700,true,2.5
"CTS",105016,"/Date(1704685834000)/",28750,300,1177700,33796000000,700,true,2.5
"CTS",104909,"/Date(1704685769000)/",28750,200,1177400,33787000000,700,true,2.5
"CTS",104909,"/Date(1704685768000)/",28750,1700,1177200,33781000000,700,true,2.5
"CTS",104909,"/Date(1704685768000)/",28750,3300,1175500,33732000000,700,true,2.5
"CTS",104843,"/Date(1704685743000)/",28750,1700,1172200,33637000000,700,true,2.5
"CTS",104843,"/Date(1704685743000)/",28750,300,1170500,33589000000,700,true,2.5
"CTS",104821,"/Date(1704685719000)/",28750,100,1170200,33580000000,700,true,2.5
"CTS",104821,"/Date(1704685719000)/",28750,100,1170100,33577000000,700,true,2.5
"CTS",104815,"/Date(1704685713000)/",28750,100,1170000,33574000000,700,false,2.5
"CTS",104815,"/Date(1704685713000)/",28750,1000,1169900,33571000000,700,false,2.5
"CTS",104815,"/Date(1704685713000)/",28750,1000,1168900,33543000000,700,false,2.5
"CTS",104815,"/Date(1704685713000)/",28750,500,1167900,33514000000,700,false,2.5
"CTS",104815,"/Date(1704685713000)/",28750,400,1167400,33499000000,700,false,2.5
"CTS",104815,"/Date(1704685712000)/",28750,200,1167000,33488000000,700,false,2.5
"CTS",104701,"/Date(1704685641000)/",28750,100,1166800,33482000000,700,true,2.5
"CTS",104636,"/Date(1704685616000)/",28750,100,1166700,33479000000,700,false,2.5
"CTS",104636,"/Date(1704685616000)/",28750,200,1166600,33476000000,700,false,2.5
"CTS",104633,"/Date(1704685610000)/",28750,500,1166400,33471000000,700,false,2.5
"CTS",104633,"/Date(1704685610000)/",28750,100,1165900,33456000000,700,false,2.5
"CTS",104633,"/Date(1704685610000)/",28750,100,1165800,33453000000,700,false,2.5
"CTS",104548,"/Date(1704685565000)/",28750,100,1165700,33451000000,700,false,2.5
"CTS",104506,"/Date(1704685524000)/",28750,300,1165600,33448000000,700,true,2.5
"CTS",104447,"/Date(1704685507000)/",28750,1700,1165300,33439000000,700,true,2.5
"CTS",104447,"/Date(1704685507000)/",28750,200,1163600,33390000000,700,true,2.5
"CTS",104447,"/Date(1704685507000)/",28750,100,1163400,33384000000,700,true,2.5
"CTS",104438,"/Date(1704685497000)/",28750,100,1163300,33382000000,700,true,2.5
"CTS",104438,"/Date(1704685496000)/",28750,200,1163200,33379000000,700,true,2.5
"CTS",104356,"/Date(1704685456000)/",28750,500,1163000,33373000000,700,true,2.5
"CTS",104353,"/Date(1704685453000)/",28750,4100,1162500,33359000000,700,true,2.5
"CTS",104353,"/Date(1704685453000)/",28750,1000,1158400,33241000000,700,true,2.5
"CTS",104353,"/Date(1704685453000)/",28750,500,1157400,33212000000,700,true,2.5
"CTS",104353,"/Date(1704685453000)/",28750,9400,1156900,33198000000,700,true,2.5
"CTS",104318,"/Date(1704685416000)/",28750,5400,1147500,32927000000,700,true,2.5
"CTS",104311,"/Date(1704685410000)/",28750,100,1142100,32772000000,700,true,2.5
"CTS",104259,"/Date(1704685399000)/",28750,5000,1142000,32769000000,700,true,2.5
"CTS",104236,"/Date(1704685374000)/",28750,100,1137000,32625000000,700,true,2.5
"CTS",104155,"/Date(1704685332000)/",28750,200,1136900,32623000000,700,true,2.5
"CTS",104149,"/Date(1704685327000)/",28750,100,1136700,32617000000,700,true,2.5
"CTS",104110,"/Date(1704685289000)/",28750,100,1136600,32614000000,700,false,2.5
"CTS",104038,"/Date(1704685256000)/",28750,900,1136500,32611000000,700,false,2.5
"CTS",104038,"/Date(1704685256000)/",28750,100,1135600,32585000000,700,false,2.5
"CTS",104016,"/Date(1704685236000)/",28750,100,1135500,32582000000,700,false,2.5
"CTS",104016,"/Date(1704685236000)/",28750,100,1135400,32579000000,700,false,2.5
"CTS",104016,"/Date(1704685236000)/",28750,200,1135300,32577000000,700,false,2.5
"CTS",104000,"/Date(1704685220000)/",28700,400,1135100,32571000000,650,true,2.32
"CTS",104000,"/Date(1704685219000)/",28750,100,1134700,32559000000,700,false,2.5
"CTS",103957,"/Date(1704685215000)/",28750,100,1134600,32556000000,700,false,2.5
"CTS",103912,"/Date(1704685172000)/",28750,100,1134500,32554000000,700,false,2.5
"CTS",103912,"/Date(1704685172000)/",28750,400,1134400,32551000000,700,false,2.5
"CTS",103853,"/Date(1704685153000)/",28750,100,1134000,32539000000,700,true,2.5
"CTS",103834,"/Date(1704685132000)/",28750,500,1133900,32536000000,700,true,2.5
"CTS",103827,"/Date(1704685127000)/",28750,200,1133400,32522000000,700,true,2.5
"CTS",103821,"/Date(1704685121000)/",28750,700,1133200,32516000000,700,true,2.5
"CTS",103821,"/Date(1704685121000)/",28750,300,1132500,32496000000,700,true,2.5
"CTS",103815,"/Date(1704685113000)/",28750,800,1132200,32487000000,700,true,2.5
"CTS",103812,"/Date(1704685109000)/",28750,900,1131400,32464000000,700,true,2.5
"CTS",103752,"/Date(1704685091000)/",28750,2000,1130500,32439000000,700,false,2.5
"CTS",103730,"/Date(1704685067000)/",28700,2500,1128500,32381000000,650,true,2.32
"CTS",103730,"/Date(1704685067000)/",28700,2500,1126000,32309000000,650,true,2.32
"CTS",103720,"/Date(1704685058000)/",28700,200,1123500,32238000000,650,true,2.32
"CTS",103522,"/Date(1704684941000)/",28700,400,1123300,32232000000,650,true,2.32
"CTS",103506,"/Date(1704684923000)/",28700,900,1122900,32220000000,650,true,2.32
"CTS",103506,"/Date(1704684923000)/",28700,100,1122000,32195000000,650,true,2.32
"CTS",103500,"/Date(1704684919000)/",28750,1200,1121900,32192000000,700,true,2.5
"CTS",103500,"/Date(1704684919000)/",28750,100,1120700,32157000000,700,true,2.5
"CTS",103500,"/Date(1704684919000)/",28750,800,1120600,32154000000,700,true,2.5
"CTS",103500,"/Date(1704684919000)/",28750,900,1119800,32131000000,700,true,2.5
"CTS",103447,"/Date(1704684905000)/",28750,100,1118900,32105000000,700,true,2.5
"CTS",103447,"/Date(1704684905000)/",28750,1000,1118800,32103000000,700,true,2.5
"CTS",103447,"/Date(1704684905000)/",28750,1000,1117800,32074000000,700,true,2.5
"CTS",103447,"/Date(1704684905000)/",28750,2000,1116800,32045000000,700,true,2.5
"CTS",103447,"/Date(1704684905000)/",28750,100,1114800,31988000000,700,true,2.5
"CTS",103447,"/Date(1704684905000)/",28750,500,1114700,31985000000,700,true,2.5
"CTS",103246,"/Date(1704684785000)/",28800,100,1114200,31970000000,750,false,2.67
"CTS",103243,"/Date(1704684782000)/",28800,3000,1114100,31967000000,750,true,2.67
"CTS",103243,"/Date(1704684782000)/",28800,900,1111100,31881000000,750,true,2.67
"CTS",103243,"/Date(1704684782000)/",28800,700,1110200,31855000000,750,true,2.67
"CTS",103243,"/Date(1704684782000)/",28800,600,1109500,31835000000,750,true,2.67
"CTS",103223,"/Date(1704684763000)/",28800,400,1108900,31818000000,750,true,2.67
"CTS",103223,"/Date(1704684763000)/",28800,600,1108500,31806000000,750,true,2.67
"CTS",103220,"/Date(1704684758000)/",28800,2000,1107900,31789000000,750,true,2.67
"CTS",103154,"/Date(1704684732000)/",28800,1000,1105900,31731000000,750,true,2.67
"CTS",103148,"/Date(1704684726000)/",28850,1000,1104900,31702000000,800,false,2.85
"CTS",103129,"/Date(1704684709000)/",28850,300,1103900,31674000000,800,false,2.85
"CTS",103129,"/Date(1704684707000)/",28850,1000,1103600,31665000000,800,false,2.85
"CTS",103116,"/Date(1704684696000)/",28800,3000,1102600,31636000000,750,true,2.67
"CTS",103107,"/Date(1704684686000)/",28850,1000,1099600,31550000000,800,false,2.85
"CTS",103038,"/Date(1704684657000)/",28850,400,1098600,31521000000,800,false,2.85
"CTS",103038,"/Date(1704684657000)/",28850,1000,1098200,31509000000,800,false,2.85
"CTS",103038,"/Date(1704684657000)/",28850,400,1097200,31480000000,800,false,2.85
"CTS",103038,"/Date(1704684657000)/",28850,300,1096800,31469000000,800,false,2.85
"CTS",103038,"/Date(1704684657000)/",28850,400,1096500,31460000000,800,false,2.85
"CTS",102940,"/Date(1704684600000)/",28800,100,1096100,31449000000,750,true,2.67
"CTS",102934,"/Date(1704684594000)/",28800,100,1096000,31446000000,750,true,2.67
"CTS",102924,"/Date(1704684582000)/",28800,1500,1095900,31443000000,750,true,2.67
"CTS",102824,"/Date(1704684524000)/",28800,1200,1094400,31400000000,750,true,2.67
"CTS",102824,"/Date(1704684524000)/",28800,300,1093200,31365000000,750,true,2.67
"CTS",102808,"/Date(1704684508000)/",28800,200,1092900,31357000000,750,true,2.67
"CTS",102808,"/Date(1704684508000)/",28800,100,1092700,31351000000,750,true,2.67
"CTS",102802,"/Date(1704684502000)/",28800,500,1092600,31348000000,750,true,2.67
"CTS",102736,"/Date(1704684476000)/",28800,300,1092100,31334000000,750,true,2.67
"CTS",102736,"/Date(1704684476000)/",28800,200,1091800,31325000000,750,true,2.67
"CTS",102736,"/Date(1704684476000)/",28800,100,1091600,31319000000,750,true,2.67
"CTS",102736,"/Date(1704684476000)/",28800,400,1091500,31316000000,750,true,2.67
"CTS",102713,"/Date(1704684452000)/",28850,2500,1091100,31305000000,800,false,2.85
"CTS",102701,"/Date(1704684439000)/",28800,100,1088600,31233000000,750,true,2.67
"CTS",102701,"/Date(1704684439000)/",28800,200,1088500,31230000000,750,true,2.67
"CTS",102626,"/Date(1704684405000)/",28850,4100,1088300,31224000000,800,false,2.85
"CTS",102626,"/Date(1704684405000)/",28850,100,1084200,31106000000,800,false,2.85
"CTS",102626,"/Date(1704684405000)/",28850,200,1084100,31103000000,800,false,2.85
"CTS",102626,"/Date(1704684405000)/",28850,1500,1083900,31097000000,800,false,2.85
"CTS",102626,"/Date(1704684405000)/",28850,1100,1082400,31054000000,800,false,2.85
"CTS",102550,"/Date(1704684368000)/",28850,2700,1081300,31022000000,800,false,2.85
"CTS",102550,"/Date(1704684368000)/",28850,500,1078600,30944000000,800,false,2.85
"CTS",102550,"/Date(1704684368000)/",28850,200,1078100,30930000000,800,false,2.85
"CTS",102550,"/Date(1704684368000)/",28850,200,1077900,30924000000,800,false,2.85
"CTS",102550,"/Date(1704684368000)/",28850,300,1077700,30918000000,800,false,2.85
"CTS",102550,"/Date(1704684368000)/",28850,500,1077400,30909000000,800,false,2.85
"CTS",102547,"/Date(1704684367000)/",28850,1000,1076900,30895000000,800,false,2.85
"CTS",102547,"/Date(1704684367000)/",28850,2000,1075900,30866000000,800,false,2.85
"CTS",102547,"/Date(1704684367000)/",28850,1200,1073900,30809000000,800,false,2.85
"CTS",102547,"/Date(1704684366000)/",28850,1000,1072700,30774000000,800,false,2.85
"CTS",102538,"/Date(1704684357000)/",28850,300,1071700,30745000000,800,false,2.85
"CTS",102534,"/Date(1704684355000)/",28850,500,1071400,30736000000,800,false,2.85
"CTS",102534,"/Date(1704684352000)/",28850,2000,1070900,30722000000,800,false,2.85
"CTS",102525,"/Date(1704684343000)/",28800,500,1068900,30664000000,750,true,2.67
"CTS",102522,"/Date(1704684341000)/",28850,1000,1068400,30650000000,800,false,2.85
"CTS",102522,"/Date(1704684341000)/",28850,3100,1067400,30621000000,800,false,2.85
"CTS",102522,"/Date(1704684340000)/",28850,1000,1064300,30532000000,800,false,2.85
"CTS",102506,"/Date(1704684326000)/",28850,5900,1063300,30503000000,800,false,2.85
"CTS",102506,"/Date(1704684326000)/",28850,100,1057400,30333000000,800,false,2.85
"CTS",102450,"/Date(1704684309000)/",28850,9900,1057300,30330000000,800,false,2.85
"CTS",102450,"/Date(1704684309000)/",28850,3000,1047400,30044000000,800,false,2.85
"CTS",102450,"/Date(1704684309000)/",28850,7100,1044400,29957000000,800,false,2.85
"CTS",102314,"/Date(1704684214000)/",28850,500,1037300,29753000000,800,false,2.85
"CTS",102311,"/Date(1704684211000)/",28800,7200,1036800,29738000000,750,true,2.67
"CTS",102311,"/Date(1704684211000)/",28800,1000,1029600,29531000000,750,true,2.67
"CTS",102311,"/Date(1704684211000)/",28800,1000,1028600,29502000000,750,true,2.67
"CTS",102311,"/Date(1704684211000)/",28800,800,1027600,29473000000,750,true,2.67
"CTS",102255,"/Date(1704684194000)/",28850,2400,1026800,29450000000,800,false,2.85
"CTS",102255,"/Date(1704684194000)/",28850,2700,1024400,29381000000,800,false,2.85
"CTS",102233,"/Date(1704684172000)/",28850,500,1021700,29303000000,800,false,2.85
"CTS",102230,"/Date(1704684169000)/",28850,1000,1021200,29289000000,800,false,2.85
"CTS",102223,"/Date(1704684162000)/",28850,800,1020200,29260000000,800,false,2.85
"CTS",102223,"/Date(1704684162000)/",28850,100,1019400,29237000000,800,false,2.85
"CTS",102223,"/Date(1704684162000)/",28850,100,1019300,29234000000,800,false,2.85
"CTS",102223,"/Date(1704684162000)/",28850,700,1019200,29231000000,800,false,2.85
"CTS",102220,"/Date(1704684160000)/",28850,1400,1018500,29211000000,800,false,2.85
"CTS",102220,"/Date(1704684160000)/",28850,600,1017100,29170000000,800,false,2.85
"CTS",102201,"/Date(1704684138000)/",28850,1000,1016500,29153000000,800,false,2.85
"CTS",102158,"/Date(1704684137000)/",28850,2000,1015500,29124000000,800,false,2.85
"CTS",102148,"/Date(1704684128000)/",28850,100,1013500,29067000000,800,false,2.85
"CTS",102148,"/Date(1704684128000)/",28850,1300,1013400,29064000000,800,false,2.85
"CTS",102148,"/Date(1704684126000)/",28850,200,1012100,29026000000,800,false,2.85
"CTS",102132,"/Date(1704684112000)/",28850,100,1011900,29020000000,800,false,2.85
"CTS",102129,"/Date(1704684106000)/",28850,3000,1011800,29017000000,800,true,2.85
"CTS",102129,"/Date(1704684106000)/",28850,500,1008800,28931000000,800,true,2.85
"CTS",102129,"/Date(1704684106000)/",28850,1000,1008300,28916000000,800,true,2.85
"CTS",102129,"/Date(1704684106000)/",28850,200,1007300,28888000000,800,true,2.85
"CTS",102113,"/Date(1704684091000)/",28900,1000,1007100,28882000000,850,false,3.03
"CTS",102103,"/Date(1704684081000)/",28850,1000,1006100,28853000000,800,true,2.85
"CTS",102054,"/Date(1704684073000)/",28850,800,1005100,28824000000,800,true,2.85
"CTS",102054,"/Date(1704684073000)/",28850,2200,1004300,28801000000,800,true,2.85
"CTS",102054,"/Date(1704684071000)/",28850,100,1002100,28738000000,800,true,2.85
"CTS",102051,"/Date(1704684070000)/",28850,5000,1002000,28735000000,800,true,2.85
"CTS",102038,"/Date(1704684058000)/",28850,100,997000,28590000000,800,true,2.85
"CTS",102025,"/Date(1704684045000)/",28850,300,996900,28588000000,800,true,2.85
"CTS",101950,"/Date(1704684008000)/",28850,1000,996600,28579000000,800,false,2.85
"CTS",101950,"/Date(1704684008000)/",28850,3000,995600,28550000000,800,false,2.85
"CTS",101950,"/Date(1704684008000)/",28850,200,992600,28463000000,800,false,2.85
"CTS",101950,"/Date(1704684008000)/",28850,3000,992400,28458000000,800,false,2.85
"CTS",101950,"/Date(1704684008000)/",28850,4000,989400,28371000000,800,false,2.85
"CTS",101950,"/Date(1704684008000)/",28850,1100,985400,28256000000,800,false,2.85
"CTS",101944,"/Date(1704684002000)/",28850,900,984300,28224000000,800,false,2.85
"CTS",101944,"/Date(1704684002000)/",28850,600,983400,28198000000,800,false,2.85
"CTS",101940,"/Date(1704683999000)/",28800,7600,982800,28181000000,750,true,2.67
"CTS",101940,"/Date(1704683999000)/",28800,1000,975200,27962000000,750,true,2.67
"CTS",101940,"/Date(1704683999000)/",28800,1500,974200,27933000000,750,true,2.67
"CTS",101940,"/Date(1704683999000)/",28800,10100,972700,27890000000,750,true,2.67
"CTS",101940,"/Date(1704683999000)/",28800,5500,962600,27599000000,750,true,2.67
"CTS",101937,"/Date(1704683996000)/",28850,400,957100,27441000000,800,false,2.85
"CTS",101937,"/Date(1704683996000)/",28850,5000,956700,27429000000,800,false,2.85
"CTS",101937,"/Date(1704683996000)/",28850,100,951700,27285000000,800,false,2.85
"CTS",101937,"/Date(1704683996000)/",28850,300,951600,27282000000,800,false,2.85
"CTS",101937,"/Date(1704683996000)/",28850,2000,951300,27273000000,800,false,2.85
"CTS",101937,"/Date(1704683996000)/",28850,300,949300,27216000000,800,false,2.85
"CTS",101937,"/Date(1704683996000)/",28850,600,949000,27207000000,800,false,2.85
"CTS",101937,"/Date(1704683996000)/",28850,1000,948400,27190000000,800,false,2.85
"CTS",101937,"/Date(1704683996000)/",28850,100,947400,27161000000,800,false,2.85
"CTS",101937,"/Date(1704683996000)/",28850,2300,947300,27158000000,800,false,2.85
"CTS",101937,"/Date(1704683995000)/",28850,4700,945000,27092000000,800,false,2.85
"CTS",101937,"/Date(1704683995000)/",28850,200,940300,26956000000,800,false,2.85
"CTS",101937,"/Date(1704683995000)/",28850,3000,940100,26950000000,800,false,2.85
"CTS",101937,"/Date(1704683995000)/",28850,200,937100,26864000000,800,false,2.85
"CTS",101937,"/Date(1704683995000)/",28850,100,936900,26858000000,800,false,2.85
"CTS",101937,"/Date(1704683995000)/",28850,500,936800,26855000000,800,false,2.85
"CTS",101937,"/Date(1704683995000)/",28850,2000,936300,26841000000,800,false,2.85
"CTS",101912,"/Date(1704683969000)/",28850,4100,934300,26783000000,800,false,2.85
"CTS",101859,"/Date(1704683958000)/",28850,1400,930200,26665000000,800,false,2.85
"CTS",101859,"/Date(1704683958000)/",28850,100,928800,26624000000,800,false,2.85
"CTS",101853,"/Date(1704683952000)/",28800,200,928700,26621000000,750,false,2.67
"CTS",101853,"/Date(1704683952000)/",28800,800,928500,26615000000,750,false,2.67
"CTS",101853,"/Date(1704683950000)/",28800,4200,927700,26592000000,750,false,2.67
"CTS",101853,"/Date(1704683950000)/",28800,300,923500,26471000000,750,false,2.67
"CTS",101853,"/Date(1704683950000)/",28800,200,923200,26463000000,750,false,2.67
"CTS",101853,"/Date(1704683950000)/",28800,200,923000,26457000000,750,false,2.67
"CTS",101853,"/Date(1704683950000)/",28800,5000,922800,26451000000,750,false,2.67
"CTS",101853,"/Date(1704683950000)/",28800,500,917800,26307000000,750,false,2.67
"CTS",101853,"/Date(1704683950000)/",28800,3000,917300,26293000000,750,false,2.67
"CTS",101853,"/Date(1704683950000)/",28800,2700,914300,26207000000,750,false,2.67
"CTS",101853,"/Date(1704683950000)/",28800,2700,911600,26129000000,750,false,2.67
"CTS",101853,"/Date(1704683950000)/",28800,11000,908900,26051000000,750,false,2.67
"CTS",101853,"/Date(1704683950000)/",28800,500,897900,25734000000,750,false,2.67
"CTS",101853,"/Date(1704683950000)/",28800,3000,897400,25720000000,750,false,2.67
"CTS",101853,"/Date(1704683950000)/",28800,300,894400,25633000000,750,false,2.67
"CTS",101853,"/Date(1704683950000)/",28800,100,894100,25625000000,750,false,2.67
"CTS",101853,"/Date(1704683950000)/",28800,2000,894000,25622000000,750,false,2.67
"CTS",101853,"/Date(1704683950000)/",28800,200,892000,25564000000,750,false,2.67
"CTS",101853,"/Date(1704683950000)/",28800,1000,891800,25559000000,750,false,2.67
"CTS",101853,"/Date(1704683950000)/",28800,3100,890800,25530000000,750,false,2.67
"CTS",101834,"/Date(1704683931000)/",28800,1400,887700,25440000000,750,false,2.67
"CTS",101755,"/Date(1704683895000)/",28800,500,886300,25400000000,750,false,2.67
"CTS",101755,"/Date(1704683895000)/",28800,100,885800,25386000000,750,false,2.67
"CTS",101755,"/Date(1704683895000)/",28800,500,885700,25383000000,750,false,2.67
"CTS",101755,"/Date(1704683895000)/",28800,100,885200,25368000000,750,false,2.67
"CTS",101755,"/Date(1704683895000)/",28800,200,885100,25366000000,750,false,2.67
"CTS",101755,"/Date(1704683893000)/",28800,300,884900,25360000000,750,false,2.67
"CTS",101755,"/Date(1704683893000)/",28800,200,884600,25351000000,750,false,2.67
"CTS",101755,"/Date(1704683893000)/",28800,500,884400,25345000000,750,false,2.67
"CTS",101739,"/Date(1704683878000)/",28800,500,883900,25331000000,750,false,2.67
"CTS",101723,"/Date(1704683862000)/",28750,1000,883400,25317000000,700,true,2.5
"CTS",101723,"/Date(1704683862000)/",28750,1000,882400,25288000000,700,true,2.5
"CTS",101723,"/Date(1704683862000)/",28800,900,881400,25259000000,750,false,2.67
"CTS",101723,"/Date(1704683862000)/",28800,500,880500,25233000000,750,false,2.67
"CTS",101723,"/Date(1704683858000)/",28750,700,880000,25219000000,700,true,2.5
"CTS",101723,"/Date(1704683853000)/",28800,400,879300,25199000000,750,false,2.67
"CTS",101710,"/Date(1704683849000)/",28800,1100,878900,25187000000,750,false,2.67
"CTS",101710,"/Date(1704683849000)/",28800,500,877800,25155000000,750,false,2.67
"CTS",101710,"/Date(1704683849000)/",28800,500,877300,25141000000,750,false,2.67
"CTS",101710,"/Date(1704683849000)/",28800,5000,876800,25127000000,750,false,2.67
"CTS",101710,"/Date(1704683849000)/",28800,800,871800,24983000000,750,false,2.67
"CTS",101710,"/Date(1704683849000)/",28800,100,871000,24960000000,750,false,2.67
"CTS",101710,"/Date(1704683849000)/",28800,4100,870900,24957000000,750,false,2.67
"CTS",101710,"/Date(1704683848000)/",28800,500,866800,24839000000,750,false,2.67
"CTS",101648,"/Date(1704683828000)/",28800,2400,866300,24824000000,750,false,2.67
"CTS",101648,"/Date(1704683828000)/",28800,400,863900,24755000000,750,false,2.67
"CTS",101648,"/Date(1704683828000)/",28800,1300,863500,24744000000,750,false,2.67
"CTS",101648,"/Date(1704683828000)/",28750,500,862200,24706000000,700,true,2.5
"CTS",101648,"/Date(1704683827000)/",28800,1000,861700,24692000000,750,false,2.67
"CTS",101638,"/Date(1704683816000)/",28800,4100,860700,24663000000,750,false,2.67
"CTS",101635,"/Date(1704683815000)/",28800,1400,856600,24545000000,750,false,2.67
"CTS",101616,"/Date(1704683795000)/",28750,700,855200,24505000000,700,true,2.5
"CTS",101616,"/Date(1704683793000)/",28800,100,854500,24484000000,750,false,2.67
"CTS",101557,"/Date(1704683774000)/",28800,1400,854400,24482000000,750,false,2.67
"CTS",101544,"/Date(1704683762000)/",28800,700,853000,24441000000,750,false,2.67
"CTS",101544,"/Date(1704683762000)/",28800,300,852300,24421000000,750,false,2.67
"CTS",101538,"/Date(1704683756000)/",28750,100,852000,24412000000,700,true,2.5
"CTS",101538,"/Date(1704683756000)/",28750,300,851900,24410000000,700,true,2.5
"CTS",101538,"/Date(1704683756000)/",28750,500,851600,24401000000,700,true,2.5
"CTS",101538,"/Date(1704683756000)/",28750,500,851100,24387000000,700,true,2.5
"CTS",101522,"/Date(1704683741000)/",28800,2700,850600,24372000000,750,false,2.67
"CTS",101522,"/Date(1704683741000)/",28800,500,847900,24294000000,750,false,2.67
"CTS",101522,"/Date(1704683741000)/",28800,400,847400,24280000000,750,false,2.67
"CTS",101522,"/Date(1704683740000)/",28800,600,847000,24269000000,750,false,2.67
"CTS",101522,"/Date(1704683740000)/",28800,500,846400,24251000000,750,false,2.67
"CTS",101522,"/Date(1704683740000)/",28800,300,845900,24237000000,750,false,2.67
"CTS",101518,"/Date(1704683736000)/",28800,700,845600,24228000000,750,false,2.67
"CTS",101518,"/Date(1704683736000)/",28800,300,844900,24208000000,750,false,2.67
"CTS",101515,"/Date(1704683732000)/",28750,100,844600,24199000000,700,true,2.5
"CTS",101515,"/Date(1704683732000)/",28750,100,844500,24197000000,700,true,2.5
"CTS",101515,"/Date(1704683732000)/",28750,100,844400,24194000000,700,true,2.5
"CTS",101515,"/Date(1704683732000)/",28750,100,844300,24191000000,700,true,2.5
"CTS",101515,"/Date(1704683732000)/",28750,100,844200,24188000000,700,true,2.5
"CTS",101515,"/Date(1704683732000)/",28750,100,844100,24185000000,700,true,2.5
"CTS",101515,"/Date(1704683732000)/",28750,100,844000,24182000000,700,true,2.5
"CTS",101515,"/Date(1704683732000)/",28750,100,843900,24179000000,700,true,2.5
"CTS",101515,"/Date(1704683732000)/",28750,100,843800,24176000000,700,true,2.5
"CTS",101515,"/Date(1704683732000)/",28750,100,843700,24174000000,700,true,2.5
"CTS",101506,"/Date(1704683726000)/",28800,200,843600,24171000000,750,false,2.67
"CTS",101506,"/Date(1704683726000)/",28800,400,843400,24165000000,750,false,2.67
"CTS",101506,"/Date(1704683726000)/",28800,100,843000,24153000000,750,false,2.67
"CTS",101506,"/Date(1704683726000)/",28800,700,842900,24151000000,750,false,2.67
"CTS",101506,"/Date(1704683726000)/",28750,100,842200,24130000000,700,true,2.5
"CTS",101506,"/Date(1704683726000)/",28750,400,842100,24127000000,700,true,2.5
"CTS",101459,"/Date(1704683719000)/",28750,600,841700,24116000000,700,true,2.5
"CTS",101459,"/Date(1704683719000)/",28750,100,841100,24099000000,700,true,2.5
"CTS",101459,"/Date(1704683719000)/",28750,300,841000,24096000000,700,true,2.5
"CTS",101443,"/Date(1704683703000)/",28750,100,840700,24087000000,700,true,2.5
"CTS",101440,"/Date(1704683697000)/",28750,1100,840600,24084000000,700,true,2.5
"CTS",101434,"/Date(1704683693000)/",28750,100,839500,24053000000,700,true,2.5
"CTS",101434,"/Date(1704683692000)/",28800,1400,839400,24050000000,750,false,2.67
"CTS",101427,"/Date(1704683685000)/",28750,200,838000,24010000000,700,true,2.5
"CTS",101421,"/Date(1704683681000)/",28750,200,837800,24004000000,700,true,2.5
"CTS",101421,"/Date(1704683681000)/",28750,100,837600,23998000000,700,true,2.5
"CTS",101421,"/Date(1704683681000)/",28750,100,837500,23995000000,700,true,2.5
"CTS",101421,"/Date(1704683681000)/",28750,1200,837400,23992000000,700,true,2.5
"CTS",101421,"/Date(1704683681000)/",28750,1000,836200,23958000000,700,true,2.5
"CTS",101421,"/Date(1704683681000)/",28750,2400,835200,23929000000,700,true,2.5
"CTS",101402,"/Date(1704683659000)/",28750,500,832800,23860000000,700,true,2.5
"CTS",101352,"/Date(1704683650000)/",28800,1400,832300,23846000000,750,false,2.67
"CTS",101343,"/Date(1704683640000)/",28800,1500,830900,23805000000,750,false,2.67
"CTS",101343,"/Date(1704683640000)/",28800,500,829400,23762000000,750,false,2.67
"CTS",101336,"/Date(1704683635000)/",28800,100,828900,23748000000,750,false,2.67
"CTS",101336,"/Date(1704683635000)/",28800,100,828800,23745000000,750,false,2.67
"CTS",101320,"/Date(1704683618000)/",28800,1000,828700,23742000000,750,false,2.67
"CTS",101320,"/Date(1704683618000)/",28800,200,827700,23713000000,750,false,2.67
"CTS",101320,"/Date(1704683618000)/",28800,100,827500,23707000000,750,false,2.67
"CTS",101320,"/Date(1704683618000)/",28800,4000,827400,23705000000,750,false,2.67
"CTS",101320,"/Date(1704683618000)/",28800,1000,823400,23589000000,750,false,2.67
"CTS",101320,"/Date(1704683618000)/",28800,4400,822400,23561000000,750,false,2.67
"CTS",101320,"/Date(1704683617000)/",28800,200,818000,23434000000,750,false,2.67
"CTS",101317,"/Date(1704683615000)/",28800,1400,817800,23428000000,750,false,2.67
"CTS",101311,"/Date(1704683611000)/",28800,700,816400,23388000000,750,false,2.67
"CTS",101304,"/Date(1704683602000)/",28750,500,815700,23368000000,700,true,2.5
"CTS",101301,"/Date(1704683600000)/",28800,1000,815200,23353000000,750,false,2.67
"CTS",101301,"/Date(1704683599000)/",28800,200,814200,23324000000,750,false,2.67
"CTS",101248,"/Date(1704683586000)/",28800,600,814000,23319000000,750,false,2.67
"CTS",101236,"/Date(1704683574000)/",28800,200,813400,23301000000,750,false,2.67
"CTS",101229,"/Date(1704683569000)/",28800,1300,813200,23296000000,750,false,2.67
"CTS",101213,"/Date(1704683552000)/",28750,1200,811900,23258000000,700,true,2.5
"CTS",101213,"/Date(1704683552000)/",28750,1000,810700,23224000000,700,true,2.5
"CTS",101213,"/Date(1704683552000)/",28750,500,809700,23195000000,700,true,2.5
"CTS",101213,"/Date(1704683552000)/",28750,500,809200,23181000000,700,true,2.5
"CTS",101213,"/Date(1704683552000)/",28750,1800,808700,23166000000,700,true,2.5
"CTS",101213,"/Date(1704683551000)/",28800,3500,806900,23114000000,750,false,2.67
"CTS",101213,"/Date(1704683551000)/",28800,2000,803400,23014000000,750,false,2.67
"CTS",101213,"/Date(1704683551000)/",28800,1000,801400,22956000000,750,false,2.67
"CTS",101213,"/Date(1704683551000)/",28800,700,800400,22927000000,750,false,2.67
"CTS",101213,"/Date(1704683551000)/",28800,200,799700,22907000000,750,false,2.67
"CTS",101207,"/Date(1704683546000)/",28750,100,799500,22901000000,700,true,2.5
"CTS",101154,"/Date(1704683533000)/",28750,1000,799400,22898000000,700,true,2.5
"CTS",101138,"/Date(1704683517000)/",28750,3000,798400,22870000000,700,true,2.5
"CTS",101122,"/Date(1704683501000)/",28750,2000,795400,22783000000,700,true,2.5
"CTS",101103,"/Date(1704683483000)/",28750,200,793400,22726000000,700,true,2.5
"CTS",101056,"/Date(1704683477000)/",28750,1500,793200,22720000000,700,false,2.5
"CTS",101053,"/Date(1704683473000)/",28750,3500,791700,22677000000,700,true,2.5
"CTS",101053,"/Date(1704683472000)/",28750,3000,788200,22576000000,700,true,2.5
"CTS",101034,"/Date(1704683453000)/",28800,3100,785200,22490000000,750,false,2.67
"CTS",101034,"/Date(1704683452000)/",28750,3500,782100,22401000000,700,true,2.5
"CTS",101034,"/Date(1704683452000)/",28750,1500,778600,22300000000,700,true,2.5
"CTS",101025,"/Date(1704683444000)/",28800,1000,777100,22257000000,750,false,2.67
"CTS",101025,"/Date(1704683444000)/",28800,1400,776100,22228000000,750,false,2.67
"CTS",101025,"/Date(1704683442000)/",28750,100,774700,22188000000,700,true,2.5
"CTS",101025,"/Date(1704683442000)/",28800,3500,774600,22185000000,750,false,2.67
"CTS",101025,"/Date(1704683442000)/",28800,200,771100,22084000000,750,false,2.67
"CTS",101025,"/Date(1704683442000)/",28800,500,770900,22079000000,750,false,2.67
"CTS",101025,"/Date(1704683442000)/",28800,1000,770400,22064000000,750,false,2.67
"CTS",101025,"/Date(1704683442000)/",28800,2000,769400,22035000000,750,false,2.67
"CTS",101021,"/Date(1704683441000)/",28750,1300,767400,21978000000,700,false,2.5
"CTS",101015,"/Date(1704683434000)/",28750,700,766100,21940000000,700,false,2.5
"CTS",101015,"/Date(1704683434000)/",28750,100,765400,21920000000,700,false,2.5
"CTS",101015,"/Date(1704683434000)/",28750,1200,765300,21917000000,700,false,2.5
"CTS",101015,"/Date(1704683434000)/",28750,800,764100,21883000000,700,false,2.5
"CTS",101015,"/Date(1704683434000)/",28750,200,763300,21860000000,700,false,2.5
"CTS",101002,"/Date(1704683421000)/",28750,300,763100,21854000000,700,false,2.5
"CTS",100959,"/Date(1704683416000)/",28750,200,762800,21846000000,700,true,2.5
"CTS",100953,"/Date(1704683410000)/",28750,200,762600,21840000000,700,true,2.5
"CTS",100943,"/Date(1704683402000)/",28750,100,762400,21834000000,700,true,2.5
"CTS",100943,"/Date(1704683402000)/",28750,100,762300,21831000000,700,true,2.5
"CTS",100943,"/Date(1704683402000)/",28750,100,762200,21828000000,700,true,2.5
"CTS",100943,"/Date(1704683402000)/",28750,300,762100,21825000000,700,true,2.5
"CTS",100943,"/Date(1704683402000)/",28750,100,761800,21817000000,700,true,2.5
"CTS",100937,"/Date(1704683397000)/",28750,100,761700,21814000000,700,true,2.5
"CTS",100921,"/Date(1704683381000)/",28750,1000,761600,21811000000,700,true,2.5
"CTS",100908,"/Date(1704683367000)/",28750,100,760600,21782000000,700,true,2.5
"CTS",100902,"/Date(1704683362000)/",28750,900,760500,21779000000,700,true,2.5
"CTS",100859,"/Date(1704683359000)/",28750,800,759600,21754000000,700,true,2.5
"CTS",100859,"/Date(1704683359000)/",28750,200,758800,21731000000,700,true,2.5
"CTS",100855,"/Date(1704683353000)/",28750,2000,758600,21725000000,700,true,2.5
