"Stockcode","Package","TradingDate","Price","Vol","TotalVol","TotalVal","Change","IsBuy","PerChange"
"EVG",144442,"/Date(1704699900000)/",5550,218900,1976200,11073000000,-50,false,-0.89
"EVG",142915,"/Date(1704698974000)/",5600,1000,1757300,9858000000,0,false,0
"EVG",142808,"/Date(1704698908000)/",5600,100,1756300,9852000000,0,false,0
"EVG",142808,"/Date(1704698908000)/",5590,500,1756200,9852000000,-10,false,-0.18
"EVG",142808,"/Date(1704698908000)/",5590,1400,1755700,9849000000,-10,false,-0.18
"EVG",142758,"/Date(1704698896000)/",5570,1000,1754300,9841000000,-30,true,-0.54
"EVG",142704,"/Date(1704698842000)/",5590,18600,1753300,9836000000,-10,false,-0.18
"EVG",142704,"/Date(1704698842000)/",5590,1400,1734700,9732000000,-10,false,-0.18
"EVG",142657,"/Date(1704698837000)/",5590,8600,1733300,9724000000,-10,false,-0.18
"EVG",142657,"/Date(1704698837000)/",5580,1400,1724700,9676000000,-20,false,-0.36
"EVG",142651,"/Date(1704698830000)/",5580,600,1723300,9668000000,-20,false,-0.36
"EVG",142651,"/Date(1704698830000)/",5580,2400,1722700,9665000000,-20,false,-0.36
"EVG",142645,"/Date(1704698821000)/",5580,2000,1720300,9651000000,-20,false,-0.36
"EVG",142613,"/Date(1704698790000)/",5580,500,1718300,9640000000,-20,false,-0.36
"EVG",142600,"/Date(1704698777000)/",5580,5100,1717800,9637000000,-20,false,-0.36
"EVG",142544,"/Date(1704698761000)/",5580,20000,1712700,9609000000,-20,false,-0.36
"EVG",142544,"/Date(1704698761000)/",5580,100,1692700,9497000000,-20,false,-0.36
"EVG",142544,"/Date(1704698761000)/",5580,4800,1692600,9497000000,-20,false,-0.36
"EVG",142541,"/Date(1704698760000)/",5570,900,1687800,9470000000,-30,true,-0.54
"EVG",142541,"/Date(1704698760000)/",5570,100,1686900,9465000000,-30,true,-0.54
"EVG",142525,"/Date(1704698743000)/",5580,5000,1686800,9464000000,-20,false,-0.36
"EVG",142459,"/Date(1704698716000)/",5560,1000,1681800,9436000000,-40,true,-0.71
"EVG",142459,"/Date(1704698716000)/",5560,100,1680800,9431000000,-40,true,-0.71
"EVG",142459,"/Date(1704698716000)/",5560,1900,1680700,9430000000,-40,true,-0.71
"EVG",142459,"/Date(1704698716000)/",5560,1000,1678800,9420000000,-40,true,-0.71
"EVG",142459,"/Date(1704698716000)/",5560,1000,1677800,9414000000,-40,true,-0.71
"EVG",142459,"/Date(1704698716000)/",5560,200,1676800,9409000000,-40,true,-0.71
"EVG",142459,"/Date(1704698716000)/",5560,3600,1676600,9407000000,-40,true,-0.71
"EVG",142459,"/Date(1704698716000)/",5560,300,1673000,9387000000,-40,true,-0.71
"EVG",142459,"/Date(1704698716000)/",5560,100,1672700,9386000000,-40,true,-0.71
"EVG",142459,"/Date(1704698716000)/",5560,5000,1672600,9385000000,-40,true,-0.71
"EVG",142459,"/Date(1704698716000)/",5570,100,1667600,9357000000,-30,true,-0.54
"EVG",142459,"/Date(1704698716000)/",5570,600,1667500,9357000000,-30,true,-0.54
"EVG",142459,"/Date(1704698716000)/",5570,100,1666900,9354000000,-30,true,-0.54
"EVG",142411,"/Date(1704698670000)/",5560,5000,1666800,9353000000,-40,true,-0.71
"EVG",142411,"/Date(1704698670000)/",5560,300,1661800,9325000000,-40,true,-0.71
"EVG",142411,"/Date(1704698670000)/",5570,1000,1661500,9324000000,-30,true,-0.54
"EVG",142411,"/Date(1704698670000)/",5570,500,1660500,9318000000,-30,true,-0.54
"EVG",142411,"/Date(1704698670000)/",5570,1700,1660000,9315000000,-30,true,-0.54
"EVG",142411,"/Date(1704698670000)/",5570,500,1658300,9306000000,-30,true,-0.54
"EVG",142411,"/Date(1704698670000)/",5570,100,1657800,9303000000,-30,true,-0.54
"EVG",142411,"/Date(1704698670000)/",5570,5000,1657700,9302000000,-30,true,-0.54
"EVG",142411,"/Date(1704698670000)/",5570,100,1652700,9274000000,-30,true,-0.54
"EVG",142411,"/Date(1704698670000)/",5570,200,1652600,9274000000,-30,true,-0.54
"EVG",142411,"/Date(1704698670000)/",5570,100,1652400,9273000000,-30,true,-0.54
"EVG",142411,"/Date(1704698670000)/",5570,500,1652300,9272000000,-30,true,-0.54
"EVG",142133,"/Date(1704698513000)/",5580,200,1651800,9269000000,-20,false,-0.36
"EVG",142133,"/Date(1704698513000)/",5580,100,1651600,9268000000,-20,false,-0.36
"EVG",142101,"/Date(1704698480000)/",5570,3000,1651500,9268000000,-30,true,-0.54
"EVG",142101,"/Date(1704698480000)/",5570,100,1648500,9251000000,-30,true,-0.54
"EVG",142013,"/Date(1704698431000)/",5580,3800,1648400,9251000000,-20,true,-0.36
"EVG",142007,"/Date(1704698424000)/",5580,100,1644600,9229000000,-20,true,-0.36
"EVG",142007,"/Date(1704698424000)/",5580,200,1644500,9229000000,-20,true,-0.36
"EVG",141932,"/Date(1704698390000)/",5590,4000,1644300,9228000000,-10,false,-0.18
"EVG",141853,"/Date(1704698352000)/",5580,9800,1640300,9205000000,-20,true,-0.36
"EVG",141812,"/Date(1704698309000)/",5580,200,1630500,9151000000,-20,true,-0.36
"EVG",141743,"/Date(1704698282000)/",5580,200,1630300,9150000000,-20,true,-0.36
"EVG",141743,"/Date(1704698282000)/",5580,1600,1630100,9148000000,-20,true,-0.36
"EVG",141730,"/Date(1704698268000)/",5580,100,1628500,9139000000,-20,false,-0.36
"EVG",141717,"/Date(1704698257000)/",5580,300,1628400,9139000000,-20,false,-0.36
"EVG",141600,"/Date(1704698179000)/",5560,1700,1628100,9137000000,-40,true,-0.71
"EVG",141600,"/Date(1704698179000)/",5560,5000,1626400,9128000000,-40,true,-0.71
"EVG",141600,"/Date(1704698179000)/",5560,500,1621400,9100000000,-40,true,-0.71
"EVG",141600,"/Date(1704698179000)/",5560,500,1620900,9097000000,-40,true,-0.71
"EVG",141600,"/Date(1704698179000)/",5560,100,1620400,9094000000,-40,true,-0.71
"EVG",141600,"/Date(1704698179000)/",5560,100,1620300,9094000000,-40,true,-0.71
"EVG",141600,"/Date(1704698179000)/",5560,500,1620200,9093000000,-40,true,-0.71
"EVG",141600,"/Date(1704698179000)/",5560,2000,1619700,9091000000,-40,true,-0.71
"EVG",141600,"/Date(1704698179000)/",5560,1000,1617700,9079000000,-40,true,-0.71
"EVG",141600,"/Date(1704698179000)/",5560,200,1616700,9074000000,-40,true,-0.71
"EVG",141600,"/Date(1704698179000)/",5570,200,1616500,9073000000,-30,true,-0.54
"EVG",141600,"/Date(1704698179000)/",5570,2000,1616300,9072000000,-30,true,-0.54
"EVG",141600,"/Date(1704698179000)/",5570,100,1614300,9060000000,-30,true,-0.54
"EVG",141600,"/Date(1704698179000)/",5570,100,1614200,9060000000,-30,true,-0.54
"EVG",141600,"/Date(1704698179000)/",5570,3000,1614100,9059000000,-30,true,-0.54
"EVG",141600,"/Date(1704698179000)/",5570,2200,1611100,9043000000,-30,true,-0.54
"EVG",141600,"/Date(1704698179000)/",5570,100,1608900,9030000000,-30,true,-0.54
"EVG",141600,"/Date(1704698179000)/",5570,1000,1608800,9030000000,-30,true,-0.54
"EVG",141600,"/Date(1704698179000)/",5570,100,1607800,9024000000,-30,true,-0.54
"EVG",141600,"/Date(1704698179000)/",5570,200,1607700,9024000000,-30,true,-0.54
"EVG",141600,"/Date(1704698179000)/",5570,2000,1607500,9023000000,-30,true,-0.54
"EVG",141600,"/Date(1704698179000)/",5580,3000,1605500,9011000000,-20,true,-0.36
"EVG",141600,"/Date(1704698179000)/",5580,200,1602500,8995000000,-20,true,-0.36
"EVG",141600,"/Date(1704698179000)/",5580,100,1602300,8994000000,-20,true,-0.36
"EVG",141600,"/Date(1704698179000)/",5580,10000,1602200,8993000000,-20,true,-0.36
"EVG",141600,"/Date(1704698179000)/",5580,4100,1592200,8937000000,-20,true,-0.36
"EVG",141503,"/Date(1704698120000)/",5600,400,1588100,8914000000,0,false,0
"EVG",141447,"/Date(1704698106000)/",5580,100,1587700,8912000000,-20,true,-0.36
"EVG",141447,"/Date(1704698106000)/",5590,200,1587600,8912000000,-10,true,-0.18
"EVG",141428,"/Date(1704698085000)/",5580,800,1587400,8910000000,-20,true,-0.36
"EVG",141428,"/Date(1704698085000)/",5580,1000,1586600,8906000000,-20,true,-0.36
"EVG",141428,"/Date(1704698085000)/",5580,100,1585600,8900000000,-20,true,-0.36
"EVG",141428,"/Date(1704698085000)/",5580,900,1585500,8900000000,-20,true,-0.36
"EVG",141359,"/Date(1704698058000)/",5590,2000,1584600,8895000000,-10,false,-0.18
"EVG",141346,"/Date(1704698045000)/",5590,200,1582600,8884000000,-10,false,-0.18
"EVG",141324,"/Date(1704698023000)/",5590,1000,1582400,8883000000,-10,true,-0.18
"EVG",141255,"/Date(1704697994000)/",5590,1000,1581400,8877000000,-10,true,-0.18
"EVG",141220,"/Date(1704697958000)/",5590,2000,1580400,8871000000,-10,false,-0.18
"EVG",141204,"/Date(1704697941000)/",5580,100,1578400,8860000000,-20,true,-0.36
"EVG",141204,"/Date(1704697941000)/",5580,500,1578300,8860000000,-20,true,-0.36
"EVG",141204,"/Date(1704697941000)/",5580,2000,1577800,8857000000,-20,true,-0.36
"EVG",141204,"/Date(1704697941000)/",5580,100,1575800,8846000000,-20,true,-0.36
"EVG",141204,"/Date(1704697941000)/",5580,1400,1575700,8845000000,-20,true,-0.36
"EVG",141204,"/Date(1704697941000)/",5580,900,1574300,8837000000,-20,true,-0.36
"EVG",141148,"/Date(1704697925000)/",5590,600,1573400,8832000000,-10,true,-0.18
"EVG",141106,"/Date(1704697884000)/",5600,1000,1572800,8829000000,0,false,0
"EVG",141028,"/Date(1704697848000)/",5600,6400,1571800,8823000000,0,false,0
"EVG",141015,"/Date(1704697833000)/",5600,600,1565400,8787000000,0,false,0
"EVG",141015,"/Date(1704697833000)/",5600,3400,1564800,8784000000,0,false,0
"EVG",140949,"/Date(1704697808000)/",5600,300,1561400,8765000000,0,false,0
"EVG",140905,"/Date(1704697762000)/",5600,2000,1561100,8763000000,0,false,0
"EVG",140905,"/Date(1704697762000)/",5600,8000,1559100,8752000000,0,false,0
"EVG",140845,"/Date(1704697745000)/",5600,1000,1551100,8707000000,0,false,0
"EVG",140820,"/Date(1704697718000)/",5600,200,1550100,8702000000,0,false,0
"EVG",140820,"/Date(1704697718000)/",5600,3700,1549900,8701000000,0,false,0
"EVG",140801,"/Date(1704697700000)/",5590,200,1546200,8680000000,-10,false,-0.18
"EVG",140657,"/Date(1704697635000)/",5590,100,1546000,8679000000,-10,true,-0.18
"EVG",140628,"/Date(1704697608000)/",5590,2000,1545900,8678000000,-10,true,-0.18
"EVG",140605,"/Date(1704697584000)/",5580,1100,1543900,8667000000,-20,true,-0.36
"EVG",140605,"/Date(1704697584000)/",5580,100,1542800,8661000000,-20,true,-0.36
"EVG",140605,"/Date(1704697584000)/",5580,3000,1542700,8660000000,-20,true,-0.36
"EVG",140605,"/Date(1704697584000)/",5580,300,1539700,8644000000,-20,true,-0.36
"EVG",140605,"/Date(1704697584000)/",5580,200,1539400,8642000000,-20,true,-0.36
"EVG",140559,"/Date(1704697578000)/",5590,1000,1539200,8641000000,-10,true,-0.18
"EVG",140449,"/Date(1704697506000)/",5590,1000,1538200,8635000000,-10,true,-0.18
"EVG",140449,"/Date(1704697506000)/",5590,500,1537200,8630000000,-10,true,-0.18
"EVG",140449,"/Date(1704697506000)/",5590,4000,1536700,8627000000,-10,true,-0.18
"EVG",140449,"/Date(1704697506000)/",5590,200,1532700,8605000000,-10,true,-0.18
"EVG",140449,"/Date(1704697506000)/",5590,100,1532500,8603000000,-10,true,-0.18
"EVG",140449,"/Date(1704697506000)/",5590,400,1532400,8603000000,-10,true,-0.18
"EVG",140338,"/Date(1704697438000)/",5600,2000,1532000,8601000000,0,false,0
"EVG",140300,"/Date(1704697397000)/",5600,3000,1530000,8589000000,0,true,0
"EVG",140033,"/Date(1704697250000)/",5600,5000,1527000,8573000000,0,false,0
"EVG",140017,"/Date(1704697236000)/",5600,100,1522000,8545000000,0,false,0
"EVG",140017,"/Date(1704697236000)/",5600,100,1521900,8544000000,0,false,0
"EVG",135945,"/Date(1704697204000)/",5600,100,1521800,8544000000,0,true,0
"EVG",135932,"/Date(1704697190000)/",5600,500,1521700,8543000000,0,false,0
"EVG",135932,"/Date(1704697190000)/",5600,4400,1521200,8540000000,0,false,0
"EVG",135812,"/Date(1704697111000)/",5600,600,1516800,8516000000,0,false,0
"EVG",135812,"/Date(1704697111000)/",5600,4400,1516200,8512000000,0,false,0
"EVG",135806,"/Date(1704697104000)/",5600,600,1511800,8488000000,0,true,0
"EVG",135747,"/Date(1704697085000)/",5600,100,1511200,8484000000,0,false,0
"EVG",135747,"/Date(1704697085000)/",5600,4300,1511100,8484000000,0,false,0
"EVG",135617,"/Date(1704696995000)/",5590,100,1506800,8460000000,-10,true,-0.18
"EVG",135617,"/Date(1704696995000)/",5590,500,1506700,8459000000,-10,true,-0.18
"EVG",135545,"/Date(1704696965000)/",5590,1000,1506200,8456000000,-10,true,-0.18
"EVG",135438,"/Date(1704696898000)/",5590,500,1505200,8451000000,-10,false,-0.18
"EVG",135425,"/Date(1704696885000)/",5590,1600,1504700,8448000000,-10,false,-0.18
"EVG",135403,"/Date(1704696862000)/",5590,200,1503100,8439000000,-10,true,-0.18
"EVG",135403,"/Date(1704696862000)/",5590,3000,1502900,8438000000,-10,true,-0.18
"EVG",135344,"/Date(1704696842000)/",5600,700,1499900,8421000000,0,false,0
"EVG",135344,"/Date(1704696842000)/",5600,500,1499200,8417000000,0,false,0
"EVG",135344,"/Date(1704696842000)/",5600,800,1498700,8414000000,0,false,0
"EVG",135315,"/Date(1704696812000)/",5600,500,1497900,8410000000,0,false,0
"EVG",135315,"/Date(1704696812000)/",5600,500,1497400,8407000000,0,false,0
"EVG",135205,"/Date(1704696742000)/",5590,300,1496900,8404000000,-10,true,-0.18
"EVG",135142,"/Date(1704696722000)/",5600,400,1496600,8402000000,0,false,0
"EVG",135142,"/Date(1704696721000)/",5600,900,1496200,8400000000,0,false,0
"EVG",135142,"/Date(1704696721000)/",5600,9100,1495300,8395000000,0,false,0
"EVG",135114,"/Date(1704696691000)/",5580,500,1486200,8344000000,-20,true,-0.36
"EVG",135054,"/Date(1704696673000)/",5580,800,1485700,8341000000,-20,false,-0.36
"EVG",135054,"/Date(1704696673000)/",5580,500,1484900,8337000000,-20,false,-0.36
"EVG",135054,"/Date(1704696673000)/",5580,8700,1484400,8334000000,-20,false,-0.36
"EVG",135042,"/Date(1704696660000)/",5580,1000,1475700,8286000000,-20,false,-0.36
"EVG",134944,"/Date(1704696603000)/",5580,300,1474700,8280000000,-20,false,-0.36
"EVG",134944,"/Date(1704696603000)/",5570,300,1474400,8278000000,-30,false,-0.54
"EVG",134938,"/Date(1704696598000)/",5570,100,1474100,8277000000,-30,false,-0.54
"EVG",134938,"/Date(1704696598000)/",5570,100,1474000,8276000000,-30,false,-0.54
"EVG",134909,"/Date(1704696566000)/",5570,100,1473900,8276000000,-30,false,-0.54
"EVG",134843,"/Date(1704696543000)/",5570,600,1473800,8275000000,-30,false,-0.54
"EVG",134837,"/Date(1704696536000)/",5570,100,1473200,8272000000,-30,false,-0.54
"EVG",134837,"/Date(1704696536000)/",5570,300,1473100,8271000000,-30,false,-0.54
"EVG",134837,"/Date(1704696536000)/",5570,3000,1472800,8269000000,-30,false,-0.54
"EVG",134837,"/Date(1704696536000)/",5570,500,1469800,8253000000,-30,false,-0.54
"EVG",134824,"/Date(1704696523000)/",5570,4500,1469300,8250000000,-30,true,-0.54
"EVG",134824,"/Date(1704696523000)/",5570,5000,1464800,8225000000,-30,true,-0.54
"EVG",134824,"/Date(1704696523000)/",5570,500,1459800,8197000000,-30,true,-0.54
"EVG",134713,"/Date(1704696452000)/",5570,400,1459300,8194000000,-30,true,-0.54
"EVG",134713,"/Date(1704696452000)/",5570,100,1458900,8192000000,-30,true,-0.54
"EVG",134713,"/Date(1704696452000)/",5570,2000,1458800,8191000000,-30,true,-0.54
"EVG",134713,"/Date(1704696452000)/",5570,200,1456800,8180000000,-30,true,-0.54
"EVG",134713,"/Date(1704696452000)/",5570,2300,1456600,8179000000,-30,true,-0.54
"EVG",134600,"/Date(1704696378000)/",5570,1600,1454300,8166000000,-30,true,-0.54
"EVG",134550,"/Date(1704696367000)/",5570,100,1452700,8158000000,-30,true,-0.54
"EVG",134528,"/Date(1704696348000)/",5570,1400,1452600,8157000000,-30,true,-0.54
"EVG",134528,"/Date(1704696348000)/",5570,100,1451200,8149000000,-30,true,-0.54
"EVG",134528,"/Date(1704696348000)/",5570,3000,1451100,8149000000,-30,true,-0.54
"EVG",134528,"/Date(1704696348000)/",5570,100,1448100,8132000000,-30,true,-0.54
"EVG",134528,"/Date(1704696348000)/",5570,1000,1448000,8131000000,-30,true,-0.54
"EVG",134528,"/Date(1704696348000)/",5570,100,1447000,8126000000,-30,true,-0.54
"EVG",134528,"/Date(1704696348000)/",5570,1000,1446900,8125000000,-30,true,-0.54
"EVG",134528,"/Date(1704696348000)/",5570,500,1445900,8120000000,-30,true,-0.54
"EVG",134528,"/Date(1704696348000)/",5580,100,1445400,8117000000,-20,true,-0.36
"EVG",134528,"/Date(1704696348000)/",5580,2700,1445300,8116000000,-20,true,-0.36
"EVG",134521,"/Date(1704696339000)/",5580,2300,1442600,8101000000,-20,true,-0.36
"EVG",134521,"/Date(1704696339000)/",5580,1500,1440300,8088000000,-20,true,-0.36
"EVG",134521,"/Date(1704696339000)/",5580,1000,1438800,8080000000,-20,true,-0.36
"EVG",134521,"/Date(1704696339000)/",5580,5000,1437800,8074000000,-20,true,-0.36
"EVG",134521,"/Date(1704696339000)/",5580,200,1432800,8047000000,-20,true,-0.36
"EVG",134446,"/Date(1704696305000)/",5580,300,1432600,8045000000,-20,true,-0.36
"EVG",134446,"/Date(1704696305000)/",5580,1700,1432300,8044000000,-20,true,-0.36
"EVG",134411,"/Date(1704696270000)/",5580,5000,1430600,8034000000,-20,true,-0.36
"EVG",134314,"/Date(1704696211000)/",5590,400,1425600,8006000000,-10,false,-0.18
"EVG",134238,"/Date(1704696179000)/",5590,4000,1425200,8004000000,-10,true,-0.18
"EVG",134238,"/Date(1704696179000)/",5590,1500,1421200,7982000000,-10,true,-0.18
"EVG",134238,"/Date(1704696179000)/",5590,100,1419700,7973000000,-10,true,-0.18
"EVG",134203,"/Date(1704696141000)/",5590,100,1419600,7973000000,-10,false,-0.18
"EVG",134157,"/Date(1704696135000)/",5590,100,1419500,7972000000,-10,false,-0.18
"EVG",134151,"/Date(1704696128000)/",5580,3200,1419400,7972000000,-20,true,-0.36
"EVG",134151,"/Date(1704696128000)/",5580,1000,1416200,7954000000,-20,true,-0.36
"EVG",134151,"/Date(1704696128000)/",5580,2000,1415200,7948000000,-20,true,-0.36
"EVG",134151,"/Date(1704696128000)/",5580,1000,1413200,7937000000,-20,true,-0.36
"EVG",134151,"/Date(1704696128000)/",5580,200,1412200,7932000000,-20,true,-0.36
"EVG",134151,"/Date(1704696128000)/",5580,2600,1412000,7930000000,-20,true,-0.36
"EVG",134147,"/Date(1704696127000)/",5590,2000,1409400,7916000000,-10,false,-0.18
"EVG",134141,"/Date(1704696119000)/",5590,300,1407400,7905000000,-10,false,-0.18
"EVG",134102,"/Date(1704696080000)/",5590,100,1407100,7903000000,-10,false,-0.18
"EVG",134050,"/Date(1704696069000)/",5580,2400,1407000,7902000000,-20,true,-0.36
"EVG",134050,"/Date(1704696069000)/",5580,100,1404600,7889000000,-20,true,-0.36
"EVG",134050,"/Date(1704696069000)/",5580,400,1404500,7889000000,-20,true,-0.36
"EVG",134050,"/Date(1704696069000)/",5580,1000,1404100,7886000000,-20,true,-0.36
"EVG",134050,"/Date(1704696069000)/",5580,3000,1403100,7881000000,-20,true,-0.36
"EVG",134050,"/Date(1704696069000)/",5580,2000,1400100,7864000000,-20,true,-0.36
"EVG",134034,"/Date(1704696052000)/",5580,1000,1398100,7853000000,-20,true,-0.36
"EVG",134024,"/Date(1704696044000)/",5580,3200,1397100,7847000000,-20,true,-0.36
"EVG",134024,"/Date(1704696044000)/",5580,500,1393900,7829000000,-20,true,-0.36
"EVG",134024,"/Date(1704696044000)/",5580,1000,1393400,7827000000,-20,true,-0.36
"EVG",134024,"/Date(1704696044000)/",5580,100,1392400,7821000000,-20,true,-0.36
"EVG",134024,"/Date(1704696044000)/",5580,2300,1392300,7820000000,-20,true,-0.36
"EVG",134024,"/Date(1704696044000)/",5580,500,1390000,7808000000,-20,true,-0.36
"EVG",134024,"/Date(1704696044000)/",5580,2400,1389500,7805000000,-20,true,-0.36
"EVG",133936,"/Date(1704695993000)/",5580,1600,1387100,7791000000,-20,true,-0.36
"EVG",133936,"/Date(1704695993000)/",5580,400,1385500,7783000000,-20,true,-0.36
"EVG",133907,"/Date(1704695965000)/",5580,600,1385100,7780000000,-20,true,-0.36
"EVG",133907,"/Date(1704695965000)/",5580,100,1384500,7777000000,-20,true,-0.36
"EVG",133851,"/Date(1704695951000)/",5590,100,1384400,7776000000,-10,false,-0.18
"EVG",133848,"/Date(1704695947000)/",5590,100,1384300,7776000000,-10,false,-0.18
"EVG",133842,"/Date(1704695941000)/",5590,200,1384200,7775000000,-10,false,-0.18
"EVG",133842,"/Date(1704695939000)/",5590,100,1384000,7774000000,-10,false,-0.18
"EVG",133832,"/Date(1704695929000)/",5590,100,1383900,7774000000,-10,false,-0.18
"EVG",133816,"/Date(1704695915000)/",5590,500,1383800,7773000000,-10,true,-0.18
"EVG",133816,"/Date(1704695915000)/",5590,300,1383300,7770000000,-10,true,-0.18
"EVG",133741,"/Date(1704695880000)/",5590,200,1383000,7769000000,-10,false,-0.18
"EVG",133725,"/Date(1704695865000)/",5590,500,1382800,7767000000,-10,false,-0.18
"EVG",133715,"/Date(1704695854000)/",5590,300,1382300,7765000000,-10,false,-0.18
"EVG",133703,"/Date(1704695843000)/",5590,500,1382000,7763000000,-10,false,-0.18
"EVG",133653,"/Date(1704695833000)/",5590,500,1381500,7760000000,-10,false,-0.18
"EVG",133637,"/Date(1704695816000)/",5590,200,1381000,7757000000,-10,false,-0.18
"EVG",133618,"/Date(1704695798000)/",5580,100,1380800,7756000000,-20,true,-0.36
"EVG",133608,"/Date(1704695788000)/",5580,200,1380700,7756000000,-20,false,-0.36
"EVG",133602,"/Date(1704695780000)/",5580,100,1380500,7755000000,-20,false,-0.36
"EVG",133536,"/Date(1704695755000)/",5570,500,1380400,7754000000,-30,true,-0.54
"EVG",133536,"/Date(1704695755000)/",5570,1500,1379900,7751000000,-30,true,-0.54
"EVG",133520,"/Date(1704695738000)/",5570,500,1378400,7743000000,-30,true,-0.54
"EVG",133520,"/Date(1704695738000)/",5570,5000,1377900,7740000000,-30,true,-0.54
"EVG",133520,"/Date(1704695738000)/",5570,500,1372900,7712000000,-30,true,-0.54
"EVG",133520,"/Date(1704695738000)/",5570,500,1372400,7709000000,-30,true,-0.54
"EVG",133520,"/Date(1704695738000)/",5570,1000,1371900,7707000000,-30,true,-0.54
"EVG",133520,"/Date(1704695738000)/",5570,300,1370900,7701000000,-30,true,-0.54
"EVG",133520,"/Date(1704695738000)/",5580,3000,1370600,7699000000,-20,true,-0.36
"EVG",133520,"/Date(1704695738000)/",5580,200,1367600,7683000000,-20,true,-0.36
"EVG",133452,"/Date(1704695711000)/",5590,1000,1367400,7682000000,-10,false,-0.18
"EVG",133452,"/Date(1704695711000)/",5590,5000,1366400,7676000000,-10,false,-0.18
"EVG",133452,"/Date(1704695711000)/",5590,1800,1361400,7648000000,-10,false,-0.18
"EVG",133416,"/Date(1704695676000)/",5590,1000,1359600,7638000000,-10,true,-0.18
"EVG",133350,"/Date(1704695649000)/",5590,1000,1358600,7632000000,-10,true,-0.18
"EVG",133338,"/Date(1704695636000)/",5580,1600,1357600,7627000000,-20,false,-0.36
"EVG",133331,"/Date(1704695629000)/",5580,700,1356000,7618000000,-20,false,-0.36
"EVG",133302,"/Date(1704695599000)/",5580,1000,1355300,7614000000,-20,false,-0.36
"EVG",133256,"/Date(1704695594000)/",5580,2500,1354300,7608000000,-20,false,-0.36
"EVG",133243,"/Date(1704695583000)/",5580,200,1351800,7594000000,-20,true,-0.36
"EVG",133243,"/Date(1704695583000)/",5580,3000,1351600,7593000000,-20,true,-0.36
"EVG",133243,"/Date(1704695583000)/",5580,5000,1348600,7577000000,-20,true,-0.36
"EVG",133243,"/Date(1704695583000)/",5580,900,1343600,7549000000,-20,true,-0.36
"EVG",133243,"/Date(1704695583000)/",5580,10000,1342700,7544000000,-20,true,-0.36
"EVG",133243,"/Date(1704695583000)/",5580,1100,1332700,7488000000,-20,true,-0.36
"EVG",133243,"/Date(1704695583000)/",5580,100,1331600,7482000000,-20,true,-0.36
"EVG",133243,"/Date(1704695583000)/",5580,500,1331500,7481000000,-20,true,-0.36
"EVG",133243,"/Date(1704695583000)/",5580,1000,1331000,7478000000,-20,true,-0.36
"EVG",133243,"/Date(1704695583000)/",5580,1500,1330000,7473000000,-20,true,-0.36
"EVG",133243,"/Date(1704695583000)/",5580,5000,1328500,7464000000,-20,true,-0.36
"EVG",133243,"/Date(1704695583000)/",5580,200,1323500,7437000000,-20,true,-0.36
"EVG",133243,"/Date(1704695583000)/",5580,2500,1323300,7435000000,-20,true,-0.36
"EVG",133243,"/Date(1704695583000)/",5580,700,1320800,7421000000,-20,true,-0.36
"EVG",133243,"/Date(1704695583000)/",5580,30000,1320100,7418000000,-20,true,-0.36
"EVG",133243,"/Date(1704695583000)/",5580,1000,1290100,7250000000,-20,true,-0.36
"EVG",133243,"/Date(1704695583000)/",5580,500,1289100,7245000000,-20,true,-0.36
"EVG",133243,"/Date(1704695583000)/",5580,1000,1288600,7242000000,-20,true,-0.36
"EVG",133158,"/Date(1704695536000)/",5600,300,1287600,7236000000,0,true,0
"EVG",133158,"/Date(1704695536000)/",5600,100,1287300,7235000000,0,true,0
"EVG",133158,"/Date(1704695536000)/",5600,500,1287200,7234000000,0,true,0
"EVG",133155,"/Date(1704695533000)/",5600,600,1286700,7231000000,0,true,0
"EVG",133110,"/Date(1704695489000)/",5600,600,1286100,7228000000,0,true,0
"EVG",133110,"/Date(1704695488000)/",5600,300,1285500,7224000000,0,true,0
"EVG",133110,"/Date(1704695488000)/",5600,300,1285200,7223000000,0,true,0
"EVG",133054,"/Date(1704695474000)/",5600,2000,1284900,7221000000,0,false,0
"EVG",133054,"/Date(1704695474000)/",5600,7700,1282900,7210000000,0,false,0
"EVG",133054,"/Date(1704695473000)/",5580,9000,1275200,7167000000,-20,true,-0.36
"EVG",133054,"/Date(1704695473000)/",5580,5000,1266200,7117000000,-20,true,-0.36
"EVG",133054,"/Date(1704695473000)/",5580,200,1261200,7089000000,-20,true,-0.36
"EVG",133054,"/Date(1704695473000)/",5580,1000,1261000,7088000000,-20,true,-0.36
"EVG",133054,"/Date(1704695473000)/",5580,1000,1260000,7082000000,-20,true,-0.36
"EVG",133054,"/Date(1704695473000)/",5580,5000,1259000,7076000000,-20,true,-0.36
"EVG",133054,"/Date(1704695473000)/",5580,3000,1254000,7048000000,-20,true,-0.36
"EVG",133054,"/Date(1704695473000)/",5580,1000,1251000,7032000000,-20,true,-0.36
"EVG",133054,"/Date(1704695473000)/",5580,1000,1250000,7026000000,-20,true,-0.36
"EVG",133054,"/Date(1704695473000)/",5580,100,1249000,7021000000,-20,true,-0.36
"EVG",133054,"/Date(1704695473000)/",5580,1000,1248900,7020000000,-20,true,-0.36
"EVG",133054,"/Date(1704695473000)/",5590,10000,1247900,7014000000,-10,true,-0.18
"EVG",133054,"/Date(1704695473000)/",5590,1500,1237900,6959000000,-10,true,-0.18
"EVG",133054,"/Date(1704695473000)/",5590,100,1236400,6950000000,-10,true,-0.18
"EVG",133054,"/Date(1704695473000)/",5590,2000,1236300,6950000000,-10,true,-0.18
"EVG",133054,"/Date(1704695473000)/",5590,1000,1234300,6938000000,-10,true,-0.18
"EVG",133054,"/Date(1704695473000)/",5590,200,1233300,6933000000,-10,true,-0.18
"EVG",133054,"/Date(1704695473000)/",5590,700,1233100,6932000000,-10,true,-0.18
"EVG",133054,"/Date(1704695473000)/",5590,300,1232400,6928000000,-10,true,-0.18
"EVG",133054,"/Date(1704695473000)/",5590,5000,1232100,6926000000,-10,true,-0.18
"EVG",133054,"/Date(1704695473000)/",5590,100,1227100,6898000000,-10,true,-0.18
"EVG",133054,"/Date(1704695473000)/",5590,10000,1227000,6898000000,-10,true,-0.18
"EVG",133054,"/Date(1704695473000)/",5590,1000,1217000,6842000000,-10,true,-0.18
"EVG",133054,"/Date(1704695473000)/",5590,100,1216000,6836000000,-10,true,-0.18
"EVG",133054,"/Date(1704695473000)/",5590,100,1215900,6836000000,-10,true,-0.18
"EVG",133054,"/Date(1704695473000)/",5590,1000,1215800,6835000000,-10,true,-0.18
"EVG",133054,"/Date(1704695473000)/",5590,1000,1214800,6829000000,-10,true,-0.18
"EVG",133054,"/Date(1704695473000)/",5590,500,1213800,6824000000,-10,true,-0.18
"EVG",133054,"/Date(1704695473000)/",5590,5000,1213300,6821000000,-10,true,-0.18
"EVG",133054,"/Date(1704695473000)/",5590,1000,1208300,6793000000,-10,true,-0.18
"EVG",133054,"/Date(1704695473000)/",5590,100,1207300,6787000000,-10,true,-0.18
"EVG",132950,"/Date(1704695408000)/",5600,100,1207200,6787000000,0,false,0
"EVG",132925,"/Date(1704695385000)/",5600,500,1207100,6786000000,0,true,0
"EVG",132925,"/Date(1704695385000)/",5600,1500,1206600,6784000000,0,true,0
"EVG",132925,"/Date(1704695385000)/",5600,200,1205100,6775000000,0,true,0
"EVG",132837,"/Date(1704695335000)/",5600,500,1204900,6774000000,0,true,0
"EVG",132830,"/Date(1704695330000)/",5600,200,1204400,6771000000,0,true,0
"EVG",132814,"/Date(1704695312000)/",5600,200,1204200,6770000000,0,true,0
"EVG",132752,"/Date(1704695291000)/",5600,1000,1204000,6769000000,0,true,0
"EVG",132746,"/Date(1704695285000)/",5600,3500,1203000,6763000000,0,true,0
"EVG",132746,"/Date(1704695285000)/",5600,400,1199500,6744000000,0,true,0
"EVG",132736,"/Date(1704695274000)/",5600,300,1199100,6742000000,0,true,0
"EVG",132651,"/Date(1704695230000)/",5600,800,1198800,6740000000,0,true,0
"EVG",132402,"/Date(1704695061000)/",5610,700,1198000,6735000000,10,false,0.18
"EVG",132239,"/Date(1704694977000)/",5610,300,1197300,6731000000,10,false,0.18
"EVG",132207,"/Date(1704694947000)/",5610,100,1197000,6730000000,10,false,0.18
"EVG",132207,"/Date(1704694947000)/",5600,1000,1196900,6729000000,0,true,0
"EVG",132204,"/Date(1704694942000)/",5600,5000,1195900,6724000000,0,true,0
"EVG",132141,"/Date(1704694919000)/",5600,2500,1190900,6696000000,0,true,0
"EVG",132141,"/Date(1704694919000)/",5600,100,1188400,6682000000,0,true,0
"EVG",132141,"/Date(1704694919000)/",5600,600,1188300,6681000000,0,true,0
"EVG",132141,"/Date(1704694919000)/",5600,300,1187700,6678000000,0,true,0
"EVG",132141,"/Date(1704694919000)/",5600,1000,1187400,6676000000,0,true,0
"EVG",132141,"/Date(1704694919000)/",5600,1800,1186400,6670000000,0,true,0
"EVG",132141,"/Date(1704694919000)/",5600,2000,1184600,6660000000,0,true,0
"EVG",132141,"/Date(1704694919000)/",5600,5000,1182600,6649000000,0,true,0
"EVG",132141,"/Date(1704694919000)/",5600,500,1177600,6621000000,0,true,0
"EVG",132141,"/Date(1704694919000)/",5600,2000,1177100,6618000000,0,true,0
"EVG",132141,"/Date(1704694919000)/",5600,2000,1175100,6607000000,0,true,0
"EVG",132141,"/Date(1704694919000)/",5600,300,1173100,6596000000,0,true,0
"EVG",132141,"/Date(1704694919000)/",5600,1000,1172800,6594000000,0,true,0
"EVG",132141,"/Date(1704694919000)/",5600,2000,1171800,6589000000,0,true,0
"EVG",132028,"/Date(1704694847000)/",5610,100,1169800,6577000000,10,false,0.18
"EVG",132021,"/Date(1704694840000)/",5610,4000,1169700,6577000000,10,false,0.18
"EVG",131852,"/Date(1704694750000)/",5610,800,1165700,6554000000,10,false,0.18
"EVG",131833,"/Date(1704694732000)/",5610,200,1164900,6550000000,10,true,0.18
"EVG",131807,"/Date(1704694707000)/",5610,2800,1164700,6549000000,10,true,0.18
"EVG",131745,"/Date(1704694684000)/",5610,200,1161900,6533000000,10,true,0.18
"EVG",131644,"/Date(1704694623000)/",5600,500,1161700,6532000000,0,true,0
"EVG",131452,"/Date(1704694511000)/",5600,7500,1161200,6529000000,0,true,0
"EVG",131452,"/Date(1704694511000)/",5600,500,1153700,6487000000,0,true,0
"EVG",131452,"/Date(1704694511000)/",5600,500,1153200,6484000000,0,true,0
"EVG",131452,"/Date(1704694511000)/",5600,400,1152700,6482000000,0,true,0
"EVG",131452,"/Date(1704694511000)/",5600,1000,1152300,6479000000,0,true,0
"EVG",131452,"/Date(1704694511000)/",5600,100,1151300,6474000000,0,true,0
"EVG",131452,"/Date(1704694511000)/",5600,2700,1151200,6473000000,0,true,0
"EVG",131452,"/Date(1704694511000)/",5610,2700,1148500,6458000000,10,true,0.18
"EVG",131452,"/Date(1704694511000)/",5610,500,1145800,6443000000,10,true,0.18
"EVG",131452,"/Date(1704694511000)/",5610,500,1145300,6440000000,10,true,0.18
"EVG",131452,"/Date(1704694511000)/",5610,100,1144800,6437000000,10,true,0.18
"EVG",131452,"/Date(1704694511000)/",5610,200,1144700,6437000000,10,true,0.18
"EVG",131313,"/Date(1704694411000)/",5610,100,1144500,6436000000,10,true,0.18
"EVG",131251,"/Date(1704694389000)/",5600,14300,1144400,6435000000,0,true,0
"EVG",131235,"/Date(1704694373000)/",5600,2000,1130100,6355000000,0,false,0
"EVG",131235,"/Date(1704694373000)/",5600,100,1128100,6344000000,0,false,0
"EVG",131235,"/Date(1704694373000)/",5600,1000,1128000,6343000000,0,false,0
"EVG",131235,"/Date(1704694373000)/",5600,2500,1127000,6338000000,0,false,0
"EVG",131235,"/Date(1704694373000)/",5600,500,1124500,6324000000,0,false,0
"EVG",131235,"/Date(1704694373000)/",5600,200,1124000,6321000000,0,false,0
"EVG",131235,"/Date(1704694373000)/",5600,500,1123800,6320000000,0,false,0
"EVG",131235,"/Date(1704694373000)/",5600,3600,1123300,6317000000,0,false,0
"EVG",131131,"/Date(1704694310000)/",5600,200,1119700,6297000000,0,true,0
"EVG",131037,"/Date(1704694256000)/",5600,6200,1119500,6296000000,0,false,0
"EVG",131033,"/Date(1704694253000)/",5600,500,1113300,6261000000,0,false,0
"EVG",131033,"/Date(1704694253000)/",5600,7300,1112800,6258000000,0,false,0
"EVG",131033,"/Date(1704694253000)/",5600,2700,1105500,6217000000,0,false,0
"EVG",131033,"/Date(1704694253000)/",5600,100,1102800,6202000000,0,false,0
"EVG",131030,"/Date(1704694249000)/",5600,12300,1102700,6202000000,0,false,0
"EVG",131023,"/Date(1704694241000)/",5600,30000,1090400,6133000000,0,false,0
"EVG",131014,"/Date(1704694232000)/",5600,15000,1060400,5965000000,0,false,0
"EVG",131011,"/Date(1704694228000)/",5600,700,1045400,5881000000,0,false,0
"EVG",131007,"/Date(1704694226000)/",5600,12400,1044700,5877000000,0,false,0
"EVG",131004,"/Date(1704694222000)/",5600,25000,1032300,5807000000,0,false,0
"EVG",130958,"/Date(1704694215000)/",5600,1000,1007300,5667000000,0,true,0
"EVG",130958,"/Date(1704694215000)/",5600,800,1006300,5662000000,0,true,0
"EVG",130955,"/Date(1704694213000)/",5600,200,1005500,5657000000,0,true,0
"EVG",130955,"/Date(1704694213000)/",5600,900,1005300,5656000000,0,true,0
"EVG",130955,"/Date(1704694213000)/",5600,100,1004400,5651000000,0,true,0
"EVG",130955,"/Date(1704694213000)/",5600,500,1004300,5651000000,0,true,0
"EVG",130945,"/Date(1704694202000)/",5610,200,1003800,5648000000,10,false,0.18
"EVG",130744,"/Date(1704694081000)/",5610,100,1003600,5647000000,10,false,0.18
"EVG",130646,"/Date(1704694026000)/",5590,1000,1003500,5646000000,-10,true,-0.18
"EVG",130646,"/Date(1704694026000)/",5600,1000,1002500,5640000000,0,true,0
"EVG",130646,"/Date(1704694026000)/",5600,200,1001500,5635000000,0,true,0
"EVG",130646,"/Date(1704694026000)/",5600,200,1001300,5634000000,0,true,0
"EVG",130646,"/Date(1704694026000)/",5600,500,1001100,5633000000,0,true,0
"EVG",130646,"/Date(1704694026000)/",5600,600,1000600,5630000000,0,true,0
"EVG",130545,"/Date(1704693963000)/",5610,100,1000000,5626000000,10,false,0.18
"EVG",130149,"/Date(1704693729000)/",5600,800,999900,5626000000,0,false,0
"EVG",130149,"/Date(1704693729000)/",5600,1200,999100,5621000000,0,false,0
"EVG",130111,"/Date(1704693689000)/",5600,500,997900,5615000000,0,true,0
"EVG",130111,"/Date(1704693689000)/",5600,400,997400,5612000000,0,true,0
"EVG",130111,"/Date(1704693689000)/",5600,400,997000,5610000000,0,true,0
"EVG",130111,"/Date(1704693689000)/",5600,500,996600,5607000000,0,true,0
"EVG",130105,"/Date(1704693684000)/",5600,4000,996100,5605000000,0,false,0
"EVG",130101,"/Date(1704693680000)/",5590,10000,992100,5582000000,-10,true,-0.18
"EVG",130042,"/Date(1704693661000)/",5600,500,982100,5526000000,0,false,0
"EVG",130039,"/Date(1704693657000)/",5600,100,981600,5524000000,0,false,0
"EVG",130039,"/Date(1704693657000)/",5590,100,981500,5523000000,-10,true,-0.18
"EVG",130039,"/Date(1704693657000)/",5590,100,981400,5522000000,-10,true,-0.18
"EVG",130026,"/Date(1704693646000)/",5590,800,981300,5522000000,-10,true,-0.18
"EVG",130013,"/Date(1704693616000)/",5590,5000,980500,5517000000,-10,true,-0.18
"EVG",130013,"/Date(1704693616000)/",5590,1400,975500,5489000000,-10,true,-0.18
"EVG",130013,"/Date(1704693616000)/",5590,1000,974100,5482000000,-10,true,-0.18
"EVG",130013,"/Date(1704693616000)/",5590,1000,973100,5476000000,-10,true,-0.18
"EVG",130013,"/Date(1704693616000)/",5590,100,972100,5470000000,-10,true,-0.18
"EVG",130013,"/Date(1704693616000)/",5590,500,972000,5470000000,-10,true,-0.18
"EVG",130013,"/Date(1704693615000)/",5600,500,971500,5467000000,0,false,0
"EVG",130010,"/Date(1704693610000)/",5600,200,971000,5464000000,0,false,0
"EVG",130010,"/Date(1704693608000)/",5600,100,970800,5463000000,0,false,0
"EVG",130010,"/Date(1704693608000)/",5600,2000,970700,5463000000,0,false,0
"EVG",130007,"/Date(1704693606000)/",5600,1000,968700,5451000000,0,false,0
"EVG",130004,"/Date(1704693604000)/",5600,100,967700,5446000000,0,true,0
"EVG",130004,"/Date(1704693604000)/",5600,1000,967600,5445000000,0,true,0
"EVG",130004,"/Date(1704693603000)/",5600,200,966600,5440000000,0,true,0
"EVG",130004,"/Date(1704693603000)/",5600,300,966400,5439000000,0,true,0
"EVG",130001,"/Date(1704693601000)/",5600,8500,966100,5437000000,0,true,0
"EVG",130001,"/Date(1704693601000)/",5600,500,957600,5389000000,0,true,0
"EVG",130001,"/Date(1704693601000)/",5600,300,957100,5386000000,0,true,0
"EVG",130001,"/Date(1704693601000)/",5600,2500,956800,5385000000,0,true,0
"EVG",130001,"/Date(1704693601000)/",5600,200,954300,5371000000,0,true,0
"EVG",112935,"/Date(1704688193000)/",5600,1800,954100,5370000000,0,true,0
"EVG",112935,"/Date(1704688193000)/",5600,100,952300,5360000000,0,true,0
"EVG",112935,"/Date(1704688193000)/",5600,300,952200,5359000000,0,true,0
"EVG",112853,"/Date(1704688152000)/",5610,7700,951900,5357000000,10,false,0.18
"EVG",112824,"/Date(1704688122000)/",5610,1000,944200,5314000000,10,false,0.18
"EVG",112714,"/Date(1704688052000)/",5600,8700,943200,5308000000,0,true,0
"EVG",112714,"/Date(1704688052000)/",5600,100,934500,5260000000,0,true,0
"EVG",112714,"/Date(1704688052000)/",5600,2000,934400,5259000000,0,true,0
"EVG",112714,"/Date(1704688052000)/",5600,100,932400,5248000000,0,true,0
"EVG",112714,"/Date(1704688052000)/",5600,1000,932300,5247000000,0,true,0
"EVG",112714,"/Date(1704688052000)/",5600,100,931300,5242000000,0,true,0
"EVG",112714,"/Date(1704688052000)/",5600,1000,931200,5241000000,0,true,0
"EVG",112714,"/Date(1704688052000)/",5600,1000,930200,5236000000,0,true,0
"EVG",112444,"/Date(1704687904000)/",5600,500,929200,5230000000,0,true,0
"EVG",112444,"/Date(1704687904000)/",5600,2900,928700,5227000000,0,true,0
"EVG",112444,"/Date(1704687904000)/",5600,600,925800,5211000000,0,true,0
"EVG",112444,"/Date(1704687904000)/",5600,1000,925200,5208000000,0,true,0
"EVG",112444,"/Date(1704687904000)/",5600,100,924200,5202000000,0,true,0
"EVG",112444,"/Date(1704687904000)/",5600,100,924100,5202000000,0,true,0
"EVG",112444,"/Date(1704687904000)/",5600,200,924000,5201000000,0,true,0
"EVG",112444,"/Date(1704687904000)/",5600,10000,923800,5200000000,0,true,0
"EVG",112444,"/Date(1704687904000)/",5600,1400,913800,5144000000,0,true,0
"EVG",112412,"/Date(1704687871000)/",5610,200,912400,5136000000,10,true,0.18
"EVG",112214,"/Date(1704687754000)/",5610,7900,912200,5135000000,10,false,0.18
"EVG",112104,"/Date(1704687682000)/",5610,900,904300,5091000000,10,true,0.18
"EVG",111947,"/Date(1704687606000)/",5610,200,903400,5086000000,10,false,0.18
"EVG",111938,"/Date(1704687591000)/",5610,500,903200,5084000000,10,true,0.18
"EVG",111938,"/Date(1704687591000)/",5610,200,902700,5082000000,10,true,0.18
"EVG",111938,"/Date(1704687591000)/",5610,100,902500,5080000000,10,true,0.18
"EVG",111759,"/Date(1704687496000)/",5620,500,902400,5080000000,20,false,0.36
"EVG",111708,"/Date(1704687446000)/",5620,600,901900,5077000000,20,false,0.36
"EVG",111620,"/Date(1704687400000)/",5620,200,901300,5074000000,20,false,0.36
"EVG",111554,"/Date(1704687374000)/",5620,3500,901100,5073000000,20,false,0.36
"EVG",111425,"/Date(1704687283000)/",5620,100,897600,5053000000,20,false,0.36
"EVG",111201,"/Date(1704687139000)/",5610,7900,897500,5052000000,10,true,0.18
"EVG",111201,"/Date(1704687139000)/",5610,500,889600,5008000000,10,true,0.18
"EVG",111201,"/Date(1704687139000)/",5610,500,889100,5005000000,10,true,0.18
"EVG",111201,"/Date(1704687139000)/",5610,3000,888600,5002000000,10,true,0.18
"EVG",111201,"/Date(1704687139000)/",5610,500,885600,4986000000,10,true,0.18
"EVG",111201,"/Date(1704687139000)/",5610,7100,885100,4983000000,10,true,0.18
"EVG",111038,"/Date(1704687058000)/",5620,300,878000,4943000000,20,false,0.36
"EVG",110824,"/Date(1704686924000)/",5620,100,877700,4941000000,20,false,0.36
"EVG",110805,"/Date(1704686904000)/",5620,200,877600,4941000000,20,false,0.36
"EVG",110717,"/Date(1704686856000)/",5620,1700,877400,4940000000,20,false,0.36
"EVG",110701,"/Date(1704686841000)/",5620,1000,875700,4930000000,20,false,0.36
"EVG",110356,"/Date(1704686655000)/",5610,900,874700,4924000000,10,true,0.18
"EVG",110356,"/Date(1704686655000)/",5610,100,873800,4919000000,10,true,0.18
"EVG",110356,"/Date(1704686655000)/",5610,1000,873700,4919000000,10,true,0.18
"EVG",110356,"/Date(1704686655000)/",5610,3000,872700,4913000000,10,true,0.18
"EVG",110356,"/Date(1704686655000)/",5610,1000,869700,4896000000,10,true,0.18
"EVG",110356,"/Date(1704686655000)/",5610,3000,868700,4891000000,10,true,0.18
"EVG",110330,"/Date(1704686627000)/",5620,2000,865700,4874000000,20,false,0.36
"EVG",110249,"/Date(1704686587000)/",5620,100,863700,4863000000,20,false,0.36
"EVG",110103,"/Date(1704686483000)/",5610,7000,863600,4862000000,10,false,0.18
"EVG",110016,"/Date(1704686434000)/",5610,100,856600,4823000000,10,false,0.18
"EVG",105937,"/Date(1704686395000)/",5610,10000,856500,4822000000,10,false,0.18
"EVG",105827,"/Date(1704686325000)/",5600,400,846500,4766000000,0,true,0
"EVG",105802,"/Date(1704686300000)/",5610,2000,846100,4764000000,10,false,0.18
"EVG",105749,"/Date(1704686287000)/",5610,900,844100,4753000000,10,false,0.18
"EVG",105749,"/Date(1704686287000)/",5610,4100,843200,4748000000,10,false,0.18
"EVG",105613,"/Date(1704686193000)/",5610,1000,839100,4725000000,10,false,0.18
"EVG",105604,"/Date(1704686183000)/",5610,1000,838100,4719000000,10,false,0.18
"EVG",105554,"/Date(1704686172000)/",5610,10000,837100,4713000000,10,false,0.18
"EVG",105538,"/Date(1704686155000)/",5600,200,827100,4657000000,0,true,0
"EVG",105538,"/Date(1704686155000)/",5600,100,826900,4656000000,0,true,0
"EVG",105538,"/Date(1704686155000)/",5600,1000,826800,4656000000,0,true,0
"EVG",105532,"/Date(1704686147000)/",5610,100,825800,4650000000,10,true,0.18
"EVG",105532,"/Date(1704686142000)/",5610,1000,825700,4650000000,10,true,0.18
"EVG",105532,"/Date(1704686142000)/",5610,1500,824700,4644000000,10,true,0.18
"EVG",105532,"/Date(1704686142000)/",5610,1000,823200,4636000000,10,true,0.18
"EVG",105532,"/Date(1704686142000)/",5610,300,822200,4630000000,10,true,0.18
"EVG",105503,"/Date(1704686122000)/",5610,20000,821900,4628000000,10,true,0.18
"EVG",105450,"/Date(1704686108000)/",5610,100,801900,4516000000,10,true,0.18
"EVG",105450,"/Date(1704686108000)/",5620,100,801800,4515000000,20,true,0.36
"EVG",105359,"/Date(1704686059000)/",5620,400,801700,4515000000,20,true,0.36
"EVG",105359,"/Date(1704686059000)/",5620,1000,801300,4513000000,20,true,0.36
"EVG",105359,"/Date(1704686059000)/",5620,1000,800300,4507000000,20,true,0.36
"EVG",105359,"/Date(1704686059000)/",5620,900,799300,4501000000,20,true,0.36
"EVG",105359,"/Date(1704686059000)/",5620,700,798400,4496000000,20,true,0.36
"EVG",105006,"/Date(1704685825000)/",5630,100,797700,4492000000,30,false,0.54
"EVG",105000,"/Date(1704685818000)/",5630,100,797600,4492000000,30,true,0.54
"EVG",105000,"/Date(1704685818000)/",5630,400,797500,4491000000,30,true,0.54
"EVG",105000,"/Date(1704685818000)/",5630,200,797100,4489000000,30,true,0.54
"EVG",104950,"/Date(1704685810000)/",5640,400,796900,4488000000,40,false,0.71
"EVG",104730,"/Date(1704685670000)/",5640,700,796500,4486000000,40,false,0.71
"EVG",104343,"/Date(1704685441000)/",5640,8500,795800,4482000000,40,true,0.71
"EVG",104343,"/Date(1704685441000)/",5640,10000,787300,4434000000,40,true,0.71
"EVG",104343,"/Date(1704685441000)/",5640,1000,777300,4377000000,40,true,0.71
"EVG",104343,"/Date(1704685441000)/",5640,3200,776300,4372000000,40,true,0.71
"EVG",104343,"/Date(1704685441000)/",5640,2500,773100,4354000000,40,true,0.71
"EVG",104337,"/Date(1704685437000)/",5650,10000,770600,4340000000,50,false,0.89
"EVG",104337,"/Date(1704685437000)/",5650,4500,760600,4283000000,50,false,0.89
"EVG",104324,"/Date(1704685423000)/",5660,5000,756100,4258000000,60,false,1.07
"EVG",104324,"/Date(1704685423000)/",5660,4600,751100,4229000000,60,false,1.07
"EVG",104236,"/Date(1704685374000)/",5670,1800,746500,4203000000,70,false,1.25
"EVG",104224,"/Date(1704685364000)/",5670,3200,744700,4193000000,70,false,1.25
"EVG",104224,"/Date(1704685363000)/",5670,1500,741500,4175000000,70,false,1.25
"EVG",104220,"/Date(1704685358000)/",5670,2400,740000,4166000000,70,false,1.25
"EVG",104214,"/Date(1704685354000)/",5670,800,737600,4153000000,70,false,1.25
"EVG",104208,"/Date(1704685345000)/",5670,15000,736800,4148000000,70,true,1.25
"EVG",104208,"/Date(1704685345000)/",5670,1000,721800,4063000000,70,true,1.25
"EVG",104208,"/Date(1704685345000)/",5670,1100,720800,4058000000,70,true,1.25
"EVG",104201,"/Date(1704685339000)/",5680,600,719700,4051000000,80,false,1.43
"EVG",104113,"/Date(1704685293000)/",5670,3900,719100,4048000000,70,false,1.25
"EVG",104104,"/Date(1704685282000)/",5670,6100,715200,4026000000,70,false,1.25
"EVG",104057,"/Date(1704685277000)/",5680,1200,709100,3991000000,80,true,1.43
"EVG",104051,"/Date(1704685269000)/",5680,100,707900,3984000000,80,false,1.43
"EVG",104051,"/Date(1704685269000)/",5680,700,707800,3984000000,80,false,1.43
"EVG",104045,"/Date(1704685263000)/",5670,3000,707100,3980000000,70,false,1.25
"EVG",104045,"/Date(1704685263000)/",5670,900,704100,3963000000,70,false,1.25
"EVG",104038,"/Date(1704685258000)/",5670,2700,703200,3958000000,70,false,1.25
"EVG",104038,"/Date(1704685258000)/",5670,6800,700500,3942000000,70,false,1.25
"EVG",104038,"/Date(1704685258000)/",5670,5000,693700,3904000000,70,false,1.25
"EVG",104035,"/Date(1704685255000)/",5670,2700,688700,3876000000,70,false,1.25
"EVG",104035,"/Date(1704685253000)/",5670,11900,686000,3860000000,70,false,1.25
"EVG",104035,"/Date(1704685253000)/",5670,8000,674100,3793000000,70,false,1.25
"EVG",104035,"/Date(1704685253000)/",5670,100,666100,3747000000,70,false,1.25
"EVG",104026,"/Date(1704685244000)/",5660,100,666000,3747000000,60,false,1.07
"EVG",104026,"/Date(1704685244000)/",5660,3000,665900,3746000000,60,false,1.07
"EVG",104026,"/Date(1704685244000)/",5660,1600,662900,3729000000,60,false,1.07
"EVG",104026,"/Date(1704685244000)/",5660,700,661300,3720000000,60,false,1.07
"EVG",104022,"/Date(1704685240000)/",5660,2300,660600,3716000000,60,false,1.07
"EVG",104016,"/Date(1704685233000)/",5650,1000,658300,3703000000,50,false,0.89
"EVG",103947,"/Date(1704685206000)/",5650,6000,657300,3698000000,50,false,0.89
"EVG",103947,"/Date(1704685206000)/",5650,500,651300,3664000000,50,false,0.89
"EVG",103947,"/Date(1704685206000)/",5650,100,650800,3661000000,50,false,0.89
"EVG",103947,"/Date(1704685206000)/",5650,8200,650700,3660000000,50,false,0.89
"EVG",103947,"/Date(1704685206000)/",5640,5000,642500,3614000000,40,false,0.71
"EVG",103947,"/Date(1704685206000)/",5640,100,637500,3586000000,40,false,0.71
"EVG",103947,"/Date(1704685206000)/",5640,2100,637400,3585000000,40,false,0.71
"EVG",103947,"/Date(1704685206000)/",5640,800,635300,3573000000,40,false,0.71
"EVG",103938,"/Date(1704685196000)/",5630,200,634500,3569000000,30,false,0.54
"EVG",103934,"/Date(1704685195000)/",5630,3000,634300,3568000000,30,false,0.54
"EVG",103934,"/Date(1704685192000)/",5630,400,631300,3551000000,30,false,0.54
"EVG",103928,"/Date(1704685188000)/",5630,3000,630900,3549000000,30,false,0.54
"EVG",103925,"/Date(1704685182000)/",5630,700,627900,3532000000,30,false,0.54
"EVG",103919,"/Date(1704685178000)/",5630,1500,627200,3528000000,30,false,0.54
"EVG",103915,"/Date(1704685175000)/",5630,600,625700,3519000000,30,false,0.54
"EVG",103912,"/Date(1704685171000)/",5630,2000,625100,3516000000,30,false,0.54
"EVG",103909,"/Date(1704685167000)/",5630,800,623100,3505000000,30,false,0.54
"EVG",103906,"/Date(1704685165000)/",5630,2800,622300,3500000000,30,false,0.54
"EVG",103906,"/Date(1704685165000)/",5630,700,619500,3484000000,30,false,0.54
"EVG",103853,"/Date(1704685151000)/",5630,1000,618800,3480000000,30,false,0.54
"EVG",103853,"/Date(1704685151000)/",5630,2000,617800,3475000000,30,false,0.54
"EVG",103847,"/Date(1704685146000)/",5630,400,615800,3464000000,30,false,0.54
"EVG",103840,"/Date(1704685138000)/",5630,3000,615400,3461000000,30,false,0.54
"EVG",103837,"/Date(1704685135000)/",5630,200,612400,3444000000,30,false,0.54
"EVG",103834,"/Date(1704685134000)/",5630,600,612200,3443000000,30,false,0.54
"EVG",103815,"/Date(1704685115000)/",5630,1300,611600,3440000000,30,false,0.54
"EVG",103808,"/Date(1704685108000)/",5630,800,610300,3433000000,30,false,0.54
"EVG",103743,"/Date(1704685082000)/",5620,9300,609500,3428000000,20,true,0.36
"EVG",103743,"/Date(1704685082000)/",5620,5000,600200,3376000000,20,true,0.36
"EVG",103736,"/Date(1704685076000)/",5620,700,595200,3348000000,20,false,0.36
"EVG",103733,"/Date(1704685071000)/",5620,1300,594500,3344000000,20,false,0.36
"EVG",103707,"/Date(1704685045000)/",5610,9600,593200,3337000000,10,true,0.18
"EVG",103707,"/Date(1704685045000)/",5610,300,583600,3283000000,10,true,0.18
"EVG",103636,"/Date(1704685014000)/",5620,300,583300,3281000000,20,false,0.36
"EVG",103626,"/Date(1704685005000)/",5620,500,583000,3279000000,20,false,0.36
"EVG",103607,"/Date(1704684987000)/",5620,7900,582500,3276000000,20,true,0.36
"EVG",103554,"/Date(1704684971000)/",5620,1000,574600,3232000000,20,true,0.36
"EVG",103538,"/Date(1704684956000)/",5620,2000,573600,3226000000,20,true,0.36
"EVG",103500,"/Date(1704684914000)/",5620,9700,571600,3215000000,20,false,0.36
"EVG",103500,"/Date(1704684914000)/",5620,1000,561900,3161000000,20,false,0.36
"EVG",103500,"/Date(1704684914000)/",5620,8400,560900,3155000000,20,false,0.36
"EVG",103447,"/Date(1704684906000)/",5620,400,552500,3108000000,20,false,0.36
"EVG",103431,"/Date(1704684889000)/",5620,1000,552100,3106000000,20,false,0.36
"EVG",103359,"/Date(1704684856000)/",5620,100,551100,3100000000,20,false,0.36
"EVG",103353,"/Date(1704684852000)/",5620,2000,551000,3099000000,20,false,0.36
"EVG",103340,"/Date(1704684838000)/",5620,500,549000,3088000000,20,false,0.36
"EVG",103330,"/Date(1704684828000)/",5620,2000,548500,3085000000,20,false,0.36
"EVG",103318,"/Date(1704684816000)/",5620,100,546500,3074000000,20,false,0.36
"EVG",103302,"/Date(1704684800000)/",5620,1000,546400,3074000000,20,false,0.36
"EVG",103302,"/Date(1704684800000)/",5620,3000,545400,3068000000,20,false,0.36
"EVG",103239,"/Date(1704684778000)/",5620,500,542400,3051000000,20,false,0.36
"EVG",103239,"/Date(1704684778000)/",5620,1000,541900,3048000000,20,false,0.36
"EVG",103214,"/Date(1704684753000)/",5620,10000,540900,3043000000,20,true,0.36
"EVG",103214,"/Date(1704684753000)/",5620,10000,530900,2987000000,20,true,0.36
"EVG",103207,"/Date(1704684747000)/",5630,1000,520900,2930000000,30,false,0.54
"EVG",103204,"/Date(1704684743000)/",5630,2000,519900,2925000000,30,false,0.54
"EVG",103148,"/Date(1704684726000)/",5630,5000,517900,2913000000,30,false,0.54
"EVG",103148,"/Date(1704684726000)/",5630,5000,512900,2885000000,30,false,0.54
"EVG",103148,"/Date(1704684726000)/",5630,10000,507900,2857000000,30,false,0.54
"EVG",103148,"/Date(1704684726000)/",5630,9500,497900,2801000000,30,false,0.54
"EVG",103145,"/Date(1704684725000)/",5630,500,488400,2747000000,30,true,0.54
"EVG",103126,"/Date(1704684705000)/",5640,3000,487900,2745000000,40,false,0.71
"EVG",103116,"/Date(1704684694000)/",5640,2000,484900,2728000000,40,false,0.71
"EVG",103100,"/Date(1704684680000)/",5640,1000,482900,2716000000,40,true,0.71
"EVG",103100,"/Date(1704684680000)/",5640,500,481900,2711000000,40,true,0.71
"EVG",103100,"/Date(1704684680000)/",5640,600,481400,2708000000,40,true,0.71
"EVG",103051,"/Date(1704684669000)/",5640,100,480800,2704000000,40,false,0.71
"EVG",103044,"/Date(1704684664000)/",5640,3000,480700,2704000000,40,false,0.71
"EVG",103041,"/Date(1704684658000)/",5640,700,477700,2687000000,40,false,0.71
"EVG",103032,"/Date(1704684650000)/",5640,500,477000,2683000000,40,false,0.71
"EVG",103028,"/Date(1704684648000)/",5640,1500,476500,2680000000,40,false,0.71
"EVG",103025,"/Date(1704684643000)/",5640,700,475000,2672000000,40,false,0.71
"EVG",102944,"/Date(1704684603000)/",5630,500,474300,2668000000,30,true,0.54
"EVG",102924,"/Date(1704684584000)/",5640,10000,473800,2665000000,40,true,0.71
"EVG",102924,"/Date(1704684584000)/",5640,3500,463800,2609000000,40,true,0.71
"EVG",102837,"/Date(1704684537000)/",5650,1800,460300,2589000000,50,true,0.89
"EVG",102830,"/Date(1704684530000)/",5650,100,458500,2579000000,50,false,0.89
"EVG",102830,"/Date(1704684530000)/",5650,100,458400,2578000000,50,false,0.89
"EVG",102821,"/Date(1704684518000)/",5650,1700,458300,2578000000,50,false,0.89
"EVG",102742,"/Date(1704684480000)/",5640,200,456600,2568000000,40,true,0.71
"EVG",102739,"/Date(1704684478000)/",5650,1000,456400,2567000000,50,false,0.89
"EVG",102720,"/Date(1704684459000)/",5650,5000,455400,2561000000,50,false,0.89
"EVG",102720,"/Date(1704684459000)/",5650,2200,450400,2533000000,50,false,0.89
"EVG",102720,"/Date(1704684459000)/",5650,500,448200,2520000000,50,false,0.89
"EVG",102701,"/Date(1704684440000)/",5650,300,447700,2518000000,50,true,0.89
"EVG",102654,"/Date(1704684432000)/",5650,800,447400,2516000000,50,true,0.89
"EVG",102651,"/Date(1704684430000)/",5650,1200,446600,2511000000,50,true,0.89
"EVG",102622,"/Date(1704684402000)/",5650,5000,445400,2505000000,50,true,0.89
"EVG",102622,"/Date(1704684402000)/",5650,2500,440400,2476000000,50,true,0.89
"EVG",102622,"/Date(1704684402000)/",5650,1300,437900,2462000000,50,true,0.89
"EVG",102519,"/Date(1704684339000)/",5650,700,436600,2455000000,50,true,0.89
"EVG",102519,"/Date(1704684338000)/",5640,300,435900,2451000000,40,true,0.71
"EVG",102459,"/Date(1704684319000)/",5650,300,435600,2449000000,50,false,0.89
"EVG",102459,"/Date(1704684319000)/",5650,100,435300,2448000000,50,false,0.89
"EVG",102447,"/Date(1704684304000)/",5650,2400,435200,2447000000,50,false,0.89
"EVG",102447,"/Date(1704684304000)/",5650,900,432800,2433000000,50,false,0.89
"EVG",102447,"/Date(1704684304000)/",5650,1500,431900,2428000000,50,false,0.89
"EVG",102431,"/Date(1704684290000)/",5650,500,430400,2420000000,50,false,0.89
"EVG",102431,"/Date(1704684290000)/",5650,1000,429900,2417000000,50,false,0.89
"EVG",102431,"/Date(1704684290000)/",5650,1000,428900,2411000000,50,false,0.89
"EVG",102431,"/Date(1704684290000)/",5650,500,427900,2406000000,50,false,0.89
"EVG",102408,"/Date(1704684267000)/",5650,100,427400,2403000000,50,false,0.89
"EVG",102236,"/Date(1704684176000)/",5650,1000,427300,2402000000,50,false,0.89
"EVG",102223,"/Date(1704684162000)/",5640,500,426300,2397000000,40,false,0.71
"EVG",102207,"/Date(1704684147000)/",5640,600,425800,2394000000,40,false,0.71
"EVG",102204,"/Date(1704684142000)/",5640,2300,425200,2391000000,40,false,0.71
"EVG",102201,"/Date(1704684141000)/",5640,500,422900,2378000000,40,false,0.71
"EVG",102158,"/Date(1704684136000)/",5640,1600,422400,2375000000,40,false,0.71
"EVG",102148,"/Date(1704684127000)/",5640,2000,420800,2366000000,40,false,0.71
"EVG",102145,"/Date(1704684124000)/",5640,600,418800,2354000000,40,false,0.71
"EVG",102142,"/Date(1704684120000)/",5640,400,418200,2351000000,40,false,0.71
"EVG",102142,"/Date(1704684120000)/",5640,1100,417800,2349000000,40,false,0.71
"EVG",102139,"/Date(1704684116000)/",5640,700,416700,2343000000,40,false,0.71
"EVG",102103,"/Date(1704684082000)/",5630,1000,416000,2339000000,30,false,0.54
"EVG",102103,"/Date(1704684082000)/",5630,500,415000,2333000000,30,false,0.54
"EVG",101937,"/Date(1704683995000)/",5630,1800,414500,2330000000,30,false,0.54
"EVG",101849,"/Date(1704683949000)/",5630,1000,412700,2320000000,30,false,0.54
"EVG",101814,"/Date(1704683913000)/",5630,1900,411700,2314000000,30,false,0.54
"EVG",101814,"/Date(1704683913000)/",5620,200,409800,2304000000,20,false,0.36
"EVG",101814,"/Date(1704683913000)/",5620,900,409600,2303000000,20,false,0.36
"EVG",101651,"/Date(1704683830000)/",5600,200,408700,2298000000,0,true,0
"EVG",101651,"/Date(1704683830000)/",5600,100,408500,2296000000,0,true,0
"EVG",101651,"/Date(1704683830000)/",5600,1000,408400,2296000000,0,true,0
"EVG",101651,"/Date(1704683830000)/",5600,300,407400,2290000000,0,true,0
"EVG",101651,"/Date(1704683830000)/",5600,2700,407100,2289000000,0,true,0
"EVG",101651,"/Date(1704683830000)/",5600,100,404400,2274000000,0,true,0
"EVG",101651,"/Date(1704683830000)/",5600,1000,404300,2273000000,0,true,0
"EVG",101651,"/Date(1704683830000)/",5600,2000,403300,2267000000,0,true,0
"EVG",101651,"/Date(1704683830000)/",5600,3000,401300,2256000000,0,true,0
"EVG",101651,"/Date(1704683830000)/",5600,200,398300,2239000000,0,true,0
"EVG",101651,"/Date(1704683830000)/",5600,300,398100,2238000000,0,true,0
"EVG",101651,"/Date(1704683830000)/",5600,2000,397800,2237000000,0,true,0
"EVG",101651,"/Date(1704683830000)/",5600,1000,395800,2225000000,0,true,0
"EVG",101651,"/Date(1704683830000)/",5600,700,394800,2220000000,0,true,0
"EVG",101651,"/Date(1704683830000)/",5600,200,394100,2216000000,0,true,0
"EVG",101651,"/Date(1704683830000)/",5600,900,393900,2215000000,0,true,0
"EVG",101651,"/Date(1704683830000)/",5610,3000,393000,2210000000,10,true,0.18
"EVG",101651,"/Date(1704683830000)/",5610,300,390000,2193000000,10,true,0.18
"EVG",101651,"/Date(1704683830000)/",5610,1000,389700,2191000000,10,true,0.18
"EVG",101626,"/Date(1704683805000)/",5620,100,388700,2186000000,20,false,0.36
"EVG",101619,"/Date(1704683799000)/",5620,4000,388600,2185000000,20,false,0.36
"EVG",101554,"/Date(1704683772000)/",5610,200,384600,2162000000,10,true,0.18
"EVG",101343,"/Date(1704683642000)/",5620,100,384400,2161000000,20,false,0.36
"EVG",101245,"/Date(1704683585000)/",5620,600,384300,2161000000,20,true,0.36
"EVG",101245,"/Date(1704683585000)/",5620,100,383700,2157000000,20,true,0.36
"EVG",101245,"/Date(1704683585000)/",5620,4200,383600,2157000000,20,true,0.36
"EVG",101242,"/Date(1704683582000)/",5630,700,379400,2133000000,30,false,0.54
"EVG",101236,"/Date(1704683574000)/",5630,2600,378700,2129000000,30,false,0.54
"EVG",101229,"/Date(1704683569000)/",5630,700,376100,2115000000,30,false,0.54
"EVG",101223,"/Date(1704683562000)/",5630,800,375400,2111000000,30,true,0.54
"EVG",101220,"/Date(1704683557000)/",5630,1700,374600,2106000000,30,false,0.54
"EVG",101210,"/Date(1704683548000)/",5620,400,372900,2097000000,20,true,0.36
"EVG",101210,"/Date(1704683548000)/",5620,8500,372500,2094000000,20,true,0.36
"EVG",101210,"/Date(1704683548000)/",5620,1100,364000,2047000000,20,true,0.36
"EVG",101210,"/Date(1704683547000)/",5630,800,362900,2040000000,30,false,0.54
"EVG",101151,"/Date(1704683529000)/",5640,3000,362100,2036000000,40,false,0.71
"EVG",101037,"/Date(1704683457000)/",5640,200,359100,2019000000,40,false,0.71
"EVG",101028,"/Date(1704683446000)/",5630,3100,358900,2018000000,30,false,0.54
"EVG",100930,"/Date(1704683389000)/",5630,15000,355800,2000000000,30,true,0.54
"EVG",100930,"/Date(1704683389000)/",5630,1900,340800,1916000000,30,true,0.54
"EVG",100849,"/Date(1704683347000)/",5630,4100,338900,1905000000,30,true,0.54
"EVG",100817,"/Date(1704683317000)/",5630,500,334800,1882000000,30,true,0.54
"EVG",100748,"/Date(1704683287000)/",5640,500,334300,1879000000,40,false,0.71
"EVG",100726,"/Date(1704683265000)/",5630,800,333800,1877000000,30,true,0.54
"EVG",100638,"/Date(1704683216000)/",5640,600,333000,1872000000,40,false,0.71
"EVG",100625,"/Date(1704683204000)/",5630,500,332400,1869000000,30,true,0.54
"EVG",100541,"/Date(1704683159000)/",5640,1000,331900,1866000000,40,true,0.71
"EVG",100538,"/Date(1704683155000)/",5650,5000,330900,1860000000,50,false,0.89
"EVG",100519,"/Date(1704683138000)/",5650,3400,325900,1832000000,50,false,0.89
"EVG",100519,"/Date(1704683138000)/",5650,5000,322500,1813000000,50,false,0.89
"EVG",100519,"/Date(1704683138000)/",5650,3700,317500,1785000000,50,false,0.89
"EVG",100453,"/Date(1704683111000)/",5650,400,313800,1764000000,50,false,0.89
"EVG",100450,"/Date(1704683107000)/",5650,600,313400,1761000000,50,false,0.89
"EVG",100126,"/Date(1704682904000)/",5650,5000,312800,1758000000,50,false,0.89
"EVG",100126,"/Date(1704682904000)/",5650,12300,307800,1730000000,50,false,0.89
"EVG",100107,"/Date(1704682884000)/",5660,400,295500,1660000000,60,true,1.07
"EVG",100100,"/Date(1704682878000)/",5660,100,295100,1658000000,60,true,1.07
"EVG",100044,"/Date(1704682864000)/",5660,1500,295000,1657000000,60,true,1.07
"EVG",100044,"/Date(1704682862000)/",5660,1000,293500,1649000000,60,true,1.07
"EVG",100022,"/Date(1704682840000)/",5660,2200,292500,1643000000,60,true,1.07
"EVG",100019,"/Date(1704682836000)/",5660,1000,290300,1631000000,60,false,1.07
"EVG",95921,"/Date(1704682778000)/",5650,8000,289300,1625000000,50,true,0.89
"EVG",95856,"/Date(1704682755000)/",5650,1000,281300,1580000000,50,true,0.89
"EVG",95833,"/Date(1704682733000)/",5650,10000,280300,1574000000,50,false,0.89
"EVG",95833,"/Date(1704682733000)/",5650,500,270300,1518000000,50,false,0.89
"EVG",95833,"/Date(1704682733000)/",5650,7900,269800,1515000000,50,false,0.89
"EVG",95833,"/Date(1704682733000)/",5650,2200,261900,1470000000,50,false,0.89
"EVG",95833,"/Date(1704682733000)/",5640,4000,259700,1458000000,40,false,0.71
"EVG",95833,"/Date(1704682731000)/",5630,2000,255700,1435000000,30,false,0.54
"EVG",95833,"/Date(1704682731000)/",5630,100,253700,1424000000,30,false,0.54
"EVG",95833,"/Date(1704682731000)/",5630,100,253600,1424000000,30,false,0.54
"EVG",95830,"/Date(1704682729000)/",5620,3900,253500,1423000000,20,false,0.36
"EVG",95739,"/Date(1704682678000)/",5620,5000,249600,1401000000,20,false,0.36
"EVG",95710,"/Date(1704682648000)/",5620,5000,244600,1373000000,20,false,0.36
"EVG",95626,"/Date(1704682603000)/",5600,1100,239600,1345000000,0,true,0
"EVG",95626,"/Date(1704682603000)/",5600,3900,238500,1339000000,0,true,0
"EVG",95441,"/Date(1704682499000)/",5620,2000,234600,1317000000,20,false,0.36
"EVG",95422,"/Date(1704682479000)/",5600,800,232600,1306000000,0,true,0
"EVG",95422,"/Date(1704682479000)/",5610,600,231800,1301000000,10,true,0.18
"EVG",95422,"/Date(1704682479000)/",5610,100,231200,1298000000,10,true,0.18
"EVG",95340,"/Date(1704682440000)/",5600,4200,231100,1297000000,0,true,0
"EVG",95340,"/Date(1704682439000)/",5610,1600,226900,1274000000,10,false,0.18
"EVG",95233,"/Date(1704682374000)/",5610,2000,225300,1265000000,10,false,0.18
"EVG",95208,"/Date(1704682346000)/",5610,600,223300,1253000000,10,false,0.18
"EVG",95133,"/Date(1704682313000)/",5610,1800,222700,1250000000,10,false,0.18
"EVG",95039,"/Date(1704682258000)/",5610,6000,220900,1240000000,10,true,0.18
"EVG",94919,"/Date(1704682177000)/",5600,2000,214900,1206000000,0,false,0
"EVG",94919,"/Date(1704682177000)/",5600,200,212900,1195000000,0,false,0
"EVG",94916,"/Date(1704682176000)/",5600,1000,212700,1194000000,0,false,0
"EVG",94851,"/Date(1704682149000)/",5600,3800,211700,1188000000,0,false,0
"EVG",94851,"/Date(1704682149000)/",5600,400,207900,1167000000,0,false,0
"EVG",94851,"/Date(1704682149000)/",5600,800,207500,1165000000,0,false,0
"EVG",94832,"/Date(1704682130000)/",5600,100,206700,1160000000,0,false,0
"EVG",94753,"/Date(1704682092000)/",5590,2000,206600,1160000000,-10,false,-0.18
"EVG",94753,"/Date(1704682092000)/",5590,2100,204600,1149000000,-10,false,-0.18
"EVG",94724,"/Date(1704682063000)/",5590,100,202500,1137000000,-10,false,-0.18
"EVG",94718,"/Date(1704682057000)/",5590,2500,202400,1136000000,-10,false,-0.18
"EVG",94705,"/Date(1704682043000)/",5590,1500,199900,1122000000,-10,false,-0.18
"EVG",94624,"/Date(1704682004000)/",5590,1000,198400,1114000000,-10,true,-0.18
"EVG",94624,"/Date(1704682004000)/",5590,200,197400,1108000000,-10,true,-0.18
"EVG",94624,"/Date(1704682004000)/",5590,200,197200,1107000000,-10,true,-0.18
"EVG",94523,"/Date(1704681941000)/",5600,100,197000,1106000000,0,false,0
"EVG",94426,"/Date(1704681886000)/",5580,900,196900,1106000000,-20,true,-0.36
"EVG",94410,"/Date(1704681868000)/",5580,1000,196000,1101000000,-20,true,-0.36
"EVG",94410,"/Date(1704681868000)/",5580,300,195000,1095000000,-20,true,-0.36
"EVG",94410,"/Date(1704681868000)/",5580,200,194700,1093000000,-20,true,-0.36
"EVG",94410,"/Date(1704681868000)/",5590,3000,194500,1092000000,-10,true,-0.18
"EVG",94410,"/Date(1704681868000)/",5590,500,191500,1076000000,-10,true,-0.18
"EVG",94332,"/Date(1704681829000)/",5580,100,191000,1073000000,-20,true,-0.36
"EVG",94332,"/Date(1704681829000)/",5580,100,190900,1072000000,-20,true,-0.36
"EVG",94313,"/Date(1704681812000)/",5580,300,190800,1072000000,-20,true,-0.36
"EVG",94118,"/Date(1704681698000)/",5580,100,190500,1070000000,-20,true,-0.36
"EVG",94021,"/Date(1704681639000)/",5580,400,190400,1069000000,-20,true,-0.36
"EVG",93949,"/Date(1704681607000)/",5580,700,190000,1067000000,-20,false,-0.36
"EVG",93942,"/Date(1704681602000)/",5580,100,189300,1063000000,-20,false,-0.36
"EVG",93923,"/Date(1704681583000)/",5580,400,189200,1063000000,-20,true,-0.36
"EVG",93923,"/Date(1704681583000)/",5580,1800,188800,1060000000,-20,true,-0.36
"EVG",93833,"/Date(1704681531000)/",5610,9000,187000,1050000000,10,false,0.18
"EVG",93833,"/Date(1704681531000)/",5600,1000,178000,1000000000,0,false,0
"EVG",93829,"/Date(1704681530000)/",5580,1200,177000,994000000,-20,true,-0.36
"EVG",93829,"/Date(1704681530000)/",5580,1000,175800,988000000,-20,true,-0.36
"EVG",93829,"/Date(1704681530000)/",5590,1000,174800,982000000,-10,true,-0.18
"EVG",93829,"/Date(1704681529000)/",5600,1000,173800,976000000,0,true,0
"EVG",93829,"/Date(1704681529000)/",5600,100,172800,971000000,0,true,0
"EVG",93829,"/Date(1704681529000)/",5600,100,172700,970000000,0,true,0
"EVG",93829,"/Date(1704681529000)/",5600,100,172600,970000000,0,true,0
"EVG",93829,"/Date(1704681529000)/",5600,5000,172500,969000000,0,true,0
"EVG",93829,"/Date(1704681529000)/",5600,1000,167500,941000000,0,true,0
"EVG",93829,"/Date(1704681529000)/",5600,200,166500,936000000,0,true,0
"EVG",93829,"/Date(1704681529000)/",5600,200,166300,934000000,0,true,0
"EVG",93829,"/Date(1704681529000)/",5600,300,166100,933000000,0,true,0
"EVG",93829,"/Date(1704681529000)/",5600,500,165800,932000000,0,true,0
"EVG",93829,"/Date(1704681529000)/",5600,300,165300,929000000,0,true,0
"EVG",93829,"/Date(1704681529000)/",5600,1000,165000,927000000,0,true,0
"EVG",93829,"/Date(1704681529000)/",5600,500,164000,922000000,0,true,0
"EVG",93829,"/Date(1704681529000)/",5600,300,163500,919000000,0,true,0
"EVG",93829,"/Date(1704681529000)/",5600,400,163200,917000000,0,true,0
"EVG",93813,"/Date(1704681511000)/",5600,600,162800,915000000,0,true,0
"EVG",93813,"/Date(1704681511000)/",5600,1200,162200,911000000,0,true,0
"EVG",93813,"/Date(1704681511000)/",5600,1400,161000,905000000,0,true,0
"EVG",93813,"/Date(1704681511000)/",5600,1000,159600,897000000,0,true,0
"EVG",93813,"/Date(1704681511000)/",5600,5300,158600,891000000,0,true,0
"EVG",93813,"/Date(1704681511000)/",5600,100,153300,862000000,0,true,0
"EVG",93813,"/Date(1704681511000)/",5600,19900,153200,861000000,0,true,0
"EVG",93813,"/Date(1704681511000)/",5610,500,133300,750000000,10,false,0.18
"EVG",93813,"/Date(1704681511000)/",5610,10000,132800,747000000,10,false,0.18
"EVG",93801,"/Date(1704681499000)/",5600,100,122800,691000000,0,true,0
"EVG",93754,"/Date(1704681492000)/",5610,3100,122700,690000000,10,true,0.18
"EVG",93754,"/Date(1704681492000)/",5610,5000,119600,673000000,10,true,0.18
"EVG",93754,"/Date(1704681492000)/",5610,5600,114600,645000000,10,true,0.18
"EVG",93754,"/Date(1704681492000)/",5610,300,109000,613000000,10,true,0.18
"EVG",93754,"/Date(1704681492000)/",5610,1000,108700,612000000,10,true,0.18
"EVG",93729,"/Date(1704681468000)/",5620,100,107700,606000000,20,false,0.36
"EVG",93622,"/Date(1704681400000)/",5620,100,107600,605000000,20,false,0.36
"EVG",93622,"/Date(1704681400000)/",5620,200,107500,605000000,20,false,0.36
"EVG",93622,"/Date(1704681400000)/",5620,9700,107300,604000000,20,false,0.36
"EVG",93534,"/Date(1704681353000)/",5620,1000,97600,549000000,20,true,0.36
"EVG",93534,"/Date(1704681353000)/",5620,5300,96600,544000000,20,true,0.36
"EVG",93512,"/Date(1704681332000)/",5620,4700,91300,514000000,20,true,0.36
"EVG",93512,"/Date(1704681332000)/",5620,5000,86600,487000000,20,true,0.36
"EVG",93512,"/Date(1704681332000)/",5620,300,81600,459000000,20,true,0.36
"EVG",93443,"/Date(1704681301000)/",5630,100,81300,458000000,30,false,0.54
"EVG",93356,"/Date(1704681254000)/",5630,500,81200,457000000,30,false,0.54
"EVG",93321,"/Date(1704681219000)/",5630,400,80700,454000000,30,true,0.54
"EVG",93321,"/Date(1704681219000)/",5630,3500,80300,452000000,30,true,0.54
"EVG",93321,"/Date(1704681219000)/",5630,400,76800,432000000,30,true,0.54
"EVG",93259,"/Date(1704681197000)/",5630,100,76400,430000000,30,true,0.54
"EVG",93240,"/Date(1704681178000)/",5630,1000,76300,430000000,30,true,0.54
"EVG",93133,"/Date(1704681111000)/",5640,500,75300,424000000,40,true,0.71
"EVG",93120,"/Date(1704681098000)/",5640,4500,74800,421000000,40,false,0.71
"EVG",92929,"/Date(1704680987000)/",5630,500,70300,396000000,30,true,0.54
"EVG",92835,"/Date(1704680933000)/",5640,500,69800,393000000,40,true,0.71
"EVG",92835,"/Date(1704680933000)/",5640,100,69300,390000000,40,true,0.71
"EVG",92835,"/Date(1704680933000)/",5640,4900,69200,389000000,40,true,0.71
"EVG",92809,"/Date(1704680907000)/",5640,100,64300,362000000,40,true,0.71
"EVG",92706,"/Date(1704680845000)/",5640,500,64200,361000000,40,true,0.71
"EVG",92640,"/Date(1704680819000)/",5640,400,63700,358000000,40,true,0.71
"EVG",92640,"/Date(1704680819000)/",5640,600,63300,356000000,40,true,0.71
"EVG",92634,"/Date(1704680812000)/",5650,1800,62700,353000000,50,false,0.89
"EVG",92634,"/Date(1704680812000)/",5650,200,60900,343000000,50,false,0.89
"EVG",92634,"/Date(1704680812000)/",5650,500,60700,342000000,50,false,0.89
"EVG",92634,"/Date(1704680812000)/",5650,9500,60200,339000000,50,false,0.89
"EVG",92615,"/Date(1704680793000)/",5640,1000,50700,285000000,40,true,0.71
"EVG",92546,"/Date(1704680765000)/",5640,3800,49700,279000000,40,false,0.71
"EVG",92527,"/Date(1704680747000)/",5640,1800,45900,258000000,40,false,0.71
"EVG",92524,"/Date(1704680743000)/",5640,400,44100,248000000,40,false,0.71
"EVG",92452,"/Date(1704680710000)/",5640,500,43700,246000000,40,false,0.71
"EVG",92433,"/Date(1704680693000)/",5640,3500,43200,243000000,40,false,0.71
"EVG",92427,"/Date(1704680685000)/",5640,3900,39700,223000000,40,true,0.71
"EVG",92405,"/Date(1704680662000)/",5640,100,35800,201000000,40,true,0.71
"EVG",92333,"/Date(1704680631000)/",5640,500,35700,200000000,40,false,0.71
"EVG",92320,"/Date(1704680620000)/",5640,3000,35200,198000000,40,false,0.71
"EVG",92245,"/Date(1704680583000)/",5640,900,32200,181000000,40,false,0.71
"EVG",92219,"/Date(1704680558000)/",5630,1100,31300,176000000,30,false,0.54
"EVG",92200,"/Date(1704680539000)/",5630,2000,30200,169000000,30,false,0.54
"EVG",92145,"/Date(1704680522000)/",5630,300,28200,158000000,30,false,0.54
"EVG",91957,"/Date(1704680416000)/",5620,800,27900,156000000,20,true,0.36
"EVG",91934,"/Date(1704680392000)/",5620,1800,27100,152000000,20,false,0.36
"EVG",91931,"/Date(1704680389000)/",5620,500,25300,142000000,20,true,0.36
"EVG",91931,"/Date(1704680389000)/",5620,2000,24800,139000000,20,true,0.36
"EVG",91931,"/Date(1704680389000)/",5620,200,22800,128000000,20,true,0.36
"EVG",91931,"/Date(1704680389000)/",5620,3600,22600,127000000,20,true,0.36
"EVG",91931,"/Date(1704680389000)/",5620,1000,19000,106000000,20,true,0.36
"EVG",91931,"/Date(1704680389000)/",5620,300,18000,101000000,20,true,0.36
"EVG",91931,"/Date(1704680389000)/",5620,300,17700,99000000,20,true,0.36
"EVG",91931,"/Date(1704680389000)/",5620,2200,17400,97000000,20,true,0.36
"EVG",91931,"/Date(1704680389000)/",5620,100,15200,85000000,20,true,0.36
"EVG",91903,"/Date(1704680361000)/",5620,700,15100,85000000,20,true,0.36
"EVG",91903,"/Date(1704680361000)/",5620,2000,14400,81000000,20,true,0.36
"EVG",91903,"/Date(1704680361000)/",5630,300,12400,69000000,30,true,0.54
"EVG",91903,"/Date(1704680361000)/",5630,3000,12100,68000000,30,true,0.54
"EVG",91856,"/Date(1704680351000)/",5640,5000,9100,51000000,40,false,0.71
"EVG",91528,"/Date(1704680145000)/",5620,3000,4100,23000000,20,true,0.36
"EVG",91456,"/Date(1704680115000)/",5640,200,1100,6000000,40,true,0.71
"EVG",91456,"/Date(1704680115000)/",5640,100,900,5000000,40,true,0.71
"EVG",91456,"/Date(1704680115000)/",5640,300,800,4000000,40,true,0.71
"EVG",91441,"/Date(1704680100000)/",5650,500,500,2000000,50,true,0.89
