"Stockcode","Package","TradingDate","Price","Vol","TotalVol","TotalVal","Change","IsBuy","PerChange"
"HNG",144442,"/Date(1704699900000)/",5200,380600,9225700,48628000000,-130,false,-2.44
"HNG",142931,"/Date(1704698988000)/",5180,4900,8845100,46649000000,-150,true,-2.81
"HNG",142931,"/Date(1704698988000)/",5180,3000,8840200,46624000000,-150,true,-2.81
"HNG",142931,"/Date(1704698988000)/",5180,8100,8837200,46608000000,-150,true,-2.81
"HNG",142921,"/Date(1704698980000)/",5180,8500,8829100,46566000000,-150,true,-2.81
"HNG",142912,"/Date(1704698969000)/",5180,2000,8820600,46522000000,-150,true,-2.81
"HNG",142856,"/Date(1704698953000)/",5180,11400,8818600,46512000000,-150,true,-2.81
"HNG",142853,"/Date(1704698950000)/",5180,2000,8807200,46453000000,-150,false,-2.81
"HNG",142853,"/Date(1704698950000)/",5180,100,8805200,46442000000,-150,false,-2.81
"HNG",142853,"/Date(1704698950000)/",5180,2000,8805100,46442000000,-150,false,-2.81
"HNG",142846,"/Date(1704698945000)/",5180,200,8803100,46431000000,-150,false,-2.81
"HNG",142843,"/Date(1704698942000)/",5170,400,8802900,46430000000,-160,true,-3
"HNG",142843,"/Date(1704698942000)/",5170,600,8802500,46428000000,-160,true,-3
"HNG",142843,"/Date(1704698941000)/",5180,100,8801900,46425000000,-150,false,-2.81
"HNG",142830,"/Date(1704698929000)/",5170,3400,8801800,46425000000,-160,true,-3
"HNG",142830,"/Date(1704698929000)/",5170,700,8798400,46407000000,-160,true,-3
"HNG",142830,"/Date(1704698929000)/",5180,1000,8797700,46403000000,-150,false,-2.81
"HNG",142830,"/Date(1704698929000)/",5180,2000,8796700,46398000000,-150,false,-2.81
"HNG",142827,"/Date(1704698926000)/",5180,100,8794700,46388000000,-150,false,-2.81
"HNG",142827,"/Date(1704698926000)/",5180,2000,8794600,46387000000,-150,false,-2.81
"HNG",142827,"/Date(1704698924000)/",5180,1000,8792600,46377000000,-150,false,-2.81
"HNG",142824,"/Date(1704698922000)/",5180,100,8791600,46372000000,-150,false,-2.81
"HNG",142821,"/Date(1704698920000)/",5180,10000,8791500,46371000000,-150,false,-2.81
"HNG",142821,"/Date(1704698919000)/",5180,500,8781500,46320000000,-150,false,-2.81
"HNG",142821,"/Date(1704698918000)/",5180,500,8781000,46317000000,-150,false,-2.81
"HNG",142817,"/Date(1704698917000)/",5180,1000,8780500,46314000000,-150,false,-2.81
"HNG",142817,"/Date(1704698915000)/",5180,100,8779500,46309000000,-150,false,-2.81
"HNG",142808,"/Date(1704698906000)/",5180,2000,8779400,46309000000,-150,false,-2.81
"HNG",142805,"/Date(1704698904000)/",5180,100,8777400,46298000000,-150,false,-2.81
"HNG",142758,"/Date(1704698898000)/",5180,100,8777300,46298000000,-150,false,-2.81
"HNG",142758,"/Date(1704698897000)/",5180,3000,8777200,46297000000,-150,false,-2.81
"HNG",142758,"/Date(1704698896000)/",5170,9300,8774200,46282000000,-160,true,-3
"HNG",142758,"/Date(1704698896000)/",5170,2000,8764900,46234000000,-160,true,-3
"HNG",142758,"/Date(1704698896000)/",5170,200,8762900,46223000000,-160,true,-3
"HNG",142758,"/Date(1704698896000)/",5170,500,8762700,46222000000,-160,true,-3
"HNG",142758,"/Date(1704698896000)/",5170,3000,8762200,46220000000,-160,true,-3
"HNG",142758,"/Date(1704698896000)/",5170,200,8759200,46204000000,-160,true,-3
"HNG",142758,"/Date(1704698896000)/",5170,2000,8759000,46203000000,-160,true,-3
"HNG",142755,"/Date(1704698892000)/",5180,2000,8757000,46193000000,-150,true,-2.81
"HNG",142755,"/Date(1704698892000)/",5180,100,8755000,46182000000,-150,true,-2.81
"HNG",142755,"/Date(1704698892000)/",5180,500,8754900,46182000000,-150,true,-2.81
"HNG",142755,"/Date(1704698892000)/",5180,100,8754400,46179000000,-150,true,-2.81
"HNG",142755,"/Date(1704698892000)/",5180,1000,8754300,46179000000,-150,true,-2.81
"HNG",142755,"/Date(1704698892000)/",5180,7400,8753300,46174000000,-150,true,-2.81
"HNG",142749,"/Date(1704698888000)/",5190,400,8745900,46135000000,-140,false,-2.63
"HNG",142742,"/Date(1704698881000)/",5180,600,8745500,46133000000,-150,true,-2.81
"HNG",142742,"/Date(1704698881000)/",5180,10000,8744900,46130000000,-150,true,-2.81
"HNG",142742,"/Date(1704698881000)/",5180,100,8734900,46078000000,-150,true,-2.81
"HNG",142742,"/Date(1704698881000)/",5180,5000,8734800,46078000000,-150,true,-2.81
"HNG",142742,"/Date(1704698881000)/",5180,100,8729800,46052000000,-150,true,-2.81
"HNG",142742,"/Date(1704698881000)/",5180,500,8729700,46051000000,-150,true,-2.81
"HNG",142742,"/Date(1704698881000)/",5180,1000,8729200,46049000000,-150,true,-2.81
"HNG",142742,"/Date(1704698881000)/",5180,1000,8728200,46044000000,-150,true,-2.81
"HNG",142742,"/Date(1704698881000)/",5180,500,8727200,46038000000,-150,true,-2.81
"HNG",142742,"/Date(1704698881000)/",5180,400,8726700,46036000000,-150,true,-2.81
"HNG",142742,"/Date(1704698881000)/",5180,5000,8726300,46034000000,-150,true,-2.81
"HNG",142742,"/Date(1704698881000)/",5180,5000,8721300,46008000000,-150,true,-2.81
"HNG",142742,"/Date(1704698881000)/",5180,100,8716300,45982000000,-150,true,-2.81
"HNG",142742,"/Date(1704698881000)/",5180,500,8716200,45981000000,-150,true,-2.81
"HNG",142742,"/Date(1704698881000)/",5180,200,8715700,45979000000,-150,true,-2.81
"HNG",142739,"/Date(1704698876000)/",5190,8600,8715500,45978000000,-140,true,-2.63
"HNG",142739,"/Date(1704698876000)/",5190,1000,8706900,45933000000,-140,true,-2.63
"HNG",142739,"/Date(1704698876000)/",5190,100,8705900,45928000000,-140,true,-2.63
"HNG",142739,"/Date(1704698876000)/",5190,1200,8705800,45928000000,-140,true,-2.63
"HNG",142723,"/Date(1704698862000)/",5190,700,8704600,45921000000,-140,true,-2.63
"HNG",142723,"/Date(1704698862000)/",5190,600,8703900,45918000000,-140,true,-2.63
"HNG",142723,"/Date(1704698862000)/",5190,100,8703300,45915000000,-140,true,-2.63
"HNG",142723,"/Date(1704698862000)/",5190,200,8703200,45914000000,-140,true,-2.63
"HNG",142723,"/Date(1704698862000)/",5190,2000,8703000,45913000000,-140,true,-2.63
"HNG",142723,"/Date(1704698862000)/",5190,100,8701000,45903000000,-140,true,-2.63
"HNG",142723,"/Date(1704698862000)/",5190,1300,8700900,45902000000,-140,true,-2.63
"HNG",142723,"/Date(1704698861000)/",5200,1500,8699600,45895000000,-130,false,-2.44
"HNG",142713,"/Date(1704698853000)/",5190,100,8698100,45888000000,-140,true,-2.63
"HNG",142654,"/Date(1704698833000)/",5200,1800,8698000,45887000000,-130,false,-2.44
"HNG",142648,"/Date(1704698826000)/",5190,600,8696200,45878000000,-140,true,-2.63
"HNG",142648,"/Date(1704698826000)/",5190,1000,8695600,45875000000,-140,true,-2.63
"HNG",142648,"/Date(1704698826000)/",5190,400,8694600,45869000000,-140,true,-2.63
"HNG",142645,"/Date(1704698824000)/",5200,2000,8694200,45867000000,-130,false,-2.44
"HNG",142645,"/Date(1704698823000)/",5190,3600,8692200,45857000000,-140,true,-2.63
"HNG",142645,"/Date(1704698823000)/",5190,200,8688600,45838000000,-140,true,-2.63
"HNG",142645,"/Date(1704698823000)/",5190,200,8688400,45837000000,-140,true,-2.63
"HNG",142645,"/Date(1704698823000)/",5190,200,8688200,45836000000,-140,true,-2.63
"HNG",142645,"/Date(1704698823000)/",5190,1700,8688000,45835000000,-140,true,-2.63
"HNG",142645,"/Date(1704698823000)/",5190,2800,8686300,45826000000,-140,true,-2.63
"HNG",142645,"/Date(1704698823000)/",5190,500,8683500,45812000000,-140,true,-2.63
"HNG",142645,"/Date(1704698823000)/",5190,100,8683000,45809000000,-140,true,-2.63
"HNG",142645,"/Date(1704698823000)/",5190,3000,8682900,45809000000,-140,true,-2.63
"HNG",142645,"/Date(1704698823000)/",5190,37700,8679900,45793000000,-140,true,-2.63
"HNG",142641,"/Date(1704698820000)/",5200,3900,8642200,45597000000,-130,false,-2.44
"HNG",142641,"/Date(1704698820000)/",5200,500,8638300,45577000000,-130,false,-2.44
"HNG",142641,"/Date(1704698820000)/",5200,200,8637800,45575000000,-130,false,-2.44
"HNG",142641,"/Date(1704698820000)/",5200,5500,8637600,45573000000,-130,false,-2.44
"HNG",142635,"/Date(1704698813000)/",5200,200,8632100,45545000000,-130,false,-2.44
"HNG",142609,"/Date(1704698789000)/",5200,1300,8631900,45544000000,-130,false,-2.44
"HNG",142609,"/Date(1704698789000)/",5200,2000,8630600,45537000000,-130,false,-2.44
"HNG",142609,"/Date(1704698789000)/",5200,700,8628600,45527000000,-130,false,-2.44
"HNG",142547,"/Date(1704698766000)/",5190,1500,8627900,45523000000,-140,true,-2.63
"HNG",142544,"/Date(1704698763000)/",5190,6800,8626400,45515000000,-140,false,-2.63
"HNG",142544,"/Date(1704698763000)/",5190,2000,8619600,45480000000,-140,false,-2.63
"HNG",142544,"/Date(1704698763000)/",5190,400,8617600,45470000000,-140,false,-2.63
"HNG",142544,"/Date(1704698763000)/",5190,500,8617200,45467000000,-140,false,-2.63
"HNG",142544,"/Date(1704698763000)/",5190,1100,8616700,45465000000,-140,false,-2.63
"HNG",142537,"/Date(1704698757000)/",5190,1000,8615600,45459000000,-140,false,-2.63
"HNG",142534,"/Date(1704698753000)/",5190,500,8614600,45454000000,-140,false,-2.63
"HNG",142528,"/Date(1704698746000)/",5190,7400,8614100,45451000000,-140,false,-2.63
"HNG",142528,"/Date(1704698746000)/",5190,2600,8606700,45413000000,-140,false,-2.63
"HNG",142518,"/Date(1704698736000)/",5190,500,8604100,45399000000,-140,false,-2.63
"HNG",142512,"/Date(1704698732000)/",5190,300,8603600,45397000000,-140,false,-2.63
"HNG",142512,"/Date(1704698732000)/",5190,200,8603300,45395000000,-140,false,-2.63
"HNG",142512,"/Date(1704698729000)/",5190,400,8603100,45394000000,-140,false,-2.63
"HNG",142512,"/Date(1704698729000)/",5190,200,8602700,45392000000,-140,false,-2.63
"HNG",142512,"/Date(1704698729000)/",5190,4400,8602500,45391000000,-140,false,-2.63
"HNG",142502,"/Date(1704698721000)/",5190,100,8598100,45368000000,-140,false,-2.63
"HNG",142456,"/Date(1704698715000)/",5190,1000,8598000,45368000000,-140,false,-2.63
"HNG",142456,"/Date(1704698715000)/",5190,2100,8597000,45363000000,-140,false,-2.63
"HNG",142456,"/Date(1704698715000)/",5190,15600,8594900,45352000000,-140,false,-2.63
"HNG",142453,"/Date(1704698710000)/",5190,100,8579300,45271000000,-140,false,-2.63
"HNG",142453,"/Date(1704698710000)/",5190,1300,8579200,45270000000,-140,false,-2.63
"HNG",142443,"/Date(1704698701000)/",5190,800,8577900,45264000000,-140,false,-2.63
"HNG",142440,"/Date(1704698699000)/",5190,400,8577100,45259000000,-140,false,-2.63
"HNG",142440,"/Date(1704698699000)/",5190,3600,8576700,45257000000,-140,false,-2.63
"HNG",142436,"/Date(1704698694000)/",5190,200,8573100,45239000000,-140,false,-2.63
"HNG",142427,"/Date(1704698687000)/",5190,200,8572900,45238000000,-140,true,-2.63
"HNG",142427,"/Date(1704698687000)/",5190,100,8572700,45237000000,-140,true,-2.63
"HNG",142427,"/Date(1704698687000)/",5190,600,8572600,45236000000,-140,true,-2.63
"HNG",142427,"/Date(1704698687000)/",5190,2800,8572000,45233000000,-140,true,-2.63
"HNG",142427,"/Date(1704698687000)/",5190,1500,8569200,45218000000,-140,true,-2.63
"HNG",142424,"/Date(1704698683000)/",5190,2200,8567700,45211000000,-140,true,-2.63
"HNG",142424,"/Date(1704698683000)/",5190,100,8565500,45199000000,-140,true,-2.63
"HNG",142424,"/Date(1704698683000)/",5190,100,8565400,45199000000,-140,true,-2.63
"HNG",142424,"/Date(1704698683000)/",5190,100,8565300,45198000000,-140,true,-2.63
"HNG",142424,"/Date(1704698683000)/",5190,100,8565200,45198000000,-140,true,-2.63
"HNG",142424,"/Date(1704698683000)/",5190,1000,8565100,45197000000,-140,true,-2.63
"HNG",142424,"/Date(1704698683000)/",5190,1400,8564100,45192000000,-140,true,-2.63
"HNG",142420,"/Date(1704698678000)/",5200,3000,8562700,45185000000,-130,false,-2.44
"HNG",142417,"/Date(1704698677000)/",5200,500,8559700,45169000000,-130,false,-2.44
"HNG",142414,"/Date(1704698673000)/",5190,3500,8559200,45166000000,-140,true,-2.63
"HNG",142351,"/Date(1704698649000)/",5190,100,8555700,45148000000,-140,true,-2.63
"HNG",142338,"/Date(1704698635000)/",5200,1000,8555600,45148000000,-130,false,-2.44
"HNG",142326,"/Date(1704698625000)/",5200,800,8554600,45143000000,-130,false,-2.44
"HNG",142322,"/Date(1704698621000)/",5200,1000,8553800,45138000000,-130,false,-2.44
"HNG",142313,"/Date(1704698613000)/",5190,4000,8552800,45133000000,-140,false,-2.63
"HNG",142313,"/Date(1704698611000)/",5190,1000,8548800,45112000000,-140,false,-2.63
"HNG",142310,"/Date(1704698607000)/",5190,3000,8547800,45107000000,-140,false,-2.63
"HNG",142310,"/Date(1704698607000)/",5190,2000,8544800,45092000000,-140,false,-2.63
"HNG",142306,"/Date(1704698604000)/",5200,600,8542800,45081000000,-130,false,-2.44
"HNG",142306,"/Date(1704698604000)/",5190,300,8542200,45078000000,-140,true,-2.63
"HNG",142306,"/Date(1704698604000)/",5190,2000,8541900,45077000000,-140,true,-2.63
"HNG",142303,"/Date(1704698602000)/",5190,1000,8539900,45066000000,-140,false,-2.63
"HNG",142257,"/Date(1704698596000)/",5190,100,8538900,45061000000,-140,false,-2.63
"HNG",142254,"/Date(1704698591000)/",5190,100,8538800,45061000000,-140,false,-2.63
"HNG",142247,"/Date(1704698586000)/",5190,100,8538700,45060000000,-140,false,-2.63
"HNG",142247,"/Date(1704698586000)/",5190,200,8538600,45059000000,-140,false,-2.63
"HNG",142228,"/Date(1704698567000)/",5190,200,8538400,45058000000,-140,true,-2.63
"HNG",142225,"/Date(1704698564000)/",5190,600,8538200,45057000000,-140,true,-2.63
"HNG",142225,"/Date(1704698564000)/",5190,100,8537600,45054000000,-140,true,-2.63
"HNG",142225,"/Date(1704698564000)/",5190,1000,8537500,45054000000,-140,true,-2.63
"HNG",142225,"/Date(1704698564000)/",5190,300,8536500,45049000000,-140,true,-2.63
"HNG",142221,"/Date(1704698560000)/",5190,1000,8536200,45047000000,-140,true,-2.63
"HNG",142149,"/Date(1704698529000)/",5190,700,8535200,45042000000,-140,true,-2.63
"HNG",142149,"/Date(1704698529000)/",5190,500,8534500,45038000000,-140,true,-2.63
"HNG",142149,"/Date(1704698529000)/",5190,8000,8534000,45036000000,-140,true,-2.63
"HNG",142149,"/Date(1704698529000)/",5190,5800,8526000,44994000000,-140,true,-2.63
"HNG",142140,"/Date(1704698519000)/",5200,100,8520200,44964000000,-130,false,-2.44
"HNG",142124,"/Date(1704698502000)/",5200,500,8520100,44963000000,-130,false,-2.44
"HNG",142114,"/Date(1704698491000)/",5200,500,8519600,44961000000,-130,false,-2.44
"HNG",142111,"/Date(1704698491000)/",5200,5000,8519100,44958000000,-130,false,-2.44
"HNG",142111,"/Date(1704698490000)/",5190,4200,8514100,44932000000,-140,true,-2.63
"HNG",142111,"/Date(1704698490000)/",5190,2000,8509900,44910000000,-140,true,-2.63
"HNG",142111,"/Date(1704698490000)/",5190,3500,8507900,44900000000,-140,true,-2.63
"HNG",142111,"/Date(1704698490000)/",5190,300,8504400,44882000000,-140,true,-2.63
"HNG",142111,"/Date(1704698490000)/",5190,400,8504100,44880000000,-140,true,-2.63
"HNG",142111,"/Date(1704698490000)/",5190,200,8503700,44878000000,-140,true,-2.63
"HNG",142111,"/Date(1704698490000)/",5190,100,8503500,44877000000,-140,true,-2.63
"HNG",142111,"/Date(1704698490000)/",5190,500,8503400,44877000000,-140,true,-2.63
"HNG",142111,"/Date(1704698490000)/",5190,1000,8502900,44874000000,-140,true,-2.63
"HNG",142111,"/Date(1704698490000)/",5190,2500,8501900,44869000000,-140,true,-2.63
"HNG",142111,"/Date(1704698490000)/",5190,4000,8499400,44856000000,-140,true,-2.63
"HNG",142111,"/Date(1704698490000)/",5190,10000,8495400,44835000000,-140,true,-2.63
"HNG",142111,"/Date(1704698490000)/",5190,1300,8485400,44783000000,-140,true,-2.63
"HNG",142055,"/Date(1704698475000)/",5200,200,8484100,44777000000,-130,false,-2.44
"HNG",142055,"/Date(1704698474000)/",5190,2900,8483900,44776000000,-140,true,-2.63
"HNG",142042,"/Date(1704698460000)/",5200,5000,8481000,44760000000,-130,false,-2.44
"HNG",142042,"/Date(1704698459000)/",5190,1000,8476000,44734000000,-140,true,-2.63
"HNG",142029,"/Date(1704698446000)/",5190,24800,8475000,44729000000,-140,true,-2.63
"HNG",142029,"/Date(1704698446000)/",5190,100,8450200,44601000000,-140,true,-2.63
"HNG",142029,"/Date(1704698446000)/",5190,100,8450100,44600000000,-140,true,-2.63
"HNG",142029,"/Date(1704698446000)/",5190,500,8450000,44600000000,-140,true,-2.63
"HNG",142029,"/Date(1704698446000)/",5190,1100,8449500,44597000000,-140,true,-2.63
"HNG",142029,"/Date(1704698446000)/",5190,2000,8448400,44591000000,-140,true,-2.63
"HNG",142029,"/Date(1704698446000)/",5190,1000,8446400,44581000000,-140,true,-2.63
"HNG",142029,"/Date(1704698446000)/",5190,500,8445400,44576000000,-140,true,-2.63
"HNG",142029,"/Date(1704698446000)/",5190,1100,8444900,44573000000,-140,true,-2.63
"HNG",142029,"/Date(1704698446000)/",5190,500,8443800,44567000000,-140,true,-2.63
"HNG",142029,"/Date(1704698446000)/",5190,4800,8443300,44565000000,-140,true,-2.63
"HNG",142004,"/Date(1704698422000)/",5200,400,8438500,44540000000,-130,true,-2.44
"HNG",142004,"/Date(1704698422000)/",5200,600,8438100,44538000000,-130,true,-2.44
"HNG",142004,"/Date(1704698422000)/",5200,5000,8437500,44535000000,-130,true,-2.44
"HNG",142004,"/Date(1704698422000)/",5200,300,8432500,44509000000,-130,true,-2.44
"HNG",142004,"/Date(1704698422000)/",5200,200,8432200,44507000000,-130,true,-2.44
"HNG",142004,"/Date(1704698422000)/",5200,100,8432000,44506000000,-130,true,-2.44
"HNG",142004,"/Date(1704698422000)/",5200,300,8431900,44506000000,-130,true,-2.44
"HNG",142004,"/Date(1704698422000)/",5200,100,8431600,44504000000,-130,true,-2.44
"HNG",142004,"/Date(1704698422000)/",5200,100,8431500,44503000000,-130,true,-2.44
"HNG",142004,"/Date(1704698422000)/",5200,100,8431400,44503000000,-130,true,-2.44
"HNG",142004,"/Date(1704698422000)/",5200,26000,8431300,44502000000,-130,true,-2.44
"HNG",142004,"/Date(1704698422000)/",5200,500,8405300,44367000000,-130,true,-2.44
"HNG",142004,"/Date(1704698422000)/",5200,500,8404800,44365000000,-130,true,-2.44
"HNG",142004,"/Date(1704698422000)/",5200,10000,8404300,44362000000,-130,true,-2.44
"HNG",142004,"/Date(1704698422000)/",5200,400,8394300,44310000000,-130,true,-2.44
"HNG",142004,"/Date(1704698422000)/",5200,800,8393900,44308000000,-130,true,-2.44
"HNG",142004,"/Date(1704698422000)/",5200,300,8393100,44304000000,-130,true,-2.44
"HNG",142004,"/Date(1704698422000)/",5200,15000,8392800,44302000000,-130,true,-2.44
"HNG",142004,"/Date(1704698422000)/",5200,100,8377800,44224000000,-130,true,-2.44
"HNG",142004,"/Date(1704698422000)/",5200,4600,8377700,44224000000,-130,true,-2.44
"HNG",141945,"/Date(1704698403000)/",5200,100,8373100,44200000000,-130,true,-2.44
"HNG",141941,"/Date(1704698400000)/",5210,100,8373000,44199000000,-120,false,-2.25
"HNG",141935,"/Date(1704698393000)/",5210,200,8372900,44199000000,-120,false,-2.25
"HNG",141929,"/Date(1704698386000)/",5200,5300,8372700,44198000000,-130,true,-2.44
"HNG",141929,"/Date(1704698386000)/",5200,20000,8367400,44170000000,-130,true,-2.44
"HNG",141929,"/Date(1704698386000)/",5200,2000,8347400,44066000000,-130,true,-2.44
"HNG",141929,"/Date(1704698386000)/",5200,100,8345400,44056000000,-130,true,-2.44
"HNG",141929,"/Date(1704698386000)/",5200,400,8345300,44055000000,-130,true,-2.44
"HNG",141929,"/Date(1704698386000)/",5200,500,8344900,44053000000,-130,true,-2.44
"HNG",141929,"/Date(1704698386000)/",5200,500,8344400,44051000000,-130,true,-2.44
"HNG",141929,"/Date(1704698386000)/",5200,100,8343900,44048000000,-130,true,-2.44
"HNG",141929,"/Date(1704698386000)/",5200,600,8343800,44047000000,-130,true,-2.44
"HNG",141929,"/Date(1704698386000)/",5200,1800,8343200,44044000000,-130,true,-2.44
"HNG",141929,"/Date(1704698386000)/",5200,2000,8341400,44035000000,-130,true,-2.44
"HNG",141929,"/Date(1704698386000)/",5200,1000,8339400,44025000000,-130,true,-2.44
"HNG",141929,"/Date(1704698386000)/",5200,200,8338400,44019000000,-130,true,-2.44
"HNG",141929,"/Date(1704698386000)/",5200,2000,8338200,44018000000,-130,true,-2.44
"HNG",141929,"/Date(1704698386000)/",5200,900,8336200,44008000000,-130,true,-2.44
"HNG",141929,"/Date(1704698386000)/",5200,2000,8335300,44003000000,-130,true,-2.44
"HNG",141929,"/Date(1704698386000)/",5200,100,8333300,43993000000,-130,true,-2.44
"HNG",141929,"/Date(1704698386000)/",5200,500,8333200,43992000000,-130,true,-2.44
"HNG",141919,"/Date(1704698379000)/",5210,100,8332700,43990000000,-120,false,-2.25
"HNG",141916,"/Date(1704698373000)/",5210,1000,8332600,43989000000,-120,false,-2.25
"HNG",141906,"/Date(1704698364000)/",5210,100,8331600,43984000000,-120,false,-2.25
"HNG",141906,"/Date(1704698364000)/",5210,200,8331500,43983000000,-120,false,-2.25
"HNG",141906,"/Date(1704698364000)/",5210,8700,8331300,43982000000,-120,false,-2.25
"HNG",141900,"/Date(1704698359000)/",5210,300,8322600,43937000000,-120,true,-2.25
"HNG",141900,"/Date(1704698359000)/",5210,100,8322300,43936000000,-120,true,-2.25
"HNG",141900,"/Date(1704698359000)/",5210,100,8322200,43935000000,-120,true,-2.25
"HNG",141853,"/Date(1704698352000)/",5210,900,8322100,43934000000,-120,true,-2.25
"HNG",141853,"/Date(1704698352000)/",5210,500,8321200,43930000000,-120,true,-2.25
"HNG",141853,"/Date(1704698352000)/",5210,1600,8320700,43927000000,-120,true,-2.25
"HNG",141853,"/Date(1704698352000)/",5210,2000,8319100,43919000000,-120,true,-2.25
"HNG",141834,"/Date(1704698334000)/",5210,200,8317100,43908000000,-120,true,-2.25
"HNG",141822,"/Date(1704698321000)/",5210,3000,8316900,43907000000,-120,true,-2.25
"HNG",141759,"/Date(1704698299000)/",5210,10000,8313900,43892000000,-120,true,-2.25
"HNG",141753,"/Date(1704698292000)/",5210,1400,8303900,43840000000,-120,true,-2.25
"HNG",141746,"/Date(1704698285000)/",5210,5200,8302500,43832000000,-120,true,-2.25
"HNG",141743,"/Date(1704698281000)/",5210,300,8297300,43805000000,-120,true,-2.25
"HNG",141743,"/Date(1704698281000)/",5210,200,8297000,43804000000,-120,true,-2.25
"HNG",141743,"/Date(1704698281000)/",5210,100,8296800,43803000000,-120,true,-2.25
"HNG",141743,"/Date(1704698281000)/",5210,300,8296700,43802000000,-120,true,-2.25
"HNG",141743,"/Date(1704698281000)/",5210,100,8296400,43801000000,-120,true,-2.25
"HNG",141743,"/Date(1704698281000)/",5210,100,8296300,43800000000,-120,true,-2.25
"HNG",141743,"/Date(1704698281000)/",5210,800,8296200,43800000000,-120,true,-2.25
"HNG",141740,"/Date(1704698279000)/",5220,900,8295400,43795000000,-110,false,-2.06
"HNG",141737,"/Date(1704698274000)/",5210,1200,8294500,43791000000,-120,true,-2.25
"HNG",141737,"/Date(1704698274000)/",5210,500,8293300,43784000000,-120,true,-2.25
"HNG",141737,"/Date(1704698274000)/",5210,800,8292800,43782000000,-120,true,-2.25
"HNG",141737,"/Date(1704698274000)/",5210,7500,8292000,43778000000,-120,true,-2.25
"HNG",141720,"/Date(1704698259000)/",5210,12500,8284500,43739000000,-120,true,-2.25
"HNG",141720,"/Date(1704698259000)/",5210,2000,8272000,43673000000,-120,true,-2.25
"HNG",141720,"/Date(1704698257000)/",5220,100,8270000,43663000000,-110,false,-2.06
"HNG",141714,"/Date(1704698253000)/",5220,100,8269900,43662000000,-110,false,-2.06
"HNG",141711,"/Date(1704698249000)/",5210,600,8269800,43662000000,-120,true,-2.25
"HNG",141701,"/Date(1704698239000)/",5220,5000,8269200,43659000000,-110,false,-2.06
"HNG",141655,"/Date(1704698234000)/",5220,4200,8264200,43633000000,-110,false,-2.06
"HNG",141632,"/Date(1704698211000)/",5220,1100,8260000,43611000000,-110,true,-2.06
"HNG",141632,"/Date(1704698210000)/",5220,800,8258900,43605000000,-110,true,-2.06
"HNG",141632,"/Date(1704698210000)/",5220,100,8258100,43601000000,-110,true,-2.06
"HNG",141632,"/Date(1704698210000)/",5220,800,8258000,43600000000,-110,true,-2.06
"HNG",141632,"/Date(1704698210000)/",5220,1000,8257200,43596000000,-110,true,-2.06
"HNG",141632,"/Date(1704698210000)/",5220,1000,8256200,43591000000,-110,true,-2.06
"HNG",141632,"/Date(1704698210000)/",5220,100,8255200,43586000000,-110,true,-2.06
"HNG",141632,"/Date(1704698210000)/",5220,100,8255100,43585000000,-110,true,-2.06
"HNG",141632,"/Date(1704698210000)/",5220,1100,8255000,43585000000,-110,true,-2.06
"HNG",141616,"/Date(1704698194000)/",5220,200,8253900,43579000000,-110,true,-2.06
"HNG",141616,"/Date(1704698194000)/",5220,4800,8253700,43578000000,-110,true,-2.06
"HNG",141538,"/Date(1704698157000)/",5220,5000,8248900,43553000000,-110,true,-2.06
"HNG",141532,"/Date(1704698150000)/",5220,100,8243900,43527000000,-110,true,-2.06
"HNG",141532,"/Date(1704698150000)/",5220,700,8243800,43526000000,-110,true,-2.06
"HNG",141519,"/Date(1704698137000)/",5220,100,8243100,43523000000,-110,false,-2.06
"HNG",141503,"/Date(1704698122000)/",5220,100,8243000,43522000000,-110,false,-2.06
"HNG",141500,"/Date(1704698119000)/",5220,1000,8242900,43522000000,-110,false,-2.06
"HNG",141453,"/Date(1704698113000)/",5220,100,8241900,43516000000,-110,false,-2.06
"HNG",141453,"/Date(1704698110000)/",5220,1000,8241800,43516000000,-110,false,-2.06
"HNG",141437,"/Date(1704698095000)/",5220,1000,8240800,43511000000,-110,false,-2.06
"HNG",141437,"/Date(1704698095000)/",5220,500,8239800,43505000000,-110,false,-2.06
"HNG",141437,"/Date(1704698095000)/",5220,200,8239300,43503000000,-110,false,-2.06
"HNG",141437,"/Date(1704698095000)/",5220,700,8239100,43502000000,-110,false,-2.06
"HNG",141437,"/Date(1704698095000)/",5220,3600,8238400,43498000000,-110,false,-2.06
"HNG",141434,"/Date(1704698094000)/",5220,100,8234800,43479000000,-110,true,-2.06
"HNG",141424,"/Date(1704698082000)/",5220,1300,8234700,43479000000,-110,true,-2.06
"HNG",141424,"/Date(1704698082000)/",5220,500,8233400,43472000000,-110,true,-2.06
"HNG",141418,"/Date(1704698077000)/",5220,100,8232900,43469000000,-110,true,-2.06
"HNG",141418,"/Date(1704698075000)/",5220,100,8232800,43469000000,-110,true,-2.06
"HNG",141356,"/Date(1704698055000)/",5220,7900,8232700,43468000000,-110,true,-2.06
"HNG",141356,"/Date(1704698055000)/",5220,2100,8224800,43427000000,-110,true,-2.06
"HNG",141352,"/Date(1704698051000)/",5220,100,8222700,43416000000,-110,true,-2.06
"HNG",141352,"/Date(1704698049000)/",5220,100,8222600,43416000000,-110,true,-2.06
"HNG",141258,"/Date(1704697996000)/",5230,5500,8222500,43415000000,-100,false,-1.88
"HNG",141258,"/Date(1704697996000)/",5230,2000,8217000,43386000000,-100,false,-1.88
"HNG",141258,"/Date(1704697996000)/",5230,1000,8215000,43376000000,-100,false,-1.88
"HNG",141258,"/Date(1704697996000)/",5230,1500,8214000,43371000000,-100,false,-1.88
"HNG",141252,"/Date(1704697990000)/",5230,100,8212500,43363000000,-100,false,-1.88
"HNG",141242,"/Date(1704697981000)/",5220,700,8212400,43362000000,-110,true,-2.06
"HNG",141242,"/Date(1704697981000)/",5220,300,8211700,43359000000,-110,true,-2.06
"HNG",141242,"/Date(1704697981000)/",5220,100,8211400,43357000000,-110,true,-2.06
"HNG",141204,"/Date(1704697943000)/",5230,2400,8211300,43357000000,-100,false,-1.88
"HNG",141148,"/Date(1704697928000)/",5210,2000,8208900,43344000000,-120,true,-2.25
"HNG",141145,"/Date(1704697925000)/",5210,1300,8206900,43334000000,-120,true,-2.25
"HNG",141145,"/Date(1704697925000)/",5220,700,8205600,43327000000,-110,true,-2.06
"HNG",141141,"/Date(1704697919000)/",5210,100,8204900,43323000000,-120,true,-2.25
"HNG",141141,"/Date(1704697919000)/",5210,800,8204800,43323000000,-120,true,-2.25
"HNG",141141,"/Date(1704697919000)/",5220,100,8204000,43318000000,-110,true,-2.06
"HNG",141135,"/Date(1704697914000)/",5240,100,8203900,43318000000,-90,false,-1.69
"HNG",141119,"/Date(1704697897000)/",5210,200,8203800,43317000000,-120,true,-2.25
"HNG",141119,"/Date(1704697897000)/",5230,300,8203600,43316000000,-100,true,-1.88
"HNG",141116,"/Date(1704697895000)/",5230,300,8203300,43315000000,-100,true,-1.88
"HNG",141116,"/Date(1704697895000)/",5230,800,8203000,43313000000,-100,true,-1.88
"HNG",141116,"/Date(1704697895000)/",5230,5100,8202200,43309000000,-100,true,-1.88
"HNG",141116,"/Date(1704697895000)/",5230,800,8197100,43282000000,-100,true,-1.88
"HNG",141116,"/Date(1704697895000)/",5220,1200,8196300,43278000000,-110,false,-2.06
"HNG",141116,"/Date(1704697895000)/",5220,1300,8195100,43272000000,-110,false,-2.06
"HNG",141113,"/Date(1704697891000)/",5220,3800,8193800,43265000000,-110,false,-2.06
"HNG",141109,"/Date(1704697887000)/",5220,100,8190000,43245000000,-110,false,-2.06
"HNG",141103,"/Date(1704697881000)/",5220,300,8189900,43245000000,-110,false,-2.06
"HNG",141103,"/Date(1704697881000)/",5220,2600,8189600,43243000000,-110,false,-2.06
"HNG",141056,"/Date(1704697875000)/",5220,400,8187000,43230000000,-110,true,-2.06
"HNG",141056,"/Date(1704697875000)/",5220,5000,8186600,43228000000,-110,true,-2.06
"HNG",141056,"/Date(1704697875000)/",5220,2000,8181600,43201000000,-110,true,-2.06
"HNG",141056,"/Date(1704697875000)/",5220,1400,8179600,43191000000,-110,true,-2.06
"HNG",141056,"/Date(1704697875000)/",5220,9600,8178200,43184000000,-110,true,-2.06
"HNG",141056,"/Date(1704697875000)/",5220,2000,8168600,43134000000,-110,true,-2.06
"HNG",141056,"/Date(1704697875000)/",5220,100,8166600,43123000000,-110,true,-2.06
"HNG",141056,"/Date(1704697875000)/",5220,2000,8166500,43123000000,-110,true,-2.06
"HNG",141056,"/Date(1704697875000)/",5220,7500,8164500,43112000000,-110,true,-2.06
"HNG",141047,"/Date(1704697867000)/",5230,3200,8157000,43073000000,-100,false,-1.88
"HNG",141047,"/Date(1704697867000)/",5230,1300,8153800,43056000000,-100,false,-1.88
"HNG",141012,"/Date(1704697830000)/",5220,100,8152500,43049000000,-110,true,-2.06
"HNG",140959,"/Date(1704697817000)/",5230,3000,8152400,43049000000,-100,false,-1.88
"HNG",140943,"/Date(1704697802000)/",5230,1300,8149400,43033000000,-100,false,-1.88
"HNG",140927,"/Date(1704697787000)/",5230,14400,8148100,43026000000,-100,true,-1.88
"HNG",140924,"/Date(1704697781000)/",5230,500,8133700,42951000000,-100,true,-1.88
"HNG",140917,"/Date(1704697774000)/",5230,100,8133200,42949000000,-100,true,-1.88
"HNG",140917,"/Date(1704697774000)/",5230,2000,8133100,42948000000,-100,true,-1.88
"HNG",140917,"/Date(1704697774000)/",5230,2000,8131100,42938000000,-100,true,-1.88
"HNG",140917,"/Date(1704697774000)/",5230,900,8129100,42927000000,-100,true,-1.88
"HNG",140826,"/Date(1704697724000)/",5230,100,8128200,42922000000,-100,false,-1.88
"HNG",140820,"/Date(1704697718000)/",5230,100,8128100,42922000000,-100,false,-1.88
"HNG",140807,"/Date(1704697704000)/",5230,500,8128000,42921000000,-100,false,-1.88
"HNG",140801,"/Date(1704697699000)/",5230,2000,8127500,42919000000,-100,false,-1.88
"HNG",140748,"/Date(1704697687000)/",5230,400,8125500,42908000000,-100,false,-1.88
"HNG",140748,"/Date(1704697687000)/",5230,100,8125100,42906000000,-100,false,-1.88
"HNG",140748,"/Date(1704697687000)/",5230,1000,8125000,42906000000,-100,false,-1.88
"HNG",140719,"/Date(1704697656000)/",5220,2400,8124000,42900000000,-110,true,-2.06
"HNG",140719,"/Date(1704697656000)/",5220,1000,8121600,42888000000,-110,true,-2.06
"HNG",140719,"/Date(1704697656000)/",5220,100,8120600,42883000000,-110,true,-2.06
"HNG",140719,"/Date(1704697656000)/",5220,2000,8120500,42882000000,-110,true,-2.06
"HNG",140719,"/Date(1704697656000)/",5220,500,8118500,42872000000,-110,true,-2.06
"HNG",140719,"/Date(1704697653000)/",5230,1000,8118000,42869000000,-100,false,-1.88
"HNG",140719,"/Date(1704697642000)/",5240,700,8117000,42864000000,-90,false,-1.69
"HNG",140719,"/Date(1704697642000)/",5240,4000,8116300,42860000000,-90,false,-1.69
"HNG",140719,"/Date(1704697642000)/",5230,300,8112300,42839000000,-100,false,-1.88
"HNG",140650,"/Date(1704697628000)/",5230,10000,8112000,42838000000,-100,false,-1.88
"HNG",140650,"/Date(1704697628000)/",5230,600,8102000,42785000000,-100,false,-1.88
"HNG",140641,"/Date(1704697620000)/",5230,1000,8101400,42782000000,-100,true,-1.88
"HNG",140641,"/Date(1704697620000)/",5230,300,8100400,42777000000,-100,true,-1.88
"HNG",140634,"/Date(1704697613000)/",5230,1100,8100100,42775000000,-100,true,-1.88
"HNG",140634,"/Date(1704697613000)/",5230,2000,8099000,42770000000,-100,true,-1.88
"HNG",140634,"/Date(1704697613000)/",5230,500,8097000,42759000000,-100,true,-1.88
"HNG",140634,"/Date(1704697613000)/",5230,200,8096500,42757000000,-100,true,-1.88
"HNG",140625,"/Date(1704697602000)/",5230,7400,8096300,42756000000,-100,true,-1.88
"HNG",140537,"/Date(1704697555000)/",5240,100,8088900,42717000000,-90,true,-1.69
"HNG",140537,"/Date(1704697555000)/",5240,4200,8088800,42716000000,-90,true,-1.69
"HNG",140537,"/Date(1704697555000)/",5240,2200,8084600,42694000000,-90,true,-1.69
"HNG",140527,"/Date(1704697545000)/",5240,300,8082400,42683000000,-90,true,-1.69
"HNG",140527,"/Date(1704697545000)/",5240,300,8082100,42681000000,-90,true,-1.69
"HNG",140527,"/Date(1704697545000)/",5240,1000,8081800,42680000000,-90,true,-1.69
"HNG",140527,"/Date(1704697545000)/",5240,100,8080800,42674000000,-90,true,-1.69
"HNG",140527,"/Date(1704697545000)/",5240,100,8080700,42674000000,-90,true,-1.69
"HNG",140527,"/Date(1704697545000)/",5240,500,8080600,42673000000,-90,true,-1.69
"HNG",140527,"/Date(1704697545000)/",5240,900,8080100,42671000000,-90,true,-1.69
"HNG",140527,"/Date(1704697545000)/",5240,7000,8079200,42666000000,-90,true,-1.69
"HNG",140524,"/Date(1704697543000)/",5240,100,8072200,42629000000,-90,true,-1.69
"HNG",140524,"/Date(1704697541000)/",5240,2300,8072100,42629000000,-90,true,-1.69
"HNG",140505,"/Date(1704697523000)/",5240,1000,8069800,42617000000,-90,true,-1.69
"HNG",140439,"/Date(1704697497000)/",5240,500,8068800,42612000000,-90,true,-1.69
"HNG",140436,"/Date(1704697493000)/",5250,800,8068300,42609000000,-80,false,-1.5
"HNG",140436,"/Date(1704697493000)/",5250,2000,8067500,42605000000,-80,false,-1.5
"HNG",140436,"/Date(1704697493000)/",5250,100,8065500,42594000000,-80,false,-1.5
"HNG",140436,"/Date(1704697493000)/",5250,3000,8065400,42594000000,-80,false,-1.5
"HNG",140436,"/Date(1704697493000)/",5250,100,8062400,42578000000,-80,false,-1.5
"HNG",140436,"/Date(1704697493000)/",5250,1000,8062300,42577000000,-80,false,-1.5
"HNG",140420,"/Date(1704697478000)/",5250,6600,8061300,42572000000,-80,false,-1.5
"HNG",140404,"/Date(1704697462000)/",5250,100,8054700,42538000000,-80,false,-1.5
"HNG",140404,"/Date(1704697462000)/",5240,500,8054600,42537000000,-90,true,-1.69
"HNG",140342,"/Date(1704697441000)/",5250,200,8054100,42534000000,-80,false,-1.5
"HNG",140241,"/Date(1704697381000)/",5250,200,8053900,42533000000,-80,true,-1.5
"HNG",140241,"/Date(1704697381000)/",5250,10000,8053700,42532000000,-80,true,-1.5
"HNG",140241,"/Date(1704697381000)/",5250,200,8043700,42480000000,-80,true,-1.5
"HNG",140241,"/Date(1704697381000)/",5250,1000,8043500,42479000000,-80,true,-1.5
"HNG",140241,"/Date(1704697381000)/",5250,2000,8042500,42473000000,-80,true,-1.5
"HNG",140241,"/Date(1704697381000)/",5250,2000,8040500,42463000000,-80,true,-1.5
"HNG",140241,"/Date(1704697381000)/",5250,6700,8038500,42452000000,-80,true,-1.5
"HNG",140228,"/Date(1704697366000)/",5250,1000,8031800,42417000000,-80,true,-1.5
"HNG",140218,"/Date(1704697358000)/",5250,2000,8030800,42412000000,-80,true,-1.5
"HNG",140209,"/Date(1704697348000)/",5250,100,8028800,42402000000,-80,true,-1.5
"HNG",140159,"/Date(1704697337000)/",5250,200,8028700,42401000000,-80,true,-1.5
"HNG",140159,"/Date(1704697337000)/",5250,1400,8028500,42400000000,-80,true,-1.5
"HNG",140150,"/Date(1704697328000)/",5250,8400,8027100,42393000000,-80,true,-1.5
"HNG",140140,"/Date(1704697319000)/",5250,100,8018700,42349000000,-80,true,-1.5
"HNG",140137,"/Date(1704697315000)/",5260,500,8018600,42348000000,-70,false,-1.31
"HNG",140127,"/Date(1704697307000)/",5250,100,8018100,42345000000,-80,true,-1.5
"HNG",140059,"/Date(1704697278000)/",5260,1100,8018000,42345000000,-70,false,-1.31
"HNG",140059,"/Date(1704697278000)/",5260,100,8016900,42339000000,-70,false,-1.31
"HNG",140059,"/Date(1704697278000)/",5260,800,8016800,42339000000,-70,false,-1.31
"HNG",140052,"/Date(1704697271000)/",5250,5400,8016000,42334000000,-80,true,-1.5
"HNG",140049,"/Date(1704697267000)/",5250,600,8010600,42306000000,-80,false,-1.5
"HNG",140049,"/Date(1704697266000)/",5250,300,8010000,42303000000,-80,false,-1.5
"HNG",140049,"/Date(1704697266000)/",5250,2700,8009700,42301000000,-80,false,-1.5
"HNG",140039,"/Date(1704697257000)/",5250,300,8007000,42287000000,-80,true,-1.5
"HNG",140033,"/Date(1704697251000)/",5250,1000,8006700,42285000000,-80,false,-1.5
"HNG",140020,"/Date(1704697237000)/",5260,700,8005700,42280000000,-70,false,-1.31
"HNG",140017,"/Date(1704697236000)/",5250,900,8005000,42277000000,-80,false,-1.5
"HNG",140014,"/Date(1704697233000)/",5250,100,8004100,42272000000,-80,false,-1.5
"HNG",140010,"/Date(1704697230000)/",5260,1500,8004000,42271000000,-70,false,-1.31
"HNG",140010,"/Date(1704697229000)/",5250,10000,8002500,42263000000,-80,true,-1.5
"HNG",140010,"/Date(1704697229000)/",5250,1400,7992500,42211000000,-80,true,-1.5
"HNG",140007,"/Date(1704697227000)/",5250,16200,7991100,42204000000,-80,true,-1.5
"HNG",140001,"/Date(1704697220000)/",5260,2000,7974900,42119000000,-70,false,-1.31
"HNG",140001,"/Date(1704697220000)/",5250,400,7972900,42108000000,-80,true,-1.5
"HNG",135955,"/Date(1704697214000)/",5250,1400,7972500,42106000000,-80,false,-1.5
"HNG",135948,"/Date(1704697207000)/",5250,5000,7971100,42099000000,-80,false,-1.5
"HNG",135948,"/Date(1704697207000)/",5250,1000,7966100,42072000000,-80,false,-1.5
"HNG",135948,"/Date(1704697207000)/",5250,300,7965100,42067000000,-80,false,-1.5
"HNG",135948,"/Date(1704697207000)/",5250,1000,7964800,42065000000,-80,false,-1.5
"HNG",135948,"/Date(1704697207000)/",5250,800,7963800,42060000000,-80,false,-1.5
"HNG",135948,"/Date(1704697207000)/",5250,300,7963000,42056000000,-80,false,-1.5
"HNG",135948,"/Date(1704697207000)/",5250,10100,7962700,42054000000,-80,false,-1.5
"HNG",135948,"/Date(1704697207000)/",5250,100,7952600,42001000000,-80,false,-1.5
"HNG",135948,"/Date(1704697206000)/",5250,200,7952500,42001000000,-80,false,-1.5
"HNG",135948,"/Date(1704697206000)/",5250,100,7952300,42000000000,-80,false,-1.5
"HNG",135939,"/Date(1704697197000)/",5240,500,7952200,41999000000,-90,true,-1.69
"HNG",135929,"/Date(1704697189000)/",5240,1200,7951700,41997000000,-90,false,-1.69
"HNG",135929,"/Date(1704697189000)/",5240,400,7950500,41990000000,-90,false,-1.69
"HNG",135929,"/Date(1704697189000)/",5240,1000,7950100,41988000000,-90,false,-1.69
"HNG",135929,"/Date(1704697189000)/",5240,5000,7949100,41983000000,-90,false,-1.69
"HNG",135929,"/Date(1704697189000)/",5240,500,7944100,41957000000,-90,false,-1.69
"HNG",135919,"/Date(1704697178000)/",5240,2000,7943600,41954000000,-90,false,-1.69
"HNG",135907,"/Date(1704697165000)/",5240,500,7941600,41944000000,-90,false,-1.69
"HNG",135841,"/Date(1704697139000)/",5230,1000,7941100,41941000000,-100,true,-1.88
"HNG",135831,"/Date(1704697131000)/",5230,200,7940100,41936000000,-100,true,-1.88
"HNG",135831,"/Date(1704697130000)/",5230,300,7939900,41935000000,-100,true,-1.88
"HNG",135831,"/Date(1704697129000)/",5230,500,7939600,41933000000,-100,true,-1.88
"HNG",135825,"/Date(1704697125000)/",5230,100,7939100,41931000000,-100,false,-1.88
"HNG",135825,"/Date(1704697125000)/",5230,300,7939000,41930000000,-100,false,-1.88
"HNG",135819,"/Date(1704697118000)/",5230,5000,7938700,41929000000,-100,false,-1.88
"HNG",135819,"/Date(1704697116000)/",5220,1000,7933700,41902000000,-110,true,-2.06
"HNG",135815,"/Date(1704697114000)/",5230,500,7932700,41897000000,-100,false,-1.88
"HNG",135815,"/Date(1704697114000)/",5230,500,7932200,41895000000,-100,false,-1.88
"HNG",135806,"/Date(1704697105000)/",5230,2000,7931700,41892000000,-100,false,-1.88
"HNG",135759,"/Date(1704697097000)/",5230,2000,7929700,41882000000,-100,false,-1.88
"HNG",135756,"/Date(1704697095000)/",5230,3000,7927700,41871000000,-100,false,-1.88
"HNG",135747,"/Date(1704697087000)/",5220,1000,7924700,41855000000,-110,true,-2.06
"HNG",135747,"/Date(1704697086000)/",5230,500,7923700,41850000000,-100,false,-1.88
"HNG",135747,"/Date(1704697086000)/",5230,100,7923200,41848000000,-100,false,-1.88
"HNG",135747,"/Date(1704697086000)/",5230,1000,7923100,41847000000,-100,false,-1.88
"HNG",135747,"/Date(1704697086000)/",5230,400,7922100,41842000000,-100,false,-1.88
"HNG",135705,"/Date(1704697042000)/",5220,200,7921700,41840000000,-110,true,-2.06
"HNG",135659,"/Date(1704697037000)/",5220,200,7921500,41839000000,-110,true,-2.06
"HNG",135649,"/Date(1704697026000)/",5220,2000,7921300,41838000000,-110,true,-2.06
"HNG",135636,"/Date(1704697016000)/",5220,1000,7919300,41827000000,-110,true,-2.06
"HNG",135636,"/Date(1704697016000)/",5230,100,7918300,41822000000,-100,false,-1.88
"HNG",135633,"/Date(1704697012000)/",5220,500,7918200,41821000000,-110,true,-2.06
"HNG",135623,"/Date(1704697003000)/",5220,2000,7917700,41819000000,-110,true,-2.06
"HNG",135607,"/Date(1704696987000)/",5220,3000,7915700,41808000000,-110,true,-2.06
"HNG",135548,"/Date(1704696968000)/",5220,900,7912700,41793000000,-110,true,-2.06
"HNG",135536,"/Date(1704696955000)/",5230,500,7911800,41788000000,-100,false,-1.88
"HNG",135536,"/Date(1704696953000)/",5220,2000,7911300,41785000000,-110,true,-2.06
"HNG",135504,"/Date(1704696924000)/",5220,300,7909300,41775000000,-110,false,-2.06
"HNG",135504,"/Date(1704696924000)/",5220,1000,7909000,41773000000,-110,false,-2.06
"HNG",135504,"/Date(1704696924000)/",5220,1200,7908000,41768000000,-110,false,-2.06
"HNG",135504,"/Date(1704696924000)/",5220,600,7906800,41762000000,-110,false,-2.06
"HNG",135504,"/Date(1704696924000)/",5220,500,7906200,41759000000,-110,false,-2.06
"HNG",135504,"/Date(1704696924000)/",5220,600,7905700,41756000000,-110,false,-2.06
"HNG",135441,"/Date(1704696901000)/",5200,2500,7905100,41753000000,-130,true,-2.44
"HNG",135412,"/Date(1704696871000)/",5200,100,7902600,41740000000,-130,true,-2.44
"HNG",135406,"/Date(1704696863000)/",5210,100,7902500,41740000000,-120,false,-2.25
"HNG",135403,"/Date(1704696861000)/",5200,3000,7902400,41739000000,-130,true,-2.44
"HNG",135331,"/Date(1704696831000)/",5200,2000,7899400,41723000000,-130,false,-2.44
"HNG",135331,"/Date(1704696830000)/",5200,100,7897400,41713000000,-130,false,-2.44
"HNG",135331,"/Date(1704696830000)/",5200,2000,7897300,41712000000,-130,false,-2.44
"HNG",135331,"/Date(1704696830000)/",5200,29700,7895300,41702000000,-130,false,-2.44
"HNG",135325,"/Date(1704696822000)/",5200,100,7865600,41548000000,-130,false,-2.44
"HNG",135249,"/Date(1704696789000)/",5200,300,7865500,41547000000,-130,false,-2.44
"HNG",135243,"/Date(1704696783000)/",5190,200,7865200,41546000000,-140,true,-2.63
"HNG",135243,"/Date(1704696783000)/",5190,200,7865000,41545000000,-140,true,-2.63
"HNG",135227,"/Date(1704696765000)/",5190,200,7864800,41544000000,-140,true,-2.63
"HNG",135227,"/Date(1704696765000)/",5190,500,7864600,41542000000,-140,true,-2.63
"HNG",135227,"/Date(1704696765000)/",5190,100,7864100,41540000000,-140,true,-2.63
"HNG",135227,"/Date(1704696765000)/",5190,4200,7864000,41539000000,-140,true,-2.63
"HNG",135214,"/Date(1704696752000)/",5190,3000,7859800,41518000000,-140,true,-2.63
"HNG",135201,"/Date(1704696740000)/",5200,100,7856800,41502000000,-130,true,-2.44
"HNG",135201,"/Date(1704696740000)/",5200,100,7856700,41501000000,-130,true,-2.44
"HNG",135201,"/Date(1704696740000)/",5200,5000,7856600,41501000000,-130,true,-2.44
"HNG",135201,"/Date(1704696740000)/",5200,100,7851600,41475000000,-130,true,-2.44
"HNG",135201,"/Date(1704696740000)/",5200,800,7851500,41474000000,-130,true,-2.44
"HNG",135201,"/Date(1704696740000)/",5200,10000,7850700,41470000000,-130,true,-2.44
"HNG",135201,"/Date(1704696740000)/",5200,500,7840700,41418000000,-130,true,-2.44
"HNG",135201,"/Date(1704696740000)/",5200,500,7840200,41416000000,-130,true,-2.44
"HNG",135201,"/Date(1704696740000)/",5200,9100,7839700,41413000000,-130,true,-2.44
"HNG",135201,"/Date(1704696740000)/",5200,1000,7830600,41366000000,-130,true,-2.44
"HNG",135201,"/Date(1704696740000)/",5200,1000,7829600,41361000000,-130,true,-2.44
"HNG",135201,"/Date(1704696740000)/",5200,3000,7828600,41355000000,-130,true,-2.44
"HNG",135201,"/Date(1704696740000)/",5200,18700,7825600,41340000000,-130,true,-2.44
"HNG",135146,"/Date(1704696726000)/",5210,1800,7806900,41243000000,-120,true,-2.25
"HNG",135146,"/Date(1704696726000)/",5210,500,7805100,41233000000,-120,true,-2.25
"HNG",135146,"/Date(1704696726000)/",5210,7600,7804600,41231000000,-120,true,-2.25
"HNG",135117,"/Date(1704696697000)/",5210,400,7797000,41191000000,-120,true,-2.25
"HNG",135117,"/Date(1704696697000)/",5210,100,7796600,41189000000,-120,true,-2.25
"HNG",135117,"/Date(1704696697000)/",5210,100,7796500,41188000000,-120,true,-2.25
"HNG",135048,"/Date(1704696666000)/",5200,200,7796400,41188000000,-130,true,-2.44
"HNG",135042,"/Date(1704696661000)/",5200,15300,7796200,41187000000,-130,true,-2.44
"HNG",135042,"/Date(1704696661000)/",5200,200,7780900,41107000000,-130,true,-2.44
"HNG",135042,"/Date(1704696661000)/",5200,500,7780700,41106000000,-130,true,-2.44
"HNG",135042,"/Date(1704696661000)/",5210,4000,7780200,41104000000,-120,false,-2.25
"HNG",135032,"/Date(1704696649000)/",5210,1000,7776200,41083000000,-120,false,-2.25
"HNG",135032,"/Date(1704696649000)/",5210,9900,7775200,41078000000,-120,false,-2.25
"HNG",135019,"/Date(1704696637000)/",5200,100,7765300,41026000000,-130,true,-2.44
"HNG",135007,"/Date(1704696625000)/",5200,500,7765200,41025000000,-130,true,-2.44
"HNG",135000,"/Date(1704696619000)/",5210,100,7764700,41023000000,-120,false,-2.25
"HNG",135000,"/Date(1704696619000)/",5200,2900,7764600,41022000000,-130,true,-2.44
"HNG",135000,"/Date(1704696619000)/",5200,500,7761700,41007000000,-130,true,-2.44
"HNG",135000,"/Date(1704696619000)/",5200,1000,7761200,41005000000,-130,true,-2.44
"HNG",135000,"/Date(1704696619000)/",5200,100,7760200,40999000000,-130,true,-2.44
"HNG",135000,"/Date(1704696619000)/",5200,100,7760100,40999000000,-130,true,-2.44
"HNG",135000,"/Date(1704696619000)/",5200,2000,7760000,40998000000,-130,true,-2.44
"HNG",135000,"/Date(1704696619000)/",5200,4000,7758000,40988000000,-130,true,-2.44
"HNG",135000,"/Date(1704696619000)/",5200,9400,7754000,40967000000,-130,true,-2.44
"HNG",134957,"/Date(1704696616000)/",5200,20600,7744600,40918000000,-130,true,-2.44
"HNG",134957,"/Date(1704696616000)/",5200,500,7724000,40811000000,-130,true,-2.44
"HNG",134957,"/Date(1704696616000)/",5200,500,7723500,40809000000,-130,true,-2.44
"HNG",134957,"/Date(1704696616000)/",5200,18400,7723000,40806000000,-130,true,-2.44
"HNG",134938,"/Date(1704696596000)/",5210,500,7704600,40710000000,-120,false,-2.25
"HNG",134938,"/Date(1704696596000)/",5210,3000,7704100,40708000000,-120,false,-2.25
"HNG",134938,"/Date(1704696596000)/",5210,5500,7701100,40692000000,-120,false,-2.25
"HNG",134938,"/Date(1704696596000)/",5210,4000,7695600,40663000000,-120,false,-2.25
"HNG",134938,"/Date(1704696596000)/",5210,2000,7691600,40643000000,-120,false,-2.25
"HNG",134938,"/Date(1704696596000)/",5210,10000,7689600,40632000000,-120,false,-2.25
"HNG",134938,"/Date(1704696596000)/",5210,400,7679600,40580000000,-120,false,-2.25
"HNG",134931,"/Date(1704696590000)/",5220,100,7679200,40578000000,-110,true,-2.06
"HNG",134931,"/Date(1704696590000)/",5220,200,7679100,40577000000,-110,true,-2.06
"HNG",134922,"/Date(1704696582000)/",5220,100,7678900,40576000000,-110,false,-2.06
"HNG",134859,"/Date(1704696558000)/",5220,200,7678800,40576000000,-110,false,-2.06
"HNG",134859,"/Date(1704696558000)/",5220,1000,7678600,40575000000,-110,false,-2.06
"HNG",134859,"/Date(1704696558000)/",5220,200,7677600,40570000000,-110,false,-2.06
"HNG",134834,"/Date(1704696533000)/",5210,4000,7677400,40569000000,-120,true,-2.25
"HNG",134805,"/Date(1704696503000)/",5220,1000,7673400,40548000000,-110,false,-2.06
"HNG",134805,"/Date(1704696502000)/",5220,100,7672400,40542000000,-110,false,-2.06
"HNG",134805,"/Date(1704696502000)/",5220,500,7672300,40542000000,-110,false,-2.06
"HNG",134805,"/Date(1704696502000)/",5220,2700,7671800,40539000000,-110,false,-2.06
"HNG",134752,"/Date(1704696490000)/",5210,100,7669100,40525000000,-120,false,-2.25
"HNG",134746,"/Date(1704696484000)/",5210,100,7669000,40525000000,-120,false,-2.25
"HNG",134739,"/Date(1704696477000)/",5210,100,7668900,40524000000,-120,false,-2.25
"HNG",134733,"/Date(1704696472000)/",5210,1000,7668800,40524000000,-120,false,-2.25
"HNG",134730,"/Date(1704696470000)/",5210,500,7667800,40518000000,-120,false,-2.25
"HNG",134727,"/Date(1704696467000)/",5210,100,7667300,40516000000,-120,false,-2.25
"HNG",134723,"/Date(1704696461000)/",5210,300,7667200,40515000000,-120,false,-2.25
"HNG",134720,"/Date(1704696458000)/",5210,300,7666900,40514000000,-120,true,-2.25
"HNG",134720,"/Date(1704696458000)/",5210,5000,7666600,40512000000,-120,true,-2.25
"HNG",134720,"/Date(1704696458000)/",5210,3000,7661600,40486000000,-120,true,-2.25
"HNG",134720,"/Date(1704696458000)/",5210,19800,7658600,40471000000,-120,true,-2.25
"HNG",134707,"/Date(1704696445000)/",5220,100,7638800,40367000000,-110,false,-2.06
"HNG",134704,"/Date(1704696444000)/",5220,1000,7638700,40367000000,-110,false,-2.06
"HNG",134657,"/Date(1704696436000)/",5210,200,7637700,40362000000,-120,true,-2.25
"HNG",134651,"/Date(1704696429000)/",5220,100,7637500,40361000000,-110,false,-2.06
"HNG",134638,"/Date(1704696417000)/",5220,800,7637400,40360000000,-110,false,-2.06
"HNG",134638,"/Date(1704696417000)/",5220,2000,7636600,40356000000,-110,false,-2.06
"HNG",134638,"/Date(1704696417000)/",5220,3300,7634600,40345000000,-110,false,-2.06
"HNG",134616,"/Date(1704696393000)/",5230,100,7631300,40328000000,-100,false,-1.88
"HNG",134616,"/Date(1704696391000)/",5220,1000,7631200,40328000000,-110,true,-2.06
"HNG",134600,"/Date(1704696379000)/",5220,300,7630200,40323000000,-110,true,-2.06
"HNG",134553,"/Date(1704696373000)/",5220,400,7629900,40321000000,-110,true,-2.06
"HNG",134553,"/Date(1704696373000)/",5220,100,7629500,40319000000,-110,true,-2.06
"HNG",134547,"/Date(1704696367000)/",5220,1000,7629400,40318000000,-110,true,-2.06
"HNG",134544,"/Date(1704696363000)/",5220,600,7628400,40313000000,-110,true,-2.06
"HNG",134544,"/Date(1704696363000)/",5220,400,7627800,40310000000,-110,true,-2.06
"HNG",134521,"/Date(1704696340000)/",5220,500,7627400,40308000000,-110,false,-2.06
"HNG",134521,"/Date(1704696340000)/",5220,100,7626900,40305000000,-110,false,-2.06
"HNG",134518,"/Date(1704696336000)/",5220,5000,7626800,40305000000,-110,false,-2.06
"HNG",134512,"/Date(1704696330000)/",5220,1000,7621800,40279000000,-110,true,-2.06
"HNG",134427,"/Date(1704696285000)/",5240,1000,7620800,40273000000,-90,false,-1.69
"HNG",134427,"/Date(1704696285000)/",5240,1600,7619800,40268000000,-90,false,-1.69
"HNG",134421,"/Date(1704696279000)/",5240,200,7618200,40260000000,-90,true,-1.69
"HNG",134418,"/Date(1704696275000)/",5240,100,7618000,40259000000,-90,true,-1.69
"HNG",134414,"/Date(1704696273000)/",5240,500,7617900,40258000000,-90,true,-1.69
"HNG",134408,"/Date(1704696267000)/",5240,200,7617400,40256000000,-90,true,-1.69
"HNG",134402,"/Date(1704696261000)/",5240,1400,7617200,40255000000,-90,true,-1.69
"HNG",134402,"/Date(1704696261000)/",5240,1600,7615800,40247000000,-90,true,-1.69
"HNG",134402,"/Date(1704696261000)/",5240,7000,7614200,40239000000,-90,true,-1.69
"HNG",134326,"/Date(1704696226000)/",5240,3000,7607200,40202000000,-90,true,-1.69
"HNG",134317,"/Date(1704696216000)/",5240,700,7604200,40186000000,-90,true,-1.69
"HNG",134258,"/Date(1704696195000)/",5240,300,7603500,40183000000,-90,true,-1.69
"HNG",134258,"/Date(1704696195000)/",5240,200,7603200,40181000000,-90,true,-1.69
"HNG",134258,"/Date(1704696195000)/",5240,100,7603000,40180000000,-90,true,-1.69
"HNG",134258,"/Date(1704696195000)/",5240,100,7602900,40180000000,-90,true,-1.69
"HNG",134238,"/Date(1704696177000)/",5250,5000,7602800,40179000000,-80,false,-1.5
"HNG",134219,"/Date(1704696158000)/",5240,100,7597800,40153000000,-90,false,-1.69
"HNG",134216,"/Date(1704696154000)/",5240,300,7597700,40152000000,-90,false,-1.69
"HNG",134203,"/Date(1704696140000)/",5240,400,7597400,40151000000,-90,true,-1.69
"HNG",134157,"/Date(1704696136000)/",5250,200,7597000,40149000000,-80,false,-1.5
"HNG",134141,"/Date(1704696119000)/",5240,100,7596800,40148000000,-90,true,-1.69
"HNG",134131,"/Date(1704696109000)/",5240,1100,7596700,40147000000,-90,false,-1.69
"HNG",134131,"/Date(1704696109000)/",5240,3400,7595600,40141000000,-90,false,-1.69
"HNG",134125,"/Date(1704696102000)/",5240,100,7592200,40124000000,-90,true,-1.69
"HNG",134125,"/Date(1704696102000)/",5240,3000,7592100,40123000000,-90,true,-1.69
"HNG",134125,"/Date(1704696102000)/",5240,2000,7589100,40107000000,-90,true,-1.69
"HNG",134125,"/Date(1704696102000)/",5240,100,7587100,40097000000,-90,true,-1.69
"HNG",134125,"/Date(1704696102000)/",5240,100,7587000,40096000000,-90,true,-1.69
"HNG",134125,"/Date(1704696102000)/",5240,1300,7586900,40096000000,-90,true,-1.69
"HNG",134109,"/Date(1704696089000)/",5240,100,7585600,40089000000,-90,true,-1.69
"HNG",134106,"/Date(1704696085000)/",5240,5000,7585500,40088000000,-90,true,-1.69
"HNG",134050,"/Date(1704696069000)/",5240,2000,7580500,40062000000,-90,true,-1.69
"HNG",134030,"/Date(1704696048000)/",5240,1800,7578500,40052000000,-90,true,-1.69
"HNG",133958,"/Date(1704696016000)/",5250,300,7576700,40042000000,-80,false,-1.5
"HNG",133949,"/Date(1704696009000)/",5240,100,7576400,40041000000,-90,true,-1.69
"HNG",133949,"/Date(1704696009000)/",5240,5000,7576300,40040000000,-90,true,-1.69
"HNG",133949,"/Date(1704696009000)/",5240,100,7571300,40014000000,-90,true,-1.69
"HNG",133949,"/Date(1704696009000)/",5240,1000,7571200,40013000000,-90,true,-1.69
"HNG",133949,"/Date(1704696009000)/",5240,1600,7570200,40008000000,-90,true,-1.69
"HNG",133949,"/Date(1704696009000)/",5240,200,7568600,40000000000,-90,true,-1.69
"HNG",133949,"/Date(1704696009000)/",5240,800,7568400,39999000000,-90,true,-1.69
"HNG",133949,"/Date(1704696008000)/",5200,6600,7567600,39995000000,-130,true,-2.44
"HNG",133949,"/Date(1704696008000)/",5200,6000,7561000,39960000000,-130,true,-2.44
"HNG",133949,"/Date(1704696008000)/",5200,1500,7555000,39929000000,-130,true,-2.44
"HNG",133949,"/Date(1704696008000)/",5200,300,7553500,39921000000,-130,true,-2.44
"HNG",133949,"/Date(1704696008000)/",5200,100,7553200,39920000000,-130,true,-2.44
"HNG",133949,"/Date(1704696008000)/",5200,30000,7553100,39919000000,-130,true,-2.44
"HNG",133949,"/Date(1704696008000)/",5200,1000,7523100,39763000000,-130,true,-2.44
"HNG",133949,"/Date(1704696008000)/",5210,5000,7522100,39758000000,-120,false,-2.25
"HNG",133949,"/Date(1704696008000)/",5210,200,7517100,39732000000,-120,false,-2.25
"HNG",133949,"/Date(1704696008000)/",5210,300,7516900,39731000000,-120,false,-2.25
"HNG",133949,"/Date(1704696008000)/",5210,11800,7516600,39729000000,-120,false,-2.25
"HNG",133949,"/Date(1704696008000)/",5220,3000,7504800,39668000000,-110,false,-2.06
"HNG",133949,"/Date(1704696008000)/",5220,1200,7501800,39652000000,-110,false,-2.06
"HNG",133949,"/Date(1704696008000)/",5220,100,7500600,39646000000,-110,false,-2.06
"HNG",133949,"/Date(1704696008000)/",5220,1000,7500500,39645000000,-110,false,-2.06
"HNG",133949,"/Date(1704696008000)/",5220,3200,7499500,39640000000,-110,false,-2.06
"HNG",133949,"/Date(1704696008000)/",5220,500,7496300,39624000000,-110,false,-2.06
"HNG",133949,"/Date(1704696008000)/",5220,4500,7495800,39621000000,-110,false,-2.06
"HNG",133949,"/Date(1704696008000)/",5220,600,7491300,39597000000,-110,false,-2.06
"HNG",133949,"/Date(1704696008000)/",5220,500,7490700,39594000000,-110,false,-2.06
"HNG",133949,"/Date(1704696008000)/",5220,1700,7490200,39592000000,-110,false,-2.06
"HNG",133949,"/Date(1704696008000)/",5230,100,7488500,39583000000,-100,false,-1.88
"HNG",133949,"/Date(1704696008000)/",5230,100,7488400,39582000000,-100,false,-1.88
"HNG",133949,"/Date(1704696008000)/",5230,1000,7488300,39582000000,-100,false,-1.88
"HNG",133949,"/Date(1704696008000)/",5230,200,7487300,39577000000,-100,false,-1.88
"HNG",133949,"/Date(1704696008000)/",5230,1000,7487100,39575000000,-100,false,-1.88
"HNG",133949,"/Date(1704696008000)/",5230,5600,7486100,39570000000,-100,false,-1.88
"HNG",133949,"/Date(1704696008000)/",5230,900,7480500,39541000000,-100,false,-1.88
"HNG",133933,"/Date(1704695992000)/",5240,300,7479600,39536000000,-90,false,-1.69
"HNG",133930,"/Date(1704695988000)/",5240,200,7479300,39535000000,-90,false,-1.69
"HNG",133927,"/Date(1704695985000)/",5240,100,7479100,39534000000,-90,false,-1.69
"HNG",133904,"/Date(1704695964000)/",5240,500,7479000,39533000000,-90,false,-1.69
"HNG",133826,"/Date(1704695924000)/",5240,100,7478500,39530000000,-90,false,-1.69
"HNG",133813,"/Date(1704695913000)/",5240,4000,7478400,39530000000,-90,false,-1.69
"HNG",133810,"/Date(1704695909000)/",5240,500,7474400,39509000000,-90,true,-1.69
"HNG",133810,"/Date(1704695907000)/",5250,100,7473900,39506000000,-80,false,-1.5
"HNG",133807,"/Date(1704695905000)/",5250,100,7473800,39506000000,-80,true,-1.5
"HNG",133803,"/Date(1704695903000)/",5250,8100,7473700,39505000000,-80,true,-1.5
"HNG",133757,"/Date(1704695894000)/",5250,500,7465600,39463000000,-80,true,-1.5
"HNG",133754,"/Date(1704695892000)/",5250,5000,7465100,39460000000,-80,false,-1.5
"HNG",133754,"/Date(1704695892000)/",5250,6300,7460100,39434000000,-80,false,-1.5
"HNG",133754,"/Date(1704695892000)/",5250,100,7453800,39401000000,-80,false,-1.5
"HNG",133751,"/Date(1704695889000)/",5250,400,7453700,39400000000,-80,false,-1.5
"HNG",133751,"/Date(1704695888000)/",5250,100,7453300,39398000000,-80,false,-1.5
"HNG",133741,"/Date(1704695879000)/",5250,200,7453200,39398000000,-80,true,-1.5
"HNG",133741,"/Date(1704695879000)/",5250,1200,7453000,39397000000,-80,true,-1.5
"HNG",133741,"/Date(1704695879000)/",5250,3000,7451800,39390000000,-80,true,-1.5
"HNG",133722,"/Date(1704695861000)/",5250,100,7448800,39375000000,-80,false,-1.5
"HNG",133722,"/Date(1704695861000)/",5250,200,7448700,39374000000,-80,false,-1.5
"HNG",133722,"/Date(1704695861000)/",5250,600,7448500,39373000000,-80,false,-1.5
"HNG",133719,"/Date(1704695857000)/",5250,400,7447900,39370000000,-80,false,-1.5
"HNG",133719,"/Date(1704695857000)/",5250,500,7447500,39368000000,-80,false,-1.5
"HNG",133719,"/Date(1704695857000)/",5250,800,7447000,39365000000,-80,false,-1.5
"HNG",133719,"/Date(1704695857000)/",5250,10000,7446200,39361000000,-80,false,-1.5
"HNG",133719,"/Date(1704695857000)/",5250,200,7436200,39308000000,-80,false,-1.5
"HNG",133719,"/Date(1704695857000)/",5250,3000,7436000,39307000000,-80,false,-1.5
"HNG",133719,"/Date(1704695857000)/",5250,700,7433000,39292000000,-80,false,-1.5
"HNG",133719,"/Date(1704695857000)/",5250,2000,7432300,39288000000,-80,false,-1.5
"HNG",133719,"/Date(1704695857000)/",5250,500,7430300,39277000000,-80,false,-1.5
"HNG",133719,"/Date(1704695857000)/",5250,1900,7429800,39275000000,-80,false,-1.5
"HNG",133719,"/Date(1704695856000)/",5240,500,7427900,39265000000,-90,false,-1.69
"HNG",133715,"/Date(1704695855000)/",5240,100,7427400,39262000000,-90,true,-1.69
"HNG",133703,"/Date(1704695842000)/",5250,100,7427300,39262000000,-80,false,-1.5
"HNG",133703,"/Date(1704695842000)/",5250,100,7427200,39261000000,-80,false,-1.5
"HNG",133703,"/Date(1704695842000)/",5250,100,7427100,39261000000,-80,false,-1.5
"HNG",133659,"/Date(1704695837000)/",5240,300,7427000,39260000000,-90,true,-1.69
"HNG",133659,"/Date(1704695837000)/",5240,200,7426700,39259000000,-90,true,-1.69
"HNG",133650,"/Date(1704695830000)/",5240,500,7426500,39258000000,-90,false,-1.69
"HNG",133650,"/Date(1704695829000)/",5240,100,7426000,39255000000,-90,false,-1.69
"HNG",133640,"/Date(1704695818000)/",5240,200,7425900,39254000000,-90,false,-1.69
"HNG",133634,"/Date(1704695814000)/",5240,9200,7425700,39253000000,-90,false,-1.69
"HNG",133634,"/Date(1704695814000)/",5240,100,7416500,39205000000,-90,false,-1.69
"HNG",133634,"/Date(1704695814000)/",5240,400,7416400,39205000000,-90,false,-1.69
"HNG",133631,"/Date(1704695810000)/",5230,100,7416000,39203000000,-100,true,-1.88
"HNG",133618,"/Date(1704695795000)/",5230,1000,7415900,39202000000,-100,false,-1.88
"HNG",133615,"/Date(1704695792000)/",5230,100,7414900,39197000000,-100,false,-1.88
"HNG",133612,"/Date(1704695790000)/",5230,2200,7414800,39196000000,-100,false,-1.88
"HNG",133608,"/Date(1704695786000)/",5230,6700,7412600,39185000000,-100,false,-1.88
"HNG",133608,"/Date(1704695786000)/",5230,2000,7405900,39150000000,-100,false,-1.88
"HNG",133602,"/Date(1704695781000)/",5230,200,7403900,39139000000,-100,false,-1.88
"HNG",133559,"/Date(1704695776000)/",5230,9700,7403700,39138000000,-100,false,-1.88
"HNG",133552,"/Date(1704695771000)/",5220,600,7394000,39087000000,-110,true,-2.06
"HNG",133546,"/Date(1704695763000)/",5220,800,7393400,39084000000,-110,true,-2.06
"HNG",133536,"/Date(1704695756000)/",5230,4000,7392600,39080000000,-100,false,-1.88
"HNG",133527,"/Date(1704695746000)/",5230,100,7388600,39059000000,-100,false,-1.88
"HNG",133517,"/Date(1704695735000)/",5230,5000,7388500,39059000000,-100,false,-1.88
"HNG",133514,"/Date(1704695732000)/",5220,500,7383500,39033000000,-110,true,-2.06
"HNG",133445,"/Date(1704695704000)/",5220,500,7383000,39030000000,-110,true,-2.06
"HNG",133439,"/Date(1704695698000)/",5220,200,7382500,39027000000,-110,true,-2.06
"HNG",133432,"/Date(1704695691000)/",5220,300,7382300,39026000000,-110,true,-2.06
"HNG",133432,"/Date(1704695690000)/",5220,400,7382000,39025000000,-110,true,-2.06
"HNG",133432,"/Date(1704695690000)/",5220,1600,7381600,39023000000,-110,true,-2.06
"HNG",133429,"/Date(1704695687000)/",5220,300,7380000,39014000000,-110,true,-2.06
"HNG",133420,"/Date(1704695677000)/",5220,5000,7379700,39013000000,-110,true,-2.06
"HNG",133416,"/Date(1704695676000)/",5230,33400,7374700,38987000000,-100,false,-1.88
"HNG",133416,"/Date(1704695676000)/",5230,5000,7341300,38812000000,-100,false,-1.88
"HNG",133416,"/Date(1704695676000)/",5230,2300,7336300,38786000000,-100,false,-1.88
"HNG",133416,"/Date(1704695676000)/",5230,2500,7334000,38774000000,-100,false,-1.88
"HNG",133413,"/Date(1704695672000)/",5230,1900,7331500,38761000000,-100,false,-1.88
"HNG",133344,"/Date(1704695642000)/",5220,800,7329600,38751000000,-110,true,-2.06
"HNG",133334,"/Date(1704695633000)/",5220,1000,7328800,38747000000,-110,true,-2.06
"HNG",133328,"/Date(1704695626000)/",5220,500,7327800,38741000000,-110,true,-2.06
"HNG",133240,"/Date(1704695577000)/",5220,300,7327300,38739000000,-110,true,-2.06
"HNG",133237,"/Date(1704695574000)/",5220,3000,7327000,38737000000,-110,true,-2.06
"HNG",133227,"/Date(1704695564000)/",5220,300,7324000,38722000000,-110,true,-2.06
"HNG",133218,"/Date(1704695555000)/",5220,2000,7323700,38720000000,-110,true,-2.06
"HNG",133205,"/Date(1704695543000)/",5220,6400,7321700,38710000000,-110,false,-2.06
"HNG",133205,"/Date(1704695543000)/",5220,1000,7315300,38676000000,-110,false,-2.06
"HNG",133205,"/Date(1704695543000)/",5220,2500,7314300,38671000000,-110,false,-2.06
"HNG",133205,"/Date(1704695543000)/",5220,3000,7311800,38658000000,-110,false,-2.06
"HNG",133205,"/Date(1704695543000)/",5220,2300,7308800,38642000000,-110,false,-2.06
"HNG",133155,"/Date(1704695535000)/",5210,3800,7306500,38630000000,-120,true,-2.25
"HNG",133155,"/Date(1704695535000)/",5210,500,7302700,38610000000,-120,true,-2.25
"HNG",133155,"/Date(1704695535000)/",5210,4700,7302200,38608000000,-120,true,-2.25
"HNG",133155,"/Date(1704695533000)/",5220,100,7297500,38583000000,-110,false,-2.06
"HNG",133143,"/Date(1704695522000)/",5220,2800,7297400,38583000000,-110,false,-2.06
"HNG",133114,"/Date(1704695493000)/",5220,1500,7294600,38568000000,-110,false,-2.06
"HNG",133114,"/Date(1704695491000)/",5220,2000,7293100,38560000000,-110,false,-2.06
"HNG",133107,"/Date(1704695487000)/",5220,100,7291100,38550000000,-110,false,-2.06
"HNG",133107,"/Date(1704695486000)/",5210,2300,7291000,38549000000,-120,true,-2.25
"HNG",133104,"/Date(1704695484000)/",5210,1000,7288700,38537000000,-120,true,-2.25
"HNG",133104,"/Date(1704695483000)/",5220,200,7287700,38532000000,-110,false,-2.06
"HNG",133104,"/Date(1704695483000)/",5220,1800,7287500,38531000000,-110,false,-2.06
"HNG",133101,"/Date(1704695479000)/",5210,3500,7285700,38522000000,-120,true,-2.25
"HNG",133058,"/Date(1704695476000)/",5210,100,7282200,38503000000,-120,true,-2.25
"HNG",133054,"/Date(1704695473000)/",5210,48400,7282100,38503000000,-120,true,-2.25
"HNG",133054,"/Date(1704695473000)/",5210,1000,7233700,38251000000,-120,true,-2.25
"HNG",133054,"/Date(1704695473000)/",5210,1500,7232700,38246000000,-120,true,-2.25
"HNG",133054,"/Date(1704695473000)/",5210,1000,7231200,38238000000,-120,true,-2.25
"HNG",133054,"/Date(1704695473000)/",5210,1200,7230200,38233000000,-120,true,-2.25
"HNG",133035,"/Date(1704695453000)/",5210,800,7229000,38226000000,-120,true,-2.25
"HNG",133019,"/Date(1704695437000)/",5220,3700,7228200,38222000000,-110,false,-2.06
"HNG",133019,"/Date(1704695437000)/",5220,4500,7224500,38203000000,-110,false,-2.06
"HNG",133009,"/Date(1704695429000)/",5220,500,7220000,38179000000,-110,true,-2.06
"HNG",133009,"/Date(1704695429000)/",5220,500,7219500,38177000000,-110,true,-2.06
"HNG",132954,"/Date(1704695411000)/",5220,200,7219000,38174000000,-110,false,-2.06
"HNG",132954,"/Date(1704695411000)/",5220,100,7218800,38173000000,-110,false,-2.06
"HNG",132954,"/Date(1704695411000)/",5220,3000,7218700,38173000000,-110,false,-2.06
"HNG",132954,"/Date(1704695411000)/",5220,200,7215700,38157000000,-110,false,-2.06
"HNG",132944,"/Date(1704695402000)/",5220,800,7215500,38156000000,-110,false,-2.06
"HNG",132944,"/Date(1704695402000)/",5220,200,7214700,38152000000,-110,false,-2.06
"HNG",132934,"/Date(1704695392000)/",5220,300,7214500,38151000000,-110,false,-2.06
"HNG",132934,"/Date(1704695392000)/",5220,100,7214200,38149000000,-110,false,-2.06
"HNG",132934,"/Date(1704695392000)/",5220,600,7214100,38149000000,-110,false,-2.06
"HNG",132931,"/Date(1704695390000)/",5220,3000,7213500,38145000000,-110,false,-2.06
"HNG",132912,"/Date(1704695369000)/",5220,100,7210500,38130000000,-110,false,-2.06
"HNG",132909,"/Date(1704695367000)/",5220,2000,7210400,38129000000,-110,false,-2.06
"HNG",132902,"/Date(1704695361000)/",5220,400,7208400,38119000000,-110,true,-2.06
"HNG",132902,"/Date(1704695361000)/",5220,3900,7208000,38117000000,-110,true,-2.06
"HNG",132902,"/Date(1704695361000)/",5230,300,7204100,38096000000,-100,false,-1.88
"HNG",132859,"/Date(1704695358000)/",5220,300,7203800,38095000000,-110,true,-2.06
"HNG",132856,"/Date(1704695356000)/",5220,100,7203500,38093000000,-110,true,-2.06
"HNG",132850,"/Date(1704695348000)/",5220,500,7203400,38093000000,-110,false,-2.06
"HNG",132850,"/Date(1704695348000)/",5220,200,7202900,38090000000,-110,false,-2.06
"HNG",132850,"/Date(1704695348000)/",5220,5000,7202700,38089000000,-110,false,-2.06
"HNG",132850,"/Date(1704695348000)/",5220,40000,7197700,38063000000,-110,false,-2.06
"HNG",132846,"/Date(1704695346000)/",5220,200,7157700,37854000000,-110,false,-2.06
"HNG",132843,"/Date(1704695342000)/",5210,8400,7157500,37853000000,-120,false,-2.25
"HNG",132840,"/Date(1704695340000)/",5210,10000,7149100,37809000000,-120,false,-2.25
"HNG",132834,"/Date(1704695333000)/",5210,1200,7139100,37757000000,-120,false,-2.25
"HNG",132834,"/Date(1704695333000)/",5210,7000,7137900,37751000000,-120,false,-2.25
"HNG",132834,"/Date(1704695333000)/",5210,3000,7130900,37715000000,-120,false,-2.25
"HNG",132802,"/Date(1704695299000)/",5200,200,7127900,37699000000,-130,true,-2.44
"HNG",132752,"/Date(1704695290000)/",5200,1500,7127700,37698000000,-130,true,-2.44
"HNG",132752,"/Date(1704695290000)/",5200,100,7126200,37690000000,-130,true,-2.44
"HNG",132752,"/Date(1704695290000)/",5200,100,7126100,37690000000,-130,true,-2.44
"HNG",132752,"/Date(1704695290000)/",5200,200,7126000,37689000000,-130,true,-2.44
"HNG",132752,"/Date(1704695290000)/",5200,10000,7125800,37688000000,-130,true,-2.44
"HNG",132752,"/Date(1704695290000)/",5200,500,7115800,37636000000,-130,true,-2.44
"HNG",132752,"/Date(1704695290000)/",5200,100,7115300,37633000000,-130,true,-2.44
"HNG",132752,"/Date(1704695290000)/",5200,100,7115200,37633000000,-130,true,-2.44
"HNG",132752,"/Date(1704695290000)/",5200,100,7115100,37632000000,-130,true,-2.44
"HNG",132752,"/Date(1704695290000)/",5200,3000,7115000,37632000000,-130,true,-2.44
"HNG",132752,"/Date(1704695290000)/",5200,1000,7112000,37616000000,-130,true,-2.44
"HNG",132752,"/Date(1704695290000)/",5200,5000,7111000,37611000000,-130,true,-2.44
"HNG",132752,"/Date(1704695290000)/",5200,14400,7106000,37585000000,-130,true,-2.44
"HNG",132752,"/Date(1704695289000)/",5190,200,7091600,37510000000,-140,true,-2.63
"HNG",132752,"/Date(1704695289000)/",5190,2600,7091400,37509000000,-140,true,-2.63
"HNG",132749,"/Date(1704695287000)/",5190,200,7088800,37496000000,-140,false,-2.63
"HNG",132743,"/Date(1704695281000)/",5190,200,7088600,37495000000,-140,false,-2.63
"HNG",132743,"/Date(1704695281000)/",5190,100,7088400,37494000000,-140,false,-2.63
"HNG",132736,"/Date(1704695274000)/",5190,20000,7088300,37493000000,-140,false,-2.63
"HNG",132733,"/Date(1704695272000)/",5190,700,7068300,37389000000,-140,false,-2.63
"HNG",132733,"/Date(1704695272000)/",5190,1300,7067600,37386000000,-140,false,-2.63
"HNG",132711,"/Date(1704695250000)/",5190,200,7066300,37379000000,-140,false,-2.63
"HNG",132707,"/Date(1704695245000)/",5190,300,7066100,37378000000,-140,true,-2.63
"HNG",132648,"/Date(1704695228000)/",5200,7900,7065800,37376000000,-130,false,-2.44
"HNG",132648,"/Date(1704695228000)/",5180,7100,7057900,37335000000,-150,false,-2.81
"HNG",132639,"/Date(1704695218000)/",5180,200,7050800,37298000000,-150,false,-2.81
"HNG",132629,"/Date(1704695209000)/",5180,1700,7050600,37297000000,-150,false,-2.81
"HNG",132623,"/Date(1704695202000)/",5180,12000,7048900,37289000000,-150,false,-2.81
"HNG",132623,"/Date(1704695200000)/",5180,15000,7036900,37226000000,-150,false,-2.81
"HNG",132616,"/Date(1704695196000)/",5180,500,7021900,37149000000,-150,false,-2.81
"HNG",132616,"/Date(1704695195000)/",5170,500,7021400,37146000000,-160,true,-3
"HNG",132616,"/Date(1704695195000)/",5170,2000,7020900,37143000000,-160,true,-3
"HNG",132616,"/Date(1704695195000)/",5170,2500,7018900,37133000000,-160,true,-3
"HNG",132613,"/Date(1704695191000)/",5170,200,7016400,37120000000,-160,true,-3
"HNG",132610,"/Date(1704695189000)/",5180,500,7016200,37119000000,-150,false,-2.81
"HNG",132600,"/Date(1704695180000)/",5170,100,7015700,37117000000,-160,true,-3
"HNG",132557,"/Date(1704695176000)/",5180,1000,7015600,37116000000,-150,false,-2.81
"HNG",132557,"/Date(1704695174000)/",5190,2000,7014600,37111000000,-140,true,-2.63
"HNG",132554,"/Date(1704695173000)/",5190,4600,7012600,37101000000,-140,false,-2.63
"HNG",132554,"/Date(1704695171000)/",5190,15400,7008000,37077000000,-140,false,-2.63
"HNG",132551,"/Date(1704695168000)/",5190,14000,6992600,36997000000,-140,false,-2.63
"HNG",132551,"/Date(1704695168000)/",5190,6000,6978600,36924000000,-140,false,-2.63
"HNG",132548,"/Date(1704695168000)/",5170,4500,6972600,36893000000,-160,true,-3
"HNG",132538,"/Date(1704695157000)/",5170,1700,6968100,36870000000,-160,true,-3
"HNG",132538,"/Date(1704695157000)/",5170,1000,6966400,36861000000,-160,true,-3
"HNG",132538,"/Date(1704695157000)/",5170,400,6965400,36856000000,-160,true,-3
"HNG",132528,"/Date(1704695148000)/",5190,200,6965000,36854000000,-140,false,-2.63
"HNG",132525,"/Date(1704695145000)/",5190,1000,6964800,36853000000,-140,false,-2.63
"HNG",132525,"/Date(1704695144000)/",5190,2000,6963800,36847000000,-140,false,-2.63
"HNG",132509,"/Date(1704695129000)/",5190,9000,6961800,36837000000,-140,false,-2.63
"HNG",132503,"/Date(1704695123000)/",5190,6800,6952800,36790000000,-140,false,-2.63
"HNG",132503,"/Date(1704695123000)/",5190,100,6946000,36755000000,-140,false,-2.63
"HNG",132503,"/Date(1704695123000)/",5190,1100,6945900,36754000000,-140,false,-2.63
"HNG",132503,"/Date(1704695123000)/",5170,1000,6944800,36749000000,-160,false,-3
"HNG",132503,"/Date(1704695122000)/",5170,500,6943800,36744000000,-160,false,-3
"HNG",132503,"/Date(1704695121000)/",5170,3500,6943300,36741000000,-160,false,-3
"HNG",132503,"/Date(1704695121000)/",5170,700,6939800,36723000000,-160,false,-3
"HNG",132503,"/Date(1704695121000)/",5170,3700,6939100,36719000000,-160,false,-3
"HNG",132459,"/Date(1704695119000)/",5170,100,6935400,36700000000,-160,false,-3
"HNG",132459,"/Date(1704695119000)/",5170,100,6935300,36700000000,-160,false,-3
"HNG",132459,"/Date(1704695119000)/",5170,100,6935200,36699000000,-160,false,-3
"HNG",132456,"/Date(1704695116000)/",5170,1700,6935100,36699000000,-160,false,-3
"HNG",132456,"/Date(1704695114000)/",5170,1000,6933400,36690000000,-160,false,-3
"HNG",132456,"/Date(1704695114000)/",5170,5000,6932400,36685000000,-160,false,-3
"HNG",132453,"/Date(1704695113000)/",5170,700,6927400,36659000000,-160,false,-3
"HNG",132453,"/Date(1704695113000)/",5170,500,6926700,36655000000,-160,false,-3
"HNG",132453,"/Date(1704695111000)/",5170,2000,6926200,36653000000,-160,false,-3
"HNG",132450,"/Date(1704695109000)/",5170,100,6924200,36642000000,-160,false,-3
"HNG",132450,"/Date(1704695108000)/",5170,300,6924100,36642000000,-160,false,-3
"HNG",132440,"/Date(1704695100000)/",5170,9700,6923800,36640000000,-160,false,-3
"HNG",132440,"/Date(1704695100000)/",5170,15300,6914100,36590000000,-160,false,-3
"HNG",132440,"/Date(1704695100000)/",5160,12900,6898800,36511000000,-170,false,-3.19
"HNG",132440,"/Date(1704695100000)/",5160,100,6885900,36444000000,-170,false,-3.19
"HNG",132440,"/Date(1704695099000)/",5160,200,6885800,36444000000,-170,false,-3.19
"HNG",132437,"/Date(1704695097000)/",5150,200,6885600,36443000000,-180,true,-3.38
"HNG",132437,"/Date(1704695095000)/",5160,200,6885400,36442000000,-170,false,-3.19
"HNG",132434,"/Date(1704695094000)/",5150,500,6885200,36441000000,-180,true,-3.38
"HNG",132434,"/Date(1704695091000)/",5160,500,6884700,36438000000,-170,false,-3.19
"HNG",132431,"/Date(1704695089000)/",5160,500,6884200,36436000000,-170,false,-3.19
"HNG",132424,"/Date(1704695084000)/",5150,3000,6883700,36433000000,-180,false,-3.38
"HNG",132424,"/Date(1704695084000)/",5150,100,6880700,36418000000,-180,false,-3.38
"HNG",132424,"/Date(1704695084000)/",5150,2000,6880600,36417000000,-180,false,-3.38
"HNG",132424,"/Date(1704695084000)/",5150,300,6878600,36407000000,-180,false,-3.38
"HNG",132424,"/Date(1704695084000)/",5150,6900,6878300,36405000000,-180,false,-3.38
"HNG",132424,"/Date(1704695084000)/",5150,200,6871400,36370000000,-180,false,-3.38
"HNG",132424,"/Date(1704695084000)/",5150,400,6871200,36369000000,-180,false,-3.38
"HNG",132424,"/Date(1704695084000)/",5150,500,6870800,36367000000,-180,false,-3.38
"HNG",132424,"/Date(1704695084000)/",5150,1000,6870300,36364000000,-180,false,-3.38
"HNG",132424,"/Date(1704695084000)/",5150,1000,6869300,36359000000,-180,false,-3.38
"HNG",132424,"/Date(1704695084000)/",5150,1000,6868300,36354000000,-180,false,-3.38
"HNG",132424,"/Date(1704695084000)/",5150,1000,6867300,36349000000,-180,false,-3.38
"HNG",132424,"/Date(1704695084000)/",5150,200,6866300,36343000000,-180,false,-3.38
"HNG",132424,"/Date(1704695084000)/",5150,34800,6866100,36342000000,-180,false,-3.38
"HNG",132424,"/Date(1704695084000)/",5150,100,6831300,36163000000,-180,false,-3.38
"HNG",132424,"/Date(1704695084000)/",5150,100,6831200,36163000000,-180,false,-3.38
"HNG",132424,"/Date(1704695083000)/",5150,100,6831100,36162000000,-180,false,-3.38
"HNG",132424,"/Date(1704695083000)/",5150,20000,6831000,36162000000,-180,false,-3.38
"HNG",132424,"/Date(1704695083000)/",5150,100,6811000,36059000000,-180,false,-3.38
"HNG",132424,"/Date(1704695083000)/",5150,100,6810900,36058000000,-180,false,-3.38
"HNG",132424,"/Date(1704695083000)/",5150,2000,6810800,36058000000,-180,false,-3.38
"HNG",132424,"/Date(1704695083000)/",5150,5000,6808800,36047000000,-180,false,-3.38
"HNG",132424,"/Date(1704695083000)/",5150,100,6803800,36022000000,-180,false,-3.38
"HNG",132424,"/Date(1704695082000)/",5150,10000,6803700,36021000000,-180,false,-3.38
"HNG",132424,"/Date(1704695082000)/",5150,100,6793700,35970000000,-180,false,-3.38
"HNG",132424,"/Date(1704695082000)/",5150,5000,6793600,35969000000,-180,false,-3.38
"HNG",132424,"/Date(1704695082000)/",5150,500,6788600,35943000000,-180,false,-3.38
"HNG",132424,"/Date(1704695082000)/",5150,100,6788100,35941000000,-180,false,-3.38
"HNG",132424,"/Date(1704695081000)/",5150,20000,6788000,35940000000,-180,false,-3.38
"HNG",132421,"/Date(1704695081000)/",5150,100,6768000,35837000000,-180,false,-3.38
"HNG",132421,"/Date(1704695080000)/",5150,100,6767900,35837000000,-180,false,-3.38
"HNG",132421,"/Date(1704695079000)/",5150,140000,6767800,35836000000,-180,false,-3.38
"HNG",132421,"/Date(1704695079000)/",5150,20000,6627800,35115000000,-180,false,-3.38
"HNG",132421,"/Date(1704695079000)/",5150,300,6607800,35012000000,-180,false,-3.38
"HNG",132421,"/Date(1704695079000)/",5150,700,6607500,35011000000,-180,false,-3.38
"HNG",132418,"/Date(1704695076000)/",5150,10000,6606800,35007000000,-180,false,-3.38
"HNG",132418,"/Date(1704695076000)/",5150,1000,6596800,34956000000,-180,false,-3.38
"HNG",132415,"/Date(1704695072000)/",5150,3000,6595800,34950000000,-180,false,-3.38
"HNG",132412,"/Date(1704695071000)/",5150,4700,6592800,34935000000,-180,false,-3.38
"HNG",132412,"/Date(1704695071000)/",5150,1900,6588100,34911000000,-180,false,-3.38
"HNG",132412,"/Date(1704695069000)/",5150,200,6586200,34901000000,-180,false,-3.38
"HNG",132405,"/Date(1704695063000)/",5150,500,6586000,34900000000,-180,false,-3.38
"HNG",132402,"/Date(1704695059000)/",5150,1000,6585500,34897000000,-180,false,-3.38
"HNG",132359,"/Date(1704695056000)/",5150,4000,6584500,34892000000,-180,false,-3.38
"HNG",132356,"/Date(1704695056000)/",5150,100,6580500,34872000000,-180,false,-3.38
"HNG",132352,"/Date(1704695052000)/",5150,500,6580400,34871000000,-180,false,-3.38
"HNG",132352,"/Date(1704695050000)/",5150,1000,6579900,34868000000,-180,false,-3.38
"HNG",132349,"/Date(1704695046000)/",5150,5500,6578900,34863000000,-180,false,-3.38
"HNG",132343,"/Date(1704695042000)/",5150,2000,6573400,34835000000,-180,false,-3.38
"HNG",132343,"/Date(1704695040000)/",5150,1000,6571400,34825000000,-180,false,-3.38
"HNG",132340,"/Date(1704695040000)/",5150,100,6570400,34820000000,-180,false,-3.38
"HNG",132340,"/Date(1704695039000)/",5150,5000,6570300,34819000000,-180,false,-3.38
"HNG",132340,"/Date(1704695038000)/",5150,5800,6565300,34793000000,-180,false,-3.38
"HNG",132340,"/Date(1704695037000)/",5150,500,6559500,34763000000,-180,false,-3.38
"HNG",132333,"/Date(1704695033000)/",5150,100,6559000,34761000000,-180,false,-3.38
"HNG",132330,"/Date(1704695029000)/",5150,29700,6558900,34760000000,-180,false,-3.38
"HNG",132330,"/Date(1704695028000)/",5150,4000,6529200,34607000000,-180,false,-3.38
"HNG",132327,"/Date(1704695026000)/",5150,1500,6525200,34587000000,-180,false,-3.38
"HNG",132317,"/Date(1704695016000)/",5150,1600,6523700,34579000000,-180,false,-3.38
"HNG",132314,"/Date(1704695013000)/",5150,1000,6522100,34571000000,-180,false,-3.38
"HNG",132311,"/Date(1704695009000)/",5140,200,6521100,34566000000,-190,true,-3.56
"HNG",132311,"/Date(1704695009000)/",5140,5000,6520900,34565000000,-190,true,-3.56
"HNG",132311,"/Date(1704695009000)/",5140,1000,6515900,34539000000,-190,true,-3.56
"HNG",132311,"/Date(1704695009000)/",5140,5600,6514900,34534000000,-190,true,-3.56
"HNG",132311,"/Date(1704695009000)/",5140,600,6509300,34505000000,-190,true,-3.56
"HNG",132311,"/Date(1704695009000)/",5140,700,6508700,34502000000,-190,true,-3.56
"HNG",132311,"/Date(1704695009000)/",5140,1900,6508000,34498000000,-190,true,-3.56
"HNG",132304,"/Date(1704695002000)/",5150,4000,6506100,34489000000,-180,false,-3.38
"HNG",132304,"/Date(1704695002000)/",5140,7000,6502100,34468000000,-190,true,-3.56
"HNG",132252,"/Date(1704694992000)/",5140,200,6495100,34432000000,-190,true,-3.56
"HNG",132252,"/Date(1704694990000)/",5140,300,6494900,34431000000,-190,true,-3.56
"HNG",132248,"/Date(1704694988000)/",5140,2000,6494600,34429000000,-190,true,-3.56
"HNG",132248,"/Date(1704694986000)/",5150,200,6492600,34419000000,-180,false,-3.38
"HNG",132245,"/Date(1704694984000)/",5140,2000,6492400,34418000000,-190,true,-3.56
"HNG",132245,"/Date(1704694983000)/",5150,60900,6490400,34408000000,-180,false,-3.38
"HNG",132239,"/Date(1704694978000)/",5140,1100,6429500,34094000000,-190,true,-3.56
"HNG",132210,"/Date(1704694949000)/",5140,500,6428400,34089000000,-190,true,-3.56
"HNG",132210,"/Date(1704694949000)/",5140,1000,6427900,34086000000,-190,true,-3.56
"HNG",132210,"/Date(1704694949000)/",5140,1000,6426900,34081000000,-190,true,-3.56
"HNG",132210,"/Date(1704694949000)/",5140,1500,6425900,34076000000,-190,true,-3.56
"HNG",132210,"/Date(1704694949000)/",5140,1000,6424400,34068000000,-190,true,-3.56
"HNG",132210,"/Date(1704694949000)/",5140,5000,6423400,34063000000,-190,true,-3.56
"HNG",132200,"/Date(1704694939000)/",5140,100,6418400,34037000000,-190,true,-3.56
"HNG",132200,"/Date(1704694938000)/",5140,500,6418300,34037000000,-190,true,-3.56
"HNG",132200,"/Date(1704694938000)/",5150,1000,6417800,34034000000,-180,false,-3.38
"HNG",132200,"/Date(1704694938000)/",5140,4500,6416800,34029000000,-190,true,-3.56
"HNG",132200,"/Date(1704694938000)/",5140,100,6412300,34006000000,-190,true,-3.56
"HNG",132200,"/Date(1704694938000)/",5140,10000,6412200,34005000000,-190,true,-3.56
"HNG",132200,"/Date(1704694938000)/",5140,10000,6402200,33954000000,-190,true,-3.56
"HNG",132200,"/Date(1704694938000)/",5140,1500,6392200,33902000000,-190,true,-3.56
"HNG",132200,"/Date(1704694938000)/",5140,100,6390700,33895000000,-190,true,-3.56
"HNG",132200,"/Date(1704694938000)/",5140,100,6390600,33894000000,-190,true,-3.56
"HNG",132200,"/Date(1704694938000)/",5140,400,6390500,33894000000,-190,true,-3.56
"HNG",132200,"/Date(1704694938000)/",5140,2200,6390100,33892000000,-190,true,-3.56
"HNG",132200,"/Date(1704694938000)/",5140,100,6387900,33880000000,-190,true,-3.56
"HNG",132200,"/Date(1704694938000)/",5140,200,6387800,33880000000,-190,true,-3.56
"HNG",132200,"/Date(1704694938000)/",5140,20800,6387600,33879000000,-190,true,-3.56
"HNG",132154,"/Date(1704694934000)/",5140,200,6366800,33772000000,-190,true,-3.56
"HNG",132154,"/Date(1704694931000)/",5140,400,6366600,33771000000,-190,true,-3.56
"HNG",132151,"/Date(1704694929000)/",5150,100,6366200,33769000000,-180,false,-3.38
"HNG",132132,"/Date(1704694910000)/",5150,1000,6366100,33768000000,-180,false,-3.38
"HNG",132129,"/Date(1704694908000)/",5140,1300,6365100,33763000000,-190,true,-3.56
"HNG",132129,"/Date(1704694906000)/",5140,300,6363800,33756000000,-190,true,-3.56
"HNG",132122,"/Date(1704694901000)/",5150,2500,6363500,33755000000,-180,false,-3.38
"HNG",132122,"/Date(1704694899000)/",5150,200,6361000,33742000000,-180,false,-3.38
"HNG",132057,"/Date(1704694874000)/",5140,1000,6360800,33741000000,-190,true,-3.56
"HNG",132044,"/Date(1704694862000)/",5140,1500,6359800,33736000000,-190,true,-3.56
"HNG",132037,"/Date(1704694857000)/",5140,1500,6358300,33728000000,-190,true,-3.56
"HNG",132037,"/Date(1704694855000)/",5150,100,6356800,33720000000,-180,false,-3.38
"HNG",132021,"/Date(1704694841000)/",5150,500,6356700,33720000000,-180,false,-3.38
"HNG",132012,"/Date(1704694830000)/",5140,1000,6356200,33717000000,-190,true,-3.56
"HNG",132012,"/Date(1704694829000)/",5140,22300,6355200,33712000000,-190,true,-3.56
"HNG",132002,"/Date(1704694822000)/",5140,600,6332900,33598000000,-190,true,-3.56
"HNG",131956,"/Date(1704694816000)/",5140,300,6332300,33595000000,-190,true,-3.56
"HNG",131937,"/Date(1704694794000)/",5140,1000,6332000,33593000000,-190,true,-3.56
"HNG",131937,"/Date(1704694794000)/",5150,200,6331000,33588000000,-180,false,-3.38
"HNG",131934,"/Date(1704694792000)/",5150,400,6330800,33587000000,-180,false,-3.38
"HNG",131911,"/Date(1704694769000)/",5150,100,6330400,33585000000,-180,false,-3.38
"HNG",131905,"/Date(1704694765000)/",5150,100,6330300,33584000000,-180,false,-3.38
"HNG",131902,"/Date(1704694761000)/",5140,200,6330200,33584000000,-190,true,-3.56
"HNG",131839,"/Date(1704694737000)/",5150,200,6330000,33583000000,-180,false,-3.38
"HNG",131836,"/Date(1704694736000)/",5140,100,6329800,33582000000,-190,true,-3.56
"HNG",131836,"/Date(1704694736000)/",5140,700,6329700,33581000000,-190,true,-3.56
"HNG",131836,"/Date(1704694736000)/",5140,100,6329000,33578000000,-190,true,-3.56
"HNG",131836,"/Date(1704694736000)/",5140,200,6328900,33577000000,-190,true,-3.56
"HNG",131836,"/Date(1704694736000)/",5140,20500,6328700,33576000000,-190,true,-3.56
"HNG",131823,"/Date(1704694722000)/",5130,100,6308200,33471000000,-200,true,-3.75
"HNG",131820,"/Date(1704694720000)/",5140,900,6308100,33470000000,-190,false,-3.56
"HNG",131817,"/Date(1704694714000)/",5140,100,6307200,33466000000,-190,false,-3.56
"HNG",131804,"/Date(1704694701000)/",5140,100,6307100,33465000000,-190,false,-3.56
"HNG",131801,"/Date(1704694700000)/",5140,100,6307000,33464000000,-190,false,-3.56
"HNG",131801,"/Date(1704694699000)/",5140,1000,6306900,33464000000,-190,false,-3.56
"HNG",131754,"/Date(1704694692000)/",5140,100,6305900,33459000000,-190,false,-3.56
"HNG",131754,"/Date(1704694691000)/",5140,100,6305800,33458000000,-190,false,-3.56
"HNG",131748,"/Date(1704694687000)/",5140,100,6305700,33458000000,-190,false,-3.56
"HNG",131748,"/Date(1704694687000)/",5140,200,6305600,33457000000,-190,false,-3.56
"HNG",131748,"/Date(1704694687000)/",5140,100,6305400,33456000000,-190,false,-3.56
"HNG",131748,"/Date(1704694687000)/",5140,2200,6305300,33456000000,-190,false,-3.56
"HNG",131748,"/Date(1704694687000)/",5140,500,6303100,33444000000,-190,false,-3.56
"HNG",131748,"/Date(1704694687000)/",5140,700,6302600,33442000000,-190,false,-3.56
"HNG",131748,"/Date(1704694687000)/",5140,2000,6301900,33438000000,-190,false,-3.56
"HNG",131748,"/Date(1704694687000)/",5140,400,6299900,33428000000,-190,false,-3.56
"HNG",131748,"/Date(1704694685000)/",5140,3000,6299500,33426000000,-190,false,-3.56
"HNG",131742,"/Date(1704694681000)/",5140,300,6296500,33411000000,-190,true,-3.56
"HNG",131742,"/Date(1704694681000)/",5140,300,6296200,33409000000,-190,true,-3.56
"HNG",131738,"/Date(1704694678000)/",5140,100,6295900,33407000000,-190,true,-3.56
"HNG",131732,"/Date(1704694670000)/",5140,19600,6295800,33407000000,-190,true,-3.56
"HNG",131732,"/Date(1704694670000)/",5140,3100,6276200,33306000000,-190,true,-3.56
"HNG",131732,"/Date(1704694670000)/",5140,4000,6273100,33290000000,-190,true,-3.56
"HNG",131732,"/Date(1704694670000)/",5140,5000,6269100,33270000000,-190,true,-3.56
"HNG",131732,"/Date(1704694670000)/",5140,1000,6264100,33244000000,-190,true,-3.56
"HNG",131732,"/Date(1704694670000)/",5140,1000,6263100,33239000000,-190,true,-3.56
"HNG",131732,"/Date(1704694670000)/",5140,100,6262100,33234000000,-190,true,-3.56
"HNG",131732,"/Date(1704694670000)/",5140,500,6262000,33233000000,-190,true,-3.56
"HNG",131732,"/Date(1704694670000)/",5140,100,6261500,33231000000,-190,true,-3.56
"HNG",131732,"/Date(1704694670000)/",5140,2000,6261400,33230000000,-190,true,-3.56
"HNG",131732,"/Date(1704694670000)/",5140,10000,6259400,33220000000,-190,true,-3.56
"HNG",131732,"/Date(1704694670000)/",5140,100,6249400,33168000000,-190,true,-3.56
"HNG",131732,"/Date(1704694670000)/",5140,300,6249300,33168000000,-190,true,-3.56
"HNG",131732,"/Date(1704694670000)/",5140,3200,6249000,33166000000,-190,true,-3.56
"HNG",131722,"/Date(1704694662000)/",5140,1500,6245800,33150000000,-190,true,-3.56
"HNG",131722,"/Date(1704694662000)/",5140,3500,6244300,33142000000,-190,true,-3.56
"HNG",131710,"/Date(1704694648000)/",5140,1500,6240800,33124000000,-190,true,-3.56
"HNG",131710,"/Date(1704694648000)/",5140,2000,6239300,33117000000,-190,true,-3.56
"HNG",131710,"/Date(1704694648000)/",5140,1600,6237300,33106000000,-190,true,-3.56
"HNG",131710,"/Date(1704694648000)/",5140,100,6235700,33098000000,-190,true,-3.56
"HNG",131710,"/Date(1704694648000)/",5140,1000,6235600,33097000000,-190,true,-3.56
"HNG",131710,"/Date(1704694648000)/",5140,500,6234600,33092000000,-190,true,-3.56
"HNG",131710,"/Date(1704694648000)/",5140,500,6234100,33090000000,-190,true,-3.56
"HNG",131710,"/Date(1704694648000)/",5140,200,6233600,33087000000,-190,true,-3.56
"HNG",131710,"/Date(1704694648000)/",5140,500,6233400,33086000000,-190,true,-3.56
"HNG",131710,"/Date(1704694648000)/",5140,1000,6232900,33084000000,-190,true,-3.56
"HNG",131710,"/Date(1704694648000)/",5140,10000,6231900,33078000000,-190,true,-3.56
"HNG",131710,"/Date(1704694648000)/",5140,5000,6221900,33027000000,-190,true,-3.56
"HNG",131710,"/Date(1704694648000)/",5140,100,6216900,33001000000,-190,true,-3.56
"HNG",131710,"/Date(1704694648000)/",5140,1000,6216800,33001000000,-190,true,-3.56
"HNG",131710,"/Date(1704694648000)/",5140,1000,6215800,32996000000,-190,true,-3.56
"HNG",131710,"/Date(1704694648000)/",5140,3000,6214800,32991000000,-190,true,-3.56
"HNG",131710,"/Date(1704694648000)/",5150,4000,6211800,32975000000,-180,false,-3.38
"HNG",131710,"/Date(1704694647000)/",5140,700,6207800,32955000000,-190,true,-3.56
"HNG",131651,"/Date(1704694630000)/",5140,100,6207100,32951000000,-190,true,-3.56
"HNG",131644,"/Date(1704694624000)/",5140,2300,6207000,32950000000,-190,true,-3.56
"HNG",131644,"/Date(1704694623000)/",5140,900,6204700,32939000000,-190,true,-3.56
"HNG",131638,"/Date(1704694618000)/",5150,500,6203800,32934000000,-180,false,-3.38
"HNG",131635,"/Date(1704694614000)/",5150,1000,6203300,32931000000,-180,false,-3.38
"HNG",131635,"/Date(1704694613000)/",5150,500,6202300,32926000000,-180,false,-3.38
"HNG",131631,"/Date(1704694611000)/",5150,300,6201800,32924000000,-180,false,-3.38
"HNG",131628,"/Date(1704694608000)/",5150,1000,6201500,32922000000,-180,false,-3.38
"HNG",131625,"/Date(1704694603000)/",5150,500,6200500,32917000000,-180,false,-3.38
"HNG",131625,"/Date(1704694602000)/",5150,2400,6200000,32914000000,-180,false,-3.38
"HNG",131619,"/Date(1704694598000)/",5150,900,6197600,32902000000,-180,false,-3.38
"HNG",131619,"/Date(1704694596000)/",5150,4000,6196700,32897000000,-180,false,-3.38
"HNG",131615,"/Date(1704694593000)/",5140,100,6192700,32877000000,-190,true,-3.56
"HNG",131612,"/Date(1704694590000)/",5140,100,6192600,32876000000,-190,true,-3.56
"HNG",131543,"/Date(1704694563000)/",5140,500,6192500,32876000000,-190,true,-3.56
"HNG",131543,"/Date(1704694562000)/",5140,1000,6192000,32873000000,-190,true,-3.56
"HNG",131540,"/Date(1704694559000)/",5140,200,6191000,32868000000,-190,false,-3.56
"HNG",131540,"/Date(1704694558000)/",5140,1100,6190800,32867000000,-190,false,-3.56
"HNG",131524,"/Date(1704694544000)/",5140,200,6189700,32861000000,-190,false,-3.56
"HNG",131521,"/Date(1704694541000)/",5140,300,6189500,32860000000,-190,false,-3.56
"HNG",131521,"/Date(1704694541000)/",5140,500,6189200,32859000000,-190,false,-3.56
"HNG",131521,"/Date(1704694541000)/",5140,200,6188700,32856000000,-190,false,-3.56
"HNG",131521,"/Date(1704694540000)/",5140,200,6188500,32855000000,-190,false,-3.56
"HNG",131521,"/Date(1704694538000)/",5140,100,6188300,32854000000,-190,false,-3.56
"HNG",131518,"/Date(1704694538000)/",5140,200,6188200,32854000000,-190,false,-3.56
"HNG",131518,"/Date(1704694537000)/",5140,1000,6188000,32853000000,-190,false,-3.56
"HNG",131515,"/Date(1704694535000)/",5140,10000,6187000,32848000000,-190,false,-3.56
"HNG",131515,"/Date(1704694533000)/",5140,1000,6177000,32796000000,-190,false,-3.56
"HNG",131511,"/Date(1704694529000)/",5140,100,6176000,32791000000,-190,false,-3.56
"HNG",131508,"/Date(1704694527000)/",5140,5000,6175900,32790000000,-190,false,-3.56
"HNG",131502,"/Date(1704694519000)/",5140,100,6170900,32765000000,-190,false,-3.56
"HNG",131459,"/Date(1704694517000)/",5140,100,6170800,32764000000,-190,false,-3.56
"HNG",131452,"/Date(1704694510000)/",5140,200,6170700,32764000000,-190,false,-3.56
"HNG",131449,"/Date(1704694509000)/",5140,5800,6170500,32763000000,-190,true,-3.56
"HNG",131449,"/Date(1704694509000)/",5140,10000,6164700,32733000000,-190,true,-3.56
"HNG",131449,"/Date(1704694509000)/",5140,10000,6154700,32682000000,-190,true,-3.56
"HNG",131449,"/Date(1704694509000)/",5140,100,6144700,32630000000,-190,true,-3.56
"HNG",131449,"/Date(1704694509000)/",5140,300,6144600,32630000000,-190,true,-3.56
"HNG",131449,"/Date(1704694509000)/",5140,100,6144300,32628000000,-190,true,-3.56
"HNG",131449,"/Date(1704694509000)/",5140,1200,6144200,32628000000,-190,true,-3.56
"HNG",131449,"/Date(1704694508000)/",5150,300,6143000,32621000000,-180,false,-3.38
"HNG",131449,"/Date(1704694507000)/",5150,2000,6142700,32620000000,-180,false,-3.38
"HNG",131439,"/Date(1704694499000)/",5140,800,6140700,32610000000,-190,true,-3.56
"HNG",131439,"/Date(1704694499000)/",5140,100,6139900,32605000000,-190,true,-3.56
"HNG",131439,"/Date(1704694499000)/",5140,100,6139800,32605000000,-190,true,-3.56
"HNG",131439,"/Date(1704694499000)/",5140,1000,6139700,32604000000,-190,true,-3.56
"HNG",131439,"/Date(1704694499000)/",5140,100,6138700,32599000000,-190,true,-3.56
"HNG",131439,"/Date(1704694499000)/",5140,1000,6138600,32599000000,-190,true,-3.56
"HNG",131439,"/Date(1704694499000)/",5140,100,6137600,32594000000,-190,true,-3.56
"HNG",131439,"/Date(1704694499000)/",5140,5900,6137500,32593000000,-190,true,-3.56
"HNG",131439,"/Date(1704694499000)/",5140,200,6131600,32563000000,-190,true,-3.56
"HNG",131439,"/Date(1704694499000)/",5140,100,6131400,32562000000,-190,true,-3.56
"HNG",131439,"/Date(1704694499000)/",5140,100,6131300,32561000000,-190,true,-3.56
"HNG",131439,"/Date(1704694499000)/",5140,500,6131200,32561000000,-190,true,-3.56
"HNG",131433,"/Date(1704694491000)/",5150,100,6130700,32558000000,-180,false,-3.38
"HNG",131424,"/Date(1704694481000)/",5150,2000,6130600,32558000000,-180,false,-3.38
"HNG",131424,"/Date(1704694481000)/",5150,500,6128600,32547000000,-180,false,-3.38
"HNG",131420,"/Date(1704694479000)/",5150,1000,6128100,32545000000,-180,false,-3.38
"HNG",131414,"/Date(1704694473000)/",5150,5000,6127100,32540000000,-180,false,-3.38
"HNG",131414,"/Date(1704694472000)/",5150,7500,6122100,32514000000,-180,false,-3.38
"HNG",131414,"/Date(1704694472000)/",5150,1000,6114600,32475000000,-180,false,-3.38
"HNG",131414,"/Date(1704694472000)/",5150,500,6113600,32470000000,-180,false,-3.38
"HNG",131414,"/Date(1704694472000)/",5150,300,6113100,32467000000,-180,false,-3.38
"HNG",131414,"/Date(1704694472000)/",5150,200,6112800,32466000000,-180,false,-3.38
"HNG",131414,"/Date(1704694472000)/",5150,1500,6112600,32465000000,-180,false,-3.38
"HNG",131414,"/Date(1704694472000)/",5150,5000,6111100,32457000000,-180,false,-3.38
"HNG",131414,"/Date(1704694472000)/",5150,900,6106100,32431000000,-180,false,-3.38
"HNG",131414,"/Date(1704694472000)/",5150,200,6105200,32427000000,-180,false,-3.38
"HNG",131414,"/Date(1704694472000)/",5150,500,6105000,32426000000,-180,false,-3.38
"HNG",131414,"/Date(1704694472000)/",5150,100,6104500,32423000000,-180,false,-3.38
"HNG",131414,"/Date(1704694472000)/",5150,200,6104400,32423000000,-180,false,-3.38
"HNG",131414,"/Date(1704694472000)/",5150,400,6104200,32422000000,-180,false,-3.38
"HNG",131414,"/Date(1704694472000)/",5150,300,6103800,32420000000,-180,false,-3.38
"HNG",131414,"/Date(1704694472000)/",5150,400,6103500,32418000000,-180,false,-3.38
"HNG",131414,"/Date(1704694472000)/",5150,10100,6103100,32416000000,-180,false,-3.38
"HNG",131414,"/Date(1704694472000)/",5150,100,6093000,32364000000,-180,false,-3.38
"HNG",131414,"/Date(1704694472000)/",5150,2000,6092900,32363000000,-180,false,-3.38
"HNG",131414,"/Date(1704694472000)/",5150,100,6090900,32353000000,-180,false,-3.38
"HNG",131414,"/Date(1704694472000)/",5150,100,6090800,32353000000,-180,false,-3.38
"HNG",131414,"/Date(1704694472000)/",5150,1100,6090700,32352000000,-180,false,-3.38
"HNG",131414,"/Date(1704694472000)/",5150,100,6089600,32346000000,-180,false,-3.38
"HNG",131414,"/Date(1704694472000)/",5150,1000,6089500,32346000000,-180,false,-3.38
"HNG",131414,"/Date(1704694472000)/",5150,2500,6088500,32341000000,-180,false,-3.38
"HNG",131414,"/Date(1704694472000)/",5150,1000,6086000,32328000000,-180,false,-3.38
"HNG",131414,"/Date(1704694472000)/",5150,2000,6085000,32323000000,-180,false,-3.38
"HNG",131414,"/Date(1704694472000)/",5150,100,6083000,32312000000,-180,false,-3.38
"HNG",131414,"/Date(1704694472000)/",5150,2000,6082900,32312000000,-180,false,-3.38
"HNG",131414,"/Date(1704694472000)/",5150,1000,6080900,32302000000,-180,false,-3.38
"HNG",131414,"/Date(1704694472000)/",5150,100,6079900,32297000000,-180,false,-3.38
"HNG",131414,"/Date(1704694472000)/",5150,1400,6079800,32296000000,-180,false,-3.38
"HNG",131414,"/Date(1704694472000)/",5150,200,6078400,32289000000,-180,false,-3.38
"HNG",131414,"/Date(1704694472000)/",5150,300,6078200,32288000000,-180,false,-3.38
"HNG",131414,"/Date(1704694472000)/",5150,3000,6077900,32286000000,-180,false,-3.38
"HNG",131414,"/Date(1704694472000)/",5150,1000,6074900,32271000000,-180,false,-3.38
"HNG",131414,"/Date(1704694472000)/",5150,1000,6073900,32266000000,-180,false,-3.38
"HNG",131414,"/Date(1704694472000)/",5150,1000,6072900,32260000000,-180,false,-3.38
"HNG",131414,"/Date(1704694472000)/",5150,200,6071900,32255000000,-180,false,-3.38
"HNG",131414,"/Date(1704694472000)/",5150,1000,6071700,32254000000,-180,false,-3.38
"HNG",131414,"/Date(1704694472000)/",5150,200,6070700,32249000000,-180,false,-3.38
"HNG",131414,"/Date(1704694472000)/",5150,400,6070500,32248000000,-180,false,-3.38
"HNG",131414,"/Date(1704694472000)/",5150,100,6070100,32246000000,-180,false,-3.38
"HNG",131414,"/Date(1704694472000)/",5150,100,6070000,32246000000,-180,false,-3.38
"HNG",131414,"/Date(1704694472000)/",5150,13000,6069900,32245000000,-180,false,-3.38
"HNG",131414,"/Date(1704694472000)/",5150,5000,6056900,32178000000,-180,false,-3.38
"HNG",131414,"/Date(1704694472000)/",5150,200,6051900,32152000000,-180,false,-3.38
"HNG",131414,"/Date(1704694472000)/",5150,6100,6051700,32151000000,-180,false,-3.38
"HNG",131414,"/Date(1704694472000)/",5150,100,6045600,32120000000,-180,false,-3.38
"HNG",131414,"/Date(1704694472000)/",5150,10000,6045500,32119000000,-180,false,-3.38
"HNG",131414,"/Date(1704694472000)/",5150,1000,6035500,32068000000,-180,false,-3.38
"HNG",131414,"/Date(1704694472000)/",5150,200,6034500,32063000000,-180,false,-3.38
"HNG",131414,"/Date(1704694472000)/",5150,500,6034300,32062000000,-180,false,-3.38
"HNG",131414,"/Date(1704694472000)/",5150,200,6033800,32059000000,-180,false,-3.38
"HNG",131414,"/Date(1704694472000)/",5150,18000,6033600,32058000000,-180,false,-3.38
"HNG",131414,"/Date(1704694472000)/",5150,2000,6015600,31965000000,-180,false,-3.38
"HNG",131414,"/Date(1704694472000)/",5150,200,6013600,31955000000,-180,false,-3.38
"HNG",131414,"/Date(1704694472000)/",5150,400,6013400,31954000000,-180,false,-3.38
"HNG",131414,"/Date(1704694472000)/",5150,1100,6013000,31952000000,-180,false,-3.38
"HNG",131414,"/Date(1704694472000)/",5160,2000,6011900,31946000000,-170,false,-3.19
"HNG",131414,"/Date(1704694472000)/",5160,200,6009900,31936000000,-170,false,-3.19
"HNG",131414,"/Date(1704694472000)/",5160,1000,6009700,31935000000,-170,false,-3.19
"HNG",131414,"/Date(1704694472000)/",5160,200,6008700,31930000000,-170,false,-3.19
"HNG",131414,"/Date(1704694472000)/",5160,100,6008500,31929000000,-170,false,-3.19
"HNG",131414,"/Date(1704694472000)/",5160,200,6008400,31928000000,-170,false,-3.19
"HNG",131414,"/Date(1704694472000)/",5160,300,6008200,31927000000,-170,false,-3.19
"HNG",131414,"/Date(1704694472000)/",5160,100,6007900,31926000000,-170,false,-3.19
"HNG",131414,"/Date(1704694472000)/",5160,1800,6007800,31925000000,-170,false,-3.19
"HNG",131411,"/Date(1704694469000)/",5170,500,6006000,31916000000,-160,false,-3
"HNG",131408,"/Date(1704694465000)/",5160,1000,6005500,31913000000,-170,true,-3.19
"HNG",131358,"/Date(1704694458000)/",5160,2200,6004500,31908000000,-170,true,-3.19
"HNG",131358,"/Date(1704694458000)/",5160,100,6002300,31897000000,-170,true,-3.19
"HNG",131358,"/Date(1704694458000)/",5160,1400,6002200,31896000000,-170,true,-3.19
"HNG",131348,"/Date(1704694448000)/",5160,2600,6000800,31889000000,-170,true,-3.19
"HNG",131348,"/Date(1704694447000)/",5160,1000,5998200,31876000000,-170,true,-3.19
"HNG",131348,"/Date(1704694447000)/",5160,1000,5997200,31870000000,-170,true,-3.19
"HNG",131348,"/Date(1704694447000)/",5160,2000,5996200,31865000000,-170,true,-3.19
"HNG",131342,"/Date(1704694440000)/",5160,200,5994200,31855000000,-170,true,-3.19
"HNG",131342,"/Date(1704694440000)/",5160,1800,5994000,31854000000,-170,true,-3.19
"HNG",131339,"/Date(1704694436000)/",5160,200,5992200,31845000000,-170,true,-3.19
"HNG",131339,"/Date(1704694436000)/",5160,100,5992000,31844000000,-170,true,-3.19
"HNG",131339,"/Date(1704694436000)/",5160,900,5991900,31843000000,-170,true,-3.19
"HNG",131336,"/Date(1704694436000)/",5160,300,5991000,31838000000,-170,true,-3.19
"HNG",131336,"/Date(1704694433000)/",5160,1000,5990700,31837000000,-170,true,-3.19
"HNG",131329,"/Date(1704694427000)/",5160,500,5989700,31832000000,-170,true,-3.19
"HNG",131326,"/Date(1704694423000)/",5160,1300,5989200,31829000000,-170,true,-3.19
"HNG",131326,"/Date(1704694423000)/",5160,300,5987900,31822000000,-170,true,-3.19
"HNG",131326,"/Date(1704694423000)/",5160,1000,5987600,31821000000,-170,true,-3.19
"HNG",131326,"/Date(1704694423000)/",5160,500,5986600,31816000000,-170,true,-3.19
