"Stockcode","Package","TradingDate","Price","Vol","TotalVol","TotalVal","Change","IsBuy","PerChange"
"LIG",144512,"/Date(1704699901000)/",4400,6100,563325,2477661000,0,true,0
"LIG",142828,"/Date(1704698908000)/",4400,1200,557225,2450821000,0,false,0
"LIG",142614,"/Date(1704698774000)/",4400,1000,556025,2445541000,0,false,0
"LIG",142431,"/Date(1704698671000)/",4400,1000,555025,2441141000,0,false,0
"LIG",142136,"/Date(1704698496000)/",4400,5000,554025,2436741000,0,false,0
"LIG",142007,"/Date(1704698407000)/",4400,400,549025,2414741000,0,false,0
"LIG",141739,"/Date(1704698259000)/",4400,1000,548625,2412981000,0,false,0
"LIG",141710,"/Date(1704698230000)/",4400,100,547625,2408581000,0,false,0
"LIG",141537,"/Date(1704698137000)/",4400,75,547525,2408141000,0,false,0
"LIG",141307,"/Date(1704697987000)/",4400,500,547450,2407811000,0,true,0
"LIG",141125,"/Date(1704697885000)/",4400,300,546950,2405611000,0,true,0
"LIG",141033,"/Date(1704697833000)/",4400,2000,546650,2404291000,0,true,0
"LIG",140843,"/Date(1704697723000)/",4400,1100,544650,2395491000,0,true,0
"LIG",140527,"/Date(1704697526000)/",4400,500,543550,2390651000,0,true,0
"LIG",140354,"/Date(1704697433000)/",4400,200,543050,2388451000,0,true,0
"LIG",140044,"/Date(1704697244000)/",4400,200,542850,2387571000,0,true,0
"LIG",135810,"/Date(1704697090000)/",4400,16,542650,2386691000,0,true,0
"LIG",135751,"/Date(1704697071000)/",4400,400,542634,2386620600,0,true,0
"LIG",135707,"/Date(1704697027000)/",4400,100,542234,2384860600,0,true,0
"LIG",135413,"/Date(1704696853000)/",4400,300,542134,2384420600,0,true,0
"LIG",135030,"/Date(1704696630000)/",4400,700,541834,2383100600,0,true,0
"LIG",134844,"/Date(1704696524000)/",4400,10,541134,2380020600,0,true,0
"LIG",134829,"/Date(1704696509000)/",4400,2100,541124,2379975600,0,false,0
"LIG",134823,"/Date(1704696503000)/",4400,500,539024,2370735600,0,false,0
"LIG",134800,"/Date(1704696480000)/",4400,1100,538524,2368535600,0,false,0
"LIG",134759,"/Date(1704696479000)/",4400,3600,537424,2363695600,0,true,0
"LIG",134657,"/Date(1704696417000)/",4400,5600,533824,2347855600,0,true,0
"LIG",134318,"/Date(1704696198000)/",4400,3000,528224,2323215600,0,true,0
"LIG",134310,"/Date(1704696190000)/",4400,1300,525224,2310015600,0,true,0
"LIG",134254,"/Date(1704696174000)/",4400,1000,523924,2304295600,0,false,0
"LIG",134248,"/Date(1704696168000)/",4400,2700,522924,2299895600,0,true,0
"LIG",134238,"/Date(1704696158000)/",4400,500,520224,2288015600,0,true,0
"LIG",134230,"/Date(1704696150000)/",4400,1900,519724,2285815600,0,false,0
"LIG",134204,"/Date(1704696124000)/",4400,5000,517824,2277455600,0,false,0
"LIG",133449,"/Date(1704695689000)/",4300,100,512824,2255455600,-100,true,-2.27
"LIG",132743,"/Date(1704695263000)/",4400,700,512724,2255025600,0,true,0
"LIG",132705,"/Date(1704695225000)/",4400,10000,512024,2251945600,0,true,0
"LIG",132648,"/Date(1704695208000)/",4400,10000,502024,2207945600,0,true,0
"LIG",132627,"/Date(1704695187000)/",4400,100,492024,2163945600,0,true,0
"LIG",132351,"/Date(1704695031000)/",4400,15,491924,2163505600,0,true,0
"LIG",132350,"/Date(1704695030000)/",4400,300,491909,2163439600,0,true,0
"LIG",132312,"/Date(1704694992000)/",4400,100,491609,2162119600,0,true,0
"LIG",132233,"/Date(1704694953000)/",4400,3700,491509,2161679600,0,false,0
"LIG",132046,"/Date(1704694846000)/",4400,3800,487809,2145399600,0,false,0
"LIG",131903,"/Date(1704694743000)/",4400,500,484009,2128679600,0,false,0
"LIG",131554,"/Date(1704694554000)/",4400,1000,483509,2126479600,0,false,0
"LIG",131451,"/Date(1704694491000)/",4400,7000,482509,2122079600,0,true,0
"LIG",131448,"/Date(1704694488000)/",4400,2000,475509,2091279600,0,true,0
"LIG",131327,"/Date(1704694407000)/",4400,3000,473509,2082479600,0,true,0
"LIG",131304,"/Date(1704694384000)/",4400,3100,470509,2069279600,0,true,0
"LIG",131302,"/Date(1704694382000)/",4400,1000,467409,2055639600,0,true,0
"LIG",131152,"/Date(1704694312000)/",4400,1000,466409,2051239600,0,true,0
"LIG",130804,"/Date(1704694084000)/",4400,4100,465409,2046839600,0,false,0
"LIG",130622,"/Date(1704693982000)/",4400,5000,461309,2028799600,0,false,0
"LIG",130021,"/Date(1704693604000)/",4400,4800,456309,2006799600,0,true,0
"LIG",130009,"/Date(1704693602000)/",4400,10010,451509,1985679600,0,true,0
"LIG",112757,"/Date(1704688077000)/",4400,1000,441499,1941635600,0,true,0
"LIG",112756,"/Date(1704688076000)/",4400,5000,440499,1937235600,0,true,0
"LIG",112729,"/Date(1704688049000)/",4400,800,435499,1915235600,0,true,0
"LIG",112009,"/Date(1704687609000)/",4400,5500,434699,1911715600,0,true,0
"LIG",111730,"/Date(1704687449000)/",4400,100,429199,1887515600,0,true,0
"LIG",111538,"/Date(1704687337000)/",4400,13500,429099,1887075600,0,false,0
"LIG",111256,"/Date(1704687176000)/",4400,1000,415599,1827675600,0,false,0
"LIG",111128,"/Date(1704687088000)/",4400,1500,414599,1823275600,0,false,0
"LIG",111021,"/Date(1704687021000)/",4400,3800,413099,1816675600,0,true,0
"LIG",111000,"/Date(1704687000000)/",4400,17900,409299,1799955600,0,true,0
"LIG",110931,"/Date(1704686971000)/",4400,10000,391399,1721195600,0,true,0
"LIG",110801,"/Date(1704686881000)/",4400,600,381399,1677195600,0,true,0
"LIG",110657,"/Date(1704686817000)/",4400,3000,380799,1674555600,0,true,0
"LIG",110648,"/Date(1704686808000)/",4400,2200,377799,1661355600,0,true,0
"LIG",110609,"/Date(1704686769000)/",4400,10000,375599,1651675600,0,true,0
"LIG",110404,"/Date(1704686644000)/",4400,5000,365599,1607675600,0,true,0
"LIG",110129,"/Date(1704686489000)/",4400,9400,360599,1585675600,0,true,0
"LIG",110048,"/Date(1704686448000)/",4400,2000,351199,1544315600,0,true,0
"LIG",105958,"/Date(1704686398000)/",4400,10000,349199,1535515600,0,true,0
"LIG",105944,"/Date(1704686384000)/",4400,1700,339199,1491515600,0,true,0
"LIG",105935,"/Date(1704686375000)/",4400,20000,337499,1484035600,0,true,0
"LIG",105725,"/Date(1704686245000)/",4400,3500,317499,1396035600,0,true,0
"LIG",105347,"/Date(1704686027000)/",4400,2500,313999,1380635600,0,true,0
"LIG",105056,"/Date(1704685856000)/",4400,3000,311499,1369635600,0,true,0
"LIG",104702,"/Date(1704685622000)/",4400,1000,308499,1356435600,0,true,0
"LIG",104138,"/Date(1704685299000)/",4400,1500,307499,1352035600,0,true,0
"LIG",103723,"/Date(1704685043000)/",4400,1000,305999,1345435600,0,true,0
"LIG",103707,"/Date(1704685027000)/",4400,3000,304999,1341035600,0,true,0
"LIG",103511,"/Date(1704684911000)/",4400,5000,301999,1327835600,0,true,0
"LIG",103454,"/Date(1704684894000)/",4400,15000,296999,1305835600,0,true,0
"LIG",103332,"/Date(1704684812000)/",4400,6000,281999,1239835600,0,true,0
"LIG",103301,"/Date(1704684781000)/",4400,1000,275999,1213435600,0,true,0
"LIG",103218,"/Date(1704684738000)/",4400,1700,274999,1209035600,0,true,0
"LIG",102853,"/Date(1704684533000)/",4400,10000,273299,1201555600,0,true,0
"LIG",102624,"/Date(1704684384000)/",4400,25,263299,1157555600,0,true,0
"LIG",102308,"/Date(1704684188000)/",4400,24,263274,1157445600,0,true,0
"LIG",102244,"/Date(1704684164000)/",4400,1000,263250,1157340000,0,true,0
"LIG",102137,"/Date(1704684097000)/",4400,100,262250,1152940000,0,true,0
"LIG",101838,"/Date(1704683918000)/",4400,900,262150,1152500000,0,false,0
"LIG",101716,"/Date(1704683836000)/",4400,1100,261250,1148540000,0,true,0
"LIG",101452,"/Date(1704683692000)/",4400,100,260150,1143700000,0,true,0
"LIG",101230,"/Date(1704683550000)/",4400,600,260050,1143260000,0,false,0
"LIG",101220,"/Date(1704683540000)/",4400,6200,259450,1140620000,0,false,0
"LIG",100929,"/Date(1704683370000)/",4400,500,253250,1113340000,0,false,0
"LIG",100920,"/Date(1704683360000)/",4400,1000,252750,1111140000,0,false,0
"LIG",100901,"/Date(1704683341000)/",4400,3000,251750,1106740000,0,false,0
"LIG",100547,"/Date(1704683148000)/",4400,200,248750,1093540000,0,false,0
"LIG",100510,"/Date(1704683110000)/",4400,200,248550,1092660000,0,true,0
"LIG",100429,"/Date(1704683069000)/",4400,500,248350,1091780000,0,false,0
"LIG",100343,"/Date(1704683023000)/",4400,500,247850,1089580000,0,false,0
"LIG",100337,"/Date(1704683017000)/",4400,2000,247350,1087380000,0,false,0
"LIG",100247,"/Date(1704682967000)/",4400,2000,245350,1078580000,0,false,0
"LIG",100112,"/Date(1704682872000)/",4400,100,243350,1069780000,0,false,0
"LIG",100043,"/Date(1704682843000)/",4400,1000,243250,1069340000,0,false,0
"LIG",100010,"/Date(1704682810000)/",4400,500,242250,1064940000,0,false,0
"LIG",100006,"/Date(1704682806000)/",4400,900,241750,1062740000,0,false,0
"LIG",95929,"/Date(1704682769000)/",4400,3400,240850,1058780000,0,false,0
"LIG",95925,"/Date(1704682765000)/",4400,700,237450,1043820000,0,false,0
"LIG",95843,"/Date(1704682723000)/",4400,100,236750,1040740000,0,false,0
"LIG",95840,"/Date(1704682720000)/",4400,2000,236650,1040300000,0,false,0
"LIG",95833,"/Date(1704682713000)/",4400,5300,234650,1031500000,0,false,0
"LIG",95825,"/Date(1704682705000)/",4400,11000,229350,1008180000,0,false,0
"LIG",95810,"/Date(1704682690000)/",4400,1,218350,959780000,0,false,0
"LIG",95732,"/Date(1704682652000)/",4400,1800,218349,959775600,0,false,0
"LIG",95724,"/Date(1704682644000)/",4400,2000,216549,951855600,0,false,0
"LIG",95629,"/Date(1704682589000)/",4400,16000,214549,943055600,0,false,0
"LIG",95606,"/Date(1704682566000)/",4400,200,198549,872655600,0,false,0
"LIG",95534,"/Date(1704682534000)/",4400,5000,198349,871775600,0,false,0
"LIG",95355,"/Date(1704682435000)/",4400,1200,193349,849775600,0,false,0
"LIG",95341,"/Date(1704682421000)/",4400,200,192149,844495600,0,false,0
"LIG",95319,"/Date(1704682399000)/",4300,10000,191949,843615600,-100,true,-2.27
"LIG",95249,"/Date(1704682369000)/",4400,100,181949,800615600,0,false,0
"LIG",95113,"/Date(1704682273000)/",4400,9500,181849,800175600,0,false,0
"LIG",95103,"/Date(1704682263000)/",4400,100,172349,758375600,0,false,0
"LIG",95005,"/Date(1704682205000)/",4400,5000,172249,757935600,0,true,0
"LIG",94820,"/Date(1704682100000)/",4400,4000,167249,735935600,0,true,0
"LIG",94802,"/Date(1704682082000)/",4400,50000,163249,718335600,0,true,0
"LIG",94743,"/Date(1704682063000)/",4400,10000,113249,498335600,0,true,0
"LIG",94435,"/Date(1704681875000)/",4400,11800,103249,454335600,0,true,0
"LIG",94430,"/Date(1704681870000)/",4400,5000,91449,402415600,0,true,0
"LIG",94425,"/Date(1704681865000)/",4400,1000,86449,380415600,0,true,0
"LIG",94339,"/Date(1704681819000)/",4400,2000,85449,376015600,0,true,0
"LIG",94028,"/Date(1704681629000)/",4400,100,83449,367215600,0,true,0
"LIG",93745,"/Date(1704681466000)/",4400,10,83349,366775600,0,true,0
"LIG",93724,"/Date(1704681445000)/",4400,3,83339,366731600,0,true,0
"LIG",93431,"/Date(1704681271000)/",4400,1,83336,366718400,0,true,0
"LIG",93059,"/Date(1704681059000)/",4400,1000,83335,366714000,0,true,0
"LIG",92928,"/Date(1704680968000)/",4400,1000,82335,362314000,0,true,0
"LIG",92720,"/Date(1704680840000)/",4500,500,81335,357914000,100,false,2.27
"LIG",92531,"/Date(1704680731000)/",4500,35,80835,355664000,100,false,2.27
"LIG",92501,"/Date(1704680701000)/",4500,100,80800,355510000,100,false,2.27
"LIG",92437,"/Date(1704680677000)/",4400,2600,80700,355060000,0,true,0
"LIG",92223,"/Date(1704680543000)/",4400,10000,78100,343620000,0,true,0
"LIG",92144,"/Date(1704680504000)/",4400,100,68100,299620000,0,true,0
"LIG",92004,"/Date(1704680404000)/",4400,5000,68000,299180000,0,true,0
"LIG",91915,"/Date(1704680355000)/",4400,300,63000,277180000,0,true,0
"LIG",91639,"/Date(1704680199000)/",4400,4900,62700,275860000,0,false,0
"LIG",91622,"/Date(1704680183000)/",4400,5000,57800,254300000,0,false,0
"LIG",91557,"/Date(1704680157000)/",4400,500,52800,232300000,0,false,0
"LIG",91542,"/Date(1704680143000)/",4400,10000,52300,230100000,0,false,0
"LIG",91533,"/Date(1704680134000)/",4400,2000,42300,186100000,0,false,0
"LIG",91454,"/Date(1704680095000)/",4400,2000,40300,177300000,0,false,0
"LIG",91452,"/Date(1704680092000)/",4400,500,38300,168500000,0,false,0
"LIG",91445,"/Date(1704680086000)/",4400,2000,37800,166300000,0,false,0
"LIG",91424,"/Date(1704680065000)/",4400,2100,35800,157500000,0,false,0
"LIG",91423,"/Date(1704680064000)/",4400,500,33700,148260000,0,false,0
"LIG",91404,"/Date(1704680044000)/",4400,500,33200,146060000,0,false,0
"LIG",91040,"/Date(1704679840000)/",4400,5000,32700,143860000,0,false,0
"LIG",90930,"/Date(1704679770000)/",4400,10000,27700,121860000,0,false,0
"LIG",90439,"/Date(1704679479000)/",4400,200,17700,77860000,0,false,0
"LIG",90438,"/Date(1704679478000)/",4400,7200,17500,76980000,0,false,0
"LIG",90437,"/Date(1704679477000)/",4400,10000,10300,45300000,0,false,0
"LIG",90336,"/Date(1704679416000)/",4400,100,300,1300000,0,false,0
"LIG",90032,"/Date(1704679208000)/",4300,200,200,860000,-100,true,-2.27
