"Stockcode","Package","TradingDate","Price","Vol","TotalVol","TotalVal","Change","IsBuy","PerChange"
"MWG",144442,"/Date(1704699900000)/",43200,300300,6213200,271183000000,-650,false,-1.48
"MWG",142934,"/Date(1704698993000)/",43400,200,5912900,258210000000,-450,false,-1.03
"MWG",142918,"/Date(1704698978000)/",43400,1000,5912700,258202000000,-450,true,-1.03
"MWG",142918,"/Date(1704698977000)/",43400,200,5911700,258158000000,-450,true,-1.03
"MWG",142918,"/Date(1704698977000)/",43400,200,5911500,258149000000,-450,true,-1.03
"MWG",142915,"/Date(1704698974000)/",43450,100,5911300,258141000000,-400,false,-0.91
"MWG",142912,"/Date(1704698970000)/",43450,100,5911200,258136000000,-400,false,-0.91
"MWG",142902,"/Date(1704698960000)/",43350,100,5911100,258132000000,-500,true,-1.14
"MWG",142902,"/Date(1704698960000)/",43400,200,5911000,258128000000,-450,true,-1.03
"MWG",142902,"/Date(1704698960000)/",43400,500,5910800,258119000000,-450,true,-1.03
"MWG",142902,"/Date(1704698960000)/",43400,9200,5910300,258097000000,-450,true,-1.03
"MWG",142859,"/Date(1704698957000)/",43450,100,5901100,257698000000,-400,false,-0.91
"MWG",142859,"/Date(1704698957000)/",43400,1000,5901000,257694000000,-450,true,-1.03
"MWG",142849,"/Date(1704698949000)/",43450,18400,5900000,257650000000,-400,false,-0.91
"MWG",142849,"/Date(1704698949000)/",43450,4400,5881600,256851000000,-400,false,-0.91
"MWG",142849,"/Date(1704698949000)/",43450,7900,5877200,256660000000,-400,false,-0.91
"MWG",142849,"/Date(1704698949000)/",43450,500,5869300,256316000000,-400,false,-0.91
"MWG",142849,"/Date(1704698949000)/",43450,4400,5868800,256295000000,-400,false,-0.91
"MWG",142849,"/Date(1704698949000)/",43450,8000,5864400,256104000000,-400,false,-0.91
"MWG",142849,"/Date(1704698949000)/",43400,5900,5856400,255756000000,-450,false,-1.03
"MWG",142849,"/Date(1704698949000)/",43400,10000,5850500,255500000000,-450,false,-1.03
"MWG",142849,"/Date(1704698949000)/",43400,400,5840500,255066000000,-450,false,-1.03
"MWG",142849,"/Date(1704698949000)/",43400,100,5840100,255049000000,-450,false,-1.03
"MWG",142849,"/Date(1704698949000)/",43400,15000,5840000,255044000000,-450,false,-1.03
"MWG",142849,"/Date(1704698949000)/",43400,200,5825000,254393000000,-450,false,-1.03
"MWG",142849,"/Date(1704698949000)/",43400,10000,5824800,254385000000,-450,false,-1.03
"MWG",142849,"/Date(1704698949000)/",43400,10000,5814800,253951000000,-450,false,-1.03
"MWG",142849,"/Date(1704698949000)/",43400,2700,5804800,253517000000,-450,false,-1.03
"MWG",142830,"/Date(1704698929000)/",43400,100,5802100,253399000000,-450,false,-1.03
"MWG",142830,"/Date(1704698928000)/",43350,4000,5802000,253395000000,-500,true,-1.14
"MWG",142814,"/Date(1704698913000)/",43350,10000,5798000,253222000000,-500,true,-1.14
"MWG",142811,"/Date(1704698910000)/",43350,100,5788000,252788000000,-500,true,-1.14
"MWG",142801,"/Date(1704698899000)/",43400,400,5787900,252784000000,-450,false,-1.03
"MWG",142758,"/Date(1704698898000)/",43350,4000,5787500,252766000000,-500,true,-1.14
"MWG",142749,"/Date(1704698887000)/",43400,1800,5783500,252593000000,-450,false,-1.03
"MWG",142745,"/Date(1704698883000)/",43350,500,5781700,252515000000,-500,true,-1.14
"MWG",142742,"/Date(1704698879000)/",43350,3000,5781200,252493000000,-500,true,-1.14
"MWG",142739,"/Date(1704698878000)/",43350,100,5778200,252363000000,-500,true,-1.14
"MWG",142739,"/Date(1704698877000)/",43350,200,5778100,252359000000,-500,true,-1.14
"MWG",142736,"/Date(1704698874000)/",43350,7000,5777900,252350000000,-500,true,-1.14
"MWG",142736,"/Date(1704698873000)/",43350,1500,5770900,252047000000,-500,true,-1.14
"MWG",142733,"/Date(1704698872000)/",43350,8600,5769400,251982000000,-500,true,-1.14
"MWG",142733,"/Date(1704698870000)/",43350,6400,5760800,251609000000,-500,true,-1.14
"MWG",142723,"/Date(1704698860000)/",43350,1000,5754400,251331000000,-500,true,-1.14
"MWG",142723,"/Date(1704698860000)/",43350,2000,5753400,251288000000,-500,true,-1.14
"MWG",142720,"/Date(1704698859000)/",43300,2100,5751400,251201000000,-550,true,-1.25
"MWG",142720,"/Date(1704698859000)/",43300,2300,5749300,251110000000,-550,true,-1.25
"MWG",142713,"/Date(1704698852000)/",43350,100,5747000,251011000000,-500,false,-1.14
"MWG",142713,"/Date(1704698851000)/",43350,200,5746900,251007000000,-500,false,-1.14
"MWG",142710,"/Date(1704698849000)/",43350,1000,5746700,250998000000,-500,false,-1.14
"MWG",142710,"/Date(1704698848000)/",43350,500,5745700,250955000000,-500,false,-1.14
"MWG",142707,"/Date(1704698847000)/",43350,1000,5745200,250933000000,-500,true,-1.14
"MWG",142707,"/Date(1704698845000)/",43350,400,5744200,250889000000,-500,true,-1.14
"MWG",142707,"/Date(1704698845000)/",43350,200,5743800,250872000000,-500,true,-1.14
"MWG",142707,"/Date(1704698845000)/",43350,200,5743600,250863000000,-500,true,-1.14
"MWG",142701,"/Date(1704698840000)/",43350,100,5743400,250855000000,-500,false,-1.14
"MWG",142701,"/Date(1704698840000)/",43350,700,5743300,250850000000,-500,false,-1.14
"MWG",142701,"/Date(1704698838000)/",43350,1300,5742600,250820000000,-500,false,-1.14
"MWG",142701,"/Date(1704698838000)/",43350,1000,5741300,250764000000,-500,false,-1.14
"MWG",142701,"/Date(1704698838000)/",43350,500,5740300,250720000000,-500,false,-1.14
"MWG",142701,"/Date(1704698838000)/",43350,200,5739800,250699000000,-500,false,-1.14
"MWG",142701,"/Date(1704698838000)/",43350,200,5739600,250690000000,-500,false,-1.14
"MWG",142701,"/Date(1704698838000)/",43350,700,5739400,250681000000,-500,false,-1.14
"MWG",142701,"/Date(1704698838000)/",43350,500,5738700,250651000000,-500,false,-1.14
"MWG",142701,"/Date(1704698838000)/",43350,100,5738200,250629000000,-500,false,-1.14
"MWG",142701,"/Date(1704698838000)/",43350,100,5738100,250625000000,-500,false,-1.14
"MWG",142701,"/Date(1704698838000)/",43350,400,5738000,250621000000,-500,false,-1.14
"MWG",142657,"/Date(1704698837000)/",43350,1000,5737600,250603000000,-500,false,-1.14
"MWG",142657,"/Date(1704698837000)/",43350,1700,5736600,250560000000,-500,false,-1.14
"MWG",142657,"/Date(1704698837000)/",43350,100,5734900,250486000000,-500,false,-1.14
"MWG",142657,"/Date(1704698837000)/",43350,200,5734800,250482000000,-500,false,-1.14
"MWG",142654,"/Date(1704698834000)/",43350,800,5734600,250473000000,-500,false,-1.14
"MWG",142654,"/Date(1704698834000)/",43350,1200,5733800,250439000000,-500,false,-1.14
"MWG",142651,"/Date(1704698829000)/",43350,2000,5732600,250387000000,-500,false,-1.14
"MWG",142651,"/Date(1704698829000)/",43300,300,5730600,250300000000,-550,true,-1.25
"MWG",142645,"/Date(1704698824000)/",43350,2000,5730300,250287000000,-500,false,-1.14
"MWG",142645,"/Date(1704698821000)/",43300,5000,5728300,250200000000,-550,true,-1.25
"MWG",142641,"/Date(1704698820000)/",43350,100,5723300,249984000000,-500,false,-1.14
"MWG",142641,"/Date(1704698819000)/",43350,1000,5723200,249979000000,-500,false,-1.14
"MWG",142638,"/Date(1704698817000)/",43300,5000,5722200,249936000000,-550,true,-1.25
"MWG",142635,"/Date(1704698812000)/",43350,1200,5717200,249720000000,-500,false,-1.14
"MWG",142635,"/Date(1704698812000)/",43350,800,5716000,249668000000,-500,false,-1.14
"MWG",142632,"/Date(1704698809000)/",43350,200,5715200,249633000000,-500,false,-1.14
"MWG",142632,"/Date(1704698809000)/",43300,5000,5715000,249624000000,-550,true,-1.25
"MWG",142629,"/Date(1704698808000)/",43350,500,5710000,249408000000,-500,false,-1.14
"MWG",142625,"/Date(1704698803000)/",43350,1000,5709500,249386000000,-500,false,-1.14
"MWG",142622,"/Date(1704698802000)/",43300,2400,5708500,249343000000,-550,true,-1.25
"MWG",142622,"/Date(1704698802000)/",43300,500,5706100,249239000000,-550,true,-1.25
"MWG",142622,"/Date(1704698802000)/",43300,500,5705600,249217000000,-550,true,-1.25
"MWG",142622,"/Date(1704698802000)/",43300,1600,5705100,249195000000,-550,true,-1.25
"MWG",142622,"/Date(1704698801000)/",43350,400,5703500,249126000000,-500,false,-1.14
"MWG",142622,"/Date(1704698800000)/",43350,1000,5703100,249109000000,-500,false,-1.14
"MWG",142622,"/Date(1704698799000)/",43350,800,5702100,249065000000,-500,false,-1.14
"MWG",142622,"/Date(1704698799000)/",43350,100,5701300,249031000000,-500,false,-1.14
"MWG",142622,"/Date(1704698799000)/",43350,100,5701200,249026000000,-500,false,-1.14
"MWG",142616,"/Date(1704698795000)/",43350,400,5701100,249022000000,-500,false,-1.14
"MWG",142616,"/Date(1704698795000)/",43350,100,5700700,249005000000,-500,false,-1.14
"MWG",142616,"/Date(1704698794000)/",43350,3000,5700600,249000000000,-500,false,-1.14
"MWG",142616,"/Date(1704698794000)/",43350,700,5697600,248870000000,-500,false,-1.14
"MWG",142613,"/Date(1704698790000)/",43350,300,5696900,248840000000,-500,false,-1.14
"MWG",142609,"/Date(1704698789000)/",43350,1400,5696600,248827000000,-500,false,-1.14
"MWG",142609,"/Date(1704698789000)/",43350,300,5695200,248766000000,-500,false,-1.14
"MWG",142606,"/Date(1704698786000)/",43350,100,5694900,248753000000,-500,false,-1.14
"MWG",142606,"/Date(1704698786000)/",43350,100,5694800,248749000000,-500,false,-1.14
"MWG",142606,"/Date(1704698785000)/",43350,200,5694700,248745000000,-500,false,-1.14
"MWG",142603,"/Date(1704698782000)/",43350,100,5694500,248736000000,-500,false,-1.14
"MWG",142600,"/Date(1704698779000)/",43350,100,5694400,248732000000,-500,false,-1.14
"MWG",142547,"/Date(1704698766000)/",43350,900,5694300,248727000000,-500,false,-1.14
"MWG",142544,"/Date(1704698762000)/",43300,400,5693400,248688000000,-550,true,-1.25
"MWG",142544,"/Date(1704698762000)/",43300,100,5693000,248671000000,-550,true,-1.25
"MWG",142541,"/Date(1704698760000)/",43350,900,5692900,248667000000,-500,false,-1.14
"MWG",142541,"/Date(1704698758000)/",43350,900,5692000,248628000000,-500,false,-1.14
"MWG",142537,"/Date(1704698757000)/",43300,500,5691100,248589000000,-550,true,-1.25
"MWG",142537,"/Date(1704698757000)/",43300,500,5690600,248567000000,-550,true,-1.25
"MWG",142537,"/Date(1704698757000)/",43350,900,5690100,248545000000,-500,false,-1.14
"MWG",142537,"/Date(1704698756000)/",43300,600,5689200,248506000000,-550,true,-1.25
"MWG",142534,"/Date(1704698754000)/",43350,200,5688600,248480000000,-500,false,-1.14
"MWG",142534,"/Date(1704698754000)/",43300,1000,5688400,248472000000,-550,true,-1.25
"MWG",142534,"/Date(1704698753000)/",43300,500,5687400,248428000000,-550,true,-1.25
"MWG",142531,"/Date(1704698749000)/",43300,300,5686900,248407000000,-550,true,-1.25
"MWG",142525,"/Date(1704698744000)/",43300,1200,5686600,248394000000,-550,true,-1.25
"MWG",142525,"/Date(1704698744000)/",43300,500,5685400,248342000000,-550,true,-1.25
"MWG",142525,"/Date(1704698744000)/",43300,1000,5684900,248320000000,-550,true,-1.25
"MWG",142525,"/Date(1704698744000)/",43300,200,5683900,248277000000,-550,true,-1.25
"MWG",142525,"/Date(1704698744000)/",43300,300,5683700,248268000000,-550,true,-1.25
"MWG",142525,"/Date(1704698744000)/",43300,100,5683400,248255000000,-550,true,-1.25
"MWG",142525,"/Date(1704698744000)/",43300,100,5683300,248251000000,-550,true,-1.25
"MWG",142525,"/Date(1704698744000)/",43300,2000,5683200,248247000000,-550,true,-1.25
"MWG",142525,"/Date(1704698744000)/",43300,500,5681200,248160000000,-550,true,-1.25
"MWG",142525,"/Date(1704698744000)/",43300,200,5680700,248138000000,-550,true,-1.25
"MWG",142525,"/Date(1704698744000)/",43300,300,5680500,248130000000,-550,true,-1.25
"MWG",142525,"/Date(1704698744000)/",43300,100,5680200,248117000000,-550,true,-1.25
"MWG",142525,"/Date(1704698744000)/",43300,5000,5680100,248112000000,-550,true,-1.25
"MWG",142525,"/Date(1704698744000)/",43300,100,5675100,247896000000,-550,true,-1.25
"MWG",142525,"/Date(1704698744000)/",43300,800,5675000,247891000000,-550,true,-1.25
"MWG",142525,"/Date(1704698744000)/",43300,500,5674200,247857000000,-550,true,-1.25
"MWG",142525,"/Date(1704698744000)/",43300,5000,5673700,247835000000,-550,true,-1.25
"MWG",142525,"/Date(1704698744000)/",43300,100,5668700,247619000000,-550,true,-1.25
"MWG",142525,"/Date(1704698744000)/",43300,1000,5668600,247614000000,-550,true,-1.25
"MWG",142525,"/Date(1704698744000)/",43300,400,5667600,247571000000,-550,true,-1.25
"MWG",142525,"/Date(1704698744000)/",43300,10000,5667200,247554000000,-550,true,-1.25
"MWG",142525,"/Date(1704698744000)/",43300,800,5657200,247121000000,-550,true,-1.25
"MWG",142525,"/Date(1704698744000)/",43300,600,5656400,247086000000,-550,true,-1.25
"MWG",142525,"/Date(1704698744000)/",43300,100,5655800,247060000000,-550,true,-1.25
"MWG",142525,"/Date(1704698744000)/",43300,1000,5655700,247056000000,-550,true,-1.25
"MWG",142525,"/Date(1704698744000)/",43300,500,5654700,247012000000,-550,true,-1.25
"MWG",142525,"/Date(1704698744000)/",43300,100,5654200,246991000000,-550,true,-1.25
"MWG",142525,"/Date(1704698744000)/",43300,800,5654100,246986000000,-550,true,-1.25
"MWG",142525,"/Date(1704698744000)/",43300,200,5653300,246952000000,-550,true,-1.25
"MWG",142525,"/Date(1704698744000)/",43300,1800,5653100,246943000000,-550,true,-1.25
"MWG",142515,"/Date(1704698732000)/",43300,3200,5651300,246865000000,-550,true,-1.25
"MWG",142515,"/Date(1704698732000)/",43300,100,5648100,246727000000,-550,true,-1.25
"MWG",142515,"/Date(1704698732000)/",43300,100,5648000,246722000000,-550,true,-1.25
"MWG",142515,"/Date(1704698732000)/",43300,1000,5647900,246718000000,-550,true,-1.25
"MWG",142515,"/Date(1704698732000)/",43300,600,5646900,246675000000,-550,true,-1.25
"MWG",142509,"/Date(1704698728000)/",43350,2000,5646300,246649000000,-500,false,-1.14
"MWG",142509,"/Date(1704698726000)/",43350,900,5644300,246562000000,-500,false,-1.14
"MWG",142505,"/Date(1704698723000)/",43350,500,5643400,246523000000,-500,false,-1.14
"MWG",142459,"/Date(1704698718000)/",43350,400,5642900,246501000000,-500,false,-1.14
"MWG",142456,"/Date(1704698716000)/",43350,800,5642500,246484000000,-500,false,-1.14
"MWG",142449,"/Date(1704698709000)/",43350,1400,5641700,246449000000,-500,false,-1.14
"MWG",142446,"/Date(1704698705000)/",43350,100,5640300,246389000000,-500,false,-1.14
"MWG",142446,"/Date(1704698703000)/",43300,400,5640200,246384000000,-550,true,-1.25
"MWG",142446,"/Date(1704698703000)/",43300,100,5639800,246367000000,-550,true,-1.25
"MWG",142446,"/Date(1704698703000)/",43300,200,5639700,246363000000,-550,true,-1.25
"MWG",142443,"/Date(1704698701000)/",43300,300,5639500,246354000000,-550,true,-1.25
"MWG",142443,"/Date(1704698701000)/",43300,200,5639200,246341000000,-550,true,-1.25
"MWG",142443,"/Date(1704698701000)/",43300,900,5639000,246332000000,-550,true,-1.25
"MWG",142443,"/Date(1704698701000)/",43300,400,5638100,246293000000,-550,true,-1.25
"MWG",142443,"/Date(1704698701000)/",43300,700,5637700,246276000000,-550,true,-1.25
"MWG",142443,"/Date(1704698701000)/",43300,3000,5637000,246246000000,-550,true,-1.25
"MWG",142436,"/Date(1704698695000)/",43300,5000,5634000,246116000000,-550,true,-1.25
"MWG",142433,"/Date(1704698692000)/",43300,6000,5629000,245899000000,-550,true,-1.25
"MWG",142407,"/Date(1704698664000)/",43300,5000,5623000,245640000000,-550,true,-1.25
"MWG",142404,"/Date(1704698663000)/",43350,100,5618000,245423000000,-500,false,-1.14
"MWG",142401,"/Date(1704698658000)/",43300,5000,5617900,245419000000,-550,true,-1.25
"MWG",142358,"/Date(1704698657000)/",43300,5000,5612900,245202000000,-550,true,-1.25
"MWG",142354,"/Date(1704698653000)/",43300,5000,5607900,244986000000,-550,true,-1.25
"MWG",142354,"/Date(1704698653000)/",43350,500,5602900,244769000000,-500,false,-1.14
"MWG",142351,"/Date(1704698649000)/",43300,1000,5602400,244748000000,-550,true,-1.25
"MWG",142348,"/Date(1704698646000)/",43350,200,5601400,244704000000,-500,false,-1.14
"MWG",142345,"/Date(1704698644000)/",43350,100,5601200,244696000000,-500,false,-1.14
"MWG",142342,"/Date(1704698640000)/",43300,5000,5601100,244691000000,-550,true,-1.25
"MWG",142338,"/Date(1704698638000)/",43350,2000,5596100,244475000000,-500,false,-1.14
"MWG",142335,"/Date(1704698634000)/",43300,100,5594100,244388000000,-550,true,-1.25
"MWG",142335,"/Date(1704698632000)/",43300,100,5594000,244384000000,-550,true,-1.25
"MWG",142329,"/Date(1704698629000)/",43300,4000,5593900,244379000000,-550,true,-1.25
"MWG",142329,"/Date(1704698629000)/",43300,5100,5589900,244206000000,-550,true,-1.25
"MWG",142329,"/Date(1704698629000)/",43300,200,5584800,243985000000,-550,true,-1.25
"MWG",142329,"/Date(1704698629000)/",43300,300,5584600,243977000000,-550,true,-1.25
"MWG",142329,"/Date(1704698629000)/",43300,200,5584300,243964000000,-550,true,-1.25
"MWG",142329,"/Date(1704698629000)/",43300,200,5584100,243955000000,-550,true,-1.25
"MWG",142329,"/Date(1704698629000)/",43300,100,5583900,243946000000,-550,true,-1.25
"MWG",142329,"/Date(1704698629000)/",43300,500,5583800,243942000000,-550,true,-1.25
"MWG",142329,"/Date(1704698629000)/",43300,400,5583300,243920000000,-550,true,-1.25
"MWG",142329,"/Date(1704698629000)/",43300,100,5582900,243903000000,-550,true,-1.25
"MWG",142329,"/Date(1704698629000)/",43300,2000,5582800,243899000000,-550,true,-1.25
"MWG",142329,"/Date(1704698629000)/",43300,100,5580800,243812000000,-550,true,-1.25
"MWG",142329,"/Date(1704698629000)/",43300,1000,5580700,243808000000,-550,true,-1.25
"MWG",142329,"/Date(1704698629000)/",43300,300,5579700,243765000000,-550,true,-1.25
"MWG",142329,"/Date(1704698629000)/",43300,1000,5579400,243752000000,-550,true,-1.25
"MWG",142329,"/Date(1704698629000)/",43300,300,5578400,243708000000,-550,true,-1.25
"MWG",142329,"/Date(1704698629000)/",43300,300,5578100,243695000000,-550,true,-1.25
"MWG",142322,"/Date(1704698622000)/",43300,700,5577800,243682000000,-550,true,-1.25
"MWG",142322,"/Date(1704698622000)/",43300,200,5577100,243652000000,-550,true,-1.25
"MWG",142322,"/Date(1704698622000)/",43300,1000,5576900,243643000000,-550,true,-1.25
"MWG",142322,"/Date(1704698622000)/",43300,100,5575900,243600000000,-550,true,-1.25
"MWG",142322,"/Date(1704698622000)/",43300,1000,5575800,243596000000,-550,true,-1.25
"MWG",142322,"/Date(1704698622000)/",43300,500,5574800,243552000000,-550,true,-1.25
"MWG",142322,"/Date(1704698622000)/",43300,500,5574300,243531000000,-550,true,-1.25
"MWG",142322,"/Date(1704698620000)/",43350,200,5573800,243509000000,-500,false,-1.14
"MWG",142322,"/Date(1704698620000)/",43300,500,5573600,243500000000,-550,true,-1.25
"MWG",142322,"/Date(1704698620000)/",43300,200,5573100,243479000000,-550,true,-1.25
"MWG",142322,"/Date(1704698620000)/",43300,100,5572900,243470000000,-550,true,-1.25
"MWG",142322,"/Date(1704698620000)/",43300,100,5572800,243466000000,-550,true,-1.25
"MWG",142322,"/Date(1704698620000)/",43300,100,5572700,243461000000,-550,true,-1.25
"MWG",142322,"/Date(1704698620000)/",43300,200,5572600,243457000000,-550,true,-1.25
"MWG",142322,"/Date(1704698620000)/",43300,500,5572400,243448000000,-550,true,-1.25
"MWG",142322,"/Date(1704698620000)/",43300,500,5571900,243427000000,-550,true,-1.25
"MWG",142322,"/Date(1704698620000)/",43300,7800,5571400,243405000000,-550,true,-1.25
"MWG",142319,"/Date(1704698619000)/",43350,1000,5563600,243067000000,-500,false,-1.14
"MWG",142316,"/Date(1704698613000)/",43300,2200,5562600,243024000000,-550,true,-1.25
"MWG",142316,"/Date(1704698613000)/",43300,100,5560400,242929000000,-550,true,-1.25
"MWG",142316,"/Date(1704698613000)/",43300,200,5560300,242924000000,-550,true,-1.25
"MWG",142316,"/Date(1704698613000)/",43300,1500,5560100,242916000000,-550,true,-1.25
"MWG",142310,"/Date(1704698607000)/",43350,100,5558600,242851000000,-500,false,-1.14
"MWG",142306,"/Date(1704698604000)/",43300,500,5558500,242846000000,-550,true,-1.25
"MWG",142306,"/Date(1704698604000)/",43300,2400,5558000,242825000000,-550,true,-1.25
"MWG",142306,"/Date(1704698604000)/",43300,100,5555600,242721000000,-550,true,-1.25
"MWG",142306,"/Date(1704698604000)/",43300,500,5555500,242717000000,-550,true,-1.25
"MWG",142306,"/Date(1704698604000)/",43300,100,5555000,242695000000,-550,true,-1.25
"MWG",142306,"/Date(1704698604000)/",43300,1000,5554900,242691000000,-550,true,-1.25
"MWG",142306,"/Date(1704698604000)/",43300,400,5553900,242647000000,-550,true,-1.25
"MWG",142303,"/Date(1704698601000)/",43300,100,5553500,242630000000,-550,true,-1.25
"MWG",142303,"/Date(1704698601000)/",43300,100,5553400,242626000000,-550,true,-1.25
"MWG",142303,"/Date(1704698601000)/",43300,100,5553300,242621000000,-550,true,-1.25
"MWG",142300,"/Date(1704698598000)/",43350,200,5553200,242617000000,-500,false,-1.14
"MWG",142254,"/Date(1704698593000)/",43350,200,5553000,242608000000,-500,false,-1.14
"MWG",142254,"/Date(1704698592000)/",43350,2000,5552800,242600000000,-500,false,-1.14
"MWG",142250,"/Date(1704698590000)/",43350,200,5550800,242513000000,-500,false,-1.14
"MWG",142250,"/Date(1704698589000)/",43350,400,5550600,242504000000,-500,false,-1.14
"MWG",142250,"/Date(1704698589000)/",43350,100,5550200,242487000000,-500,false,-1.14
"MWG",142247,"/Date(1704698584000)/",43300,200,5550100,242483000000,-550,true,-1.25
"MWG",142241,"/Date(1704698580000)/",43350,1000,5549900,242474000000,-500,false,-1.14
"MWG",142234,"/Date(1704698574000)/",43300,100,5548900,242431000000,-550,true,-1.25
"MWG",142234,"/Date(1704698574000)/",43300,500,5548800,242426000000,-550,true,-1.25
"MWG",142234,"/Date(1704698574000)/",43300,200,5548300,242405000000,-550,true,-1.25
"MWG",142234,"/Date(1704698574000)/",43300,200,5548100,242396000000,-550,true,-1.25
"MWG",142228,"/Date(1704698566000)/",43350,200,5547900,242387000000,-500,false,-1.14
"MWG",142221,"/Date(1704698561000)/",43350,100,5547700,242379000000,-500,false,-1.14
"MWG",142221,"/Date(1704698559000)/",43350,100,5547600,242374000000,-500,false,-1.14
"MWG",142218,"/Date(1704698558000)/",43300,200,5547500,242370000000,-550,true,-1.25
"MWG",142218,"/Date(1704698558000)/",43300,900,5547300,242361000000,-550,true,-1.25
"MWG",142215,"/Date(1704698554000)/",43350,5000,5546400,242322000000,-500,false,-1.14
"MWG",142215,"/Date(1704698554000)/",43350,5000,5541400,242106000000,-500,false,-1.14
"MWG",142215,"/Date(1704698553000)/",43350,200,5536400,241889000000,-500,false,-1.14
"MWG",142205,"/Date(1704698544000)/",43350,300,5536200,241880000000,-500,false,-1.14
"MWG",142202,"/Date(1704698541000)/",43350,1000,5535900,241867000000,-500,false,-1.14
"MWG",142202,"/Date(1704698540000)/",43350,900,5534900,241824000000,-500,false,-1.14
"MWG",142202,"/Date(1704698540000)/",43350,100,5534000,241785000000,-500,false,-1.14
"MWG",142159,"/Date(1704698537000)/",43350,2500,5533900,241780000000,-500,false,-1.14
"MWG",142159,"/Date(1704698537000)/",43350,500,5531400,241672000000,-500,false,-1.14
"MWG",142156,"/Date(1704698536000)/",43350,100,5530900,241650000000,-500,false,-1.14
"MWG",142153,"/Date(1704698532000)/",43350,400,5530800,241646000000,-500,false,-1.14
"MWG",142146,"/Date(1704698526000)/",43350,200,5530400,241629000000,-500,false,-1.14
"MWG",142140,"/Date(1704698517000)/",43350,800,5530200,241620000000,-500,false,-1.14
"MWG",142140,"/Date(1704698517000)/",43350,200,5529400,241585000000,-500,false,-1.14
"MWG",142140,"/Date(1704698517000)/",43350,1000,5529200,241577000000,-500,false,-1.14
"MWG",142140,"/Date(1704698517000)/",43350,500,5528200,241533000000,-500,false,-1.14
"MWG",142137,"/Date(1704698515000)/",43350,300,5527700,241512000000,-500,false,-1.14
"MWG",142133,"/Date(1704698513000)/",43350,100,5527400,241499000000,-500,false,-1.14
"MWG",142127,"/Date(1704698506000)/",43350,6000,5527300,241494000000,-500,true,-1.14
"MWG",142127,"/Date(1704698506000)/",43350,200,5521300,241234000000,-500,true,-1.14
"MWG",142127,"/Date(1704698506000)/",43350,200,5521100,241226000000,-500,true,-1.14
"MWG",142127,"/Date(1704698506000)/",43350,200,5520900,241217000000,-500,true,-1.14
"MWG",142127,"/Date(1704698506000)/",43350,500,5520700,241208000000,-500,true,-1.14
"MWG",142127,"/Date(1704698506000)/",43350,100,5520200,241187000000,-500,true,-1.14
"MWG",142127,"/Date(1704698506000)/",43350,300,5520100,241182000000,-500,true,-1.14
"MWG",142127,"/Date(1704698506000)/",43350,200,5519800,241169000000,-500,true,-1.14
"MWG",142127,"/Date(1704698506000)/",43350,1000,5519600,241161000000,-500,true,-1.14
"MWG",142127,"/Date(1704698506000)/",43350,100,5518600,241117000000,-500,true,-1.14
"MWG",142127,"/Date(1704698506000)/",43350,1200,5518500,241113000000,-500,true,-1.14
"MWG",142127,"/Date(1704698506000)/",43350,5000,5517300,241061000000,-500,true,-1.14
"MWG",142127,"/Date(1704698506000)/",43350,700,5512300,240844000000,-500,true,-1.14
"MWG",142127,"/Date(1704698506000)/",43350,17400,5511600,240814000000,-500,true,-1.14
"MWG",142124,"/Date(1704698502000)/",43350,2600,5494200,240059000000,-500,true,-1.14
"MWG",142124,"/Date(1704698502000)/",43350,2400,5491600,239947000000,-500,true,-1.14
"MWG",142121,"/Date(1704698498000)/",43350,600,5489200,239843000000,-500,true,-1.14
"MWG",142105,"/Date(1704698482000)/",43350,5000,5488600,239817000000,-500,true,-1.14
"MWG",142101,"/Date(1704698481000)/",43400,100,5483600,239600000000,-450,false,-1.03
"MWG",142042,"/Date(1704698461000)/",43350,2000,5483500,239596000000,-500,true,-1.14
"MWG",142042,"/Date(1704698460000)/",43400,200,5481500,239509000000,-450,false,-1.03
"MWG",142036,"/Date(1704698456000)/",43400,700,5481300,239500000000,-450,false,-1.03
"MWG",142033,"/Date(1704698451000)/",43400,100,5480600,239470000000,-450,false,-1.03
"MWG",142029,"/Date(1704698448000)/",43350,100,5480500,239466000000,-500,true,-1.14
"MWG",142023,"/Date(1704698440000)/",43350,1000,5480400,239461000000,-500,true,-1.14
"MWG",142023,"/Date(1704698440000)/",43350,3000,5479400,239418000000,-500,true,-1.14
"MWG",142023,"/Date(1704698440000)/",43350,6000,5476400,239288000000,-500,true,-1.14
"MWG",142013,"/Date(1704698433000)/",43350,4000,5470400,239028000000,-500,true,-1.14
"MWG",142013,"/Date(1704698433000)/",43350,200,5466400,238854000000,-500,true,-1.14
"MWG",142013,"/Date(1704698433000)/",43350,200,5466200,238846000000,-500,true,-1.14
"MWG",142013,"/Date(1704698433000)/",43350,200,5466000,238837000000,-500,true,-1.14
"MWG",142013,"/Date(1704698433000)/",43350,1000,5465800,238828000000,-500,true,-1.14
"MWG",142013,"/Date(1704698433000)/",43350,400,5464800,238785000000,-500,true,-1.14
"MWG",142013,"/Date(1704698433000)/",43400,200,5464400,238768000000,-450,true,-1.03
"MWG",142013,"/Date(1704698433000)/",43400,800,5464200,238759000000,-450,true,-1.03
"MWG",142013,"/Date(1704698433000)/",43400,3000,5463400,238724000000,-450,true,-1.03
"MWG",142010,"/Date(1704698429000)/",43400,10000,5460400,238594000000,-450,true,-1.03
"MWG",142010,"/Date(1704698429000)/",43400,100,5450400,238160000000,-450,true,-1.03
"MWG",142007,"/Date(1704698425000)/",43400,4500,5450300,238156000000,-450,true,-1.03
"MWG",142007,"/Date(1704698424000)/",43400,200,5445800,237960000000,-450,true,-1.03
"MWG",142007,"/Date(1704698424000)/",43400,300,5445600,237952000000,-450,true,-1.03
"MWG",142001,"/Date(1704698420000)/",43400,5000,5445300,237939000000,-450,true,-1.03
"MWG",141957,"/Date(1704698417000)/",43400,300,5440300,237722000000,-450,true,-1.03
"MWG",141957,"/Date(1704698417000)/",43400,2300,5440000,237709000000,-450,true,-1.03
"MWG",141957,"/Date(1704698417000)/",43400,2000,5437700,237609000000,-450,true,-1.03
"MWG",141957,"/Date(1704698417000)/",43400,100,5435700,237522000000,-450,true,-1.03
"MWG",141948,"/Date(1704698406000)/",43400,100,5435600,237518000000,-450,false,-1.03
"MWG",141948,"/Date(1704698405000)/",43400,1800,5435500,237513000000,-450,false,-1.03
"MWG",141948,"/Date(1704698405000)/",43400,1000,5433700,237435000000,-450,false,-1.03
"MWG",141948,"/Date(1704698405000)/",43400,100,5432700,237392000000,-450,false,-1.03
"MWG",141948,"/Date(1704698405000)/",43400,500,5432600,237387000000,-450,false,-1.03
"MWG",141948,"/Date(1704698405000)/",43400,2000,5432100,237366000000,-450,false,-1.03
"MWG",141948,"/Date(1704698405000)/",43400,300,5430100,237279000000,-450,false,-1.03
"MWG",141948,"/Date(1704698405000)/",43400,100,5429800,237266000000,-450,false,-1.03
"MWG",141948,"/Date(1704698405000)/",43400,100,5429700,237262000000,-450,false,-1.03
"MWG",141948,"/Date(1704698405000)/",43400,100,5429600,237257000000,-450,false,-1.03
"MWG",141948,"/Date(1704698405000)/",43400,4000,5429500,237253000000,-450,false,-1.03
"MWG",141935,"/Date(1704698393000)/",43400,200,5425500,237079000000,-450,false,-1.03
"MWG",141925,"/Date(1704698385000)/",43400,2800,5425300,237071000000,-450,false,-1.03
"MWG",141925,"/Date(1704698385000)/",43400,200,5422500,236949000000,-450,false,-1.03
"MWG",141925,"/Date(1704698385000)/",43400,500,5422300,236940000000,-450,false,-1.03
"MWG",141922,"/Date(1704698380000)/",43400,100,5421800,236919000000,-450,false,-1.03
"MWG",141919,"/Date(1704698376000)/",43400,600,5421700,236914000000,-450,false,-1.03
"MWG",141919,"/Date(1704698376000)/",43400,5900,5421100,236888000000,-450,false,-1.03
"MWG",141913,"/Date(1704698370000)/",43350,300,5415200,236632000000,-500,true,-1.14
"MWG",141906,"/Date(1704698366000)/",43350,300,5414900,236619000000,-500,true,-1.14
"MWG",141900,"/Date(1704698357000)/",43350,500,5414600,236606000000,-500,true,-1.14
"MWG",141900,"/Date(1704698357000)/",43350,100,5414100,236585000000,-500,true,-1.14
"MWG",141900,"/Date(1704698357000)/",43350,800,5414000,236580000000,-500,true,-1.14
"MWG",141853,"/Date(1704698353000)/",43400,4100,5413200,236546000000,-450,false,-1.03
"MWG",141853,"/Date(1704698353000)/",43400,1900,5409100,236368000000,-450,false,-1.03
"MWG",141841,"/Date(1704698338000)/",43350,4200,5407200,236285000000,-500,false,-1.14
"MWG",141841,"/Date(1704698338000)/",43350,300,5403000,236103000000,-500,false,-1.14
"MWG",141837,"/Date(1704698335000)/",43350,100,5402700,236090000000,-500,false,-1.14
"MWG",141834,"/Date(1704698331000)/",43300,100,5402600,236086000000,-550,true,-1.25
"MWG",141834,"/Date(1704698331000)/",43300,3900,5402500,236081000000,-550,true,-1.25
"MWG",141828,"/Date(1704698326000)/",43350,100,5398600,235913000000,-500,false,-1.14
"MWG",141828,"/Date(1704698326000)/",43350,300,5398500,235908000000,-500,false,-1.14
"MWG",141825,"/Date(1704698323000)/",43300,2000,5398200,235895000000,-550,true,-1.25
"MWG",141822,"/Date(1704698319000)/",43300,400,5396200,235809000000,-550,true,-1.25
"MWG",141822,"/Date(1704698319000)/",43350,1600,5395800,235791000000,-500,true,-1.14
"MWG",141818,"/Date(1704698317000)/",43350,2000,5394200,235722000000,-500,false,-1.14
"MWG",141818,"/Date(1704698317000)/",43350,1400,5392200,235635000000,-500,false,-1.14
"MWG",141815,"/Date(1704698313000)/",43350,100,5390800,235575000000,-500,false,-1.14
"MWG",141809,"/Date(1704698308000)/",43350,500,5390700,235570000000,-500,false,-1.14
"MWG",141809,"/Date(1704698308000)/",43350,500,5390200,235549000000,-500,false,-1.14
"MWG",141802,"/Date(1704698301000)/",43350,300,5389700,235527000000,-500,false,-1.14
"MWG",141759,"/Date(1704698299000)/",43350,200,5389400,235514000000,-500,false,-1.14
"MWG",141756,"/Date(1704698295000)/",43350,1000,5389200,235505000000,-500,false,-1.14
"MWG",141753,"/Date(1704698290000)/",43400,100,5388200,235462000000,-450,false,-1.03
"MWG",141753,"/Date(1704698290000)/",43400,100,5388100,235458000000,-450,false,-1.03
"MWG",141753,"/Date(1704698290000)/",43350,1500,5388000,235453000000,-500,false,-1.14
"MWG",141753,"/Date(1704698290000)/",43350,100,5386500,235388000000,-500,false,-1.14
"MWG",141753,"/Date(1704698290000)/",43350,1000,5386400,235384000000,-500,false,-1.14
"MWG",141753,"/Date(1704698290000)/",43350,1100,5385400,235340000000,-500,false,-1.14
"MWG",141753,"/Date(1704698290000)/",43350,1100,5384300,235293000000,-500,false,-1.14
"MWG",141746,"/Date(1704698283000)/",43300,3700,5383200,235245000000,-550,true,-1.25
"MWG",141746,"/Date(1704698283000)/",43300,300,5379500,235085000000,-550,true,-1.25
"MWG",141746,"/Date(1704698283000)/",43300,5000,5379200,235072000000,-550,true,-1.25
"MWG",141746,"/Date(1704698283000)/",43300,100,5374200,234855000000,-550,true,-1.25
"MWG",141746,"/Date(1704698283000)/",43300,100,5374100,234851000000,-550,true,-1.25
"MWG",141746,"/Date(1704698283000)/",43300,100,5374000,234847000000,-550,true,-1.25
"MWG",141746,"/Date(1704698283000)/",43300,700,5373900,234842000000,-550,true,-1.25
"MWG",141743,"/Date(1704698282000)/",43350,600,5373200,234812000000,-500,false,-1.14
"MWG",141737,"/Date(1704698274000)/",43350,100,5372600,234786000000,-500,true,-1.14
"MWG",141737,"/Date(1704698274000)/",43350,200,5372500,234782000000,-500,true,-1.14
"MWG",141737,"/Date(1704698274000)/",43350,100,5372300,234773000000,-500,true,-1.14
"MWG",141737,"/Date(1704698274000)/",43350,500,5372200,234769000000,-500,true,-1.14
"MWG",141737,"/Date(1704698274000)/",43350,100,5371700,234747000000,-500,true,-1.14
"MWG",141737,"/Date(1704698274000)/",43350,200,5371600,234743000000,-500,true,-1.14
"MWG",141737,"/Date(1704698274000)/",43350,200,5371400,234734000000,-500,true,-1.14
"MWG",141737,"/Date(1704698274000)/",43350,1200,5371200,234725000000,-500,true,-1.14
"MWG",141737,"/Date(1704698274000)/",43350,100,5370000,234673000000,-500,true,-1.14
"MWG",141737,"/Date(1704698274000)/",43350,100,5369900,234669000000,-500,true,-1.14
"MWG",141737,"/Date(1704698274000)/",43350,500,5369800,234665000000,-500,true,-1.14
"MWG",141734,"/Date(1704698272000)/",43350,6800,5369300,234643000000,-500,true,-1.14
"MWG",141734,"/Date(1704698272000)/",43350,3200,5362500,234348000000,-500,true,-1.14
"MWG",141714,"/Date(1704698253000)/",43350,1000,5359300,234210000000,-500,true,-1.14
"MWG",141714,"/Date(1704698253000)/",43350,800,5358300,234166000000,-500,true,-1.14
"MWG",141714,"/Date(1704698253000)/",43350,200,5357500,234132000000,-500,true,-1.14
"MWG",141714,"/Date(1704698253000)/",43350,200,5357300,234123000000,-500,true,-1.14
"MWG",141714,"/Date(1704698253000)/",43350,100,5357100,234114000000,-500,true,-1.14
"MWG",141701,"/Date(1704698240000)/",43350,100,5357000,234110000000,-500,true,-1.14
"MWG",141701,"/Date(1704698240000)/",43350,100,5356900,234105000000,-500,true,-1.14
"MWG",141701,"/Date(1704698240000)/",43350,300,5356800,234101000000,-500,true,-1.14
"MWG",141658,"/Date(1704698236000)/",43350,600,5356500,234088000000,-500,true,-1.14
"MWG",141658,"/Date(1704698236000)/",43350,100,5355900,234062000000,-500,true,-1.14
"MWG",141658,"/Date(1704698236000)/",43350,200,5355800,234058000000,-500,true,-1.14
"MWG",141658,"/Date(1704698236000)/",43350,100,5355600,234049000000,-500,true,-1.14
"MWG",141655,"/Date(1704698235000)/",43350,4900,5355500,234045000000,-500,true,-1.14
"MWG",141655,"/Date(1704698235000)/",43350,500,5350600,233832000000,-500,true,-1.14
"MWG",141655,"/Date(1704698235000)/",43350,500,5350100,233811000000,-500,true,-1.14
"MWG",141655,"/Date(1704698235000)/",43350,100,5349600,233789000000,-500,true,-1.14
"MWG",141655,"/Date(1704698235000)/",43350,200,5349500,233785000000,-500,true,-1.14
"MWG",141655,"/Date(1704698235000)/",43350,100,5349300,233776000000,-500,true,-1.14
"MWG",141655,"/Date(1704698235000)/",43350,100,5349200,233772000000,-500,true,-1.14
"MWG",141655,"/Date(1704698235000)/",43350,200,5349100,233767000000,-500,true,-1.14
"MWG",141655,"/Date(1704698235000)/",43350,400,5348900,233759000000,-500,true,-1.14
"MWG",141648,"/Date(1704698227000)/",43350,3000,5348500,233741000000,-500,true,-1.14
"MWG",141645,"/Date(1704698222000)/",43350,100,5345500,233611000000,-500,true,-1.14
"MWG",141642,"/Date(1704698220000)/",43350,2500,5345400,233607000000,-500,true,-1.14
"MWG",141642,"/Date(1704698220000)/",43350,1000,5342900,233499000000,-500,true,-1.14
"MWG",141642,"/Date(1704698220000)/",43350,900,5341900,233455000000,-500,true,-1.14
"MWG",141642,"/Date(1704698220000)/",43350,100,5341000,233416000000,-500,true,-1.14
"MWG",141642,"/Date(1704698220000)/",43350,200,5340900,233412000000,-500,true,-1.14
"MWG",141642,"/Date(1704698220000)/",43350,500,5340700,233403000000,-500,true,-1.14
"MWG",141642,"/Date(1704698220000)/",43350,100,5340200,233382000000,-500,true,-1.14
"MWG",141642,"/Date(1704698220000)/",43350,200,5340100,233377000000,-500,true,-1.14
"MWG",141642,"/Date(1704698220000)/",43350,200,5339900,233369000000,-500,true,-1.14
"MWG",141642,"/Date(1704698220000)/",43350,500,5339700,233360000000,-500,true,-1.14
"MWG",141642,"/Date(1704698220000)/",43350,200,5339200,233338000000,-500,true,-1.14
"MWG",141642,"/Date(1704698220000)/",43350,3600,5339000,233330000000,-500,true,-1.14
"MWG",141639,"/Date(1704698219000)/",43350,1000,5335400,233173000000,-500,true,-1.14
"MWG",141626,"/Date(1704698204000)/",43350,300,5334400,233130000000,-500,true,-1.14
"MWG",141623,"/Date(1704698201000)/",43350,100,5334100,233117000000,-500,true,-1.14
"MWG",141620,"/Date(1704698199000)/",43350,2000,5334000,233113000000,-500,true,-1.14
"MWG",141616,"/Date(1704698194000)/",43350,3000,5332000,233026000000,-500,true,-1.14
"MWG",141616,"/Date(1704698194000)/",43350,200,5329000,232896000000,-500,true,-1.14
"MWG",141616,"/Date(1704698194000)/",43350,200,5328800,232887000000,-500,true,-1.14
"MWG",141616,"/Date(1704698194000)/",43350,300,5328600,232879000000,-500,true,-1.14
"MWG",141616,"/Date(1704698194000)/",43350,500,5328300,232866000000,-500,true,-1.14
"MWG",141616,"/Date(1704698194000)/",43350,200,5327800,232844000000,-500,true,-1.14
"MWG",141616,"/Date(1704698194000)/",43350,1000,5327600,232835000000,-500,true,-1.14
"MWG",141616,"/Date(1704698194000)/",43350,300,5326600,232792000000,-500,true,-1.14
"MWG",141613,"/Date(1704698193000)/",43350,4700,5326300,232779000000,-500,true,-1.14
"MWG",141613,"/Date(1704698193000)/",43350,300,5321600,232575000000,-500,true,-1.14
"MWG",141613,"/Date(1704698190000)/",43350,300,5321300,232562000000,-500,true,-1.14
"MWG",141610,"/Date(1704698188000)/",43350,500,5321000,232549000000,-500,true,-1.14
"MWG",141610,"/Date(1704698188000)/",43350,100,5320500,232528000000,-500,true,-1.14
"MWG",141610,"/Date(1704698188000)/",43350,100,5320400,232523000000,-500,true,-1.14
"MWG",141610,"/Date(1704698188000)/",43350,1200,5320300,232519000000,-500,true,-1.14
"MWG",141604,"/Date(1704698183000)/",43400,1000,5319100,232467000000,-450,false,-1.03
"MWG",141600,"/Date(1704698179000)/",43350,300,5318100,232423000000,-500,true,-1.14
"MWG",141538,"/Date(1704698156000)/",43350,200,5317800,232410000000,-500,true,-1.14
"MWG",141535,"/Date(1704698153000)/",43400,100,5317600,232402000000,-450,false,-1.03
"MWG",141532,"/Date(1704698152000)/",43400,100,5317500,232397000000,-450,false,-1.03
"MWG",141519,"/Date(1704698139000)/",43400,200,5317400,232393000000,-450,false,-1.03
"MWG",141506,"/Date(1704698126000)/",43400,200,5317200,232384000000,-450,false,-1.03
"MWG",141506,"/Date(1704698123000)/",43400,3300,5317000,232376000000,-450,false,-1.03
"MWG",141506,"/Date(1704698123000)/",43400,100,5313700,232233000000,-450,false,-1.03
"MWG",141506,"/Date(1704698123000)/",43400,1300,5313600,232228000000,-450,false,-1.03
"MWG",141457,"/Date(1704698116000)/",43350,500,5312300,232172000000,-500,true,-1.14
"MWG",141450,"/Date(1704698110000)/",43350,300,5311800,232150000000,-500,true,-1.14
"MWG",141450,"/Date(1704698110000)/",43350,100,5311500,232137000000,-500,true,-1.14
"MWG",141447,"/Date(1704698106000)/",43350,900,5311400,232133000000,-500,true,-1.14
"MWG",141447,"/Date(1704698106000)/",43350,100,5310500,232094000000,-500,true,-1.14
"MWG",141447,"/Date(1704698106000)/",43350,200,5310400,232089000000,-500,true,-1.14
"MWG",141447,"/Date(1704698106000)/",43350,500,5310200,232081000000,-500,true,-1.14
"MWG",141447,"/Date(1704698106000)/",43350,200,5309700,232059000000,-500,true,-1.14
"MWG",141447,"/Date(1704698106000)/",43350,100,5309500,232050000000,-500,true,-1.14
"MWG",141440,"/Date(1704698098000)/",43350,300,5309400,232046000000,-500,true,-1.14
"MWG",141437,"/Date(1704698095000)/",43350,600,5309100,232033000000,-500,true,-1.14
"MWG",141437,"/Date(1704698095000)/",43350,100,5308500,232007000000,-500,true,-1.14
"MWG",141437,"/Date(1704698095000)/",43350,300,5308400,232003000000,-500,true,-1.14
"MWG",141437,"/Date(1704698095000)/",43350,200,5308100,231990000000,-500,true,-1.14
"MWG",141437,"/Date(1704698095000)/",43350,200,5307900,231981000000,-500,true,-1.14
"MWG",141437,"/Date(1704698095000)/",43350,200,5307700,231972000000,-500,true,-1.14
"MWG",141437,"/Date(1704698095000)/",43350,100,5307500,231964000000,-500,true,-1.14
"MWG",141437,"/Date(1704698095000)/",43350,200,5307400,231959000000,-500,true,-1.14
"MWG",141437,"/Date(1704698095000)/",43350,100,5307200,231951000000,-500,true,-1.14
"MWG",141437,"/Date(1704698095000)/",43350,100,5307100,231946000000,-500,true,-1.14
"MWG",141437,"/Date(1704698095000)/",43350,100,5307000,231942000000,-500,true,-1.14
"MWG",141437,"/Date(1704698095000)/",43350,100,5306900,231938000000,-500,true,-1.14
"MWG",141437,"/Date(1704698095000)/",43350,300,5306800,231933000000,-500,true,-1.14
"MWG",141437,"/Date(1704698095000)/",43350,500,5306500,231920000000,-500,true,-1.14
"MWG",141437,"/Date(1704698095000)/",43350,100,5306000,231899000000,-500,true,-1.14
"MWG",141437,"/Date(1704698095000)/",43350,1800,5305900,231894000000,-500,true,-1.14
"MWG",141431,"/Date(1704698088000)/",43400,200,5304100,231816000000,-450,false,-1.03
"MWG",141421,"/Date(1704698078000)/",43350,400,5303900,231808000000,-500,true,-1.14
"MWG",141418,"/Date(1704698076000)/",43350,200,5303500,231790000000,-500,true,-1.14
"MWG",141415,"/Date(1704698072000)/",43350,800,5303300,231782000000,-500,true,-1.14
"MWG",141359,"/Date(1704698056000)/",43350,1000,5302500,231747000000,-500,true,-1.14
"MWG",141349,"/Date(1704698049000)/",43350,5000,5301500,231704000000,-500,true,-1.14
"MWG",141346,"/Date(1704698046000)/",43400,100,5296500,231487000000,-450,false,-1.03
"MWG",141337,"/Date(1704698035000)/",43400,700,5296400,231482000000,-450,false,-1.03
"MWG",141333,"/Date(1704698033000)/",43400,200,5295700,231452000000,-450,false,-1.03
"MWG",141321,"/Date(1704698019000)/",43400,100,5295500,231443000000,-450,false,-1.03
"MWG",141317,"/Date(1704698017000)/",43400,1000,5295400,231439000000,-450,false,-1.03
"MWG",141305,"/Date(1704698002000)/",43350,800,5294400,231396000000,-500,true,-1.14
"MWG",141305,"/Date(1704698002000)/",43350,4400,5293600,231361000000,-500,true,-1.14
"MWG",141301,"/Date(1704698001000)/",43400,1000,5289200,231170000000,-450,false,-1.03
"MWG",141255,"/Date(1704697993000)/",43400,200,5288200,231127000000,-450,false,-1.03
"MWG",141255,"/Date(1704697992000)/",43400,100,5288000,231118000000,-450,false,-1.03
"MWG",141252,"/Date(1704697991000)/",43400,900,5287900,231114000000,-450,false,-1.03
"MWG",141242,"/Date(1704697981000)/",43400,1700,5287000,231075000000,-450,false,-1.03
"MWG",141242,"/Date(1704697981000)/",43400,5000,5285300,231001000000,-450,false,-1.03
"MWG",141242,"/Date(1704697981000)/",43400,1200,5280300,230784000000,-450,false,-1.03
"MWG",141239,"/Date(1704697979000)/",43400,100,5279100,230732000000,-450,false,-1.03
"MWG",141236,"/Date(1704697974000)/",43400,1000,5279000,230728000000,-450,false,-1.03
"MWG",141226,"/Date(1704697966000)/",43350,600,5278000,230684000000,-500,true,-1.14
"MWG",141226,"/Date(1704697966000)/",43350,1400,5277400,230658000000,-500,true,-1.14
"MWG",141226,"/Date(1704697966000)/",43400,200,5276000,230597000000,-450,false,-1.03
"MWG",141223,"/Date(1704697960000)/",43400,1000,5275800,230589000000,-450,false,-1.03
"MWG",141217,"/Date(1704697956000)/",43400,1500,5274800,230545000000,-450,false,-1.03
"MWG",141217,"/Date(1704697956000)/",43400,1400,5273300,230480000000,-450,false,-1.03
"MWG",141213,"/Date(1704697952000)/",43400,100,5271900,230420000000,-450,false,-1.03
"MWG",141210,"/Date(1704697949000)/",43400,600,5271800,230415000000,-450,false,-1.03
"MWG",141210,"/Date(1704697948000)/",43400,500,5271200,230389000000,-450,false,-1.03
"MWG",141201,"/Date(1704697939000)/",43400,100,5270700,230367000000,-450,false,-1.03
"MWG",141201,"/Date(1704697939000)/",43400,100,5270600,230363000000,-450,false,-1.03
"MWG",141154,"/Date(1704697931000)/",43400,400,5270500,230359000000,-450,false,-1.03
"MWG",141154,"/Date(1704697931000)/",43400,600,5270100,230341000000,-450,false,-1.03
"MWG",141148,"/Date(1704697926000)/",43400,200,5269500,230315000000,-450,false,-1.03
"MWG",141141,"/Date(1704697919000)/",43400,100,5269300,230307000000,-450,false,-1.03
"MWG",141138,"/Date(1704697918000)/",43350,2000,5269200,230302000000,-500,true,-1.14
"MWG",141132,"/Date(1704697912000)/",43400,100,5267200,230216000000,-450,false,-1.03
"MWG",141125,"/Date(1704697904000)/",43400,1000,5267100,230211000000,-450,false,-1.03
"MWG",141122,"/Date(1704697900000)/",43400,200,5266100,230168000000,-450,false,-1.03
"MWG",141119,"/Date(1704697899000)/",43400,200,5265900,230159000000,-450,false,-1.03
"MWG",141113,"/Date(1704697890000)/",43400,2600,5265700,230151000000,-450,false,-1.03
"MWG",141113,"/Date(1704697890000)/",43400,2000,5263100,230038000000,-450,false,-1.03
"MWG",141113,"/Date(1704697890000)/",43400,100,5261100,229951000000,-450,false,-1.03
"MWG",141113,"/Date(1704697890000)/",43400,1600,5261000,229947000000,-450,false,-1.03
"MWG",141100,"/Date(1704697877000)/",43350,2000,5259400,229877000000,-500,true,-1.14
"MWG",141056,"/Date(1704697875000)/",43400,300,5257400,229790000000,-450,false,-1.03
"MWG",141053,"/Date(1704697872000)/",43400,200,5257100,229777000000,-450,false,-1.03
"MWG",141053,"/Date(1704697871000)/",43400,200,5256900,229769000000,-450,false,-1.03
"MWG",141053,"/Date(1704697870000)/",43400,500,5256700,229760000000,-450,false,-1.03
"MWG",141047,"/Date(1704697865000)/",43400,100,5256200,229738000000,-450,false,-1.03
"MWG",141044,"/Date(1704697862000)/",43350,100,5256100,229734000000,-500,true,-1.14
"MWG",141040,"/Date(1704697859000)/",43400,200,5256000,229730000000,-450,false,-1.03
"MWG",141040,"/Date(1704697858000)/",43400,200,5255800,229721000000,-450,false,-1.03
"MWG",141037,"/Date(1704697854000)/",43400,500,5255600,229712000000,-450,false,-1.03
"MWG",141034,"/Date(1704697853000)/",43400,1000,5255100,229691000000,-450,false,-1.03
"MWG",141028,"/Date(1704697847000)/",43400,100,5254100,229647000000,-450,false,-1.03
"MWG",141028,"/Date(1704697846000)/",43400,100,5254000,229643000000,-450,false,-1.03
"MWG",141028,"/Date(1704697845000)/",43400,1000,5253900,229639000000,-450,false,-1.03
"MWG",141024,"/Date(1704697844000)/",43400,1000,5252900,229595000000,-450,false,-1.03
"MWG",141012,"/Date(1704697832000)/",43400,200,5251900,229552000000,-450,false,-1.03
"MWG",141002,"/Date(1704697821000)/",43400,200,5251700,229543000000,-450,false,-1.03
"MWG",141002,"/Date(1704697821000)/",43400,1000,5251500,229534000000,-450,false,-1.03
"MWG",141002,"/Date(1704697820000)/",43400,500,5250500,229491000000,-450,false,-1.03
"MWG",140959,"/Date(1704697819000)/",43400,100,5250000,229469000000,-450,false,-1.03
"MWG",140949,"/Date(1704697807000)/",43400,100,5249900,229465000000,-450,false,-1.03
"MWG",140949,"/Date(1704697807000)/",43400,900,5249800,229461000000,-450,false,-1.03
"MWG",140946,"/Date(1704697806000)/",43400,200,5248900,229422000000,-450,false,-1.03
"MWG",140943,"/Date(1704697801000)/",43400,1000,5248700,229413000000,-450,false,-1.03
"MWG",140933,"/Date(1704697793000)/",43400,3000,5247700,229369000000,-450,false,-1.03
"MWG",140933,"/Date(1704697793000)/",43400,100,5244700,229239000000,-450,false,-1.03
"MWG",140933,"/Date(1704697793000)/",43400,200,5244600,229235000000,-450,false,-1.03
"MWG",140933,"/Date(1704697793000)/",43400,500,5244400,229226000000,-450,false,-1.03
"MWG",140930,"/Date(1704697789000)/",43400,100,5243900,229205000000,-450,false,-1.03
"MWG",140930,"/Date(1704697789000)/",43400,400,5243800,229200000000,-450,false,-1.03
"MWG",140930,"/Date(1704697787000)/",43400,100,5243400,229183000000,-450,false,-1.03
"MWG",140921,"/Date(1704697780000)/",43400,2000,5243300,229179000000,-450,false,-1.03
"MWG",140921,"/Date(1704697779000)/",43400,200,5241300,229092000000,-450,false,-1.03
"MWG",140914,"/Date(1704697773000)/",43400,100,5241100,229083000000,-450,false,-1.03
"MWG",140914,"/Date(1704697771000)/",43400,100,5241000,229079000000,-450,false,-1.03
"MWG",140914,"/Date(1704697771000)/",43400,800,5240900,229074000000,-450,false,-1.03
"MWG",140908,"/Date(1704697766000)/",43400,200,5240100,229040000000,-450,false,-1.03
"MWG",140908,"/Date(1704697765000)/",43400,2000,5239900,229031000000,-450,false,-1.03
"MWG",140908,"/Date(1704697765000)/",43400,4000,5237900,228944000000,-450,false,-1.03
"MWG",140852,"/Date(1704697752000)/",43400,100,5233900,228771000000,-450,false,-1.03
"MWG",140839,"/Date(1704697739000)/",43400,200,5233800,228766000000,-450,false,-1.03
"MWG",140826,"/Date(1704697726000)/",43400,100,5233600,228758000000,-450,false,-1.03
"MWG",140826,"/Date(1704697726000)/",43350,100,5233500,228753000000,-500,true,-1.14
"MWG",140826,"/Date(1704697723000)/",43400,100,5233400,228749000000,-450,false,-1.03
"MWG",140826,"/Date(1704697723000)/",43400,900,5233300,228745000000,-450,false,-1.03
"MWG",140807,"/Date(1704697704000)/",43350,400,5232400,228705000000,-500,true,-1.14
"MWG",140807,"/Date(1704697704000)/",43350,200,5232000,228688000000,-500,true,-1.14
"MWG",140807,"/Date(1704697704000)/",43350,200,5231800,228679000000,-500,true,-1.14
"MWG",140807,"/Date(1704697704000)/",43350,200,5231600,228671000000,-500,true,-1.14
"MWG",140807,"/Date(1704697704000)/",43350,1000,5231400,228662000000,-500,true,-1.14
"MWG",140807,"/Date(1704697704000)/",43350,100,5230400,228619000000,-500,true,-1.14
"MWG",140807,"/Date(1704697704000)/",43350,100,5230300,228614000000,-500,true,-1.14
"MWG",140807,"/Date(1704697704000)/",43350,1000,5230200,228610000000,-500,true,-1.14
"MWG",140807,"/Date(1704697704000)/",43350,100,5229200,228567000000,-500,true,-1.14
"MWG",140807,"/Date(1704697704000)/",43350,300,5229100,228562000000,-500,true,-1.14
"MWG",140807,"/Date(1704697704000)/",43350,300,5228800,228549000000,-500,true,-1.14
"MWG",140807,"/Date(1704697704000)/",43350,300,5228500,228536000000,-500,true,-1.14
"MWG",140807,"/Date(1704697704000)/",43350,500,5228200,228523000000,-500,true,-1.14
"MWG",140807,"/Date(1704697704000)/",43350,800,5227700,228502000000,-500,true,-1.14
"MWG",140801,"/Date(1704697699000)/",43400,200,5226900,228467000000,-450,false,-1.03
"MWG",140748,"/Date(1704697686000)/",43400,100,5226700,228458000000,-450,false,-1.03
"MWG",140741,"/Date(1704697678000)/",43400,100,5226600,228454000000,-450,false,-1.03
"MWG",140741,"/Date(1704697678000)/",43400,200,5226500,228450000000,-450,false,-1.03
"MWG",140735,"/Date(1704697672000)/",43400,200,5226300,228441000000,-450,false,-1.03
"MWG",140725,"/Date(1704697665000)/",43400,100,5226100,228432000000,-450,false,-1.03
"MWG",140722,"/Date(1704697661000)/",43400,900,5226000,228428000000,-450,false,-1.03
"MWG",140722,"/Date(1704697659000)/",43400,100,5225100,228389000000,-450,false,-1.03
"MWG",140719,"/Date(1704697652000)/",43400,200,5225000,228385000000,-450,false,-1.03
"MWG",140719,"/Date(1704697650000)/",43350,500,5224800,228376000000,-500,true,-1.14
"MWG",140719,"/Date(1704697645000)/",43400,200,5224300,228354000000,-450,false,-1.03
"MWG",140719,"/Date(1704697644000)/",43400,100,5224100,228346000000,-450,false,-1.03
"MWG",140706,"/Date(1704697637000)/",43400,300,5224000,228341000000,-450,false,-1.03
"MWG",140657,"/Date(1704697635000)/",43350,3700,5223700,228328000000,-500,true,-1.14
"MWG",140657,"/Date(1704697635000)/",43350,500,5220000,228168000000,-500,true,-1.14
"MWG",140657,"/Date(1704697635000)/",43350,200,5219500,228146000000,-500,true,-1.14
"MWG",140657,"/Date(1704697635000)/",43350,600,5219300,228137000000,-500,true,-1.14
"MWG",140637,"/Date(1704697616000)/",43350,400,5218700,228111000000,-500,true,-1.14
"MWG",140628,"/Date(1704697605000)/",43400,200,5218300,228094000000,-450,false,-1.03
"MWG",140621,"/Date(1704697599000)/",43400,100,5218100,228085000000,-450,false,-1.03
"MWG",140609,"/Date(1704697588000)/",43350,1000,5218000,228081000000,-500,true,-1.14
"MWG",140605,"/Date(1704697584000)/",43400,300,5217000,228038000000,-450,false,-1.03
"MWG",140605,"/Date(1704697583000)/",43350,100,5216700,228025000000,-500,true,-1.14
"MWG",140602,"/Date(1704697581000)/",43350,500,5216600,228020000000,-500,true,-1.14
"MWG",140559,"/Date(1704697579000)/",43400,100,5216100,227999000000,-450,false,-1.03
"MWG",140559,"/Date(1704697579000)/",43400,100,5216000,227994000000,-450,false,-1.03
"MWG",140546,"/Date(1704697565000)/",43400,200,5215900,227990000000,-450,false,-1.03
"MWG",140543,"/Date(1704697563000)/",43400,200,5215700,227981000000,-450,false,-1.03
"MWG",140533,"/Date(1704697552000)/",43400,100,5215500,227973000000,-450,false,-1.03
"MWG",140533,"/Date(1704697551000)/",43400,800,5215400,227968000000,-450,false,-1.03
"MWG",140533,"/Date(1704697551000)/",43400,100,5214600,227934000000,-450,false,-1.03
"MWG",140521,"/Date(1704697539000)/",43400,200,5214500,227929000000,-450,false,-1.03
"MWG",140511,"/Date(1704697530000)/",43400,100,5214300,227921000000,-450,false,-1.03
"MWG",140508,"/Date(1704697525000)/",43400,100,5214200,227916000000,-450,false,-1.03
"MWG",140501,"/Date(1704697520000)/",43400,400,5214100,227912000000,-450,false,-1.03
"MWG",140501,"/Date(1704697520000)/",43400,100,5213700,227895000000,-450,false,-1.03
"MWG",140458,"/Date(1704697517000)/",43350,2100,5213600,227890000000,-500,true,-1.14
"MWG",140455,"/Date(1704697515000)/",43400,300,5211500,227799000000,-450,false,-1.03
"MWG",140455,"/Date(1704697515000)/",43400,100,5211200,227786000000,-450,false,-1.03
"MWG",140452,"/Date(1704697512000)/",43400,200,5211100,227782000000,-450,false,-1.03
"MWG",140452,"/Date(1704697510000)/",43400,100,5210900,227773000000,-450,false,-1.03
"MWG",140446,"/Date(1704697503000)/",43400,100,5210800,227769000000,-450,false,-1.03
"MWG",140442,"/Date(1704697500000)/",43400,200,5210700,227764000000,-450,false,-1.03
"MWG",140426,"/Date(1704697486000)/",43400,200,5210500,227756000000,-450,false,-1.03
"MWG",140426,"/Date(1704697486000)/",43400,500,5210300,227747000000,-450,false,-1.03
"MWG",140417,"/Date(1704697474000)/",43350,300,5209800,227725000000,-500,true,-1.14
"MWG",140417,"/Date(1704697474000)/",43350,1000,5209500,227712000000,-500,true,-1.14
"MWG",140417,"/Date(1704697474000)/",43350,200,5208500,227669000000,-500,true,-1.14
"MWG",140417,"/Date(1704697474000)/",43350,100,5208300,227660000000,-500,true,-1.14
"MWG",140417,"/Date(1704697474000)/",43350,100,5208200,227656000000,-500,true,-1.14
"MWG",140417,"/Date(1704697474000)/",43350,500,5208100,227652000000,-500,true,-1.14
"MWG",140417,"/Date(1704697474000)/",43350,100,5207600,227630000000,-500,true,-1.14
"MWG",140417,"/Date(1704697474000)/",43350,100,5207500,227626000000,-500,true,-1.14
"MWG",140414,"/Date(1704697472000)/",43400,200,5207400,227621000000,-450,false,-1.03
"MWG",140407,"/Date(1704697466000)/",43400,2000,5207200,227613000000,-450,false,-1.03
"MWG",140407,"/Date(1704697466000)/",43400,100,5205200,227526000000,-450,false,-1.03
"MWG",140407,"/Date(1704697466000)/",43400,300,5205100,227522000000,-450,false,-1.03
"MWG",140401,"/Date(1704697458000)/",43400,200,5204800,227508000000,-450,true,-1.03
"MWG",140358,"/Date(1704697458000)/",43400,200,5204600,227500000000,-450,false,-1.03
"MWG",140354,"/Date(1704697454000)/",43400,200,5204400,227491000000,-450,true,-1.03
"MWG",140354,"/Date(1704697454000)/",43400,100,5204200,227482000000,-450,true,-1.03
"MWG",140354,"/Date(1704697454000)/",43400,400,5204100,227478000000,-450,true,-1.03
"MWG",140354,"/Date(1704697454000)/",43400,200,5203700,227461000000,-450,true,-1.03
"MWG",140354,"/Date(1704697454000)/",43400,100,5203500,227452000000,-450,true,-1.03
"MWG",140354,"/Date(1704697454000)/",43400,100,5203400,227448000000,-450,true,-1.03
"MWG",140351,"/Date(1704697448000)/",43400,1900,5203300,227443000000,-450,true,-1.03
"MWG",140351,"/Date(1704697448000)/",43400,3000,5201400,227361000000,-450,true,-1.03
"MWG",140351,"/Date(1704697448000)/",43400,200,5198400,227231000000,-450,true,-1.03
"MWG",140351,"/Date(1704697448000)/",43400,4900,5198200,227222000000,-450,true,-1.03
"MWG",140345,"/Date(1704697443000)/",43400,100,5193300,227009000000,-450,true,-1.03
"MWG",140345,"/Date(1704697443000)/",43400,200,5193200,227005000000,-450,true,-1.03
"MWG",140345,"/Date(1704697443000)/",43400,100,5193000,226996000000,-450,true,-1.03
"MWG",140345,"/Date(1704697443000)/",43400,300,5192900,226992000000,-450,true,-1.03
"MWG",140345,"/Date(1704697443000)/",43400,200,5192600,226979000000,-450,true,-1.03
"MWG",140345,"/Date(1704697443000)/",43400,100,5192400,226970000000,-450,true,-1.03
"MWG",140345,"/Date(1704697442000)/",43400,400,5192300,226966000000,-450,true,-1.03
"MWG",140345,"/Date(1704697442000)/",43400,100,5191900,226949000000,-450,true,-1.03
"MWG",140345,"/Date(1704697442000)/",43400,100,5191800,226944000000,-450,true,-1.03
"MWG",140345,"/Date(1704697442000)/",43400,1400,5191700,226940000000,-450,true,-1.03
"MWG",140345,"/Date(1704697442000)/",43400,1000,5190300,226879000000,-450,true,-1.03
"MWG",140345,"/Date(1704697442000)/",43400,2000,5189300,226836000000,-450,true,-1.03
"MWG",140345,"/Date(1704697442000)/",43400,800,5187300,226749000000,-450,true,-1.03
"MWG",140345,"/Date(1704697442000)/",43400,500,5186500,226714000000,-450,true,-1.03
"MWG",140345,"/Date(1704697442000)/",43400,100,5186000,226693000000,-450,true,-1.03
"MWG",140345,"/Date(1704697442000)/",43400,200,5185900,226688000000,-450,true,-1.03
"MWG",140345,"/Date(1704697442000)/",43400,100,5185700,226680000000,-450,true,-1.03
"MWG",140345,"/Date(1704697442000)/",43400,500,5185600,226675000000,-450,true,-1.03
"MWG",140345,"/Date(1704697442000)/",43400,200,5185100,226654000000,-450,true,-1.03
"MWG",140345,"/Date(1704697442000)/",43400,500,5184900,226645000000,-450,true,-1.03
"MWG",140345,"/Date(1704697442000)/",43400,500,5184400,226623000000,-450,true,-1.03
"MWG",140345,"/Date(1704697442000)/",43400,600,5183900,226601000000,-450,true,-1.03
"MWG",140342,"/Date(1704697441000)/",43450,900,5183300,226575000000,-400,false,-0.91
"MWG",140332,"/Date(1704697432000)/",43450,200,5182400,226536000000,-400,false,-0.91
"MWG",140329,"/Date(1704697428000)/",43450,5000,5182200,226528000000,-400,false,-0.91
"MWG",140322,"/Date(1704697421000)/",43450,200,5177200,226310000000,-400,false,-0.91
"MWG",140319,"/Date(1704697419000)/",43450,100,5177000,226302000000,-400,false,-0.91
"MWG",140313,"/Date(1704697412000)/",43450,2000,5176900,226297000000,-400,false,-0.91
"MWG",140313,"/Date(1704697411000)/",43400,2000,5174900,226210000000,-450,true,-1.03
"MWG",140303,"/Date(1704697401000)/",43400,5000,5172900,226124000000,-450,true,-1.03
"MWG",140254,"/Date(1704697392000)/",43450,100,5167900,225907000000,-400,false,-0.91
"MWG",140244,"/Date(1704697382000)/",43450,1000,5167800,225902000000,-400,false,-0.91
"MWG",140244,"/Date(1704697382000)/",43450,200,5166800,225859000000,-400,false,-0.91
"MWG",140244,"/Date(1704697382000)/",43450,1000,5166600,225850000000,-400,false,-0.91
"MWG",140238,"/Date(1704697376000)/",43450,400,5165600,225807000000,-400,true,-0.91
"MWG",140238,"/Date(1704697376000)/",43450,100,5165200,225789000000,-400,true,-0.91
"MWG",140238,"/Date(1704697376000)/",43450,100,5165100,225785000000,-400,true,-0.91
"MWG",140238,"/Date(1704697376000)/",43450,1300,5165000,225781000000,-400,true,-0.91
"MWG",140238,"/Date(1704697376000)/",43450,200,5163700,225724000000,-400,true,-0.91
"MWG",140238,"/Date(1704697376000)/",43450,500,5163500,225715000000,-400,true,-0.91
"MWG",140238,"/Date(1704697376000)/",43450,100,5163000,225694000000,-400,true,-0.91
"MWG",140238,"/Date(1704697376000)/",43450,700,5162900,225689000000,-400,true,-0.91
"MWG",140238,"/Date(1704697376000)/",43450,500,5162200,225659000000,-400,true,-0.91
"MWG",140238,"/Date(1704697376000)/",43450,500,5161700,225637000000,-400,true,-0.91
"MWG",140238,"/Date(1704697376000)/",43450,600,5161200,225616000000,-400,true,-0.91
"MWG",140228,"/Date(1704697366000)/",43450,900,5160600,225589000000,-400,true,-0.91
"MWG",140228,"/Date(1704697366000)/",43450,1000,5159700,225550000000,-400,true,-0.91
"MWG",140228,"/Date(1704697366000)/",43450,1100,5158700,225507000000,-400,true,-0.91
"MWG",140225,"/Date(1704697365000)/",43500,100,5157600,225459000000,-350,false,-0.8
"MWG",140218,"/Date(1704697356000)/",43500,200,5157500,225455000000,-350,false,-0.8
"MWG",140215,"/Date(1704697355000)/",43500,400,5157300,225446000000,-350,false,-0.8
"MWG",140215,"/Date(1704697355000)/",43500,7900,5156900,225429000000,-350,false,-0.8
"MWG",140215,"/Date(1704697355000)/",43500,400,5149000,225085000000,-350,false,-0.8
"MWG",140215,"/Date(1704697355000)/",43500,1300,5148600,225068000000,-350,false,-0.8
"MWG",140215,"/Date(1704697353000)/",43450,700,5147300,225011000000,-400,true,-0.91
"MWG",140212,"/Date(1704697352000)/",43500,200,5146600,224981000000,-350,false,-0.8
"MWG",140212,"/Date(1704697351000)/",43500,100,5146400,224972000000,-350,false,-0.8
"MWG",140159,"/Date(1704697339000)/",43500,200,5146300,224968000000,-350,false,-0.8
"MWG",140153,"/Date(1704697332000)/",43500,900,5146100,224959000000,-350,false,-0.8
"MWG",140147,"/Date(1704697325000)/",43500,100,5145200,224920000000,-350,false,-0.8
"MWG",140134,"/Date(1704697312000)/",43500,200,5145100,224915000000,-350,false,-0.8
"MWG",140134,"/Date(1704697312000)/",43500,200,5144900,224907000000,-350,false,-0.8
"MWG",140127,"/Date(1704697306000)/",43500,300,5144700,224898000000,-350,true,-0.8
"MWG",140127,"/Date(1704697304000)/",43500,7400,5144400,224885000000,-350,true,-0.8
"MWG",140121,"/Date(1704697300000)/",43500,2200,5137000,224563000000,-350,false,-0.8
"MWG",140121,"/Date(1704697300000)/",43500,400,5134800,224467000000,-350,false,-0.8
"MWG",140118,"/Date(1704697298000)/",43500,100,5134400,224450000000,-350,false,-0.8
"MWG",140115,"/Date(1704697294000)/",43500,200,5134300,224446000000,-350,true,-0.8
"MWG",140115,"/Date(1704697294000)/",43500,100,5134100,224437000000,-350,true,-0.8
"MWG",140115,"/Date(1704697294000)/",43500,200,5134000,224433000000,-350,true,-0.8
"MWG",140108,"/Date(1704697288000)/",43500,100,5133800,224424000000,-350,true,-0.8
"MWG",140108,"/Date(1704697288000)/",43500,1000,5133700,224419000000,-350,true,-0.8
"MWG",140108,"/Date(1704697288000)/",43500,500,5132700,224376000000,-350,true,-0.8
"MWG",140108,"/Date(1704697288000)/",43500,3400,5132200,224354000000,-350,true,-0.8
"MWG",140105,"/Date(1704697284000)/",43500,5200,5128800,224206000000,-350,true,-0.8
"MWG",140059,"/Date(1704697277000)/",43500,10700,5123600,223980000000,-350,true,-0.8
"MWG",140059,"/Date(1704697277000)/",43500,700,5112900,223515000000,-350,true,-0.8
"MWG",140052,"/Date(1704697272000)/",43500,200,5112200,223484000000,-350,false,-0.8
"MWG",140046,"/Date(1704697264000)/",43500,1000,5112000,223476000000,-350,false,-0.8
"MWG",140039,"/Date(1704697259000)/",43500,100,5111000,223432000000,-350,true,-0.8
"MWG",140039,"/Date(1704697256000)/",43500,10000,5110900,223428000000,-350,true,-0.8
"MWG",140039,"/Date(1704697256000)/",43500,200,5100900,222993000000,-350,true,-0.8
"MWG",140039,"/Date(1704697256000)/",43500,800,5100700,222984000000,-350,true,-0.8
"MWG",140023,"/Date(1704697243000)/",43500,5000,5099900,222949000000,-350,true,-0.8
"MWG",140023,"/Date(1704697242000)/",43500,1000,5094900,222732000000,-350,true,-0.8
"MWG",140023,"/Date(1704697241000)/",43500,100,5093900,222688000000,-350,true,-0.8
"MWG",140023,"/Date(1704697241000)/",43500,5900,5093800,222684000000,-350,true,-0.8
"MWG",140023,"/Date(1704697241000)/",43500,100,5087900,222427000000,-350,true,-0.8
"MWG",140023,"/Date(1704697241000)/",43500,500,5087800,222423000000,-350,true,-0.8
"MWG",140023,"/Date(1704697241000)/",43500,1000,5087300,222401000000,-350,true,-0.8
"MWG",140023,"/Date(1704697241000)/",43500,10000,5086300,222358000000,-350,true,-0.8
"MWG",140023,"/Date(1704697241000)/",43500,500,5076300,221923000000,-350,true,-0.8
"MWG",140023,"/Date(1704697241000)/",43500,3000,5075800,221901000000,-350,true,-0.8
"MWG",140023,"/Date(1704697241000)/",43500,300,5072800,221770000000,-350,true,-0.8
"MWG",140023,"/Date(1704697241000)/",43500,100,5072500,221757000000,-350,true,-0.8
"MWG",140023,"/Date(1704697241000)/",43500,2000,5072400,221753000000,-350,true,-0.8
"MWG",140023,"/Date(1704697241000)/",43500,200,5070400,221666000000,-350,true,-0.8
"MWG",140023,"/Date(1704697241000)/",43500,200,5070200,221657000000,-350,true,-0.8
"MWG",140023,"/Date(1704697241000)/",43500,1900,5070000,221649000000,-350,true,-0.8
"MWG",140023,"/Date(1704697241000)/",43500,500,5068100,221566000000,-350,true,-0.8
"MWG",140023,"/Date(1704697241000)/",43500,7900,5067600,221544000000,-350,true,-0.8
"MWG",140023,"/Date(1704697241000)/",43500,7900,5059700,221200000000,-350,true,-0.8
"MWG",140023,"/Date(1704697241000)/",43500,1100,5051800,220857000000,-350,true,-0.8
"MWG",140020,"/Date(1704697238000)/",43500,6400,5050700,220809000000,-350,false,-0.8
"MWG",140017,"/Date(1704697237000)/",43450,300,5044300,220531000000,-400,true,-0.91
"MWG",140017,"/Date(1704697237000)/",43450,5000,5044000,220518000000,-400,true,-0.91
"MWG",140017,"/Date(1704697237000)/",43450,1000,5039000,220300000000,-400,true,-0.91
"MWG",140017,"/Date(1704697237000)/",43450,200,5038000,220257000000,-400,true,-0.91
"MWG",140017,"/Date(1704697237000)/",43450,200,5037800,220248000000,-400,true,-0.91
"MWG",140017,"/Date(1704697237000)/",43450,3000,5037600,220239000000,-400,true,-0.91
"MWG",140017,"/Date(1704697237000)/",43450,300,5034600,220109000000,-400,true,-0.91
"MWG",140014,"/Date(1704697232000)/",43500,300,5034300,220096000000,-350,false,-0.8
"MWG",140014,"/Date(1704697232000)/",43500,100,5034000,220083000000,-350,false,-0.8
"MWG",140004,"/Date(1704697222000)/",43500,900,5033900,220079000000,-350,false,-0.8
"MWG",140001,"/Date(1704697218000)/",43500,200,5033000,220040000000,-350,false,-0.8
"MWG",135958,"/Date(1704697216000)/",43500,100,5032800,220031000000,-350,false,-0.8
"MWG",135945,"/Date(1704697205000)/",43500,200,5032700,220026000000,-350,false,-0.8
"MWG",135945,"/Date(1704697204000)/",43500,100,5032500,220018000000,-350,false,-0.8
"MWG",135942,"/Date(1704697202000)/",43500,200,5032400,220013000000,-350,false,-0.8
"MWG",135932,"/Date(1704697192000)/",43500,100,5032200,220005000000,-350,false,-0.8
"MWG",135932,"/Date(1704697190000)/",43500,300,5032100,220000000000,-350,false,-0.8
"MWG",135932,"/Date(1704697190000)/",43500,1400,5031800,219987000000,-350,false,-0.8
"MWG",135932,"/Date(1704697190000)/",43450,300,5030400,219926000000,-400,false,-0.91
"MWG",135929,"/Date(1704697187000)/",43450,2000,5030100,219913000000,-400,false,-0.91
"MWG",135923,"/Date(1704697182000)/",43450,400,5028100,219826000000,-400,false,-0.91
"MWG",135919,"/Date(1704697179000)/",43450,1000,5027700,219809000000,-400,false,-0.91
"MWG",135919,"/Date(1704697179000)/",43450,100,5026700,219766000000,-400,false,-0.91
"MWG",135919,"/Date(1704697178000)/",43450,200,5026600,219761000000,-400,false,-0.91
"MWG",135916,"/Date(1704697175000)/",43450,100,5026400,219753000000,-400,false,-0.91
"MWG",135910,"/Date(1704697169000)/",43450,500,5026300,219748000000,-400,false,-0.91
"MWG",135907,"/Date(1704697165000)/",43450,200,5025800,219727000000,-400,false,-0.91
"MWG",135903,"/Date(1704697163000)/",43450,300,5025600,219718000000,-400,false,-0.91
"MWG",135903,"/Date(1704697163000)/",43450,900,5025300,219705000000,-400,false,-0.91
"MWG",135903,"/Date(1704697163000)/",43450,3000,5024400,219666000000,-400,false,-0.91
"MWG",135903,"/Date(1704697163000)/",43450,1100,5021400,219535000000,-400,false,-0.91
"MWG",135903,"/Date(1704697161000)/",43450,500,5020300,219488000000,-400,false,-0.91
"MWG",135857,"/Date(1704697155000)/",43450,1800,5019800,219466000000,-400,false,-0.91
"MWG",135854,"/Date(1704697154000)/",43450,1000,5018000,219388000000,-400,false,-0.91
"MWG",135854,"/Date(1704697153000)/",43450,1200,5017000,219344000000,-400,false,-0.91
"MWG",135854,"/Date(1704697153000)/",43450,700,5015800,219292000000,-400,false,-0.91
"MWG",135854,"/Date(1704697152000)/",43450,100,5015100,219262000000,-400,false,-0.91
"MWG",135854,"/Date(1704697151000)/",43450,100,5015000,219257000000,-400,false,-0.91
"MWG",135854,"/Date(1704697151000)/",43450,1000,5014900,219253000000,-400,false,-0.91
"MWG",135851,"/Date(1704697148000)/",43450,1000,5013900,219209000000,-400,false,-0.91
"MWG",135847,"/Date(1704697145000)/",43450,200,5012900,219166000000,-400,false,-0.91
"MWG",135844,"/Date(1704697142000)/",43450,1300,5012700,219157000000,-400,false,-0.91
"MWG",135844,"/Date(1704697142000)/",43450,100,5011400,219101000000,-400,false,-0.91
"MWG",135844,"/Date(1704697142000)/",43450,400,5011300,219097000000,-400,false,-0.91
"MWG",135841,"/Date(1704697139000)/",43450,2000,5010900,219079000000,-400,false,-0.91
"MWG",135841,"/Date(1704697138000)/",43400,1000,5008900,218992000000,-450,true,-1.03
"MWG",135841,"/Date(1704697138000)/",43450,100,5007900,218949000000,-400,false,-0.91
"MWG",135838,"/Date(1704697137000)/",43450,400,5007800,218944000000,-400,false,-0.91
"MWG",135835,"/Date(1704697134000)/",43450,2000,5007400,218927000000,-400,false,-0.91
"MWG",135835,"/Date(1704697134000)/",43450,1700,5005400,218840000000,-400,false,-0.91
"MWG",135835,"/Date(1704697134000)/",43450,200,5003700,218766000000,-400,false,-0.91
"MWG",135835,"/Date(1704697134000)/",43450,2100,5003500,218758000000,-400,false,-0.91
"MWG",135828,"/Date(1704697128000)/",43450,1000,5001400,218666000000,-400,false,-0.91
"MWG",135828,"/Date(1704697126000)/",43450,2000,5000400,218623000000,-400,false,-0.91
"MWG",135825,"/Date(1704697125000)/",43450,100,4998400,218536000000,-400,false,-0.91
"MWG",135825,"/Date(1704697125000)/",43450,1000,4998300,218532000000,-400,false,-0.91
"MWG",135825,"/Date(1704697124000)/",43450,3000,4997300,218488000000,-400,false,-0.91
"MWG",135825,"/Date(1704697122000)/",43450,6000,4994300,218358000000,-400,false,-0.91
"MWG",135822,"/Date(1704697121000)/",43450,2000,4988300,218097000000,-400,false,-0.91
"MWG",135822,"/Date(1704697119000)/",43450,300,4986300,218010000000,-400,false,-0.91
"MWG",135815,"/Date(1704697115000)/",43450,100,4986000,217997000000,-400,false,-0.91
"MWG",135815,"/Date(1704697115000)/",43450,15000,4985900,217993000000,-400,false,-0.91
"MWG",135815,"/Date(1704697115000)/",43450,100,4970900,217341000000,-400,false,-0.91
"MWG",135815,"/Date(1704697114000)/",43450,500,4970800,217337000000,-400,false,-0.91
"MWG",135815,"/Date(1704697114000)/",43450,3000,4970300,217315000000,-400,false,-0.91
"MWG",135812,"/Date(1704697112000)/",43450,800,4967300,217185000000,-400,false,-0.91
"MWG",135812,"/Date(1704697112000)/",43450,100,4966500,217150000000,-400,false,-0.91
"MWG",135806,"/Date(1704697104000)/",43450,12900,4966400,217146000000,-400,false,-0.91
"MWG",135806,"/Date(1704697104000)/",43450,7900,4953500,216585000000,-400,false,-0.91
"MWG",135806,"/Date(1704697104000)/",43450,100,4945600,216242000000,-400,false,-0.91
"MWG",135806,"/Date(1704697104000)/",43450,4100,4945500,216238000000,-400,false,-0.91
"MWG",135806,"/Date(1704697104000)/",43400,3000,4941400,216059000000,-450,true,-1.03
"MWG",135759,"/Date(1704697099000)/",43450,300,4938400,215929000000,-400,false,-0.91
"MWG",135759,"/Date(1704697098000)/",43450,100,4938100,215916000000,-400,false,-0.91
"MWG",135756,"/Date(1704697094000)/",43450,100,4938000,215912000000,-400,false,-0.91
"MWG",135747,"/Date(1704697085000)/",43450,100,4937900,215907000000,-400,false,-0.91
"MWG",135743,"/Date(1704697082000)/",43450,300,4937800,215903000000,-400,false,-0.91
"MWG",135743,"/Date(1704697081000)/",43450,2000,4937500,215890000000,-400,false,-0.91
"MWG",135740,"/Date(1704697078000)/",43450,2000,4935500,215803000000,-400,false,-0.91
"MWG",135737,"/Date(1704697074000)/",43450,400,4933500,215716000000,-400,false,-0.91
"MWG",135734,"/Date(1704697072000)/",43450,100,4933100,215699000000,-400,false,-0.91
"MWG",135727,"/Date(1704697067000)/",43450,2000,4933000,215695000000,-400,false,-0.91
"MWG",135721,"/Date(1704697058000)/",43450,300,4931000,215608000000,-400,false,-0.91
"MWG",135718,"/Date(1704697058000)/",43450,100,4930700,215595000000,-400,false,-0.91
"MWG",135705,"/Date(1704697045000)/",43450,100,4930600,215590000000,-400,false,-0.91
"MWG",135705,"/Date(1704697044000)/",43450,2400,4930500,215586000000,-400,false,-0.91
"MWG",135702,"/Date(1704697041000)/",43450,800,4928100,215482000000,-400,false,-0.91
"MWG",135652,"/Date(1704697032000)/",43450,200,4927300,215447000000,-400,false,-0.91
"MWG",135652,"/Date(1704697029000)/",43450,1000,4927100,215438000000,-400,false,-0.91
"MWG",135646,"/Date(1704697024000)/",43400,3000,4926100,215395000000,-450,true,-1.03
"MWG",135643,"/Date(1704697020000)/",43400,100,4923100,215265000000,-450,true,-1.03
"MWG",135643,"/Date(1704697020000)/",43400,10000,4923000,215260000000,-450,true,-1.03
"MWG",135643,"/Date(1704697020000)/",43400,2000,4913000,214826000000,-450,true,-1.03
"MWG",135643,"/Date(1704697020000)/",43400,100,4911000,214739000000,-450,true,-1.03
"MWG",135643,"/Date(1704697020000)/",43400,18200,4910900,214735000000,-450,true,-1.03
"MWG",135639,"/Date(1704697019000)/",43400,500,4892700,213945000000,-450,false,-1.03
"MWG",135639,"/Date(1704697019000)/",43400,1000,4892200,213924000000,-450,false,-1.03
"MWG",135639,"/Date(1704697018000)/",43400,100,4891200,213880000000,-450,false,-1.03
"MWG",135636,"/Date(1704697016000)/",43400,5000,4891100,213876000000,-450,false,-1.03
"MWG",135636,"/Date(1704697014000)/",43400,100,4886100,213659000000,-450,false,-1.03
"MWG",135633,"/Date(1704697011000)/",43400,400,4886000,213654000000,-450,false,-1.03
"MWG",135633,"/Date(1704697010000)/",43400,500,4885600,213637000000,-450,false,-1.03
"MWG",135627,"/Date(1704697005000)/",43400,100,4885100,213615000000,-450,false,-1.03
"MWG",135623,"/Date(1704697002000)/",43400,900,4885000,213611000000,-450,false,-1.03
"MWG",135623,"/Date(1704697001000)/",43400,1000,4884100,213572000000,-450,false,-1.03
"MWG",135620,"/Date(1704696997000)/",43400,700,4883100,213529000000,-450,false,-1.03
"MWG",135614,"/Date(1704696994000)/",43400,2000,4882400,213498000000,-450,false,-1.03
"MWG",135614,"/Date(1704696992000)/",43400,100,4880400,213411000000,-450,false,-1.03
"MWG",135611,"/Date(1704696990000)/",43400,7400,4880300,213407000000,-450,false,-1.03
"MWG",135558,"/Date(1704696978000)/",43400,2400,4872900,213086000000,-450,false,-1.03
"MWG",135558,"/Date(1704696978000)/",43400,100,4870500,212982000000,-450,false,-1.03
"MWG",135551,"/Date(1704696970000)/",43400,5000,4870400,212977000000,-450,false,-1.03
"MWG",135545,"/Date(1704696965000)/",43400,100,4865400,212760000000,-450,false,-1.03
"MWG",135542,"/Date(1704696961000)/",43400,4400,4865300,212756000000,-450,false,-1.03
"MWG",135542,"/Date(1704696961000)/",43400,600,4860900,212565000000,-450,false,-1.03
"MWG",135532,"/Date(1704696951000)/",43400,100,4860300,212539000000,-450,false,-1.03
"MWG",135529,"/Date(1704696947000)/",43400,400,4860200,212535000000,-450,false,-1.03
"MWG",135520,"/Date(1704696938000)/",43400,100,4859800,212517000000,-450,false,-1.03
"MWG",135513,"/Date(1704696932000)/",43400,100,4859700,212513000000,-450,false,-1.03
"MWG",135454,"/Date(1704696912000)/",43350,300,4859600,212509000000,-500,false,-1.14
"MWG",135454,"/Date(1704696911000)/",43350,1000,4859300,212496000000,-500,false,-1.14
"MWG",135454,"/Date(1704696911000)/",43350,100,4858300,212452000000,-500,false,-1.14
"MWG",135448,"/Date(1704696907000)/",43350,1000,4858200,212448000000,-500,false,-1.14
"MWG",135448,"/Date(1704696906000)/",43350,1200,4857200,212405000000,-500,false,-1.14
"MWG",135448,"/Date(1704696906000)/",43350,500,4856000,212353000000,-500,false,-1.14
"MWG",135441,"/Date(1704696901000)/",43350,200,4855500,212331000000,-500,false,-1.14
"MWG",135441,"/Date(1704696899000)/",43350,1000,4855300,212322000000,-500,false,-1.14
"MWG",135438,"/Date(1704696898000)/",43350,100,4854300,212279000000,-500,false,-1.14
"MWG",135435,"/Date(1704696895000)/",43350,10000,4854200,212275000000,-500,false,-1.14
"MWG",135435,"/Date(1704696894000)/",43300,300,4844200,211841000000,-550,true,-1.25
"MWG",135435,"/Date(1704696894000)/",43300,100,4843900,211828000000,-550,true,-1.25
"MWG",135435,"/Date(1704696894000)/",43300,200,4843800,211824000000,-550,true,-1.25
"MWG",135435,"/Date(1704696894000)/",43300,300,4843600,211815000000,-550,true,-1.25
"MWG",135435,"/Date(1704696894000)/",43300,100,4843300,211802000000,-550,true,-1.25
"MWG",135435,"/Date(1704696893000)/",43350,3000,4843200,211798000000,-500,false,-1.14
"MWG",135435,"/Date(1704696892000)/",43350,500,4840200,211668000000,-500,false,-1.14
"MWG",135435,"/Date(1704696892000)/",43350,400,4839700,211646000000,-500,false,-1.14
"MWG",135425,"/Date(1704696885000)/",43350,100,4839300,211629000000,-500,false,-1.14
"MWG",135425,"/Date(1704696884000)/",43350,400,4839200,211624000000,-500,false,-1.14
"MWG",135412,"/Date(1704696871000)/",43350,100,4838800,211607000000,-500,false,-1.14
"MWG",135409,"/Date(1704696868000)/",43350,500,4838700,211603000000,-500,false,-1.14
"MWG",135406,"/Date(1704696863000)/",43350,200,4838200,211581000000,-500,false,-1.14
"MWG",135406,"/Date(1704696863000)/",43350,200,4838000,211572000000,-500,false,-1.14
"MWG",135403,"/Date(1704696861000)/",43350,2000,4837800,211564000000,-500,true,-1.14
"MWG",135403,"/Date(1704696861000)/",43350,1000,4835800,211477000000,-500,true,-1.14
"MWG",135353,"/Date(1704696851000)/",43350,2000,4834800,211434000000,-500,true,-1.14
"MWG",135353,"/Date(1704696851000)/",43350,200,4832800,211347000000,-500,true,-1.14
"MWG",135353,"/Date(1704696851000)/",43350,200,4832600,211338000000,-500,true,-1.14
"MWG",135347,"/Date(1704696847000)/",43350,100,4832400,211330000000,-500,true,-1.14
"MWG",135344,"/Date(1704696842000)/",43350,200,4832300,211325000000,-500,true,-1.14
"MWG",135340,"/Date(1704696838000)/",43350,300,4832100,211317000000,-500,false,-1.14
"MWG",135337,"/Date(1704696836000)/",43350,300,4831800,211304000000,-500,false,-1.14
"MWG",135337,"/Date(1704696834000)/",43350,2000,4831500,211291000000,-500,false,-1.14
"MWG",135334,"/Date(1704696832000)/",43350,400,4829500,211204000000,-500,false,-1.14
"MWG",135334,"/Date(1704696832000)/",43350,300,4829100,211187000000,-500,false,-1.14
"MWG",135331,"/Date(1704696831000)/",43350,200,4828800,211174000000,-500,false,-1.14
"MWG",135331,"/Date(1704696831000)/",43350,200,4828600,211165000000,-500,false,-1.14
"MWG",135331,"/Date(1704696829000)/",43350,1300,4828400,211156000000,-500,false,-1.14
"MWG",135331,"/Date(1704696829000)/",43350,8700,4827100,211100000000,-500,false,-1.14
"MWG",135331,"/Date(1704696828000)/",43350,3500,4818400,210723000000,-500,false,-1.14
"MWG",135328,"/Date(1704696825000)/",43350,500,4814900,210571000000,-500,false,-1.14
"MWG",135321,"/Date(1704696821000)/",43350,400,4814400,210549000000,-500,false,-1.14
"MWG",135318,"/Date(1704696818000)/",43350,100,4814000,210532000000,-500,false,-1.14
"MWG",135312,"/Date(1704696812000)/",43350,100,4813900,210528000000,-500,false,-1.14
"MWG",135308,"/Date(1704696807000)/",43350,9500,4813800,210523000000,-500,false,-1.14
"MWG",135308,"/Date(1704696807000)/",43350,500,4804300,210111000000,-500,false,-1.14
"MWG",135308,"/Date(1704696806000)/",43350,1700,4803800,210090000000,-500,false,-1.14
"MWG",135305,"/Date(1704696805000)/",43350,100,4802100,210016000000,-500,false,-1.14
"MWG",135302,"/Date(1704696801000)/",43350,700,4802000,210012000000,-500,false,-1.14
"MWG",135302,"/Date(1704696801000)/",43350,300,4801300,209981000000,-500,false,-1.14
"MWG",135259,"/Date(1704696799000)/",43350,1000,4801000,209968000000,-500,true,-1.14
"MWG",135259,"/Date(1704696797000)/",43350,500,4800000,209925000000,-500,true,-1.14
"MWG",135259,"/Date(1704696797000)/",43350,100,4799500,209903000000,-500,true,-1.14
"MWG",135259,"/Date(1704696797000)/",43350,400,4799400,209899000000,-500,true,-1.14
"MWG",135256,"/Date(1704696793000)/",43350,100,4799000,209882000000,-500,true,-1.14
"MWG",135256,"/Date(1704696793000)/",43350,100,4798900,209877000000,-500,true,-1.14
"MWG",135249,"/Date(1704696789000)/",43350,2700,4798800,209873000000,-500,true,-1.14
"MWG",135249,"/Date(1704696789000)/",43350,200,4796100,209756000000,-500,true,-1.14
"MWG",135246,"/Date(1704696786000)/",43350,800,4795900,209747000000,-500,false,-1.14
"MWG",135246,"/Date(1704696785000)/",43350,5000,4795100,209713000000,-500,false,-1.14
"MWG",135246,"/Date(1704696784000)/",43350,600,4790100,209496000000,-500,false,-1.14
"MWG",135243,"/Date(1704696782000)/",43350,900,4789500,209470000000,-500,false,-1.14
"MWG",135243,"/Date(1704696782000)/",43350,200,4788600,209431000000,-500,false,-1.14
"MWG",135240,"/Date(1704696778000)/",43350,100,4788400,209422000000,-500,false,-1.14
"MWG",135240,"/Date(1704696778000)/",43350,300,4788300,209418000000,-500,false,-1.14
"MWG",135240,"/Date(1704696778000)/",43350,4700,4788000,209405000000,-500,false,-1.14
"MWG",135237,"/Date(1704696774000)/",43350,700,4783300,209201000000,-500,false,-1.14
"MWG",135230,"/Date(1704696770000)/",43350,2500,4782600,209171000000,-500,false,-1.14
"MWG",135230,"/Date(1704696770000)/",43350,2000,4780100,209062000000,-500,false,-1.14
"MWG",135230,"/Date(1704696770000)/",43350,1000,4778100,208976000000,-500,false,-1.14
"MWG",135230,"/Date(1704696770000)/",43350,4500,4777100,208932000000,-500,false,-1.14
"MWG",135227,"/Date(1704696765000)/",43350,200,4772600,208737000000,-500,false,-1.14
"MWG",135224,"/Date(1704696762000)/",43350,7900,4772400,208729000000,-500,false,-1.14
"MWG",135224,"/Date(1704696762000)/",43350,100,4764500,208386000000,-500,false,-1.14
"MWG",135224,"/Date(1704696762000)/",43350,100,4764400,208382000000,-500,false,-1.14
"MWG",135224,"/Date(1704696762000)/",43350,1900,4764300,208377000000,-500,false,-1.14
"MWG",135221,"/Date(1704696758000)/",43350,400,4762400,208295000000,-500,false,-1.14
"MWG",135217,"/Date(1704696755000)/",43350,1000,4762000,208278000000,-500,false,-1.14
"MWG",135214,"/Date(1704696753000)/",43350,500,4761000,208234000000,-500,false,-1.14
"MWG",135155,"/Date(1704696734000)/",43300,1000,4760500,208213000000,-550,true,-1.25
"MWG",135142,"/Date(1704696721000)/",43300,500,4759500,208169000000,-550,true,-1.25
"MWG",135142,"/Date(1704696721000)/",43300,3000,4759000,208148000000,-550,true,-1.25
"MWG",135142,"/Date(1704696720000)/",43300,200,4756000,208018000000,-550,true,-1.25
"MWG",135142,"/Date(1704696720000)/",43300,1000,4755800,208009000000,-550,true,-1.25
"MWG",135142,"/Date(1704696720000)/",43300,1000,4754800,207966000000,-550,true,-1.25
"MWG",135142,"/Date(1704696720000)/",43300,200,4753800,207923000000,-550,true,-1.25
"MWG",135142,"/Date(1704696720000)/",43300,100,4753600,207914000000,-550,true,-1.25
"MWG",135139,"/Date(1704696719000)/",43300,400,4753500,207910000000,-550,false,-1.25
"MWG",135139,"/Date(1704696719000)/",43300,400,4753100,207892000000,-550,false,-1.25
"MWG",135139,"/Date(1704696718000)/",43300,500,4752700,207875000000,-550,false,-1.25
"MWG",135139,"/Date(1704696718000)/",43300,1000,4752200,207853000000,-550,false,-1.25
"MWG",135139,"/Date(1704696718000)/",43300,200,4751200,207810000000,-550,false,-1.25
"MWG",135139,"/Date(1704696716000)/",43300,200,4751000,207801000000,-550,false,-1.25
"MWG",135136,"/Date(1704696716000)/",43300,100,4750800,207793000000,-550,false,-1.25
"MWG",135133,"/Date(1704696713000)/",43300,3000,4750700,207788000000,-550,false,-1.25
"MWG",135133,"/Date(1704696712000)/",43300,500,4747700,207659000000,-550,false,-1.25
"MWG",135133,"/Date(1704696711000)/",43300,200,4747200,207637000000,-550,false,-1.25
"MWG",135130,"/Date(1704696709000)/",43300,1000,4747000,207628000000,-550,false,-1.25
"MWG",135130,"/Date(1704696708000)/",43300,100,4746000,207585000000,-550,false,-1.25
"MWG",135130,"/Date(1704696707000)/",43300,700,4745900,207581000000,-550,false,-1.25
"MWG",135130,"/Date(1704696707000)/",43300,300,4745200,207550000000,-550,false,-1.25
"MWG",135126,"/Date(1704696706000)/",43300,500,4744900,207537000000,-550,false,-1.25
"MWG",135123,"/Date(1704696701000)/",43300,200,4744400,207516000000,-550,false,-1.25
"MWG",135123,"/Date(1704696701000)/",43300,700,4744200,207507000000,-550,false,-1.25
"MWG",135120,"/Date(1704696700000)/",43300,200,4743500,207477000000,-550,false,-1.25
"MWG",135120,"/Date(1704696700000)/",43300,3000,4743300,207468000000,-550,false,-1.25
"MWG",135120,"/Date(1704696698000)/",43300,1800,4740300,207338000000,-550,false,-1.25
"MWG",135120,"/Date(1704696698000)/",43300,3200,4738500,207260000000,-550,false,-1.25
"MWG",135120,"/Date(1704696698000)/",43300,200,4735300,207122000000,-550,false,-1.25
"MWG",135120,"/Date(1704696697000)/",43300,1000,4735100,207113000000,-550,false,-1.25
"MWG",135117,"/Date(1704696695000)/",43300,400,4734100,207070000000,-550,false,-1.25
"MWG",135110,"/Date(1704696690000)/",43300,11900,4733700,207052000000,-550,false,-1.25
"MWG",135107,"/Date(1704696685000)/",43300,300,4721800,206537000000,-550,false,-1.25
"MWG",135101,"/Date(1704696680000)/",43300,2000,4721500,206524000000,-550,false,-1.25
"MWG",135051,"/Date(1704696669000)/",43250,2000,4719500,206437000000,-600,true,-1.37
"MWG",135038,"/Date(1704696656000)/",43250,1700,4717500,206351000000,-600,true,-1.37
"MWG",135038,"/Date(1704696656000)/",43250,500,4715800,206277000000,-600,true,-1.37
"MWG",135038,"/Date(1704696656000)/",43250,300,4715300,206256000000,-600,true,-1.37
"MWG",135038,"/Date(1704696656000)/",43250,100,4715000,206243000000,-600,true,-1.37
"MWG",135038,"/Date(1704696656000)/",43250,200,4714900,206238000000,-600,true,-1.37
"MWG",135038,"/Date(1704696656000)/",43250,200,4714700,206230000000,-600,true,-1.37
"MWG",135035,"/Date(1704696655000)/",43250,100,4714500,206221000000,-600,true,-1.37
"MWG",135035,"/Date(1704696655000)/",43250,900,4714400,206217000000,-600,true,-1.37
"MWG",135035,"/Date(1704696653000)/",43300,400,4713500,206178000000,-550,false,-1.25
"MWG",135032,"/Date(1704696651000)/",43250,100,4713100,206161000000,-600,true,-1.37
"MWG",135029,"/Date(1704696646000)/",43300,500,4713000,206156000000,-550,false,-1.25
"MWG",135026,"/Date(1704696644000)/",43300,200,4712500,206135000000,-550,false,-1.25
"MWG",135019,"/Date(1704696638000)/",43300,300,4712300,206126000000,-550,false,-1.25
"MWG",135013,"/Date(1704696633000)/",43300,300,4712000,206113000000,-550,false,-1.25
"MWG",135013,"/Date(1704696632000)/",43300,500,4711700,206100000000,-550,false,-1.25
"MWG",135013,"/Date(1704696631000)/",43300,300,4711200,206078000000,-550,false,-1.25
"MWG",135000,"/Date(1704696620000)/",43300,1000,4710900,206065000000,-550,false,-1.25
"MWG",135000,"/Date(1704696620000)/",43250,100,4709900,206022000000,-600,true,-1.37
"MWG",135000,"/Date(1704696618000)/",43300,200,4709800,206018000000,-550,false,-1.25
"MWG",134951,"/Date(1704696609000)/",43300,500,4709600,206009000000,-550,false,-1.25
"MWG",134944,"/Date(1704696602000)/",43250,300,4709100,205987000000,-600,true,-1.37
"MWG",134935,"/Date(1704696593000)/",43300,500,4708800,205974000000,-550,false,-1.25
"MWG",134919,"/Date(1704696578000)/",43250,1000,4708300,205953000000,-600,true,-1.37
"MWG",134919,"/Date(1704696578000)/",43300,200,4707300,205910000000,-550,false,-1.25
"MWG",134912,"/Date(1704696569000)/",43300,400,4707100,205901000000,-550,false,-1.25
"MWG",134856,"/Date(1704696554000)/",43250,200,4706700,205884000000,-600,true,-1.37
"MWG",134853,"/Date(1704696550000)/",43250,1000,4706500,205875000000,-600,true,-1.37
"MWG",134847,"/Date(1704696546000)/",43250,100,4705500,205832000000,-600,true,-1.37
"MWG",134843,"/Date(1704696542000)/",43250,1300,4705400,205827000000,-600,true,-1.37
"MWG",134843,"/Date(1704696542000)/",43250,1000,4704100,205771000000,-600,true,-1.37
"MWG",134843,"/Date(1704696542000)/",43250,300,4703100,205728000000,-600,true,-1.37
"MWG",134843,"/Date(1704696542000)/",43250,200,4702800,205715000000,-600,true,-1.37
"MWG",134843,"/Date(1704696542000)/",43250,1000,4702600,205706000000,-600,true,-1.37
"MWG",134843,"/Date(1704696542000)/",43250,200,4701600,205663000000,-600,true,-1.37
"MWG",134834,"/Date(1704696532000)/",43250,300,4701400,205654000000,-600,true,-1.37
"MWG",134827,"/Date(1704696527000)/",43300,300,4701100,205641000000,-550,false,-1.25
"MWG",134827,"/Date(1704696527000)/",43250,3000,4700800,205628000000,-600,false,-1.37
"MWG",134827,"/Date(1704696527000)/",43250,5100,4697800,205499000000,-600,false,-1.37
"MWG",134827,"/Date(1704696527000)/",43250,11600,4692700,205278000000,-600,false,-1.37
"MWG",134827,"/Date(1704696525000)/",43250,100,4681100,204776000000,-600,false,-1.37
"MWG",134827,"/Date(1704696525000)/",43250,500,4681000,204772000000,-600,false,-1.37
"MWG",134824,"/Date(1704696524000)/",43250,200,4680500,204750000000,-600,false,-1.37
"MWG",134821,"/Date(1704696520000)/",43250,5000,4680300,204742000000,-600,false,-1.37
"MWG",134821,"/Date(1704696519000)/",43200,1400,4675300,204526000000,-650,true,-1.48
"MWG",134821,"/Date(1704696519000)/",43200,100,4673900,204465000000,-650,true,-1.48
"MWG",134821,"/Date(1704696519000)/",43200,1000,4673800,204461000000,-650,true,-1.48
"MWG",134818,"/Date(1704696516000)/",43250,1000,4672800,204418000000,-600,false,-1.37
"MWG",134818,"/Date(1704696516000)/",43250,100,4671800,204374000000,-600,false,-1.37
"MWG",134818,"/Date(1704696516000)/",43250,1000,4671700,204370000000,-600,false,-1.37
"MWG",134818,"/Date(1704696516000)/",43250,900,4670700,204327000000,-600,false,-1.37
"MWG",134818,"/Date(1704696516000)/",43250,500,4669800,204288000000,-600,false,-1.37
"MWG",134818,"/Date(1704696516000)/",43250,100,4669300,204266000000,-600,false,-1.37
"MWG",134818,"/Date(1704696516000)/",43250,1000,4669200,204262000000,-600,false,-1.37
"MWG",134818,"/Date(1704696516000)/",43250,1000,4668200,204219000000,-600,false,-1.37
"MWG",134818,"/Date(1704696516000)/",43250,1000,4667200,204175000000,-600,false,-1.37
"MWG",134818,"/Date(1704696516000)/",43250,400,4666200,204132000000,-600,false,-1.37
"MWG",134818,"/Date(1704696516000)/",43250,200,4665800,204115000000,-600,false,-1.37
"MWG",134818,"/Date(1704696516000)/",43250,200,4665600,204106000000,-600,false,-1.37
"MWG",134818,"/Date(1704696516000)/",43250,1000,4665400,204097000000,-600,false,-1.37
"MWG",134818,"/Date(1704696516000)/",43250,100,4664400,204054000000,-600,false,-1.37
"MWG",134818,"/Date(1704696516000)/",43250,5000,4664300,204050000000,-600,false,-1.37
"MWG",134818,"/Date(1704696516000)/",43250,100,4659300,203834000000,-600,false,-1.37
"MWG",134818,"/Date(1704696516000)/",43250,100,4659200,203829000000,-600,false,-1.37
"MWG",134818,"/Date(1704696516000)/",43250,10000,4659100,203825000000,-600,false,-1.37
"MWG",134818,"/Date(1704696516000)/",43250,5000,4649100,203392000000,-600,false,-1.37
"MWG",134818,"/Date(1704696516000)/",43250,2000,4644100,203176000000,-600,false,-1.37
"MWG",134818,"/Date(1704696516000)/",43250,100,4642100,203090000000,-600,false,-1.37
"MWG",134818,"/Date(1704696516000)/",43250,600,4642000,203085000000,-600,false,-1.37
"MWG",134818,"/Date(1704696516000)/",43250,100,4641400,203059000000,-600,false,-1.37
"MWG",134818,"/Date(1704696516000)/",43250,100,4641300,203055000000,-600,false,-1.37
"MWG",134818,"/Date(1704696516000)/",43250,100,4641200,203051000000,-600,false,-1.37
"MWG",134818,"/Date(1704696516000)/",43250,200,4641100,203046000000,-600,false,-1.37
"MWG",134818,"/Date(1704696516000)/",43250,100,4640900,203038000000,-600,false,-1.37
"MWG",134818,"/Date(1704696516000)/",43250,600,4640800,203034000000,-600,false,-1.37
"MWG",134811,"/Date(1704696511000)/",43300,300,4640200,203008000000,-550,false,-1.25
"MWG",134811,"/Date(1704696511000)/",43250,400,4639900,202995000000,-600,true,-1.37
"MWG",134811,"/Date(1704696510000)/",43300,4500,4639500,202977000000,-550,false,-1.25
"MWG",134808,"/Date(1704696505000)/",43300,400,4635000,202782000000,-550,false,-1.25
"MWG",134759,"/Date(1704696498000)/",43300,200,4634600,202765000000,-550,false,-1.25
"MWG",134755,"/Date(1704696495000)/",43300,200,4634400,202756000000,-550,false,-1.25
"MWG",134746,"/Date(1704696486000)/",43300,200,4634200,202748000000,-550,false,-1.25
"MWG",134746,"/Date(1704696484000)/",43300,300,4634000,202739000000,-550,false,-1.25
"MWG",134743,"/Date(1704696483000)/",43300,300,4633700,202726000000,-550,false,-1.25
"MWG",134739,"/Date(1704696477000)/",43300,1000,4633400,202713000000,-550,false,-1.25
"MWG",134736,"/Date(1704696473000)/",43300,2000,4632400,202670000000,-550,false,-1.25
"MWG",134733,"/Date(1704696472000)/",43300,1000,4630400,202583000000,-550,true,-1.25
"MWG",134733,"/Date(1704696471000)/",43300,200,4629400,202540000000,-550,true,-1.25
"MWG",134733,"/Date(1704696471000)/",43300,10000,4629200,202531000000,-550,true,-1.25
"MWG",134733,"/Date(1704696471000)/",43300,3000,4619200,202098000000,-550,true,-1.25
"MWG",134733,"/Date(1704696471000)/",43300,100,4616200,201968000000,-550,true,-1.25
"MWG",134733,"/Date(1704696471000)/",43300,100,4616100,201964000000,-550,true,-1.25
"MWG",134733,"/Date(1704696471000)/",43300,100,4616000,201960000000,-550,true,-1.25
"MWG",134733,"/Date(1704696471000)/",43300,1000,4615900,201955000000,-550,true,-1.25
"MWG",134733,"/Date(1704696471000)/",43300,500,4614900,201912000000,-550,true,-1.25
"MWG",134730,"/Date(1704696469000)/",43300,300,4614400,201890000000,-550,true,-1.25
"MWG",134730,"/Date(1704696469000)/",43300,1600,4614100,201877000000,-550,true,-1.25
"MWG",134720,"/Date(1704696460000)/",43300,1000,4612500,201808000000,-550,true,-1.25
"MWG",134720,"/Date(1704696458000)/",43350,300,4611500,201765000000,-500,false,-1.14
"MWG",134713,"/Date(1704696453000)/",43350,800,4611200,201752000000,-500,false,-1.14
"MWG",134710,"/Date(1704696448000)/",43350,300,4610400,201717000000,-500,false,-1.14
"MWG",134704,"/Date(1704696444000)/",43350,200,4610100,201704000000,-500,false,-1.14
"MWG",134704,"/Date(1704696442000)/",43350,400,4609900,201696000000,-500,false,-1.14
"MWG",134654,"/Date(1704696434000)/",43350,200,4609500,201678000000,-500,false,-1.14
"MWG",134654,"/Date(1704696434000)/",43300,1200,4609300,201670000000,-550,true,-1.25
"MWG",134654,"/Date(1704696434000)/",43300,100,4608100,201618000000,-550,true,-1.25
"MWG",134654,"/Date(1704696434000)/",43300,200,4608000,201613000000,-550,true,-1.25
"MWG",134654,"/Date(1704696432000)/",43300,300,4607800,201605000000,-550,true,-1.25
"MWG",134654,"/Date(1704696432000)/",43300,2000,4607500,201592000000,-550,true,-1.25
"MWG",134654,"/Date(1704696432000)/",43300,200,4605500,201505000000,-550,true,-1.25
"MWG",134654,"/Date(1704696432000)/",43300,2000,4605300,201496000000,-550,true,-1.25
"MWG",134654,"/Date(1704696432000)/",43300,100,4603300,201410000000,-550,true,-1.25
"MWG",134654,"/Date(1704696432000)/",43300,100,4603200,201405000000,-550,true,-1.25
"MWG",134654,"/Date(1704696432000)/",43300,100,4603100,201401000000,-550,true,-1.25
"MWG",134654,"/Date(1704696432000)/",43300,300,4603000,201397000000,-550,true,-1.25
"MWG",134654,"/Date(1704696432000)/",43300,600,4602700,201384000000,-550,true,-1.25
"MWG",134651,"/Date(1704696431000)/",43300,1400,4602100,201358000000,-550,true,-1.25
"MWG",134651,"/Date(1704696431000)/",43300,1000,4600700,201297000000,-550,true,-1.25
"MWG",134651,"/Date(1704696431000)/",43300,200,4599700,201254000000,-550,true,-1.25
"MWG",134651,"/Date(1704696431000)/",43300,200,4599500,201245000000,-550,true,-1.25
"MWG",134651,"/Date(1704696431000)/",43300,200,4599300,201237000000,-550,true,-1.25
"MWG",134651,"/Date(1704696428000)/",43300,400,4599100,201228000000,-550,true,-1.25
"MWG",134651,"/Date(1704696428000)/",43300,200,4598700,201211000000,-550,true,-1.25
"MWG",134651,"/Date(1704696428000)/",43300,300,4598500,201202000000,-550,true,-1.25
"MWG",134651,"/Date(1704696428000)/",43300,200,4598200,201189000000,-550,true,-1.25
"MWG",134651,"/Date(1704696428000)/",43300,800,4598000,201180000000,-550,true,-1.25
"MWG",134645,"/Date(1704696423000)/",43350,500,4597200,201146000000,-500,false,-1.14
"MWG",134638,"/Date(1704696418000)/",43300,1500,4596700,201124000000,-550,true,-1.25
"MWG",134638,"/Date(1704696418000)/",43350,200,4595200,201059000000,-500,false,-1.14
"MWG",134629,"/Date(1704696406000)/",43350,2000,4595000,201050000000,-500,false,-1.14
"MWG",134626,"/Date(1704696404000)/",43350,300,4593000,200964000000,-500,false,-1.14
"MWG",134626,"/Date(1704696404000)/",43300,700,4592700,200951000000,-550,true,-1.25
"MWG",134626,"/Date(1704696404000)/",43300,200,4592000,200920000000,-550,true,-1.25
"MWG",134626,"/Date(1704696404000)/",43300,100,4591800,200912000000,-550,true,-1.25
"MWG",134626,"/Date(1704696404000)/",43300,200,4591700,200907000000,-550,true,-1.25
"MWG",134626,"/Date(1704696404000)/",43300,1000,4591500,200899000000,-550,true,-1.25
"MWG",134626,"/Date(1704696404000)/",43300,100,4590500,200855000000,-550,true,-1.25
"MWG",134626,"/Date(1704696404000)/",43300,500,4590400,200851000000,-550,true,-1.25
"MWG",134626,"/Date(1704696404000)/",43300,100,4589900,200829000000,-550,true,-1.25
"MWG",134626,"/Date(1704696404000)/",43300,100,4589800,200825000000,-550,true,-1.25
"MWG",134626,"/Date(1704696404000)/",43300,300,4589700,200821000000,-550,true,-1.25
"MWG",134626,"/Date(1704696404000)/",43300,500,4589400,200808000000,-550,true,-1.25
"MWG",134626,"/Date(1704696404000)/",43300,800,4588900,200786000000,-550,true,-1.25
"MWG",134626,"/Date(1704696404000)/",43300,100,4588100,200751000000,-550,true,-1.25
"MWG",134626,"/Date(1704696404000)/",43300,1000,4588000,200747000000,-550,true,-1.25
"MWG",134626,"/Date(1704696404000)/",43300,500,4587000,200704000000,-550,true,-1.25
"MWG",134626,"/Date(1704696404000)/",43300,100,4586500,200682000000,-550,true,-1.25
"MWG",134626,"/Date(1704696404000)/",43300,300,4586400,200678000000,-550,true,-1.25
"MWG",134626,"/Date(1704696404000)/",43300,200,4586100,200665000000,-550,true,-1.25
"MWG",134626,"/Date(1704696404000)/",43300,100,4585900,200656000000,-550,true,-1.25
"MWG",134626,"/Date(1704696404000)/",43300,500,4585800,200652000000,-550,true,-1.25
"MWG",134626,"/Date(1704696404000)/",43300,200,4585300,200630000000,-550,true,-1.25
"MWG",134626,"/Date(1704696404000)/",43300,5000,4585100,200621000000,-550,true,-1.25
"MWG",134626,"/Date(1704696404000)/",43300,1000,4580100,200405000000,-550,true,-1.25
"MWG",134626,"/Date(1704696404000)/",43300,1000,4579100,200362000000,-550,true,-1.25
"MWG",134626,"/Date(1704696404000)/",43300,1000,4578100,200318000000,-550,true,-1.25
"MWG",134626,"/Date(1704696404000)/",43300,100,4577100,200275000000,-550,true,-1.25
"MWG",134626,"/Date(1704696404000)/",43300,500,4577000,200271000000,-550,true,-1.25
"MWG",134626,"/Date(1704696404000)/",43300,600,4576500,200249000000,-550,true,-1.25
"MWG",134626,"/Date(1704696404000)/",43300,100,4575900,200223000000,-550,true,-1.25
"MWG",134626,"/Date(1704696404000)/",43300,900,4575800,200219000000,-550,true,-1.25
"MWG",134626,"/Date(1704696404000)/",43300,100,4574900,200180000000,-550,true,-1.25
"MWG",134626,"/Date(1704696404000)/",43300,100,4574800,200176000000,-550,true,-1.25
"MWG",134626,"/Date(1704696404000)/",43300,100,4574700,200171000000,-550,true,-1.25
"MWG",134626,"/Date(1704696404000)/",43300,500,4574600,200167000000,-550,true,-1.25
"MWG",134626,"/Date(1704696404000)/",43300,100,4574100,200145000000,-550,true,-1.25
"MWG",134626,"/Date(1704696404000)/",43300,1900,4574000,200141000000,-550,true,-1.25
"MWG",134626,"/Date(1704696404000)/",43300,100,4572100,200059000000,-550,true,-1.25
"MWG",134626,"/Date(1704696404000)/",43300,300,4572000,200054000000,-550,true,-1.25
"MWG",134626,"/Date(1704696404000)/",43300,2000,4571700,200041000000,-550,true,-1.25
"MWG",134626,"/Date(1704696404000)/",43300,200,4569700,199955000000,-550,true,-1.25
"MWG",134626,"/Date(1704696404000)/",43300,1000,4569500,199946000000,-550,true,-1.25
"MWG",134626,"/Date(1704696404000)/",43300,500,4568500,199903000000,-550,true,-1.25
"MWG",134626,"/Date(1704696404000)/",43300,100,4568000,199881000000,-550,true,-1.25
"MWG",134626,"/Date(1704696404000)/",43300,300,4567900,199877000000,-550,true,-1.25
"MWG",134626,"/Date(1704696404000)/",43300,100,4567600,199864000000,-550,true,-1.25
"MWG",134626,"/Date(1704696404000)/",43300,200,4567500,199859000000,-550,true,-1.25
"MWG",134626,"/Date(1704696404000)/",43300,500,4567300,199851000000,-550,true,-1.25
"MWG",134626,"/Date(1704696404000)/",43300,1000,4566800,199829000000,-550,true,-1.25
"MWG",134626,"/Date(1704696404000)/",43300,200,4565800,199786000000,-550,true,-1.25
"MWG",134626,"/Date(1704696404000)/",43300,500,4565600,199777000000,-550,true,-1.25
"MWG",134626,"/Date(1704696404000)/",43300,1000,4565100,199755000000,-550,true,-1.25
"MWG",134626,"/Date(1704696404000)/",43300,400,4564100,199712000000,-550,true,-1.25
"MWG",134626,"/Date(1704696404000)/",43300,200,4563700,199695000000,-550,true,-1.25
"MWG",134626,"/Date(1704696404000)/",43300,5000,4563500,199686000000,-550,true,-1.25
"MWG",134626,"/Date(1704696404000)/",43300,2300,4558500,199470000000,-550,true,-1.25
"MWG",134626,"/Date(1704696404000)/",43300,200,4556200,199370000000,-550,true,-1.25
"MWG",134626,"/Date(1704696404000)/",43300,100,4556000,199361000000,-550,true,-1.25
