"Stockcode","Package","TradingDate","Price","Vol","TotalVol","TotalVal","Change","IsBuy","PerChange"
"STB",144446,"/Date(1704699900000)/",29200,1159400,15853600,464409000000,-100,false,-0.34
"STB",142934,"/Date(1704698992000)/",29200,1000,14694200,430555000000,-100,false,-0.34
"STB",142928,"/Date(1704698986000)/",29200,1000,14693200,430525000000,-100,false,-0.34
"STB",142924,"/Date(1704698983000)/",29200,1000,14692200,430496000000,-100,false,-0.34
"STB",142918,"/Date(1704698978000)/",29200,1000,14691200,430467000000,-100,false,-0.34
"STB",142918,"/Date(1704698977000)/",29150,4300,14690200,430438000000,-150,true,-0.51
"STB",142918,"/Date(1704698977000)/",29150,2000,14685900,430312000000,-150,true,-0.51
"STB",142918,"/Date(1704698977000)/",29150,500,14683900,430254000000,-150,true,-0.51
"STB",142905,"/Date(1704698965000)/",29200,1500,14683400,430240000000,-100,false,-0.34
"STB",142905,"/Date(1704698965000)/",29200,300,14681900,430196000000,-100,false,-0.34
"STB",142905,"/Date(1704698964000)/",29150,1000,14681600,430187000000,-150,true,-0.51
"STB",142905,"/Date(1704698964000)/",29150,5000,14680600,430158000000,-150,true,-0.51
"STB",142905,"/Date(1704698964000)/",29150,300,14675600,430012000000,-150,true,-0.51
"STB",142905,"/Date(1704698964000)/",29150,1000,14675300,430003000000,-150,true,-0.51
"STB",142905,"/Date(1704698964000)/",29150,1000,14674300,429974000000,-150,true,-0.51
"STB",142905,"/Date(1704698964000)/",29150,2000,14673300,429945000000,-150,true,-0.51
"STB",142905,"/Date(1704698964000)/",29150,400,14671300,429887000000,-150,true,-0.51
"STB",142905,"/Date(1704698964000)/",29150,2000,14670900,429875000000,-150,true,-0.51
"STB",142905,"/Date(1704698964000)/",29150,500,14668900,429817000000,-150,true,-0.51
"STB",142905,"/Date(1704698964000)/",29150,200,14668400,429802000000,-150,true,-0.51
"STB",142905,"/Date(1704698964000)/",29150,200,14668200,429796000000,-150,true,-0.51
"STB",142905,"/Date(1704698964000)/",29150,300,14668000,429791000000,-150,true,-0.51
"STB",142905,"/Date(1704698964000)/",29150,500,14667700,429782000000,-150,true,-0.51
"STB",142905,"/Date(1704698964000)/",29150,200,14667200,429767000000,-150,true,-0.51
"STB",142905,"/Date(1704698964000)/",29150,100,14667000,429761000000,-150,true,-0.51
"STB",142905,"/Date(1704698964000)/",29150,500,14666900,429758000000,-150,true,-0.51
"STB",142905,"/Date(1704698964000)/",29150,5000,14666400,429744000000,-150,true,-0.51
"STB",142905,"/Date(1704698964000)/",29150,400,14661400,429598000000,-150,true,-0.51
"STB",142905,"/Date(1704698964000)/",29150,2000,14661000,429586000000,-150,true,-0.51
"STB",142905,"/Date(1704698964000)/",29150,300,14659000,429528000000,-150,true,-0.51
"STB",142905,"/Date(1704698964000)/",29150,500,14658700,429519000000,-150,true,-0.51
"STB",142905,"/Date(1704698964000)/",29150,200,14658200,429505000000,-150,true,-0.51
"STB",142905,"/Date(1704698964000)/",29150,600,14658000,429499000000,-150,true,-0.51
"STB",142905,"/Date(1704698964000)/",29150,200,14657400,429482000000,-150,true,-0.51
"STB",142905,"/Date(1704698964000)/",29150,400,14657200,429476000000,-150,true,-0.51
"STB",142905,"/Date(1704698964000)/",29150,1200,14656800,429464000000,-150,true,-0.51
"STB",142902,"/Date(1704698960000)/",29200,2000,14655600,429429000000,-100,false,-0.34
"STB",142859,"/Date(1704698959000)/",29150,1000,14653600,429371000000,-150,true,-0.51
"STB",142856,"/Date(1704698953000)/",29200,1400,14652600,429341000000,-100,false,-0.34
"STB",142853,"/Date(1704698952000)/",29200,500,14651200,429301000000,-100,false,-0.34
"STB",142849,"/Date(1704698948000)/",29200,100,14650700,429286000000,-100,false,-0.34
"STB",142846,"/Date(1704698946000)/",29200,200,14650600,429283000000,-100,false,-0.34
"STB",142843,"/Date(1704698941000)/",29200,800,14650400,429277000000,-100,false,-0.34
"STB",142843,"/Date(1704698941000)/",29200,100,14649600,429254000000,-100,false,-0.34
"STB",142843,"/Date(1704698941000)/",29200,100,14649500,429251000000,-100,false,-0.34
"STB",142843,"/Date(1704698940000)/",29150,2000,14649400,429248000000,-150,true,-0.51
"STB",142840,"/Date(1704698938000)/",29200,100,14647400,429190000000,-100,false,-0.34
"STB",142840,"/Date(1704698938000)/",29200,400,14647300,429187000000,-100,false,-0.34
"STB",142840,"/Date(1704698938000)/",29150,5000,14646900,429175000000,-150,true,-0.51
"STB",142840,"/Date(1704698937000)/",29200,300,14641900,429029000000,-100,false,-0.34
"STB",142833,"/Date(1704698932000)/",29200,300,14641600,429021000000,-100,false,-0.34
"STB",142833,"/Date(1704698932000)/",29150,800,14641300,429012000000,-150,true,-0.51
"STB",142833,"/Date(1704698932000)/",29150,200,14640500,428989000000,-150,true,-0.51
"STB",142824,"/Date(1704698923000)/",29200,400,14640300,428983000000,-100,false,-0.34
"STB",142824,"/Date(1704698922000)/",29200,500,14639900,428971000000,-100,false,-0.34
"STB",142814,"/Date(1704698913000)/",29200,100,14639400,428956000000,-100,false,-0.34
"STB",142808,"/Date(1704698908000)/",29200,1000,14639300,428954000000,-100,false,-0.34
"STB",142805,"/Date(1704698905000)/",29200,200,14638300,428924000000,-100,false,-0.34
"STB",142805,"/Date(1704698904000)/",29200,100,14638100,428918000000,-100,false,-0.34
"STB",142758,"/Date(1704698898000)/",29150,4800,14638000,428916000000,-150,true,-0.51
"STB",142758,"/Date(1704698898000)/",29150,200,14633200,428776000000,-150,true,-0.51
"STB",142758,"/Date(1704698897000)/",29200,500,14633000,428770000000,-100,false,-0.34
"STB",142755,"/Date(1704698894000)/",29200,2000,14632500,428755000000,-100,true,-0.34
"STB",142755,"/Date(1704698894000)/",29200,1000,14630500,428697000000,-100,true,-0.34
"STB",142755,"/Date(1704698894000)/",29200,3200,14629500,428668000000,-100,true,-0.34
"STB",142752,"/Date(1704698891000)/",29200,100,14626300,428574000000,-100,true,-0.34
"STB",142752,"/Date(1704698891000)/",29200,2000,14626200,428571000000,-100,true,-0.34
"STB",142752,"/Date(1704698891000)/",29200,1500,14624200,428513000000,-100,true,-0.34
"STB",142752,"/Date(1704698891000)/",29200,2500,14622700,428469000000,-100,true,-0.34
"STB",142752,"/Date(1704698891000)/",29200,700,14620200,428396000000,-100,true,-0.34
"STB",142749,"/Date(1704698888000)/",29150,800,14619500,428376000000,-150,true,-0.51
"STB",142749,"/Date(1704698888000)/",29150,100,14618700,428352000000,-150,true,-0.51
"STB",142749,"/Date(1704698888000)/",29150,1100,14618600,428349000000,-150,true,-0.51
"STB",142749,"/Date(1704698887000)/",29200,1000,14617500,428317000000,-100,false,-0.34
"STB",142745,"/Date(1704698885000)/",29150,400,14616500,428288000000,-150,true,-0.51
"STB",142736,"/Date(1704698875000)/",29200,500,14616100,428276000000,-100,false,-0.34
"STB",142736,"/Date(1704698873000)/",29200,200,14615600,428262000000,-100,false,-0.34
"STB",142723,"/Date(1704698861000)/",29200,2000,14615400,428256000000,-100,false,-0.34
"STB",142720,"/Date(1704698859000)/",29200,500,14613400,428198000000,-100,true,-0.34
"STB",142720,"/Date(1704698857000)/",29200,3000,14612900,428183000000,-100,true,-0.34
"STB",142720,"/Date(1704698857000)/",29200,2100,14609900,428095000000,-100,true,-0.34
"STB",142710,"/Date(1704698850000)/",29200,900,14607800,428034000000,-100,true,-0.34
"STB",142710,"/Date(1704698850000)/",29200,2900,14606900,428008000000,-100,true,-0.34
"STB",142707,"/Date(1704698847000)/",29200,8000,14604000,427923000000,-100,false,-0.34
"STB",142707,"/Date(1704698845000)/",29200,4100,14596000,427690000000,-100,false,-0.34
"STB",142704,"/Date(1704698844000)/",29200,900,14591900,427570000000,-100,false,-0.34
"STB",142704,"/Date(1704698842000)/",29200,1300,14591000,427544000000,-100,false,-0.34
"STB",142704,"/Date(1704698842000)/",29200,5000,14589700,427506000000,-100,false,-0.34
"STB",142704,"/Date(1704698842000)/",29200,100,14584700,427360000000,-100,false,-0.34
"STB",142704,"/Date(1704698842000)/",29200,2000,14584600,427357000000,-100,false,-0.34
"STB",142704,"/Date(1704698842000)/",29200,5000,14582600,427298000000,-100,false,-0.34
"STB",142704,"/Date(1704698842000)/",29200,15700,14577600,427152000000,-100,false,-0.34
"STB",142701,"/Date(1704698838000)/",29200,2000,14561900,426694000000,-100,false,-0.34
"STB",142657,"/Date(1704698836000)/",29200,200,14559900,426635000000,-100,false,-0.34
"STB",142657,"/Date(1704698835000)/",29200,4000,14559700,426630000000,-100,false,-0.34
"STB",142651,"/Date(1704698828000)/",29200,5000,14555700,426513000000,-100,false,-0.34
"STB",142645,"/Date(1704698823000)/",29150,500,14550700,426367000000,-150,true,-0.51
"STB",142645,"/Date(1704698823000)/",29150,100,14550200,426352000000,-150,true,-0.51
"STB",142645,"/Date(1704698823000)/",29150,1000,14550100,426349000000,-150,true,-0.51
"STB",142645,"/Date(1704698823000)/",29150,200,14549100,426320000000,-150,true,-0.51
"STB",142645,"/Date(1704698823000)/",29150,3200,14548900,426314000000,-150,true,-0.51
"STB",142641,"/Date(1704698821000)/",29200,5000,14545700,426221000000,-100,false,-0.34
"STB",142641,"/Date(1704698820000)/",29200,1000,14540700,426075000000,-100,false,-0.34
"STB",142641,"/Date(1704698819000)/",29200,5000,14539700,426046000000,-100,false,-0.34
"STB",142641,"/Date(1704698819000)/",29200,3000,14534700,425900000000,-100,false,-0.34
"STB",142641,"/Date(1704698819000)/",29150,1000,14531700,425812000000,-150,true,-0.51
"STB",142638,"/Date(1704698816000)/",29200,1000,14530700,425783000000,-100,true,-0.34
"STB",142638,"/Date(1704698816000)/",29200,300,14529700,425754000000,-100,true,-0.34
"STB",142638,"/Date(1704698816000)/",29200,1000,14529400,425745000000,-100,true,-0.34
"STB",142638,"/Date(1704698816000)/",29200,100,14528400,425716000000,-100,true,-0.34
"STB",142638,"/Date(1704698816000)/",29200,1000,14528300,425713000000,-100,true,-0.34
"STB",142638,"/Date(1704698816000)/",29200,200,14527300,425684000000,-100,true,-0.34
"STB",142638,"/Date(1704698816000)/",29200,1000,14527100,425678000000,-100,true,-0.34
"STB",142638,"/Date(1704698816000)/",29200,2000,14526100,425649000000,-100,true,-0.34
"STB",142638,"/Date(1704698816000)/",29200,1000,14524100,425590000000,-100,true,-0.34
"STB",142638,"/Date(1704698816000)/",29200,10000,14523100,425561000000,-100,true,-0.34
"STB",142638,"/Date(1704698816000)/",29200,300,14513100,425269000000,-100,true,-0.34
"STB",142638,"/Date(1704698816000)/",29200,2000,14512800,425260000000,-100,true,-0.34
"STB",142638,"/Date(1704698816000)/",29200,5000,14510800,425202000000,-100,true,-0.34
"STB",142638,"/Date(1704698816000)/",29200,14200,14505800,425056000000,-100,true,-0.34
"STB",142635,"/Date(1704698813000)/",29200,5000,14491600,424641000000,-100,true,-0.34
"STB",142629,"/Date(1704698808000)/",29200,1500,14486600,424495000000,-100,true,-0.34
"STB",142625,"/Date(1704698805000)/",29250,100,14485100,424452000000,-50,false,-0.17
"STB",142625,"/Date(1704698804000)/",29200,5000,14485000,424449000000,-100,true,-0.34
"STB",142622,"/Date(1704698802000)/",29250,200,14480000,424303000000,-50,false,-0.17
"STB",142609,"/Date(1704698789000)/",29250,500,14479800,424297000000,-50,false,-0.17
"STB",142609,"/Date(1704698788000)/",29200,300,14479300,424282000000,-100,true,-0.34
"STB",142609,"/Date(1704698787000)/",29250,200,14479000,424273000000,-50,false,-0.17
"STB",142600,"/Date(1704698777000)/",29250,5000,14478800,424268000000,-50,false,-0.17
"STB",142547,"/Date(1704698767000)/",29250,500,14473800,424121000000,-50,false,-0.17
"STB",142547,"/Date(1704698767000)/",29250,1000,14473300,424107000000,-50,false,-0.17
"STB",142544,"/Date(1704698763000)/",29250,100,14472300,424077000000,-50,false,-0.17
"STB",142544,"/Date(1704698762000)/",29200,3000,14472200,424075000000,-100,true,-0.34
"STB",142541,"/Date(1704698760000)/",29250,1500,14469200,423987000000,-50,false,-0.17
"STB",142534,"/Date(1704698754000)/",29200,1000,14467700,423943000000,-100,true,-0.34
"STB",142534,"/Date(1704698753000)/",29200,1000,14466700,423914000000,-100,true,-0.34
"STB",142534,"/Date(1704698753000)/",29200,500,14465700,423885000000,-100,true,-0.34
"STB",142534,"/Date(1704698753000)/",29200,1000,14465200,423870000000,-100,true,-0.34
"STB",142534,"/Date(1704698752000)/",29200,500,14464200,423841000000,-100,true,-0.34
"STB",142534,"/Date(1704698752000)/",29200,100,14463700,423826000000,-100,true,-0.34
"STB",142534,"/Date(1704698752000)/",29200,100,14463600,423823000000,-100,true,-0.34
"STB",142534,"/Date(1704698752000)/",29200,300,14463500,423820000000,-100,true,-0.34
"STB",142531,"/Date(1704698749000)/",29200,4000,14463200,423812000000,-100,false,-0.34
"STB",142531,"/Date(1704698749000)/",29200,200,14459200,423695000000,-100,false,-0.34
"STB",142528,"/Date(1704698746000)/",29150,2000,14459000,423689000000,-150,true,-0.51
"STB",142525,"/Date(1704698743000)/",29200,800,14457000,423631000000,-100,false,-0.34
"STB",142525,"/Date(1704698743000)/",29200,9200,14456200,423607000000,-100,false,-0.34
"STB",142521,"/Date(1704698741000)/",29200,800,14447000,423339000000,-100,false,-0.34
"STB",142521,"/Date(1704698741000)/",29200,100,14446200,423315000000,-100,false,-0.34
"STB",142521,"/Date(1704698741000)/",29200,700,14446100,423312000000,-100,false,-0.34
"STB",142521,"/Date(1704698741000)/",29200,200,14445400,423292000000,-100,false,-0.34
"STB",142521,"/Date(1704698741000)/",29200,1100,14445200,423286000000,-100,false,-0.34
"STB",142521,"/Date(1704698741000)/",29200,3000,14444100,423254000000,-100,false,-0.34
"STB",142521,"/Date(1704698741000)/",29200,1400,14441100,423166000000,-100,false,-0.34
"STB",142521,"/Date(1704698741000)/",29200,1800,14439700,423126000000,-100,false,-0.34
"STB",142518,"/Date(1704698735000)/",29200,300,14437900,423073000000,-100,false,-0.34
"STB",142515,"/Date(1704698734000)/",29200,1000,14437600,423064000000,-100,false,-0.34
"STB",142515,"/Date(1704698733000)/",29150,3800,14436600,423035000000,-150,true,-0.51
"STB",142515,"/Date(1704698733000)/",29150,100,14432800,422924000000,-150,true,-0.51
"STB",142515,"/Date(1704698733000)/",29150,100,14432700,422921000000,-150,true,-0.51
"STB",142515,"/Date(1704698733000)/",29150,1000,14432600,422918000000,-150,true,-0.51
"STB",142515,"/Date(1704698732000)/",29200,1900,14431600,422889000000,-100,false,-0.34
"STB",142515,"/Date(1704698732000)/",29200,8100,14429700,422834000000,-100,false,-0.34
"STB",142512,"/Date(1704698730000)/",29200,200,14421600,422597000000,-100,false,-0.34
"STB",142512,"/Date(1704698730000)/",29200,500,14421400,422591000000,-100,false,-0.34
"STB",142502,"/Date(1704698722000)/",29200,300,14420900,422577000000,-100,false,-0.34
"STB",142456,"/Date(1704698716000)/",29200,900,14420600,422568000000,-100,false,-0.34
"STB",142456,"/Date(1704698716000)/",29200,1000,14419700,422542000000,-100,false,-0.34
"STB",142456,"/Date(1704698716000)/",29200,1000,14418700,422513000000,-100,false,-0.34
"STB",142456,"/Date(1704698716000)/",29200,2100,14417700,422483000000,-100,false,-0.34
"STB",142453,"/Date(1704698712000)/",29200,2900,14415600,422422000000,-100,false,-0.34
"STB",142453,"/Date(1704698712000)/",29200,1000,14412700,422337000000,-100,false,-0.34
"STB",142453,"/Date(1704698712000)/",29200,1000,14411700,422308000000,-100,false,-0.34
"STB",142453,"/Date(1704698712000)/",29200,100,14410700,422279000000,-100,false,-0.34
"STB",142449,"/Date(1704698710000)/",29200,9900,14410600,422276000000,-100,false,-0.34
"STB",142449,"/Date(1704698710000)/",29200,100,14400700,421987000000,-100,false,-0.34
"STB",142449,"/Date(1704698709000)/",29150,1800,14400600,421984000000,-150,true,-0.51
"STB",142449,"/Date(1704698709000)/",29150,1000,14398800,421932000000,-150,true,-0.51
"STB",142449,"/Date(1704698709000)/",29150,200,14397800,421902000000,-150,true,-0.51
"STB",142449,"/Date(1704698707000)/",29200,400,14397600,421897000000,-100,false,-0.34
"STB",142446,"/Date(1704698704000)/",29200,100,14397200,421885000000,-100,false,-0.34
"STB",142440,"/Date(1704698699000)/",29150,500,14397100,421882000000,-150,true,-0.51
"STB",142440,"/Date(1704698699000)/",29150,100,14396600,421867000000,-150,true,-0.51
"STB",142440,"/Date(1704698699000)/",29150,500,14396500,421865000000,-150,true,-0.51
"STB",142440,"/Date(1704698699000)/",29150,100,14396000,421850000000,-150,true,-0.51
"STB",142440,"/Date(1704698699000)/",29150,2000,14395900,421847000000,-150,true,-0.51
"STB",142440,"/Date(1704698699000)/",29150,1800,14393900,421789000000,-150,true,-0.51
"STB",142436,"/Date(1704698694000)/",29200,100,14392100,421736000000,-100,false,-0.34
"STB",142433,"/Date(1704698692000)/",29150,200,14392000,421733000000,-150,true,-0.51
"STB",142433,"/Date(1704698692000)/",29150,2000,14391800,421728000000,-150,true,-0.51
"STB",142433,"/Date(1704698692000)/",29150,200,14389800,421669000000,-150,true,-0.51
"STB",142433,"/Date(1704698692000)/",29150,7600,14389600,421663000000,-150,true,-0.51
"STB",142430,"/Date(1704698688000)/",29200,4400,14382000,421442000000,-100,false,-0.34
"STB",142430,"/Date(1704698688000)/",29200,1000,14377600,421313000000,-100,false,-0.34
"STB",142430,"/Date(1704698688000)/",29200,100,14376600,421284000000,-100,false,-0.34
"STB",142430,"/Date(1704698688000)/",29200,100,14376500,421281000000,-100,false,-0.34
"STB",142430,"/Date(1704698688000)/",29200,1000,14376400,421278000000,-100,false,-0.34
"STB",142430,"/Date(1704698688000)/",29200,3400,14375400,421249000000,-100,false,-0.34
"STB",142427,"/Date(1704698684000)/",29150,2400,14372000,421150000000,-150,true,-0.51
"STB",142427,"/Date(1704698684000)/",29150,1900,14369600,421080000000,-150,true,-0.51
"STB",142414,"/Date(1704698671000)/",29150,500,14367700,421024000000,-150,true,-0.51
"STB",142411,"/Date(1704698669000)/",29150,7600,14367200,421010000000,-150,true,-0.51
"STB",142411,"/Date(1704698669000)/",29150,800,14359600,420788000000,-150,true,-0.51
"STB",142407,"/Date(1704698665000)/",29150,5000,14358800,420765000000,-150,true,-0.51
"STB",142407,"/Date(1704698665000)/",29150,5000,14353800,420619000000,-150,true,-0.51
"STB",142401,"/Date(1704698659000)/",29150,3000,14348800,420474000000,-150,true,-0.51
"STB",142401,"/Date(1704698659000)/",29150,5000,14345800,420386000000,-150,true,-0.51
"STB",142401,"/Date(1704698659000)/",29200,200,14340800,420240000000,-100,false,-0.34
"STB",142358,"/Date(1704698656000)/",29150,5000,14340600,420235000000,-150,true,-0.51
"STB",142351,"/Date(1704698650000)/",29200,5000,14335600,420089000000,-100,false,-0.34
"STB",142345,"/Date(1704698643000)/",29150,5000,14330600,419943000000,-150,true,-0.51
"STB",142335,"/Date(1704698635000)/",29150,100,14325600,419797000000,-150,true,-0.51
"STB",142332,"/Date(1704698632000)/",29150,400,14325500,419794000000,-150,true,-0.51
"STB",142332,"/Date(1704698630000)/",29150,4000,14325100,419782000000,-150,true,-0.51
"STB",142329,"/Date(1704698628000)/",29150,2000,14321100,419666000000,-150,true,-0.51
"STB",142326,"/Date(1704698624000)/",29150,4000,14319100,419608000000,-150,true,-0.51
"STB",142322,"/Date(1704698620000)/",29150,100,14315100,419491000000,-150,true,-0.51
"STB",142319,"/Date(1704698616000)/",29200,10000,14315000,419488000000,-100,false,-0.34
"STB",142316,"/Date(1704698614000)/",29150,4000,14305000,419196000000,-150,true,-0.51
"STB",142316,"/Date(1704698613000)/",29200,500,14301000,419079000000,-100,false,-0.34
"STB",142313,"/Date(1704698611000)/",29200,10900,14300500,419065000000,-100,false,-0.34
"STB",142313,"/Date(1704698611000)/",29200,1000,14289600,418747000000,-100,false,-0.34
"STB",142313,"/Date(1704698611000)/",29200,11100,14288600,418717000000,-100,false,-0.34
"STB",142313,"/Date(1704698610000)/",29150,5000,14277500,418393000000,-150,true,-0.51
"STB",142310,"/Date(1704698606000)/",29200,11000,14272500,418247000000,-100,false,-0.34
"STB",142300,"/Date(1704698597000)/",29200,3000,14261500,417926000000,-100,false,-0.34
"STB",142257,"/Date(1704698594000)/",29200,100,14258500,417839000000,-100,false,-0.34
"STB",142250,"/Date(1704698588000)/",29200,200,14258400,417836000000,-100,false,-0.34
"STB",142244,"/Date(1704698584000)/",29200,100,14258200,417830000000,-100,false,-0.34
"STB",142237,"/Date(1704698577000)/",29200,200,14258100,417827000000,-100,false,-0.34
"STB",142237,"/Date(1704698575000)/",29150,1600,14257900,417821000000,-150,true,-0.51
"STB",142237,"/Date(1704698575000)/",29150,4400,14256300,417775000000,-150,true,-0.51
"STB",142234,"/Date(1704698574000)/",29200,4200,14251900,417646000000,-100,false,-0.34
"STB",142234,"/Date(1704698574000)/",29200,3000,14247700,417524000000,-100,false,-0.34
"STB",142234,"/Date(1704698574000)/",29200,200,14244700,417436000000,-100,false,-0.34
"STB",142234,"/Date(1704698574000)/",29200,100,14244500,417430000000,-100,false,-0.34
"STB",142234,"/Date(1704698574000)/",29200,200,14244400,417427000000,-100,false,-0.34
"STB",142234,"/Date(1704698574000)/",29200,1400,14244200,417421000000,-100,false,-0.34
"STB",142234,"/Date(1704698573000)/",29150,100,14242800,417381000000,-150,true,-0.51
"STB",142221,"/Date(1704698559000)/",29200,2000,14242700,417378000000,-100,false,-0.34
"STB",142212,"/Date(1704698552000)/",29200,1000,14240700,417319000000,-100,true,-0.34
"STB",142212,"/Date(1704698552000)/",29200,600,14239700,417290000000,-100,true,-0.34
"STB",142212,"/Date(1704698549000)/",29200,1400,14239100,417273000000,-100,true,-0.34
"STB",142212,"/Date(1704698549000)/",29200,500,14237700,417232000000,-100,true,-0.34
"STB",142212,"/Date(1704698549000)/",29200,2000,14237200,417217000000,-100,true,-0.34
"STB",142205,"/Date(1704698542000)/",29200,100,14235200,417159000000,-100,true,-0.34
"STB",142202,"/Date(1704698540000)/",29200,900,14235100,417156000000,-100,false,-0.34
"STB",142159,"/Date(1704698538000)/",29250,2400,14234200,417129000000,-50,false,-0.17
"STB",142159,"/Date(1704698538000)/",29250,1000,14231800,417059000000,-50,false,-0.17
"STB",142159,"/Date(1704698538000)/",29250,1900,14230800,417030000000,-50,false,-0.17
"STB",142159,"/Date(1704698538000)/",29200,3800,14228900,416974000000,-100,false,-0.34
"STB",142159,"/Date(1704698537000)/",29200,200,14225100,416863000000,-100,false,-0.34
"STB",142159,"/Date(1704698537000)/",29250,100,14224900,416858000000,-50,false,-0.17
"STB",142159,"/Date(1704698537000)/",29250,200,14224800,416855000000,-50,false,-0.17
"STB",142156,"/Date(1704698534000)/",29200,200,14224600,416849000000,-100,true,-0.34
"STB",142156,"/Date(1704698534000)/",29200,100,14224400,416843000000,-100,true,-0.34
"STB",142156,"/Date(1704698534000)/",29200,200,14224300,416840000000,-100,true,-0.34
"STB",142146,"/Date(1704698525000)/",29200,100,14224100,416834000000,-100,false,-0.34
"STB",142143,"/Date(1704698523000)/",29200,500,14224000,416831000000,-100,false,-0.34
"STB",142140,"/Date(1704698517000)/",29200,1000,14223500,416817000000,-100,true,-0.34
"STB",142140,"/Date(1704698517000)/",29200,500,14222500,416788000000,-100,true,-0.34
"STB",142140,"/Date(1704698517000)/",29200,2000,14222000,416773000000,-100,true,-0.34
"STB",142140,"/Date(1704698517000)/",29200,600,14220000,416715000000,-100,true,-0.34
"STB",142127,"/Date(1704698505000)/",29250,800,14219400,416697000000,-50,false,-0.17
"STB",142127,"/Date(1704698505000)/",29250,100,14218600,416674000000,-50,false,-0.17
"STB",142127,"/Date(1704698505000)/",29250,2200,14218500,416671000000,-50,false,-0.17
"STB",142124,"/Date(1704698503000)/",29200,200,14216300,416606000000,-100,true,-0.34
"STB",142121,"/Date(1704698498000)/",29200,3000,14216100,416600000000,-100,false,-0.34
"STB",142121,"/Date(1704698498000)/",29200,300,14213100,416513000000,-100,false,-0.34
"STB",142121,"/Date(1704698498000)/",29200,16900,14212800,416504000000,-100,false,-0.34
"STB",142114,"/Date(1704698492000)/",29200,3500,14195900,416011000000,-100,false,-0.34
"STB",142114,"/Date(1704698492000)/",29200,5000,14192400,415908000000,-100,false,-0.34
"STB",142114,"/Date(1704698492000)/",29200,300,14187400,415762000000,-100,false,-0.34
"STB",142114,"/Date(1704698492000)/",29200,1200,14187100,415754000000,-100,false,-0.34
"STB",142101,"/Date(1704698480000)/",29200,800,14185900,415719000000,-100,false,-0.34
"STB",142101,"/Date(1704698480000)/",29200,200,14185100,415695000000,-100,false,-0.34
"STB",142101,"/Date(1704698478000)/",29200,1800,14184900,415689000000,-100,false,-0.34
"STB",142101,"/Date(1704698478000)/",29200,3200,14183100,415637000000,-100,false,-0.34
"STB",142055,"/Date(1704698474000)/",29200,2000,14179900,415543000000,-100,false,-0.34
"STB",142049,"/Date(1704698466000)/",29200,4800,14177900,415485000000,-100,false,-0.34
"STB",142049,"/Date(1704698466000)/",29200,1000,14173100,415345000000,-100,false,-0.34
"STB",142049,"/Date(1704698466000)/",29200,100,14172100,415316000000,-100,false,-0.34
"STB",142049,"/Date(1704698466000)/",29200,1100,14172000,415313000000,-100,false,-0.34
"STB",142045,"/Date(1704698465000)/",29200,1000,14170900,415281000000,-100,false,-0.34
"STB",142039,"/Date(1704698459000)/",29150,5000,14169900,415251000000,-150,true,-0.51
"STB",142039,"/Date(1704698458000)/",29200,500,14164900,415106000000,-100,false,-0.34
"STB",142033,"/Date(1704698450000)/",29200,100,14164400,415091000000,-100,false,-0.34
"STB",142029,"/Date(1704698448000)/",29200,2000,14164300,415088000000,-100,false,-0.34
"STB",142029,"/Date(1704698448000)/",29200,100,14162300,415030000000,-100,false,-0.34
"STB",142029,"/Date(1704698447000)/",29200,200,14162200,415027000000,-100,false,-0.34
"STB",142023,"/Date(1704698441000)/",29200,200,14162000,415021000000,-100,false,-0.34
"STB",142020,"/Date(1704698440000)/",29150,500,14161800,415015000000,-150,true,-0.51
"STB",142020,"/Date(1704698440000)/",29150,500,14161300,415001000000,-150,true,-0.51
"STB",142013,"/Date(1704698433000)/",29200,500,14160800,414986000000,-100,false,-0.34
"STB",142007,"/Date(1704698427000)/",29200,600,14160300,414971000000,-100,false,-0.34
"STB",141957,"/Date(1704698417000)/",29200,500,14159700,414954000000,-100,false,-0.34
"STB",141957,"/Date(1704698416000)/",29150,1500,14159200,414939000000,-150,true,-0.51
"STB",141957,"/Date(1704698416000)/",29150,1000,14157700,414896000000,-150,true,-0.51
"STB",141957,"/Date(1704698416000)/",29150,300,14156700,414866000000,-150,true,-0.51
"STB",141948,"/Date(1704698407000)/",29200,10000,14156400,414858000000,-100,false,-0.34
"STB",141948,"/Date(1704698406000)/",29200,5000,14146400,414566000000,-100,false,-0.34
"STB",141948,"/Date(1704698406000)/",29200,300,14141400,414420000000,-100,false,-0.34
"STB",141948,"/Date(1704698406000)/",29200,300,14141100,414411000000,-100,false,-0.34
"STB",141948,"/Date(1704698406000)/",29200,500,14140800,414402000000,-100,false,-0.34
"STB",141948,"/Date(1704698406000)/",29200,1500,14140300,414388000000,-100,false,-0.34
"STB",141948,"/Date(1704698406000)/",29200,300,14138800,414344000000,-100,false,-0.34
"STB",141948,"/Date(1704698406000)/",29200,200,14138500,414335000000,-100,false,-0.34
"STB",141948,"/Date(1704698406000)/",29200,100,14138300,414329000000,-100,false,-0.34
"STB",141945,"/Date(1704698404000)/",29250,400,14138200,414326000000,-50,false,-0.17
"STB",141935,"/Date(1704698395000)/",29200,1000,14137800,414315000000,-100,true,-0.34
"STB",141932,"/Date(1704698392000)/",29200,3900,14136800,414285000000,-100,true,-0.34
"STB",141932,"/Date(1704698392000)/",29200,300,14132900,414171000000,-100,true,-0.34
"STB",141932,"/Date(1704698392000)/",29200,800,14132600,414163000000,-100,true,-0.34
"STB",141929,"/Date(1704698386000)/",29200,500,14131800,414139000000,-100,true,-0.34
"STB",141922,"/Date(1704698380000)/",29200,1500,14131300,414125000000,-100,true,-0.34
"STB",141919,"/Date(1704698378000)/",29200,2200,14129800,414081000000,-100,true,-0.34
"STB",141919,"/Date(1704698378000)/",29200,2800,14127600,414017000000,-100,true,-0.34
"STB",141900,"/Date(1704698357000)/",29200,100,14124800,413935000000,-100,false,-0.34
"STB",141900,"/Date(1704698357000)/",29200,3000,14124700,413932000000,-100,false,-0.34
"STB",141900,"/Date(1704698357000)/",29200,4100,14121700,413844000000,-100,false,-0.34
"STB",141853,"/Date(1704698351000)/",29200,1500,14117600,413725000000,-100,false,-0.34
"STB",141853,"/Date(1704698351000)/",29200,900,14116100,413681000000,-100,false,-0.34
"STB",141850,"/Date(1704698349000)/",29200,1400,14115200,413655000000,-100,false,-0.34
"STB",141847,"/Date(1704698344000)/",29200,100,14113800,413614000000,-100,false,-0.34
"STB",141841,"/Date(1704698339000)/",29200,100,14113700,413611000000,-100,true,-0.34
"STB",141841,"/Date(1704698339000)/",29200,5000,14113600,413608000000,-100,true,-0.34
"STB",141841,"/Date(1704698339000)/",29200,200,14108600,413462000000,-100,true,-0.34
"STB",141841,"/Date(1704698339000)/",29200,1000,14108400,413456000000,-100,true,-0.34
"STB",141841,"/Date(1704698339000)/",29200,200,14107400,413427000000,-100,true,-0.34
"STB",141841,"/Date(1704698339000)/",29200,2500,14107200,413421000000,-100,true,-0.34
"STB",141841,"/Date(1704698339000)/",29200,600,14104700,413348000000,-100,true,-0.34
"STB",141841,"/Date(1704698339000)/",29200,400,14104100,413330000000,-100,true,-0.34
"STB",141837,"/Date(1704698335000)/",29200,1000,14103700,413319000000,-100,true,-0.34
"STB",141834,"/Date(1704698332000)/",29200,1000,14102700,413290000000,-100,true,-0.34
"STB",141834,"/Date(1704698332000)/",29200,3000,14101700,413260000000,-100,true,-0.34
"STB",141831,"/Date(1704698328000)/",29200,12000,14098700,413173000000,-100,true,-0.34
"STB",141831,"/Date(1704698328000)/",29200,500,14086700,412822000000,-100,true,-0.34
"STB",141831,"/Date(1704698328000)/",29200,1500,14086200,412808000000,-100,true,-0.34
"STB",141831,"/Date(1704698328000)/",29200,500,14084700,412764000000,-100,true,-0.34
"STB",141831,"/Date(1704698328000)/",29200,500,14084200,412749000000,-100,true,-0.34
"STB",141825,"/Date(1704698324000)/",29200,500,14083700,412735000000,-100,true,-0.34
"STB",141825,"/Date(1704698324000)/",29200,1000,14083200,412720000000,-100,true,-0.34
"STB",141825,"/Date(1704698324000)/",29200,500,14082200,412691000000,-100,true,-0.34
"STB",141822,"/Date(1704698321000)/",29200,3000,14081700,412676000000,-100,true,-0.34
"STB",141822,"/Date(1704698321000)/",29200,300,14078700,412589000000,-100,true,-0.34
"STB",141822,"/Date(1704698321000)/",29200,5000,14078400,412580000000,-100,true,-0.34
"STB",141822,"/Date(1704698321000)/",29200,5000,14073400,412434000000,-100,true,-0.34
"STB",141822,"/Date(1704698321000)/",29200,100,14068400,412288000000,-100,true,-0.34
"STB",141822,"/Date(1704698321000)/",29200,2600,14068300,412285000000,-100,true,-0.34
"STB",141822,"/Date(1704698321000)/",29200,4000,14065700,412209000000,-100,true,-0.34
"STB",141822,"/Date(1704698320000)/",29200,2000,14061700,412092000000,-100,true,-0.34
"STB",141815,"/Date(1704698313000)/",29200,1000,14059700,412034000000,-100,true,-0.34
"STB",141812,"/Date(1704698312000)/",29250,1000,14058700,412005000000,-50,false,-0.17
"STB",141809,"/Date(1704698308000)/",29250,100,14057700,411976000000,-50,false,-0.17
"STB",141802,"/Date(1704698302000)/",29200,1000,14057600,411973000000,-100,true,-0.34
"STB",141802,"/Date(1704698302000)/",29200,5000,14056600,411943000000,-100,true,-0.34
"STB",141802,"/Date(1704698302000)/",29200,1700,14051600,411797000000,-100,true,-0.34
"STB",141802,"/Date(1704698302000)/",29200,5000,14049900,411748000000,-100,true,-0.34
"STB",141802,"/Date(1704698302000)/",29200,3700,14044900,411602000000,-100,true,-0.34
"STB",141802,"/Date(1704698302000)/",29200,200,14041200,411494000000,-100,true,-0.34
"STB",141802,"/Date(1704698302000)/",29200,100,14041000,411488000000,-100,true,-0.34
"STB",141802,"/Date(1704698302000)/",29200,1000,14040900,411485000000,-100,true,-0.34
"STB",141802,"/Date(1704698302000)/",29200,1000,14039900,411456000000,-100,true,-0.34
"STB",141802,"/Date(1704698302000)/",29200,100,14038900,411427000000,-100,true,-0.34
"STB",141802,"/Date(1704698302000)/",29200,20000,14038800,411424000000,-100,true,-0.34
"STB",141802,"/Date(1704698302000)/",29200,1500,14018800,410840000000,-100,true,-0.34
"STB",141802,"/Date(1704698302000)/",29200,100,14017300,410796000000,-100,true,-0.34
"STB",141802,"/Date(1704698302000)/",29200,5000,14017200,410793000000,-100,true,-0.34
"STB",141802,"/Date(1704698302000)/",29200,100,14012200,410647000000,-100,true,-0.34
"STB",141802,"/Date(1704698302000)/",29200,2000,14012100,410644000000,-100,true,-0.34
"STB",141802,"/Date(1704698302000)/",29200,200,14010100,410586000000,-100,true,-0.34
"STB",141802,"/Date(1704698302000)/",29200,4000,14009900,410580000000,-100,true,-0.34
"STB",141802,"/Date(1704698302000)/",29200,10000,14005900,410463000000,-100,true,-0.34
"STB",141802,"/Date(1704698302000)/",29200,3000,13995900,410171000000,-100,true,-0.34
"STB",141802,"/Date(1704698302000)/",29200,18000,13992900,410083000000,-100,true,-0.34
"STB",141802,"/Date(1704698302000)/",29200,500,13974900,409558000000,-100,true,-0.34
"STB",141802,"/Date(1704698302000)/",29200,100,13974400,409543000000,-100,true,-0.34
"STB",141802,"/Date(1704698302000)/",29200,1000,13974300,409540000000,-100,true,-0.34
"STB",141802,"/Date(1704698302000)/",29200,100,13973300,409511000000,-100,true,-0.34
"STB",141802,"/Date(1704698302000)/",29200,29200,13973200,409508000000,-100,true,-0.34
"STB",141802,"/Date(1704698302000)/",29200,1400,13944000,408656000000,-100,true,-0.34
"STB",141749,"/Date(1704698289000)/",29250,1300,13942600,408615000000,-50,false,-0.17
"STB",141749,"/Date(1704698289000)/",29250,100,13941300,408577000000,-50,false,-0.17
"STB",141749,"/Date(1704698289000)/",29250,1100,13941200,408574000000,-50,false,-0.17
"STB",141749,"/Date(1704698289000)/",29250,100,13940100,408542000000,-50,false,-0.17
"STB",141730,"/Date(1704698270000)/",29250,200,13940000,408539000000,-50,true,-0.17
"STB",141730,"/Date(1704698270000)/",29250,100,13939800,408533000000,-50,true,-0.17
"STB",141724,"/Date(1704698263000)/",29250,300,13939700,408530000000,-50,false,-0.17
"STB",141724,"/Date(1704698263000)/",29250,500,13939400,408521000000,-50,false,-0.17
"STB",141724,"/Date(1704698263000)/",29250,300,13938900,408506000000,-50,false,-0.17
"STB",141724,"/Date(1704698263000)/",29250,800,13938600,408498000000,-50,false,-0.17
"STB",141720,"/Date(1704698259000)/",29250,200,13937800,408474000000,-50,false,-0.17
"STB",141720,"/Date(1704698259000)/",29250,200,13937600,408468000000,-50,false,-0.17
"STB",141720,"/Date(1704698259000)/",29250,1100,13937400,408463000000,-50,false,-0.17
"STB",141714,"/Date(1704698252000)/",29200,1000,13936300,408430000000,-100,true,-0.34
"STB",141704,"/Date(1704698244000)/",29250,100,13935300,408401000000,-50,false,-0.17
"STB",141701,"/Date(1704698238000)/",29250,200,13935200,408398000000,-50,false,-0.17
"STB",141655,"/Date(1704698234000)/",29250,8600,13935000,408392000000,-50,true,-0.17
"STB",141642,"/Date(1704698221000)/",29250,100,13926400,408141000000,-50,false,-0.17
"STB",141642,"/Date(1704698221000)/",29250,1300,13926300,408138000000,-50,false,-0.17
"STB",141642,"/Date(1704698221000)/",29250,1000,13925000,408100000000,-50,false,-0.17
"STB",141642,"/Date(1704698220000)/",29200,600,13924000,408071000000,-100,true,-0.34
"STB",141642,"/Date(1704698220000)/",29200,5000,13923400,408053000000,-100,true,-0.34
"STB",141642,"/Date(1704698220000)/",29200,100,13918400,407907000000,-100,true,-0.34
"STB",141642,"/Date(1704698220000)/",29200,4000,13918300,407904000000,-100,true,-0.34
"STB",141642,"/Date(1704698220000)/",29200,2800,13914300,407787000000,-100,true,-0.34
"STB",141642,"/Date(1704698220000)/",29200,5000,13911500,407706000000,-100,true,-0.34
"STB",141642,"/Date(1704698220000)/",29200,100,13906500,407560000000,-100,true,-0.34
"STB",141639,"/Date(1704698217000)/",29250,1500,13906400,407557000000,-50,false,-0.17
"STB",141636,"/Date(1704698214000)/",29250,50000,13904900,407513000000,-50,true,-0.17
"STB",141636,"/Date(1704698214000)/",29250,100,13854900,406050000000,-50,true,-0.17
"STB",141636,"/Date(1704698214000)/",29250,1800,13854800,406047000000,-50,true,-0.17
"STB",141636,"/Date(1704698214000)/",29250,4000,13853000,405995000000,-50,true,-0.17
"STB",141636,"/Date(1704698214000)/",29250,15000,13849000,405878000000,-50,true,-0.17
"STB",141636,"/Date(1704698214000)/",29250,1900,13834000,405439000000,-50,true,-0.17
"STB",141636,"/Date(1704698214000)/",29250,23400,13832100,405383000000,-50,true,-0.17
"STB",141632,"/Date(1704698210000)/",29250,1200,13808700,404699000000,-50,true,-0.17
"STB",141629,"/Date(1704698209000)/",29250,300,13807500,404664000000,-50,true,-0.17
"STB",141623,"/Date(1704698202000)/",29250,1000,13807200,404655000000,-50,true,-0.17
"STB",141623,"/Date(1704698201000)/",29250,2000,13806200,404626000000,-50,true,-0.17
"STB",141616,"/Date(1704698194000)/",29250,9300,13804200,404567000000,-50,true,-0.17
"STB",141613,"/Date(1704698193000)/",29250,10000,13794900,404295000000,-50,true,-0.17
"STB",141610,"/Date(1704698190000)/",29250,2000,13784900,404003000000,-50,true,-0.17
"STB",141610,"/Date(1704698188000)/",29250,3100,13782900,403944000000,-50,true,-0.17
"STB",141607,"/Date(1704698186000)/",29250,8000,13779800,403854000000,-50,false,-0.17
"STB",141607,"/Date(1704698186000)/",29250,1500,13771800,403620000000,-50,false,-0.17
"STB",141607,"/Date(1704698186000)/",29250,1000,13770300,403576000000,-50,false,-0.17
"STB",141607,"/Date(1704698186000)/",29250,300,13769300,403547000000,-50,false,-0.17
"STB",141607,"/Date(1704698186000)/",29250,200,13769000,403538000000,-50,false,-0.17
"STB",141607,"/Date(1704698186000)/",29250,100,13768800,403532000000,-50,false,-0.17
"STB",141607,"/Date(1704698186000)/",29250,1000,13768700,403529000000,-50,false,-0.17
"STB",141607,"/Date(1704698186000)/",29250,3000,13767700,403500000000,-50,false,-0.17
"STB",141607,"/Date(1704698186000)/",29250,500,13764700,403412000000,-50,false,-0.17
"STB",141607,"/Date(1704698186000)/",29250,100,13764200,403397000000,-50,false,-0.17
"STB",141607,"/Date(1704698186000)/",29250,1000,13764100,403394000000,-50,false,-0.17
"STB",141607,"/Date(1704698186000)/",29250,5000,13763100,403365000000,-50,false,-0.17
"STB",141607,"/Date(1704698186000)/",29250,200,13758100,403219000000,-50,false,-0.17
"STB",141607,"/Date(1704698186000)/",29250,800,13757900,403213000000,-50,false,-0.17
"STB",141607,"/Date(1704698186000)/",29250,200,13757100,403190000000,-50,false,-0.17
"STB",141607,"/Date(1704698186000)/",29250,15000,13756900,403184000000,-50,false,-0.17
"STB",141607,"/Date(1704698186000)/",29250,9800,13741900,402745000000,-50,false,-0.17
"STB",141607,"/Date(1704698185000)/",29250,200,13732100,402458000000,-50,false,-0.17
"STB",141607,"/Date(1704698185000)/",29250,200,13731900,402453000000,-50,false,-0.17
"STB",141607,"/Date(1704698185000)/",29250,100,13731700,402447000000,-50,false,-0.17
"STB",141607,"/Date(1704698185000)/",29250,500,13731600,402444000000,-50,false,-0.17
"STB",141607,"/Date(1704698185000)/",29250,500,13731100,402429000000,-50,false,-0.17
"STB",141607,"/Date(1704698185000)/",29250,19500,13730600,402415000000,-50,false,-0.17
"STB",141600,"/Date(1704698179000)/",29250,20000,13711100,401844000000,-50,false,-0.17
"STB",141557,"/Date(1704698176000)/",29250,20000,13691100,401259000000,-50,false,-0.17
"STB",141554,"/Date(1704698172000)/",29200,700,13671100,400674000000,-100,true,-0.34
"STB",141554,"/Date(1704698172000)/",29200,4300,13670400,400654000000,-100,true,-0.34
"STB",141551,"/Date(1704698171000)/",29250,20000,13666100,400528000000,-50,false,-0.17
"STB",141551,"/Date(1704698170000)/",29250,100,13646100,399943000000,-50,false,-0.17
"STB",141551,"/Date(1704698169000)/",29200,1000,13646000,399940000000,-100,true,-0.34
"STB",141544,"/Date(1704698163000)/",29250,200,13645000,399911000000,-50,false,-0.17
"STB",141544,"/Date(1704698162000)/",29200,100,13644800,399905000000,-100,true,-0.34
"STB",141544,"/Date(1704698162000)/",29200,1000,13644700,399902000000,-100,true,-0.34
"STB",141529,"/Date(1704698148000)/",29200,1000,13643700,399873000000,-100,true,-0.34
"STB",141522,"/Date(1704698141000)/",29200,400,13642700,399844000000,-100,true,-0.34
"STB",141519,"/Date(1704698138000)/",29200,2200,13642300,399832000000,-100,true,-0.34
"STB",141519,"/Date(1704698138000)/",29200,3000,13640100,399768000000,-100,true,-0.34
"STB",141519,"/Date(1704698138000)/",29200,500,13637100,399680000000,-100,true,-0.34
"STB",141519,"/Date(1704698138000)/",29200,500,13636600,399666000000,-100,true,-0.34
"STB",141519,"/Date(1704698138000)/",29200,2000,13636100,399651000000,-100,true,-0.34
"STB",141519,"/Date(1704698138000)/",29200,1500,13634100,399593000000,-100,true,-0.34
"STB",141519,"/Date(1704698138000)/",29200,12100,13632600,399549000000,-100,true,-0.34
"STB",141519,"/Date(1704698138000)/",29250,4600,13620500,399196000000,-50,false,-0.17
"STB",141519,"/Date(1704698138000)/",29250,20000,13615900,399061000000,-50,false,-0.17
"STB",141519,"/Date(1704698138000)/",29250,400,13595900,398476000000,-50,false,-0.17
"STB",141516,"/Date(1704698135000)/",29200,7900,13595500,398464000000,-100,true,-0.34
"STB",141516,"/Date(1704698135000)/",29200,12100,13587600,398234000000,-100,true,-0.34
"STB",141509,"/Date(1704698128000)/",29200,5900,13575500,397880000000,-100,true,-0.34
"STB",141509,"/Date(1704698128000)/",29250,1000,13569600,397708000000,-50,false,-0.17
"STB",141503,"/Date(1704698122000)/",29250,100,13568600,397679000000,-50,false,-0.17
"STB",141503,"/Date(1704698120000)/",29200,1000,13568500,397676000000,-100,true,-0.34
"STB",141457,"/Date(1704698115000)/",29250,3600,13567500,397647000000,-50,false,-0.17
"STB",141453,"/Date(1704698112000)/",29200,5000,13563900,397541000000,-100,true,-0.34
"STB",141453,"/Date(1704698111000)/",29250,100,13558900,397395000000,-50,false,-0.17
"STB",141450,"/Date(1704698107000)/",29250,1000,13558800,397393000000,-50,false,-0.17
"STB",141447,"/Date(1704698105000)/",29200,400,13557800,397363000000,-100,true,-0.34
"STB",141444,"/Date(1704698101000)/",29200,2300,13557400,397352000000,-100,true,-0.34
"STB",141440,"/Date(1704698099000)/",29250,2000,13555100,397284000000,-50,false,-0.17
"STB",141440,"/Date(1704698098000)/",29250,600,13553100,397226000000,-50,false,-0.17
"STB",141434,"/Date(1704698092000)/",29250,100,13552500,397208000000,-50,false,-0.17
"STB",141431,"/Date(1704698090000)/",29250,2000,13552400,397205000000,-50,false,-0.17
"STB",141431,"/Date(1704698089000)/",29200,5000,13550400,397147000000,-100,true,-0.34
"STB",141421,"/Date(1704698081000)/",29200,200,13545400,397001000000,-100,true,-0.34
"STB",141415,"/Date(1704698072000)/",29200,500,13545200,396995000000,-100,true,-0.34
"STB",141408,"/Date(1704698067000)/",29250,20000,13544700,396981000000,-50,false,-0.17
"STB",141405,"/Date(1704698065000)/",29250,1000,13524700,396396000000,-50,false,-0.17
"STB",141352,"/Date(1704698051000)/",29250,100,13523700,396366000000,-50,false,-0.17
"STB",141343,"/Date(1704698041000)/",29200,300,13523600,396363000000,-100,true,-0.34
"STB",141343,"/Date(1704698041000)/",29200,100,13523300,396355000000,-100,true,-0.34
"STB",141330,"/Date(1704698028000)/",29200,5000,13523200,396352000000,-100,true,-0.34
"STB",141311,"/Date(1704698009000)/",29200,300,13518200,396206000000,-100,true,-0.34
"STB",141258,"/Date(1704697997000)/",29200,1700,13517900,396197000000,-100,true,-0.34
"STB",141258,"/Date(1704697997000)/",29200,2000,13516200,396147000000,-100,true,-0.34
"STB",141258,"/Date(1704697997000)/",29200,1300,13514200,396089000000,-100,true,-0.34
"STB",141258,"/Date(1704697995000)/",29250,500,13512900,396051000000,-50,false,-0.17
"STB",141236,"/Date(1704697975000)/",29250,2000,13512400,396036000000,-50,false,-0.17
"STB",141229,"/Date(1704697966000)/",29200,2000,13510400,395978000000,-100,true,-0.34
"STB",141226,"/Date(1704697963000)/",29200,1700,13508400,395919000000,-100,true,-0.34
"STB",141226,"/Date(1704697963000)/",29200,400,13506700,395870000000,-100,true,-0.34
"STB",141226,"/Date(1704697963000)/",29200,2900,13506300,395858000000,-100,true,-0.34
"STB",141204,"/Date(1704697942000)/",29200,2100,13503400,395773000000,-100,true,-0.34
"STB",141204,"/Date(1704697942000)/",29200,7900,13501300,395712000000,-100,true,-0.34
"STB",141201,"/Date(1704697940000)/",29200,600,13493400,395481000000,-100,true,-0.34
"STB",141201,"/Date(1704697940000)/",29200,400,13492800,395464000000,-100,true,-0.34
"STB",141201,"/Date(1704697940000)/",29200,5000,13492400,395452000000,-100,true,-0.34
"STB",141201,"/Date(1704697940000)/",29200,2000,13487400,395306000000,-100,true,-0.34
"STB",141151,"/Date(1704697930000)/",29200,100,13485400,395248000000,-100,true,-0.34
"STB",141141,"/Date(1704697921000)/",29200,2900,13485300,395245000000,-100,true,-0.34
"STB",141141,"/Date(1704697921000)/",29200,200,13482400,395160000000,-100,true,-0.34
"STB",141141,"/Date(1704697921000)/",29200,1900,13482200,395154000000,-100,true,-0.34
"STB",141138,"/Date(1704697917000)/",29200,100,13480300,395099000000,-100,true,-0.34
"STB",141138,"/Date(1704697917000)/",29200,900,13480200,395096000000,-100,true,-0.34
"STB",141116,"/Date(1704697895000)/",29200,4100,13479300,395070000000,-100,true,-0.34
"STB",141116,"/Date(1704697895000)/",29200,5900,13475200,394950000000,-100,true,-0.34
"STB",141106,"/Date(1704697885000)/",29200,500,13469300,394778000000,-100,true,-0.34
"STB",141103,"/Date(1704697882000)/",29200,100,13468800,394763000000,-100,true,-0.34
"STB",141103,"/Date(1704697880000)/",29200,7000,13468700,394760000000,-100,true,-0.34
"STB",141100,"/Date(1704697878000)/",29200,400,13461700,394556000000,-100,true,-0.34
"STB",141100,"/Date(1704697877000)/",29200,100,13461300,394544000000,-100,true,-0.34
"STB",141100,"/Date(1704697877000)/",29200,14200,13461200,394541000000,-100,true,-0.34
"STB",141100,"/Date(1704697877000)/",29200,2000,13447000,394127000000,-100,true,-0.34
"STB",141100,"/Date(1704697877000)/",29200,100,13445000,394068000000,-100,true,-0.34
"STB",141100,"/Date(1704697877000)/",29200,200,13444900,394065000000,-100,true,-0.34
"STB",141100,"/Date(1704697877000)/",29200,2500,13444700,394059000000,-100,true,-0.34
"STB",141100,"/Date(1704697877000)/",29200,1000,13442200,393986000000,-100,true,-0.34
"STB",141100,"/Date(1704697877000)/",29200,2500,13441200,393957000000,-100,true,-0.34
"STB",141100,"/Date(1704697877000)/",29200,1000,13438700,393884000000,-100,true,-0.34
"STB",141100,"/Date(1704697877000)/",29200,30000,13437700,393855000000,-100,true,-0.34
"STB",141100,"/Date(1704697877000)/",29200,1000,13407700,392979000000,-100,true,-0.34
"STB",141100,"/Date(1704697877000)/",29200,200,13406700,392950000000,-100,true,-0.34
"STB",141100,"/Date(1704697877000)/",29200,900,13406500,392944000000,-100,true,-0.34
"STB",141100,"/Date(1704697877000)/",29200,200,13405600,392918000000,-100,true,-0.34
"STB",141100,"/Date(1704697877000)/",29200,100,13405400,392912000000,-100,true,-0.34
"STB",141100,"/Date(1704697877000)/",29200,6000,13405300,392909000000,-100,true,-0.34
"STB",141100,"/Date(1704697877000)/",29200,2000,13399300,392734000000,-100,true,-0.34
"STB",141100,"/Date(1704697877000)/",29200,1000,13397300,392675000000,-100,true,-0.34
"STB",141100,"/Date(1704697877000)/",29200,200,13396300,392646000000,-100,true,-0.34
"STB",141100,"/Date(1704697877000)/",29200,200,13396100,392640000000,-100,true,-0.34
"STB",141100,"/Date(1704697877000)/",29200,5500,13395900,392634000000,-100,true,-0.34
"STB",141100,"/Date(1704697877000)/",29200,200,13390400,392474000000,-100,true,-0.34
"STB",141100,"/Date(1704697877000)/",29200,500,13390200,392468000000,-100,true,-0.34
"STB",141100,"/Date(1704697877000)/",29200,100,13389700,392453000000,-100,true,-0.34
"STB",141100,"/Date(1704697877000)/",29200,100,13389600,392450000000,-100,true,-0.34
"STB",141100,"/Date(1704697877000)/",29200,100,13389500,392448000000,-100,true,-0.34
"STB",141100,"/Date(1704697877000)/",29200,500,13389400,392445000000,-100,true,-0.34
"STB",141100,"/Date(1704697877000)/",29200,1000,13388900,392430000000,-100,true,-0.34
"STB",141100,"/Date(1704697877000)/",29200,1000,13387900,392401000000,-100,true,-0.34
"STB",141100,"/Date(1704697877000)/",29200,200,13386900,392372000000,-100,true,-0.34
"STB",141100,"/Date(1704697877000)/",29200,200,13386700,392366000000,-100,true,-0.34
"STB",141100,"/Date(1704697877000)/",29200,5000,13386500,392360000000,-100,true,-0.34
"STB",141100,"/Date(1704697877000)/",29200,200,13381500,392214000000,-100,true,-0.34
"STB",141100,"/Date(1704697877000)/",29200,15000,13381300,392208000000,-100,true,-0.34
"STB",141100,"/Date(1704697877000)/",29200,5100,13366300,391770000000,-100,true,-0.34
"STB",141056,"/Date(1704697876000)/",29200,100,13361200,391621000000,-100,true,-0.34
"STB",141050,"/Date(1704697869000)/",29200,1400,13361100,391618000000,-100,true,-0.34
"STB",141050,"/Date(1704697868000)/",29200,300,13359700,391577000000,-100,true,-0.34
"STB",141050,"/Date(1704697867000)/",29250,100,13359400,391569000000,-50,false,-0.17
"STB",141034,"/Date(1704697853000)/",29200,500,13359300,391566000000,-100,true,-0.34
"STB",141034,"/Date(1704697852000)/",29200,2600,13358800,391551000000,-100,true,-0.34
"STB",141034,"/Date(1704697852000)/",29200,1000,13356200,391475000000,-100,true,-0.34
"STB",141034,"/Date(1704697852000)/",29200,100,13355200,391446000000,-100,true,-0.34
"STB",141034,"/Date(1704697852000)/",29200,500,13355100,391443000000,-100,true,-0.34
"STB",141034,"/Date(1704697852000)/",29200,500,13354600,391428000000,-100,true,-0.34
"STB",141034,"/Date(1704697852000)/",29200,300,13354100,391414000000,-100,true,-0.34
"STB",141031,"/Date(1704697850000)/",29200,2700,13353800,391405000000,-100,true,-0.34
"STB",141031,"/Date(1704697850000)/",29200,300,13351100,391326000000,-100,true,-0.34
"STB",141028,"/Date(1704697847000)/",29200,100,13350800,391317000000,-100,true,-0.34
"STB",141024,"/Date(1704697844000)/",29250,20000,13350700,391315000000,-50,false,-0.17
"STB",141018,"/Date(1704697836000)/",29200,1100,13330700,390730000000,-100,true,-0.34
"STB",141018,"/Date(1704697836000)/",29200,200,13329600,390697000000,-100,true,-0.34
"STB",141018,"/Date(1704697836000)/",29200,100,13329400,390692000000,-100,true,-0.34
"STB",141018,"/Date(1704697836000)/",29200,1600,13329300,390689000000,-100,true,-0.34
"STB",141008,"/Date(1704697827000)/",29200,5000,13327700,390642000000,-100,true,-0.34
"STB",140949,"/Date(1704697807000)/",29200,3400,13322700,390496000000,-100,true,-0.34
"STB",140949,"/Date(1704697807000)/",29200,600,13319300,390397000000,-100,true,-0.34
"STB",140949,"/Date(1704697807000)/",29200,600,13318700,390379000000,-100,true,-0.34
"STB",140949,"/Date(1704697807000)/",29200,100,13318100,390362000000,-100,true,-0.34
"STB",140949,"/Date(1704697807000)/",29200,300,13318000,390359000000,-100,true,-0.34
"STB",140949,"/Date(1704697806000)/",29200,200,13317700,390350000000,-100,true,-0.34
"STB",140940,"/Date(1704697798000)/",29250,500,13317500,390344000000,-50,false,-0.17
"STB",140933,"/Date(1704697792000)/",29200,4500,13317000,390329000000,-100,true,-0.34
"STB",140933,"/Date(1704697792000)/",29200,1500,13312500,390198000000,-100,true,-0.34
"STB",140933,"/Date(1704697792000)/",29200,1000,13311000,390154000000,-100,true,-0.34
"STB",140933,"/Date(1704697792000)/",29200,3000,13310000,390125000000,-100,true,-0.34
"STB",140933,"/Date(1704697792000)/",29200,100,13307000,390037000000,-100,true,-0.34
"STB",140933,"/Date(1704697792000)/",29200,2000,13306900,390035000000,-100,true,-0.34
"STB",140933,"/Date(1704697792000)/",29200,300,13304900,389976000000,-100,true,-0.34
"STB",140933,"/Date(1704697792000)/",29200,400,13304600,389967000000,-100,true,-0.34
"STB",140933,"/Date(1704697792000)/",29200,500,13304200,389956000000,-100,true,-0.34
"STB",140933,"/Date(1704697792000)/",29200,200,13303700,389941000000,-100,true,-0.34
"STB",140933,"/Date(1704697792000)/",29200,2000,13303500,389935000000,-100,true,-0.34
"STB",140933,"/Date(1704697792000)/",29200,2000,13301500,389877000000,-100,true,-0.34
"STB",140933,"/Date(1704697792000)/",29200,100,13299500,389818000000,-100,true,-0.34
"STB",140933,"/Date(1704697792000)/",29200,1000,13299400,389816000000,-100,true,-0.34
"STB",140933,"/Date(1704697792000)/",29200,1400,13298400,389786000000,-100,true,-0.34
"STB",140930,"/Date(1704697790000)/",29200,3000,13297000,389745000000,-100,true,-0.34
"STB",140927,"/Date(1704697785000)/",29200,100,13294000,389658000000,-100,true,-0.34
"STB",140858,"/Date(1704697756000)/",29200,5500,13293900,389655000000,-100,true,-0.34
"STB",140858,"/Date(1704697756000)/",29200,4000,13288400,389494000000,-100,true,-0.34
"STB",140855,"/Date(1704697755000)/",29200,100,13284400,389378000000,-100,true,-0.34
"STB",140845,"/Date(1704697744000)/",29200,5000,13284300,389375000000,-100,true,-0.34
"STB",140839,"/Date(1704697736000)/",29250,200,13279300,389229000000,-50,false,-0.17
"STB",140829,"/Date(1704697727000)/",29250,500,13279100,389223000000,-50,false,-0.17
"STB",140823,"/Date(1704697722000)/",29200,900,13278600,389208000000,-100,true,-0.34
"STB",140823,"/Date(1704697722000)/",29200,1100,13277700,389182000000,-100,true,-0.34
"STB",140820,"/Date(1704697718000)/",29200,2000,13276600,389150000000,-100,true,-0.34
"STB",140741,"/Date(1704697678000)/",29250,100,13274600,389091000000,-50,false,-0.17
"STB",140728,"/Date(1704697666000)/",29250,100,13274500,389088000000,-50,true,-0.17
"STB",140728,"/Date(1704697666000)/",29250,500,13274400,389086000000,-50,true,-0.17
"STB",140728,"/Date(1704697666000)/",29250,500,13273900,389071000000,-50,true,-0.17
"STB",140728,"/Date(1704697666000)/",29250,5000,13273400,389056000000,-50,true,-0.17
"STB",140728,"/Date(1704697666000)/",29250,300,13268400,388910000000,-50,true,-0.17
"STB",140728,"/Date(1704697666000)/",29250,200,13268100,388901000000,-50,true,-0.17
"STB",140728,"/Date(1704697666000)/",29250,2500,13267900,388895000000,-50,true,-0.17
"STB",140728,"/Date(1704697666000)/",29250,20000,13265400,388822000000,-50,true,-0.17
"STB",140728,"/Date(1704697666000)/",29250,500,13245400,388237000000,-50,true,-0.17
"STB",140728,"/Date(1704697666000)/",29250,100,13244900,388223000000,-50,true,-0.17
"STB",140728,"/Date(1704697666000)/",29250,200,13244800,388220000000,-50,true,-0.17
"STB",140728,"/Date(1704697666000)/",29250,5000,13244600,388214000000,-50,true,-0.17
"STB",140728,"/Date(1704697666000)/",29250,200,13239600,388068000000,-50,true,-0.17
"STB",140728,"/Date(1704697666000)/",29250,2000,13239400,388062000000,-50,true,-0.17
"STB",140728,"/Date(1704697666000)/",29250,100,13237400,388003000000,-50,true,-0.17
"STB",140728,"/Date(1704697666000)/",29250,6900,13237300,388000000000,-50,true,-0.17
"STB",140725,"/Date(1704697663000)/",29250,1500,13230400,387799000000,-50,true,-0.17
"STB",140722,"/Date(1704697662000)/",29250,3700,13228900,387755000000,-50,true,-0.17
"STB",140722,"/Date(1704697660000)/",29250,500,13225200,387646000000,-50,true,-0.17
"STB",140719,"/Date(1704697652000)/",29250,1000,13224700,387632000000,-50,true,-0.17
"STB",140719,"/Date(1704697645000)/",29250,5000,13223700,387603000000,-50,true,-0.17
"STB",140719,"/Date(1704697643000)/",29250,2300,13218700,387456000000,-50,true,-0.17
"STB",140641,"/Date(1704697618000)/",29250,100,13216400,387389000000,-50,true,-0.17
"STB",140634,"/Date(1704697611000)/",29250,100,13216300,387386000000,-50,true,-0.17
"STB",140615,"/Date(1704697592000)/",29250,100,13216200,387383000000,-50,true,-0.17
"STB",140605,"/Date(1704697584000)/",29250,10000,13216100,387380000000,-50,true,-0.17
"STB",140556,"/Date(1704697574000)/",29300,54200,13206100,387088000000,0,false,0
"STB",140556,"/Date(1704697574000)/",29300,100,13151900,385500000000,0,false,0
"STB",140556,"/Date(1704697573000)/",29250,100,13151800,385497000000,-50,true,-0.17
"STB",140553,"/Date(1704697572000)/",29250,8700,13151700,385494000000,-50,true,-0.17
"STB",140553,"/Date(1704697572000)/",29250,1300,13143000,385239000000,-50,true,-0.17
"STB",140521,"/Date(1704697539000)/",29300,10000,13141700,385201000000,0,false,0
"STB",140521,"/Date(1704697538000)/",29250,4700,13131700,384908000000,-50,true,-0.17
"STB",140521,"/Date(1704697538000)/",29250,5000,13127000,384771000000,-50,true,-0.17
"STB",140521,"/Date(1704697538000)/",29250,200,13122000,384625000000,-50,true,-0.17
"STB",140521,"/Date(1704697538000)/",29250,100,13121800,384619000000,-50,true,-0.17
"STB",140514,"/Date(1704697533000)/",29300,500,13121700,384616000000,0,false,0
"STB",140511,"/Date(1704697529000)/",29300,2000,13121200,384601000000,0,false,0
"STB",140508,"/Date(1704697525000)/",29250,1900,13119200,384543000000,-50,true,-0.17
"STB",140508,"/Date(1704697525000)/",29250,1000,13117300,384487000000,-50,true,-0.17
"STB",140508,"/Date(1704697525000)/",29250,1100,13116300,384458000000,-50,true,-0.17
"STB",140501,"/Date(1704697519000)/",29300,10000,13115200,384426000000,0,false,0
"STB",140501,"/Date(1704697518000)/",29250,200,13105200,384133000000,-50,true,-0.17
"STB",140436,"/Date(1704697493000)/",29250,8700,13105000,384127000000,-50,true,-0.17
"STB",140436,"/Date(1704697493000)/",29250,1300,13096300,383872000000,-50,true,-0.17
"STB",140433,"/Date(1704697491000)/",29250,8700,13095000,383834000000,-50,true,-0.17
"STB",140433,"/Date(1704697491000)/",29250,500,13086300,383580000000,-50,true,-0.17
"STB",140433,"/Date(1704697491000)/",29250,800,13085800,383565000000,-50,true,-0.17
"STB",140423,"/Date(1704697482000)/",29250,200,13085000,383542000000,-50,true,-0.17
"STB",140423,"/Date(1704697482000)/",29300,100,13084800,383536000000,0,false,0
"STB",140410,"/Date(1704697469000)/",29300,5500,13084700,383533000000,0,false,0
"STB",140410,"/Date(1704697469000)/",29350,26900,13079200,383372000000,50,false,0.17
"STB",140410,"/Date(1704697469000)/",29350,500,13052300,382582000000,50,false,0.17
"STB",140410,"/Date(1704697469000)/",29350,100,13051800,382568000000,50,false,0.17
"STB",140410,"/Date(1704697469000)/",29350,1800,13051700,382565000000,50,false,0.17
"STB",140410,"/Date(1704697469000)/",29350,2000,13049900,382512000000,50,false,0.17
"STB",140410,"/Date(1704697469000)/",29350,10000,13047900,382453000000,50,false,0.17
"STB",140410,"/Date(1704697469000)/",29350,100,13037900,382160000000,50,false,0.17
"STB",140410,"/Date(1704697469000)/",29350,200,13037800,382157000000,50,false,0.17
"STB",140410,"/Date(1704697469000)/",29350,100,13037600,382151000000,50,false,0.17
"STB",140410,"/Date(1704697469000)/",29350,500,13037500,382148000000,50,false,0.17
"STB",140410,"/Date(1704697469000)/",29350,100,13037000,382133000000,50,false,0.17
"STB",140410,"/Date(1704697469000)/",29350,200,13036900,382130000000,50,false,0.17
"STB",140410,"/Date(1704697469000)/",29350,200,13036700,382124000000,50,false,0.17
"STB",140410,"/Date(1704697469000)/",29350,500,13036500,382119000000,50,false,0.17
"STB",140410,"/Date(1704697469000)/",29350,3500,13036000,382104000000,50,false,0.17
"STB",140407,"/Date(1704697466000)/",29300,800,13032500,382001000000,0,true,0
"STB",140407,"/Date(1704697465000)/",29300,4000,13031700,381978000000,0,true,0
"STB",140407,"/Date(1704697464000)/",29300,500,13027700,381861000000,0,true,0
"STB",140407,"/Date(1704697464000)/",29300,2400,13027200,381846000000,0,true,0
"STB",140407,"/Date(1704697464000)/",29300,6800,13024800,381776000000,0,true,0
"STB",140404,"/Date(1704697463000)/",29300,200,13018000,381576000000,0,false,0
"STB",140404,"/Date(1704697463000)/",29300,800,13017800,381570000000,0,false,0
"STB",140401,"/Date(1704697460000)/",29300,100,13017000,381547000000,0,false,0
"STB",140358,"/Date(1704697456000)/",29300,900,13016900,381544000000,0,false,0
"STB",140358,"/Date(1704697456000)/",29300,1100,13016000,381518000000,0,false,0
"STB",140358,"/Date(1704697456000)/",29300,2000,13014900,381485000000,0,false,0
"STB",140358,"/Date(1704697456000)/",29300,1000,13012900,381427000000,0,false,0
"STB",140358,"/Date(1704697456000)/",29300,1000,13011900,381398000000,0,false,0
"STB",140358,"/Date(1704697456000)/",29300,2600,13010900,381368000000,0,false,0
"STB",140358,"/Date(1704697456000)/",29300,2400,13008300,381292000000,0,false,0
"STB",140358,"/Date(1704697456000)/",29300,200,13005900,381222000000,0,false,0
"STB",140358,"/Date(1704697456000)/",29300,800,13005700,381216000000,0,false,0
"STB",140351,"/Date(1704697450000)/",29300,200,13004900,381192000000,0,false,0
"STB",140351,"/Date(1704697449000)/",29300,500,13004700,381187000000,0,false,0
"STB",140345,"/Date(1704697442000)/",29300,8500,13004200,381172000000,0,false,0
"STB",140345,"/Date(1704697442000)/",29300,200,12995700,380923000000,0,false,0
"STB",140345,"/Date(1704697442000)/",29300,1300,12995500,380917000000,0,false,0
"STB",140329,"/Date(1704697428000)/",29300,1000,12994200,380879000000,0,false,0
"STB",140322,"/Date(1704697420000)/",29300,1000,12993200,380850000000,0,false,0
"STB",140322,"/Date(1704697420000)/",29300,200,12992200,380820000000,0,false,0
"STB",140322,"/Date(1704697420000)/",29300,1500,12992000,380814000000,0,false,0
"STB",140319,"/Date(1704697418000)/",29300,500,12990500,380771000000,0,true,0
"STB",140319,"/Date(1704697418000)/",29300,500,12990000,380756000000,0,true,0
"STB",140316,"/Date(1704697415000)/",29300,1500,12989500,380741000000,0,true,0
"STB",140316,"/Date(1704697415000)/",29300,1000,12988000,380697000000,0,true,0
"STB",140316,"/Date(1704697415000)/",29300,5000,12987000,380668000000,0,true,0
"STB",140316,"/Date(1704697415000)/",29300,20000,12982000,380521000000,0,true,0
"STB",140316,"/Date(1704697415000)/",29300,2500,12962000,379935000000,0,true,0
"STB",140313,"/Date(1704697410000)/",29300,700,12959500,379862000000,0,true,0
"STB",140310,"/Date(1704697407000)/",29300,500,12958800,379842000000,0,true,0
"STB",140306,"/Date(1704697406000)/",29350,400,12958300,379827000000,50,false,0.17
"STB",140306,"/Date(1704697406000)/",29350,100,12957900,379815000000,50,false,0.17
"STB",140306,"/Date(1704697404000)/",29300,500,12957800,379812000000,0,true,0
"STB",140300,"/Date(1704697399000)/",29300,800,12957300,379798000000,0,true,0
"STB",140300,"/Date(1704697399000)/",29300,200,12956500,379774000000,0,true,0
"STB",140300,"/Date(1704697397000)/",29300,2700,12956300,379768000000,0,true,0
"STB",140257,"/Date(1704697395000)/",29300,1000,12953600,379689000000,0,true,0
"STB",140254,"/Date(1704697392000)/",29300,1000,12952600,379660000000,0,true,0
"STB",140241,"/Date(1704697381000)/",29300,5000,12951600,379631000000,0,true,0
"STB",140241,"/Date(1704697378000)/",29300,200,12946600,379484000000,0,true,0
"STB",140241,"/Date(1704697378000)/",29300,4000,12946400,379478000000,0,true,0
"STB",140234,"/Date(1704697374000)/",29300,2000,12942400,379361000000,0,true,0
"STB",140231,"/Date(1704697369000)/",29350,500,12940400,379303000000,50,false,0.17
"STB",140231,"/Date(1704697369000)/",29350,500,12939900,379288000000,50,false,0.17
"STB",140231,"/Date(1704697369000)/",29350,5000,12939400,379273000000,50,false,0.17
"STB",140231,"/Date(1704697369000)/",29350,400,12934400,379126000000,50,false,0.17
"STB",140231,"/Date(1704697369000)/",29350,200,12934000,379115000000,50,false,0.17
"STB",140231,"/Date(1704697369000)/",29350,1000,12933800,379109000000,50,false,0.17
"STB",140231,"/Date(1704697369000)/",29350,1000,12932800,379080000000,50,false,0.17
"STB",140231,"/Date(1704697369000)/",29350,1000,12931800,379050000000,50,false,0.17
"STB",140231,"/Date(1704697369000)/",29350,100,12930800,379021000000,50,false,0.17
"STB",140231,"/Date(1704697369000)/",29350,300,12930700,379018000000,50,false,0.17
"STB",140228,"/Date(1704697368000)/",29300,1000,12930400,379009000000,0,false,0
"STB",140228,"/Date(1704697366000)/",29300,5000,12929400,378980000000,0,false,0
"STB",140228,"/Date(1704697366000)/",29300,5000,12924400,378833000000,0,false,0
"STB",140228,"/Date(1704697366000)/",29300,200,12919400,378687000000,0,false,0
"STB",140228,"/Date(1704697366000)/",29300,5000,12919200,378681000000,0,false,0
"STB",140228,"/Date(1704697366000)/",29300,300,12914200,378534000000,0,false,0
"STB",140228,"/Date(1704697366000)/",29300,100,12913900,378526000000,0,false,0
"STB",140228,"/Date(1704697366000)/",29300,300,12913800,378523000000,0,false,0
"STB",140228,"/Date(1704697366000)/",29300,5000,12913500,378514000000,0,false,0
"STB",140228,"/Date(1704697366000)/",29300,1000,12908500,378367000000,0,false,0
"STB",140228,"/Date(1704697366000)/",29300,200,12907500,378338000000,0,false,0
"STB",140228,"/Date(1704697366000)/",29300,3000,12907300,378332000000,0,false,0
"STB",140228,"/Date(1704697366000)/",29300,4700,12904300,378244000000,0,false,0
"STB",140228,"/Date(1704697366000)/",29300,300,12899600,378107000000,0,false,0
"STB",140228,"/Date(1704697366000)/",29300,9300,12899300,378098000000,0,false,0
"STB",140228,"/Date(1704697366000)/",29300,2700,12890000,377825000000,0,false,0
"STB",140218,"/Date(1704697358000)/",29300,1000,12887300,377746000000,0,false,0
"STB",140218,"/Date(1704697358000)/",29300,1500,12886300,377717000000,0,false,0
"STB",140209,"/Date(1704697346000)/",29300,500,12884800,377673000000,0,false,0
"STB",140206,"/Date(1704697346000)/",29300,1000,12884300,377658000000,0,false,0
"STB",140203,"/Date(1704697342000)/",29300,5000,12883300,377629000000,0,false,0
"STB",140156,"/Date(1704697336000)/",29300,13300,12878300,377483000000,0,false,0
"STB",140156,"/Date(1704697336000)/",29300,6000,12865000,377093000000,0,false,0
"STB",140156,"/Date(1704697336000)/",29300,1000,12859000,376917000000,0,false,0
"STB",140156,"/Date(1704697336000)/",29300,1000,12858000,376888000000,0,false,0
"STB",140156,"/Date(1704697336000)/",29300,100,12857000,376858000000,0,false,0
"STB",140156,"/Date(1704697336000)/",29300,500,12856900,376856000000,0,false,0
"STB",140156,"/Date(1704697336000)/",29300,1500,12856400,376841000000,0,false,0
"STB",140156,"/Date(1704697336000)/",29300,300,12854900,376797000000,0,false,0
"STB",140156,"/Date(1704697336000)/",29300,1000,12854600,376788000000,0,false,0
"STB",140156,"/Date(1704697336000)/",29300,500,12853600,376759000000,0,false,0
"STB",140156,"/Date(1704697336000)/",29300,200,12853100,376744000000,0,false,0
"STB",140156,"/Date(1704697336000)/",29300,100,12852900,376738000000,0,false,0
"STB",140156,"/Date(1704697336000)/",29300,100,12852800,376735000000,0,false,0
"STB",140156,"/Date(1704697336000)/",29300,1000,12852700,376732000000,0,false,0
"STB",140156,"/Date(1704697336000)/",29300,1000,12851700,376703000000,0,false,0
"STB",140156,"/Date(1704697336000)/",29300,400,12850700,376674000000,0,false,0
"STB",140153,"/Date(1704697332000)/",29300,200,12850300,376662000000,0,false,0
"STB",140153,"/Date(1704697331000)/",29300,400,12850100,376656000000,0,false,0
"STB",140153,"/Date(1704697331000)/",29300,100,12849700,376645000000,0,false,0
"STB",140150,"/Date(1704697330000)/",29300,400,12849600,376642000000,0,false,0
"STB",140150,"/Date(1704697330000)/",29300,600,12849200,376630000000,0,false,0
"STB",140150,"/Date(1704697328000)/",29250,5000,12848600,376612000000,-50,true,-0.17
"STB",140147,"/Date(1704697324000)/",29300,10400,12843600,376466000000,0,false,0
"STB",140147,"/Date(1704697324000)/",29300,3000,12833200,376161000000,0,false,0
"STB",140147,"/Date(1704697324000)/",29300,500,12830200,376073000000,0,false,0
"STB",140147,"/Date(1704697324000)/",29300,1000,12829700,376059000000,0,false,0
"STB",140147,"/Date(1704697324000)/",29300,8000,12828700,376030000000,0,false,0
"STB",140147,"/Date(1704697324000)/",29300,100,12820700,375795000000,0,false,0
"STB",140147,"/Date(1704697324000)/",29300,900,12820600,375792000000,0,false,0
"STB",140147,"/Date(1704697324000)/",29300,100,12819700,375766000000,0,false,0
"STB",140147,"/Date(1704697324000)/",29250,6000,12819600,375763000000,-50,false,-0.17
"STB",140143,"/Date(1704697321000)/",29250,100,12813600,375587000000,-50,true,-0.17
"STB",140143,"/Date(1704697321000)/",29250,100,12813500,375584000000,-50,true,-0.17
"STB",140143,"/Date(1704697321000)/",29250,13900,12813400,375582000000,-50,true,-0.17
"STB",140143,"/Date(1704697321000)/",29250,100,12799500,375175000000,-50,true,-0.17
"STB",140143,"/Date(1704697321000)/",29250,5000,12799400,375172000000,-50,true,-0.17
"STB",140143,"/Date(1704697321000)/",29250,2000,12794400,375026000000,-50,true,-0.17
"STB",140143,"/Date(1704697321000)/",29250,1000,12792400,374967000000,-50,true,-0.17
"STB",140143,"/Date(1704697321000)/",29250,1000,12791400,374938000000,-50,true,-0.17
"STB",140143,"/Date(1704697321000)/",29250,300,12790400,374909000000,-50,true,-0.17
"STB",140143,"/Date(1704697321000)/",29250,1000,12790100,374900000000,-50,true,-0.17
"STB",140143,"/Date(1704697321000)/",29250,10000,12789100,374871000000,-50,true,-0.17
"STB",140143,"/Date(1704697321000)/",29250,9500,12779100,374578000000,-50,true,-0.17
"STB",140140,"/Date(1704697319000)/",29300,400,12769600,374300000000,0,false,0
"STB",140140,"/Date(1704697319000)/",29300,500,12769200,374289000000,0,false,0
"STB",140140,"/Date(1704697319000)/",29300,3500,12768700,374274000000,0,false,0
"STB",140140,"/Date(1704697319000)/",29300,3000,12765200,374171000000,0,false,0
"STB",140140,"/Date(1704697319000)/",29300,500,12762200,374084000000,0,false,0
"STB",140140,"/Date(1704697319000)/",29300,3000,12761700,374069000000,0,false,0
"STB",140140,"/Date(1704697319000)/",29300,200,12758700,373981000000,0,false,0
"STB",140140,"/Date(1704697319000)/",29300,1000,12758500,373975000000,0,false,0
"STB",140140,"/Date(1704697319000)/",29300,100,12757500,373946000000,0,false,0
"STB",140140,"/Date(1704697319000)/",29300,100,12757400,373943000000,0,false,0
"STB",140140,"/Date(1704697319000)/",29300,100,12757300,373940000000,0,false,0
"STB",140140,"/Date(1704697319000)/",29300,1500,12757200,373937000000,0,false,0
"STB",140140,"/Date(1704697319000)/",29300,1000,12755700,373893000000,0,false,0
"STB",140140,"/Date(1704697319000)/",29300,500,12754700,373864000000,0,false,0
"STB",140140,"/Date(1704697319000)/",29300,500,12754200,373849000000,0,false,0
"STB",140140,"/Date(1704697319000)/",29300,500,12753700,373835000000,0,false,0
"STB",140140,"/Date(1704697319000)/",29300,500,12753200,373820000000,0,false,0
"STB",140140,"/Date(1704697319000)/",29300,100,12752700,373805000000,0,false,0
"STB",140140,"/Date(1704697319000)/",29300,100,12752600,373802000000,0,false,0
"STB",140140,"/Date(1704697319000)/",29300,100,12752500,373799000000,0,false,0
"STB",140140,"/Date(1704697319000)/",29300,200,12752400,373796000000,0,false,0
"STB",140140,"/Date(1704697319000)/",29300,300,12752200,373791000000,0,false,0
"STB",140140,"/Date(1704697319000)/",29300,300,12751900,373782000000,0,false,0
"STB",140140,"/Date(1704697319000)/",29300,1500,12751600,373773000000,0,false,0
"STB",140140,"/Date(1704697319000)/",29300,2000,12750100,373729000000,0,false,0
"STB",140140,"/Date(1704697319000)/",29300,200,12748100,373670000000,0,false,0
"STB",140140,"/Date(1704697319000)/",29300,2000,12747900,373665000000,0,false,0
"STB",140140,"/Date(1704697319000)/",29300,5000,12745900,373606000000,0,false,0
"STB",140140,"/Date(1704697319000)/",29300,93300,12740900,373459000000,0,false,0
"STB",140140,"/Date(1704697319000)/",29300,6700,12647600,370726000000,0,false,0
"STB",140140,"/Date(1704697319000)/",29300,2000,12640900,370529000000,0,false,0
"STB",140140,"/Date(1704697319000)/",29300,1300,12638900,370471000000,0,false,0
"STB",140134,"/Date(1704697313000)/",29300,700,12637600,370433000000,0,false,0
"STB",140134,"/Date(1704697313000)/",29300,100,12636900,370412000000,0,false,0
"STB",140134,"/Date(1704697313000)/",29300,100,12636800,370409000000,0,false,0
"STB",140134,"/Date(1704697313000)/",29300,1000,12636700,370406000000,0,false,0
"STB",140134,"/Date(1704697313000)/",29300,1000,12635700,370377000000,0,false,0
"STB",140134,"/Date(1704697313000)/",29300,1900,12634700,370348000000,0,false,0
"STB",140134,"/Date(1704697313000)/",29300,200,12632800,370292000000,0,false,0
"STB",140134,"/Date(1704697312000)/",29250,500,12632600,370286000000,-50,true,-0.17
"STB",140134,"/Date(1704697312000)/",29250,1000,12632100,370272000000,-50,true,-0.17
"STB",140134,"/Date(1704697312000)/",29250,18500,12631100,370242000000,-50,true,-0.17
"STB",140131,"/Date(1704697310000)/",29300,100,12612600,369701000000,0,false,0
"STB",140131,"/Date(1704697310000)/",29300,500,12612500,369698000000,0,false,0
"STB",140131,"/Date(1704697310000)/",29300,5000,12612000,369684000000,0,false,0
"STB",140131,"/Date(1704697310000)/",29300,500,12607000,369537000000,0,false,0
"STB",140131,"/Date(1704697310000)/",29300,10000,12606500,369523000000,0,false,0
"STB",140131,"/Date(1704697310000)/",29300,2000,12596500,369230000000,0,false,0
"STB",140131,"/Date(1704697310000)/",29300,1700,12594500,369171000000,0,false,0
"STB",140131,"/Date(1704697310000)/",29300,100,12592800,369121000000,0,false,0
"STB",140131,"/Date(1704697310000)/",29300,2500,12592700,369118000000,0,false,0
"STB",140131,"/Date(1704697310000)/",29300,3000,12590200,369045000000,0,false,0
"STB",140131,"/Date(1704697310000)/",29300,100,12587200,368957000000,0,false,0
"STB",140131,"/Date(1704697310000)/",29300,3000,12587100,368954000000,0,false,0
"STB",140131,"/Date(1704697310000)/",29300,5000,12584100,368866000000,0,false,0
"STB",140131,"/Date(1704697310000)/",29300,1100,12579100,368720000000,0,false,0
"STB",140131,"/Date(1704697310000)/",29300,500,12578000,368688000000,0,false,0
"STB",140131,"/Date(1704697310000)/",29300,500,12577500,368673000000,0,false,0
"STB",140131,"/Date(1704697310000)/",29300,500,12577000,368658000000,0,false,0
"STB",140131,"/Date(1704697310000)/",29300,100,12576500,368644000000,0,false,0
"STB",140131,"/Date(1704697310000)/",29300,2000,12576400,368641000000,0,false,0
"STB",140131,"/Date(1704697310000)/",29300,100,12574400,368582000000,0,false,0
"STB",140131,"/Date(1704697310000)/",29300,100000,12574300,368579000000,0,false,0
"STB",140131,"/Date(1704697310000)/",29300,200,12474300,365649000000,0,false,0
"STB",140131,"/Date(1704697310000)/",29300,3000,12474100,365643000000,0,false,0
"STB",140131,"/Date(1704697310000)/",29300,2000,12471100,365555000000,0,false,0
"STB",140131,"/Date(1704697310000)/",29300,1400,12469100,365497000000,0,false,0
"STB",140131,"/Date(1704697310000)/",29300,300,12467700,365456000000,0,false,0
"STB",140131,"/Date(1704697310000)/",29300,1500,12467400,365447000000,0,false,0
"STB",140131,"/Date(1704697310000)/",29300,300,12465900,365403000000,0,false,0
"STB",140131,"/Date(1704697310000)/",29300,300,12465600,365394000000,0,false,0
"STB",140131,"/Date(1704697310000)/",29300,100,12465300,365385000000,0,false,0
"STB",140131,"/Date(1704697310000)/",29300,100,12465200,365382000000,0,false,0
"STB",140131,"/Date(1704697310000)/",29300,200,12465100,365380000000,0,false,0
"STB",140131,"/Date(1704697310000)/",29300,1000,12464900,365374000000,0,false,0
"STB",140131,"/Date(1704697310000)/",29300,900,12463900,365344000000,0,false,0
"STB",140131,"/Date(1704697310000)/",29300,5000,12463000,365318000000,0,false,0
"STB",140131,"/Date(1704697310000)/",29300,500,12458000,365172000000,0,false,0
"STB",140131,"/Date(1704697310000)/",29300,1000,12457500,365157000000,0,false,0
"STB",140131,"/Date(1704697310000)/",29300,400,12456500,365128000000,0,false,0
"STB",140131,"/Date(1704697310000)/",29300,200,12456100,365116000000,0,false,0
"STB",140131,"/Date(1704697310000)/",29300,100,12455900,365110000000,0,false,0
"STB",140131,"/Date(1704697310000)/",29300,10000,12455800,365107000000,0,false,0
"STB",140131,"/Date(1704697310000)/",29300,100,12445800,364814000000,0,false,0
"STB",140131,"/Date(1704697310000)/",29300,1000,12445700,364811000000,0,false,0
"STB",140131,"/Date(1704697310000)/",29300,500,12444700,364782000000,0,false,0
"STB",140131,"/Date(1704697310000)/",29300,300,12444200,364767000000,0,false,0
"STB",140131,"/Date(1704697310000)/",29300,1000,12443900,364758000000,0,false,0
"STB",140131,"/Date(1704697310000)/",29300,500,12442900,364729000000,0,false,0
"STB",140131,"/Date(1704697310000)/",29300,1000,12442400,364714000000,0,false,0
"STB",140131,"/Date(1704697310000)/",29300,300,12441400,364685000000,0,false,0
"STB",140131,"/Date(1704697310000)/",29300,14000,12441100,364676000000,0,false,0
"STB",140131,"/Date(1704697310000)/",29300,1000,12427100,364266000000,0,false,0
"STB",140131,"/Date(1704697310000)/",29300,1000,12426100,364237000000,0,false,0
"STB",140131,"/Date(1704697310000)/",29300,100,12425100,364208000000,0,false,0
"STB",140131,"/Date(1704697310000)/",29300,1000,12425000,364205000000,0,false,0
"STB",140131,"/Date(1704697310000)/",29300,1000,12424000,364175000000,0,false,0
"STB",140131,"/Date(1704697310000)/",29300,300,12423000,364146000000,0,false,0
"STB",140131,"/Date(1704697310000)/",29300,400,12422700,364137000000,0,false,0
"STB",140131,"/Date(1704697310000)/",29300,2000,12422300,364126000000,0,false,0
"STB",140131,"/Date(1704697310000)/",29300,700,12420300,364067000000,0,false,0
"STB",140131,"/Date(1704697310000)/",29300,700,12419600,364046000000,0,false,0
"STB",140131,"/Date(1704697310000)/",29300,1000,12418900,364026000000,0,false,0
"STB",140131,"/Date(1704697310000)/",29300,3000,12417900,363997000000,0,false,0
"STB",140131,"/Date(1704697310000)/",29300,1000,12414900,363909000000,0,false,0
"STB",140131,"/Date(1704697310000)/",29300,300,12413900,363879000000,0,false,0
"STB",140131,"/Date(1704697310000)/",29300,300,12413600,363871000000,0,false,0
"STB",140131,"/Date(1704697310000)/",29300,500,12413300,363862000000,0,false,0
"STB",140131,"/Date(1704697310000)/",29300,2000,12412800,363847000000,0,false,0
"STB",140131,"/Date(1704697310000)/",29300,200,12410800,363789000000,0,false,0
"STB",140131,"/Date(1704697310000)/",29300,2900,12410600,363783000000,0,false,0
"STB",140131,"/Date(1704697310000)/",29300,5000,12407700,363698000000,0,false,0
"STB",140131,"/Date(1704697310000)/",29300,3600,12402700,363551000000,0,false,0
"STB",140131,"/Date(1704697310000)/",29300,500,12399100,363446000000,0,false,0
"STB",140131,"/Date(1704697310000)/",29300,2000,12398600,363431000000,0,false,0
"STB",140131,"/Date(1704697310000)/",29300,100,12396600,363372000000,0,false,0
"STB",140131,"/Date(1704697310000)/",29300,100,12396500,363370000000,0,false,0
"STB",140131,"/Date(1704697310000)/",29300,1500,12396400,363367000000,0,false,0
"STB",140131,"/Date(1704697310000)/",29300,10000,12394900,363323000000,0,false,0
"STB",140131,"/Date(1704697310000)/",29300,1000,12384900,363030000000,0,false,0
"STB",140131,"/Date(1704697310000)/",29300,1000,12383900,363000000000,0,false,0
"STB",140131,"/Date(1704697310000)/",29300,100,12382900,362971000000,0,false,0
"STB",140131,"/Date(1704697310000)/",29300,1000,12382800,362968000000,0,false,0
"STB",140131,"/Date(1704697310000)/",29300,19200,12381800,362939000000,0,false,0
"STB",140121,"/Date(1704697300000)/",29250,700,12362600,362376000000,-50,true,-0.17
"STB",140111,"/Date(1704697291000)/",29250,6800,12361900,362356000000,-50,true,-0.17
"STB",140108,"/Date(1704697286000)/",29250,2000,12355100,362157000000,-50,true,-0.17
"STB",140105,"/Date(1704697285000)/",29250,100,12353100,362098000000,-50,true,-0.17
"STB",140102,"/Date(1704697282000)/",29300,30000,12353000,362095000000,0,false,0
"STB",140059,"/Date(1704697279000)/",29250,50000,12323000,361216000000,-50,true,-0.17
"STB",140049,"/Date(1704697269000)/",29250,5000,12273000,359754000000,-50,true,-0.17
"STB",140049,"/Date(1704697268000)/",29300,500,12268000,359608000000,0,false,0
"STB",140043,"/Date(1704697262000)/",29300,300,12267500,359593000000,0,false,0
"STB",140043,"/Date(1704697262000)/",29300,600,12267200,359584000000,0,false,0
"STB",140043,"/Date(1704697262000)/",29300,19100,12266600,359567000000,0,false,0
"STB",140039,"/Date(1704697257000)/",29300,5000,12247500,359007000000,0,false,0
"STB",140033,"/Date(1704697252000)/",29250,3000,12242500,358861000000,-50,true,-0.17
"STB",140030,"/Date(1704697249000)/",29250,2000,12239500,358773000000,-50,true,-0.17
"STB",140030,"/Date(1704697249000)/",29250,1000,12237500,358714000000,-50,true,-0.17
"STB",140030,"/Date(1704697249000)/",29250,8100,12236500,358685000000,-50,true,-0.17
"STB",140030,"/Date(1704697249000)/",29250,2800,12228400,358448000000,-50,true,-0.17
"STB",140023,"/Date(1704697243000)/",29250,3000,12225600,358366000000,-50,false,-0.17
"STB",140023,"/Date(1704697242000)/",29250,100,12222600,358279000000,-50,false,-0.17
"STB",140017,"/Date(1704697236000)/",29250,1000,12222500,358276000000,-50,false,-0.17
"STB",140007,"/Date(1704697225000)/",29250,1000,12221500,358246000000,-50,true,-0.17
"STB",140007,"/Date(1704697225000)/",29250,100,12220500,358217000000,-50,true,-0.17
"STB",140007,"/Date(1704697225000)/",29250,17000,12220400,358214000000,-50,true,-0.17
"STB",140007,"/Date(1704697225000)/",29250,300,12203400,357717000000,-50,true,-0.17
"STB",140007,"/Date(1704697225000)/",29250,5000,12203100,357708000000,-50,true,-0.17
"STB",140007,"/Date(1704697225000)/",29250,10000,12198100,357562000000,-50,true,-0.17
"STB",140007,"/Date(1704697225000)/",29250,1000,12188100,357269000000,-50,true,-0.17
"STB",140007,"/Date(1704697225000)/",29250,800,12187100,357240000000,-50,true,-0.17
"STB",140007,"/Date(1704697225000)/",29250,1000,12186300,357217000000,-50,true,-0.17
"STB",140007,"/Date(1704697225000)/",29250,100,12185300,357187000000,-50,true,-0.17
"STB",140007,"/Date(1704697225000)/",29250,500,12185200,357185000000,-50,true,-0.17
"STB",140007,"/Date(1704697225000)/",29250,100,12184700,357170000000,-50,true,-0.17
"STB",140007,"/Date(1704697225000)/",29250,500,12184600,357167000000,-50,true,-0.17
"STB",140007,"/Date(1704697225000)/",29250,9000,12184100,357152000000,-50,true,-0.17
"STB",140007,"/Date(1704697225000)/",29250,500,12175100,356889000000,-50,true,-0.17
"STB",140007,"/Date(1704697225000)/",29250,15000,12174600,356875000000,-50,true,-0.17
"STB",140007,"/Date(1704697225000)/",29250,10000,12159600,356436000000,-50,true,-0.17
"STB",140007,"/Date(1704697225000)/",29250,7700,12149600,356143000000,-50,true,-0.17
"STB",140007,"/Date(1704697225000)/",29250,200,12141900,355918000000,-50,true,-0.17
"STB",140007,"/Date(1704697225000)/",29250,200,12141700,355912000000,-50,true,-0.17
"STB",140007,"/Date(1704697225000)/",29250,200,12141500,355906000000,-50,true,-0.17
"STB",140007,"/Date(1704697225000)/",29250,100,12141300,355900000000,-50,true,-0.17
"STB",140007,"/Date(1704697225000)/",29250,700,12141200,355898000000,-50,true,-0.17
"STB",140007,"/Date(1704697225000)/",29250,1000,12140500,355877000000,-50,true,-0.17
"STB",140007,"/Date(1704697225000)/",29250,2000,12139500,355848000000,-50,true,-0.17
"STB",140007,"/Date(1704697225000)/",29250,9100,12137500,355789000000,-50,true,-0.17
"STB",140007,"/Date(1704697225000)/",29300,200,12128400,355523000000,0,false,0
"STB",135955,"/Date(1704697213000)/",29250,5000,12128200,355517000000,-50,true,-0.17
"STB",135945,"/Date(1704697203000)/",29300,3000,12123200,355371000000,0,false,0
"STB",135942,"/Date(1704697200000)/",29250,9200,12120200,355283000000,-50,true,-0.17
"STB",135935,"/Date(1704697193000)/",29300,300,12111000,355014000000,0,false,0
"STB",135910,"/Date(1704697169000)/",29300,1000,12110700,355005000000,0,false,0
"STB",135903,"/Date(1704697162000)/",29300,1000,12109700,354976000000,0,false,0
"STB",135903,"/Date(1704697161000)/",29250,5000,12108700,354947000000,-50,true,-0.17
"STB",135847,"/Date(1704697145000)/",29300,5000,12103700,354800000000,0,false,0
"STB",135841,"/Date(1704697139000)/",29300,100,12098700,354654000000,0,false,0
"STB",135838,"/Date(1704697137000)/",29250,1500,12098600,354651000000,-50,true,-0.17
"STB",135828,"/Date(1704697128000)/",29250,500,12097100,354607000000,-50,true,-0.17
"STB",135828,"/Date(1704697127000)/",29300,500,12096600,354592000000,0,false,0
"STB",135828,"/Date(1704697125000)/",29300,300,12096100,354578000000,0,false,0
"STB",135825,"/Date(1704697125000)/",29300,500,12095800,354569000000,0,false,0
"STB",135825,"/Date(1704697123000)/",29250,3200,12095300,354554000000,-50,true,-0.17
"STB",135822,"/Date(1704697121000)/",29250,500,12092100,354461000000,-50,true,-0.17
"STB",135815,"/Date(1704697115000)/",29300,1000,12091600,354446000000,0,false,0
"STB",135815,"/Date(1704697114000)/",29300,500,12090600,354417000000,0,false,0
"STB",135815,"/Date(1704697113000)/",29300,300,12090100,354402000000,0,false,0
"STB",135809,"/Date(1704697108000)/",29300,1000,12089800,354393000000,0,false,0
"STB",135809,"/Date(1704697108000)/",29300,2400,12088800,354364000000,0,false,0
"STB",135809,"/Date(1704697107000)/",29300,100,12086400,354294000000,0,false,0
"STB",135803,"/Date(1704697102000)/",29300,200,12086300,354291000000,0,false,0
"STB",135756,"/Date(1704697095000)/",29300,1100,12086100,354285000000,0,false,0
"STB",135750,"/Date(1704697089000)/",29300,5000,12085000,354253000000,0,false,0
"STB",135750,"/Date(1704697088000)/",29300,1000,12080000,354106000000,0,false,0
"STB",135743,"/Date(1704697083000)/",29300,1000,12079000,354077000000,0,false,0
"STB",135737,"/Date(1704697074000)/",29250,500,12078000,354048000000,-50,true,-0.17
"STB",135727,"/Date(1704697066000)/",29250,5000,12077500,354033000000,-50,true,-0.17
"STB",135724,"/Date(1704697064000)/",29250,500,12072500,353887000000,-50,true,-0.17
"STB",135724,"/Date(1704697064000)/",29250,600,12072000,353872000000,-50,true,-0.17
"STB",135724,"/Date(1704697064000)/",29250,500,12071400,353855000000,-50,true,-0.17
"STB",135724,"/Date(1704697064000)/",29250,200,12070900,353840000000,-50,true,-0.17
"STB",135724,"/Date(1704697064000)/",29250,200,12070700,353834000000,-50,true,-0.17
"STB",135724,"/Date(1704697064000)/",29250,5000,12070500,353828000000,-50,true,-0.17
"STB",135724,"/Date(1704697064000)/",29250,7100,12065500,353682000000,-50,true,-0.17
"STB",135724,"/Date(1704697063000)/",29250,2900,12058400,353474000000,-50,true,-0.17
"STB",135724,"/Date(1704697063000)/",29250,500,12055500,353390000000,-50,true,-0.17
"STB",135724,"/Date(1704697063000)/",29250,100,12055000,353375000000,-50,true,-0.17
"STB",135724,"/Date(1704697063000)/",29250,1500,12054900,353372000000,-50,true,-0.17
"STB",135724,"/Date(1704697062000)/",29250,3000,12053400,353328000000,-50,true,-0.17
"STB",135721,"/Date(1704697061000)/",29250,100,12050400,353240000000,-50,false,-0.17
"STB",135721,"/Date(1704697061000)/",29250,400,12050300,353237000000,-50,false,-0.17
"STB",135721,"/Date(1704697061000)/",29250,100,12049900,353226000000,-50,false,-0.17
"STB",135721,"/Date(1704697061000)/",29250,1000,12049800,353223000000,-50,false,-0.17
"STB",135721,"/Date(1704697061000)/",29250,100,12048800,353194000000,-50,false,-0.17
"STB",135721,"/Date(1704697061000)/",29250,400,12048700,353191000000,-50,false,-0.17
"STB",135721,"/Date(1704697061000)/",29250,600,12048300,353179000000,-50,false,-0.17
"STB",135721,"/Date(1704697061000)/",29250,100,12047700,353161000000,-50,false,-0.17
"STB",135721,"/Date(1704697061000)/",29250,4300,12047600,353158000000,-50,false,-0.17
"STB",135721,"/Date(1704697061000)/",29250,100,12043300,353033000000,-50,false,-0.17
"STB",135721,"/Date(1704697061000)/",29250,5600,12043200,353030000000,-50,false,-0.17
"STB",135721,"/Date(1704697061000)/",29250,100,12037600,352866000000,-50,false,-0.17
"STB",135721,"/Date(1704697061000)/",29250,2000,12037500,352863000000,-50,false,-0.17
"STB",135721,"/Date(1704697061000)/",29250,200,12035500,352805000000,-50,false,-0.17
"STB",135721,"/Date(1704697061000)/",29250,500,12035300,352799000000,-50,false,-0.17
"STB",135721,"/Date(1704697061000)/",29250,600,12034800,352784000000,-50,false,-0.17
"STB",135721,"/Date(1704697060000)/",29250,1300,12034200,352767000000,-50,false,-0.17
"STB",135721,"/Date(1704697060000)/",29250,7200,12032900,352729000000,-50,false,-0.17
"STB",135721,"/Date(1704697058000)/",29250,68700,12025700,352518000000,-50,false,-0.17
"STB",135718,"/Date(1704697058000)/",29250,1700,11957000,350508000000,-50,false,-0.17
"STB",135708,"/Date(1704697048000)/",29250,20500,11955300,350459000000,-50,false,-0.17
"STB",135708,"/Date(1704697048000)/",29250,1000,11934800,349859000000,-50,false,-0.17
"STB",135708,"/Date(1704697048000)/",29250,2000,11933800,349830000000,-50,false,-0.17
"STB",135708,"/Date(1704697048000)/",29250,3000,11931800,349771000000,-50,false,-0.17
"STB",135708,"/Date(1704697048000)/",29250,300,11928800,349684000000,-50,false,-0.17
"STB",135708,"/Date(1704697048000)/",29250,700,11928500,349675000000,-50,false,-0.17
"STB",135708,"/Date(1704697048000)/",29250,1400,11927800,349654000000,-50,false,-0.17
"STB",135708,"/Date(1704697048000)/",29250,100,11926400,349613000000,-50,false,-0.17
"STB",135708,"/Date(1704697048000)/",29250,100000,11926300,349610000000,-50,false,-0.17
"STB",135708,"/Date(1704697048000)/",29250,1000,11826300,346685000000,-50,false,-0.17
"STB",135649,"/Date(1704697029000)/",29200,5000,11825300,346656000000,-100,true,-0.34
"STB",135643,"/Date(1704697023000)/",29200,1200,11820300,346510000000,-100,true,-0.34
"STB",135639,"/Date(1704697018000)/",29200,10000,11819100,346475000000,-100,false,-0.34
"STB",135639,"/Date(1704697018000)/",29200,500,11809100,346183000000,-100,false,-0.34
"STB",135639,"/Date(1704697018000)/",29200,100,11808600,346169000000,-100,false,-0.34
"STB",135639,"/Date(1704697018000)/",29200,100,11808500,346166000000,-100,false,-0.34
"STB",135639,"/Date(1704697018000)/",29200,5000,11808400,346163000000,-100,false,-0.34
"STB",135639,"/Date(1704697018000)/",29200,2400,11803400,346017000000,-100,false,-0.34
"STB",135639,"/Date(1704697018000)/",29200,1000,11801000,345947000000,-100,false,-0.34
"STB",135639,"/Date(1704697018000)/",29200,100,11800000,345917000000,-100,false,-0.34
"STB",135639,"/Date(1704697018000)/",29200,500,11799900,345915000000,-100,false,-0.34
"STB",135639,"/Date(1704697018000)/",29200,5000,11799400,345900000000,-100,false,-0.34
"STB",135639,"/Date(1704697018000)/",29200,2000,11794400,345754000000,-100,false,-0.34
"STB",135639,"/Date(1704697018000)/",29200,100,11792400,345696000000,-100,false,-0.34
"STB",135639,"/Date(1704697018000)/",29200,10000,11792300,345693000000,-100,false,-0.34
"STB",135639,"/Date(1704697018000)/",29200,300,11782300,345401000000,-100,false,-0.34
"STB",135639,"/Date(1704697018000)/",29200,2000,11782000,345392000000,-100,false,-0.34
"STB",135639,"/Date(1704697018000)/",29200,500,11780000,345333000000,-100,false,-0.34
"STB",135639,"/Date(1704697018000)/",29200,2100,11779500,345319000000,-100,false,-0.34
"STB",135639,"/Date(1704697018000)/",29200,1500,11777400,345258000000,-100,false,-0.34
"STB",135639,"/Date(1704697018000)/",29200,1400,11775900,345214000000,-100,false,-0.34
"STB",135639,"/Date(1704697018000)/",29200,100,11774500,345173000000,-100,false,-0.34
"STB",135639,"/Date(1704697018000)/",29200,5000,11774400,345170000000,-100,false,-0.34
"STB",135639,"/Date(1704697018000)/",29200,100,11769400,345024000000,-100,false,-0.34
"STB",135639,"/Date(1704697018000)/",29200,1000,11769300,345021000000,-100,false,-0.34
"STB",135639,"/Date(1704697018000)/",29200,2000,11768300,344992000000,-100,false,-0.34
"STB",135639,"/Date(1704697018000)/",29200,3000,11766300,344933000000,-100,false,-0.34
"STB",135639,"/Date(1704697018000)/",29200,10000,11763300,344846000000,-100,false,-0.34
"STB",135639,"/Date(1704697018000)/",29200,6000,11753300,344554000000,-100,false,-0.34
"STB",135639,"/Date(1704697018000)/",29200,200,11747300,344379000000,-100,false,-0.34
"STB",135639,"/Date(1704697018000)/",29200,500,11747100,344373000000,-100,false,-0.34
"STB",135639,"/Date(1704697018000)/",29200,5000,11746600,344358000000,-100,false,-0.34
"STB",135639,"/Date(1704697018000)/",29200,1000,11741600,344212000000,-100,false,-0.34
"STB",135639,"/Date(1704697018000)/",29200,2000,11740600,344183000000,-100,false,-0.34
"STB",135639,"/Date(1704697018000)/",29200,100,11738600,344125000000,-100,false,-0.34
"STB",135639,"/Date(1704697018000)/",29200,1000,11738500,344122000000,-100,false,-0.34
"STB",135639,"/Date(1704697018000)/",29200,1800,11737500,344092000000,-100,false,-0.34
"STB",135639,"/Date(1704697018000)/",29200,500,11735700,344040000000,-100,false,-0.34
"STB",135639,"/Date(1704697018000)/",29200,200,11735200,344025000000,-100,false,-0.34
"STB",135639,"/Date(1704697018000)/",29200,1000,11735000,344019000000,-100,false,-0.34
"STB",135639,"/Date(1704697018000)/",29200,200,11734000,343990000000,-100,false,-0.34
"STB",135639,"/Date(1704697018000)/",29200,86500,11733800,343984000000,-100,false,-0.34
"STB",135639,"/Date(1704697017000)/",29200,3000,11647300,341459000000,-100,false,-0.34
"STB",135639,"/Date(1704697017000)/",29200,500,11644300,341371000000,-100,false,-0.34
"STB",135636,"/Date(1704697015000)/",29200,500,11643800,341356000000,-100,false,-0.34
"STB",135633,"/Date(1704697012000)/",29200,5000,11643300,341342000000,-100,false,-0.34
"STB",135633,"/Date(1704697011000)/",29200,4500,11638300,341196000000,-100,false,-0.34
"STB",135633,"/Date(1704697011000)/",29200,1000,11633800,341064000000,-100,false,-0.34
"STB",135633,"/Date(1704697011000)/",29200,2000,11632800,341035000000,-100,false,-0.34
"STB",135633,"/Date(1704697011000)/",29200,500,11630800,340977000000,-100,false,-0.34
"STB",135633,"/Date(1704697011000)/",29200,500,11630300,340962000000,-100,false,-0.34
"STB",135633,"/Date(1704697011000)/",29200,1000,11629800,340948000000,-100,false,-0.34
"STB",135633,"/Date(1704697011000)/",29200,100,11628800,340918000000,-100,false,-0.34
"STB",135633,"/Date(1704697011000)/",29200,400,11628700,340916000000,-100,false,-0.34
"STB",135630,"/Date(1704697008000)/",29200,200,11628300,340904000000,-100,false,-0.34
"STB",135630,"/Date(1704697007000)/",29200,5000,11628100,340898000000,-100,false,-0.34
"STB",135623,"/Date(1704697001000)/",29200,15500,11623100,340752000000,-100,false,-0.34
"STB",135623,"/Date(1704697001000)/",29200,800,11607600,340299000000,-100,false,-0.34
"STB",135601,"/Date(1704696979000)/",29200,500,11606800,340276000000,-100,false,-0.34
"STB",135548,"/Date(1704696968000)/",29200,900,11606300,340261000000,-100,false,-0.34
"STB",135545,"/Date(1704696962000)/",29150,5000,11605400,340235000000,-150,true,-0.51
"STB",135532,"/Date(1704696952000)/",29200,10000,11600400,340089000000,-100,false,-0.34
"STB",135523,"/Date(1704696941000)/",29200,10000,11590400,339797000000,-100,false,-0.34
"STB",135520,"/Date(1704696937000)/",29200,500,11580400,339505000000,-100,false,-0.34
"STB",135504,"/Date(1704696923000)/",29200,2000,11579900,339491000000,-100,false,-0.34
"STB",135454,"/Date(1704696912000)/",29200,200,11577900,339432000000,-100,false,-0.34
"STB",135451,"/Date(1704696910000)/",29200,4000,11577700,339427000000,-100,false,-0.34
"STB",135451,"/Date(1704696909000)/",29200,50000,11573700,339310000000,-100,false,-0.34
"STB",135419,"/Date(1704696879000)/",29200,200,11523700,337850000000,-100,false,-0.34
"STB",135409,"/Date(1704696866000)/",29150,1100,11523500,337844000000,-150,true,-0.51
"STB",135406,"/Date(1704696865000)/",29150,500,11522400,337812000000,-150,true,-0.51
"STB",135403,"/Date(1704696863000)/",29150,1000,11521900,337797000000,-150,true,-0.51
"STB",135403,"/Date(1704696862000)/",29150,500,11520900,337768000000,-150,true,-0.51
"STB",135403,"/Date(1704696861000)/",29150,800,11520400,337754000000,-150,true,-0.51
"STB",135356,"/Date(1704696856000)/",29150,11000,11519600,337730000000,-150,true,-0.51
"STB",135350,"/Date(1704696849000)/",29150,1400,11508600,337410000000,-150,true,-0.51
"STB",135350,"/Date(1704696849000)/",29150,3600,11507200,337369000000,-150,true,-0.51
"STB",135350,"/Date(1704696849000)/",29150,400,11503600,337264000000,-150,true,-0.51
"STB",135334,"/Date(1704696831000)/",29150,100,11503200,337252000000,-150,true,-0.51
"STB",135325,"/Date(1704696821000)/",29150,100,11503100,337249000000,-150,true,-0.51
"STB",135253,"/Date(1704696792000)/",29150,200,11503000,337246000000,-150,false,-0.51
"STB",135253,"/Date(1704696791000)/",29150,600,11502800,337241000000,-150,false,-0.51
"STB",135249,"/Date(1704696788000)/",29150,1400,11502200,337223000000,-150,false,-0.51
"STB",135249,"/Date(1704696788000)/",29150,2000,11500800,337182000000,-150,false,-0.51
"STB",135249,"/Date(1704696788000)/",29150,3000,11498800,337124000000,-150,false,-0.51
"STB",135249,"/Date(1704696788000)/",29150,300,11495800,337036000000,-150,false,-0.51
"STB",135249,"/Date(1704696788000)/",29150,3000,11495500,337028000000,-150,false,-0.51
"STB",135249,"/Date(1704696788000)/",29150,4000,11492500,336940000000,-150,false,-0.51
"STB",135249,"/Date(1704696788000)/",29150,400,11488500,336824000000,-150,false,-0.51
"STB",135249,"/Date(1704696788000)/",29150,100,11488100,336812000000,-150,false,-0.51
"STB",135249,"/Date(1704696788000)/",29150,500,11488000,336809000000,-150,false,-0.51
"STB",135249,"/Date(1704696788000)/",29150,10000,11487500,336795000000,-150,false,-0.51
"STB",135249,"/Date(1704696788000)/",29150,500,11477500,336503000000,-150,false,-0.51
"STB",135249,"/Date(1704696788000)/",29150,5000,11477000,336488000000,-150,false,-0.51
"STB",135249,"/Date(1704696788000)/",29150,600,11472000,336343000000,-150,false,-0.51
"STB",135249,"/Date(1704696788000)/",29150,500,11471400,336325000000,-150,false,-0.51
"STB",135249,"/Date(1704696788000)/",29150,200,11470900,336311000000,-150,false,-0.51
"STB",135249,"/Date(1704696788000)/",29150,100,11470700,336305000000,-150,false,-0.51
"STB",135249,"/Date(1704696788000)/",29150,5000,11470600,336302000000,-150,false,-0.51
"STB",135249,"/Date(1704696788000)/",29150,900,11465600,336156000000,-150,false,-0.51
"STB",135249,"/Date(1704696788000)/",29150,12500,11464700,336130000000,-150,false,-0.51
"STB",135249,"/Date(1704696787000)/",29150,500,11452200,335766000000,-150,false,-0.51
"STB",135243,"/Date(1704696783000)/",29100,100,11451700,335751000000,-200,true,-0.68
"STB",135243,"/Date(1704696783000)/",29150,2000,11451600,335748000000,-150,false,-0.51
"STB",135243,"/Date(1704696781000)/",29100,2500,11449600,335690000000,-200,true,-0.68
"STB",135243,"/Date(1704696781000)/",29100,1000,11447100,335617000000,-200,true,-0.68
"STB",135237,"/Date(1704696776000)/",29100,1000,11446100,335588000000,-200,true,-0.68
"STB",135227,"/Date(1704696766000)/",29150,1000,11445100,335559000000,-150,false,-0.51
"STB",135224,"/Date(1704696763000)/",29100,7400,11444100,335530000000,-200,true,-0.68
"STB",135221,"/Date(1704696759000)/",29150,600,11436700,335314000000,-150,false,-0.51
"STB",135221,"/Date(1704696758000)/",29100,200,11436100,335297000000,-200,true,-0.68
"STB",135217,"/Date(1704696757000)/",29100,5000,11435900,335291000000,-200,true,-0.68
"STB",135217,"/Date(1704696755000)/",29150,10000,11430900,335145000000,-150,false,-0.51
"STB",135208,"/Date(1704696745000)/",29150,200,11420900,334854000000,-150,false,-0.51
"STB",135155,"/Date(1704696733000)/",29150,1000,11420700,334848000000,-150,false,-0.51
"STB",135146,"/Date(1704696723000)/",29100,300,11419700,334819000000,-200,true,-0.68
"STB",135133,"/Date(1704696712000)/",29100,5000,11419400,334810000000,-200,true,-0.68
"STB",135133,"/Date(1704696711000)/",29100,12000,11414400,334665000000,-200,true,-0.68
"STB",135133,"/Date(1704696711000)/",29100,500,11402400,334316000000,-200,true,-0.68
"STB",135133,"/Date(1704696711000)/",29100,500,11401900,334301000000,-200,true,-0.68
"STB",135133,"/Date(1704696711000)/",29100,1000,11401400,334286000000,-200,true,-0.68
"STB",135133,"/Date(1704696711000)/",29100,600,11400400,334257000000,-200,true,-0.68
"STB",135117,"/Date(1704696697000)/",29150,20000,11399800,334240000000,-150,false,-0.51
"STB",135107,"/Date(1704696687000)/",29150,200,11379800,333657000000,-150,false,-0.51
"STB",135058,"/Date(1704696676000)/",29150,100,11379600,333651000000,-150,false,-0.51
"STB",135058,"/Date(1704696675000)/",29150,1900,11379500,333648000000,-150,false,-0.51
"STB",135058,"/Date(1704696675000)/",29150,1000,11377600,333593000000,-150,false,-0.51
"STB",135058,"/Date(1704696675000)/",29150,1000,11376600,333564000000,-150,false,-0.51
"STB",135058,"/Date(1704696675000)/",29150,500,11375600,333534000000,-150,false,-0.51
"STB",135058,"/Date(1704696675000)/",29150,600,11375100,333520000000,-150,false,-0.51
"STB",135054,"/Date(1704696672000)/",29100,1400,11374500,333502000000,-200,true,-0.68
"STB",135054,"/Date(1704696672000)/",29100,3600,11373100,333462000000,-200,true,-0.68
"STB",135022,"/Date(1704696643000)/",29100,5000,11369500,333357000000,-200,true,-0.68
"STB",135003,"/Date(1704696622000)/",29150,100,11364500,333211000000,-150,false,-0.51
"STB",134951,"/Date(1704696611000)/",29150,1300,11364400,333209000000,-150,false,-0.51
"STB",134951,"/Date(1704696611000)/",29150,1500,11363100,333171000000,-150,false,-0.51
"STB",134951,"/Date(1704696611000)/",29150,100,11361600,333127000000,-150,false,-0.51
"STB",134951,"/Date(1704696611000)/",29150,1000,11361500,333124000000,-150,false,-0.51
"STB",134951,"/Date(1704696611000)/",29150,1000,11360500,333095000000,-150,false,-0.51
"STB",134951,"/Date(1704696611000)/",29150,5100,11359500,333066000000,-150,false,-0.51
"STB",134944,"/Date(1704696601000)/",29150,100,11354400,332917000000,-150,false,-0.51
"STB",134915,"/Date(1704696574000)/",29100,1400,11354300,332914000000,-200,true,-0.68
"STB",134915,"/Date(1704696574000)/",29100,600,11352900,332873000000,-200,true,-0.68
"STB",134906,"/Date(1704696565000)/",29100,100,11352300,332856000000,-200,true,-0.68
