"Stockcode","Package","TradingDate","Price","Vol","TotalVol","TotalVal","Change","IsBuy","PerChange"
"VCG",144446,"/Date(1704699900000)/",24950,362000,8577600,214881000000,150,false,0.6
"VCG",142937,"/Date(1704698995000)/",24950,5000,8215600,205849000000,150,false,0.6
"VCG",142924,"/Date(1704698982000)/",24950,800,8210600,205724000000,150,false,0.6
"VCG",142924,"/Date(1704698982000)/",24950,200,8209800,205704000000,150,false,0.6
"VCG",142921,"/Date(1704698981000)/",24950,300,8209600,205699000000,150,false,0.6
"VCG",142921,"/Date(1704698981000)/",24950,500,8209300,205692000000,150,false,0.6
"VCG",142921,"/Date(1704698981000)/",24950,200,8208800,205679000000,150,false,0.6
"VCG",142921,"/Date(1704698980000)/",24900,300,8208600,205674000000,100,true,0.4
"VCG",142921,"/Date(1704698980000)/",24950,500,8208300,205667000000,150,false,0.6
"VCG",142918,"/Date(1704698978000)/",24900,2500,8207800,205654000000,100,true,0.4
"VCG",142905,"/Date(1704698965000)/",24950,3000,8205300,205592000000,150,false,0.6
"VCG",142902,"/Date(1704698961000)/",24950,3000,8202300,205517000000,150,false,0.6
"VCG",142856,"/Date(1704698955000)/",24950,200,8199300,205442000000,150,false,0.6
"VCG",142853,"/Date(1704698950000)/",24950,1000,8199100,205437000000,150,false,0.6
"VCG",142846,"/Date(1704698945000)/",24950,900,8198100,205412000000,150,false,0.6
"VCG",142846,"/Date(1704698943000)/",24900,200,8197200,205390000000,100,true,0.4
"VCG",142840,"/Date(1704698939000)/",24950,8000,8197000,205385000000,150,false,0.6
"VCG",142840,"/Date(1704698938000)/",24900,2700,8189000,205185000000,100,true,0.4
"VCG",142840,"/Date(1704698938000)/",24950,1000,8186300,205118000000,150,false,0.6
"VCG",142830,"/Date(1704698930000)/",24950,2200,8185300,205093000000,150,false,0.6
"VCG",142830,"/Date(1704698930000)/",24950,2500,8183100,205038000000,150,false,0.6
"VCG",142830,"/Date(1704698930000)/",24950,2000,8180600,204976000000,150,false,0.6
"VCG",142830,"/Date(1704698930000)/",24950,1900,8178600,204926000000,150,false,0.6
"VCG",142821,"/Date(1704698920000)/",24900,600,8176700,204878000000,100,true,0.4
"VCG",142814,"/Date(1704698913000)/",24950,100,8176100,204864000000,150,false,0.6
"VCG",142814,"/Date(1704698913000)/",24900,4000,8176000,204861000000,100,true,0.4
"VCG",142808,"/Date(1704698906000)/",24900,8300,8172000,204761000000,100,true,0.4
"VCG",142808,"/Date(1704698906000)/",24900,500,8163700,204555000000,100,true,0.4
"VCG",142808,"/Date(1704698906000)/",24900,1000,8163200,204542000000,100,true,0.4
"VCG",142808,"/Date(1704698906000)/",24900,3000,8162200,204517000000,100,true,0.4
"VCG",142808,"/Date(1704698906000)/",24900,200,8159200,204443000000,100,true,0.4
"VCG",142808,"/Date(1704698906000)/",24900,2000,8159000,204438000000,100,true,0.4
"VCG",142808,"/Date(1704698906000)/",24900,1000,8157000,204388000000,100,true,0.4
"VCG",142758,"/Date(1704698898000)/",24900,500,8156000,204363000000,100,true,0.4
"VCG",142758,"/Date(1704698898000)/",24900,500,8155500,204351000000,100,true,0.4
"VCG",142758,"/Date(1704698898000)/",24900,400,8155000,204338000000,100,true,0.4
"VCG",142758,"/Date(1704698898000)/",24900,100,8154600,204328000000,100,true,0.4
"VCG",142758,"/Date(1704698898000)/",24900,500,8154500,204326000000,100,true,0.4
"VCG",142758,"/Date(1704698895000)/",24900,500,8154000,204313000000,100,true,0.4
"VCG",142758,"/Date(1704698895000)/",24900,1000,8153500,204301000000,100,true,0.4
"VCG",142758,"/Date(1704698895000)/",24900,1000,8152500,204276000000,100,true,0.4
"VCG",142758,"/Date(1704698895000)/",24950,800,8151500,204251000000,150,true,0.6
"VCG",142752,"/Date(1704698891000)/",25000,1200,8150700,204231000000,200,false,0.81
"VCG",142749,"/Date(1704698889000)/",24950,200,8149500,204201000000,150,true,0.6
"VCG",142749,"/Date(1704698889000)/",24950,1800,8149300,204196000000,150,true,0.6
"VCG",142742,"/Date(1704698880000)/",24950,1000,8147500,204151000000,150,false,0.6
"VCG",142742,"/Date(1704698880000)/",24950,200,8146500,204126000000,150,false,0.6
"VCG",142742,"/Date(1704698880000)/",24950,3000,8146300,204121000000,150,false,0.6
"VCG",142742,"/Date(1704698880000)/",24950,4000,8143300,204046000000,150,false,0.6
"VCG",142742,"/Date(1704698880000)/",24900,2000,8139300,203947000000,100,true,0.4
"VCG",142739,"/Date(1704698877000)/",24950,800,8137300,203897000000,150,false,0.6
"VCG",142739,"/Date(1704698877000)/",24950,200,8136500,203877000000,150,false,0.6
"VCG",142739,"/Date(1704698877000)/",24950,300,8136300,203872000000,150,false,0.6
"VCG",142736,"/Date(1704698875000)/",24950,200,8136000,203864000000,150,false,0.6
"VCG",142736,"/Date(1704698875000)/",24950,100,8135800,203859000000,150,false,0.6
"VCG",142736,"/Date(1704698875000)/",24950,1700,8135700,203857000000,150,false,0.6
"VCG",142733,"/Date(1704698872000)/",24900,200,8134000,203814000000,100,true,0.4
"VCG",142733,"/Date(1704698871000)/",24900,2000,8133800,203809000000,100,true,0.4
"VCG",142733,"/Date(1704698870000)/",24950,1000,8131800,203760000000,150,false,0.6
"VCG",142729,"/Date(1704698870000)/",24950,100,8130800,203735000000,150,false,0.6
"VCG",142729,"/Date(1704698869000)/",24950,200,8130700,203732000000,150,false,0.6
"VCG",142729,"/Date(1704698869000)/",24950,300,8130500,203727000000,150,false,0.6
"VCG",142729,"/Date(1704698869000)/",24950,1000,8130200,203720000000,150,false,0.6
"VCG",142729,"/Date(1704698869000)/",24950,100,8129200,203695000000,150,false,0.6
"VCG",142729,"/Date(1704698869000)/",24950,400,8129100,203692000000,150,false,0.6
"VCG",142729,"/Date(1704698869000)/",24950,200,8128700,203682000000,150,false,0.6
"VCG",142723,"/Date(1704698862000)/",24950,100,8128500,203677000000,150,false,0.6
"VCG",142723,"/Date(1704698862000)/",24900,800,8128400,203675000000,100,true,0.4
"VCG",142723,"/Date(1704698862000)/",24900,100,8127600,203655000000,100,true,0.4
"VCG",142723,"/Date(1704698862000)/",24900,1100,8127500,203652000000,100,true,0.4
"VCG",142723,"/Date(1704698860000)/",24950,2400,8126400,203625000000,150,false,0.6
"VCG",142723,"/Date(1704698860000)/",24950,600,8124000,203565000000,150,false,0.6
"VCG",142720,"/Date(1704698858000)/",24950,200,8123400,203550000000,150,false,0.6
"VCG",142717,"/Date(1704698854000)/",24950,6000,8123200,203545000000,150,false,0.6
"VCG",142713,"/Date(1704698853000)/",24950,100,8117200,203395000000,150,false,0.6
"VCG",142713,"/Date(1704698852000)/",24900,900,8117100,203393000000,100,true,0.4
"VCG",142713,"/Date(1704698852000)/",24900,1000,8116200,203371000000,100,true,0.4
"VCG",142713,"/Date(1704698852000)/",24900,100,8115200,203346000000,100,true,0.4
"VCG",142713,"/Date(1704698851000)/",24900,200,8115100,203343000000,100,true,0.4
"VCG",142713,"/Date(1704698851000)/",24900,100,8114900,203338000000,100,true,0.4
"VCG",142713,"/Date(1704698851000)/",24900,200,8114800,203336000000,100,true,0.4
"VCG",142710,"/Date(1704698849000)/",24950,5000,8114600,203331000000,150,false,0.6
"VCG",142710,"/Date(1704698847000)/",24950,200,8109600,203206000000,150,false,0.6
"VCG",142707,"/Date(1704698846000)/",24950,100,8109400,203201000000,150,false,0.6
"VCG",142704,"/Date(1704698843000)/",24900,800,8109300,203198000000,100,true,0.4
"VCG",142704,"/Date(1704698843000)/",24900,500,8108500,203179000000,100,true,0.4
"VCG",142704,"/Date(1704698843000)/",24900,200,8108000,203166000000,100,true,0.4
"VCG",142704,"/Date(1704698843000)/",24900,500,8107800,203161000000,100,true,0.4
"VCG",142704,"/Date(1704698842000)/",24900,300,8107300,203149000000,100,true,0.4
"VCG",142704,"/Date(1704698842000)/",24900,2000,8107000,203141000000,100,true,0.4
"VCG",142704,"/Date(1704698842000)/",24900,500,8105000,203091000000,100,true,0.4
"VCG",142704,"/Date(1704698842000)/",24900,300,8104500,203079000000,100,true,0.4
"VCG",142657,"/Date(1704698837000)/",24950,200,8104200,203071000000,150,false,0.6
"VCG",142654,"/Date(1704698834000)/",24900,2000,8104000,203067000000,100,true,0.4
"VCG",142648,"/Date(1704698826000)/",24950,100,8102000,203017000000,150,false,0.6
"VCG",142648,"/Date(1704698825000)/",24900,700,8101900,203014000000,100,true,0.4
"VCG",142648,"/Date(1704698825000)/",24900,100,8101200,202997000000,100,true,0.4
"VCG",142645,"/Date(1704698825000)/",24900,100,8101100,202994000000,100,true,0.4
"VCG",142645,"/Date(1704698825000)/",24900,1000,8101000,202992000000,100,true,0.4
"VCG",142645,"/Date(1704698825000)/",24900,100,8100000,202967000000,100,true,0.4
"VCG",142645,"/Date(1704698825000)/",24950,5000,8099900,202964000000,150,false,0.6
"VCG",142638,"/Date(1704698816000)/",24900,600,8094900,202840000000,100,true,0.4
"VCG",142638,"/Date(1704698816000)/",24900,200,8094300,202825000000,100,true,0.4
"VCG",142638,"/Date(1704698816000)/",24900,100,8094100,202820000000,100,true,0.4
"VCG",142638,"/Date(1704698816000)/",24900,200,8094000,202817000000,100,true,0.4
"VCG",142638,"/Date(1704698816000)/",24900,900,8093800,202812000000,100,true,0.4
"VCG",142635,"/Date(1704698813000)/",24950,100,8092900,202790000000,150,true,0.6
"VCG",142635,"/Date(1704698813000)/",24950,500,8092800,202787000000,150,true,0.6
"VCG",142635,"/Date(1704698813000)/",24950,200,8092300,202775000000,150,true,0.6
"VCG",142635,"/Date(1704698813000)/",24950,1700,8092100,202770000000,150,true,0.6
"VCG",142632,"/Date(1704698812000)/",24950,1000,8090400,202727000000,150,true,0.6
"VCG",142632,"/Date(1704698810000)/",24950,2800,8089400,202703000000,150,true,0.6
"VCG",142629,"/Date(1704698807000)/",24950,2000,8086600,202633000000,150,true,0.6
"VCG",142622,"/Date(1704698800000)/",24950,2500,8084600,202583000000,150,false,0.6
"VCG",142619,"/Date(1704698799000)/",24900,3000,8082100,202520000000,100,true,0.4
"VCG",142619,"/Date(1704698798000)/",24900,2000,8079100,202446000000,100,true,0.4
"VCG",142619,"/Date(1704698797000)/",24950,100,8077100,202396000000,150,false,0.6
"VCG",142616,"/Date(1704698795000)/",24950,100,8077000,202393000000,150,false,0.6
"VCG",142613,"/Date(1704698792000)/",24950,400,8076900,202391000000,150,false,0.6
"VCG",142613,"/Date(1704698792000)/",24950,500,8076500,202381000000,150,false,0.6
"VCG",142613,"/Date(1704698792000)/",24950,500,8076000,202368000000,150,false,0.6
"VCG",142613,"/Date(1704698792000)/",24950,200,8075500,202356000000,150,false,0.6
"VCG",142613,"/Date(1704698791000)/",24950,200,8075300,202351000000,150,false,0.6
"VCG",142613,"/Date(1704698791000)/",24950,100,8075100,202346000000,150,false,0.6
"VCG",142609,"/Date(1704698789000)/",24900,2000,8075000,202344000000,100,true,0.4
"VCG",142600,"/Date(1704698779000)/",24900,100,8073000,202294000000,100,true,0.4
"VCG",142600,"/Date(1704698779000)/",24900,1900,8072900,202291000000,100,true,0.4
"VCG",142550,"/Date(1704698770000)/",24900,100,8071000,202244000000,100,true,0.4
"VCG",142550,"/Date(1704698770000)/",24900,200,8070900,202241000000,100,true,0.4
"VCG",142550,"/Date(1704698770000)/",24900,1000,8070700,202236000000,100,true,0.4
"VCG",142550,"/Date(1704698770000)/",24900,700,8069700,202212000000,100,true,0.4
"VCG",142541,"/Date(1704698761000)/",24900,1000,8069000,202194000000,100,true,0.4
"VCG",142541,"/Date(1704698761000)/",24900,700,8068000,202169000000,100,true,0.4
"VCG",142541,"/Date(1704698761000)/",24900,1300,8067300,202152000000,100,true,0.4
"VCG",142537,"/Date(1704698756000)/",24900,500,8066000,202119000000,100,true,0.4
"VCG",142537,"/Date(1704698755000)/",24900,100,8065500,202107000000,100,true,0.4
"VCG",142534,"/Date(1704698752000)/",24900,1100,8065400,202104000000,100,true,0.4
"VCG",142534,"/Date(1704698752000)/",24900,100,8064300,202077000000,100,true,0.4
"VCG",142534,"/Date(1704698752000)/",24900,100,8064200,202075000000,100,true,0.4
"VCG",142534,"/Date(1704698752000)/",24900,100,8064100,202072000000,100,true,0.4
"VCG",142534,"/Date(1704698752000)/",24900,600,8064000,202070000000,100,true,0.4
"VCG",142531,"/Date(1704698750000)/",24900,1400,8063400,202055000000,100,true,0.4
"VCG",142531,"/Date(1704698750000)/",24900,500,8062000,202020000000,100,true,0.4
"VCG",142531,"/Date(1704698750000)/",24900,300,8061500,202007000000,100,true,0.4
"VCG",142531,"/Date(1704698750000)/",24900,500,8061200,202000000000,100,true,0.4
"VCG",142525,"/Date(1704698743000)/",24900,500,8060700,201987000000,100,true,0.4
"VCG",142525,"/Date(1704698743000)/",24900,1500,8060200,201975000000,100,true,0.4
"VCG",142521,"/Date(1704698740000)/",24900,2000,8058700,201938000000,100,true,0.4
"VCG",142521,"/Date(1704698740000)/",24950,6000,8056700,201888000000,150,false,0.6
"VCG",142515,"/Date(1704698734000)/",24950,2500,8050700,201738000000,150,true,0.6
"VCG",142515,"/Date(1704698734000)/",24950,1500,8048200,201676000000,150,true,0.6
"VCG",142515,"/Date(1704698734000)/",24950,500,8046700,201638000000,150,true,0.6
"VCG",142515,"/Date(1704698733000)/",24950,500,8046200,201626000000,150,true,0.6
"VCG",142515,"/Date(1704698733000)/",24950,500,8045700,201613000000,150,true,0.6
"VCG",142512,"/Date(1704698730000)/",24950,2000,8045200,201601000000,150,true,0.6
"VCG",142512,"/Date(1704698729000)/",24950,2500,8043200,201551000000,150,true,0.6
"VCG",142512,"/Date(1704698729000)/",24950,1000,8040700,201489000000,150,true,0.6
"VCG",142512,"/Date(1704698729000)/",24950,1000,8039700,201464000000,150,true,0.6
"VCG",142512,"/Date(1704698729000)/",24950,3500,8038700,201439000000,150,true,0.6
"VCG",142505,"/Date(1704698725000)/",24950,1500,8035200,201351000000,150,true,0.6
"VCG",142505,"/Date(1704698725000)/",24950,100,8033700,201314000000,150,true,0.6
"VCG",142505,"/Date(1704698725000)/",24950,400,8033600,201311000000,150,true,0.6
"VCG",142459,"/Date(1704698716000)/",24950,100,8033200,201302000000,150,true,0.6
"VCG",142456,"/Date(1704698716000)/",24950,2000,8033100,201299000000,150,true,0.6
"VCG",142456,"/Date(1704698716000)/",24950,2000,8031100,201249000000,150,true,0.6
"VCG",142449,"/Date(1704698709000)/",24950,500,8029100,201199000000,150,true,0.6
"VCG",142449,"/Date(1704698709000)/",24950,100,8028600,201187000000,150,true,0.6
"VCG",142449,"/Date(1704698709000)/",24950,1000,8028500,201184000000,150,true,0.6
"VCG",142449,"/Date(1704698709000)/",24950,100,8027500,201159000000,150,true,0.6
"VCG",142449,"/Date(1704698709000)/",24950,1000,8027400,201157000000,150,true,0.6
"VCG",142449,"/Date(1704698709000)/",24950,100,8026400,201132000000,150,true,0.6
"VCG",142449,"/Date(1704698709000)/",24950,1200,8026300,201129000000,150,true,0.6
"VCG",142449,"/Date(1704698707000)/",24950,2900,8025100,201099000000,150,true,0.6
"VCG",142446,"/Date(1704698706000)/",24950,2000,8022200,201027000000,150,true,0.6
"VCG",142440,"/Date(1704698697000)/",24950,2000,8020200,200977000000,150,true,0.6
"VCG",142430,"/Date(1704698688000)/",24950,2000,8018200,200927000000,150,true,0.6
"VCG",142427,"/Date(1704698685000)/",24950,500,8016200,200877000000,150,true,0.6
"VCG",142420,"/Date(1704698679000)/",24950,100,8015700,200865000000,150,true,0.6
"VCG",142420,"/Date(1704698679000)/",24950,3000,8015600,200862000000,150,true,0.6
"VCG",142420,"/Date(1704698679000)/",24950,300,8012600,200788000000,150,true,0.6
"VCG",142420,"/Date(1704698679000)/",24950,2000,8012300,200780000000,150,true,0.6
"VCG",142417,"/Date(1704698675000)/",24950,15000,8010300,200730000000,150,true,0.6
"VCG",142411,"/Date(1704698670000)/",24950,2000,7995300,200356000000,150,true,0.6
"VCG",142407,"/Date(1704698665000)/",25000,100,7993300,200306000000,200,false,0.81
"VCG",142404,"/Date(1704698662000)/",25000,100,7993200,200304000000,200,false,0.81
"VCG",142404,"/Date(1704698662000)/",25000,400,7993100,200301000000,200,false,0.81
"VCG",142404,"/Date(1704698661000)/",24950,3100,7992700,200291000000,150,true,0.6
"VCG",142401,"/Date(1704698661000)/",24950,2000,7989600,200214000000,150,true,0.6
"VCG",142401,"/Date(1704698658000)/",24950,2000,7987600,200164000000,150,true,0.6
"VCG",142358,"/Date(1704698656000)/",25000,500,7985600,200114000000,200,false,0.81
"VCG",142354,"/Date(1704698652000)/",24950,2000,7985100,200101000000,150,true,0.6
"VCG",142351,"/Date(1704698651000)/",24950,20000,7983100,200051000000,150,true,0.6
"VCG",142345,"/Date(1704698644000)/",25000,100,7963100,199552000000,200,false,0.81
"VCG",142345,"/Date(1704698643000)/",24950,2000,7963000,199550000000,150,true,0.6
"VCG",142335,"/Date(1704698634000)/",24950,2000,7961000,199500000000,150,true,0.6
"VCG",142326,"/Date(1704698624000)/",24950,2000,7959000,199450000000,150,true,0.6
"VCG",142316,"/Date(1704698615000)/",24950,2000,7957000,199400000000,150,true,0.6
"VCG",142313,"/Date(1704698612000)/",24950,2700,7955000,199350000000,150,true,0.6
"VCG",142306,"/Date(1704698606000)/",24950,2000,7952300,199283000000,150,true,0.6
"VCG",142306,"/Date(1704698605000)/",24950,1000,7950300,199233000000,150,true,0.6
"VCG",142300,"/Date(1704698598000)/",24950,500,7949300,199208000000,150,true,0.6
"VCG",142300,"/Date(1704698597000)/",24950,5000,7948800,199196000000,150,true,0.6
"VCG",142257,"/Date(1704698597000)/",24950,2000,7943800,199071000000,150,true,0.6
"VCG",142250,"/Date(1704698588000)/",24950,2000,7941800,199021000000,150,true,0.6
"VCG",142241,"/Date(1704698579000)/",24950,2000,7939800,198971000000,150,true,0.6
"VCG",142231,"/Date(1704698570000)/",24950,2000,7937800,198921000000,150,true,0.6
"VCG",142231,"/Date(1704698569000)/",24950,2900,7935800,198871000000,150,true,0.6
"VCG",142231,"/Date(1704698569000)/",24950,1000,7932900,198799000000,150,true,0.6
"VCG",142228,"/Date(1704698567000)/",24950,10000,7931900,198774000000,150,true,0.6
"VCG",142221,"/Date(1704698561000)/",24950,100,7921900,198525000000,150,true,0.6
"VCG",142221,"/Date(1704698561000)/",24950,2000,7921800,198522000000,150,true,0.6
"VCG",142215,"/Date(1704698555000)/",24950,1600,7919800,198472000000,150,false,0.6
"VCG",142215,"/Date(1704698554000)/",24950,4500,7918200,198432000000,150,false,0.6
"VCG",142215,"/Date(1704698554000)/",24950,3600,7913700,198320000000,150,false,0.6
"VCG",142212,"/Date(1704698551000)/",24900,2000,7910100,198230000000,100,true,0.4
"VCG",142212,"/Date(1704698549000)/",24950,100,7908100,198180000000,150,false,0.6
"VCG",142209,"/Date(1704698547000)/",24950,100,7908000,198178000000,150,false,0.6
"VCG",142205,"/Date(1704698545000)/",24950,500,7907900,198175000000,150,false,0.6
"VCG",142202,"/Date(1704698542000)/",24900,1000,7907400,198163000000,100,true,0.4
"VCG",142202,"/Date(1704698542000)/",24900,1000,7906400,198138000000,100,true,0.4
"VCG",142202,"/Date(1704698540000)/",24950,200,7905400,198113000000,150,false,0.6
"VCG",142159,"/Date(1704698537000)/",24950,100,7905200,198108000000,150,false,0.6
"VCG",142153,"/Date(1704698533000)/",24900,500,7905100,198106000000,100,true,0.4
"VCG",142153,"/Date(1704698533000)/",24900,200,7904600,198093000000,100,true,0.4
"VCG",142153,"/Date(1704698533000)/",24900,100,7904400,198088000000,100,true,0.4
"VCG",142153,"/Date(1704698533000)/",24900,200,7904300,198086000000,100,true,0.4
"VCG",142153,"/Date(1704698533000)/",24900,100,7904100,198081000000,100,true,0.4
"VCG",142153,"/Date(1704698533000)/",24900,100,7904000,198078000000,100,true,0.4
"VCG",142153,"/Date(1704698533000)/",24900,500,7903900,198076000000,100,true,0.4
"VCG",142153,"/Date(1704698533000)/",24900,100,7903400,198063000000,100,true,0.4
"VCG",142153,"/Date(1704698533000)/",24900,200,7903300,198061000000,100,true,0.4
"VCG",142149,"/Date(1704698529000)/",24950,100,7903100,198056000000,150,false,0.6
"VCG",142149,"/Date(1704698529000)/",24950,100,7903000,198053000000,150,false,0.6
"VCG",142149,"/Date(1704698529000)/",24950,1000,7902900,198051000000,150,false,0.6
"VCG",142149,"/Date(1704698529000)/",24950,900,7901900,198026000000,150,false,0.6
"VCG",142149,"/Date(1704698528000)/",24950,200,7901000,198003000000,150,false,0.6
"VCG",142146,"/Date(1704698525000)/",24950,900,7900800,197998000000,150,false,0.6
"VCG",142146,"/Date(1704698525000)/",24950,1100,7899900,197976000000,150,false,0.6
"VCG",142146,"/Date(1704698524000)/",24900,900,7898800,197948000000,100,true,0.4
"VCG",142146,"/Date(1704698524000)/",24900,1100,7897900,197926000000,100,true,0.4
"VCG",142146,"/Date(1704698524000)/",24950,100,7896800,197899000000,150,false,0.6
"VCG",142146,"/Date(1704698524000)/",24950,200,7896700,197896000000,150,false,0.6
"VCG",142143,"/Date(1704698521000)/",24950,3200,7896500,197891000000,150,false,0.6
"VCG",142143,"/Date(1704698521000)/",24950,200,7893300,197811000000,150,false,0.6
"VCG",142143,"/Date(1704698521000)/",24950,3000,7893100,197806000000,150,false,0.6
"VCG",142143,"/Date(1704698521000)/",24950,100,7890100,197732000000,150,false,0.6
"VCG",142143,"/Date(1704698521000)/",24950,500,7890000,197729000000,150,false,0.6
"VCG",142140,"/Date(1704698518000)/",24950,500,7889500,197717000000,150,false,0.6
"VCG",142137,"/Date(1704698517000)/",24950,100,7889000,197704000000,150,false,0.6
"VCG",142137,"/Date(1704698515000)/",24900,100,7888900,197702000000,100,true,0.4
"VCG",142137,"/Date(1704698515000)/",24900,1000,7888800,197699000000,100,true,0.4
"VCG",142137,"/Date(1704698515000)/",24900,900,7887800,197674000000,100,true,0.4
"VCG",142133,"/Date(1704698513000)/",24950,1400,7886900,197652000000,150,false,0.6
"VCG",142133,"/Date(1704698513000)/",24950,10000,7885500,197617000000,150,false,0.6
"VCG",142133,"/Date(1704698513000)/",24950,1000,7875500,197367000000,150,false,0.6
"VCG",142133,"/Date(1704698513000)/",24950,7600,7874500,197342000000,150,false,0.6
"VCG",142133,"/Date(1704698512000)/",24950,100,7866900,197153000000,150,false,0.6
"VCG",142133,"/Date(1704698512000)/",24950,500,7866800,197150000000,150,false,0.6
"VCG",142127,"/Date(1704698506000)/",24900,2000,7866300,197138000000,100,true,0.4
"VCG",142121,"/Date(1704698499000)/",24950,1000,7864300,197088000000,150,false,0.6
"VCG",142117,"/Date(1704698497000)/",24900,2000,7863300,197063000000,100,true,0.4
"VCG",142111,"/Date(1704698488000)/",24950,100,7861300,197013000000,150,false,0.6
"VCG",142108,"/Date(1704698488000)/",24900,2000,7861200,197011000000,100,true,0.4
"VCG",142108,"/Date(1704698487000)/",24950,700,7859200,196961000000,150,false,0.6
"VCG",142108,"/Date(1704698487000)/",24950,300,7858500,196943000000,150,false,0.6
"VCG",142105,"/Date(1704698482000)/",24950,1700,7858200,196936000000,150,false,0.6
"VCG",142105,"/Date(1704698482000)/",24950,1000,7856500,196894000000,150,false,0.6
"VCG",142105,"/Date(1704698482000)/",24950,200,7855500,196869000000,150,false,0.6
"VCG",142105,"/Date(1704698482000)/",24950,2100,7855300,196864000000,150,false,0.6
"VCG",142101,"/Date(1704698479000)/",24950,100,7853200,196811000000,150,false,0.6
"VCG",142058,"/Date(1704698478000)/",24900,2000,7853100,196809000000,100,true,0.4
"VCG",142052,"/Date(1704698469000)/",24950,100,7851100,196759000000,150,false,0.6
"VCG",142049,"/Date(1704698469000)/",24900,1100,7851000,196756000000,100,true,0.4
"VCG",142049,"/Date(1704698469000)/",24900,900,7849900,196729000000,100,true,0.4
"VCG",142042,"/Date(1704698460000)/",24900,100,7849000,196707000000,100,true,0.4
"VCG",142042,"/Date(1704698460000)/",24900,500,7848900,196704000000,100,true,0.4
"VCG",142042,"/Date(1704698460000)/",24900,1400,7848400,196692000000,100,true,0.4
"VCG",142039,"/Date(1704698458000)/",24950,500,7847000,196657000000,150,false,0.6
"VCG",142039,"/Date(1704698457000)/",24950,100,7846500,196644000000,150,false,0.6
"VCG",142036,"/Date(1704698455000)/",24900,600,7846400,196642000000,100,true,0.4
"VCG",142036,"/Date(1704698455000)/",24900,100,7845800,196627000000,100,true,0.4
"VCG",142036,"/Date(1704698455000)/",24900,1900,7845700,196624000000,100,true,0.4
"VCG",142033,"/Date(1704698451000)/",24950,100,7843800,196577000000,150,false,0.6
"VCG",142033,"/Date(1704698451000)/",24900,100,7843700,196575000000,100,true,0.4
"VCG",142033,"/Date(1704698451000)/",24900,9900,7843600,196572000000,100,true,0.4
"VCG",142033,"/Date(1704698451000)/",24900,2000,7833700,196326000000,100,true,0.4
"VCG",142026,"/Date(1704698445000)/",24950,100,7831700,196276000000,150,false,0.6
"VCG",142023,"/Date(1704698442000)/",24900,100,7831600,196273000000,100,true,0.4
"VCG",142023,"/Date(1704698442000)/",24900,500,7831500,196271000000,100,true,0.4
"VCG",142023,"/Date(1704698442000)/",24900,1000,7831000,196258000000,100,true,0.4
"VCG",142023,"/Date(1704698442000)/",24900,400,7830000,196234000000,100,true,0.4
"VCG",142020,"/Date(1704698439000)/",24950,100,7829600,196224000000,150,false,0.6
"VCG",142017,"/Date(1704698435000)/",24900,600,7829500,196221000000,100,true,0.4
"VCG",142017,"/Date(1704698435000)/",24900,600,7828900,196206000000,100,true,0.4
"VCG",142013,"/Date(1704698433000)/",24900,2000,7828300,196191000000,100,true,0.4
"VCG",142007,"/Date(1704698426000)/",24900,2000,7826300,196141000000,100,true,0.4
"VCG",142004,"/Date(1704698424000)/",24900,400,7824300,196092000000,100,true,0.4
"VCG",142004,"/Date(1704698424000)/",24900,100,7823900,196082000000,100,true,0.4
"VCG",142004,"/Date(1704698424000)/",24900,1500,7823800,196079000000,100,true,0.4
"VCG",141957,"/Date(1704698417000)/",24950,100,7822300,196042000000,150,false,0.6
"VCG",141957,"/Date(1704698416000)/",24900,500,7822200,196039000000,100,true,0.4
"VCG",141957,"/Date(1704698416000)/",24900,100,7821700,196027000000,100,true,0.4
"VCG",141957,"/Date(1704698416000)/",24900,900,7821600,196024000000,100,true,0.4
"VCG",141957,"/Date(1704698415000)/",24900,100,7820700,196002000000,100,true,0.4
"VCG",141957,"/Date(1704698415000)/",24900,1000,7820600,195999000000,100,true,0.4
"VCG",141957,"/Date(1704698415000)/",24900,500,7819600,195975000000,100,true,0.4
"VCG",141957,"/Date(1704698415000)/",24900,200,7819100,195962000000,100,true,0.4
"VCG",141957,"/Date(1704698415000)/",24900,100,7818900,195957000000,100,true,0.4
"VCG",141957,"/Date(1704698415000)/",24900,100,7818800,195955000000,100,true,0.4
"VCG",141951,"/Date(1704698408000)/",24900,1900,7818700,195952000000,100,true,0.4
"VCG",141951,"/Date(1704698408000)/",24900,500,7816800,195905000000,100,true,0.4
"VCG",141951,"/Date(1704698408000)/",24900,200,7816300,195892000000,100,true,0.4
"VCG",141948,"/Date(1704698406000)/",24950,100,7816100,195887000000,150,false,0.6
"VCG",141945,"/Date(1704698405000)/",24900,300,7816000,195885000000,100,true,0.4
"VCG",141945,"/Date(1704698405000)/",24900,500,7815700,195877000000,100,true,0.4
"VCG",141945,"/Date(1704698405000)/",24900,1200,7815200,195865000000,100,true,0.4
"VCG",141938,"/Date(1704698398000)/",24900,100,7814000,195835000000,100,true,0.4
"VCG",141938,"/Date(1704698396000)/",24900,1700,7813900,195833000000,100,true,0.4
"VCG",141938,"/Date(1704698396000)/",24900,300,7812200,195790000000,100,true,0.4
"VCG",141929,"/Date(1704698387000)/",24900,2000,7811900,195783000000,100,true,0.4
"VCG",141929,"/Date(1704698386000)/",24950,100,7809900,195733000000,150,false,0.6
"VCG",141925,"/Date(1704698383000)/",24950,500,7809800,195731000000,150,false,0.6
"VCG",141925,"/Date(1704698383000)/",24950,300,7809300,195718000000,150,false,0.6
"VCG",141925,"/Date(1704698383000)/",24950,200,7809000,195711000000,150,false,0.6
"VCG",141922,"/Date(1704698382000)/",24900,3500,7808800,195706000000,100,true,0.4
"VCG",141919,"/Date(1704698377000)/",24900,2000,7805300,195618000000,100,true,0.4
"VCG",141916,"/Date(1704698376000)/",24950,100,7803300,195569000000,150,false,0.6
"VCG",141916,"/Date(1704698374000)/",24900,2200,7803200,195566000000,100,true,0.4
"VCG",141916,"/Date(1704698374000)/",24900,500,7801000,195511000000,100,true,0.4
"VCG",141916,"/Date(1704698374000)/",24900,800,7800500,195499000000,100,true,0.4
"VCG",141909,"/Date(1704698369000)/",24950,100,7799700,195479000000,150,false,0.6
"VCG",141909,"/Date(1704698369000)/",24900,2000,7799600,195476000000,100,true,0.4
"VCG",141909,"/Date(1704698367000)/",24900,200,7797600,195427000000,100,true,0.4
"VCG",141909,"/Date(1704698367000)/",24900,600,7797400,195422000000,100,true,0.4
"VCG",141909,"/Date(1704698367000)/",24900,100,7796800,195407000000,100,true,0.4
"VCG",141909,"/Date(1704698367000)/",24900,100,7796700,195404000000,100,true,0.4
"VCG",141909,"/Date(1704698367000)/",24900,1000,7796600,195402000000,100,true,0.4
"VCG",141909,"/Date(1704698367000)/",24900,3000,7795600,195377000000,100,true,0.4
"VCG",141906,"/Date(1704698363000)/",24950,100,7792600,195302000000,150,false,0.6
"VCG",141903,"/Date(1704698362000)/",24950,100,7792500,195300000000,150,false,0.6
"VCG",141900,"/Date(1704698360000)/",24900,1000,7792400,195297000000,100,true,0.4
"VCG",141900,"/Date(1704698360000)/",24900,200,7791400,195272000000,100,true,0.4
"VCG",141900,"/Date(1704698360000)/",24900,800,7791200,195267000000,100,true,0.4
"VCG",141900,"/Date(1704698358000)/",24950,100,7790400,195247000000,150,false,0.6
"VCG",141900,"/Date(1704698358000)/",24950,500,7790300,195245000000,150,false,0.6
"VCG",141900,"/Date(1704698358000)/",24950,200,7789800,195232000000,150,false,0.6
"VCG",141853,"/Date(1704698351000)/",24950,100,7789600,195227000000,150,false,0.6
"VCG",141853,"/Date(1704698351000)/",24900,200,7789500,195225000000,100,true,0.4
"VCG",141853,"/Date(1704698351000)/",24900,1800,7789300,195220000000,100,true,0.4
"VCG",141850,"/Date(1704698348000)/",24950,500,7787500,195175000000,150,false,0.6
"VCG",141844,"/Date(1704698342000)/",24900,2000,7787000,195163000000,100,true,0.4
"VCG",141841,"/Date(1704698338000)/",24950,300,7785000,195113000000,150,false,0.6
"VCG",141834,"/Date(1704698333000)/",24900,1200,7784700,195105000000,100,true,0.4
"VCG",141834,"/Date(1704698333000)/",24900,800,7783500,195075000000,100,true,0.4
"VCG",141825,"/Date(1704698323000)/",24900,1200,7782700,195056000000,100,true,0.4
"VCG",141825,"/Date(1704698323000)/",24900,800,7781500,195026000000,100,true,0.4
"VCG",141818,"/Date(1704698318000)/",24950,100,7780700,195006000000,150,false,0.6
"VCG",141815,"/Date(1704698315000)/",24950,900,7780600,195003000000,150,true,0.6
"VCG",141815,"/Date(1704698314000)/",24950,1100,7779700,194981000000,150,true,0.6
"VCG",141815,"/Date(1704698314000)/",24950,100,7778600,194953000000,150,true,0.6
"VCG",141815,"/Date(1704698314000)/",24950,800,7778500,194951000000,150,true,0.6
"VCG",141806,"/Date(1704698305000)/",24950,2000,7777700,194931000000,150,true,0.6
"VCG",141802,"/Date(1704698301000)/",24950,7900,7775700,194881000000,150,true,0.6
"VCG",141802,"/Date(1704698301000)/",24950,2000,7767800,194684000000,150,true,0.6
"VCG",141802,"/Date(1704698301000)/",24950,300,7765800,194634000000,150,true,0.6
"VCG",141802,"/Date(1704698301000)/",24950,100,7765500,194627000000,150,true,0.6
"VCG",141802,"/Date(1704698301000)/",24950,2000,7765400,194624000000,150,true,0.6
"VCG",141802,"/Date(1704698301000)/",24950,4700,7763400,194574000000,150,true,0.6
"VCG",141759,"/Date(1704698297000)/",24950,1000,7758700,194457000000,150,true,0.6
"VCG",141756,"/Date(1704698296000)/",24950,2000,7757700,194432000000,150,true,0.6
"VCG",141749,"/Date(1704698287000)/",24950,2000,7755700,194382000000,150,true,0.6
"VCG",141740,"/Date(1704698278000)/",24950,300,7753700,194332000000,150,true,0.6
"VCG",141740,"/Date(1704698278000)/",24950,500,7753400,194325000000,150,true,0.6
"VCG",141740,"/Date(1704698278000)/",24950,1200,7752900,194312000000,150,true,0.6
"VCG",141737,"/Date(1704698276000)/",24950,1000,7751700,194282000000,150,true,0.6
"VCG",141730,"/Date(1704698269000)/",24950,800,7750700,194257000000,150,true,0.6
"VCG",141730,"/Date(1704698269000)/",24950,1200,7749900,194237000000,150,true,0.6
"VCG",141730,"/Date(1704698267000)/",24950,500,7748700,194207000000,150,true,0.6
"VCG",141727,"/Date(1704698264000)/",24950,400,7748200,194195000000,150,true,0.6
"VCG",141724,"/Date(1704698261000)/",25000,100,7747800,194185000000,200,false,0.81
"VCG",141720,"/Date(1704698260000)/",24950,2000,7747700,194182000000,150,true,0.6
"VCG",141717,"/Date(1704698255000)/",24950,4800,7745700,194133000000,150,false,0.6
"VCG",141717,"/Date(1704698255000)/",24950,100,7740900,194013000000,150,false,0.6
"VCG",141717,"/Date(1704698255000)/",24950,1000,7740800,194010000000,150,false,0.6
"VCG",141711,"/Date(1704698250000)/",24950,100,7739800,193985000000,150,false,0.6
"VCG",141711,"/Date(1704698250000)/",24900,200,7739700,193983000000,100,true,0.4
"VCG",141711,"/Date(1704698250000)/",24900,1800,7739500,193978000000,100,true,0.4
"VCG",141704,"/Date(1704698243000)/",24900,100,7737700,193933000000,100,true,0.4
"VCG",141704,"/Date(1704698242000)/",24950,100,7737600,193931000000,150,false,0.6
"VCG",141704,"/Date(1704698242000)/",24900,100,7737500,193928000000,100,true,0.4
"VCG",141701,"/Date(1704698241000)/",24900,2000,7737400,193926000000,100,true,0.4
"VCG",141652,"/Date(1704698232000)/",24900,2000,7735400,193876000000,100,true,0.4
"VCG",141652,"/Date(1704698231000)/",24950,100,7733400,193826000000,150,false,0.6
"VCG",141645,"/Date(1704698223000)/",24900,2000,7733300,193823000000,100,true,0.4
"VCG",141642,"/Date(1704698222000)/",24950,1000,7731300,193774000000,150,false,0.6
"VCG",141639,"/Date(1704698217000)/",24950,100,7730300,193749000000,150,false,0.6
"VCG",141636,"/Date(1704698214000)/",24900,2000,7730200,193746000000,100,true,0.4
"VCG",141636,"/Date(1704698214000)/",24950,100,7728200,193696000000,150,true,0.6
"VCG",141626,"/Date(1704698205000)/",24900,2000,7728100,193694000000,100,true,0.4
"VCG",141616,"/Date(1704698196000)/",24900,200,7726100,193644000000,100,true,0.4
"VCG",141616,"/Date(1704698196000)/",24950,1800,7725900,193639000000,150,false,0.6
"VCG",141616,"/Date(1704698195000)/",24950,5200,7724100,193594000000,150,false,0.6
"VCG",141613,"/Date(1704698193000)/",24950,300,7718900,193464000000,150,false,0.6
"VCG",141613,"/Date(1704698193000)/",24950,3500,7718600,193457000000,150,false,0.6
"VCG",141613,"/Date(1704698193000)/",24900,3100,7715100,193370000000,100,true,0.4
"VCG",141613,"/Date(1704698193000)/",24950,800,7712000,193292000000,150,false,0.6
"VCG",141607,"/Date(1704698187000)/",24900,2000,7711200,193273000000,100,true,0.4
"VCG",141600,"/Date(1704698179000)/",24950,100,7709200,193223000000,150,false,0.6
"VCG",141557,"/Date(1704698177000)/",24900,2000,7709100,193220000000,100,true,0.4
"VCG",141554,"/Date(1704698172000)/",24950,100,7707100,193170000000,150,false,0.6
"VCG",141548,"/Date(1704698168000)/",24900,700,7707000,193168000000,100,true,0.4
"VCG",141548,"/Date(1704698168000)/",24900,100,7706300,193151000000,100,true,0.4
"VCG",141548,"/Date(1704698168000)/",24900,100,7706200,193148000000,100,true,0.4
"VCG",141548,"/Date(1704698168000)/",24900,1100,7706100,193146000000,100,true,0.4
"VCG",141548,"/Date(1704698166000)/",24950,100,7705000,193118000000,150,false,0.6
"VCG",141541,"/Date(1704698159000)/",24950,100,7704900,193116000000,150,false,0.6
"VCG",141541,"/Date(1704698159000)/",24900,1900,7704800,193113000000,100,true,0.4
"VCG",141541,"/Date(1704698159000)/",24900,100,7702900,193066000000,100,true,0.4
"VCG",141538,"/Date(1704698157000)/",24950,300,7702800,193063000000,150,true,0.6
"VCG",141538,"/Date(1704698156000)/",24950,1200,7702500,193056000000,150,true,0.6
"VCG",141538,"/Date(1704698156000)/",24950,500,7701300,193026000000,150,true,0.6
"VCG",141538,"/Date(1704698156000)/",24950,800,7700800,193013000000,150,true,0.6
"VCG",141532,"/Date(1704698150000)/",24950,2000,7700000,192993000000,150,true,0.6
"VCG",141529,"/Date(1704698147000)/",24950,36200,7698000,192944000000,150,true,0.6
"VCG",141529,"/Date(1704698147000)/",24950,500,7661800,192040000000,150,true,0.6
"VCG",141529,"/Date(1704698147000)/",24950,5000,7661300,192028000000,150,true,0.6
"VCG",141529,"/Date(1704698147000)/",24950,100,7656300,191903000000,150,true,0.6
"VCG",141529,"/Date(1704698147000)/",24950,3000,7656200,191901000000,150,true,0.6
"VCG",141529,"/Date(1704698147000)/",24950,100,7653200,191826000000,150,true,0.6
"VCG",141529,"/Date(1704698147000)/",24950,5000,7653100,191823000000,150,true,0.6
"VCG",141529,"/Date(1704698147000)/",24950,100,7648100,191699000000,150,true,0.6
"VCG",141529,"/Date(1704698147000)/",24950,700,7648000,191696000000,150,true,0.6
"VCG",141529,"/Date(1704698147000)/",24950,200,7647300,191679000000,150,true,0.6
"VCG",141529,"/Date(1704698147000)/",24950,2000,7647100,191674000000,150,true,0.6
"VCG",141529,"/Date(1704698147000)/",24950,100,7645100,191624000000,150,true,0.6
"VCG",141529,"/Date(1704698147000)/",24950,500,7645000,191621000000,150,true,0.6
"VCG",141529,"/Date(1704698147000)/",24950,500,7644500,191609000000,150,true,0.6
"VCG",141529,"/Date(1704698147000)/",24950,6000,7644000,191596000000,150,true,0.6
"VCG",141529,"/Date(1704698147000)/",24950,20000,7638000,191447000000,150,true,0.6
"VCG",141529,"/Date(1704698147000)/",24950,200,7618000,190948000000,150,true,0.6
"VCG",141529,"/Date(1704698147000)/",24950,15000,7617800,190943000000,150,true,0.6
"VCG",141529,"/Date(1704698147000)/",24950,5000,7602800,190568000000,150,true,0.6
"VCG",141529,"/Date(1704698147000)/",24950,5000,7597800,190444000000,150,true,0.6
"VCG",141529,"/Date(1704698147000)/",24950,100,7592800,190319000000,150,true,0.6
"VCG",141529,"/Date(1704698147000)/",24950,500,7592700,190316000000,150,true,0.6
"VCG",141529,"/Date(1704698147000)/",24950,100,7592200,190304000000,150,true,0.6
"VCG",141529,"/Date(1704698147000)/",24950,1000,7592100,190301000000,150,true,0.6
"VCG",141529,"/Date(1704698147000)/",24950,4000,7591100,190276000000,150,true,0.6
"VCG",141529,"/Date(1704698147000)/",24950,500,7587100,190177000000,150,true,0.6
"VCG",141529,"/Date(1704698147000)/",24950,100,7586600,190164000000,150,true,0.6
"VCG",141529,"/Date(1704698147000)/",24950,1000,7586500,190162000000,150,true,0.6
"VCG",141529,"/Date(1704698147000)/",24950,100,7585500,190137000000,150,true,0.6
"VCG",141529,"/Date(1704698147000)/",24950,500,7585400,190134000000,150,true,0.6
"VCG",141529,"/Date(1704698147000)/",24950,2000,7584900,190122000000,150,true,0.6
"VCG",141529,"/Date(1704698147000)/",24950,1300,7582900,190072000000,150,true,0.6
"VCG",141529,"/Date(1704698147000)/",24950,2000,7581600,190039000000,150,true,0.6
"VCG",141529,"/Date(1704698147000)/",24950,4500,7579600,189990000000,150,true,0.6
"VCG",141529,"/Date(1704698147000)/",24950,1000,7575100,189877000000,150,true,0.6
"VCG",141529,"/Date(1704698147000)/",24950,10700,7574100,189852000000,150,true,0.6
"VCG",141529,"/Date(1704698147000)/",24950,2000,7563400,189585000000,150,true,0.6
"VCG",141529,"/Date(1704698147000)/",24950,17100,7561400,189535000000,150,true,0.6
"VCG",141529,"/Date(1704698147000)/",24950,200,7544300,189109000000,150,true,0.6
"VCG",141529,"/Date(1704698147000)/",24950,500,7544100,189104000000,150,true,0.6
"VCG",141529,"/Date(1704698147000)/",24950,100,7543600,189091000000,150,true,0.6
"VCG",141529,"/Date(1704698147000)/",24950,1400,7543500,189089000000,150,true,0.6
"VCG",141522,"/Date(1704698141000)/",24950,2000,7542100,189054000000,150,true,0.6
"VCG",141513,"/Date(1704698132000)/",24950,2000,7540100,189004000000,150,true,0.6
"VCG",141503,"/Date(1704698123000)/",24950,1600,7538100,188954000000,150,true,0.6
"VCG",141503,"/Date(1704698123000)/",24950,400,7536500,188914000000,150,true,0.6
"VCG",141503,"/Date(1704698121000)/",25000,900,7536100,188904000000,200,false,0.81
"VCG",141500,"/Date(1704698118000)/",25000,500,7535200,188882000000,200,true,0.81
"VCG",141457,"/Date(1704698114000)/",25000,500,7534700,188869000000,200,true,0.81
"VCG",141457,"/Date(1704698114000)/",25000,10000,7534200,188857000000,200,true,0.81
"VCG",141457,"/Date(1704698114000)/",25000,200,7524200,188607000000,200,true,0.81
"VCG",141457,"/Date(1704698114000)/",25000,2000,7524000,188602000000,200,true,0.81
"VCG",141453,"/Date(1704698113000)/",25000,100,7522000,188552000000,200,true,0.81
"VCG",141453,"/Date(1704698113000)/",25000,1900,7521900,188549000000,200,true,0.81
"VCG",141453,"/Date(1704698111000)/",25000,3100,7520000,188502000000,200,true,0.81
"VCG",141453,"/Date(1704698111000)/",25000,100,7516900,188424000000,200,true,0.81
"VCG",141453,"/Date(1704698111000)/",25000,100,7516800,188422000000,200,true,0.81
"VCG",141453,"/Date(1704698111000)/",25000,200,7516700,188419000000,200,true,0.81
"VCG",141453,"/Date(1704698111000)/",25000,1500,7516500,188414000000,200,true,0.81
"VCG",141453,"/Date(1704698110000)/",25000,500,7515000,188377000000,200,true,0.81
"VCG",141447,"/Date(1704698106000)/",25000,3000,7514500,188364000000,200,true,0.81
"VCG",141447,"/Date(1704698106000)/",25000,2000,7511500,188289000000,200,true,0.81
"VCG",141447,"/Date(1704698105000)/",25000,500,7509500,188239000000,200,true,0.81
"VCG",141444,"/Date(1704698104000)/",25000,2000,7509000,188227000000,200,true,0.81
"VCG",141444,"/Date(1704698101000)/",25000,3000,7507000,188177000000,200,true,0.81
"VCG",141440,"/Date(1704698098000)/",25000,400,7504000,188102000000,200,true,0.81
"VCG",141437,"/Date(1704698096000)/",25000,10000,7503600,188092000000,200,true,0.81
"VCG",141437,"/Date(1704698095000)/",25000,2000,7493600,187842000000,200,true,0.81
"VCG",141434,"/Date(1704698093000)/",25000,2100,7491600,187792000000,200,true,0.81
"VCG",141434,"/Date(1704698093000)/",25000,2900,7489500,187739000000,200,true,0.81
"VCG",141431,"/Date(1704698090000)/",25000,1100,7486600,187667000000,200,true,0.81
"VCG",141431,"/Date(1704698090000)/",25000,1900,7485500,187639000000,200,true,0.81
"VCG",141431,"/Date(1704698089000)/",25000,300,7483600,187592000000,200,true,0.81
"VCG",141428,"/Date(1704698087000)/",25000,500,7483300,187584000000,200,true,0.81
"VCG",141428,"/Date(1704698086000)/",25000,2000,7482800,187572000000,200,true,0.81
"VCG",141428,"/Date(1704698085000)/",25000,500,7480800,187522000000,200,true,0.81
"VCG",141424,"/Date(1704698083000)/",25000,100,7480300,187509000000,200,true,0.81
"VCG",141421,"/Date(1704698081000)/",25000,5000,7480200,187507000000,200,true,0.81
"VCG",141418,"/Date(1704698077000)/",25000,2000,7475200,187382000000,200,true,0.81
"VCG",141418,"/Date(1704698075000)/",25000,2000,7473200,187332000000,200,true,0.81
"VCG",141415,"/Date(1704698072000)/",25000,100,7471200,187282000000,200,true,0.81
"VCG",141408,"/Date(1704698068000)/",25000,2000,7471100,187279000000,200,true,0.81
"VCG",141405,"/Date(1704698064000)/",25000,5000,7469100,187229000000,200,true,0.81
"VCG",141402,"/Date(1704698062000)/",25000,5000,7464100,187104000000,200,true,0.81
"VCG",141343,"/Date(1704698040000)/",25000,3000,7459100,186979000000,200,true,0.81
"VCG",141337,"/Date(1704698036000)/",25050,1000,7456100,186904000000,250,false,1.01
"VCG",141337,"/Date(1704698034000)/",25000,500,7455100,186879000000,200,true,0.81
"VCG",141327,"/Date(1704698025000)/",25000,100,7454600,186867000000,200,true,0.81
"VCG",141327,"/Date(1704698025000)/",25000,3800,7454500,186864000000,200,true,0.81
"VCG",141314,"/Date(1704698014000)/",25000,300,7450700,186769000000,200,true,0.81
"VCG",141314,"/Date(1704698013000)/",25000,2800,7450400,186762000000,200,true,0.81
"VCG",141308,"/Date(1704698007000)/",25000,300,7447600,186692000000,200,true,0.81
"VCG",141308,"/Date(1704698007000)/",25000,1000,7447300,186684000000,200,true,0.81
"VCG",141258,"/Date(1704697998000)/",25000,500,7446300,186659000000,200,false,0.81
"VCG",141258,"/Date(1704697998000)/",25000,300,7445800,186647000000,200,false,0.81
"VCG",141258,"/Date(1704697998000)/",25000,200,7445500,186639000000,200,false,0.81
"VCG",141258,"/Date(1704697998000)/",25000,5000,7445300,186634000000,200,false,0.81
"VCG",141258,"/Date(1704697998000)/",25000,1000,7440300,186509000000,200,false,0.81
"VCG",141258,"/Date(1704697998000)/",25000,5400,7439300,186484000000,200,false,0.81
"VCG",141258,"/Date(1704697998000)/",25000,200,7433900,186349000000,200,false,0.81
"VCG",141258,"/Date(1704697998000)/",25000,200,7433700,186344000000,200,false,0.81
"VCG",141258,"/Date(1704697998000)/",25000,5000,7433500,186339000000,200,false,0.81
"VCG",141258,"/Date(1704697998000)/",25000,1000,7428500,186214000000,200,false,0.81
"VCG",141258,"/Date(1704697998000)/",25000,500,7427500,186189000000,200,false,0.81
"VCG",141258,"/Date(1704697998000)/",25000,1500,7427000,186177000000,200,false,0.81
"VCG",141258,"/Date(1704697998000)/",25000,1000,7425500,186139000000,200,false,0.81
"VCG",141255,"/Date(1704697993000)/",25000,800,7424500,186114000000,200,false,0.81
"VCG",141252,"/Date(1704697991000)/",25000,600,7423700,186094000000,200,false,0.81
"VCG",141220,"/Date(1704697959000)/",25000,1000,7423100,186079000000,200,false,0.81
"VCG",141204,"/Date(1704697942000)/",25000,100,7422100,186054000000,200,false,0.81
"VCG",141201,"/Date(1704697939000)/",24950,2200,7422000,186052000000,150,true,0.6
"VCG",141145,"/Date(1704697924000)/",25000,100,7419800,185997000000,200,false,0.81
"VCG",141125,"/Date(1704697904000)/",25000,2000,7419700,185994000000,200,false,0.81
"VCG",141113,"/Date(1704697892000)/",24950,2400,7417700,185944000000,150,true,0.6
"VCG",141113,"/Date(1704697892000)/",24950,300,7415300,185884000000,150,true,0.6
"VCG",141113,"/Date(1704697891000)/",25000,1000,7415000,185877000000,200,false,0.81
"VCG",141109,"/Date(1704697886000)/",25000,1000,7414000,185852000000,200,false,0.81
"VCG",141106,"/Date(1704697886000)/",25000,500,7413000,185827000000,200,false,0.81
"VCG",141056,"/Date(1704697875000)/",25000,900,7412500,185814000000,200,false,0.81
"VCG",141056,"/Date(1704697875000)/",25000,3100,7411600,185792000000,200,false,0.81
"VCG",141056,"/Date(1704697873000)/",25000,100,7408500,185714000000,200,false,0.81
"VCG",141053,"/Date(1704697873000)/",25000,200,7408400,185712000000,200,false,0.81
"VCG",141050,"/Date(1704697870000)/",25000,5000,7408200,185707000000,200,false,0.81
"VCG",141047,"/Date(1704697866000)/",25000,1400,7403200,185582000000,200,false,0.81
"VCG",141047,"/Date(1704697865000)/",24950,100,7401800,185547000000,150,true,0.6
"VCG",141047,"/Date(1704697865000)/",24950,300,7401700,185544000000,150,true,0.6
"VCG",141044,"/Date(1704697864000)/",25000,100,7401400,185537000000,200,false,0.81
"VCG",141031,"/Date(1704697851000)/",25000,100,7401300,185534000000,200,false,0.81
"VCG",141031,"/Date(1704697851000)/",25000,3200,7401200,185532000000,200,false,0.81
"VCG",141031,"/Date(1704697849000)/",25000,800,7398000,185452000000,200,false,0.81
"VCG",141031,"/Date(1704697849000)/",25000,1200,7397200,185432000000,200,false,0.81
"VCG",141018,"/Date(1704697835000)/",24950,2200,7396000,185402000000,150,true,0.6
"VCG",141012,"/Date(1704697831000)/",25000,100,7393800,185347000000,200,false,0.81
"VCG",141005,"/Date(1704697822000)/",25000,500,7393700,185345000000,200,false,0.81
"VCG",140959,"/Date(1704697818000)/",25000,400,7393200,185332000000,200,false,0.81
"VCG",140943,"/Date(1704697803000)/",25000,6000,7392800,185322000000,200,true,0.81
"VCG",140943,"/Date(1704697803000)/",25000,500,7386800,185172000000,200,true,0.81
"VCG",140943,"/Date(1704697803000)/",25000,300,7386300,185160000000,200,true,0.81
"VCG",140936,"/Date(1704697796000)/",25000,200,7386000,185152000000,200,true,0.81
"VCG",140930,"/Date(1704697789000)/",25000,2000,7385800,185147000000,200,false,0.81
"VCG",140930,"/Date(1704697789000)/",25000,100,7383800,185097000000,200,false,0.81
"VCG",140930,"/Date(1704697789000)/",25000,100,7383700,185095000000,200,false,0.81
"VCG",140930,"/Date(1704697789000)/",25000,300,7383600,185092000000,200,false,0.81
"VCG",140930,"/Date(1704697789000)/",25000,5000,7383300,185085000000,200,false,0.81
"VCG",140930,"/Date(1704697789000)/",25000,10000,7378300,184960000000,200,false,0.81
"VCG",140930,"/Date(1704697789000)/",25000,1000,7368300,184710000000,200,false,0.81
"VCG",140930,"/Date(1704697789000)/",25000,1000,7367300,184685000000,200,false,0.81
"VCG",140921,"/Date(1704697778000)/",25000,200,7366300,184660000000,200,false,0.81
"VCG",140917,"/Date(1704697777000)/",25000,400,7366100,184655000000,200,false,0.81
"VCG",140914,"/Date(1704697772000)/",25000,1000,7365700,184645000000,200,false,0.81
"VCG",140901,"/Date(1704697760000)/",25000,1000,7364700,184620000000,200,false,0.81
"VCG",140901,"/Date(1704697759000)/",24950,500,7363700,184595000000,150,true,0.6
"VCG",140858,"/Date(1704697758000)/",25000,1000,7363200,184582000000,200,false,0.81
"VCG",140858,"/Date(1704697756000)/",25000,22500,7362200,184557000000,200,false,0.81
"VCG",140855,"/Date(1704697753000)/",25000,100,7339700,183995000000,200,false,0.81
"VCG",140849,"/Date(1704697745000)/",24950,2000,7339600,183992000000,150,true,0.6
"VCG",140849,"/Date(1704697745000)/",24950,100,7337600,183942000000,150,true,0.6
"VCG",140845,"/Date(1704697743000)/",25000,6000,7337500,183940000000,200,false,0.81
"VCG",140842,"/Date(1704697740000)/",25000,100,7331500,183790000000,200,false,0.81
"VCG",140839,"/Date(1704697738000)/",25000,20000,7331400,183787000000,200,false,0.81
"VCG",140836,"/Date(1704697734000)/",25000,1000,7311400,183287000000,200,false,0.81
"VCG",140807,"/Date(1704697704000)/",25000,800,7310400,183262000000,200,false,0.81
"VCG",140804,"/Date(1704697702000)/",24950,100,7309600,183242000000,150,true,0.6
"VCG",140804,"/Date(1704697702000)/",24950,100,7309500,183240000000,150,true,0.6
"VCG",140804,"/Date(1704697702000)/",24950,1900,7309400,183237000000,150,true,0.6
"VCG",140801,"/Date(1704697699000)/",25000,500,7307500,183190000000,200,false,0.81
"VCG",140801,"/Date(1704697699000)/",25000,3000,7307000,183177000000,200,false,0.81
"VCG",140801,"/Date(1704697699000)/",25000,100,7304000,183102000000,200,false,0.81
"VCG",140801,"/Date(1704697699000)/",25000,1000,7303900,183100000000,200,false,0.81
"VCG",140801,"/Date(1704697699000)/",25000,200,7302900,183075000000,200,false,0.81
"VCG",140801,"/Date(1704697699000)/",25000,10000,7302700,183070000000,200,false,0.81
"VCG",140801,"/Date(1704697699000)/",25000,400,7292700,182820000000,200,false,0.81
"VCG",140801,"/Date(1704697699000)/",25000,4000,7292300,182810000000,200,false,0.81
"VCG",140801,"/Date(1704697699000)/",25000,100,7288300,182710000000,200,false,0.81
"VCG",140801,"/Date(1704697699000)/",25000,200,7288200,182707000000,200,false,0.81
"VCG",140801,"/Date(1704697699000)/",25000,1500,7288000,182702000000,200,false,0.81
"VCG",140801,"/Date(1704697699000)/",25000,1000,7286500,182665000000,200,false,0.81
"VCG",140801,"/Date(1704697699000)/",25000,50000,7285500,182640000000,200,false,0.81
"VCG",140801,"/Date(1704697699000)/",25000,1000,7235500,181390000000,200,false,0.81
"VCG",140801,"/Date(1704697699000)/",25000,100,7234500,181365000000,200,false,0.81
"VCG",140801,"/Date(1704697699000)/",25000,100,7234400,181362000000,200,false,0.81
"VCG",140801,"/Date(1704697699000)/",25000,1000,7234300,181360000000,200,false,0.81
"VCG",140801,"/Date(1704697699000)/",25000,2000,7233300,181335000000,200,false,0.81
"VCG",140801,"/Date(1704697699000)/",25000,1000,7231300,181285000000,200,false,0.81
"VCG",140801,"/Date(1704697699000)/",25000,100,7230300,181260000000,200,false,0.81
"VCG",140801,"/Date(1704697699000)/",25000,1000,7230200,181257000000,200,false,0.81
"VCG",140801,"/Date(1704697699000)/",25000,600,7229200,181232000000,200,false,0.81
"VCG",140801,"/Date(1704697699000)/",25000,1000,7228600,181217000000,200,false,0.81
"VCG",140801,"/Date(1704697699000)/",25000,2000,7227600,181192000000,200,false,0.81
"VCG",140801,"/Date(1704697699000)/",25000,500,7225600,181142000000,200,false,0.81
"VCG",140801,"/Date(1704697699000)/",25000,500,7225100,181130000000,200,false,0.81
"VCG",140801,"/Date(1704697699000)/",25000,10000,7224600,181117000000,200,false,0.81
"VCG",140801,"/Date(1704697699000)/",25000,7500,7214600,180867000000,200,false,0.81
"VCG",140801,"/Date(1704697699000)/",25000,2000,7207100,180680000000,200,false,0.81
"VCG",140801,"/Date(1704697699000)/",25000,1000,7205100,180630000000,200,false,0.81
"VCG",140801,"/Date(1704697699000)/",25000,5000,7204100,180605000000,200,false,0.81
"VCG",140801,"/Date(1704697699000)/",25000,100,7199100,180480000000,200,false,0.81
"VCG",140801,"/Date(1704697699000)/",25000,500,7199000,180477000000,200,false,0.81
"VCG",140801,"/Date(1704697699000)/",25000,2000,7198500,180465000000,200,false,0.81
"VCG",140801,"/Date(1704697699000)/",25000,1000,7196500,180415000000,200,false,0.81
"VCG",140801,"/Date(1704697699000)/",25000,5000,7195500,180390000000,200,false,0.81
"VCG",140801,"/Date(1704697699000)/",25000,5000,7190500,180265000000,200,false,0.81
"VCG",140801,"/Date(1704697699000)/",25000,10000,7185500,180140000000,200,false,0.81
"VCG",140801,"/Date(1704697699000)/",25000,300,7175500,179890000000,200,false,0.81
"VCG",140801,"/Date(1704697699000)/",25000,10000,7175200,179882000000,200,false,0.81
"VCG",140801,"/Date(1704697699000)/",25000,6300,7165200,179632000000,200,false,0.81
"VCG",140722,"/Date(1704697657000)/",25000,2000,7158900,179475000000,200,true,0.81
"VCG",140719,"/Date(1704697651000)/",25050,500,7156900,179425000000,250,false,1.01
"VCG",140650,"/Date(1704697629000)/",25000,1700,7156400,179412000000,200,true,0.81
"VCG",140650,"/Date(1704697629000)/",25000,1300,7154700,179370000000,200,true,0.81
"VCG",140637,"/Date(1704697615000)/",25000,2000,7153400,179337000000,200,true,0.81
"VCG",140612,"/Date(1704697590000)/",25000,300,7151400,179287000000,200,true,0.81
"VCG",140605,"/Date(1704697585000)/",25050,1000,7151100,179280000000,250,false,1.01
"VCG",140553,"/Date(1704697572000)/",25000,2100,7150100,179255000000,200,true,0.81
"VCG",140549,"/Date(1704697569000)/",25050,800,7148000,179202000000,250,false,1.01
"VCG",140540,"/Date(1704697560000)/",25050,700,7147200,179182000000,250,false,1.01
"VCG",140540,"/Date(1704697560000)/",25050,200,7146500,179165000000,250,false,1.01
"VCG",140540,"/Date(1704697560000)/",25050,2500,7146300,179160000000,250,false,1.01
"VCG",140540,"/Date(1704697560000)/",25050,300,7143800,179097000000,250,false,1.01
"VCG",140540,"/Date(1704697560000)/",25050,2300,7143500,179089000000,250,false,1.01
"VCG",140540,"/Date(1704697557000)/",25000,3100,7141200,179032000000,200,true,0.81
"VCG",140508,"/Date(1704697527000)/",25000,2000,7138100,178954000000,200,true,0.81
"VCG",140508,"/Date(1704697526000)/",25000,1000,7136100,178904000000,200,true,0.81
"VCG",140446,"/Date(1704697505000)/",25000,1000,7135100,178879000000,200,true,0.81
"VCG",140426,"/Date(1704697486000)/",25000,1900,7134100,178854000000,200,true,0.81
"VCG",140426,"/Date(1704697484000)/",25050,1500,7132200,178807000000,250,false,1.01
"VCG",140407,"/Date(1704697465000)/",25050,6200,7130700,178769000000,250,false,1.01
"VCG",140407,"/Date(1704697465000)/",25050,1600,7124500,178614000000,250,false,1.01
"VCG",140407,"/Date(1704697465000)/",25050,200,7122900,178574000000,250,false,1.01
"VCG",140407,"/Date(1704697465000)/",25050,7600,7122700,178569000000,250,false,1.01
"VCG",140407,"/Date(1704697465000)/",25050,100,7115100,178378000000,250,false,1.01
"VCG",140407,"/Date(1704697465000)/",25050,500,7115000,178376000000,250,false,1.01
"VCG",140407,"/Date(1704697465000)/",25050,3800,7114500,178363000000,250,false,1.01
"VCG",140358,"/Date(1704697457000)/",25050,1300,7110700,178268000000,250,false,1.01
"VCG",140358,"/Date(1704697456000)/",25050,600,7109400,178236000000,250,false,1.01
"VCG",140358,"/Date(1704697456000)/",25000,100,7108800,178221000000,200,true,0.81
"VCG",140351,"/Date(1704697449000)/",25050,100,7108700,178218000000,250,false,1.01
"VCG",140348,"/Date(1704697446000)/",25050,800,7108600,178216000000,250,false,1.01
"VCG",140348,"/Date(1704697446000)/",25050,300,7107800,178196000000,250,false,1.01
"VCG",140345,"/Date(1704697443000)/",25000,2200,7107500,178188000000,200,true,0.81
"VCG",140338,"/Date(1704697437000)/",25050,100,7105300,178133000000,250,false,1.01
"VCG",140338,"/Date(1704697437000)/",25050,2000,7105200,178131000000,250,false,1.01
"VCG",140329,"/Date(1704697428000)/",25050,700,7103200,178080000000,250,false,1.01
"VCG",140319,"/Date(1704697419000)/",25050,500,7102500,178063000000,250,false,1.01
"VCG",140313,"/Date(1704697410000)/",25050,1000,7102000,178050000000,250,false,1.01
"VCG",140306,"/Date(1704697404000)/",25050,1900,7101000,178025000000,250,false,1.01
"VCG",140300,"/Date(1704697398000)/",25000,2000,7099100,177978000000,200,true,0.81
"VCG",140300,"/Date(1704697397000)/",25050,10000,7097100,177928000000,250,false,1.01
"VCG",140250,"/Date(1704697389000)/",25050,100,7087100,177677000000,250,false,1.01
"VCG",140247,"/Date(1704697384000)/",25050,200,7087000,177675000000,250,false,1.01
"VCG",140241,"/Date(1704697378000)/",25050,400,7086800,177670000000,250,false,1.01
"VCG",140234,"/Date(1704697373000)/",25000,200,7086400,177660000000,200,true,0.81
"VCG",140218,"/Date(1704697356000)/",25000,800,7086200,177655000000,200,true,0.81
"VCG",140218,"/Date(1704697356000)/",25000,1200,7085400,177635000000,200,true,0.81
"VCG",140215,"/Date(1704697353000)/",25050,2500,7084200,177605000000,250,false,1.01
"VCG",140203,"/Date(1704697341000)/",25050,2000,7081700,177542000000,250,false,1.01
"VCG",140156,"/Date(1704697335000)/",25000,2800,7079700,177492000000,200,true,0.81
"VCG",140156,"/Date(1704697335000)/",25000,3000,7076900,177422000000,200,true,0.81
"VCG",140156,"/Date(1704697335000)/",25000,1000,7073900,177347000000,200,true,0.81
"VCG",140156,"/Date(1704697335000)/",25000,2000,7072900,177322000000,200,true,0.81
"VCG",140156,"/Date(1704697335000)/",25000,2000,7070900,177272000000,200,true,0.81
"VCG",140156,"/Date(1704697335000)/",25000,100,7068900,177222000000,200,true,0.81
"VCG",140156,"/Date(1704697335000)/",25000,200,7068800,177220000000,200,true,0.81
"VCG",140156,"/Date(1704697335000)/",25000,3000,7068600,177215000000,200,true,0.81
"VCG",140156,"/Date(1704697335000)/",25000,1700,7065600,177140000000,200,true,0.81
"VCG",140156,"/Date(1704697335000)/",25000,5000,7063900,177097000000,200,true,0.81
"VCG",140156,"/Date(1704697335000)/",25000,1000,7058900,176972000000,200,true,0.81
"VCG",140156,"/Date(1704697335000)/",25000,5000,7057900,176947000000,200,true,0.81
"VCG",140156,"/Date(1704697335000)/",25000,2000,7052900,176822000000,200,true,0.81
"VCG",140156,"/Date(1704697335000)/",25000,300,7050900,176772000000,200,true,0.81
"VCG",140156,"/Date(1704697335000)/",25000,2700,7050600,176765000000,200,true,0.81
"VCG",140137,"/Date(1704697314000)/",25000,2000,7047900,176697000000,200,true,0.81
"VCG",140137,"/Date(1704697314000)/",25050,100,7045900,176647000000,250,false,1.01
"VCG",140131,"/Date(1704697308000)/",25050,300,7045800,176645000000,250,false,1.01
"VCG",140108,"/Date(1704697285000)/",25050,500,7045500,176637000000,250,false,1.01
"VCG",140055,"/Date(1704697273000)/",25050,1000,7045000,176624000000,250,false,1.01
"VCG",140052,"/Date(1704697270000)/",25000,1400,7044000,176599000000,200,true,0.81
"VCG",140052,"/Date(1704697270000)/",25000,100,7042600,176564000000,200,true,0.81
"VCG",140052,"/Date(1704697270000)/",25000,500,7042500,176562000000,200,true,0.81
"VCG",140052,"/Date(1704697270000)/",25000,100,7042000,176549000000,200,true,0.81
"VCG",140043,"/Date(1704697262000)/",25050,1000,7041900,176547000000,250,false,1.01
"VCG",140033,"/Date(1704697252000)/",25050,5000,7040900,176522000000,250,false,1.01
"VCG",140033,"/Date(1704697252000)/",25050,1000,7035900,176397000000,250,false,1.01
"VCG",140033,"/Date(1704697252000)/",25050,400,7034900,176372000000,250,false,1.01
"VCG",140033,"/Date(1704697252000)/",25050,200,7034500,176362000000,250,false,1.01
"VCG",140033,"/Date(1704697252000)/",25050,2000,7034300,176357000000,250,false,1.01
"VCG",140033,"/Date(1704697252000)/",25050,500,7032300,176306000000,250,false,1.01
"VCG",140033,"/Date(1704697252000)/",25050,5000,7031800,176294000000,250,false,1.01
"VCG",140033,"/Date(1704697252000)/",25050,9000,7026800,176169000000,250,false,1.01
"VCG",140033,"/Date(1704697252000)/",25050,100,7017800,175943000000,250,false,1.01
"VCG",140033,"/Date(1704697252000)/",25050,5000,7017700,175941000000,250,false,1.01
"VCG",140033,"/Date(1704697252000)/",25050,1000,7012700,175815000000,250,false,1.01
"VCG",140033,"/Date(1704697252000)/",25050,1000,7011700,175790000000,250,false,1.01
"VCG",140033,"/Date(1704697252000)/",25050,100,7010700,175765000000,250,false,1.01
"VCG",140033,"/Date(1704697252000)/",25050,18500,7010600,175763000000,250,false,1.01
"VCG",140030,"/Date(1704697248000)/",25100,100,6992100,175299000000,300,false,1.21
"VCG",140027,"/Date(1704697246000)/",25050,1500,6992000,175297000000,250,true,1.01
"VCG",140027,"/Date(1704697246000)/",25050,5000,6990500,175259000000,250,true,1.01
"VCG",140027,"/Date(1704697246000)/",25050,400,6985500,175134000000,250,true,1.01
"VCG",140027,"/Date(1704697246000)/",25050,100,6985100,175124000000,250,true,1.01
"VCG",140027,"/Date(1704697246000)/",25050,3000,6985000,175122000000,250,true,1.01
"VCG",140020,"/Date(1704697240000)/",25100,1200,6982000,175046000000,300,false,1.21
"VCG",140020,"/Date(1704697240000)/",25100,100,6980800,175016000000,300,false,1.21
"VCG",140020,"/Date(1704697240000)/",25100,1000,6980700,175014000000,300,false,1.21
"VCG",140020,"/Date(1704697240000)/",25100,700,6979700,174989000000,300,false,1.21
"VCG",140010,"/Date(1704697228000)/",25050,1000,6979000,174971000000,250,true,1.01
"VCG",140007,"/Date(1704697226000)/",25050,1000,6978000,174946000000,250,true,1.01
"VCG",140007,"/Date(1704697226000)/",25050,1000,6977000,174921000000,250,true,1.01
"VCG",135942,"/Date(1704697201000)/",25050,20000,6976000,174896000000,250,true,1.01
"VCG",135939,"/Date(1704697199000)/",25050,100,6956000,174395000000,250,true,1.01
"VCG",135926,"/Date(1704697183000)/",25050,2500,6955900,174392000000,250,true,1.01
"VCG",135835,"/Date(1704697133000)/",25050,300,6953400,174330000000,250,true,1.01
"VCG",135835,"/Date(1704697133000)/",25050,100,6953100,174322000000,250,true,1.01
"VCG",135835,"/Date(1704697133000)/",25050,100,6953000,174320000000,250,true,1.01
"VCG",135831,"/Date(1704697130000)/",25050,2200,6952900,174317000000,250,true,1.01
"VCG",135825,"/Date(1704697123000)/",25050,1000,6950700,174262000000,250,true,1.01
"VCG",135819,"/Date(1704697117000)/",25100,200,6949700,174237000000,300,false,1.21
"VCG",135747,"/Date(1704697084000)/",25050,1700,6949500,174232000000,250,true,1.01
"VCG",135747,"/Date(1704697084000)/",25050,400,6947800,174190000000,250,true,1.01
"VCG",135737,"/Date(1704697075000)/",25100,100,6947400,174180000000,300,false,1.21
"VCG",135734,"/Date(1704697072000)/",25050,100,6947300,174177000000,250,true,1.01
"VCG",135734,"/Date(1704697072000)/",25050,500,6947200,174175000000,250,true,1.01
"VCG",135734,"/Date(1704697072000)/",25050,1400,6946700,174162000000,250,true,1.01
"VCG",135731,"/Date(1704697068000)/",25050,2000,6945300,174127000000,250,true,1.01
"VCG",135708,"/Date(1704697047000)/",25050,100,6943300,174077000000,250,true,1.01
"VCG",135705,"/Date(1704697045000)/",25050,500,6943200,174074000000,250,false,1.01
"VCG",135705,"/Date(1704697045000)/",25050,4500,6942700,174062000000,250,false,1.01
"VCG",135705,"/Date(1704697045000)/",25050,400,6938200,173949000000,250,false,1.01
"VCG",135705,"/Date(1704697043000)/",25050,600,6937800,173939000000,250,false,1.01
"VCG",135705,"/Date(1704697043000)/",25050,1800,6937200,173924000000,250,false,1.01
"VCG",135705,"/Date(1704697043000)/",25050,2000,6935400,173879000000,250,false,1.01
"VCG",135705,"/Date(1704697043000)/",25050,200,6933400,173829000000,250,false,1.01
"VCG",135705,"/Date(1704697043000)/",25050,400,6933200,173824000000,250,false,1.01
"VCG",135649,"/Date(1704697029000)/",25050,500,6932800,173814000000,250,false,1.01
"VCG",135649,"/Date(1704697029000)/",25050,2000,6932300,173801000000,250,false,1.01
"VCG",135649,"/Date(1704697029000)/",25050,100,6930300,173751000000,250,false,1.01
"VCG",135649,"/Date(1704697028000)/",25050,500,6930200,173749000000,250,false,1.01
"VCG",135639,"/Date(1704697019000)/",25050,1400,6929700,173736000000,250,true,1.01
"VCG",135639,"/Date(1704697019000)/",25050,5000,6928300,173701000000,250,true,1.01
"VCG",135639,"/Date(1704697019000)/",25050,800,6923300,173576000000,250,true,1.01
"VCG",135639,"/Date(1704697019000)/",25050,5000,6922500,173556000000,250,true,1.01
"VCG",135639,"/Date(1704697019000)/",25050,7800,6917500,173431000000,250,true,1.01
"VCG",135627,"/Date(1704697006000)/",25050,1000,6909700,173235000000,250,true,1.01
"VCG",135620,"/Date(1704696998000)/",25050,1200,6908700,173210000000,250,true,1.01
"VCG",135620,"/Date(1704696998000)/",25050,18800,6907500,173180000000,250,true,1.01
"VCG",135617,"/Date(1704696997000)/",25050,2000,6888700,172709000000,250,true,1.01
"VCG",135545,"/Date(1704696963000)/",25050,500,6886700,172659000000,250,false,1.01
"VCG",135545,"/Date(1704696963000)/",25050,1000,6886200,172646000000,250,false,1.01
"VCG",135545,"/Date(1704696963000)/",25050,3400,6885200,172621000000,250,false,1.01
"VCG",135545,"/Date(1704696963000)/",25050,500,6881800,172536000000,250,false,1.01
"VCG",135545,"/Date(1704696963000)/",25050,10000,6881300,172524000000,250,false,1.01
"VCG",135545,"/Date(1704696963000)/",25050,10000,6871300,172273000000,250,false,1.01
"VCG",135545,"/Date(1704696963000)/",25050,5000,6861300,172023000000,250,false,1.01
"VCG",135545,"/Date(1704696963000)/",25050,5000,6856300,171897000000,250,false,1.01
"VCG",135545,"/Date(1704696963000)/",25050,1000,6851300,171772000000,250,false,1.01
"VCG",135545,"/Date(1704696963000)/",25050,1000,6850300,171747000000,250,false,1.01
"VCG",135545,"/Date(1704696963000)/",25050,200,6849300,171722000000,250,false,1.01
"VCG",135545,"/Date(1704696963000)/",25050,14400,6849100,171717000000,250,false,1.01
"VCG",135536,"/Date(1704696953000)/",25000,2300,6834700,171356000000,200,true,0.81
"VCG",135510,"/Date(1704696928000)/",25000,500,6832400,171299000000,200,true,0.81
"VCG",135444,"/Date(1704696904000)/",25000,2100,6831900,171286000000,200,true,0.81
"VCG",135444,"/Date(1704696904000)/",25050,400,6829800,171234000000,250,false,1.01
"VCG",135432,"/Date(1704696891000)/",25050,500,6829400,171224000000,250,false,1.01
"VCG",135400,"/Date(1704696859000)/",25000,1200,6828900,171211000000,200,true,0.81
"VCG",135400,"/Date(1704696859000)/",25000,500,6827700,171181000000,200,true,0.81
"VCG",135400,"/Date(1704696859000)/",25000,400,6827200,171169000000,200,true,0.81
"VCG",135400,"/Date(1704696858000)/",25050,500,6826800,171159000000,250,false,1.01
"VCG",135356,"/Date(1704696855000)/",25050,600,6826300,171146000000,250,false,1.01
"VCG",135356,"/Date(1704696855000)/",25050,2000,6825700,171131000000,250,false,1.01
"VCG",135356,"/Date(1704696855000)/",25050,100,6823700,171081000000,250,false,1.01
"VCG",135356,"/Date(1704696855000)/",25050,300,6823600,171079000000,250,false,1.01
"VCG",135337,"/Date(1704696836000)/",25050,700,6823300,171071000000,250,false,1.01
"VCG",135337,"/Date(1704696836000)/",25050,1000,6822600,171054000000,250,false,1.01
"VCG",135337,"/Date(1704696836000)/",25050,8300,6821600,171029000000,250,false,1.01
"VCG",135318,"/Date(1704696816000)/",25000,8000,6813300,170821000000,200,true,0.81
"VCG",135318,"/Date(1704696816000)/",25000,2100,6805300,170621000000,200,true,0.81
"VCG",135305,"/Date(1704696802000)/",25000,1000,6803200,170568000000,200,true,0.81
"VCG",135259,"/Date(1704696797000)/",25000,5000,6802200,170543000000,200,true,0.81
"VCG",135246,"/Date(1704696784000)/",25000,1600,6797200,170418000000,200,true,0.81
"VCG",135233,"/Date(1704696772000)/",25000,2000,6795600,170378000000,200,true,0.81
"VCG",135230,"/Date(1704696770000)/",25000,200,6793600,170328000000,200,true,0.81
"VCG",135230,"/Date(1704696769000)/",25050,2500,6793400,170323000000,250,false,1.01
"VCG",135224,"/Date(1704696762000)/",25050,800,6790900,170261000000,250,false,1.01
"VCG",135214,"/Date(1704696754000)/",25000,22200,6790100,170241000000,200,true,0.81
"VCG",135146,"/Date(1704696723000)/",25000,100,6767900,169686000000,200,true,0.81
"VCG",135139,"/Date(1704696719000)/",25000,2000,6767800,169683000000,200,true,0.81
"VCG",135133,"/Date(1704696710000)/",25000,200,6765800,169633000000,200,true,0.81
"VCG",135130,"/Date(1704696708000)/",25000,5000,6765600,169628000000,200,true,0.81
"VCG",135117,"/Date(1704696696000)/",25000,3000,6760600,169503000000,200,true,0.81
"VCG",135107,"/Date(1704696687000)/",25000,1200,6757600,169428000000,200,true,0.81
"VCG",135104,"/Date(1704696683000)/",25000,2100,6756400,169398000000,200,true,0.81
"VCG",135054,"/Date(1704696674000)/",25000,24300,6754300,169346000000,200,true,0.81
"VCG",135054,"/Date(1704696674000)/",25000,300,6730000,168738000000,200,true,0.81
"VCG",135054,"/Date(1704696674000)/",25000,100,6729700,168731000000,200,true,0.81
"VCG",135054,"/Date(1704696674000)/",25000,100,6729600,168728000000,200,true,0.81
"VCG",135054,"/Date(1704696674000)/",25000,600,6729500,168726000000,200,true,0.81
"VCG",135054,"/Date(1704696674000)/",25000,1000,6728900,168711000000,200,true,0.81
"VCG",135054,"/Date(1704696674000)/",25000,300,6727900,168686000000,200,true,0.81
"VCG",135054,"/Date(1704696674000)/",25000,3000,6727600,168678000000,200,true,0.81
"VCG",135054,"/Date(1704696674000)/",25000,100,6724600,168603000000,200,true,0.81
"VCG",135054,"/Date(1704696674000)/",25000,100,6724500,168601000000,200,true,0.81
"VCG",135054,"/Date(1704696674000)/",25000,9300,6724400,168598000000,200,true,0.81
"VCG",135054,"/Date(1704696674000)/",25000,100,6715100,168366000000,200,true,0.81
"VCG",135054,"/Date(1704696674000)/",25000,200,6715000,168363000000,200,true,0.81
"VCG",135054,"/Date(1704696674000)/",25000,100,6714800,168358000000,200,true,0.81
"VCG",135054,"/Date(1704696674000)/",25000,500,6714700,168356000000,200,true,0.81
"VCG",135054,"/Date(1704696674000)/",25000,10000,6714200,168343000000,200,true,0.81
"VCG",135054,"/Date(1704696674000)/",25000,200,6704200,168093000000,200,true,0.81
"VCG",135054,"/Date(1704696674000)/",25000,1100,6704000,168088000000,200,true,0.81
"VCG",135054,"/Date(1704696674000)/",25000,300,6702900,168061000000,200,true,0.81
"VCG",135054,"/Date(1704696674000)/",25000,500,6702600,168053000000,200,true,0.81
"VCG",135054,"/Date(1704696674000)/",25000,600,6702100,168041000000,200,true,0.81
"VCG",135054,"/Date(1704696674000)/",25000,2000,6701500,168026000000,200,true,0.81
"VCG",135054,"/Date(1704696674000)/",25000,200,6699500,167976000000,200,true,0.81
"VCG",135054,"/Date(1704696674000)/",25000,1000,6699300,167971000000,200,true,0.81
"VCG",135054,"/Date(1704696674000)/",25000,300,6698300,167946000000,200,true,0.81
"VCG",135054,"/Date(1704696674000)/",25000,16700,6698000,167938000000,200,true,0.81
"VCG",135048,"/Date(1704696667000)/",25000,100,6681300,167521000000,200,true,0.81
"VCG",135038,"/Date(1704696656000)/",25000,500,6681200,167518000000,200,true,0.81
"VCG",135029,"/Date(1704696649000)/",25000,300,6680700,167506000000,200,true,0.81
"VCG",135029,"/Date(1704696646000)/",25050,3000,6680400,167498000000,250,false,1.01
"VCG",135022,"/Date(1704696641000)/",25000,2000,6677400,167423000000,200,true,0.81
"VCG",134944,"/Date(1704696604000)/",25000,400,6675400,167373000000,200,true,0.81
"VCG",134944,"/Date(1704696604000)/",25000,100,6675000,167363000000,200,true,0.81
"VCG",134935,"/Date(1704696594000)/",25000,1900,6674900,167360000000,200,true,0.81
"VCG",134935,"/Date(1704696594000)/",25000,300,6673000,167313000000,200,true,0.81
"VCG",134903,"/Date(1704696561000)/",25050,1000,6672700,167305000000,250,false,1.01
"VCG",134859,"/Date(1704696560000)/",25000,200,6671700,167280000000,200,true,0.81
"VCG",134856,"/Date(1704696555000)/",25050,1000,6671500,167275000000,250,false,1.01
"VCG",134853,"/Date(1704696551000)/",25000,2000,6670500,167250000000,200,true,0.81
"VCG",134827,"/Date(1704696527000)/",25050,3400,6668500,167200000000,250,false,1.01
"VCG",134827,"/Date(1704696527000)/",25050,100,6665100,167115000000,250,false,1.01
"VCG",134827,"/Date(1704696527000)/",25050,20000,6665000,167113000000,250,false,1.01
"VCG",134827,"/Date(1704696527000)/",25050,300,6645000,166612000000,250,false,1.01
"VCG",134827,"/Date(1704696527000)/",25050,2000,6644700,166604000000,250,false,1.01
"VCG",134827,"/Date(1704696527000)/",25050,300,6642700,166554000000,250,false,1.01
"VCG",134827,"/Date(1704696527000)/",25050,15800,6642400,166546000000,250,false,1.01
"VCG",134815,"/Date(1704696512000)/",25050,100,6626600,166151000000,250,false,1.01
"VCG",134811,"/Date(1704696509000)/",25000,100,6626500,166148000000,200,true,0.81
"VCG",134808,"/Date(1704696506000)/",25000,400,6626400,166146000000,200,true,0.81
"VCG",134808,"/Date(1704696506000)/",25000,1600,6626000,166136000000,200,true,0.81
"VCG",134752,"/Date(1704696489000)/",25000,8400,6624400,166096000000,200,true,0.81
"VCG",134752,"/Date(1704696489000)/",25000,1600,6616000,165886000000,200,true,0.81
"VCG",134727,"/Date(1704696464000)/",25000,2300,6614400,165846000000,200,true,0.81
"VCG",134717,"/Date(1704696456000)/",25000,200,6612100,165788000000,200,true,0.81
"VCG",134707,"/Date(1704696447000)/",25050,300,6611900,165783000000,250,false,1.01
"VCG",134645,"/Date(1704696423000)/",25050,900,6611600,165776000000,250,false,1.01
"VCG",134635,"/Date(1704696414000)/",25000,900,6610700,165753000000,200,true,0.81
"VCG",134635,"/Date(1704696414000)/",25000,1200,6609800,165731000000,200,true,0.81
"VCG",134619,"/Date(1704696399000)/",25000,18800,6608600,165701000000,200,true,0.81
"VCG",134619,"/Date(1704696399000)/",25000,500,6589800,165231000000,200,true,0.81
"VCG",134619,"/Date(1704696399000)/",25000,1000,6589300,165218000000,200,true,0.81
"VCG",134619,"/Date(1704696399000)/",25000,1000,6588300,165193000000,200,true,0.81
"VCG",134619,"/Date(1704696399000)/",25000,100,6587300,165168000000,200,true,0.81
"VCG",134619,"/Date(1704696399000)/",25000,10000,6587200,165166000000,200,true,0.81
"VCG",134619,"/Date(1704696399000)/",25000,200,6577200,164916000000,200,true,0.81
"VCG",134619,"/Date(1704696399000)/",25000,500,6577000,164911000000,200,true,0.81
"VCG",134619,"/Date(1704696399000)/",25000,100,6576500,164898000000,200,true,0.81
"VCG",134619,"/Date(1704696399000)/",25000,1000,6576400,164896000000,200,true,0.81
"VCG",134619,"/Date(1704696399000)/",25000,500,6575400,164871000000,200,true,0.81
"VCG",134619,"/Date(1704696399000)/",25000,5000,6574900,164858000000,200,true,0.81
"VCG",134619,"/Date(1704696399000)/",25000,11300,6569900,164733000000,200,true,0.81
"VCG",134616,"/Date(1704696395000)/",25050,1000,6558600,164451000000,250,false,1.01
"VCG",134600,"/Date(1704696378000)/",25050,200,6557600,164426000000,250,false,1.01
"VCG",134553,"/Date(1704696370000)/",25000,2100,6557400,164421000000,200,true,0.81
"VCG",134547,"/Date(1704696364000)/",25000,300,6555300,164368000000,200,true,0.81
"VCG",134528,"/Date(1704696345000)/",25000,9000,6555000,164361000000,200,true,0.81
"VCG",134528,"/Date(1704696345000)/",25050,2000,6546000,164136000000,250,false,1.01
"VCG",134518,"/Date(1704696336000)/",25000,600,6544000,164085000000,200,true,0.81
"VCG",134509,"/Date(1704696326000)/",25000,2000,6543400,164070000000,200,true,0.81
"VCG",134505,"/Date(1704696324000)/",25050,1000,6541400,164020000000,250,false,1.01
"VCG",134505,"/Date(1704696324000)/",25050,2000,6540400,163995000000,250,false,1.01
"VCG",134502,"/Date(1704696320000)/",25050,3000,6538400,163945000000,250,false,1.01
"VCG",134459,"/Date(1704696319000)/",25050,1000,6535400,163870000000,250,false,1.01
"VCG",134459,"/Date(1704696318000)/",25050,600,6534400,163845000000,250,false,1.01
"VCG",134453,"/Date(1704696313000)/",25050,2200,6533800,163830000000,250,false,1.01
"VCG",134446,"/Date(1704696306000)/",25050,10500,6531600,163775000000,250,false,1.01
"VCG",134443,"/Date(1704696302000)/",25050,1000,6521100,163512000000,250,false,1.01
"VCG",134437,"/Date(1704696296000)/",25050,5000,6520100,163487000000,250,false,1.01
"VCG",134430,"/Date(1704696288000)/",25050,3400,6515100,163362000000,250,false,1.01
"VCG",134430,"/Date(1704696288000)/",25050,1000,6511700,163276000000,250,false,1.01
"VCG",134430,"/Date(1704696288000)/",25050,2000,6510700,163251000000,250,false,1.01
"VCG",134430,"/Date(1704696288000)/",25050,3600,6508700,163201000000,250,false,1.01
"VCG",134427,"/Date(1704696286000)/",25000,600,6505100,163111000000,200,true,0.81
"VCG",134424,"/Date(1704696283000)/",25050,6400,6504500,163096000000,250,false,1.01
"VCG",134424,"/Date(1704696283000)/",25050,13600,6498100,162936000000,250,false,1.01
"VCG",134424,"/Date(1704696283000)/",25000,2000,6484500,162595000000,200,true,0.81
"VCG",134411,"/Date(1704696269000)/",25050,5000,6482500,162545000000,250,false,1.01
"VCG",134402,"/Date(1704696260000)/",25000,1000,6477500,162420000000,200,true,0.81
"VCG",134355,"/Date(1704696255000)/",25050,500,6476500,162395000000,250,false,1.01
"VCG",134355,"/Date(1704696253000)/",25050,900,6476000,162382000000,250,false,1.01
"VCG",134355,"/Date(1704696253000)/",25050,100,6475100,162360000000,250,false,1.01
"VCG",134355,"/Date(1704696253000)/",25050,1000,6475000,162357000000,250,false,1.01
"VCG",134349,"/Date(1704696247000)/",25000,100,6474000,162332000000,200,true,0.81
"VCG",134342,"/Date(1704696240000)/",25000,500,6473900,162330000000,200,true,0.81
"VCG",134342,"/Date(1704696240000)/",25000,2000,6473400,162317000000,200,true,0.81
"VCG",134342,"/Date(1704696240000)/",25000,300,6471400,162267000000,200,true,0.81
"VCG",134251,"/Date(1704696189000)/",25050,1000,6471100,162260000000,250,false,1.01
"VCG",134251,"/Date(1704696189000)/",25050,500,6470100,162235000000,250,false,1.01
"VCG",134251,"/Date(1704696189000)/",25050,100,6469600,162222000000,250,false,1.01
"VCG",134251,"/Date(1704696189000)/",25050,1000,6469500,162220000000,250,false,1.01
"VCG",134251,"/Date(1704696189000)/",25050,1000,6468500,162195000000,250,false,1.01
"VCG",134251,"/Date(1704696189000)/",25050,3800,6467500,162170000000,250,false,1.01
"VCG",134251,"/Date(1704696189000)/",25050,100,6463700,162074000000,250,false,1.01
"VCG",134251,"/Date(1704696189000)/",25050,400,6463600,162072000000,250,false,1.01
"VCG",134251,"/Date(1704696189000)/",25050,400,6463200,162062000000,250,false,1.01
"VCG",134251,"/Date(1704696189000)/",25050,1000,6462800,162052000000,250,false,1.01
"VCG",134251,"/Date(1704696189000)/",25050,100,6461800,162027000000,250,false,1.01
"VCG",134251,"/Date(1704696189000)/",25050,100,6461700,162024000000,250,false,1.01
"VCG",134251,"/Date(1704696189000)/",25050,500,6461600,162022000000,250,false,1.01
"VCG",134245,"/Date(1704696183000)/",25050,1000,6461100,162009000000,250,false,1.01
"VCG",134242,"/Date(1704696180000)/",25000,2300,6460100,161984000000,200,true,0.81
"VCG",134235,"/Date(1704696174000)/",25050,2200,6457800,161927000000,250,false,1.01
"VCG",134235,"/Date(1704696174000)/",25050,1000,6455600,161872000000,250,false,1.01
"VCG",134229,"/Date(1704696168000)/",25050,1000,6454600,161847000000,250,false,1.01
"VCG",134229,"/Date(1704696168000)/",25050,5000,6453600,161821000000,250,false,1.01
"VCG",134229,"/Date(1704696168000)/",25050,1000,6448600,161696000000,250,false,1.01
"VCG",134229,"/Date(1704696168000)/",25050,700,6447600,161671000000,250,false,1.01
"VCG",134229,"/Date(1704696168000)/",25050,100,6446900,161654000000,250,false,1.01
"VCG",134229,"/Date(1704696168000)/",25050,500,6446800,161651000000,250,false,1.01
"VCG",134229,"/Date(1704696168000)/",25050,5000,6446300,161639000000,250,false,1.01
"VCG",134229,"/Date(1704696168000)/",25050,100,6441300,161513000000,250,false,1.01
"VCG",134229,"/Date(1704696168000)/",25050,15000,6441200,161511000000,250,false,1.01
"VCG",134229,"/Date(1704696168000)/",25050,500,6426200,161135000000,250,false,1.01
"VCG",134229,"/Date(1704696168000)/",25050,100,6425700,161123000000,250,false,1.01
"VCG",134229,"/Date(1704696168000)/",25050,400,6425600,161120000000,250,false,1.01
"VCG",134229,"/Date(1704696168000)/",25050,500,6425200,161110000000,250,false,1.01
"VCG",134229,"/Date(1704696168000)/",25050,100,6424700,161098000000,250,false,1.01
"VCG",134154,"/Date(1704696132000)/",25000,2400,6424600,161095000000,200,true,0.81
"VCG",134144,"/Date(1704696124000)/",25000,300,6422200,161035000000,200,true,0.81
"VCG",134138,"/Date(1704696117000)/",25000,100,6421900,161028000000,200,true,0.81
"VCG",134102,"/Date(1704696081000)/",25000,600,6421800,161025000000,200,true,0.81
"VCG",134102,"/Date(1704696081000)/",25000,1000,6421200,161010000000,200,true,0.81
"VCG",134102,"/Date(1704696081000)/",25000,500,6420200,160985000000,200,true,0.81
"VCG",134059,"/Date(1704696077000)/",25050,700,6419700,160973000000,250,false,1.01
"VCG",134059,"/Date(1704696077000)/",25050,1300,6419000,160955000000,250,false,1.01
"VCG",134056,"/Date(1704696076000)/",25050,8700,6417700,160922000000,250,false,1.01
"VCG",134056,"/Date(1704696076000)/",25050,2000,6409000,160705000000,250,false,1.01
"VCG",134056,"/Date(1704696076000)/",25050,5000,6407000,160654000000,250,false,1.01
"VCG",134056,"/Date(1704696076000)/",25050,2000,6402000,160529000000,250,false,1.01
"VCG",134056,"/Date(1704696076000)/",25050,6000,6400000,160479000000,250,false,1.01
"VCG",134053,"/Date(1704696072000)/",25000,2000,6394000,160329000000,200,true,0.81
"VCG",134053,"/Date(1704696072000)/",25000,1000,6392000,160279000000,200,true,0.81
"VCG",134053,"/Date(1704696072000)/",25000,500,6391000,160254000000,200,true,0.81
"VCG",134053,"/Date(1704696072000)/",25000,6000,6390500,160241000000,200,true,0.81
"VCG",134053,"/Date(1704696072000)/",25000,500,6384500,160091000000,200,true,0.81
"VCG",134053,"/Date(1704696072000)/",25000,200,6384000,160079000000,200,true,0.81
"VCG",134053,"/Date(1704696072000)/",25000,1000,6383800,160074000000,200,true,0.81
"VCG",134053,"/Date(1704696072000)/",25000,2300,6382800,160049000000,200,true,0.81
"VCG",134053,"/Date(1704696072000)/",25000,5000,6380500,159991000000,200,true,0.81
"VCG",134053,"/Date(1704696072000)/",25000,100,6375500,159866000000,200,true,0.81
"VCG",134053,"/Date(1704696072000)/",25000,2000,6375400,159864000000,200,true,0.81
"VCG",134053,"/Date(1704696072000)/",25000,100,6373400,159814000000,200,true,0.81
"VCG",134053,"/Date(1704696072000)/",25000,100,6373300,159811000000,200,true,0.81
"VCG",134053,"/Date(1704696072000)/",25000,400,6373200,159809000000,200,true,0.81
"VCG",134053,"/Date(1704696072000)/",25000,1000,6372800,159799000000,200,true,0.81
"VCG",134053,"/Date(1704696072000)/",25000,1000,6371800,159774000000,200,true,0.81
"VCG",134053,"/Date(1704696072000)/",25000,6800,6370800,159749000000,200,true,0.81
"VCG",134053,"/Date(1704696072000)/",25000,5000,6364000,159579000000,200,true,0.81
"VCG",134053,"/Date(1704696072000)/",25000,1000,6359000,159454000000,200,true,0.81
"VCG",134053,"/Date(1704696072000)/",25000,10000,6358000,159429000000,200,true,0.81
"VCG",134053,"/Date(1704696072000)/",25000,4000,6348000,159179000000,200,true,0.81
"VCG",134018,"/Date(1704696037000)/",25000,2000,6344000,159079000000,200,true,0.81
"VCG",134018,"/Date(1704696035000)/",25000,1000,6342000,159029000000,200,true,0.81
"VCG",134005,"/Date(1704696024000)/",25000,1600,6341000,159004000000,200,true,0.81
"VCG",134005,"/Date(1704696024000)/",25000,2000,6339400,158964000000,200,true,0.81
"VCG",134005,"/Date(1704696024000)/",25000,1400,6337400,158914000000,200,true,0.81
"VCG",134005,"/Date(1704696023000)/",25000,1300,6336000,158879000000,200,true,0.81
"VCG",133943,"/Date(1704696000000)/",25000,2300,6334700,158846000000,200,true,0.81
"VCG",133943,"/Date(1704696000000)/",25000,600,6332400,158789000000,200,true,0.81
"VCG",133943,"/Date(1704696000000)/",25000,10000,6331800,158774000000,200,true,0.81
"VCG",133943,"/Date(1704696000000)/",25000,1100,6321800,158524000000,200,true,0.81
"VCG",133939,"/Date(1704695998000)/",25050,5000,6320700,158496000000,250,false,1.01
"VCG",133936,"/Date(1704695995000)/",25000,2100,6315700,158371000000,200,true,0.81
"VCG",133923,"/Date(1704695983000)/",25050,500,6313600,158319000000,250,false,1.01
"VCG",133923,"/Date(1704695982000)/",25000,1800,6313100,158306000000,200,true,0.81
"VCG",133923,"/Date(1704695982000)/",25000,4900,6311300,158261000000,200,true,0.81
"VCG",133917,"/Date(1704695977000)/",25000,100,6306400,158138000000,200,true,0.81
"VCG",133917,"/Date(1704695977000)/",25000,1000,6306300,158136000000,200,true,0.81
"VCG",133917,"/Date(1704695977000)/",25000,1000,6305300,158111000000,200,true,0.81
"VCG",133917,"/Date(1704695977000)/",25000,900,6304300,158086000000,200,true,0.81
"VCG",133907,"/Date(1704695967000)/",25000,100,6303400,158063000000,200,true,0.81
"VCG",133907,"/Date(1704695967000)/",25000,500,6303300,158061000000,200,true,0.81
"VCG",133907,"/Date(1704695967000)/",25000,400,6302800,158048000000,200,true,0.81
"VCG",133907,"/Date(1704695965000)/",25050,1100,6302400,158038000000,250,false,1.01
"VCG",133851,"/Date(1704695949000)/",25000,2100,6301300,158011000000,200,true,0.81
"VCG",133851,"/Date(1704695949000)/",25050,1000,6299200,157958000000,250,false,1.01
"VCG",133810,"/Date(1704695910000)/",25050,2900,6298200,157933000000,250,false,1.01
"VCG",133807,"/Date(1704695904000)/",25000,2300,6295300,157861000000,200,true,0.81
"VCG",133803,"/Date(1704695902000)/",25000,5200,6293000,157803000000,200,true,0.81
"VCG",133803,"/Date(1704695902000)/",25000,300,6287800,157673000000,200,true,0.81
"VCG",133754,"/Date(1704695892000)/",25000,200,6287500,157666000000,200,true,0.81
"VCG",133735,"/Date(1704695874000)/",25000,3000,6287300,157661000000,200,true,0.81
"VCG",133719,"/Date(1704695857000)/",25000,2100,6284300,157586000000,200,true,0.81
"VCG",133703,"/Date(1704695842000)/",25000,500,6282200,157533000000,200,true,0.81
"VCG",133703,"/Date(1704695842000)/",25000,100,6281700,157521000000,200,true,0.81
"VCG",133703,"/Date(1704695842000)/",25000,2200,6281600,157518000000,200,true,0.81
"VCG",133659,"/Date(1704695839000)/",25000,300,6279400,157463000000,200,false,0.81
"VCG",133659,"/Date(1704695839000)/",25000,500,6279100,157456000000,200,false,0.81
"VCG",133659,"/Date(1704695839000)/",25000,100,6278600,157443000000,200,false,0.81
"VCG",133659,"/Date(1704695839000)/",25000,200,6278500,157441000000,200,false,0.81
"VCG",133659,"/Date(1704695839000)/",25000,100,6278300,157436000000,200,false,0.81
"VCG",133659,"/Date(1704695839000)/",25000,300,6278200,157433000000,200,false,0.81
"VCG",133659,"/Date(1704695839000)/",25000,1500,6277900,157426000000,200,false,0.81
"VCG",133659,"/Date(1704695839000)/",25000,100,6276400,157388000000,200,false,0.81
"VCG",133659,"/Date(1704695839000)/",25000,300,6276300,157386000000,200,false,0.81
"VCG",133659,"/Date(1704695839000)/",25000,500,6276000,157378000000,200,false,0.81
"VCG",133659,"/Date(1704695839000)/",25000,3500,6275500,157366000000,200,false,0.81
"VCG",133659,"/Date(1704695839000)/",25000,100,6272000,157278000000,200,false,0.81
"VCG",133659,"/Date(1704695839000)/",25000,500,6271900,157276000000,200,false,0.81
"VCG",133659,"/Date(1704695838000)/",25000,100,6271400,157263000000,200,false,0.81
"VCG",133659,"/Date(1704695838000)/",25000,100,6271300,157261000000,200,false,0.81
"VCG",133659,"/Date(1704695838000)/",25000,100,6271200,157258000000,200,false,0.81
"VCG",133659,"/Date(1704695838000)/",25000,2500,6271100,157256000000,200,false,0.81
"VCG",133659,"/Date(1704695838000)/",25000,200,6268600,157193000000,200,false,0.81
"VCG",133659,"/Date(1704695838000)/",25000,3000,6268400,157188000000,200,false,0.81
"VCG",133659,"/Date(1704695838000)/",25000,3100,6265400,157113000000,200,false,0.81
"VCG",133656,"/Date(1704695833000)/",25000,1900,6262300,157036000000,200,false,0.81
"VCG",133653,"/Date(1704695831000)/",25000,100,6260400,156988000000,200,false,0.81
"VCG",133653,"/Date(1704695831000)/",25000,30000,6260300,156986000000,200,false,0.81
"VCG",133650,"/Date(1704695830000)/",25000,2000,6230300,156236000000,200,false,0.81
"VCG",133647,"/Date(1704695825000)/",25000,50000,6228300,156186000000,200,false,0.81
"VCG",133640,"/Date(1704695820000)/",25000,300,6178300,154936000000,200,false,0.81
"VCG",133640,"/Date(1704695818000)/",25000,300,6178000,154928000000,200,false,0.81
"VCG",133634,"/Date(1704695814000)/",25000,3000,6177700,154921000000,200,false,0.81
"VCG",133634,"/Date(1704695812000)/",25000,200,6174700,154846000000,200,false,0.81
"VCG",133631,"/Date(1704695810000)/",24950,100,6174500,154841000000,150,true,0.6
"VCG",133631,"/Date(1704695810000)/",24950,500,6174400,154838000000,150,true,0.6
"VCG",133631,"/Date(1704695810000)/",24950,100,6173900,154826000000,150,true,0.6
"VCG",133631,"/Date(1704695810000)/",24950,500,6173800,154823000000,150,true,0.6
"VCG",133631,"/Date(1704695810000)/",24950,1000,6173300,154811000000,150,true,0.6
"VCG",133621,"/Date(1704695801000)/",25000,2000,6172300,154786000000,200,false,0.81
"VCG",133615,"/Date(1704695793000)/",25000,1000,6170300,154736000000,200,false,0.81
"VCG",133615,"/Date(1704695792000)/",25000,100,6169300,154711000000,200,false,0.81
"VCG",133612,"/Date(1704695791000)/",25000,500,6169200,154708000000,200,false,0.81
"VCG",133605,"/Date(1704695783000)/",25000,1000,6168700,154696000000,200,false,0.81
"VCG",133552,"/Date(1704695772000)/",25000,5000,6167700,154671000000,200,false,0.81
"VCG",133549,"/Date(1704695768000)/",25000,700,6162700,154546000000,200,false,0.81
"VCG",133546,"/Date(1704695763000)/",24950,2100,6162000,154528000000,150,true,0.6
"VCG",133540,"/Date(1704695759000)/",25000,1000,6159900,154476000000,200,false,0.81
"VCG",133524,"/Date(1704695742000)/",25000,1000,6158900,154451000000,200,false,0.81
"VCG",133501,"/Date(1704695720000)/",24950,2200,6157900,154426000000,150,true,0.6
"VCG",133501,"/Date(1704695720000)/",24950,700,6155700,154371000000,150,true,0.6
"VCG",133501,"/Date(1704695720000)/",24950,100,6155000,154354000000,150,true,0.6
"VCG",133501,"/Date(1704695720000)/",24950,1700,6154900,154351000000,150,true,0.6
"VCG",133455,"/Date(1704695714000)/",25000,20400,6153200,154309000000,200,false,0.81
"VCG",133442,"/Date(1704695700000)/",25000,300,6132800,153799000000,200,false,0.81
"VCG",133432,"/Date(1704695692000)/",25000,1100,6132500,153791000000,200,false,0.81
"VCG",133426,"/Date(1704695684000)/",24950,2400,6131400,153764000000,150,true,0.6
"VCG",133420,"/Date(1704695677000)/",24950,900,6129000,153704000000,150,true,0.6
"VCG",133420,"/Date(1704695677000)/",24950,1000,6128100,153681000000,150,true,0.6
"VCG",133420,"/Date(1704695677000)/",24950,1000,6127100,153656000000,150,true,0.6
"VCG",133420,"/Date(1704695677000)/",24950,10000,6126100,153631000000,150,true,0.6
"VCG",133420,"/Date(1704695677000)/",24950,500,6116100,153382000000,150,true,0.6
"VCG",133420,"/Date(1704695677000)/",24950,100,6115600,153369000000,150,true,0.6
"VCG",133420,"/Date(1704695677000)/",24950,500,6115500,153367000000,150,true,0.6
"VCG",133420,"/Date(1704695677000)/",24950,7900,6115000,153355000000,150,true,0.6
"VCG",133420,"/Date(1704695677000)/",24950,200,6107100,153157000000,150,true,0.6
"VCG",133420,"/Date(1704695677000)/",24950,200,6106900,153152000000,150,true,0.6
"VCG",133420,"/Date(1704695677000)/",24950,300,6106700,153147000000,150,true,0.6
"VCG",133420,"/Date(1704695677000)/",24950,3000,6106400,153140000000,150,true,0.6
"VCG",133420,"/Date(1704695677000)/",24950,10000,6103400,153065000000,150,true,0.6
"VCG",133420,"/Date(1704695677000)/",24950,200,6093400,152816000000,150,true,0.6
"VCG",133420,"/Date(1704695677000)/",24950,6100,6093200,152811000000,150,true,0.6
"VCG",133420,"/Date(1704695677000)/",24950,2000,6087100,152658000000,150,true,0.6
"VCG",133420,"/Date(1704695677000)/",24950,500,6085100,152608000000,150,true,0.6
"VCG",133420,"/Date(1704695677000)/",24950,5000,6084600,152596000000,150,true,0.6
"VCG",133420,"/Date(1704695677000)/",24950,200,6079600,152471000000,150,true,0.6
"VCG",133420,"/Date(1704695677000)/",24950,100,6079400,152466000000,150,true,0.6
"VCG",133420,"/Date(1704695677000)/",24950,1000,6079300,152464000000,150,true,0.6
"VCG",133420,"/Date(1704695677000)/",24950,500,6078300,152439000000,150,true,0.6
"VCG",133420,"/Date(1704695677000)/",24950,1500,6077800,152426000000,150,true,0.6
"VCG",133420,"/Date(1704695677000)/",24950,1200,6076300,152389000000,150,true,0.6
"VCG",133420,"/Date(1704695677000)/",24950,30000,6075100,152359000000,150,true,0.6
"VCG",133420,"/Date(1704695677000)/",24950,1000,6045100,151610000000,150,true,0.6
"VCG",133420,"/Date(1704695677000)/",24950,100,6044100,151586000000,150,true,0.6
"VCG",133420,"/Date(1704695677000)/",24950,500,6044000,151583000000,150,true,0.6
"VCG",133420,"/Date(1704695677000)/",24950,100,6043500,151571000000,150,true,0.6
"VCG",133420,"/Date(1704695677000)/",24950,100,6043400,151568000000,150,true,0.6
"VCG",133420,"/Date(1704695677000)/",24950,14300,6043300,151566000000,150,true,0.6
"VCG",133413,"/Date(1704695673000)/",24950,2600,6029000,151209000000,150,true,0.6
"VCG",133413,"/Date(1704695671000)/",24950,13100,6026400,151144000000,150,true,0.6
"VCG",133413,"/Date(1704695671000)/",24950,500,6013300,150817000000,150,true,0.6
"VCG",133413,"/Date(1704695671000)/",24950,1400,6012800,150805000000,150,true,0.6
"VCG",133403,"/Date(1704695661000)/",25000,200,6011400,150770000000,200,false,0.81
"VCG",133357,"/Date(1704695656000)/",24950,500,6011200,150765000000,150,true,0.6
"VCG",133341,"/Date(1704695639000)/",25000,200,6010700,150752000000,200,false,0.81
"VCG",133331,"/Date(1704695629000)/",24950,1000,6010500,150747000000,150,true,0.6
"VCG",133318,"/Date(1704695618000)/",24950,2100,6009500,150722000000,150,true,0.6
"VCG",133312,"/Date(1704695609000)/",25000,500,6007400,150670000000,200,true,0.81
"VCG",133312,"/Date(1704695609000)/",25000,3000,6006900,150657000000,200,true,0.81
"VCG",133312,"/Date(1704695609000)/",25000,300,6003900,150582000000,200,true,0.81
"VCG",133312,"/Date(1704695609000)/",25000,2000,6003600,150575000000,200,true,0.81
"VCG",133312,"/Date(1704695609000)/",25000,31000,6001600,150525000000,200,true,0.81
"VCG",133312,"/Date(1704695609000)/",25000,500,5970600,149750000000,200,true,0.81
"VCG",133312,"/Date(1704695609000)/",25000,100,5970100,149737000000,200,true,0.81
"VCG",133312,"/Date(1704695609000)/",25000,500,5970000,149735000000,200,true,0.81
"VCG",133312,"/Date(1704695609000)/",25000,300,5969500,149722000000,200,true,0.81
"VCG",133312,"/Date(1704695609000)/",25000,300,5969200,149715000000,200,true,0.81
"VCG",133312,"/Date(1704695609000)/",25000,40000,5968900,149707000000,200,true,0.81
"VCG",133312,"/Date(1704695609000)/",25000,100,5928900,148707000000,200,true,0.81
"VCG",133312,"/Date(1704695609000)/",25000,500,5928800,148705000000,200,true,0.81
"VCG",133312,"/Date(1704695609000)/",25000,1000,5928300,148692000000,200,true,0.81
"VCG",133312,"/Date(1704695609000)/",25000,100,5927300,148667000000,200,true,0.81
"VCG",133312,"/Date(1704695609000)/",25000,300,5927200,148665000000,200,true,0.81
"VCG",133312,"/Date(1704695609000)/",25000,1000,5926900,148657000000,200,true,0.81
"VCG",133312,"/Date(1704695609000)/",25000,600,5925900,148632000000,200,true,0.81
"VCG",133312,"/Date(1704695609000)/",25000,1000,5925300,148617000000,200,true,0.81
"VCG",133312,"/Date(1704695609000)/",25000,200,5924300,148592000000,200,true,0.81
"VCG",133312,"/Date(1704695609000)/",25000,2000,5924100,148587000000,200,true,0.81
"VCG",133312,"/Date(1704695609000)/",25000,100,5922100,148537000000,200,true,0.81
"VCG",133312,"/Date(1704695609000)/",25000,3000,5922000,148535000000,200,true,0.81
"VCG",133312,"/Date(1704695609000)/",25000,2000,5919000,148460000000,200,true,0.81
"VCG",133312,"/Date(1704695609000)/",25000,500,5917000,148410000000,200,true,0.81
"VCG",133312,"/Date(1704695609000)/",25000,1000,5916500,148397000000,200,true,0.81
"VCG",133312,"/Date(1704695609000)/",25000,2500,5915500,148372000000,200,true,0.81
"VCG",133312,"/Date(1704695609000)/",25000,1000,5913000,148310000000,200,true,0.81
"VCG",133312,"/Date(1704695609000)/",25000,1000,5912000,148285000000,200,true,0.81
"VCG",133312,"/Date(1704695609000)/",25000,1700,5911000,148260000000,200,true,0.81
"VCG",133312,"/Date(1704695609000)/",25000,300,5909300,148217000000,200,true,0.81
"VCG",133312,"/Date(1704695609000)/",25000,500,5909000,148210000000,200,true,0.81
"VCG",133312,"/Date(1704695609000)/",25000,1000,5908500,148197000000,200,true,0.81
"VCG",133312,"/Date(1704695609000)/",25000,2000,5907500,148172000000,200,true,0.81
"VCG",133312,"/Date(1704695609000)/",25000,1000,5905500,148122000000,200,true,0.81
"VCG",133312,"/Date(1704695609000)/",25000,10000,5904500,148097000000,200,true,0.81
"VCG",133312,"/Date(1704695609000)/",25000,100,5894500,147847000000,200,true,0.81
"VCG",133312,"/Date(1704695609000)/",25000,1000,5894400,147845000000,200,true,0.81
"VCG",133312,"/Date(1704695609000)/",25000,100,5893400,147820000000,200,true,0.81
"VCG",133312,"/Date(1704695609000)/",25000,5000,5893300,147817000000,200,true,0.81
"VCG",133312,"/Date(1704695609000)/",25000,5000,5888300,147692000000,200,true,0.81
"VCG",133312,"/Date(1704695609000)/",25000,100,5883300,147567000000,200,true,0.81
"VCG",133312,"/Date(1704695609000)/",25000,200,5883200,147565000000,200,true,0.81
"VCG",133312,"/Date(1704695609000)/",25000,3000,5883000,147560000000,200,true,0.81
"VCG",133312,"/Date(1704695609000)/",25000,100,5880000,147485000000,200,true,0.81
"VCG",133312,"/Date(1704695609000)/",25000,600,5879900,147482000000,200,true,0.81
"VCG",133312,"/Date(1704695609000)/",25000,43300,5879300,147467000000,200,true,0.81
"VCG",133253,"/Date(1704695591000)/",25050,3500,5836000,146385000000,250,false,1.01
"VCG",133253,"/Date(1704695591000)/",25050,400,5832500,146297000000,250,false,1.01
"VCG",133253,"/Date(1704695591000)/",25050,5000,5832100,146287000000,250,false,1.01
"VCG",133253,"/Date(1704695591000)/",25050,1000,5827100,146162000000,250,false,1.01
"VCG",133253,"/Date(1704695591000)/",25050,100,5826100,146137000000,250,false,1.01
"VCG",133240,"/Date(1704695578000)/",25000,6700,5826000,146134000000,200,true,0.81
"VCG",133240,"/Date(1704695578000)/",25000,1000,5819300,145967000000,200,true,0.81
"VCG",133240,"/Date(1704695578000)/",25000,600,5818300,145942000000,200,true,0.81
"VCG",133240,"/Date(1704695578000)/",25000,2100,5817700,145927000000,200,true,0.81
"VCG",133234,"/Date(1704695573000)/",25000,2200,5815600,145874000000,200,true,0.81
"VCG",133230,"/Date(1704695568000)/",25050,500,5813400,145819000000,250,false,1.01
"VCG",133227,"/Date(1704695566000)/",25000,5700,5812900,145807000000,200,true,0.81
"VCG",133227,"/Date(1704695566000)/",25000,5000,5807200,145664000000,200,true,0.81
"VCG",133227,"/Date(1704695566000)/",25000,200,5802200,145539000000,200,true,0.81
"VCG",133227,"/Date(1704695566000)/",25000,500,5802000,145534000000,200,true,0.81
"VCG",133227,"/Date(1704695566000)/",25000,200,5801500,145522000000,200,true,0.81
"VCG",133227,"/Date(1704695566000)/",25000,2000,5801300,145517000000,200,true,0.81
"VCG",133227,"/Date(1704695566000)/",25000,100,5799300,145467000000,200,true,0.81
"VCG",133227,"/Date(1704695566000)/",25000,500,5799200,145464000000,200,true,0.81
"VCG",133227,"/Date(1704695566000)/",25000,100,5798700,145452000000,200,true,0.81
"VCG",133227,"/Date(1704695566000)/",25000,200,5798600,145449000000,200,true,0.81
"VCG",133227,"/Date(1704695566000)/",25000,200,5798400,145444000000,200,true,0.81
"VCG",133227,"/Date(1704695566000)/",25000,5300,5798200,145439000000,200,true,0.81
"VCG",133218,"/Date(1704695555000)/",25000,14700,5792900,145307000000,200,true,0.81
"VCG",133218,"/Date(1704695555000)/",25000,100,5778200,144939000000,200,true,0.81
"VCG",133218,"/Date(1704695555000)/",25000,5000,5778100,144937000000,200,true,0.81
"VCG",133218,"/Date(1704695555000)/",25000,1000,5773100,144812000000,200,true,0.81
"VCG",133218,"/Date(1704695555000)/",25000,100,5772100,144787000000,200,true,0.81
"VCG",133218,"/Date(1704695555000)/",25000,1100,5772000,144784000000,200,true,0.81
"VCG",133218,"/Date(1704695555000)/",25000,200,5770900,144757000000,200,true,0.81
"VCG",133211,"/Date(1704695551000)/",25000,100,5770700,144752000000,200,true,0.81
"VCG",133208,"/Date(1704695547000)/",25000,300,5770600,144749000000,200,true,0.81
"VCG",133152,"/Date(1704695529000)/",25000,2000,5770300,144742000000,200,true,0.81
"VCG",133146,"/Date(1704695526000)/",25000,1300,5768300,144692000000,200,true,0.81
"VCG",133146,"/Date(1704695526000)/",25000,200,5767000,144659000000,200,true,0.81
"VCG",133146,"/Date(1704695526000)/",25000,500,5766800,144654000000,200,true,0.81
"VCG",133146,"/Date(1704695526000)/",25000,600,5766300,144642000000,200,true,0.81
"VCG",133143,"/Date(1704695520000)/",25000,400,5765700,144627000000,200,true,0.81
"VCG",133143,"/Date(1704695520000)/",25000,2500,5765300,144617000000,200,true,0.81
"VCG",133143,"/Date(1704695520000)/",25000,100,5762800,144554000000,200,true,0.81
"VCG",133136,"/Date(1704695514000)/",25000,200,5762700,144552000000,200,true,0.81
"VCG",133136,"/Date(1704695514000)/",25000,100,5762500,144547000000,200,true,0.81
"VCG",133136,"/Date(1704695514000)/",25000,100,5762400,144544000000,200,true,0.81
"VCG",133136,"/Date(1704695514000)/",25000,100,5762300,144542000000,200,true,0.81
"VCG",133133,"/Date(1704695511000)/",25000,300,5762200,144539000000,200,true,0.81
"VCG",133133,"/Date(1704695511000)/",25000,2200,5761900,144532000000,200,true,0.81
"VCG",133127,"/Date(1704695504000)/",25050,200,5759700,144477000000,250,false,1.01
"VCG",133127,"/Date(1704695504000)/",25050,200,5759500,144472000000,250,false,1.01
"VCG",133127,"/Date(1704695504000)/",25050,100,5759300,144467000000,250,false,1.01
"VCG",133127,"/Date(1704695504000)/",25050,500,5759200,144464000000,250,false,1.01
"VCG",133127,"/Date(1704695504000)/",25050,1200,5758700,144452000000,250,false,1.01
