"Stockcode","Package","TradingDate","Price","Vol","TotalVol","TotalVal","Change","IsBuy","PerChange"
"CEO",144511,"/Date(1704786302000)/",22900,440000,9843985,227278014000,-400,true,-1.72
"CEO",142955,"/Date(1704785395000)/",22900,1000,9403985,217202014000,-400,true,-1.72
"CEO",142954,"/Date(1704785394000)/",23000,500,9402985,217179114000,-300,false,-1.29
"CEO",142952,"/Date(1704785392000)/",23000,4000,9402485,217167614000,-300,false,-1.29
"CEO",142951,"/Date(1704785391000)/",23000,500,9398485,217075614000,-300,false,-1.29
"CEO",142949,"/Date(1704785389000)/",22900,1000,9397985,217064114000,-400,true,-1.72
"CEO",142946,"/Date(1704785386000)/",23000,3000,9396985,217041214000,-300,false,-1.29
"CEO",142945,"/Date(1704785385000)/",23000,200,9393985,216972214000,-300,false,-1.29
"CEO",142944,"/Date(1704785384000)/",22900,500,9393785,216967614000,-400,true,-1.72
"CEO",142943,"/Date(1704785383000)/",23000,1000,9393285,216956164000,-300,false,-1.29
"CEO",142939,"/Date(1704785379000)/",22900,200,9392285,216933164000,-400,true,-1.72
"CEO",142938,"/Date(1704785378000)/",23000,2000,9392085,216928584000,-300,false,-1.29
"CEO",142937,"/Date(1704785377000)/",22900,1900,9390085,216882584000,-400,true,-1.72
"CEO",142934,"/Date(1704785374000)/",23000,10000,9388185,216839024000,-300,false,-1.29
"CEO",142932,"/Date(1704785372000)/",22900,500,9378185,216609024000,-400,true,-1.72
"CEO",142929,"/Date(1704785369000)/",23000,500,9377685,216597574000,-300,false,-1.29
"CEO",142928,"/Date(1704785368000)/",22900,1000,9377185,216586074000,-400,true,-1.72
"CEO",142926,"/Date(1704785366000)/",22900,1500,9376185,216563174000,-400,true,-1.72
"CEO",142924,"/Date(1704785364000)/",23000,7000,9374685,216528824000,-300,false,-1.29
"CEO",142922,"/Date(1704785362000)/",23000,100,9367685,216367824000,-300,false,-1.29
"CEO",142919,"/Date(1704785359000)/",23000,1000,9367585,216365524000,-300,false,-1.29
"CEO",142918,"/Date(1704785358000)/",22900,2000,9366585,216342524000,-400,true,-1.72
"CEO",142916,"/Date(1704785356000)/",22900,1000,9364585,216296724000,-400,true,-1.72
"CEO",142914,"/Date(1704785354000)/",23000,500,9363585,216273824000,-300,false,-1.29
"CEO",142913,"/Date(1704785353000)/",22900,7600,9363085,216262324000,-400,true,-1.72
"CEO",142912,"/Date(1704785352000)/",23000,300,9355485,216088184000,-300,false,-1.29
"CEO",142909,"/Date(1704785349000)/",23000,100,9355185,216081284000,-300,false,-1.29
"CEO",142904,"/Date(1704785344000)/",23000,500,9355085,216078984000,-300,false,-1.29
"CEO",142901,"/Date(1704785341000)/",23000,4600,9354585,216067484000,-300,false,-1.29
"CEO",142854,"/Date(1704785334000)/",23000,1000,9349985,215961684000,-300,false,-1.29
"CEO",142849,"/Date(1704785329000)/",23000,1000,9348985,215938684000,-300,false,-1.29
"CEO",142843,"/Date(1704785323000)/",23000,2000,9347985,215915684000,-300,false,-1.29
"CEO",142838,"/Date(1704785318000)/",23000,1000,9345985,215869684000,-300,false,-1.29
"CEO",142833,"/Date(1704785313000)/",23000,100,9344985,215846684000,-300,false,-1.29
"CEO",142832,"/Date(1704785312000)/",22900,98,9344885,215844384000,-400,true,-1.72
"CEO",142830,"/Date(1704785310000)/",22900,200,9344787,215842136500,-400,true,-1.72
"CEO",142829,"/Date(1704785309000)/",22900,4000,9344587,215837556500,-400,true,-1.72
"CEO",142825,"/Date(1704785305000)/",23000,200,9340587,215745956500,-300,false,-1.29
"CEO",142820,"/Date(1704785300000)/",23000,600,9340387,215741356500,-300,false,-1.29
"CEO",142817,"/Date(1704785297000)/",23000,12100,9339787,215727556500,-300,false,-1.29
"CEO",142814,"/Date(1704785294000)/",22900,1300,9327687,215449256500,-400,true,-1.72
"CEO",142811,"/Date(1704785291000)/",23000,1100,9326387,215419486500,-300,false,-1.29
"CEO",142808,"/Date(1704785288000)/",23000,324,9325287,215394186500,-300,false,-1.29
"CEO",142803,"/Date(1704785283000)/",23000,500,9324963,215386734500,-300,false,-1.29
"CEO",142755,"/Date(1704785275000)/",22900,2500,9324463,215375234500,-400,true,-1.72
"CEO",142753,"/Date(1704785273000)/",23000,1100,9321963,215317984500,-300,false,-1.29
"CEO",142751,"/Date(1704785271000)/",22900,500,9320863,215292784500,-400,true,-1.72
"CEO",142748,"/Date(1704785268000)/",23000,9000,9320363,215281334500,-300,false,-1.29
"CEO",142747,"/Date(1704785267000)/",22900,13000,9311363,215074334500,-400,true,-1.72
"CEO",142744,"/Date(1704785264000)/",22900,100,9298363,214776634500,-400,true,-1.72
"CEO",142736,"/Date(1704785256000)/",22900,2000,9298263,214774344500,-400,true,-1.72
"CEO",142734,"/Date(1704785254000)/",22900,100,9296263,214728544500,-400,true,-1.72
"CEO",142731,"/Date(1704785251000)/",22900,56,9296163,214726254500,-400,true,-1.72
"CEO",142729,"/Date(1704785249000)/",22900,200,9296107,214724966500,-400,true,-1.72
"CEO",142728,"/Date(1704785248000)/",23000,100,9295907,214720386500,-300,false,-1.29
"CEO",142718,"/Date(1704785238000)/",22900,1100,9295807,214718086500,-400,true,-1.72
"CEO",142713,"/Date(1704785233000)/",23000,100,9294707,214692896500,-300,false,-1.29
"CEO",142712,"/Date(1704785232000)/",22900,5000,9294607,214690596500,-400,true,-1.72
"CEO",142710,"/Date(1704785230000)/",22900,200,9289607,214576096500,-400,true,-1.72
"CEO",142709,"/Date(1704785229000)/",22900,10,9289407,214571516500,-400,true,-1.72
"CEO",142706,"/Date(1704785226000)/",22900,400,9289397,214571286500,-400,true,-1.72
"CEO",142704,"/Date(1704785224000)/",23000,1000,9288997,214562126500,-300,false,-1.29
"CEO",142659,"/Date(1704785219000)/",22900,200,9287997,214539126500,-400,true,-1.72
"CEO",142654,"/Date(1704785214000)/",22900,200,9287797,214534546500,-400,true,-1.72
"CEO",142643,"/Date(1704785203000)/",23000,100,9287597,214529966500,-300,false,-1.29
"CEO",142642,"/Date(1704785202000)/",23000,100,9287497,214527666500,-300,false,-1.29
"CEO",142640,"/Date(1704785200000)/",22900,100,9287397,214525366500,-400,true,-1.72
"CEO",142633,"/Date(1704785193000)/",22900,300,9287297,214523076500,-400,true,-1.72
"CEO",142632,"/Date(1704785192000)/",22900,3000,9286997,214516206500,-400,true,-1.72
"CEO",142630,"/Date(1704785190000)/",22900,100,9283997,214447506500,-400,true,-1.72
"CEO",142626,"/Date(1704785186000)/",22900,2000,9283897,214445216500,-400,true,-1.72
"CEO",142625,"/Date(1704785185000)/",22900,500,9281897,214399416500,-400,true,-1.72
"CEO",142622,"/Date(1704785182000)/",23000,100,9281397,214387966500,-300,false,-1.29
"CEO",142621,"/Date(1704785181000)/",22900,400,9281297,214385666500,-400,true,-1.72
"CEO",142613,"/Date(1704785173000)/",22900,7200,9280897,214376506500,-400,true,-1.72
"CEO",142603,"/Date(1704785163000)/",22900,5000,9273697,214211626500,-400,true,-1.72
"CEO",142601,"/Date(1704785161000)/",23000,200,9268697,214097126500,-300,false,-1.29
"CEO",142556,"/Date(1704785156000)/",22900,1000,9268497,214092526500,-400,true,-1.72
"CEO",142554,"/Date(1704785154000)/",23000,200,9267497,214069626500,-300,false,-1.29
"CEO",142547,"/Date(1704785147000)/",22900,800,9267297,214065026500,-400,true,-1.72
"CEO",142546,"/Date(1704785146000)/",22900,3700,9266497,214046706500,-400,true,-1.72
"CEO",142545,"/Date(1704785145000)/",22900,7100,9262797,213961976500,-400,true,-1.72
"CEO",142541,"/Date(1704785141000)/",22900,400,9255697,213799386500,-400,true,-1.72
"CEO",142536,"/Date(1704785136000)/",22900,3300,9255297,213790226500,-400,true,-1.72
"CEO",142533,"/Date(1704785133000)/",22900,2000,9251997,213714656500,-400,true,-1.72
"CEO",142524,"/Date(1704785124000)/",22900,4000,9249997,213668856500,-400,true,-1.72
"CEO",142523,"/Date(1704785123000)/",22900,7100,9245997,213577256500,-400,true,-1.72
"CEO",142518,"/Date(1704785118000)/",22900,20000,9238897,213414666500,-400,true,-1.72
"CEO",142514,"/Date(1704785114000)/",22900,100,9218897,212956666500,-400,true,-1.72
"CEO",142456,"/Date(1704785096000)/",22900,1000,9218797,212954376500,-400,true,-1.72
"CEO",142450,"/Date(1704785090000)/",23000,3,9217797,212931476500,-300,false,-1.29
"CEO",142444,"/Date(1704785084000)/",23000,100,9217794,212931407200,-300,false,-1.29
"CEO",142430,"/Date(1704785070000)/",23000,500,9217694,212929107200,-300,false,-1.29
"CEO",142427,"/Date(1704785067000)/",22900,2000,9217194,212917607200,-400,true,-1.72
"CEO",142422,"/Date(1704785062000)/",22900,2000,9215194,212871807200,-400,true,-1.72
"CEO",142420,"/Date(1704785060000)/",22900,1000,9213194,212826007200,-400,true,-1.72
"CEO",142415,"/Date(1704785055000)/",22900,1000,9212194,212803107200,-400,true,-1.72
"CEO",142410,"/Date(1704785050000)/",22900,500,9211194,212780207200,-400,true,-1.72
"CEO",142407,"/Date(1704785047000)/",22900,300,9210694,212768757200,-400,true,-1.72
"CEO",142404,"/Date(1704785044000)/",23000,100,9210394,212761887200,-300,false,-1.29
"CEO",142358,"/Date(1704785038000)/",23000,500,9210294,212759587200,-300,false,-1.29
"CEO",142354,"/Date(1704785034000)/",22900,100,9209794,212748087200,-400,true,-1.72
"CEO",142349,"/Date(1704785029000)/",23000,200,9209694,212745797200,-300,false,-1.29
"CEO",142339,"/Date(1704785019000)/",23000,1200,9209494,212741197200,-300,false,-1.29
"CEO",142337,"/Date(1704785017000)/",23000,100,9208294,212713597200,-300,false,-1.29
"CEO",142334,"/Date(1704785014000)/",23000,28,9208194,212711297200,-300,false,-1.29
"CEO",142331,"/Date(1704785011000)/",23000,500,9208166,212710652700,-300,false,-1.29
"CEO",142329,"/Date(1704785009000)/",22900,25800,9207666,212699152700,-400,true,-1.72
"CEO",142317,"/Date(1704784997000)/",23000,100,9181866,212108332700,-300,false,-1.29
"CEO",142315,"/Date(1704784995000)/",22900,1000,9181766,212106032700,-400,true,-1.72
"CEO",142253,"/Date(1704784973000)/",22900,100,9180766,212083132700,-400,true,-1.72
"CEO",142250,"/Date(1704784970000)/",23000,300,9180666,212080842700,-300,false,-1.29
"CEO",142248,"/Date(1704784968000)/",23000,500,9180366,212073942700,-300,false,-1.29
"CEO",142243,"/Date(1704784963000)/",23000,100,9179866,212062442700,-300,false,-1.29
"CEO",142239,"/Date(1704784959000)/",23000,200,9179766,212060142700,-300,false,-1.29
"CEO",142237,"/Date(1704784957000)/",23000,1000,9179566,212055542700,-300,false,-1.29
"CEO",142235,"/Date(1704784955000)/",22900,27,9178566,212032542700,-400,true,-1.72
"CEO",142233,"/Date(1704784953000)/",22900,10300,9178539,212031921700,-400,true,-1.72
"CEO",142229,"/Date(1704784949000)/",23000,3200,9168239,211796051700,-300,false,-1.29
"CEO",142224,"/Date(1704784944000)/",22900,5000,9165039,211722751700,-400,true,-1.72
"CEO",142218,"/Date(1704784938000)/",22900,5000,9160039,211608251700,-400,true,-1.72
"CEO",142212,"/Date(1704784932000)/",23000,300,9155039,211493751700,-300,false,-1.29
"CEO",142158,"/Date(1704784918000)/",23000,3200,9154739,211486851700,-300,false,-1.29
"CEO",142157,"/Date(1704784917000)/",23000,400,9151539,211413291700,-300,false,-1.29
"CEO",142146,"/Date(1704784906000)/",23000,500,9151139,211404091700,-300,false,-1.29
"CEO",142138,"/Date(1704784898000)/",23000,200,9150639,211392591700,-300,false,-1.29
"CEO",142135,"/Date(1704784895000)/",22900,100,9150439,211387991700,-400,true,-1.72
"CEO",142133,"/Date(1704784893000)/",22900,700,9150339,211385701700,-400,true,-1.72
"CEO",142125,"/Date(1704784885000)/",22900,1600,9149639,211369671700,-400,true,-1.72
"CEO",142122,"/Date(1704784882000)/",22900,800,9148039,211333031700,-400,true,-1.72
"CEO",142117,"/Date(1704784877000)/",23000,100,9147239,211314711700,-300,false,-1.29
"CEO",142116,"/Date(1704784876000)/",23000,1000,9147139,211312411700,-300,false,-1.29
"CEO",142101,"/Date(1704784861000)/",23000,500,9146139,211289411700,-300,false,-1.29
"CEO",142053,"/Date(1704784853000)/",23000,2000,9145639,211277911700,-300,false,-1.29
"CEO",142028,"/Date(1704784828000)/",23000,2500,9143639,211231911700,-300,false,-1.29
"CEO",142012,"/Date(1704784812000)/",23000,10,9141139,211174411700,-300,false,-1.29
"CEO",142011,"/Date(1704784811000)/",23000,200,9141129,211174181700,-300,false,-1.29
"CEO",142008,"/Date(1704784808000)/",23000,9500,9140929,211169581700,-300,true,-1.29
"CEO",142007,"/Date(1704784807000)/",23000,2000,9131429,210951081700,-300,true,-1.29
"CEO",142006,"/Date(1704784806000)/",23000,5400,9129429,210905081700,-300,true,-1.29
"CEO",142005,"/Date(1704784805000)/",23000,9000,9124029,210780881700,-300,true,-1.29
"CEO",142004,"/Date(1704784804000)/",23000,400,9115029,210573881700,-300,true,-1.29
"CEO",142003,"/Date(1704784803000)/",23000,7500,9114629,210564681700,-300,true,-1.29
"CEO",142001,"/Date(1704784801000)/",23000,10800,9107129,210392181700,-300,true,-1.29
"CEO",142000,"/Date(1704784800000)/",23000,3500,9096329,210143781700,-300,true,-1.29
"CEO",141959,"/Date(1704784799000)/",23000,5000,9092829,210063281700,-300,true,-1.29
"CEO",141958,"/Date(1704784798000)/",23000,1000,9087829,209948281700,-300,true,-1.29
"CEO",141957,"/Date(1704784797000)/",23000,5600,9086829,209925281700,-300,true,-1.29
"CEO",141956,"/Date(1704784796000)/",23000,5000,9081229,209796481700,-300,true,-1.29
"CEO",141954,"/Date(1704784794000)/",23000,19300,9076229,209681481700,-300,true,-1.29
"CEO",141953,"/Date(1704784793000)/",23000,4000,9056929,209237581700,-300,true,-1.29
"CEO",141952,"/Date(1704784792000)/",23000,3829,9052929,209145581700,-300,true,-1.29
"CEO",141951,"/Date(1704784791000)/",23000,10600,9049100,209057514700,-300,true,-1.29
"CEO",141949,"/Date(1704784789000)/",23000,700,9038500,208813714700,-300,true,-1.29
"CEO",141948,"/Date(1704784788000)/",23000,70000,9037800,208797614700,-300,true,-1.29
"CEO",141946,"/Date(1704784786000)/",23000,800,8967800,207187614700,-300,true,-1.29
"CEO",141944,"/Date(1704784784000)/",23000,40000,8967000,207169214700,-300,true,-1.29
"CEO",141940,"/Date(1704784780000)/",23000,500,8927000,206249214700,-300,true,-1.29
"CEO",141936,"/Date(1704784776000)/",23100,100,8926500,206237714700,-200,false,-0.86
"CEO",141935,"/Date(1704784775000)/",23000,3600,8926400,206235404700,-300,true,-1.29
"CEO",141933,"/Date(1704784773000)/",23000,5000,8922800,206152604700,-300,true,-1.29
"CEO",141927,"/Date(1704784767000)/",23000,100,8917800,206037604700,-300,true,-1.29
"CEO",141926,"/Date(1704784766000)/",23000,1300,8917700,206035304700,-300,true,-1.29
"CEO",141925,"/Date(1704784765000)/",23000,100,8916400,206005384700,-300,true,-1.29
"CEO",141920,"/Date(1704784760000)/",23000,4500,8916300,206003084700,-300,true,-1.29
"CEO",141901,"/Date(1704784741000)/",23000,500,8911800,205899584700,-300,true,-1.29
"CEO",141852,"/Date(1704784732000)/",23000,400,8911300,205888084700,-300,true,-1.29
"CEO",141851,"/Date(1704784731000)/",23000,2200,8910900,205878884700,-300,true,-1.29
"CEO",141845,"/Date(1704784725000)/",23000,2000,8908700,205828284700,-300,true,-1.29
"CEO",141844,"/Date(1704784724000)/",23000,2000,8906700,205782284700,-300,true,-1.29
"CEO",141841,"/Date(1704784721000)/",23000,900,8904700,205736284700,-300,true,-1.29
"CEO",141838,"/Date(1704784718000)/",23000,3000,8903800,205715584700,-300,true,-1.29
"CEO",141836,"/Date(1704784716000)/",23000,1100,8900800,205646584700,-300,true,-1.29
"CEO",141824,"/Date(1704784704000)/",23000,400,8899700,205621284700,-300,true,-1.29
"CEO",141821,"/Date(1704784701000)/",23000,2000,8899300,205612084700,-300,true,-1.29
"CEO",141809,"/Date(1704784689000)/",23000,10000,8897300,205566084700,-300,true,-1.29
"CEO",141758,"/Date(1704784678000)/",23000,5000,8887300,205336084700,-300,true,-1.29
"CEO",141752,"/Date(1704784672000)/",23000,200,8882300,205221084700,-300,true,-1.29
"CEO",141748,"/Date(1704784668000)/",23000,100,8882100,205216484700,-300,true,-1.29
"CEO",141744,"/Date(1704784664000)/",23100,500,8882000,205214184700,-200,false,-0.86
"CEO",141737,"/Date(1704784657000)/",23000,2000,8881500,205202634700,-300,true,-1.29
"CEO",141735,"/Date(1704784655000)/",23000,1000,8879500,205156634700,-300,true,-1.29
"CEO",141725,"/Date(1704784645000)/",23000,1000,8878500,205133634700,-300,true,-1.29
"CEO",141722,"/Date(1704784642000)/",23100,1000,8877500,205110634700,-200,false,-0.86
"CEO",141720,"/Date(1704784640000)/",23000,200,8876500,205087534700,-300,true,-1.29
"CEO",141719,"/Date(1704784639000)/",23000,2000,8876300,205082934700,-300,true,-1.29
"CEO",141714,"/Date(1704784634000)/",23100,200,8874300,205036934700,-200,false,-0.86
"CEO",141711,"/Date(1704784631000)/",23000,1600,8874100,205032314700,-300,true,-1.29
"CEO",141708,"/Date(1704784628000)/",23000,700,8872500,204995514700,-300,true,-1.29
"CEO",141707,"/Date(1704784627000)/",23000,900,8871800,204979414700,-300,true,-1.29
"CEO",141705,"/Date(1704784625000)/",23000,12000,8870900,204958714700,-300,true,-1.29
"CEO",141659,"/Date(1704784619000)/",23000,4000,8858900,204682714700,-300,true,-1.29
"CEO",141655,"/Date(1704784615000)/",23000,64,8854900,204590714700,-300,true,-1.29
"CEO",141653,"/Date(1704784613000)/",23000,3000,8854836,204589242700,-300,true,-1.29
"CEO",141652,"/Date(1704784612000)/",23000,800,8851836,204520242700,-300,true,-1.29
"CEO",141633,"/Date(1704784593000)/",23000,3300,8851036,204501842700,-300,true,-1.29
"CEO",141632,"/Date(1704784592000)/",23000,1200,8847736,204425942700,-300,true,-1.29
"CEO",141628,"/Date(1704784588000)/",23100,100,8846536,204398342700,-200,false,-0.86
"CEO",141627,"/Date(1704784587000)/",23000,3900,8846436,204396032700,-300,true,-1.29
"CEO",141622,"/Date(1704784582000)/",23000,1500,8842536,204306332700,-300,true,-1.29
"CEO",141620,"/Date(1704784580000)/",23000,100,8841036,204271832700,-300,true,-1.29
"CEO",141619,"/Date(1704784579000)/",23000,300,8840936,204269532700,-300,true,-1.29
"CEO",141616,"/Date(1704784576000)/",23000,3000,8840636,204262632700,-300,true,-1.29
"CEO",141611,"/Date(1704784571000)/",23000,3000,8837636,204193632700,-300,true,-1.29
"CEO",141610,"/Date(1704784570000)/",23000,3500,8834636,204124632700,-300,true,-1.29
"CEO",141609,"/Date(1704784569000)/",23000,2000,8831136,204044132700,-300,true,-1.29
"CEO",141608,"/Date(1704784568000)/",23000,85,8829136,203998132700,-300,true,-1.29
"CEO",141552,"/Date(1704784552000)/",23000,300,8829051,203996177700,-300,true,-1.29
"CEO",141550,"/Date(1704784550000)/",23000,10000,8828751,203989277700,-300,true,-1.29
"CEO",141545,"/Date(1704784545000)/",23000,10000,8818751,203759277700,-300,true,-1.29
"CEO",141544,"/Date(1704784544000)/",23000,4000,8808751,203529277700,-300,true,-1.29
"CEO",141531,"/Date(1704784531000)/",23000,600,8804751,203437277700,-300,true,-1.29
"CEO",141526,"/Date(1704784526000)/",23000,300,8804151,203423477700,-300,true,-1.29
"CEO",141525,"/Date(1704784525000)/",23000,1700,8803851,203416577700,-300,true,-1.29
"CEO",141522,"/Date(1704784522000)/",23000,1000,8802151,203377477700,-300,true,-1.29
"CEO",141510,"/Date(1704784510000)/",23000,1000,8801151,203354477700,-300,true,-1.29
"CEO",141503,"/Date(1704784503000)/",23100,200,8800151,203331477700,-200,false,-0.86
"CEO",141500,"/Date(1704784500000)/",23000,26,8799951,203326857700,-300,true,-1.29
"CEO",141455,"/Date(1704784495000)/",23000,10000,8799925,203326259700,-300,true,-1.29
"CEO",141446,"/Date(1704784486000)/",23000,300,8789925,203096259700,-300,true,-1.29
"CEO",141435,"/Date(1704784475000)/",23000,200,8789625,203089359700,-300,true,-1.29
"CEO",141432,"/Date(1704784472000)/",23100,1000,8789425,203084759700,-200,false,-0.86
"CEO",141402,"/Date(1704784442000)/",23100,200,8788425,203061659700,-200,false,-0.86
"CEO",141400,"/Date(1704784440000)/",23000,3000,8788225,203057039700,-300,true,-1.29
"CEO",141328,"/Date(1704784408000)/",23100,200,8785225,202988039700,-200,false,-0.86
"CEO",141323,"/Date(1704784403000)/",23100,100,8785025,202983419700,-200,false,-0.86
"CEO",141254,"/Date(1704784374000)/",23100,200,8784925,202981109700,-200,false,-0.86
"CEO",141252,"/Date(1704784372000)/",23100,200,8784725,202976489700,-200,false,-0.86
"CEO",141251,"/Date(1704784371000)/",23100,500,8784525,202971869700,-200,false,-0.86
"CEO",141250,"/Date(1704784370000)/",23100,5000,8784025,202960319700,-200,false,-0.86
"CEO",141242,"/Date(1704784362000)/",23000,3000,8779025,202844819700,-300,true,-1.29
"CEO",141240,"/Date(1704784360000)/",23100,7400,8776025,202775819700,-200,true,-0.86
"CEO",141239,"/Date(1704784359000)/",23100,300,8768625,202604879700,-200,true,-0.86
"CEO",141238,"/Date(1704784358000)/",23100,300,8768325,202597949700,-200,true,-0.86
"CEO",141231,"/Date(1704784351000)/",23100,1000,8768025,202591019700,-200,false,-0.86
"CEO",141230,"/Date(1704784350000)/",23100,200,8767025,202567919700,-200,false,-0.86
"CEO",141227,"/Date(1704784347000)/",23100,9600,8766825,202563299700,-200,false,-0.86
"CEO",141225,"/Date(1704784345000)/",23100,7000,8757225,202341539700,-200,false,-0.86
"CEO",141224,"/Date(1704784344000)/",23100,2000,8750225,202179839700,-200,false,-0.86
"CEO",141218,"/Date(1704784338000)/",23100,7100,8748225,202133639700,-200,false,-0.86
"CEO",141217,"/Date(1704784337000)/",23100,6100,8741125,201969629700,-200,false,-0.86
"CEO",141216,"/Date(1704784336000)/",23100,1000,8735025,201828719700,-200,false,-0.86
"CEO",141215,"/Date(1704784335000)/",23100,2900,8734025,201805619700,-200,false,-0.86
"CEO",141214,"/Date(1704784334000)/",23100,5000,8731125,201738629700,-200,false,-0.86
"CEO",141213,"/Date(1704784333000)/",23100,1400,8726125,201623129700,-200,false,-0.86
"CEO",141212,"/Date(1704784332000)/",23100,10000,8724725,201590789700,-200,false,-0.86
"CEO",141211,"/Date(1704784331000)/",23100,1000,8714725,201359789700,-200,false,-0.86
"CEO",141207,"/Date(1704784327000)/",23100,17000,8713725,201336689700,-200,false,-0.86
"CEO",141206,"/Date(1704784326000)/",23100,2000,8696725,200943989700,-200,false,-0.86
"CEO",141205,"/Date(1704784325000)/",23100,2000,8694725,200897789700,-200,false,-0.86
"CEO",141204,"/Date(1704784324000)/",23100,4500,8692725,200851589700,-200,false,-0.86
"CEO",141203,"/Date(1704784323000)/",23100,700,8688225,200747639700,-200,false,-0.86
"CEO",141202,"/Date(1704784322000)/",23100,1500,8687525,200731469700,-200,false,-0.86
"CEO",141159,"/Date(1704784319000)/",23100,2000,8686025,200696819700,-200,false,-0.86
"CEO",141158,"/Date(1704784318000)/",23100,2200,8684025,200650619700,-200,false,-0.86
"CEO",141157,"/Date(1704784317000)/",23100,50,8681825,200599799700,-200,false,-0.86
"CEO",141156,"/Date(1704784316000)/",23100,3000,8681775,200598649700,-200,false,-0.86
"CEO",141154,"/Date(1704784314000)/",23100,2000,8678775,200529349700,-200,false,-0.86
"CEO",141153,"/Date(1704784313000)/",23100,11500,8676775,200483149700,-200,false,-0.86
"CEO",141152,"/Date(1704784312000)/",23100,100,8665275,200217499700,-200,false,-0.86
"CEO",141149,"/Date(1704784309000)/",23100,200,8665175,200215189700,-200,false,-0.86
"CEO",141148,"/Date(1704784308000)/",23100,30000,8664975,200210569700,-200,false,-0.86
"CEO",141141,"/Date(1704784301000)/",23100,500,8634975,199517569700,-200,false,-0.86
"CEO",141139,"/Date(1704784299000)/",23100,5000,8634475,199506019700,-200,false,-0.86
"CEO",141136,"/Date(1704784296000)/",23100,500,8629475,199390519700,-200,false,-0.86
"CEO",141126,"/Date(1704784286000)/",23100,1000,8628975,199378969700,-200,false,-0.86
"CEO",141123,"/Date(1704784283000)/",23100,300,8627975,199355869700,-200,false,-0.86
"CEO",141122,"/Date(1704784282000)/",23100,500,8627675,199348939700,-200,false,-0.86
"CEO",141120,"/Date(1704784280000)/",23100,200,8627175,199337389700,-200,false,-0.86
"CEO",141119,"/Date(1704784279000)/",23100,500,8626975,199332769700,-200,false,-0.86
"CEO",141118,"/Date(1704784278000)/",23100,4100,8626475,199321219700,-200,false,-0.86
"CEO",141117,"/Date(1704784277000)/",23100,5000,8622375,199226509700,-200,false,-0.86
"CEO",141115,"/Date(1704784275000)/",23100,3000,8617375,199111009700,-200,false,-0.86
"CEO",141110,"/Date(1704784270000)/",23100,1000,8614375,199041709700,-200,false,-0.86
"CEO",141105,"/Date(1704784265000)/",23100,400,8613375,199018609700,-200,false,-0.86
"CEO",141104,"/Date(1704784264000)/",23100,4000,8612975,199009369700,-200,false,-0.86
"CEO",141103,"/Date(1704784263000)/",23100,3500,8608975,198916969700,-200,false,-0.86
"CEO",141100,"/Date(1704784260000)/",23100,8600,8605475,198836119700,-200,false,-0.86
"CEO",141058,"/Date(1704784258000)/",23100,300,8596875,198637459700,-200,false,-0.86
"CEO",141055,"/Date(1704784255000)/",23100,200,8596575,198630529700,-200,false,-0.86
"CEO",141052,"/Date(1704784252000)/",23100,8100,8596375,198625909700,-200,false,-0.86
"CEO",141051,"/Date(1704784251000)/",23100,500,8588275,198438799700,-200,false,-0.86
"CEO",141050,"/Date(1704784250000)/",23100,900,8587775,198427249700,-200,false,-0.86
"CEO",141048,"/Date(1704784248000)/",23100,1500,8586875,198406459700,-200,false,-0.86
"CEO",141042,"/Date(1704784242000)/",23100,10200,8585375,198371809700,-200,false,-0.86
"CEO",141040,"/Date(1704784240000)/",23100,200,8575175,198136189700,-200,false,-0.86
"CEO",141039,"/Date(1704784239000)/",23100,5000,8574975,198131569700,-200,false,-0.86
"CEO",141037,"/Date(1704784237000)/",23100,1500,8569975,198016069700,-200,false,-0.86
"CEO",141035,"/Date(1704784235000)/",23100,50,8568475,197981419700,-200,false,-0.86
"CEO",141033,"/Date(1704784233000)/",23100,1000,8568425,197980264700,-200,false,-0.86
"CEO",141031,"/Date(1704784231000)/",23100,500,8567425,197957164700,-200,false,-0.86
"CEO",141029,"/Date(1704784229000)/",23100,300,8566925,197945614700,-200,false,-0.86
"CEO",141019,"/Date(1704784219000)/",23100,3500,8566625,197938684700,-200,false,-0.86
"CEO",141017,"/Date(1704784217000)/",23100,1000,8563125,197857834700,-200,false,-0.86
"CEO",141015,"/Date(1704784215000)/",23100,100,8562125,197834734700,-200,false,-0.86
"CEO",141009,"/Date(1704784209000)/",23100,1200,8562025,197832424700,-200,false,-0.86
"CEO",140951,"/Date(1704784191000)/",23100,100,8560825,197804704700,-200,false,-0.86
"CEO",140946,"/Date(1704784186000)/",23000,300,8560725,197802394700,-300,true,-1.29
"CEO",140944,"/Date(1704784184000)/",23100,200,8560425,197795494700,-200,false,-0.86
"CEO",140934,"/Date(1704784174000)/",23100,300,8560225,197790874700,-200,false,-0.86
"CEO",140932,"/Date(1704784172000)/",23100,1100,8559925,197783944700,-200,false,-0.86
"CEO",140926,"/Date(1704784166000)/",23000,7400,8558825,197758534700,-300,true,-1.29
"CEO",140908,"/Date(1704784148000)/",23100,300,8551425,197588334700,-200,false,-0.86
"CEO",140859,"/Date(1704784139000)/",23100,1000,8551125,197581404700,-200,false,-0.86
"CEO",140853,"/Date(1704784133000)/",23000,200,8550125,197558304700,-300,true,-1.29
"CEO",140851,"/Date(1704784131000)/",23100,1600,8549925,197553704700,-200,false,-0.86
"CEO",140848,"/Date(1704784128000)/",23100,1000,8548325,197516744700,-200,false,-0.86
"CEO",140847,"/Date(1704784127000)/",23000,5000,8547325,197493644700,-300,true,-1.29
"CEO",140841,"/Date(1704784121000)/",23100,400,8542325,197378644700,-200,false,-0.86
"CEO",140834,"/Date(1704784114000)/",23100,500,8541925,197369404700,-200,false,-0.86
"CEO",140829,"/Date(1704784109000)/",23100,3200,8541425,197357854700,-200,false,-0.86
"CEO",140822,"/Date(1704784102000)/",23100,1000,8538225,197283934700,-200,false,-0.86
"CEO",140821,"/Date(1704784101000)/",23100,3000,8537225,197260834700,-200,false,-0.86
"CEO",140808,"/Date(1704784088000)/",23100,5000,8534225,197191534700,-200,false,-0.86
"CEO",140807,"/Date(1704784087000)/",23000,500,8529225,197076034700,-300,true,-1.29
"CEO",140755,"/Date(1704784075000)/",23100,500,8528725,197064534700,-200,false,-0.86
"CEO",140751,"/Date(1704784071000)/",23100,100,8528225,197052984700,-200,false,-0.86
"CEO",140746,"/Date(1704784066000)/",23100,22,8528125,197050674700,-200,false,-0.86
"CEO",140735,"/Date(1704784055000)/",23100,99,8528103,197050168700,-200,false,-0.86
"CEO",140731,"/Date(1704784051000)/",23100,200,8528004,197047891700,-200,false,-0.86
"CEO",140728,"/Date(1704784048000)/",23000,300,8527804,197043271700,-300,true,-1.29
"CEO",140724,"/Date(1704784044000)/",23000,99,8527504,197036371700,-300,true,-1.29
"CEO",140715,"/Date(1704784035000)/",23000,5000,8527405,197034094700,-300,true,-1.29
"CEO",140714,"/Date(1704784034000)/",23000,500,8522405,196919094700,-300,true,-1.29
"CEO",140713,"/Date(1704784033000)/",23000,900,8521905,196907594700,-300,true,-1.29
"CEO",140654,"/Date(1704784014000)/",23000,14800,8521005,196886894700,-300,true,-1.29
"CEO",140651,"/Date(1704784011000)/",23000,5000,8506205,196546494700,-300,true,-1.29
"CEO",140632,"/Date(1704783992000)/",23000,3000,8501205,196431494700,-300,true,-1.29
"CEO",140619,"/Date(1704783979000)/",23000,2000,8498205,196362494700,-300,true,-1.29
"CEO",140617,"/Date(1704783977000)/",23100,200,8496205,196316494700,-200,false,-0.86
"CEO",140616,"/Date(1704783976000)/",23100,2000,8496005,196311874700,-200,false,-0.86
"CEO",140612,"/Date(1704783972000)/",23000,200,8494005,196265674700,-300,true,-1.29
"CEO",140608,"/Date(1704783968000)/",23000,8000,8493805,196261074700,-300,true,-1.29
"CEO",140547,"/Date(1704783947000)/",23000,7500,8485805,196077074700,-300,true,-1.29
"CEO",140546,"/Date(1704783946000)/",23000,500,8478305,195904574700,-300,true,-1.29
"CEO",140543,"/Date(1704783943000)/",23000,1000,8477805,195893074700,-300,true,-1.29
"CEO",140542,"/Date(1704783942000)/",23000,2000,8476805,195870074700,-300,true,-1.29
"CEO",140537,"/Date(1704783938000)/",23000,1,8474805,195824074700,-300,true,-1.29
"CEO",140535,"/Date(1704783935000)/",23000,1500,8474804,195824051700,-300,true,-1.29
"CEO",140533,"/Date(1704783933000)/",23000,2000,8473304,195789551700,-300,true,-1.29
"CEO",140530,"/Date(1704783930000)/",23000,58,8471304,195743551700,-300,true,-1.29
"CEO",140525,"/Date(1704783925000)/",23000,99,8471246,195742217700,-300,true,-1.29
"CEO",140516,"/Date(1704783916000)/",23000,1000,8471147,195739940700,-300,true,-1.29
"CEO",140503,"/Date(1704783903000)/",23000,100,8470147,195716940700,-300,true,-1.29
"CEO",140502,"/Date(1704783902000)/",23000,200,8470047,195714640700,-300,true,-1.29
"CEO",140454,"/Date(1704783894000)/",23000,167770,8469847,195710040700,-300,false,-1.29
"CEO",140453,"/Date(1704783893000)/",23000,400,8302077,191851330700,-300,false,-1.29
"CEO",140451,"/Date(1704783891000)/",23000,5100,8301677,191842130700,-300,false,-1.29
"CEO",140449,"/Date(1704783890000)/",23000,12000,8296577,191724830700,-300,false,-1.29
"CEO",140449,"/Date(1704783889000)/",23000,2200,8284577,191448830700,-300,false,-1.29
"CEO",140448,"/Date(1704783888000)/",23000,21800,8282377,191398230700,-300,false,-1.29
"CEO",140447,"/Date(1704783887000)/",23000,100,8260577,190896830700,-300,false,-1.29
"CEO",140446,"/Date(1704783886000)/",23000,4500,8260477,190894530700,-300,false,-1.29
"CEO",140445,"/Date(1704783885000)/",23000,500,8255977,190791030700,-300,false,-1.29
"CEO",140443,"/Date(1704783883000)/",23000,200,8255477,190779530700,-300,false,-1.29
"CEO",140442,"/Date(1704783882000)/",23000,25700,8255277,190774930700,-300,false,-1.29
"CEO",140441,"/Date(1704783881000)/",23000,4100,8229577,190183830700,-300,false,-1.29
"CEO",140439,"/Date(1704783879000)/",23000,900,8225477,190089530700,-300,false,-1.29
"CEO",140437,"/Date(1704783877000)/",23000,100,8224577,190068830700,-300,false,-1.29
"CEO",140436,"/Date(1704783876000)/",23000,7000,8224477,190066530700,-300,false,-1.29
"CEO",140434,"/Date(1704783875000)/",23000,1000,8217477,189905530700,-300,false,-1.29
"CEO",140433,"/Date(1704783873000)/",23000,1000,8216477,189882530700,-300,false,-1.29
"CEO",140431,"/Date(1704783871000)/",23000,100,8215477,189859530700,-300,false,-1.29
"CEO",140427,"/Date(1704783867000)/",23000,100,8215377,189857230700,-300,false,-1.29
"CEO",140423,"/Date(1704783863000)/",23000,500,8215277,189854930700,-300,false,-1.29
"CEO",140420,"/Date(1704783861000)/",23000,5000,8214777,189843430700,-300,false,-1.29
"CEO",140419,"/Date(1704783859000)/",23000,13600,8209777,189728430700,-300,false,-1.29
"CEO",140418,"/Date(1704783858000)/",23000,27800,8196177,189415630700,-300,false,-1.29
"CEO",140416,"/Date(1704783856000)/",23000,10000,8168377,188776230700,-300,false,-1.29
"CEO",140414,"/Date(1704783854000)/",23000,100,8158377,188546230700,-300,false,-1.29
"CEO",140406,"/Date(1704783846000)/",23000,200,8158277,188543930700,-300,false,-1.29
"CEO",140404,"/Date(1704783844000)/",23000,4000,8158077,188539330700,-300,false,-1.29
"CEO",140402,"/Date(1704783842000)/",23000,200,8154077,188447330700,-300,false,-1.29
"CEO",140355,"/Date(1704783836000)/",23000,7000,8153877,188442730700,-300,false,-1.29
"CEO",140354,"/Date(1704783835000)/",23000,10000,8146877,188281730700,-300,false,-1.29
"CEO",140351,"/Date(1704783831000)/",23000,500,8136877,188051730700,-300,false,-1.29
"CEO",140347,"/Date(1704783827000)/",23000,50000,8136377,188040230700,-300,false,-1.29
"CEO",140337,"/Date(1704783817000)/",23000,1000,8086377,186890230700,-300,false,-1.29
"CEO",140326,"/Date(1704783807000)/",23000,300,8085377,186867230700,-300,false,-1.29
"CEO",140319,"/Date(1704783799000)/",23000,1000,8085077,186860330700,-300,false,-1.29
"CEO",140312,"/Date(1704783793000)/",22900,1800,8084077,186837330700,-400,true,-1.72
"CEO",140311,"/Date(1704783791000)/",23000,600,8082277,186796110700,-300,false,-1.29
"CEO",140309,"/Date(1704783789000)/",23000,200,8081677,186782310700,-300,false,-1.29
"CEO",140259,"/Date(1704783779000)/",22900,200,8081477,186777710700,-400,true,-1.72
"CEO",140255,"/Date(1704783776000)/",22900,100,8081277,186773130700,-400,true,-1.72
"CEO",140252,"/Date(1704783773000)/",22900,29400,8081177,186770840700,-400,true,-1.72
"CEO",140250,"/Date(1704783771000)/",22900,500,8051777,186097580700,-400,true,-1.72
"CEO",140242,"/Date(1704783762000)/",22900,2000,8051277,186086130700,-400,true,-1.72
"CEO",140240,"/Date(1704783760000)/",23000,1500,8049277,186040330700,-300,false,-1.29
"CEO",140236,"/Date(1704783756000)/",22900,800,8047777,186005830700,-400,true,-1.72
"CEO",140233,"/Date(1704783753000)/",23000,1000,8046977,185987510700,-300,false,-1.29
"CEO",140232,"/Date(1704783752000)/",22900,1500,8045977,185964510700,-400,true,-1.72
"CEO",140229,"/Date(1704783750000)/",22900,1000,8044477,185930160700,-400,true,-1.72
"CEO",140227,"/Date(1704783748000)/",22900,1000,8043477,185907260700,-400,true,-1.72
"CEO",140223,"/Date(1704783744000)/",22900,500,8042477,185884360700,-400,true,-1.72
"CEO",140222,"/Date(1704783743000)/",22900,5000,8041977,185872910700,-400,true,-1.72
"CEO",140221,"/Date(1704783741000)/",22900,500,8036977,185758410700,-400,true,-1.72
"CEO",140213,"/Date(1704783734000)/",22900,60000,8036477,185746960700,-400,true,-1.72
"CEO",140212,"/Date(1704783732000)/",22900,1200,7976477,184372960700,-400,true,-1.72
"CEO",140209,"/Date(1704783729000)/",22900,100,7975277,184345480700,-400,true,-1.72
"CEO",140208,"/Date(1704783728000)/",22900,100,7975177,184343190700,-400,true,-1.72
"CEO",140158,"/Date(1704783718000)/",22900,10000,7975077,184340900700,-400,true,-1.72
"CEO",140154,"/Date(1704783714000)/",23000,200,7965077,184111900700,-300,false,-1.29
"CEO",140144,"/Date(1704783704000)/",22900,50,7964877,184107300700,-400,true,-1.72
"CEO",140140,"/Date(1704783701000)/",22900,10000,7964827,184106155700,-400,true,-1.72
"CEO",140128,"/Date(1704783688000)/",22900,3000,7954827,183877155700,-400,true,-1.72
"CEO",140120,"/Date(1704783680000)/",22900,1000,7951827,183808455700,-400,true,-1.72
"CEO",140111,"/Date(1704783672000)/",22900,6200,7950827,183785555700,-400,true,-1.72
"CEO",140110,"/Date(1704783671000)/",22900,5000,7944627,183643575700,-400,true,-1.72
"CEO",140107,"/Date(1704783667000)/",23000,1000,7939627,183529075700,-300,false,-1.29
"CEO",140105,"/Date(1704783665000)/",23000,1000,7938627,183506075700,-300,false,-1.29
"CEO",140104,"/Date(1704783664000)/",22900,1000,7937627,183483075700,-400,true,-1.72
"CEO",140102,"/Date(1704783663000)/",22900,1000,7936627,183460175700,-400,true,-1.72
"CEO",140053,"/Date(1704783654000)/",22900,10000,7935627,183437275700,-400,true,-1.72
"CEO",140052,"/Date(1704783652000)/",23000,100,7925627,183208275700,-300,false,-1.29
"CEO",140048,"/Date(1704783649000)/",23000,100,7925527,183205975700,-300,false,-1.29
"CEO",140037,"/Date(1704783638000)/",23000,1500,7925427,183203675700,-300,false,-1.29
"CEO",140037,"/Date(1704783637000)/",23000,200,7923927,183169175700,-300,false,-1.29
"CEO",140021,"/Date(1704783620000)/",23000,800,7923727,183164575700,-300,false,-1.29
"CEO",140015,"/Date(1704783615000)/",22900,1000,7922927,183146175700,-400,true,-1.72
"CEO",140003,"/Date(1704783603000)/",23000,98,7921927,183123275700,-300,false,-1.29
"CEO",135948,"/Date(1704783588000)/",23000,100,7921829,183121031500,-300,false,-1.29
"CEO",135942,"/Date(1704783582000)/",23000,200,7921729,183118731500,-300,false,-1.29
"CEO",135938,"/Date(1704783578000)/",22900,100,7921529,183114131500,-400,true,-1.72
"CEO",135933,"/Date(1704783573000)/",22900,700,7921429,183111841500,-400,true,-1.72
"CEO",135926,"/Date(1704783566000)/",22900,8,7920729,183095811500,-400,true,-1.72
"CEO",135925,"/Date(1704783565000)/",22900,100,7920721,183095628300,-400,true,-1.72
"CEO",135922,"/Date(1704783562000)/",22900,2400,7920621,183093338300,-400,true,-1.72
"CEO",135921,"/Date(1704783561000)/",22900,20000,7918221,183038378300,-400,true,-1.72
"CEO",135920,"/Date(1704783559000)/",22900,1000,7898221,182580378300,-400,true,-1.72
"CEO",135917,"/Date(1704783557000)/",22900,28000,7897221,182557478300,-400,true,-1.72
"CEO",135914,"/Date(1704783554000)/",22900,1200,7869221,181916278300,-400,true,-1.72
"CEO",135905,"/Date(1704783545000)/",22900,2500,7868021,181888798300,-400,true,-1.72
"CEO",135854,"/Date(1704783534000)/",22900,500,7865521,181831548300,-400,true,-1.72
"CEO",135852,"/Date(1704783532000)/",22900,700,7865021,181820098300,-400,true,-1.72
"CEO",135848,"/Date(1704783528000)/",22900,2000,7864321,181804068300,-400,true,-1.72
"CEO",135836,"/Date(1704783516000)/",22900,2900,7862321,181758268300,-400,true,-1.72
"CEO",135830,"/Date(1704783510000)/",22900,5000,7859421,181691858300,-400,true,-1.72
"CEO",135822,"/Date(1704783502000)/",22900,500,7854421,181577358300,-400,true,-1.72
"CEO",135821,"/Date(1704783501000)/",22900,500,7853921,181565908300,-400,true,-1.72
"CEO",135820,"/Date(1704783500000)/",22900,4800,7853421,181554458300,-400,true,-1.72
"CEO",135819,"/Date(1704783499000)/",22900,1000,7848621,181444538300,-400,true,-1.72
"CEO",135808,"/Date(1704783488000)/",22900,2900,7847621,181421638300,-400,true,-1.72
"CEO",135805,"/Date(1704783485000)/",22900,7000,7844721,181355228300,-400,true,-1.72
"CEO",135754,"/Date(1704783474000)/",22900,15000,7837721,181194928300,-400,true,-1.72
"CEO",135751,"/Date(1704783471000)/",23000,11000,7822721,180851428300,-300,false,-1.29
"CEO",135744,"/Date(1704783464000)/",22900,500,7811721,180598428300,-400,true,-1.72
"CEO",135739,"/Date(1704783459000)/",22900,1000,7811221,180586978300,-400,true,-1.72
"CEO",135734,"/Date(1704783454000)/",22900,100,7810221,180564078300,-400,true,-1.72
"CEO",135731,"/Date(1704783451000)/",23000,200,7810121,180561788300,-300,false,-1.29
"CEO",135728,"/Date(1704783448000)/",22900,400,7809921,180557188300,-400,true,-1.72
"CEO",135727,"/Date(1704783447000)/",22900,3000,7809521,180548028300,-400,true,-1.72
"CEO",135724,"/Date(1704783444000)/",22900,17,7806521,180479328300,-400,true,-1.72
"CEO",135721,"/Date(1704783441000)/",22900,400,7806504,180478937300,-400,true,-1.72
"CEO",135717,"/Date(1704783437000)/",22900,2000,7806104,180469777300,-400,true,-1.72
"CEO",135715,"/Date(1704783435000)/",22900,600,7804104,180423977300,-400,true,-1.72
"CEO",135710,"/Date(1704783430000)/",22900,2000,7803504,180410237300,-400,true,-1.72
"CEO",135705,"/Date(1704783425000)/",23000,100,7801504,180364437300,-300,false,-1.29
"CEO",135703,"/Date(1704783423000)/",23000,500,7801404,180362137300,-300,false,-1.29
"CEO",135653,"/Date(1704783413000)/",22900,5000,7800904,180350637300,-400,true,-1.72
"CEO",135649,"/Date(1704783409000)/",22900,1000,7795904,180236137300,-400,true,-1.72
"CEO",135641,"/Date(1704783401000)/",23000,300,7794904,180213237300,-300,false,-1.29
"CEO",135635,"/Date(1704783395000)/",22900,140,7794604,180206337300,-400,true,-1.72
"CEO",135633,"/Date(1704783393000)/",23000,300,7794464,180203127300,-300,false,-1.29
"CEO",135629,"/Date(1704783389000)/",22900,1000,7794164,180196227300,-400,true,-1.72
"CEO",135626,"/Date(1704783386000)/",22900,200,7793164,180173327300,-400,true,-1.72
"CEO",135621,"/Date(1704783381000)/",23000,520,7792964,180168747300,-300,false,-1.29
"CEO",135618,"/Date(1704783378000)/",22900,100,7792444,180156787300,-400,true,-1.72
"CEO",135604,"/Date(1704783364000)/",23000,2000,7792344,180154497300,-300,false,-1.29
"CEO",135603,"/Date(1704783363000)/",22900,200,7790344,180108497300,-400,true,-1.72
"CEO",135600,"/Date(1704783360000)/",22900,4800,7790144,180103917300,-400,true,-1.72
"CEO",135548,"/Date(1704783348000)/",23000,100,7785344,179993997300,-300,false,-1.29
"CEO",135547,"/Date(1704783347000)/",22900,800,7785244,179991697300,-400,true,-1.72
"CEO",135546,"/Date(1704783346000)/",23000,500,7784444,179973377300,-300,false,-1.29
"CEO",135538,"/Date(1704783338000)/",23000,5000,7783944,179961877300,-300,false,-1.29
"CEO",135537,"/Date(1704783337000)/",22900,11200,7778944,179846877300,-400,true,-1.72
"CEO",135535,"/Date(1704783335000)/",23000,500,7767744,179590397300,-300,false,-1.29
"CEO",135531,"/Date(1704783331000)/",23000,1000,7767244,179578897300,-300,false,-1.29
"CEO",135529,"/Date(1704783329000)/",23000,100,7766244,179555897300,-300,false,-1.29
"CEO",135519,"/Date(1704783319000)/",23000,200,7766144,179553597300,-300,false,-1.29
"CEO",135517,"/Date(1704783317000)/",23000,100,7765944,179548997300,-300,false,-1.29
"CEO",135514,"/Date(1704783314000)/",23000,20,7765844,179546697300,-300,false,-1.29
"CEO",135511,"/Date(1704783311000)/",23000,10000,7765824,179546237300,-300,false,-1.29
"CEO",135459,"/Date(1704783299000)/",22900,100,7755824,179316237300,-400,true,-1.72
"CEO",135457,"/Date(1704783297000)/",23000,10,7755724,179313947300,-300,false,-1.29
"CEO",135456,"/Date(1704783296000)/",23000,1300,7755714,179313716300,-300,false,-1.29
"CEO",135455,"/Date(1704783295000)/",22900,400,7754414,179283816300,-400,true,-1.72
"CEO",135445,"/Date(1704783285000)/",23000,500,7754014,179274656300,-300,false,-1.29
"CEO",135433,"/Date(1704783273000)/",23000,2200,7753514,179263156300,-300,false,-1.29
"CEO",135432,"/Date(1704783272000)/",22900,1000,7751314,179212556300,-400,true,-1.72
"CEO",135431,"/Date(1704783271000)/",23000,5000,7750314,179189656300,-300,false,-1.29
"CEO",135420,"/Date(1704783260000)/",22900,25000,7745314,179074656300,-400,true,-1.72
"CEO",135418,"/Date(1704783258000)/",22900,1000,7720314,178502156300,-400,true,-1.72
"CEO",135407,"/Date(1704783247000)/",23000,500,7719314,178479256300,-300,false,-1.29
"CEO",135402,"/Date(1704783242000)/",23000,5800,7718814,178467756300,-300,false,-1.29
"CEO",135358,"/Date(1704783238000)/",23000,200,7713014,178334356300,-300,false,-1.29
"CEO",135348,"/Date(1704783228000)/",23000,100,7712814,178329756300,-300,false,-1.29
"CEO",135347,"/Date(1704783227000)/",23000,200,7712714,178327456300,-300,false,-1.29
"CEO",135344,"/Date(1704783224000)/",23000,100,7712514,178322856300,-300,false,-1.29
"CEO",135340,"/Date(1704783220000)/",23000,200,7712414,178320556300,-300,false,-1.29
"CEO",135339,"/Date(1704783219000)/",23000,500,7712214,178315956300,-300,false,-1.29
"CEO",135334,"/Date(1704783214000)/",23000,500,7711714,178304456300,-300,false,-1.29
"CEO",135325,"/Date(1704783205000)/",23000,1900,7711214,178292956300,-300,false,-1.29
"CEO",135323,"/Date(1704783203000)/",23000,100,7709314,178249256300,-300,false,-1.29
"CEO",135321,"/Date(1704783201000)/",23000,5000,7709214,178246956300,-300,false,-1.29
"CEO",135312,"/Date(1704783192000)/",23000,500,7704214,178131956300,-300,false,-1.29
"CEO",135311,"/Date(1704783191000)/",23000,300,7703714,178120456300,-300,false,-1.29
"CEO",135308,"/Date(1704783188000)/",23000,200,7703414,178113556300,-300,false,-1.29
"CEO",135258,"/Date(1704783178000)/",23000,1500,7703214,178108956300,-300,false,-1.29
"CEO",135257,"/Date(1704783177000)/",23000,1000,7701714,178074456300,-300,false,-1.29
"CEO",135256,"/Date(1704783176000)/",23000,100,7700714,178051456300,-300,false,-1.29
"CEO",135254,"/Date(1704783174000)/",23000,4000,7700614,178049156300,-300,false,-1.29
"CEO",135252,"/Date(1704783172000)/",23000,700,7696614,177957156300,-300,false,-1.29
"CEO",135249,"/Date(1704783169000)/",23000,500,7695914,177941056300,-300,false,-1.29
"CEO",135244,"/Date(1704783164000)/",23000,500,7695414,177929556300,-300,false,-1.29
"CEO",135242,"/Date(1704783162000)/",23000,200,7694914,177918056300,-300,false,-1.29
"CEO",135241,"/Date(1704783161000)/",23000,1200,7694714,177913456300,-300,false,-1.29
"CEO",135238,"/Date(1704783158000)/",23000,100,7693514,177885856300,-300,false,-1.29
"CEO",135234,"/Date(1704783154000)/",23000,3000,7693414,177883556300,-300,false,-1.29
"CEO",135231,"/Date(1704783151000)/",23000,300,7690414,177814556300,-300,false,-1.29
"CEO",135227,"/Date(1704783147000)/",23000,100,7690114,177807656300,-300,false,-1.29
"CEO",135226,"/Date(1704783146000)/",23000,500,7690014,177805356300,-300,false,-1.29
"CEO",135224,"/Date(1704783144000)/",23000,1300,7689514,177793856300,-300,false,-1.29
"CEO",135221,"/Date(1704783141000)/",23000,600,7688214,177763956300,-300,false,-1.29
"CEO",135208,"/Date(1704783128000)/",23000,94,7687614,177750156300,-300,false,-1.29
"CEO",135207,"/Date(1704783127000)/",23000,2100,7687520,177747994300,-300,false,-1.29
"CEO",135204,"/Date(1704783124000)/",23000,8700,7685420,177699694300,-300,true,-1.29
"CEO",135203,"/Date(1704783123000)/",23000,9100,7676720,177499594300,-300,true,-1.29
"CEO",135202,"/Date(1704783122000)/",23000,80800,7667620,177290294300,-300,true,-1.29
"CEO",135201,"/Date(1704783121000)/",23000,1900,7586820,175431894300,-300,true,-1.29
"CEO",135200,"/Date(1704783120000)/",23000,49900,7584920,175388194300,-300,true,-1.29
"CEO",135159,"/Date(1704783119000)/",23000,14200,7535020,174240494300,-300,true,-1.29
"CEO",135158,"/Date(1704783118000)/",23000,500,7520820,173913894300,-300,true,-1.29
"CEO",135157,"/Date(1704783117000)/",23000,30100,7520320,173902394300,-300,true,-1.29
"CEO",135156,"/Date(1704783116000)/",23000,25700,7490220,173210094300,-300,true,-1.29
"CEO",135155,"/Date(1704783115000)/",23000,5000,7464520,172618994300,-300,true,-1.29
"CEO",135154,"/Date(1704783114000)/",23000,100,7459520,172503994300,-300,true,-1.29
"CEO",135153,"/Date(1704783113000)/",23000,8000,7459420,172501694300,-300,true,-1.29
"CEO",135152,"/Date(1704783112000)/",23000,6300,7451420,172317694300,-300,true,-1.29
"CEO",135151,"/Date(1704783111000)/",23000,6200,7445120,172172794300,-300,true,-1.29
"CEO",135150,"/Date(1704783110000)/",23000,45000,7438920,172030194300,-300,true,-1.29
"CEO",135148,"/Date(1704783108000)/",23000,89300,7393920,170995194300,-300,true,-1.29
"CEO",135147,"/Date(1704783107000)/",23000,9100,7304620,168941294300,-300,true,-1.29
"CEO",135146,"/Date(1704783106000)/",23000,2000,7295520,168731994300,-300,true,-1.29
"CEO",135143,"/Date(1704783103000)/",23000,2000,7293520,168685994300,-300,true,-1.29
"CEO",135142,"/Date(1704783102000)/",23000,1000,7291520,168639994300,-300,true,-1.29
"CEO",135139,"/Date(1704783099000)/",23000,3100,7290520,168616994300,-300,true,-1.29
"CEO",135138,"/Date(1704783098000)/",23000,3000,7287420,168545694300,-300,true,-1.29
"CEO",135137,"/Date(1704783097000)/",23000,26,7284420,168476694300,-300,true,-1.29
"CEO",135136,"/Date(1704783096000)/",23000,20000,7284394,168476096300,-300,true,-1.29
"CEO",135129,"/Date(1704783089000)/",23000,8300,7264394,168016096300,-300,true,-1.29
"CEO",135122,"/Date(1704783082000)/",23000,1000,7256094,167825196300,-300,true,-1.29
"CEO",135114,"/Date(1704783074000)/",23000,2700,7255094,167802196300,-300,true,-1.29
"CEO",135107,"/Date(1704783067000)/",23000,1,7252394,167740096300,-300,true,-1.29
"CEO",135105,"/Date(1704783065000)/",23000,200,7252393,167740073300,-300,true,-1.29
"CEO",135104,"/Date(1704783064000)/",23000,3000,7252193,167735473300,-300,true,-1.29
"CEO",135101,"/Date(1704783061000)/",23000,2000,7249193,167666473300,-300,true,-1.29
"CEO",135100,"/Date(1704783060000)/",23000,1300,7247193,167620473300,-300,true,-1.29
"CEO",135059,"/Date(1704783059000)/",23000,1200,7245893,167590573300,-300,true,-1.29
"CEO",135056,"/Date(1704783056000)/",23100,1100,7244693,167562973300,-200,false,-0.86
"CEO",135054,"/Date(1704783054000)/",23000,400,7243593,167537573300,-300,true,-1.29
"CEO",135053,"/Date(1704783053000)/",23000,2000,7243193,167528373300,-300,true,-1.29
"CEO",135051,"/Date(1704783051000)/",23000,500,7241193,167482373300,-300,true,-1.29
"CEO",135050,"/Date(1704783050000)/",23000,3000,7240693,167470873300,-300,true,-1.29
"CEO",135049,"/Date(1704783049000)/",23000,30000,7237693,167401873300,-300,true,-1.29
"CEO",135048,"/Date(1704783048000)/",23000,1000,7207693,166711873300,-300,true,-1.29
"CEO",135046,"/Date(1704783046000)/",23000,57000,7206693,166688873300,-300,true,-1.29
"CEO",135033,"/Date(1704783033000)/",23000,4000,7149693,165377873300,-300,true,-1.29
"CEO",135029,"/Date(1704783029000)/",23100,6700,7145693,165285873300,-200,false,-0.86
"CEO",135027,"/Date(1704783027000)/",23000,100,7138993,165131103300,-300,true,-1.29
"CEO",135018,"/Date(1704783018000)/",23000,3800,7138893,165128803300,-300,true,-1.29
"CEO",135014,"/Date(1704783014000)/",23100,100,7135093,165041403300,-200,false,-0.86
"CEO",135012,"/Date(1704783012000)/",23100,500,7134993,165039093300,-200,false,-0.86
"CEO",135006,"/Date(1704783006000)/",23000,500,7134493,165027543300,-300,true,-1.29
"CEO",134958,"/Date(1704782998000)/",23000,300,7133993,165016043300,-300,true,-1.29
"CEO",134956,"/Date(1704782996000)/",23000,10000,7133693,165009143300,-300,true,-1.29
"CEO",134952,"/Date(1704782992000)/",23000,1000,7123693,164779143300,-300,true,-1.29
"CEO",134951,"/Date(1704782991000)/",23000,1300,7122693,164756143300,-300,true,-1.29
"CEO",134945,"/Date(1704782985000)/",23000,10000,7121393,164726243300,-300,true,-1.29
"CEO",134930,"/Date(1704782970000)/",23000,1800,7111393,164495843300,-300,true,-1.29
"CEO",134925,"/Date(1704782965000)/",23000,10000,7109593,164454443300,-300,true,-1.29
"CEO",134924,"/Date(1704782964000)/",23000,600,7099593,164224443300,-300,true,-1.29
"CEO",134921,"/Date(1704782961000)/",23000,3000,7098993,164210623300,-300,true,-1.29
"CEO",134918,"/Date(1704782958000)/",23000,10800,7095993,164141623300,-300,true,-1.29
"CEO",134905,"/Date(1704782945000)/",23000,100,7085193,163893223300,-300,true,-1.29
"CEO",134904,"/Date(1704782944000)/",23100,66,7085093,163890923300,-200,false,-0.86
"CEO",134901,"/Date(1704782941000)/",23100,1000,7085027,163889405300,-200,false,-0.86
"CEO",134858,"/Date(1704782938000)/",23100,8200,7084027,163866305300,-200,false,-0.86
"CEO",134856,"/Date(1704782936000)/",23000,3000,7075827,163677685300,-300,true,-1.29
"CEO",134855,"/Date(1704782935000)/",23000,3000,7072827,163608685300,-300,true,-1.29
"CEO",134854,"/Date(1704782934000)/",23100,78,7069827,163539685300,-200,false,-0.86
"CEO",134850,"/Date(1704782930000)/",23100,3200,7069749,163537891300,-200,false,-0.86
"CEO",134845,"/Date(1704782925000)/",23100,200,7066549,163464041300,-200,false,-0.86
"CEO",134844,"/Date(1704782924000)/",23000,10300,7066349,163459421300,-300,true,-1.29
"CEO",134840,"/Date(1704782920000)/",23000,7500,7056049,163222521300,-300,true,-1.29
"CEO",134836,"/Date(1704782916000)/",23000,90,7048549,163050021300,-300,true,-1.29
"CEO",134828,"/Date(1704782908000)/",23000,54800,7048459,163047951300,-300,true,-1.29
"CEO",134827,"/Date(1704782907000)/",23100,500,6993659,161787551300,-200,false,-0.86
"CEO",134826,"/Date(1704782906000)/",23000,11000,6993159,161776001300,-300,true,-1.29
"CEO",134817,"/Date(1704782897000)/",23000,2000,6982159,161523001300,-300,true,-1.29
"CEO",134815,"/Date(1704782895000)/",23000,600,6980159,161477001300,-300,true,-1.29
"CEO",134801,"/Date(1704782881000)/",23000,500,6979559,161463201300,-300,true,-1.29
"CEO",134754,"/Date(1704782874000)/",23000,5000,6979059,161451701300,-300,true,-1.29
"CEO",134742,"/Date(1704782862000)/",23000,1000,6974059,161336701300,-300,true,-1.29
"CEO",134738,"/Date(1704782858000)/",23000,2500,6973059,161313701300,-300,true,-1.29
"CEO",134733,"/Date(1704782853000)/",23000,5000,6970559,161256201300,-300,true,-1.29
"CEO",134724,"/Date(1704782844000)/",23000,2000,6965559,161141201300,-300,true,-1.29
"CEO",134721,"/Date(1704782841000)/",23000,25000,6963559,161095201300,-300,true,-1.29
"CEO",134708,"/Date(1704782828000)/",23000,200,6938559,160520201300,-300,true,-1.29
"CEO",134702,"/Date(1704782822000)/",23100,900,6938359,160515601300,-200,false,-0.86
"CEO",134658,"/Date(1704782818000)/",23000,600,6937459,160494811300,-300,true,-1.29
"CEO",134637,"/Date(1704782797000)/",23000,1700,6936859,160481011300,-300,true,-1.29
"CEO",134636,"/Date(1704782796000)/",23000,800,6935159,160441911300,-300,true,-1.29
"CEO",134633,"/Date(1704782793000)/",23100,200,6934359,160423511300,-200,false,-0.86
"CEO",134619,"/Date(1704782779000)/",23100,4000,6934159,160418891300,-200,false,-0.86
"CEO",134546,"/Date(1704782746000)/",23100,10000,6930159,160326491300,-200,false,-0.86
"CEO",134516,"/Date(1704782716000)/",23100,1000,6920159,160095491300,-200,false,-0.86
"CEO",134512,"/Date(1704782712000)/",23000,1000,6919159,160072391300,-300,true,-1.29
"CEO",134511,"/Date(1704782711000)/",23000,500,6918159,160049391300,-300,true,-1.29
"CEO",134506,"/Date(1704782706000)/",23000,2900,6917659,160037891300,-300,true,-1.29
"CEO",134451,"/Date(1704782691000)/",23000,1000,6914759,159971191300,-300,true,-1.29
"CEO",134441,"/Date(1704782681000)/",23000,200,6913759,159948191300,-300,true,-1.29
"CEO",134427,"/Date(1704782667000)/",23000,200,6913559,159943591300,-300,true,-1.29
"CEO",134425,"/Date(1704782665000)/",23000,100,6913359,159938991300,-300,true,-1.29
"CEO",134422,"/Date(1704782662000)/",23100,200,6913259,159936691300,-200,false,-0.86
"CEO",134418,"/Date(1704782658000)/",23000,2000,6913059,159932071300,-300,true,-1.29
"CEO",134414,"/Date(1704782654000)/",23000,100,6911059,159886071300,-300,true,-1.29
"CEO",134402,"/Date(1704782642000)/",23000,9000,6910959,159883771300,-300,true,-1.29
"CEO",134401,"/Date(1704782641000)/",23000,1000,6901959,159676771300,-300,true,-1.29
"CEO",134356,"/Date(1704782636000)/",23000,5000,6900959,159653771300,-300,true,-1.29
"CEO",134355,"/Date(1704782635000)/",23000,5000,6895959,159538771300,-300,true,-1.29
"CEO",134352,"/Date(1704782632000)/",23000,100,6890959,159423771300,-300,true,-1.29
"CEO",134328,"/Date(1704782608000)/",23000,550,6890859,159421471300,-300,true,-1.29
"CEO",134327,"/Date(1704782607000)/",23000,50000,6890309,159408821300,-300,true,-1.29
"CEO",134319,"/Date(1704782599000)/",23100,2000,6840309,158258821300,-200,false,-0.86
"CEO",134309,"/Date(1704782589000)/",23000,300,6838309,158212621300,-300,true,-1.29
"CEO",134303,"/Date(1704782583000)/",23100,100,6838009,158205721300,-200,false,-0.86
"CEO",134256,"/Date(1704782576000)/",23100,200,6837909,158203411300,-200,false,-0.86
"CEO",134236,"/Date(1704782556000)/",23100,100,6837709,158198791300,-200,false,-0.86
"CEO",134210,"/Date(1704782530000)/",23100,200,6837609,158196481300,-200,false,-0.86
"CEO",134149,"/Date(1704782509000)/",23100,700,6837409,158191861300,-200,false,-0.86
"CEO",134133,"/Date(1704782493000)/",23100,200,6836709,158175691300,-200,false,-0.86
"CEO",134035,"/Date(1704782435000)/",23100,34100,6836509,158171071300,-200,false,-0.86
"CEO",134032,"/Date(1704782432000)/",23000,500,6802409,157386571300,-300,true,-1.29
"CEO",134029,"/Date(1704782429000)/",23000,3000,6801909,157375071300,-300,true,-1.29
"CEO",134025,"/Date(1704782425000)/",23000,100,6798909,157306071300,-300,true,-1.29
"CEO",133959,"/Date(1704782399000)/",23100,200,6798809,157303771300,-200,false,-0.86
"CEO",133938,"/Date(1704782378000)/",23000,100,6798609,157299151300,-300,true,-1.29
"CEO",133933,"/Date(1704782373000)/",23000,53700,6798509,157296851300,-300,true,-1.29
"CEO",133920,"/Date(1704782360000)/",23000,1400,6744809,156061751300,-300,true,-1.29
"CEO",133919,"/Date(1704782359000)/",23000,2700,6743409,156029501300,-300,true,-1.29
"CEO",133910,"/Date(1704782350000)/",23000,5000,6740709,155967401300,-300,true,-1.29
"CEO",133903,"/Date(1704782343000)/",23000,200,6735709,155852401300,-300,true,-1.29
"CEO",133901,"/Date(1704782341000)/",23000,800,6735509,155847801300,-300,true,-1.29
"CEO",133854,"/Date(1704782334000)/",23100,2000,6734709,155829401300,-200,false,-0.86
"CEO",133853,"/Date(1704782333000)/",23100,1200,6732709,155783201300,-200,false,-0.86
"CEO",133846,"/Date(1704782326000)/",23100,200,6731509,155755481300,-200,false,-0.86
"CEO",133842,"/Date(1704782322000)/",23000,1600,6731309,155750861300,-300,true,-1.29
"CEO",133841,"/Date(1704782321000)/",23000,1000,6729709,155714061300,-300,true,-1.29
"CEO",133823,"/Date(1704782303000)/",23000,5000,6728709,155691061300,-300,true,-1.29
"CEO",133819,"/Date(1704782299000)/",23000,200,6723709,155576061300,-300,true,-1.29
"CEO",133804,"/Date(1704782284000)/",23000,1000,6723509,155571461300,-300,true,-1.29
"CEO",133748,"/Date(1704782268000)/",23000,100,6722509,155548461300,-300,true,-1.29
"CEO",133747,"/Date(1704782267000)/",23100,200,6722409,155546161300,-200,false,-0.86
"CEO",133744,"/Date(1704782264000)/",23100,200,6722209,155541541300,-200,false,-0.86
"CEO",133730,"/Date(1704782250000)/",23000,1000,6722009,155536921300,-300,true,-1.29
"CEO",133658,"/Date(1704782218000)/",23000,500,6721009,155513921300,-300,true,-1.29
"CEO",133645,"/Date(1704782205000)/",23000,2000,6720509,155502421300,-300,true,-1.29
"CEO",133623,"/Date(1704782183000)/",23000,10000,6718509,155456421300,-300,true,-1.29
"CEO",133620,"/Date(1704782180000)/",23100,5000,6708509,155226421300,-200,false,-0.86
"CEO",133615,"/Date(1704782175000)/",23100,100,6703509,155110921300,-200,false,-0.86
"CEO",133610,"/Date(1704782170000)/",23100,9300,6703409,155108611300,-200,false,-0.86
"CEO",133609,"/Date(1704782169000)/",23000,400,6694109,154893781300,-300,true,-1.29
"CEO",133559,"/Date(1704782159000)/",23100,50,6693709,154884581300,-200,false,-0.86
"CEO",133558,"/Date(1704782158000)/",23100,400,6693659,154883431300,-200,false,-0.86
"CEO",133539,"/Date(1704782139000)/",23100,200,6693259,154874191300,-200,false,-0.86
"CEO",133538,"/Date(1704782138000)/",23100,100,6693059,154869571300,-200,false,-0.86
"CEO",133537,"/Date(1704782137000)/",23000,200,6692959,154867261300,-300,true,-1.29
"CEO",133536,"/Date(1704782136000)/",23100,200,6692759,154862661300,-200,false,-0.86
"CEO",133525,"/Date(1704782125000)/",23000,1000,6692559,154858041300,-300,true,-1.29
"CEO",133502,"/Date(1704782102000)/",23100,5100,6691559,154835041300,-200,false,-0.86
"CEO",133450,"/Date(1704782090000)/",23100,100,6686459,154717231300,-200,false,-0.86
"CEO",133449,"/Date(1704782089000)/",23100,5000,6686359,154714921300,-200,false,-0.86
"CEO",133441,"/Date(1704782081000)/",23100,500,6681359,154599421300,-200,false,-0.86
"CEO",133436,"/Date(1704782076000)/",23100,100,6680859,154587871300,-200,false,-0.86
"CEO",133433,"/Date(1704782073000)/",23100,500,6680759,154585561300,-200,false,-0.86
"CEO",133430,"/Date(1704782070000)/",23100,200,6680259,154574011300,-200,false,-0.86
"CEO",133428,"/Date(1704782068000)/",23100,500,6680059,154569391300,-200,false,-0.86
"CEO",133426,"/Date(1704782066000)/",23100,900,6679559,154557841300,-200,false,-0.86
"CEO",133425,"/Date(1704782065000)/",23100,5000,6678659,154537051300,-200,false,-0.86
"CEO",133412,"/Date(1704782052000)/",23100,1000,6673659,154421551300,-200,false,-0.86
"CEO",133410,"/Date(1704782050000)/",23100,100,6672659,154398451300,-200,false,-0.86
"CEO",133409,"/Date(1704782049000)/",23100,200,6672559,154396141300,-200,false,-0.86
"CEO",133406,"/Date(1704782046000)/",23100,1000,6672359,154391521300,-200,false,-0.86
"CEO",133400,"/Date(1704782040000)/",23100,100,6671359,154368421300,-200,false,-0.86
"CEO",133357,"/Date(1704782038000)/",23100,4000,6671259,154366111300,-200,false,-0.86
"CEO",133357,"/Date(1704782037000)/",23100,100,6667259,154273711300,-200,false,-0.86
"CEO",133355,"/Date(1704782035000)/",23100,1000,6667159,154271401300,-200,false,-0.86
"CEO",133336,"/Date(1704782016000)/",23100,70000,6666159,154248301300,-200,false,-0.86
"CEO",133333,"/Date(1704782013000)/",23100,9,6596159,152631301300,-200,false,-0.86
"CEO",133324,"/Date(1704782004000)/",23100,1700,6596150,152631093400,-200,false,-0.86
"CEO",133322,"/Date(1704782002000)/",23100,88,6594450,152591823400,-200,false,-0.86
"CEO",133310,"/Date(1704781990000)/",23100,31000,6594362,152589799400,-200,false,-0.86
"CEO",133302,"/Date(1704781982000)/",23100,200,6563362,151873699400,-200,false,-0.86
"CEO",133246,"/Date(1704781966000)/",23100,200,6563162,151869079400,-200,false,-0.86
"CEO",133242,"/Date(1704781962000)/",23100,100,6562962,151864459400,-200,false,-0.86
"CEO",133235,"/Date(1704781955000)/",23100,500,6562862,151862149400,-200,false,-0.86
"CEO",133231,"/Date(1704781951000)/",23100,1000,6562362,151850599400,-200,false,-0.86
"CEO",133230,"/Date(1704781950000)/",23100,200,6561362,151827499400,-200,false,-0.86
"CEO",133225,"/Date(1704781945000)/",23100,600,6561162,151822879400,-200,false,-0.86
"CEO",133210,"/Date(1704781930000)/",23100,100,6560562,151809019400,-200,false,-0.86
"CEO",133209,"/Date(1704781929000)/",23100,500,6560462,151806709400,-200,false,-0.86
"CEO",133208,"/Date(1704781928000)/",23000,1200,6559962,151795159400,-300,true,-1.29
"CEO",133206,"/Date(1704781926000)/",23100,2000,6558762,151767559400,-200,false,-0.86
"CEO",133203,"/Date(1704781923000)/",23100,9000,6556762,151721359400,-200,false,-0.86
"CEO",133158,"/Date(1704781918000)/",23100,1000,6547762,151513459400,-200,false,-0.86
"CEO",133149,"/Date(1704781909000)/",23100,200,6546762,151490359400,-200,false,-0.86
"CEO",133146,"/Date(1704781906000)/",23000,100,6546562,151485739400,-300,true,-1.29
"CEO",133137,"/Date(1704781897000)/",23000,100,6546462,151483439400,-300,true,-1.29
"CEO",133131,"/Date(1704781891000)/",23100,3100,6546362,151481139400,-200,false,-0.86
"CEO",133129,"/Date(1704781890000)/",23000,1000,6543262,151409529400,-300,true,-1.29
"CEO",133113,"/Date(1704781873000)/",23100,200,6542262,151386529400,-200,false,-0.86
"CEO",133107,"/Date(1704781867000)/",23100,3000,6542062,151381909400,-200,false,-0.86
"CEO",133049,"/Date(1704781849000)/",23100,300,6539062,151312609400,-200,false,-0.86
"CEO",133040,"/Date(1704781840000)/",23100,1000,6538762,151305679400,-200,false,-0.86
"CEO",133036,"/Date(1704781836000)/",23000,1000,6537762,151282579400,-300,true,-1.29
"CEO",133029,"/Date(1704781830000)/",23100,1000,6536762,151259579400,-200,false,-0.86
"CEO",133029,"/Date(1704781829000)/",23100,400,6535762,151236479400,-200,false,-0.86
"CEO",133023,"/Date(1704781823000)/",23100,600,6535362,151227239400,-200,false,-0.86
"CEO",133004,"/Date(1704781804000)/",23100,3200,6534762,151213379400,-200,false,-0.86
"CEO",132949,"/Date(1704781789000)/",23100,200,6531562,151139459400,-200,false,-0.86
"CEO",132922,"/Date(1704781763000)/",23100,46000,6531362,151134839400,-200,false,-0.86
"CEO",132922,"/Date(1704781762000)/",23100,100,6485362,150072239400,-200,false,-0.86
"CEO",132907,"/Date(1704781747000)/",23100,700,6485262,150069929400,-200,false,-0.86
"CEO",132902,"/Date(1704781742000)/",23100,200,6484562,150053759400,-200,false,-0.86
"CEO",132856,"/Date(1704781736000)/",23100,500,6484362,150049139400,-200,false,-0.86
"CEO",132852,"/Date(1704781733000)/",23100,700,6483862,150037589400,-200,false,-0.86
"CEO",132841,"/Date(1704781721000)/",23100,29500,6483162,150021419400,-200,false,-0.86
"CEO",132838,"/Date(1704781718000)/",23100,100,6453662,149339969400,-200,false,-0.86
"CEO",132826,"/Date(1704781706000)/",23100,100,6453562,149337659400,-200,false,-0.86
"CEO",132817,"/Date(1704781697000)/",23000,700,6453462,149335349400,-300,true,-1.29
"CEO",132802,"/Date(1704781681000)/",23000,100,6452762,149319219400,-300,true,-1.29
"CEO",132750,"/Date(1704781669000)/",23100,100,6452662,149316919400,-200,false,-0.86
"CEO",132738,"/Date(1704781657000)/",23100,500,6452562,149314609400,-200,false,-0.86
"CEO",132737,"/Date(1704781656000)/",23100,100,6452062,149303059400,-200,false,-0.86
"CEO",132727,"/Date(1704781647000)/",23100,600,6451962,149300749400,-200,false,-0.86
"CEO",132722,"/Date(1704781642000)/",23000,300,6451362,149286889400,-300,true,-1.29
"CEO",132722,"/Date(1704781641000)/",23100,1,6451062,149279989400,-200,false,-0.86
"CEO",132715,"/Date(1704781635000)/",23100,100,6451061,149279966300,-200,false,-0.86
"CEO",132700,"/Date(1704781620000)/",23100,100,6450961,149277656300,-200,false,-0.86
"CEO",132648,"/Date(1704781608000)/",23100,200,6450861,149275346300,-200,false,-0.86
"CEO",132645,"/Date(1704781605000)/",23100,200,6450661,149270726300,-200,false,-0.86
"CEO",132639,"/Date(1704781598000)/",23100,500,6450461,149266106300,-200,false,-0.86
"CEO",132627,"/Date(1704781587000)/",23100,5000,6449961,149254556300,-200,false,-0.86
"CEO",132626,"/Date(1704781585000)/",23100,5000,6444961,149139056300,-200,false,-0.86
"CEO",132615,"/Date(1704781575000)/",23100,100,6439961,149023556300,-200,false,-0.86
"CEO",132614,"/Date(1704781573000)/",23100,3000,6439861,149021246300,-200,false,-0.86
"CEO",132605,"/Date(1704781564000)/",23100,200,6436861,148951946300,-200,true,-0.86
"CEO",132603,"/Date(1704781563000)/",23100,20700,6436661,148947326300,-200,true,-0.86
"CEO",132601,"/Date(1704781561000)/",23100,8200,6415961,148469156300,-200,true,-0.86
"CEO",132600,"/Date(1704781560000)/",23100,1500,6407761,148279736300,-200,true,-0.86
"CEO",132553,"/Date(1704781553000)/",23100,300,6406261,148245086300,-200,true,-0.86
"CEO",132550,"/Date(1704781550000)/",23100,200,6405961,148238156300,-200,true,-0.86
"CEO",132548,"/Date(1704781548000)/",23100,5000,6405761,148233536300,-200,true,-0.86
"CEO",132548,"/Date(1704781547000)/",23100,12000,6400761,148118036300,-200,true,-0.86
"CEO",132531,"/Date(1704781531000)/",23100,504,6388761,147840836300,-200,true,-0.86
"CEO",132530,"/Date(1704781530000)/",23100,5500,6388257,147829193900,-200,false,-0.86
"CEO",132529,"/Date(1704781529000)/",23100,300,6382757,147702143900,-200,false,-0.86
"CEO",132527,"/Date(1704781527000)/",23000,100,6382457,147695213900,-300,true,-1.29
"CEO",132526,"/Date(1704781526000)/",23100,5300,6382357,147692913900,-200,false,-0.86
"CEO",132522,"/Date(1704781522000)/",23100,3000,6377057,147570483900,-200,false,-0.86
"CEO",132517,"/Date(1704781517000)/",23100,10000,6374057,147501183900,-200,false,-0.86
"CEO",132510,"/Date(1704781510000)/",23100,100,6364057,147270183900,-200,false,-0.86
"CEO",132509,"/Date(1704781509000)/",23000,6000,6363957,147267873900,-300,true,-1.29
"CEO",132502,"/Date(1704781502000)/",23100,100,6357957,147129873900,-200,false,-0.86
"CEO",132501,"/Date(1704781501000)/",23100,200,6357857,147127563900,-200,false,-0.86
"CEO",132500,"/Date(1704781500000)/",23000,700,6357657,147122943900,-300,true,-1.29
"CEO",132457,"/Date(1704781497000)/",23100,40000,6356957,147106843900,-200,false,-0.86
"CEO",132454,"/Date(1704781494000)/",23100,100,6316957,146182843900,-200,false,-0.86
"CEO",132446,"/Date(1704781486000)/",23100,4,6316857,146180533900,-200,false,-0.86
"CEO",132445,"/Date(1704781485000)/",23100,5400,6316853,146180441500,-200,false,-0.86
"CEO",132441,"/Date(1704781481000)/",23100,500,6311453,146055701500,-200,false,-0.86
"CEO",132437,"/Date(1704781477000)/",23100,200,6310953,146044151500,-200,false,-0.86
"CEO",132436,"/Date(1704781475000)/",23100,500,6310753,146039531500,-200,false,-0.86
"CEO",132434,"/Date(1704781474000)/",23100,200,6310253,146027981500,-200,false,-0.86
"CEO",132430,"/Date(1704781470000)/",23100,500,6310053,146023361500,-200,false,-0.86
"CEO",132429,"/Date(1704781469000)/",23100,200,6309553,146011811500,-200,false,-0.86
"CEO",132423,"/Date(1704781462000)/",23100,500,6309353,146007191500,-200,false,-0.86
"CEO",132417,"/Date(1704781457000)/",23000,1100,6308853,145995641500,-300,true,-1.29
"CEO",132411,"/Date(1704781451000)/",23100,290,6307753,145970341500,-200,false,-0.86
"CEO",132406,"/Date(1704781446000)/",23100,15000,6307463,145963651500,-200,false,-0.86
"CEO",132404,"/Date(1704781444000)/",23100,2000,6292463,145617151500,-200,false,-0.86
"CEO",132359,"/Date(1704781439000)/",23100,300,6290463,145570951500,-200,false,-0.86
"CEO",132346,"/Date(1704781426000)/",23100,2,6290163,145564021500,-200,false,-0.86
"CEO",132345,"/Date(1704781425000)/",23100,300,6290161,145563975300,-200,true,-0.86
"CEO",132341,"/Date(1704781420000)/",23100,4000,6289861,145557045300,-200,true,-0.86
"CEO",132336,"/Date(1704781416000)/",23100,2000,6285861,145464645300,-200,true,-0.86
"CEO",132334,"/Date(1704781414000)/",23100,10099,6283861,145418445300,-200,true,-0.86
"CEO",132331,"/Date(1704781411000)/",23100,10000,6273762,145185158400,-200,true,-0.86
"CEO",132327,"/Date(1704781407000)/",23100,1000,6263762,144954158400,-200,true,-0.86
"CEO",132323,"/Date(1704781403000)/",23100,500,6262762,144931058400,-200,true,-0.86
"CEO",132321,"/Date(1704781401000)/",23100,3100,6262262,144919508400,-200,true,-0.86
"CEO",132320,"/Date(1704781400000)/",23100,2700,6259162,144847898400,-200,true,-0.86
"CEO",132319,"/Date(1704781399000)/",23100,1500,6256462,144785528400,-200,true,-0.86
"CEO",132318,"/Date(1704781398000)/",23100,99,6254962,144750878400,-200,true,-0.86
"CEO",132316,"/Date(1704781396000)/",23100,100000,6254863,144748591500,-200,true,-0.86
"CEO",132312,"/Date(1704781392000)/",23100,700,6154863,142438591500,-200,true,-0.86
"CEO",132307,"/Date(1704781387000)/",23100,100,6154163,142422421500,-200,true,-0.86
"CEO",132306,"/Date(1704781386000)/",23100,61,6154063,142420111500,-200,true,-0.86
"CEO",132259,"/Date(1704781379000)/",23100,500,6154002,142418702400,-200,true,-0.86
"CEO",132254,"/Date(1704781374000)/",23100,30000,6153502,142407152400,-200,true,-0.86
"CEO",132244,"/Date(1704781364000)/",23200,100,6123502,141714152400,-100,false,-0.43
"CEO",132239,"/Date(1704781359000)/",23200,100,6123402,141711832400,-100,false,-0.43
"CEO",132226,"/Date(1704781346000)/",23200,200,6123302,141709512400,-100,false,-0.43
"CEO",132225,"/Date(1704781345000)/",23100,1000,6123102,141704872400,-200,true,-0.86
"CEO",132221,"/Date(1704781341000)/",23100,5,6122102,141681772400,-200,true,-0.86
"CEO",132208,"/Date(1704781328000)/",23100,500,6122097,141681656900,-200,true,-0.86
"CEO",132206,"/Date(1704781326000)/",23100,1000,6121597,141670106900,-200,true,-0.86
"CEO",132156,"/Date(1704781316000)/",23100,1300,6120597,141647006900,-200,true,-0.86
"CEO",132148,"/Date(1704781308000)/",23100,100,6119297,141616976900,-200,true,-0.86
"CEO",132139,"/Date(1704781299000)/",23100,400,6119197,141614666900,-200,true,-0.86
"CEO",132115,"/Date(1704781275000)/",23100,200,6118797,141605426900,-200,true,-0.86
"CEO",132106,"/Date(1704781266000)/",23100,10000,6118597,141600806900,-200,true,-0.86
"CEO",132100,"/Date(1704781260000)/",23100,5000,6108597,141369806900,-200,true,-0.86
"CEO",132056,"/Date(1704781256000)/",23100,500,6103597,141254306900,-200,true,-0.86
"CEO",132055,"/Date(1704781255000)/",23200,100,6103097,141242756900,-100,false,-0.43
"CEO",132024,"/Date(1704781224000)/",23100,6000,6102997,141240436900,-200,true,-0.86
"CEO",132015,"/Date(1704781215000)/",23200,200,6096997,141101836900,-100,false,-0.43
"CEO",132014,"/Date(1704781214000)/",23100,9700,6096797,141097196900,-200,true,-0.86
"CEO",132008,"/Date(1704781208000)/",23100,106200,6087097,140873126900,-200,false,-0.86
"CEO",132006,"/Date(1704781206000)/",23100,400,5980897,138419906900,-200,false,-0.86
"CEO",131954,"/Date(1704781194000)/",23100,400,5980497,138410666900,-200,false,-0.86
"CEO",131949,"/Date(1704781189000)/",23100,100,5980097,138401426900,-200,false,-0.86
"CEO",131941,"/Date(1704781181000)/",23100,1300,5979997,138399116900,-200,false,-0.86
"CEO",131928,"/Date(1704781168000)/",23100,100,5978697,138369086900,-200,false,-0.86
"CEO",131924,"/Date(1704781164000)/",23100,7800,5978597,138366776900,-200,true,-0.86
"CEO",131922,"/Date(1704781162000)/",23100,2000,5970797,138186596900,-200,true,-0.86
"CEO",131921,"/Date(1704781161000)/",23100,100000,5968797,138140396900,-200,true,-0.86
"CEO",131859,"/Date(1704781139000)/",23100,20000,5868797,135830396900,-200,true,-0.86
"CEO",131839,"/Date(1704781119000)/",23100,600,5848797,135368396900,-200,true,-0.86
"CEO",131837,"/Date(1704781117000)/",23100,3300,5848197,135354536900,-200,true,-0.86
"CEO",131832,"/Date(1704781112000)/",23100,2100,5844897,135278306900,-200,true,-0.86
"CEO",131831,"/Date(1704781111000)/",23100,300,5842797,135229796900,-200,true,-0.86
"CEO",131822,"/Date(1704781102000)/",23100,100,5842497,135222866900,-200,true,-0.86
"CEO",131818,"/Date(1704781098000)/",23100,500,5842397,135220556900,-200,true,-0.86
"CEO",131812,"/Date(1704781092000)/",23100,300,5841897,135209006900,-200,true,-0.86
"CEO",131810,"/Date(1704781090000)/",23100,2000,5841597,135202076900,-200,true,-0.86
"CEO",131809,"/Date(1704781089000)/",23100,1500,5839597,135155876900,-200,true,-0.86
"CEO",131807,"/Date(1704781087000)/",23100,1000,5838097,135121226900,-200,true,-0.86
"CEO",131803,"/Date(1704781083000)/",23200,200,5837097,135098126900,-100,false,-0.43
"CEO",131752,"/Date(1704781072000)/",23100,1000,5836897,135093486900,-200,true,-0.86
"CEO",131750,"/Date(1704781070000)/",23200,400,5835897,135070386900,-100,false,-0.43
"CEO",131747,"/Date(1704781067000)/",23100,9,5835497,135061106900,-200,true,-0.86
"CEO",131743,"/Date(1704781063000)/",23100,300,5835488,135060899000,-200,true,-0.86
"CEO",131735,"/Date(1704781055000)/",23100,300,5835188,135053969000,-200,true,-0.86
"CEO",131732,"/Date(1704781052000)/",23100,5000,5834888,135047039000,-200,true,-0.86
"CEO",131724,"/Date(1704781044000)/",23100,100,5829888,134931539000,-200,true,-0.86
"CEO",131721,"/Date(1704781041000)/",23100,2900,5829788,134929229000,-200,true,-0.86
"CEO",131715,"/Date(1704781035000)/",23200,100,5826888,134862239000,-100,false,-0.43
"CEO",131708,"/Date(1704781028000)/",23100,25,5826788,134859919000,-200,true,-0.86
"CEO",131700,"/Date(1704781020000)/",23100,7200,5826763,134859341500,-200,true,-0.86
"CEO",131656,"/Date(1704781016000)/",23100,5000,5819563,134693021500,-200,true,-0.86
"CEO",131650,"/Date(1704781010000)/",23100,2400,5814563,134577521500,-200,true,-0.86
"CEO",131649,"/Date(1704781009000)/",23100,22200,5812163,134522081500,-200,false,-0.86
"CEO",131648,"/Date(1704781008000)/",23100,600,5789963,134009261500,-200,false,-0.86
"CEO",131647,"/Date(1704781007000)/",23100,100,5789363,133995401500,-200,false,-0.86
"CEO",131645,"/Date(1704781005000)/",23100,100,5789263,133993091500,-200,false,-0.86
"CEO",131644,"/Date(1704781004000)/",23100,200,5789163,133990781500,-200,false,-0.86
"CEO",131642,"/Date(1704781002000)/",23100,400,5788963,133986161500,-200,false,-0.86
"CEO",131641,"/Date(1704781001000)/",23100,5100,5788563,133976921500,-200,false,-0.86
"CEO",131640,"/Date(1704781000000)/",23100,4300,5783463,133859111500,-200,false,-0.86
"CEO",131638,"/Date(1704780998000)/",23100,2200,5779163,133759781500,-200,false,-0.86
"CEO",131636,"/Date(1704780996000)/",23100,20300,5776963,133708961500,-200,false,-0.86
"CEO",131635,"/Date(1704780995000)/",23100,40000,5756663,133240031500,-200,false,-0.86
"CEO",131632,"/Date(1704780992000)/",23100,1500,5716663,132316031500,-200,false,-0.86
"CEO",131630,"/Date(1704780990000)/",23100,100000,5715163,132281381500,-200,false,-0.86
"CEO",131627,"/Date(1704780987000)/",23100,500,5615163,129971381500,-200,false,-0.86
"CEO",131625,"/Date(1704780985000)/",23100,2000,5614663,129959831500,-200,false,-0.86
"CEO",131624,"/Date(1704780984000)/",23100,2000,5612663,129913631500,-200,false,-0.86
"CEO",131622,"/Date(1704780982000)/",23100,1900,5610663,129867431500,-200,false,-0.86
"CEO",131621,"/Date(1704780981000)/",23100,100,5608763,129823541500,-200,false,-0.86
"CEO",131620,"/Date(1704780980000)/",23100,272,5608663,129821231500,-200,false,-0.86
"CEO",131614,"/Date(1704780974000)/",23100,4500,5608391,129814948300,-200,false,-0.86
"CEO",131612,"/Date(1704780972000)/",23100,100,5603891,129710998300,-200,false,-0.86
"CEO",131606,"/Date(1704780966000)/",23100,1400,5603791,129708688300,-200,false,-0.86
"CEO",131605,"/Date(1704780965000)/",23100,1000,5602391,129676348300,-200,false,-0.86
"CEO",131556,"/Date(1704780956000)/",23100,600,5601391,129653248300,-200,false,-0.86
"CEO",131555,"/Date(1704780955000)/",23100,35000,5600791,129639388300,-200,false,-0.86
"CEO",131553,"/Date(1704780953000)/",23100,10000,5565791,128830888300,-200,false,-0.86
"CEO",131552,"/Date(1704780952000)/",23100,200,5555791,128599888300,-200,false,-0.86
"CEO",131549,"/Date(1704780949000)/",23100,3000,5555591,128595268300,-200,false,-0.86
"CEO",131540,"/Date(1704780940000)/",23100,5000,5552591,128525968300,-200,false,-0.86
"CEO",131539,"/Date(1704780939000)/",23100,5000,5547591,128410468300,-200,false,-0.86
"CEO",131536,"/Date(1704780936000)/",23100,1000,5542591,128294968300,-200,false,-0.86
"CEO",131532,"/Date(1704780932000)/",23100,500,5541591,128271868300,-200,false,-0.86
"CEO",131531,"/Date(1704780931000)/",23100,600,5541091,128260318300,-200,false,-0.86
"CEO",131526,"/Date(1704780926000)/",23100,600,5540491,128246458300,-200,false,-0.86
"CEO",131524,"/Date(1704780924000)/",23100,500,5539891,128232598300,-200,false,-0.86
"CEO",131523,"/Date(1704780923000)/",23100,3,5539391,128221048300,-200,false,-0.86
"CEO",131522,"/Date(1704780922000)/",23100,700,5539388,128220979000,-200,false,-0.86
"CEO",131521,"/Date(1704780921000)/",23100,1000,5538688,128204809000,-200,false,-0.86
"CEO",131518,"/Date(1704780918000)/",23100,100,5537688,128181709000,-200,false,-0.86
"CEO",131517,"/Date(1704780917000)/",23100,400,5537588,128179399000,-200,false,-0.86
"CEO",131513,"/Date(1704780913000)/",23100,300,5537188,128170159000,-200,false,-0.86
"CEO",131507,"/Date(1704780907000)/",23100,1000,5536888,128163229000,-200,false,-0.86
"CEO",131505,"/Date(1704780905000)/",23100,1000,5535888,128140129000,-200,false,-0.86
"CEO",131458,"/Date(1704780898000)/",23100,100,5534888,128117029000,-200,false,-0.86
"CEO",131451,"/Date(1704780891000)/",23100,3000,5534788,128114719000,-200,false,-0.86
"CEO",131450,"/Date(1704780890000)/",23000,10200,5531788,128045419000,-300,true,-1.29
"CEO",131447,"/Date(1704780887000)/",23100,2000,5521588,127810819000,-200,false,-0.86
"CEO",131446,"/Date(1704780886000)/",23100,1000,5519588,127764619000,-200,false,-0.86
"CEO",131444,"/Date(1704780884000)/",23100,3000,5518588,127741519000,-200,false,-0.86
"CEO",131442,"/Date(1704780882000)/",23000,200,5515588,127672219000,-300,true,-1.29
"CEO",131439,"/Date(1704780879000)/",23100,1600,5515388,127667619000,-200,false,-0.86
"CEO",131435,"/Date(1704780875000)/",23100,12000,5513788,127630659000,-200,false,-0.86
"CEO",131433,"/Date(1704780873000)/",23100,200200,5501788,127353459000,-200,false,-0.86
"CEO",131430,"/Date(1704780870000)/",23100,98,5301588,122728839000,-200,false,-0.86
"CEO",131412,"/Date(1704780852000)/",23100,2600,5301490,122726585000,-200,false,-0.86
"CEO",131403,"/Date(1704780843000)/",23000,100,5298890,122666525000,-300,true,-1.29
"CEO",131355,"/Date(1704780835000)/",23100,100,5298790,122664225000,-200,false,-0.86
"CEO",131350,"/Date(1704780830000)/",23000,300,5298690,122661915000,-300,true,-1.29
"CEO",131343,"/Date(1704780823000)/",23100,100,5298390,122654995000,-200,false,-0.86
"CEO",131340,"/Date(1704780820000)/",23100,200,5298290,122652685000,-200,false,-0.86
"CEO",131326,"/Date(1704780806000)/",23100,5000,5298090,122648065000,-200,false,-0.86
"CEO",131324,"/Date(1704780804000)/",23100,500,5293090,122532565000,-200,false,-0.86
"CEO",131321,"/Date(1704780801000)/",23100,1100,5292590,122521015000,-200,false,-0.86
"CEO",131305,"/Date(1704780785000)/",23100,3000,5291490,122495605000,-200,false,-0.86
"CEO",131301,"/Date(1704780781000)/",23100,1700,5288490,122426305000,-200,false,-0.86
"CEO",131251,"/Date(1704780771000)/",23100,3000,5286790,122387035000,-200,false,-0.86
"CEO",131239,"/Date(1704780759000)/",23100,100,5283790,122317735000,-200,false,-0.86
"CEO",131207,"/Date(1704780727000)/",23100,92,5283690,122315425000,-200,false,-0.86
"CEO",131203,"/Date(1704780723000)/",23100,1500,5283598,122313299800,-200,false,-0.86
"CEO",131202,"/Date(1704780722000)/",23000,10000,5282098,122278649800,-300,true,-1.29
"CEO",131159,"/Date(1704780719000)/",23100,9,5272098,122048649800,-200,false,-0.86
"CEO",131156,"/Date(1704780716000)/",23100,100,5272089,122048441900,-200,false,-0.86
"CEO",131154,"/Date(1704780714000)/",23000,1800,5271989,122046131900,-300,true,-1.29
"CEO",131146,"/Date(1704780706000)/",23100,100,5270189,122004731900,-200,false,-0.86
"CEO",131144,"/Date(1704780704000)/",23100,5000,5270089,122002421900,-200,false,-0.86
"CEO",131143,"/Date(1704780703000)/",23100,500,5265089,121886921900,-200,false,-0.86
"CEO",131142,"/Date(1704780702000)/",23000,148,5264589,121875371900,-300,true,-1.29
"CEO",131139,"/Date(1704780699000)/",23000,1100,5264441,121871967900,-300,true,-1.29
"CEO",131138,"/Date(1704780698000)/",23000,2600,5263341,121846667900,-300,true,-1.29
"CEO",131129,"/Date(1704780689000)/",23100,200,5260741,121786867900,-200,false,-0.86
"CEO",131128,"/Date(1704780688000)/",23000,300,5260541,121782247900,-300,true,-1.29
"CEO",131120,"/Date(1704780680000)/",23000,100,5260241,121775347900,-300,true,-1.29
"CEO",131118,"/Date(1704780678000)/",23000,300,5260141,121773047900,-300,true,-1.29
"CEO",131053,"/Date(1704780653000)/",23000,3000,5259841,121766147900,-300,true,-1.29
"CEO",131020,"/Date(1704780620000)/",23100,500,5256841,121697147900,-200,false,-0.86
"CEO",131001,"/Date(1704780601000)/",23100,100,5256341,121685597900,-200,false,-0.86
"CEO",130953,"/Date(1704780593000)/",23000,3000,5256241,121683287900,-300,true,-1.29
"CEO",130950,"/Date(1704780590000)/",23000,16000,5253241,121614287900,-300,true,-1.29
"CEO",130946,"/Date(1704780586000)/",23000,100,5237241,121246287900,-300,true,-1.29
"CEO",130939,"/Date(1704780579000)/",23000,2000,5237141,121243987900,-300,true,-1.29
"CEO",130927,"/Date(1704780567000)/",23000,3000,5235141,121197987900,-300,true,-1.29
"CEO",130925,"/Date(1704780565000)/",23000,10000,5232141,121128987900,-300,true,-1.29
"CEO",130917,"/Date(1704780557000)/",23100,200,5222141,120898987900,-200,false,-0.86
"CEO",130911,"/Date(1704780551000)/",23000,20000,5221941,120894367900,-300,true,-1.29
"CEO",130902,"/Date(1704780542000)/",23000,5000,5201941,120434367900,-300,true,-1.29
"CEO",130855,"/Date(1704780535000)/",23100,200,5196941,120319367900,-200,false,-0.86
"CEO",130852,"/Date(1704780532000)/",23000,700,5196741,120314747900,-300,true,-1.29
"CEO",130845,"/Date(1704780525000)/",23100,1,5196041,120298647900,-200,false,-0.86
"CEO",130842,"/Date(1704780522000)/",23100,1000,5196040,120298624800,-200,false,-0.86
"CEO",130839,"/Date(1704780519000)/",23100,100,5195040,120275524800,-200,false,-0.86
"CEO",130825,"/Date(1704780505000)/",23100,4000,5194940,120273214800,-200,false,-0.86
"CEO",130821,"/Date(1704780501000)/",23100,100,5190940,120180814800,-200,false,-0.86
"CEO",130818,"/Date(1704780498000)/",23100,1,5190840,120178504800,-200,false,-0.86
"CEO",130807,"/Date(1704780487000)/",23100,1700,5190839,120178481700,-200,false,-0.86
"CEO",130804,"/Date(1704780484000)/",23000,10000,5189139,120139211700,-300,true,-1.29
"CEO",130757,"/Date(1704780477000)/",23000,13,5179139,119909211700,-300,true,-1.29
"CEO",130754,"/Date(1704780474000)/",23000,500,5179126,119908911400,-300,true,-1.29
"CEO",130746,"/Date(1704780466000)/",23000,5000,5178626,119897411400,-300,true,-1.29
"CEO",130741,"/Date(1704780461000)/",23000,1000,5173626,119782411400,-300,true,-1.29
"CEO",130740,"/Date(1704780460000)/",23000,400,5172626,119759411400,-300,true,-1.29
"CEO",130721,"/Date(1704780441000)/",23000,5000,5172226,119750211400,-300,true,-1.29
"CEO",130713,"/Date(1704780433000)/",23000,2000,5167226,119635211400,-300,true,-1.29
"CEO",130706,"/Date(1704780426000)/",23100,200,5165226,119589211400,-200,false,-0.86
"CEO",130650,"/Date(1704780410000)/",23100,1300,5165026,119584591400,-200,false,-0.86
"CEO",130644,"/Date(1704780404000)/",23000,1000,5163726,119554561400,-300,true,-1.29
"CEO",130641,"/Date(1704780401000)/",23100,100,5162726,119531561400,-200,false,-0.86
"CEO",130634,"/Date(1704780394000)/",23000,100,5162626,119529251400,-300,true,-1.29
"CEO",130631,"/Date(1704780391000)/",23000,1000,5162526,119526951400,-300,true,-1.29
"CEO",130630,"/Date(1704780390000)/",23000,1500,5161526,119503951400,-300,true,-1.29
"CEO",130626,"/Date(1704780386000)/",23000,200,5160026,119469451400,-300,true,-1.29
"CEO",130557,"/Date(1704780357000)/",23000,12000,5159826,119464851400,-300,true,-1.29
"CEO",130556,"/Date(1704780356000)/",23000,1000,5147826,119188851400,-300,true,-1.29
"CEO",130551,"/Date(1704780351000)/",23100,1900,5146826,119165851400,-200,false,-0.86
"CEO",130549,"/Date(1704780349000)/",23000,100,5144926,119121961400,-300,true,-1.29
"CEO",130543,"/Date(1704780343000)/",23000,300,5144826,119119661400,-300,true,-1.29
"CEO",130530,"/Date(1704780330000)/",23000,3900,5144526,119112761400,-300,true,-1.29
"CEO",130527,"/Date(1704780327000)/",23000,12000,5140626,119023061400,-300,true,-1.29
"CEO",130523,"/Date(1704780323000)/",23000,50000,5128626,118747061400,-300,true,-1.29
"CEO",130517,"/Date(1704780317000)/",23000,10800,5078626,117597061400,-300,true,-1.29
"CEO",130511,"/Date(1704780311000)/",23000,100,5067826,117348661400,-300,true,-1.29
"CEO",130509,"/Date(1704780309000)/",23000,500,5067726,117346361400,-300,true,-1.29
"CEO",130508,"/Date(1704780308000)/",23000,5000,5067226,117334861400,-300,true,-1.29
"CEO",130507,"/Date(1704780307000)/",23000,200,5062226,117219861400,-300,true,-1.29
"CEO",130505,"/Date(1704780305000)/",23000,3,5062026,117215261400,-300,true,-1.29
"CEO",130504,"/Date(1704780304000)/",23000,3000,5062023,117215192100,-300,true,-1.29
"CEO",130454,"/Date(1704780294000)/",23100,200,5059023,117146192100,-200,false,-0.86
"CEO",130451,"/Date(1704780291000)/",23000,900,5058823,117141572100,-300,true,-1.29
"CEO",130448,"/Date(1704780288000)/",23000,1000,5057923,117120872100,-300,true,-1.29
"CEO",130446,"/Date(1704780286000)/",23000,900,5056923,117097872100,-300,true,-1.29
"CEO",130444,"/Date(1704780284000)/",23000,29000,5056023,117077172100,-300,true,-1.29
"CEO",130441,"/Date(1704780281000)/",23000,300,5027023,116410172100,-300,true,-1.29
"CEO",130434,"/Date(1704780274000)/",23000,14200,5026723,116403272100,-300,true,-1.29
"CEO",130431,"/Date(1704780271000)/",23000,4500,5012523,116076672100,-300,true,-1.29
"CEO",130428,"/Date(1704780268000)/",23000,1400,5008023,115973172100,-300,true,-1.29
"CEO",130421,"/Date(1704780261000)/",23000,1700,5006623,115940972100,-300,true,-1.29
"CEO",130419,"/Date(1704780259000)/",23000,1500,5004923,115901872100,-300,true,-1.29
"CEO",130414,"/Date(1704780254000)/",23000,36000,5003423,115867372100,-300,true,-1.29
"CEO",130411,"/Date(1704780251000)/",23000,1500,4967423,115039372100,-300,true,-1.29
"CEO",130405,"/Date(1704780245000)/",23100,300,4965923,115004872100,-200,false,-0.86
"CEO",130358,"/Date(1704780238000)/",23000,173300,4965623,114997942100,-300,true,-1.29
"CEO",130353,"/Date(1704780233000)/",23000,100,4792323,111012042100,-300,true,-1.29
"CEO",130317,"/Date(1704780197000)/",23100,1000,4792223,111009742100,-200,false,-0.86
"CEO",130258,"/Date(1704780178000)/",23100,400,4791223,110986642100,-200,false,-0.86
"CEO",130243,"/Date(1704780163000)/",23100,200,4790823,110977402100,-200,false,-0.86
"CEO",130242,"/Date(1704780162000)/",23000,2100,4790623,110972782100,-300,true,-1.29
"CEO",130234,"/Date(1704780154000)/",23000,2000,4788523,110924482100,-300,true,-1.29
"CEO",130229,"/Date(1704780149000)/",23000,5000,4786523,110878482100,-300,true,-1.29
"CEO",130216,"/Date(1704780136000)/",23000,6100,4781523,110763482100,-300,true,-1.29
"CEO",130215,"/Date(1704780135000)/",23000,900,4775423,110622582100,-300,true,-1.29
"CEO",130211,"/Date(1704780131000)/",23000,50,4774523,110601882100,-300,true,-1.29
"CEO",130208,"/Date(1704780128000)/",23000,1000,4774473,110600732100,-300,true,-1.29
"CEO",130154,"/Date(1704780114000)/",23000,30,4773473,110577732100,-300,true,-1.29
"CEO",130140,"/Date(1704780100000)/",23000,2000,4773443,110577042100,-300,true,-1.29
"CEO",130138,"/Date(1704780098000)/",23000,100,4771443,110531042100,-300,true,-1.29
"CEO",130104,"/Date(1704780064000)/",23000,100,4771343,110528742100,-300,true,-1.29
"CEO",130058,"/Date(1704780058000)/",23000,10,4771243,110526442100,-300,true,-1.29
"CEO",130053,"/Date(1704780053000)/",23000,300,4771233,110526212100,-300,true,-1.29
"CEO",130032,"/Date(1704780033000)/",23000,100,4770933,110519312100,-300,true,-1.29
"CEO",130032,"/Date(1704780032000)/",23100,200,4770833,110517012100,-200,false,-0.86
"CEO",130029,"/Date(1704780028000)/",23000,30000,4770633,110512392100,-300,true,-1.29
"CEO",130027,"/Date(1704780015000)/",23000,8000,4740633,109822392100,-300,true,-1.29
"CEO",130025,"/Date(1704780009000)/",23000,2000,4732633,109638392100,-300,true,-1.29
"CEO",130023,"/Date(1704780008000)/",23000,1400,4730633,109592392100,-300,true,-1.29
"CEO",130021,"/Date(1704780007000)/",23000,600,4729233,109560192100,-300,true,-1.29
"CEO",130019,"/Date(1704780006000)/",23000,630,4728633,109546392100,-300,true,-1.29
"CEO",130017,"/Date(1704780005000)/",23000,3500,4728003,109531902100,-300,true,-1.29
"CEO",130014,"/Date(1704780004000)/",23100,1130,4724503,109451282100,-200,false,-0.86
"CEO",130011,"/Date(1704780003000)/",23000,10420,4723373,109425282100,-300,true,-1.29
"CEO",130006,"/Date(1704780002000)/",23000,3100,4712953,109185622100,-300,true,-1.29
"CEO",112946,"/Date(1704774586000)/",23000,3000,4709853,109114122100,-300,true,-1.29
"CEO",112944,"/Date(1704774584000)/",23000,10000,4706853,109045122100,-300,true,-1.29
"CEO",112932,"/Date(1704774572000)/",23100,200,4696853,108815122100,-200,false,-0.86
"CEO",112920,"/Date(1704774560000)/",23000,200,4696653,108810502100,-300,true,-1.29
"CEO",112918,"/Date(1704774558000)/",23100,6000,4696453,108805902100,-200,false,-0.86
"CEO",112902,"/Date(1704774542000)/",23000,3000,4690453,108667302100,-300,true,-1.29
"CEO",112900,"/Date(1704774540000)/",23000,5000,4687453,108598302100,-300,true,-1.29
"CEO",112846,"/Date(1704774526000)/",23000,1200,4682453,108483302100,-300,true,-1.29
"CEO",112844,"/Date(1704774524000)/",23000,1100,4681253,108455702100,-300,true,-1.29
"CEO",112827,"/Date(1704774507000)/",23000,3500,4680153,108430402100,-300,true,-1.29
"CEO",112826,"/Date(1704774506000)/",23100,3000,4676653,108349902100,-200,false,-0.86
"CEO",112822,"/Date(1704774502000)/",23100,1000,4673653,108280602100,-200,false,-0.86
"CEO",112816,"/Date(1704774496000)/",23000,2000,4672653,108257502100,-300,true,-1.29
"CEO",112804,"/Date(1704774484000)/",23000,500,4670653,108211502100,-300,true,-1.29
"CEO",112802,"/Date(1704774482000)/",23100,200,4670153,108200002100,-200,false,-0.86
"CEO",112718,"/Date(1704774438000)/",23000,9700,4669953,108195382100,-300,true,-1.29
"CEO",112708,"/Date(1704774428000)/",23000,2700,4660253,107972282100,-300,true,-1.29
"CEO",112648,"/Date(1704774408000)/",23100,5000,4657553,107910182100,-200,false,-0.86
"CEO",112639,"/Date(1704774399000)/",23100,100,4652553,107794682100,-200,false,-0.86
"CEO",112629,"/Date(1704774389000)/",23100,200,4652453,107792372100,-200,false,-0.86
"CEO",112627,"/Date(1704774387000)/",23000,100,4652253,107787752100,-300,true,-1.29
"CEO",112625,"/Date(1704774385000)/",23000,1400,4652153,107785452100,-300,true,-1.29
"CEO",112624,"/Date(1704774384000)/",23000,700,4650753,107753252100,-300,true,-1.29
"CEO",112613,"/Date(1704774373000)/",23000,5078,4650053,107737152100,-300,true,-1.29
"CEO",112611,"/Date(1704774371000)/",23000,50000,4644975,107620358100,-300,true,-1.29
"CEO",112610,"/Date(1704774370000)/",23000,15,4594975,106470358100,-300,true,-1.29
"CEO",112607,"/Date(1704774367000)/",23000,100,4594960,106470013100,-300,true,-1.29
"CEO",112544,"/Date(1704774344000)/",23000,1000,4594860,106467713100,-300,true,-1.29
"CEO",112539,"/Date(1704774339000)/",23000,100,4593860,106444713100,-300,true,-1.29
"CEO",112538,"/Date(1704774338000)/",23100,200,4593760,106442413100,-200,false,-0.86
"CEO",112534,"/Date(1704774334000)/",23100,2000,4593560,106437793100,-200,false,-0.86
"CEO",112525,"/Date(1704774325000)/",23100,500,4591560,106391593100,-200,false,-0.86
"CEO",112523,"/Date(1704774323000)/",23000,500,4591060,106380043100,-300,true,-1.29
"CEO",112522,"/Date(1704774322000)/",23000,300,4590560,106368543100,-300,true,-1.29
"CEO",112458,"/Date(1704774298000)/",23000,1000,4590260,106361643100,-300,true,-1.29
"CEO",112453,"/Date(1704774293000)/",23000,800,4589260,106338643100,-300,true,-1.29
"CEO",112443,"/Date(1704774283000)/",23000,500,4588460,106320243100,-300,true,-1.29
"CEO",112439,"/Date(1704774279000)/",23000,600,4587960,106308743100,-300,true,-1.29
"CEO",112433,"/Date(1704774273000)/",23000,3700,4587360,106294943100,-300,true,-1.29
"CEO",112416,"/Date(1704774256000)/",23100,200,4583660,106209843100,-200,false,-0.86
"CEO",112403,"/Date(1704774243000)/",23000,3700,4583460,106205223100,-300,true,-1.29
"CEO",112402,"/Date(1704774242000)/",23000,800,4579760,106120123100,-300,true,-1.29
"CEO",112358,"/Date(1704774238000)/",23000,10000,4578960,106101723100,-300,true,-1.29
"CEO",112353,"/Date(1704774233000)/",23000,50000,4568960,105871723100,-300,true,-1.29
"CEO",112347,"/Date(1704774227000)/",23000,2000,4518960,104721723100,-300,true,-1.29
"CEO",112345,"/Date(1704774225000)/",23000,500,4516960,104675723100,-300,true,-1.29
"CEO",112332,"/Date(1704774212000)/",23000,100,4516460,104664223100,-300,true,-1.29
"CEO",112330,"/Date(1704774210000)/",23000,10,4516360,104661923100,-300,true,-1.29
"CEO",112324,"/Date(1704774204000)/",23000,1000,4516350,104661692100,-300,true,-1.29
"CEO",112313,"/Date(1704774193000)/",23000,1300,4515350,104638692100,-300,true,-1.29
"CEO",112253,"/Date(1704774173000)/",23000,20000,4514050,104608792100,-300,true,-1.29
"CEO",112236,"/Date(1704774156000)/",23000,100,4494050,104148792100,-300,true,-1.29
"CEO",112235,"/Date(1704774155000)/",23000,20000,4493950,104146492100,-300,true,-1.29
"CEO",112233,"/Date(1704774153000)/",23000,500,4473950,103686492100,-300,true,-1.29
"CEO",112231,"/Date(1704774151000)/",23000,800,4473450,103674992100,-300,true,-1.29
"CEO",112222,"/Date(1704774142000)/",23000,100,4472650,103656592100,-300,true,-1.29
"CEO",112220,"/Date(1704774140000)/",23000,200,4472550,103654292100,-300,true,-1.29
"CEO",112219,"/Date(1704774139000)/",23000,5700,4472350,103649692100,-300,true,-1.29
"CEO",112216,"/Date(1704774136000)/",23000,100,4466650,103518592100,-300,true,-1.29
"CEO",112211,"/Date(1704774131000)/",23000,100,4466550,103516292100,-300,true,-1.29
"CEO",112157,"/Date(1704774117000)/",23100,200,4466450,103513992100,-200,false,-0.86
"CEO",112149,"/Date(1704774109000)/",23100,100,4466250,103509372100,-200,false,-0.86
"CEO",112144,"/Date(1704774104000)/",23100,100,4466150,103507062100,-200,false,-0.86
"CEO",112140,"/Date(1704774100000)/",23000,100,4466050,103504752100,-300,true,-1.29
"CEO",112139,"/Date(1704774099000)/",23100,100,4465950,103502452100,-200,false,-0.86
"CEO",112133,"/Date(1704774093000)/",23100,5000,4465850,103500142100,-200,false,-0.86
"CEO",112126,"/Date(1704774086000)/",23100,100,4460850,103384642100,-200,false,-0.86
"CEO",112118,"/Date(1704774078000)/",23100,7800,4460750,103382332100,-200,false,-0.86
"CEO",112117,"/Date(1704774077000)/",23100,1000,4452950,103202152100,-200,false,-0.86
"CEO",112104,"/Date(1704774064000)/",23100,1000,4451950,103179052100,-200,false,-0.86
"CEO",112057,"/Date(1704774057000)/",23100,100,4450950,103155952100,-200,false,-0.86
"CEO",112052,"/Date(1704774052000)/",23100,1500,4450850,103153642100,-200,false,-0.86
"CEO",112032,"/Date(1704774032000)/",23100,200,4449350,103118992100,-200,false,-0.86
"CEO",112026,"/Date(1704774026000)/",23100,700,4449150,103114372100,-200,false,-0.86
"CEO",112024,"/Date(1704774024000)/",23100,400,4448450,103098202100,-200,false,-0.86
"CEO",112020,"/Date(1704774020000)/",23000,500,4448050,103088962100,-300,true,-1.29
"CEO",112005,"/Date(1704774005000)/",23000,2900,4447550,103077462100,-300,true,-1.29
"CEO",111950,"/Date(1704773990000)/",23100,4100,4444650,103010762100,-200,false,-0.86
"CEO",111944,"/Date(1704773984000)/",23100,3000,4440550,102916052100,-200,false,-0.86
"CEO",111938,"/Date(1704773978000)/",23000,1400,4437550,102846752100,-300,true,-1.29
"CEO",111930,"/Date(1704773970000)/",23100,1000,4436150,102814552100,-200,false,-0.86
"CEO",111920,"/Date(1704773960000)/",23100,1700,4435150,102791452100,-200,false,-0.86
"CEO",111850,"/Date(1704773931000)/",23100,100,4433450,102752182100,-200,false,-0.86
"CEO",111849,"/Date(1704773930000)/",23000,300,4433350,102749872100,-300,true,-1.29
"CEO",111848,"/Date(1704773928000)/",23000,39000,4433050,102742972100,-300,true,-1.29
"CEO",111845,"/Date(1704773925000)/",23000,4200,4394050,101845972100,-300,true,-1.29
"CEO",111759,"/Date(1704773879000)/",23000,5000,4389850,101749372100,-300,true,-1.29
"CEO",111750,"/Date(1704773870000)/",23100,4000,4384850,101634372100,-200,false,-0.86
"CEO",111724,"/Date(1704773844000)/",23000,2500,4380850,101541972100,-300,true,-1.29
"CEO",111658,"/Date(1704773818000)/",23100,3500,4378350,101484472100,-200,false,-0.86
"CEO",111648,"/Date(1704773809000)/",23100,21,4374850,101403622100,-200,false,-0.86
"CEO",111648,"/Date(1704773808000)/",23100,300,4374829,101403137000,-200,false,-0.86
"CEO",111647,"/Date(1704773807000)/",23100,200,4374529,101396207000,-200,false,-0.86
"CEO",111639,"/Date(1704773799000)/",23100,2,4374329,101391587000,-200,false,-0.86
"CEO",111634,"/Date(1704773794000)/",23100,200,4374327,101391540800,-200,false,-0.86
"CEO",111633,"/Date(1704773793000)/",23100,100,4374127,101386920800,-200,false,-0.86
"CEO",111616,"/Date(1704773776000)/",23100,12800,4374027,101384610800,-200,false,-0.86
"CEO",111559,"/Date(1704773759000)/",23100,100,4361227,101088930800,-200,false,-0.86
"CEO",111552,"/Date(1704773753000)/",23000,400,4361127,101086620800,-300,true,-1.29
"CEO",111527,"/Date(1704773728000)/",23000,200,4360727,101077420800,-300,true,-1.29
"CEO",111523,"/Date(1704773724000)/",23100,100,4360527,101072820800,-200,false,-0.86
"CEO",111509,"/Date(1704773709000)/",23100,100,4360427,101070510800,-200,false,-0.86
"CEO",111507,"/Date(1704773706000)/",23100,8,4360327,101068200800,-200,false,-0.86
"CEO",111500,"/Date(1704773699000)/",23100,1000,4360319,101068016000,-200,false,-0.86
"CEO",111455,"/Date(1704773694000)/",23100,100,4359319,101044916000,-200,false,-0.86
"CEO",111440,"/Date(1704773680000)/",23100,1100,4359219,101042606000,-200,false,-0.86
"CEO",111432,"/Date(1704773672000)/",23100,100,4358119,101017206000,-200,false,-0.86
"CEO",111416,"/Date(1704773655000)/",23100,700,4358019,101014896000,-200,false,-0.86
"CEO",111412,"/Date(1704773651000)/",23100,200,4357319,100998726000,-200,false,-0.86
"CEO",111407,"/Date(1704773646000)/",23000,1000,4357119,100994106000,-300,true,-1.29
"CEO",111403,"/Date(1704773643000)/",23100,1000,4356119,100971106000,-200,false,-0.86
"CEO",111359,"/Date(1704773639000)/",23000,2500,4355119,100948006000,-300,true,-1.29
"CEO",111358,"/Date(1704773638000)/",23100,100,4352619,100890506000,-200,false,-0.86
"CEO",111357,"/Date(1704773636000)/",23100,100,4352519,100888196000,-200,false,-0.86
"CEO",111353,"/Date(1704773632000)/",23100,300,4352419,100885886000,-200,false,-0.86
"CEO",111351,"/Date(1704773631000)/",23100,100,4352119,100878956000,-200,false,-0.86
"CEO",111347,"/Date(1704773626000)/",23100,400,4352019,100876646000,-200,false,-0.86
"CEO",111344,"/Date(1704773624000)/",23100,100,4351619,100867406000,-200,false,-0.86
"CEO",111343,"/Date(1704773623000)/",23100,100,4351519,100865096000,-200,false,-0.86
"CEO",111335,"/Date(1704773615000)/",23100,5000,4351419,100862786000,-200,false,-0.86
"CEO",111332,"/Date(1704773612000)/",23100,100,4346419,100747286000,-200,false,-0.86
"CEO",111331,"/Date(1704773611000)/",23100,100,4346319,100744976000,-200,false,-0.86
"CEO",111318,"/Date(1704773597000)/",23100,500,4346219,100742666000,-200,false,-0.86
"CEO",111313,"/Date(1704773593000)/",23100,100,4345719,100731116000,-200,false,-0.86
"CEO",111312,"/Date(1704773592000)/",23100,1500,4345619,100728806000,-200,false,-0.86
"CEO",111307,"/Date(1704773587000)/",23100,100,4344119,100694156000,-200,false,-0.86
"CEO",111305,"/Date(1704773585000)/",23000,4300,4344019,100691846000,-300,true,-1.29
"CEO",111303,"/Date(1704773582000)/",23100,300,4339719,100592946000,-200,false,-0.86
"CEO",111259,"/Date(1704773579000)/",23000,500,4339419,100586016000,-300,true,-1.29
"CEO",111251,"/Date(1704773571000)/",23100,500,4338919,100574516000,-200,false,-0.86
"CEO",111245,"/Date(1704773565000)/",23100,100,4338419,100562966000,-200,false,-0.86
"CEO",111238,"/Date(1704773558000)/",23100,200,4338319,100560656000,-200,false,-0.86
