"Stockcode","Package","TradingDate","Price","Vol","TotalVol","TotalVal","Change","IsBuy","PerChange"
"DLG",144501,"/Date(1704786300000)/",2550,200300,1419500,3600000000,0,true,0
"DLG",142947,"/Date(1704785386000)/",2520,4600,1219200,3090000000,-30,true,-1.18
"DLG",142947,"/Date(1704785386000)/",2520,1000,1214600,3078000000,-30,true,-1.18
"DLG",142947,"/Date(1704785386000)/",2520,4400,1213600,3076000000,-30,true,-1.18
"DLG",142818,"/Date(1704785295000)/",2520,5600,1209200,3064000000,-30,false,-1.18
"DLG",142818,"/Date(1704785295000)/",2520,500,1203600,3050000000,-30,false,-1.18
"DLG",142811,"/Date(1704785290000)/",2520,1300,1203100,3049000000,-30,false,-1.18
"DLG",142802,"/Date(1704785278000)/",2520,1000,1201800,3046000000,-30,false,-1.18
"DLG",142759,"/Date(1704785275000)/",2520,2000,1200800,3043000000,-30,false,-1.18
"DLG",142755,"/Date(1704785274000)/",2520,200,1198800,3038000000,-30,false,-1.18
"DLG",142743,"/Date(1704785259000)/",2520,400,1198600,3038000000,-30,false,-1.18
"DLG",142730,"/Date(1704785248000)/",2520,100,1198200,3037000000,-30,false,-1.18
"DLG",142727,"/Date(1704785246000)/",2520,400,1198100,3036000000,-30,false,-1.18
"DLG",142723,"/Date(1704785240000)/",2520,3000,1197700,3035000000,-30,false,-1.18
"DLG",142710,"/Date(1704785229000)/",2520,100,1194700,3028000000,-30,true,-1.18
"DLG",142710,"/Date(1704785229000)/",2520,600,1194600,3028000000,-30,true,-1.18
"DLG",142710,"/Date(1704785229000)/",2520,1000,1194000,3026000000,-30,true,-1.18
"DLG",142710,"/Date(1704785229000)/",2520,2900,1193000,3024000000,-30,true,-1.18
"DLG",142710,"/Date(1704785229000)/",2520,9400,1190100,3016000000,-30,true,-1.18
"DLG",142710,"/Date(1704785229000)/",2520,1100,1180700,2993000000,-30,true,-1.18
"DLG",142710,"/Date(1704785229000)/",2520,1000,1179600,2990000000,-30,true,-1.18
"DLG",142710,"/Date(1704785229000)/",2520,500,1178600,2987000000,-30,true,-1.18
"DLG",142710,"/Date(1704785229000)/",2520,100,1178100,2986000000,-30,true,-1.18
"DLG",142710,"/Date(1704785229000)/",2520,2000,1178000,2986000000,-30,true,-1.18
"DLG",142710,"/Date(1704785229000)/",2520,2000,1176000,2981000000,-30,true,-1.18
"DLG",142710,"/Date(1704785229000)/",2520,1000,1174000,2976000000,-30,true,-1.18
"DLG",142710,"/Date(1704785229000)/",2520,2700,1173000,2973000000,-30,true,-1.18
"DLG",142710,"/Date(1704785229000)/",2520,100,1170300,2966000000,-30,true,-1.18
"DLG",142710,"/Date(1704785229000)/",2520,500,1170200,2966000000,-30,true,-1.18
"DLG",142710,"/Date(1704785229000)/",2520,100,1169700,2965000000,-30,true,-1.18
"DLG",142710,"/Date(1704785229000)/",2520,100,1169600,2965000000,-30,true,-1.18
"DLG",142710,"/Date(1704785229000)/",2520,800,1169500,2964000000,-30,true,-1.18
"DLG",142710,"/Date(1704785229000)/",2520,10000,1168700,2962000000,-30,true,-1.18
"DLG",142551,"/Date(1704785149000)/",2530,300,1158700,2937000000,-20,false,-0.78
"DLG",142547,"/Date(1704785145000)/",2530,2100,1158400,2936000000,-20,false,-0.78
"DLG",142525,"/Date(1704785122000)/",2530,500,1156300,2931000000,-20,false,-0.78
"DLG",142518,"/Date(1704785116000)/",2530,100,1155800,2930000000,-20,false,-0.78
"DLG",142459,"/Date(1704785096000)/",2530,100,1155700,2930000000,-20,true,-0.78
"DLG",142459,"/Date(1704785096000)/",2530,100,1155600,2929000000,-20,true,-0.78
"DLG",142459,"/Date(1704785096000)/",2530,500,1155500,2929000000,-20,true,-0.78
"DLG",142459,"/Date(1704785096000)/",2530,5000,1155000,2928000000,-20,true,-0.78
"DLG",142459,"/Date(1704785096000)/",2530,1000,1150000,2915000000,-20,true,-0.78
"DLG",142459,"/Date(1704785096000)/",2530,500,1149000,2913000000,-20,true,-0.78
"DLG",142459,"/Date(1704785096000)/",2530,300,1148500,2911000000,-20,true,-0.78
"DLG",142459,"/Date(1704785096000)/",2530,5600,1148200,2911000000,-20,true,-0.78
"DLG",142459,"/Date(1704785096000)/",2530,5000,1142600,2896000000,-20,true,-0.78
"DLG",142459,"/Date(1704785096000)/",2530,100,1137600,2884000000,-20,true,-0.78
"DLG",142459,"/Date(1704785096000)/",2530,300,1137500,2884000000,-20,true,-0.78
"DLG",142459,"/Date(1704785096000)/",2530,100,1137200,2883000000,-20,true,-0.78
"DLG",142459,"/Date(1704785096000)/",2530,500,1137100,2883000000,-20,true,-0.78
"DLG",142459,"/Date(1704785096000)/",2530,300,1136600,2881000000,-20,true,-0.78
"DLG",142459,"/Date(1704785096000)/",2530,100,1136300,2880000000,-20,true,-0.78
"DLG",142459,"/Date(1704785096000)/",2530,14800,1136200,2880000000,-20,true,-0.78
"DLG",142418,"/Date(1704785057000)/",2530,4000,1121400,2843000000,-20,true,-0.78
"DLG",142408,"/Date(1704785046000)/",2530,100,1117400,2833000000,-20,true,-0.78
"DLG",142327,"/Date(1704785003000)/",2530,400,1117300,2832000000,-20,true,-0.78
"DLG",142317,"/Date(1704784996000)/",2540,300,1116900,2831000000,-10,false,-0.39
"DLG",142248,"/Date(1704784966000)/",2530,14800,1116600,2831000000,-20,true,-0.78
"DLG",142248,"/Date(1704784966000)/",2530,200,1101800,2793000000,-20,true,-0.78
"DLG",142203,"/Date(1704784921000)/",2530,400,1101600,2793000000,-20,true,-0.78
"DLG",142203,"/Date(1704784921000)/",2530,100,1101200,2792000000,-20,true,-0.78
"DLG",142203,"/Date(1704784921000)/",2530,400,1101100,2791000000,-20,true,-0.78
"DLG",142203,"/Date(1704784921000)/",2530,1100,1100700,2790000000,-20,true,-0.78
"DLG",142034,"/Date(1704784832000)/",2540,100,1099600,2788000000,-10,false,-0.39
"DLG",141904,"/Date(1704784743000)/",2540,1000,1099500,2787000000,-10,false,-0.39
"DLG",141851,"/Date(1704784729000)/",2540,20000,1098500,2785000000,-10,false,-0.39
"DLG",141835,"/Date(1704784713000)/",2530,100,1078500,2734000000,-20,true,-0.78
"DLG",141751,"/Date(1704784668000)/",2530,100,1078400,2734000000,-20,true,-0.78
"DLG",141719,"/Date(1704784638000)/",2540,500,1078300,2734000000,-10,false,-0.39
"DLG",141715,"/Date(1704784634000)/",2540,1400,1077800,2732000000,-10,false,-0.39
"DLG",141715,"/Date(1704784634000)/",2540,1000,1076400,2729000000,-10,false,-0.39
"DLG",141715,"/Date(1704784634000)/",2540,2000,1075400,2726000000,-10,false,-0.39
"DLG",141715,"/Date(1704784634000)/",2540,600,1073400,2721000000,-10,false,-0.39
"DLG",141643,"/Date(1704784601000)/",2540,500,1072800,2720000000,-10,false,-0.39
"DLG",141627,"/Date(1704784584000)/",2540,1400,1072300,2718000000,-10,false,-0.39
"DLG",141627,"/Date(1704784584000)/",2540,3800,1070900,2715000000,-10,false,-0.39
"DLG",141533,"/Date(1704784530000)/",2540,100,1067100,2705000000,-10,false,-0.39
"DLG",141507,"/Date(1704784505000)/",2540,100,1067000,2705000000,-10,false,-0.39
"DLG",141507,"/Date(1704784504000)/",2540,11800,1066900,2705000000,-10,false,-0.39
"DLG",141507,"/Date(1704784504000)/",2540,1100,1055100,2675000000,-10,false,-0.39
"DLG",141507,"/Date(1704784504000)/",2540,4100,1054000,2672000000,-10,false,-0.39
"DLG",141441,"/Date(1704784473000)/",2540,4000,1049900,2661000000,-10,false,-0.39
"DLG",141322,"/Date(1704784398000)/",2530,100,1045900,2651000000,-20,true,-0.78
"DLG",141259,"/Date(1704784377000)/",2540,100,1045800,2651000000,-10,true,-0.39
"DLG",141259,"/Date(1704784377000)/",2540,21800,1045700,2651000000,-10,true,-0.39
"DLG",141246,"/Date(1704784363000)/",2540,1100,1023900,2595000000,-10,true,-0.39
"DLG",141148,"/Date(1704784307000)/",2540,300,1022800,2593000000,-10,false,-0.39
"DLG",141148,"/Date(1704784307000)/",2540,10200,1022500,2592000000,-10,false,-0.39
"DLG",141148,"/Date(1704784307000)/",2540,5000,1012300,2566000000,-10,false,-0.39
"DLG",141148,"/Date(1704784307000)/",2540,1600,1007300,2553000000,-10,false,-0.39
"DLG",141145,"/Date(1704784304000)/",2540,400,1005700,2549000000,-10,false,-0.39
"DLG",141145,"/Date(1704784304000)/",2540,2700,1005300,2548000000,-10,false,-0.39
"DLG",141145,"/Date(1704784304000)/",2540,100,1002600,2541000000,-10,false,-0.39
"DLG",141145,"/Date(1704784304000)/",2540,800,1002500,2541000000,-10,false,-0.39
"DLG",141104,"/Date(1704784262000)/",2540,500,1001700,2539000000,-10,false,-0.39
"DLG",141104,"/Date(1704784261000)/",2540,100,1001200,2538000000,-10,false,-0.39
"DLG",141041,"/Date(1704784241000)/",2540,2000,1001100,2537000000,-10,false,-0.39
"DLG",141041,"/Date(1704784239000)/",2530,2000,999100,2532000000,-20,true,-0.78
"DLG",140843,"/Date(1704784121000)/",2540,2000,997100,2527000000,-10,false,-0.39
"DLG",140843,"/Date(1704784121000)/",2540,800,995100,2522000000,-10,false,-0.39
"DLG",140619,"/Date(1704783978000)/",2540,200,994300,2520000000,-10,false,-0.39
"DLG",140619,"/Date(1704783978000)/",2540,100,994100,2520000000,-10,false,-0.39
"DLG",140619,"/Date(1704783978000)/",2540,700,994000,2519000000,-10,false,-0.39
"DLG",140610,"/Date(1704783969000)/",2540,9000,993300,2518000000,-10,false,-0.39
"DLG",140519,"/Date(1704783917000)/",2530,100,984300,2495000000,-20,true,-0.78
"DLG",140459,"/Date(1704783898000)/",2530,300,984200,2495000000,-20,true,-0.78
"DLG",140408,"/Date(1704783847000)/",2530,4000,983900,2494000000,-20,true,-0.78
"DLG",140401,"/Date(1704783841000)/",2530,1000,979900,2484000000,-20,true,-0.78
"DLG",140401,"/Date(1704783841000)/",2530,200,978900,2481000000,-20,true,-0.78
"DLG",140401,"/Date(1704783841000)/",2530,1000,978700,2481000000,-20,true,-0.78
"DLG",140358,"/Date(1704783837000)/",2530,100,977700,2478000000,-20,false,-0.78
"DLG",140358,"/Date(1704783837000)/",2530,100,977600,2478000000,-20,false,-0.78
"DLG",140358,"/Date(1704783837000)/",2530,600,977500,2478000000,-20,false,-0.78
"DLG",140329,"/Date(1704783806000)/",2530,200,976900,2476000000,-20,false,-0.78
"DLG",140304,"/Date(1704783783000)/",2520,3000,976700,2476000000,-30,true,-1.18
"DLG",140141,"/Date(1704783699000)/",2520,100,973700,2468000000,-30,true,-1.18
"DLG",140056,"/Date(1704783655000)/",2520,100,973600,2468000000,-30,true,-1.18
"DLG",140040,"/Date(1704783639000)/",2520,1000,973500,2467000000,-30,true,-1.18
"DLG",140037,"/Date(1704783633000)/",2530,1100,972500,2465000000,-20,false,-0.78
"DLG",135958,"/Date(1704783595000)/",2520,700,971400,2462000000,-30,true,-1.18
"DLG",135958,"/Date(1704783595000)/",2520,100,970700,2460000000,-30,true,-1.18
"DLG",135939,"/Date(1704783577000)/",2520,200,970600,2460000000,-30,true,-1.18
"DLG",135939,"/Date(1704783577000)/",2520,300,970400,2460000000,-30,true,-1.18
"DLG",135939,"/Date(1704783577000)/",2520,200,970100,2459000000,-30,true,-1.18
"DLG",135939,"/Date(1704783577000)/",2520,1000,969900,2458000000,-30,true,-1.18
"DLG",135939,"/Date(1704783577000)/",2520,1800,968900,2456000000,-30,true,-1.18
"DLG",135939,"/Date(1704783577000)/",2520,300,967100,2451000000,-30,true,-1.18
"DLG",135939,"/Date(1704783577000)/",2520,200,966800,2451000000,-30,true,-1.18
"DLG",135939,"/Date(1704783577000)/",2520,1500,966600,2450000000,-30,true,-1.18
"DLG",135939,"/Date(1704783577000)/",2520,5000,965100,2446000000,-30,true,-1.18
"DLG",135939,"/Date(1704783577000)/",2520,100,960100,2434000000,-30,true,-1.18
"DLG",135939,"/Date(1704783577000)/",2520,1000,960000,2433000000,-30,true,-1.18
"DLG",135939,"/Date(1704783577000)/",2520,2000,959000,2431000000,-30,true,-1.18
"DLG",135939,"/Date(1704783577000)/",2520,500,957000,2426000000,-30,true,-1.18
"DLG",135939,"/Date(1704783577000)/",2520,500,956500,2425000000,-30,true,-1.18
"DLG",135939,"/Date(1704783577000)/",2520,15400,956000,2423000000,-30,true,-1.18
"DLG",135913,"/Date(1704783551000)/",2520,200,940600,2385000000,-30,true,-1.18
"DLG",135910,"/Date(1704783548000)/",2520,1000,940400,2384000000,-30,true,-1.18
"DLG",135825,"/Date(1704783502000)/",2520,2600,939400,2382000000,-30,true,-1.18
"DLG",135809,"/Date(1704783486000)/",2520,5600,936800,2375000000,-30,true,-1.18
"DLG",135750,"/Date(1704783470000)/",2520,200,931200,2361000000,-30,true,-1.18
"DLG",135734,"/Date(1704783452000)/",2520,15000,931000,2360000000,-30,true,-1.18
"DLG",135552,"/Date(1704783348000)/",2530,100,916000,2323000000,-20,false,-0.78
"DLG",135347,"/Date(1704783225000)/",2520,2100,915900,2322000000,-30,true,-1.18
"DLG",135347,"/Date(1704783225000)/",2520,200,913800,2317000000,-30,true,-1.18
"DLG",135347,"/Date(1704783225000)/",2520,700,913600,2317000000,-30,true,-1.18
"DLG",135344,"/Date(1704783222000)/",2520,4000,912900,2315000000,-30,true,-1.18
"DLG",135344,"/Date(1704783222000)/",2520,500,908900,2305000000,-30,true,-1.18
"DLG",135344,"/Date(1704783222000)/",2520,1200,908400,2303000000,-30,true,-1.18
"DLG",135344,"/Date(1704783222000)/",2530,300,907200,2300000000,-20,false,-0.78
"DLG",135344,"/Date(1704783222000)/",2530,100,906900,2300000000,-20,false,-0.78
"DLG",135344,"/Date(1704783222000)/",2530,3900,906800,2299000000,-20,false,-0.78
"DLG",135233,"/Date(1704783151000)/",2540,100,902900,2290000000,-10,false,-0.39
"DLG",134919,"/Date(1704782956000)/",2530,1100,902800,2289000000,-20,false,-0.78
"DLG",134906,"/Date(1704782944000)/",2530,2800,901700,2286000000,-20,false,-0.78
"DLG",134815,"/Date(1704782892000)/",2530,1000,898900,2279000000,-20,false,-0.78
"DLG",134740,"/Date(1704782856000)/",2530,400,897900,2277000000,-20,false,-0.78
"DLG",134708,"/Date(1704782824000)/",2530,3700,897500,2276000000,-20,false,-0.78
"DLG",134708,"/Date(1704782824000)/",2530,400,893800,2267000000,-20,false,-0.78
"DLG",134708,"/Date(1704782824000)/",2530,700,893400,2265000000,-20,false,-0.78
"DLG",134658,"/Date(1704782816000)/",2530,100,892700,2264000000,-20,false,-0.78
"DLG",134601,"/Date(1704782759000)/",2520,1000,892600,2263000000,-30,true,-1.18
"DLG",134554,"/Date(1704782751000)/",2520,100,891600,2261000000,-30,true,-1.18
"DLG",134516,"/Date(1704782715000)/",2530,100,891500,2261000000,-20,false,-0.78
"DLG",134447,"/Date(1704782686000)/",2520,600,891400,2260000000,-30,true,-1.18
"DLG",134406,"/Date(1704782644000)/",2520,5000,890800,2259000000,-30,true,-1.18
"DLG",134406,"/Date(1704782644000)/",2520,9200,885800,2246000000,-30,true,-1.18
"DLG",134406,"/Date(1704782644000)/",2520,100,876600,2223000000,-30,true,-1.18
"DLG",134406,"/Date(1704782644000)/",2520,700,876500,2223000000,-30,true,-1.18
"DLG",134343,"/Date(1704782620000)/",2520,300,875800,2221000000,-30,true,-1.18
"DLG",134343,"/Date(1704782620000)/",2520,300,875500,2220000000,-30,true,-1.18
"DLG",134343,"/Date(1704782620000)/",2520,1000,875200,2220000000,-30,true,-1.18
"DLG",134343,"/Date(1704782620000)/",2520,100,874200,2217000000,-30,true,-1.18
"DLG",134343,"/Date(1704782620000)/",2520,300,874100,2217000000,-30,true,-1.18
"DLG",134321,"/Date(1704782599000)/",2520,200,873800,2216000000,-30,true,-1.18
"DLG",134305,"/Date(1704782582000)/",2520,600,873600,2216000000,-30,true,-1.18
"DLG",134252,"/Date(1704782569000)/",2530,1400,873000,2214000000,-20,false,-0.78
"DLG",134233,"/Date(1704782550000)/",2530,200,871600,2211000000,-20,false,-0.78
"DLG",134204,"/Date(1704782523000)/",2530,200,871400,2210000000,-20,false,-0.78
"DLG",134204,"/Date(1704782523000)/",2530,5000,871200,2210000000,-20,false,-0.78
"DLG",134204,"/Date(1704782522000)/",2520,4000,866200,2197000000,-30,true,-1.18
"DLG",134148,"/Date(1704782508000)/",2530,500,862200,2187000000,-20,false,-0.78
"DLG",134126,"/Date(1704782483000)/",2530,100,861700,2186000000,-20,false,-0.78
"DLG",134103,"/Date(1704782462000)/",2530,700,861600,2185000000,-20,false,-0.78
"DLG",134044,"/Date(1704782444000)/",2530,1500,860900,2184000000,-20,true,-0.78
"DLG",134035,"/Date(1704782434000)/",2530,200,859400,2180000000,-20,true,-0.78
"DLG",134035,"/Date(1704782433000)/",2530,1000,859200,2179000000,-20,true,-0.78
"DLG",134035,"/Date(1704782433000)/",2530,1600,858200,2177000000,-20,true,-0.78
"DLG",134015,"/Date(1704782414000)/",2530,1000,856600,2173000000,-20,false,-0.78
"DLG",134009,"/Date(1704782408000)/",2530,3000,855600,2170000000,-20,false,-0.78
"DLG",133849,"/Date(1704782327000)/",2520,1200,852600,2163000000,-30,true,-1.18
"DLG",133827,"/Date(1704782306000)/",2530,5000,851400,2159000000,-20,false,-0.78
"DLG",133818,"/Date(1704782297000)/",2530,5000,846400,2147000000,-20,false,-0.78
"DLG",133730,"/Date(1704782248000)/",2520,3000,841400,2134000000,-30,true,-1.18
"DLG",133701,"/Date(1704782220000)/",2520,600,838400,2127000000,-30,true,-1.18
"DLG",133642,"/Date(1704782199000)/",2520,600,837800,2125000000,-30,true,-1.18
"DLG",133642,"/Date(1704782199000)/",2520,2300,837200,2124000000,-30,true,-1.18
"DLG",133642,"/Date(1704782199000)/",2520,3100,834900,2118000000,-30,true,-1.18
"DLG",133642,"/Date(1704782199000)/",2520,4000,831800,2110000000,-30,true,-1.18
"DLG",133557,"/Date(1704782156000)/",2520,200,827800,2100000000,-30,true,-1.18
"DLG",133535,"/Date(1704782132000)/",2530,2000,827600,2099000000,-20,false,-0.78
"DLG",133506,"/Date(1704782103000)/",2530,100,825600,2094000000,-20,false,-0.78
"DLG",133330,"/Date(1704782007000)/",2530,1000,825500,2094000000,-20,false,-0.78
"DLG",133245,"/Date(1704781965000)/",2530,300,824500,2092000000,-20,false,-0.78
"DLG",133245,"/Date(1704781963000)/",2530,1000,824200,2091000000,-20,false,-0.78
"DLG",133245,"/Date(1704781963000)/",2530,1000,823200,2088000000,-20,false,-0.78
"DLG",133245,"/Date(1704781963000)/",2530,300,822200,2086000000,-20,false,-0.78
"DLG",133132,"/Date(1704781891000)/",2530,300,821900,2085000000,-20,false,-0.78
"DLG",132814,"/Date(1704781691000)/",2520,800,821600,2084000000,-30,true,-1.18
"DLG",132811,"/Date(1704781690000)/",2530,200,820800,2082000000,-20,false,-0.78
"DLG",132804,"/Date(1704781682000)/",2520,2600,820600,2082000000,-30,true,-1.18
"DLG",132804,"/Date(1704781682000)/",2520,5000,818000,2075000000,-30,true,-1.18
"DLG",132804,"/Date(1704781682000)/",2520,500,813000,2063000000,-30,true,-1.18
"DLG",132804,"/Date(1704781682000)/",2520,500,812500,2061000000,-30,true,-1.18
"DLG",132804,"/Date(1704781682000)/",2520,500,812000,2060000000,-30,true,-1.18
"DLG",132804,"/Date(1704781682000)/",2520,500,811500,2059000000,-30,true,-1.18
"DLG",132804,"/Date(1704781682000)/",2520,200,811000,2058000000,-30,true,-1.18
"DLG",132804,"/Date(1704781682000)/",2520,200,810800,2057000000,-30,true,-1.18
"DLG",132804,"/Date(1704781682000)/",2520,1000,810600,2057000000,-30,true,-1.18
"DLG",132804,"/Date(1704781682000)/",2520,10000,809600,2054000000,-30,true,-1.18
"DLG",132804,"/Date(1704781682000)/",2520,100,799600,2029000000,-30,true,-1.18
"DLG",132804,"/Date(1704781682000)/",2520,3000,799500,2029000000,-30,true,-1.18
"DLG",132804,"/Date(1704781682000)/",2520,5000,796500,2021000000,-30,true,-1.18
"DLG",132804,"/Date(1704781682000)/",2520,200,791500,2008000000,-30,true,-1.18
"DLG",132804,"/Date(1704781682000)/",2520,500,791300,2008000000,-30,true,-1.18
"DLG",132804,"/Date(1704781682000)/",2520,100,790800,2007000000,-30,true,-1.18
"DLG",132804,"/Date(1704781682000)/",2520,100,790700,2006000000,-30,true,-1.18
"DLG",132739,"/Date(1704781656000)/",2530,200,790600,2006000000,-20,false,-0.78
"DLG",132736,"/Date(1704781654000)/",2530,100,790400,2006000000,-20,false,-0.78
"DLG",132732,"/Date(1704781651000)/",2530,200,790300,2005000000,-20,false,-0.78
"DLG",132729,"/Date(1704781648000)/",2530,200,790100,2005000000,-20,false,-0.78
"DLG",132556,"/Date(1704781556000)/",2530,500,789900,2004000000,-20,false,-0.78
"DLG",132556,"/Date(1704781556000)/",2530,500,789400,2003000000,-20,false,-0.78
"DLG",132528,"/Date(1704781527000)/",2530,100,788900,2002000000,-20,true,-0.78
"DLG",132518,"/Date(1704781515000)/",2530,6600,788800,2002000000,-20,true,-0.78
"DLG",132518,"/Date(1704781515000)/",2530,2000,782200,1985000000,-20,true,-0.78
"DLG",132518,"/Date(1704781515000)/",2530,1300,780200,1980000000,-20,true,-0.78
"DLG",132518,"/Date(1704781515000)/",2530,1300,778900,1977000000,-20,true,-0.78
"DLG",132518,"/Date(1704781515000)/",2530,2800,777600,1973000000,-20,true,-0.78
"DLG",132518,"/Date(1704781515000)/",2530,200,774800,1966000000,-20,true,-0.78
"DLG",132518,"/Date(1704781515000)/",2530,100,774600,1966000000,-20,true,-0.78
"DLG",132518,"/Date(1704781515000)/",2530,5000,774500,1965000000,-20,true,-0.78
"DLG",132518,"/Date(1704781515000)/",2530,700,769500,1953000000,-20,true,-0.78
"DLG",132459,"/Date(1704781498000)/",2530,9300,768800,1951000000,-20,true,-0.78
"DLG",132459,"/Date(1704781498000)/",2530,10000,759500,1927000000,-20,true,-0.78
"DLG",132459,"/Date(1704781498000)/",2530,100,749500,1902000000,-20,true,-0.78
"DLG",132459,"/Date(1704781498000)/",2530,500,749400,1902000000,-20,true,-0.78
"DLG",132459,"/Date(1704781498000)/",2530,100,748900,1901000000,-20,true,-0.78
"DLG",132459,"/Date(1704781498000)/",2530,2000,748800,1900000000,-20,true,-0.78
"DLG",132459,"/Date(1704781498000)/",2530,700,746800,1895000000,-20,true,-0.78
"DLG",132424,"/Date(1704781463000)/",2530,300,746100,1894000000,-20,true,-0.78
"DLG",132424,"/Date(1704781463000)/",2530,500,745800,1893000000,-20,true,-0.78
"DLG",132424,"/Date(1704781463000)/",2530,200,745300,1891000000,-20,true,-0.78
"DLG",132424,"/Date(1704781463000)/",2530,100,745100,1891000000,-20,true,-0.78
"DLG",132424,"/Date(1704781463000)/",2530,100,745000,1891000000,-20,true,-0.78
"DLG",132424,"/Date(1704781463000)/",2530,200,744900,1890000000,-20,true,-0.78
"DLG",132424,"/Date(1704781463000)/",2530,5000,744700,1890000000,-20,true,-0.78
"DLG",132424,"/Date(1704781463000)/",2530,300,739700,1877000000,-20,true,-0.78
"DLG",132424,"/Date(1704781463000)/",2530,100,739400,1877000000,-20,true,-0.78
"DLG",132424,"/Date(1704781463000)/",2530,900,739300,1876000000,-20,true,-0.78
"DLG",132424,"/Date(1704781463000)/",2530,1600,738400,1874000000,-20,true,-0.78
"DLG",132352,"/Date(1704781431000)/",2530,100,736800,1870000000,-20,true,-0.78
"DLG",132333,"/Date(1704781411000)/",2530,100,736700,1870000000,-20,true,-0.78
"DLG",131923,"/Date(1704781163000)/",2530,5500,736600,1869000000,-20,true,-0.78
"DLG",131923,"/Date(1704781162000)/",2530,1700,731100,1856000000,-20,true,-0.78
"DLG",131855,"/Date(1704781134000)/",2540,200,729400,1851000000,-10,false,-0.39
"DLG",131855,"/Date(1704781134000)/",2540,1700,729200,1851000000,-10,false,-0.39
"DLG",131634,"/Date(1704780992000)/",2540,100,727500,1846000000,-10,false,-0.39
"DLG",131533,"/Date(1704780931000)/",2530,2500,727400,1846000000,-20,true,-0.78
"DLG",131530,"/Date(1704780929000)/",2530,300,724900,1840000000,-20,true,-0.78
"DLG",131527,"/Date(1704780924000)/",2540,600,724600,1839000000,-10,false,-0.39
"DLG",131423,"/Date(1704780862000)/",2530,3000,724000,1838000000,-20,true,-0.78
"DLG",131413,"/Date(1704780851000)/",2540,600,721000,1830000000,-10,false,-0.39
"DLG",131344,"/Date(1704780824000)/",2540,300,720400,1828000000,-10,false,-0.39
"DLG",131247,"/Date(1704780766000)/",2540,100,720100,1828000000,-10,false,-0.39
"DLG",131130,"/Date(1704780689000)/",2540,300,720000,1827000000,-10,false,-0.39
"DLG",131121,"/Date(1704780677000)/",2540,300,719700,1827000000,-10,false,-0.39
"DLG",131052,"/Date(1704780650000)/",2530,400,719400,1826000000,-20,true,-0.78
"DLG",130926,"/Date(1704780564000)/",2540,500,719000,1825000000,-10,false,-0.39
"DLG",130819,"/Date(1704780498000)/",2530,300,718500,1824000000,-20,true,-0.78
"DLG",130646,"/Date(1704780404000)/",2530,10800,718200,1823000000,-20,true,-0.78
"DLG",130601,"/Date(1704780359000)/",2540,100,707400,1796000000,-10,false,-0.39
"DLG",130536,"/Date(1704780334000)/",2540,100,707300,1795000000,-10,false,-0.39
"DLG",130422,"/Date(1704780260000)/",2540,500,707200,1795000000,-10,false,-0.39
"DLG",130354,"/Date(1704780231000)/",2540,100,706700,1794000000,-10,false,-0.39
"DLG",130347,"/Date(1704780226000)/",2540,900,706600,1794000000,-10,false,-0.39
"DLG",130347,"/Date(1704780225000)/",2540,3800,705700,1791000000,-10,false,-0.39
"DLG",130341,"/Date(1704780219000)/",2540,1200,701900,1782000000,-10,true,-0.39
"DLG",130331,"/Date(1704780209000)/",2550,200,700700,1779000000,0,false,0
"DLG",130318,"/Date(1704780196000)/",2540,100,700500,1778000000,-10,false,-0.39
"DLG",130139,"/Date(1704780098000)/",2540,200,700400,1778000000,-10,true,-0.39
"DLG",130139,"/Date(1704780098000)/",2540,100,700200,1777000000,-10,true,-0.39
"DLG",130139,"/Date(1704780098000)/",2540,8500,700100,1777000000,-10,true,-0.39
"DLG",130139,"/Date(1704780098000)/",2540,1100,691600,1755000000,-10,true,-0.39
"DLG",130117,"/Date(1704780076000)/",2540,100,690500,1753000000,-10,true,-0.39
"DLG",130045,"/Date(1704780043000)/",2540,6000,690400,1752000000,-10,true,-0.39
"DLG",130045,"/Date(1704780043000)/",2540,1000,684400,1737000000,-10,true,-0.39
"DLG",130036,"/Date(1704780020000)/",2540,100,683400,1735000000,-10,true,-0.39
"DLG",130029,"/Date(1704780011000)/",2540,3400,683300,1734000000,-10,true,-0.39
"DLG",130029,"/Date(1704780009000)/",2540,100,679900,1726000000,-10,true,-0.39
"DLG",130029,"/Date(1704780009000)/",2540,200,679800,1725000000,-10,true,-0.39
"DLG",130023,"/Date(1704780002000)/",2530,100,679600,1725000000,-20,true,-0.78
"DLG",112926,"/Date(1704774563000)/",2540,100,679500,1725000000,-10,false,-0.39
"DLG",112926,"/Date(1704774563000)/",2540,100,679400,1724000000,-10,false,-0.39
"DLG",112926,"/Date(1704774563000)/",2540,200,679300,1724000000,-10,false,-0.39
"DLG",112926,"/Date(1704774563000)/",2540,1400,679100,1724000000,-10,false,-0.39
"DLG",112854,"/Date(1704774531000)/",2540,2500,677700,1720000000,-10,true,-0.39
"DLG",112659,"/Date(1704774417000)/",2540,200,675200,1714000000,-10,true,-0.39
"DLG",112618,"/Date(1704774375000)/",2550,100,675000,1713000000,0,false,0
"DLG",112504,"/Date(1704774303000)/",2540,200,674900,1713000000,-10,true,-0.39
"DLG",112504,"/Date(1704774303000)/",2540,4600,674700,1713000000,-10,true,-0.39
"DLG",112504,"/Date(1704774303000)/",2540,200,670100,1701000000,-10,true,-0.39
"DLG",112504,"/Date(1704774303000)/",2540,1000,669900,1700000000,-10,true,-0.39
"DLG",112504,"/Date(1704774303000)/",2540,9900,668900,1698000000,-10,true,-0.39
"DLG",112407,"/Date(1704774244000)/",2540,100,659000,1673000000,-10,false,-0.39
"DLG",112341,"/Date(1704774221000)/",2540,200,658900,1672000000,-10,false,-0.39
"DLG",112250,"/Date(1704774168000)/",2530,100,658700,1672000000,-20,true,-0.78
"DLG",112238,"/Date(1704774154000)/",2540,100,658600,1672000000,-10,false,-0.39
"DLG",112234,"/Date(1704774152000)/",2530,100,658500,1671000000,-20,true,-0.78
"DLG",112108,"/Date(1704774066000)/",2540,600,658400,1671000000,-10,false,-0.39
"DLG",112052,"/Date(1704774049000)/",2540,100,657800,1670000000,-10,false,-0.39
"DLG",112052,"/Date(1704774049000)/",2540,400,657700,1669000000,-10,false,-0.39
"DLG",112033,"/Date(1704774031000)/",2540,100,657300,1668000000,-10,false,-0.39
"DLG",112030,"/Date(1704774029000)/",2540,500,657200,1668000000,-10,false,-0.39
"DLG",112030,"/Date(1704774029000)/",2540,500,656700,1667000000,-10,false,-0.39
"DLG",112030,"/Date(1704774029000)/",2540,3600,656200,1666000000,-10,false,-0.39
"DLG",112017,"/Date(1704774014000)/",2540,1400,652600,1656000000,-10,false,-0.39
"DLG",112017,"/Date(1704774014000)/",2540,600,651200,1653000000,-10,false,-0.39
"DLG",112017,"/Date(1704774014000)/",2540,6000,650600,1651000000,-10,false,-0.39
"DLG",112001,"/Date(1704774000000)/",2540,4000,644600,1636000000,-10,false,-0.39
"DLG",112001,"/Date(1704774000000)/",2540,200,640600,1626000000,-10,false,-0.39
"DLG",112001,"/Date(1704774000000)/",2540,4000,640400,1625000000,-10,false,-0.39
"DLG",111936,"/Date(1704773973000)/",2540,200,636400,1615000000,-10,false,-0.39
"DLG",111907,"/Date(1704773944000)/",2540,100,636200,1615000000,-10,false,-0.39
"DLG",111857,"/Date(1704773935000)/",2530,2000,636100,1614000000,-20,true,-0.78
"DLG",111709,"/Date(1704773826000)/",2540,100,634100,1609000000,-10,false,-0.39
"DLG",111618,"/Date(1704773775000)/",2530,1400,634000,1609000000,-20,true,-0.78
"DLG",111618,"/Date(1704773775000)/",2530,600,632600,1606000000,-20,true,-0.78
"DLG",111618,"/Date(1704773775000)/",2540,300,632000,1604000000,-10,false,-0.39
"DLG",111527,"/Date(1704773725000)/",2530,1000,631700,1603000000,-20,true,-0.78
"DLG",111520,"/Date(1704773717000)/",2530,200,630700,1601000000,-20,true,-0.78
"DLG",111250,"/Date(1704773568000)/",2530,200,630500,1600000000,-20,true,-0.78
"DLG",111133,"/Date(1704773491000)/",2540,200,630300,1600000000,-10,false,-0.39
"DLG",111045,"/Date(1704773443000)/",2530,400,630100,1599000000,-20,true,-0.78
"DLG",110806,"/Date(1704773284000)/",2540,100,629700,1598000000,-10,false,-0.39
"DLG",110721,"/Date(1704773239000)/",2540,200,629600,1598000000,-10,false,-0.39
"DLG",110721,"/Date(1704773239000)/",2540,700,629400,1598000000,-10,false,-0.39
"DLG",110639,"/Date(1704773199000)/",2530,4600,628700,1596000000,-20,true,-0.78
"DLG",110639,"/Date(1704773199000)/",2530,5400,624100,1584000000,-20,true,-0.78
"DLG",110617,"/Date(1704773177000)/",2530,400,618700,1570000000,-20,true,-0.78
"DLG",110523,"/Date(1704773122000)/",2540,100,618300,1569000000,-10,false,-0.39
"DLG",110033,"/Date(1704772831000)/",2540,1200,618200,1569000000,-10,false,-0.39
"DLG",105948,"/Date(1704772785000)/",2540,100,617000,1566000000,-10,false,-0.39
"DLG",105847,"/Date(1704772725000)/",2530,600,616900,1566000000,-20,true,-0.78
"DLG",105718,"/Date(1704772635000)/",2530,500,616300,1564000000,-20,true,-0.78
"DLG",105715,"/Date(1704772632000)/",2540,100,615800,1563000000,-10,false,-0.39
"DLG",105646,"/Date(1704772604000)/",2540,200,615700,1563000000,-10,false,-0.39
"DLG",105552,"/Date(1704772551000)/",2540,1200,615500,1562000000,-10,false,-0.39
"DLG",105458,"/Date(1704772497000)/",2540,2400,614300,1559000000,-10,false,-0.39
"DLG",105404,"/Date(1704772443000)/",2540,32500,611900,1553000000,-10,true,-0.39
"DLG",105404,"/Date(1704772443000)/",2540,2000,579400,1471000000,-10,true,-0.39
"DLG",105404,"/Date(1704772443000)/",2540,2000,577400,1466000000,-10,true,-0.39
"DLG",105404,"/Date(1704772443000)/",2540,20000,575400,1460000000,-10,true,-0.39
"DLG",105404,"/Date(1704772443000)/",2540,200,555400,1410000000,-10,true,-0.39
"DLG",105238,"/Date(1704772356000)/",2550,700,555200,1409000000,0,false,0
"DLG",105234,"/Date(1704772353000)/",2550,200,554500,1407000000,0,false,0
"DLG",105040,"/Date(1704772238000)/",2550,5000,554300,1407000000,0,false,0
"DLG",105021,"/Date(1704772219000)/",2550,3800,549300,1394000000,0,false,0
"DLG",104816,"/Date(1704772095000)/",2550,4700,545500,1384000000,0,false,0
"DLG",104800,"/Date(1704772080000)/",2550,2400,540800,1372000000,0,false,0
"DLG",104751,"/Date(1704772070000)/",2550,1700,538400,1366000000,0,false,0
"DLG",104408,"/Date(1704771847000)/",2540,800,536700,1362000000,-10,true,-0.39
"DLG",104408,"/Date(1704771847000)/",2540,200,535900,1360000000,-10,true,-0.39
"DLG",104245,"/Date(1704771764000)/",2550,100,535700,1359000000,0,false,0
"DLG",104112,"/Date(1704771670000)/",2550,8300,535600,1359000000,0,false,0
"DLG",104112,"/Date(1704771670000)/",2550,100,527300,1338000000,0,false,0
"DLG",104112,"/Date(1704771670000)/",2550,100,527200,1338000000,0,false,0
"DLG",104112,"/Date(1704771670000)/",2550,500,527100,1338000000,0,false,0
"DLG",104112,"/Date(1704771670000)/",2550,900,526600,1336000000,0,false,0
"DLG",104112,"/Date(1704771670000)/",2550,4100,525700,1334000000,0,false,0
"DLG",103952,"/Date(1704771591000)/",2550,200,521600,1323000000,0,false,0
"DLG",103615,"/Date(1704771374000)/",2550,400,521400,1323000000,0,false,0
"DLG",103606,"/Date(1704771365000)/",2550,2000,521000,1322000000,0,false,0
"DLG",103449,"/Date(1704771287000)/",2550,3000,519000,1317000000,0,false,0
"DLG",103323,"/Date(1704771202000)/",2550,100,516000,1309000000,0,false,0
"DLG",103313,"/Date(1704771193000)/",2550,200,515900,1309000000,0,false,0
"DLG",103313,"/Date(1704771193000)/",2550,3800,515700,1308000000,0,false,0
"DLG",103213,"/Date(1704771133000)/",2550,100,511900,1299000000,0,false,0
"DLG",103141,"/Date(1704771100000)/",2550,100,511800,1298000000,0,false,0
"DLG",103138,"/Date(1704771095000)/",2550,400,511700,1298000000,0,false,0
"DLG",102942,"/Date(1704770980000)/",2550,600,511300,1297000000,0,false,0
"DLG",102942,"/Date(1704770980000)/",2550,4400,510700,1296000000,0,false,0
"DLG",102926,"/Date(1704770963000)/",2550,1600,506300,1284000000,0,false,0
"DLG",102926,"/Date(1704770963000)/",2550,3400,504700,1280000000,0,false,0
"DLG",102923,"/Date(1704770960000)/",2550,4600,501300,1272000000,0,false,0
"DLG",102901,"/Date(1704770938000)/",2550,500,496700,1260000000,0,false,0
"DLG",102857,"/Date(1704770936000)/",2540,200,496200,1259000000,-10,true,-0.39
"DLG",102845,"/Date(1704770922000)/",2540,100,496000,1258000000,-10,true,-0.39
"DLG",102845,"/Date(1704770922000)/",2540,400,495900,1258000000,-10,true,-0.39
"DLG",102735,"/Date(1704770853000)/",2550,500,495500,1257000000,0,false,0
"DLG",102634,"/Date(1704770792000)/",2550,500,495000,1256000000,0,false,0
"DLG",102341,"/Date(1704770618000)/",2540,200,494500,1254000000,-10,true,-0.39
"DLG",102300,"/Date(1704770577000)/",2540,100,494300,1254000000,-10,true,-0.39
"DLG",101923,"/Date(1704770362000)/",2540,200,494200,1254000000,-10,true,-0.39
"DLG",101907,"/Date(1704770344000)/",2550,100,494000,1253000000,0,false,0
"DLG",101757,"/Date(1704770277000)/",2550,1000,493900,1253000000,0,false,0
"DLG",101521,"/Date(1704770120000)/",2550,400,492900,1250000000,0,false,0
"DLG",101440,"/Date(1704770076000)/",2540,100,492500,1249000000,-10,true,-0.39
"DLG",101440,"/Date(1704770076000)/",2540,100,492400,1249000000,-10,true,-0.39
"DLG",101355,"/Date(1704770034000)/",2540,900,492300,1249000000,-10,true,-0.39
"DLG",101355,"/Date(1704770034000)/",2540,1000,491400,1246000000,-10,true,-0.39
"DLG",101355,"/Date(1704770034000)/",2540,100,490400,1244000000,-10,true,-0.39
"DLG",101157,"/Date(1704769915000)/",2540,100,490300,1244000000,-10,true,-0.39
"DLG",101157,"/Date(1704769915000)/",2540,100,490200,1243000000,-10,true,-0.39
"DLG",101157,"/Date(1704769915000)/",2540,700,490100,1243000000,-10,true,-0.39
"DLG",101031,"/Date(1704769831000)/",2540,100,489400,1241000000,-10,false,-0.39
"DLG",101009,"/Date(1704769807000)/",2540,1000,489300,1241000000,-10,false,-0.39
"DLG",100931,"/Date(1704769770000)/",2540,200,488300,1239000000,-10,false,-0.39
"DLG",100859,"/Date(1704769738000)/",2540,700,488100,1238000000,-10,true,-0.39
"DLG",100859,"/Date(1704769738000)/",2540,1000,487400,1236000000,-10,true,-0.39
"DLG",100859,"/Date(1704769738000)/",2540,1000,486400,1234000000,-10,true,-0.39
"DLG",100859,"/Date(1704769738000)/",2540,300,485400,1231000000,-10,true,-0.39
"DLG",100617,"/Date(1704769575000)/",2540,200,485100,1230000000,-10,true,-0.39
"DLG",100617,"/Date(1704769575000)/",2540,5200,484900,1230000000,-10,true,-0.39
"DLG",100617,"/Date(1704769575000)/",2540,600,479700,1217000000,-10,true,-0.39
"DLG",100501,"/Date(1704769498000)/",2540,100,479100,1215000000,-10,true,-0.39
"DLG",100501,"/Date(1704769498000)/",2540,300,479000,1215000000,-10,true,-0.39
"DLG",100457,"/Date(1704769496000)/",2540,3000,478700,1214000000,-10,false,-0.39
"DLG",100445,"/Date(1704769482000)/",2540,1000,475700,1207000000,-10,false,-0.39
"DLG",100445,"/Date(1704769481000)/",2540,1000,474700,1204000000,-10,false,-0.39
"DLG",100419,"/Date(1704769458000)/",2540,100,473700,1202000000,-10,false,-0.39
"DLG",100344,"/Date(1704769423000)/",2540,6800,473600,1201000000,-10,false,-0.39
"DLG",100312,"/Date(1704769391000)/",2530,100,466800,1184000000,-20,true,-0.78
"DLG",100234,"/Date(1704769353000)/",2540,100,466700,1184000000,-10,false,-0.39
"DLG",100221,"/Date(1704769340000)/",2540,1000,466600,1183000000,-10,false,-0.39
"DLG",100159,"/Date(1704769317000)/",2540,1000,465600,1181000000,-10,false,-0.39
"DLG",100149,"/Date(1704769307000)/",2540,500,464600,1178000000,-10,false,-0.39
"DLG",100130,"/Date(1704769288000)/",2540,400,464100,1177000000,-10,false,-0.39
"DLG",100121,"/Date(1704769280000)/",2540,500,463700,1176000000,-10,false,-0.39
"DLG",100059,"/Date(1704769258000)/",2540,600,463200,1175000000,-10,false,-0.39
"DLG",100055,"/Date(1704769252000)/",2540,600,462600,1173000000,-10,true,-0.39
"DLG",100055,"/Date(1704769252000)/",2540,10200,462000,1172000000,-10,true,-0.39
"DLG",100055,"/Date(1704769252000)/",2540,2000,451800,1146000000,-10,true,-0.39
"DLG",100055,"/Date(1704769252000)/",2540,600,449800,1141000000,-10,true,-0.39
"DLG",100055,"/Date(1704769252000)/",2540,5000,449200,1139000000,-10,true,-0.39
"DLG",100055,"/Date(1704769252000)/",2540,300,444200,1127000000,-10,true,-0.39
"DLG",100055,"/Date(1704769252000)/",2540,800,443900,1126000000,-10,true,-0.39
"DLG",100055,"/Date(1704769252000)/",2540,300,443100,1124000000,-10,true,-0.39
"DLG",100055,"/Date(1704769252000)/",2540,500,442800,1123000000,-10,true,-0.39
"DLG",100055,"/Date(1704769252000)/",2540,15000,442300,1122000000,-10,true,-0.39
"DLG",100049,"/Date(1704769247000)/",2550,500,427300,1084000000,0,false,0
"DLG",100017,"/Date(1704769214000)/",2540,10000,426800,1082000000,-10,true,-0.39
"DLG",95820,"/Date(1704769096000)/",2540,200,416800,1057000000,-10,true,-0.39
"DLG",95456,"/Date(1704768893000)/",2550,200,416600,1056000000,0,false,0
"DLG",95424,"/Date(1704768862000)/",2550,200,416400,1056000000,0,false,0
"DLG",95038,"/Date(1704768637000)/",2550,100,416200,1055000000,0,false,0
"DLG",94947,"/Date(1704768586000)/",2550,200,416100,1055000000,0,false,0
"DLG",94834,"/Date(1704768514000)/",2550,100,415900,1055000000,0,false,0
"DLG",94712,"/Date(1704768429000)/",2550,2000,415800,1054000000,0,false,0
"DLG",94605,"/Date(1704768362000)/",2550,300,413800,1049000000,0,false,0
"DLG",94524,"/Date(1704768320000)/",2540,14500,413500,1049000000,-10,false,-0.39
"DLG",94517,"/Date(1704768315000)/",2540,100,399000,1012000000,-10,true,-0.39
"DLG",94514,"/Date(1704768313000)/",2540,400,398900,1012000000,-10,false,-0.39
"DLG",94514,"/Date(1704768312000)/",2540,3500,398500,1010000000,-10,false,-0.39
"DLG",94501,"/Date(1704768298000)/",2540,200,395000,1002000000,-10,false,-0.39
"DLG",94449,"/Date(1704768286000)/",2540,1500,394800,1001000000,-10,false,-0.39
"DLG",94442,"/Date(1704768281000)/",2540,100,393300,997000000,-10,false,-0.39
"DLG",94442,"/Date(1704768281000)/",2540,100,393200,997000000,-10,false,-0.39
"DLG",94439,"/Date(1704768276000)/",2540,100,393100,997000000,-10,false,-0.39
"DLG",94433,"/Date(1704768271000)/",2540,300,393000,997000000,-10,false,-0.39
"DLG",94433,"/Date(1704768271000)/",2540,200,392700,996000000,-10,false,-0.39
"DLG",94426,"/Date(1704768265000)/",2540,3200,392500,995000000,-10,false,-0.39
"DLG",94417,"/Date(1704768254000)/",2540,400,389300,987000000,-10,false,-0.39
"DLG",94351,"/Date(1704768228000)/",2540,400,388900,986000000,-10,false,-0.39
"DLG",94307,"/Date(1704768184000)/",2530,4000,388500,985000000,-20,false,-0.78
"DLG",94307,"/Date(1704768184000)/",2530,39000,384500,975000000,-20,false,-0.78
"DLG",94303,"/Date(1704768180000)/",2530,10000,345500,876000000,-20,false,-0.78
"DLG",94257,"/Date(1704768175000)/",2530,25800,335500,851000000,-20,false,-0.78
"DLG",94257,"/Date(1704768174000)/",2530,200,309700,786000000,-20,false,-0.78
"DLG",94254,"/Date(1704768171000)/",2530,700,309500,785000000,-20,false,-0.78
"DLG",94251,"/Date(1704768168000)/",2530,4000,308800,783000000,-20,false,-0.78
"DLG",94244,"/Date(1704768162000)/",2530,2000,304800,773000000,-20,false,-0.78
"DLG",94238,"/Date(1704768157000)/",2530,8800,302800,768000000,-20,false,-0.78
"DLG",94238,"/Date(1704768157000)/",2520,100,294000,746000000,-30,true,-1.18
"DLG",94228,"/Date(1704768148000)/",2530,3600,293900,746000000,-20,false,-0.78
"DLG",94212,"/Date(1704768132000)/",2530,5000,290300,737000000,-20,false,-0.78
"DLG",94209,"/Date(1704768128000)/",2530,9000,285300,724000000,-20,false,-0.78
"DLG",94157,"/Date(1704768114000)/",2530,1100,276300,701000000,-20,false,-0.78
"DLG",94144,"/Date(1704768103000)/",2530,100,275200,698000000,-20,false,-0.78
"DLG",94118,"/Date(1704768076000)/",2530,2000,275100,698000000,-20,false,-0.78
"DLG",94112,"/Date(1704768069000)/",2530,1100,273100,693000000,-20,false,-0.78
"DLG",94106,"/Date(1704768065000)/",2530,500,272000,690000000,-20,false,-0.78
"DLG",94053,"/Date(1704768051000)/",2530,2000,271500,689000000,-20,false,-0.78
"DLG",94050,"/Date(1704768047000)/",2530,100,269500,684000000,-20,false,-0.78
"DLG",94046,"/Date(1704768045000)/",2530,20000,269400,684000000,-20,false,-0.78
"DLG",94037,"/Date(1704768034000)/",2530,3000,249400,633000000,-20,false,-0.78
"DLG",94021,"/Date(1704768018000)/",2530,26000,246400,626000000,-20,false,-0.78
"DLG",93956,"/Date(1704767994000)/",2530,500,220400,560000000,-20,false,-0.78
"DLG",93952,"/Date(1704767991000)/",2530,200,219900,559000000,-20,false,-0.78
"DLG",93917,"/Date(1704767954000)/",2530,1000,219700,558000000,-20,false,-0.78
"DLG",93908,"/Date(1704767945000)/",2530,10000,218700,555000000,-20,false,-0.78
"DLG",93820,"/Date(1704767899000)/",2520,500,208700,530000000,-30,true,-1.18
"DLG",93814,"/Date(1704767893000)/",2520,3000,208200,529000000,-30,true,-1.18
"DLG",93742,"/Date(1704767860000)/",2520,1000,205200,521000000,-30,false,-1.18
"DLG",93742,"/Date(1704767860000)/",2520,200,204200,519000000,-30,false,-1.18
"DLG",93742,"/Date(1704767860000)/",2520,2100,204000,518000000,-30,false,-1.18
"DLG",93729,"/Date(1704767846000)/",2520,400,201900,513000000,-30,false,-1.18
"DLG",93704,"/Date(1704767821000)/",2510,900,201500,512000000,-40,true,-1.57
"DLG",93704,"/Date(1704767821000)/",2510,1000,200600,510000000,-40,true,-1.57
"DLG",93704,"/Date(1704767821000)/",2510,3000,199600,507000000,-40,true,-1.57
"DLG",93704,"/Date(1704767821000)/",2510,100,196600,500000000,-40,true,-1.57
"DLG",93651,"/Date(1704767810000)/",2510,900,196500,500000000,-40,true,-1.57
"DLG",93651,"/Date(1704767810000)/",2510,3000,195600,497000000,-40,true,-1.57
"DLG",93651,"/Date(1704767810000)/",2510,1000,192600,490000000,-40,true,-1.57
"DLG",93651,"/Date(1704767810000)/",2510,100,191600,487000000,-40,true,-1.57
"DLG",93635,"/Date(1704767793000)/",2520,500,191500,487000000,-30,true,-1.18
"DLG",93635,"/Date(1704767793000)/",2520,3000,191000,486000000,-30,true,-1.18
"DLG",93635,"/Date(1704767793000)/",2520,3000,188000,478000000,-30,true,-1.18
"DLG",93635,"/Date(1704767793000)/",2520,1000,185000,471000000,-30,true,-1.18
"DLG",93632,"/Date(1704767791000)/",2520,1000,184000,468000000,-30,true,-1.18
"DLG",93632,"/Date(1704767791000)/",2520,5000,183000,466000000,-30,true,-1.18
"DLG",93632,"/Date(1704767791000)/",2520,2000,178000,453000000,-30,true,-1.18
"DLG",93632,"/Date(1704767791000)/",2520,1000,176000,448000000,-30,true,-1.18
"DLG",93632,"/Date(1704767791000)/",2520,1000,175000,445000000,-30,true,-1.18
"DLG",93632,"/Date(1704767791000)/",2520,2300,174000,443000000,-30,true,-1.18
"DLG",93632,"/Date(1704767791000)/",2520,19100,171700,437000000,-30,true,-1.18
"DLG",93616,"/Date(1704767773000)/",2520,900,152600,389000000,-30,true,-1.18
"DLG",93616,"/Date(1704767773000)/",2520,2000,151700,387000000,-30,true,-1.18
"DLG",93616,"/Date(1704767773000)/",2520,500,149700,382000000,-30,true,-1.18
"DLG",93616,"/Date(1704767773000)/",2520,100,149200,380000000,-30,true,-1.18
"DLG",93551,"/Date(1704767749000)/",2530,3000,149100,380000000,-20,false,-0.78
"DLG",93551,"/Date(1704767749000)/",2530,1000,146100,373000000,-20,false,-0.78
"DLG",93551,"/Date(1704767749000)/",2530,1000,145100,370000000,-20,false,-0.78
"DLG",93551,"/Date(1704767749000)/",2530,1000,144100,367000000,-20,false,-0.78
"DLG",93551,"/Date(1704767749000)/",2530,9400,143100,365000000,-20,false,-0.78
"DLG",93551,"/Date(1704767749000)/",2530,3000,133700,341000000,-20,false,-0.78
"DLG",93551,"/Date(1704767749000)/",2530,3000,130700,334000000,-20,false,-0.78
"DLG",93551,"/Date(1704767749000)/",2530,200,127700,326000000,-20,false,-0.78
"DLG",93551,"/Date(1704767749000)/",2530,7500,127500,325000000,-20,false,-0.78
"DLG",93513,"/Date(1704767712000)/",2530,3500,120000,306000000,-20,true,-0.78
"DLG",93513,"/Date(1704767712000)/",2530,100,116500,298000000,-20,true,-0.78
"DLG",93453,"/Date(1704767693000)/",2540,100,116400,297000000,-10,false,-0.39
"DLG",93453,"/Date(1704767693000)/",2540,1000,116300,297000000,-10,false,-0.39
"DLG",93453,"/Date(1704767693000)/",2540,1000,115300,295000000,-10,false,-0.39
"DLG",93444,"/Date(1704767682000)/",2540,1000,114300,292000000,-10,true,-0.39
"DLG",93431,"/Date(1704767670000)/",2550,2000,113300,289000000,0,false,0
"DLG",93428,"/Date(1704767666000)/",2550,400,111300,284000000,0,false,0
"DLG",93250,"/Date(1704767566000)/",2550,100,110900,283000000,0,false,0
"DLG",92917,"/Date(1704767355000)/",2550,1000,110800,283000000,0,false,0
"DLG",92917,"/Date(1704767355000)/",2550,2000,109800,281000000,0,false,0
"DLG",92917,"/Date(1704767355000)/",2550,5700,107800,275000000,0,false,0
"DLG",92917,"/Date(1704767355000)/",2550,13400,102100,261000000,0,false,0
"DLG",92911,"/Date(1704767348000)/",2550,15000,88700,227000000,0,true,0
"DLG",92801,"/Date(1704767280000)/",2550,300,73700,189000000,0,true,0
"DLG",92801,"/Date(1704767280000)/",2550,1900,73400,188000000,0,true,0
"DLG",92801,"/Date(1704767280000)/",2550,1000,71500,183000000,0,true,0
"DLG",92801,"/Date(1704767280000)/",2550,200,70500,180000000,0,true,0
"DLG",92801,"/Date(1704767280000)/",2550,2400,70300,180000000,0,true,0
"DLG",92801,"/Date(1704767280000)/",2550,6800,67900,174000000,0,true,0
"DLG",92619,"/Date(1704767178000)/",2550,600,61100,156000000,0,true,0
"DLG",92610,"/Date(1704767167000)/",2560,200,60500,155000000,10,false,0.39
"DLG",92454,"/Date(1704767093000)/",2550,600,60300,154000000,0,true,0
"DLG",92454,"/Date(1704767093000)/",2550,200,59700,153000000,0,true,0
"DLG",92454,"/Date(1704767093000)/",2560,200,59500,152000000,10,true,0.39
"DLG",92438,"/Date(1704767075000)/",2580,4800,59300,152000000,30,false,1.18
"DLG",92438,"/Date(1704767075000)/",2580,8200,54500,139000000,30,false,1.18
"DLG",92300,"/Date(1704766978000)/",2580,1800,46300,118000000,30,false,1.18
"DLG",92300,"/Date(1704766978000)/",2580,100,44500,114000000,30,false,1.18
"DLG",92300,"/Date(1704766978000)/",2570,1300,44400,113000000,20,false,0.78
"DLG",92300,"/Date(1704766978000)/",2560,6800,43100,110000000,10,false,0.39
"DLG",92206,"/Date(1704766923000)/",2560,1000,36300,93000000,10,true,0.39
"DLG",92206,"/Date(1704766923000)/",2560,300,35300,90000000,10,true,0.39
"DLG",92206,"/Date(1704766923000)/",2570,200,35000,89000000,20,true,0.78
"DLG",92206,"/Date(1704766923000)/",2580,1700,34800,89000000,30,true,1.18
"DLG",92137,"/Date(1704766896000)/",2580,1000,33100,84000000,30,true,1.18
"DLG",92137,"/Date(1704766896000)/",2580,2000,32100,82000000,30,true,1.18
"DLG",92056,"/Date(1704766853000)/",2590,500,30100,77000000,40,false,1.57
"DLG",91805,"/Date(1704766684000)/",2590,400,29600,75000000,40,false,1.57
"DLG",91805,"/Date(1704766684000)/",2580,100,29200,74000000,30,false,1.18
"DLG",91708,"/Date(1704766627000)/",2590,5200,29100,74000000,40,false,1.57
"DLG",91708,"/Date(1704766627000)/",2590,100,23900,61000000,40,false,1.57
"DLG",91708,"/Date(1704766627000)/",2590,100,23800,60000000,40,false,1.57
"DLG",91708,"/Date(1704766627000)/",2570,100,23700,60000000,20,false,0.78
"DLG",91708,"/Date(1704766627000)/",2570,4000,23600,60000000,20,false,0.78
"DLG",91708,"/Date(1704766627000)/",2570,200,19600,50000000,20,false,0.78
"DLG",91708,"/Date(1704766627000)/",2560,4000,19400,49000000,10,false,0.39
"DLG",91701,"/Date(1704766619000)/",2550,2700,15400,39000000,0,true,0
"DLG",91701,"/Date(1704766619000)/",2550,3300,12700,32000000,0,true,0
"DLG",91502,"/Date(1704766500000)/",2550,9400,9400,23000000,0,true,0
