"Stockcode","Package","TradingDate","Price","Vol","TotalVol","TotalVal","Change","IsBuy","PerChange"
"MSN",144505,"/Date(1704786300000)/",66100,156300,2177500,144620000000,-500,false,-0.75
"MSN",143000,"/Date(1704785399000)/",66100,800,2021200,134289000000,-500,true,-0.75
"MSN",142957,"/Date(1704785393000)/",66200,100,2020400,134236000000,-400,false,-0.6
"MSN",142957,"/Date(1704785393000)/",66200,100,2020300,134229000000,-400,false,-0.6
"MSN",142957,"/Date(1704785393000)/",66200,300,2020200,134223000000,-400,false,-0.6
"MSN",142954,"/Date(1704785393000)/",66200,200,2019900,134203000000,-400,false,-0.6
"MSN",142954,"/Date(1704785392000)/",66100,1000,2019700,134190000000,-500,true,-0.75
"MSN",142947,"/Date(1704785387000)/",66200,100,2018700,134123000000,-400,false,-0.6
"MSN",142947,"/Date(1704785385000)/",66200,1100,2018600,134117000000,-400,false,-0.6
"MSN",142944,"/Date(1704785383000)/",66200,2000,2017500,134044000000,-400,false,-0.6
"MSN",142941,"/Date(1704785380000)/",66100,1000,2015500,133912000000,-500,true,-0.75
"MSN",142941,"/Date(1704785378000)/",66200,500,2014500,133845000000,-400,false,-0.6
"MSN",142941,"/Date(1704785378000)/",66200,300,2014000,133812000000,-400,false,-0.6
"MSN",142941,"/Date(1704785378000)/",66200,100,2013700,133793000000,-400,false,-0.6
"MSN",142938,"/Date(1704785376000)/",66200,200,2013600,133786000000,-400,false,-0.6
"MSN",142934,"/Date(1704785374000)/",66200,200,2013400,133773000000,-400,false,-0.6
"MSN",142912,"/Date(1704785351000)/",66100,800,2013200,133759000000,-500,true,-0.75
"MSN",142909,"/Date(1704785348000)/",66200,100,2012400,133707000000,-400,false,-0.6
"MSN",142906,"/Date(1704785343000)/",66200,500,2012300,133700000000,-400,false,-0.6
"MSN",142859,"/Date(1704785336000)/",66100,3300,2011800,133667000000,-500,true,-0.75
"MSN",142856,"/Date(1704785336000)/",66200,200,2008500,133449000000,-400,false,-0.6
"MSN",142856,"/Date(1704785336000)/",66200,300,2008300,133435000000,-400,false,-0.6
"MSN",142853,"/Date(1704785332000)/",66200,500,2008000,133416000000,-400,false,-0.6
"MSN",142850,"/Date(1704785328000)/",66200,100,2007500,133383000000,-400,false,-0.6
"MSN",142850,"/Date(1704785327000)/",66200,500,2007400,133376000000,-400,false,-0.6
"MSN",142830,"/Date(1704785309000)/",66100,3300,2006900,133343000000,-500,true,-0.75
"MSN",142830,"/Date(1704785309000)/",66100,1000,2003600,133125000000,-500,true,-0.75
"MSN",142830,"/Date(1704785309000)/",66100,700,2002600,133059000000,-500,true,-0.75
"MSN",142830,"/Date(1704785309000)/",66100,100,2001900,133012000000,-500,true,-0.75
"MSN",142830,"/Date(1704785309000)/",66100,1000,2001800,133006000000,-500,true,-0.75
"MSN",142830,"/Date(1704785309000)/",66100,700,2000800,132940000000,-500,true,-0.75
"MSN",142830,"/Date(1704785309000)/",66100,500,2000100,132893000000,-500,true,-0.75
"MSN",142830,"/Date(1704785309000)/",66100,2700,1999600,132860000000,-500,true,-0.75
"MSN",142814,"/Date(1704785293000)/",66200,400,1996900,132682000000,-400,false,-0.6
"MSN",142814,"/Date(1704785293000)/",66200,2100,1996500,132655000000,-400,false,-0.6
"MSN",142814,"/Date(1704785293000)/",66200,800,1994400,132516000000,-400,false,-0.6
"MSN",142814,"/Date(1704785291000)/",66100,300,1993600,132463000000,-500,true,-0.75
"MSN",142746,"/Date(1704785264000)/",66100,2000,1993300,132443000000,-500,true,-0.75
"MSN",142739,"/Date(1704785257000)/",66100,700,1991300,132311000000,-500,true,-0.75
"MSN",142733,"/Date(1704785250000)/",66100,300,1990600,132265000000,-500,true,-0.75
"MSN",142710,"/Date(1704785227000)/",66100,1500,1990300,132245000000,-500,true,-0.75
"MSN",142651,"/Date(1704785210000)/",66200,500,1988800,132146000000,-400,false,-0.6
"MSN",142645,"/Date(1704785204000)/",66200,500,1988300,132113000000,-400,false,-0.6
"MSN",142638,"/Date(1704785197000)/",66200,1600,1987800,132080000000,-400,false,-0.6
"MSN",142638,"/Date(1704785197000)/",66200,1000,1986200,131974000000,-400,false,-0.6
"MSN",142638,"/Date(1704785197000)/",66200,100,1985200,131908000000,-400,false,-0.6
"MSN",142638,"/Date(1704785197000)/",66200,500,1985100,131901000000,-400,false,-0.6
"MSN",142638,"/Date(1704785197000)/",66200,100,1984600,131868000000,-400,false,-0.6
"MSN",142638,"/Date(1704785197000)/",66100,100,1984500,131861000000,-500,true,-0.75
"MSN",142629,"/Date(1704785187000)/",66200,400,1984400,131855000000,-400,false,-0.6
"MSN",142629,"/Date(1704785187000)/",66200,100,1984000,131828000000,-400,false,-0.6
"MSN",142626,"/Date(1704785184000)/",66200,200,1983900,131822000000,-400,false,-0.6
"MSN",142619,"/Date(1704785177000)/",66100,2400,1983700,131808000000,-500,true,-0.75
"MSN",142619,"/Date(1704785177000)/",66100,1000,1981300,131650000000,-500,true,-0.75
"MSN",142619,"/Date(1704785177000)/",66100,300,1980300,131584000000,-500,true,-0.75
"MSN",142619,"/Date(1704785177000)/",66100,400,1980000,131564000000,-500,true,-0.75
"MSN",142619,"/Date(1704785177000)/",66100,500,1979600,131537000000,-500,true,-0.75
"MSN",142619,"/Date(1704785177000)/",66100,400,1979100,131504000000,-500,true,-0.75
"MSN",142610,"/Date(1704785166000)/",66100,100,1978700,131478000000,-500,true,-0.75
"MSN",142603,"/Date(1704785162000)/",66200,1200,1978600,131471000000,-400,false,-0.6
"MSN",142603,"/Date(1704785162000)/",66200,600,1977400,131392000000,-400,false,-0.6
"MSN",142603,"/Date(1704785162000)/",66200,500,1976800,131352000000,-400,false,-0.6
"MSN",142603,"/Date(1704785162000)/",66200,900,1976300,131319000000,-400,false,-0.6
"MSN",142603,"/Date(1704785162000)/",66200,100,1975400,131259000000,-400,false,-0.6
"MSN",142603,"/Date(1704785161000)/",66200,100,1975300,131253000000,-400,false,-0.6
"MSN",142554,"/Date(1704785153000)/",66200,100,1975200,131246000000,-400,false,-0.6
"MSN",142544,"/Date(1704785141000)/",66200,500,1975100,131240000000,-400,false,-0.6
"MSN",142538,"/Date(1704785136000)/",66200,500,1974600,131207000000,-400,false,-0.6
"MSN",142535,"/Date(1704785132000)/",66200,500,1974100,131173000000,-400,false,-0.6
"MSN",142528,"/Date(1704785125000)/",66100,100,1973600,131140000000,-500,true,-0.75
"MSN",142525,"/Date(1704785124000)/",66200,400,1973500,131134000000,-400,false,-0.6
"MSN",142525,"/Date(1704785124000)/",66200,100,1973100,131107000000,-400,false,-0.6
"MSN",142525,"/Date(1704785123000)/",66100,100,1973000,131101000000,-500,true,-0.75
"MSN",142525,"/Date(1704785123000)/",66200,200,1972900,131094000000,-400,false,-0.6
"MSN",142522,"/Date(1704785119000)/",66200,500,1972700,131081000000,-400,false,-0.6
"MSN",142518,"/Date(1704785118000)/",66100,100,1972200,131048000000,-500,true,-0.75
"MSN",142518,"/Date(1704785115000)/",66200,100,1972100,131041000000,-400,false,-0.6
"MSN",142518,"/Date(1704785115000)/",66200,400,1972000,131034000000,-400,false,-0.6
"MSN",142515,"/Date(1704785114000)/",66200,1100,1971600,131008000000,-400,false,-0.6
"MSN",142515,"/Date(1704785113000)/",66100,100,1970500,130935000000,-500,true,-0.75
"MSN",142512,"/Date(1704785111000)/",66100,1000,1970400,130929000000,-500,true,-0.75
"MSN",142512,"/Date(1704785111000)/",66100,800,1969400,130862000000,-500,true,-0.75
"MSN",142512,"/Date(1704785111000)/",66100,1400,1968600,130810000000,-500,true,-0.75
"MSN",142512,"/Date(1704785110000)/",66200,500,1967200,130717000000,-400,false,-0.6
"MSN",142506,"/Date(1704785103000)/",66200,100,1966700,130684000000,-400,false,-0.6
"MSN",142506,"/Date(1704785103000)/",66200,400,1966600,130677000000,-400,false,-0.6
"MSN",142503,"/Date(1704785099000)/",66100,7000,1966200,130651000000,-500,true,-0.75
"MSN",142459,"/Date(1704785098000)/",66100,300,1959200,130188000000,-500,true,-0.75
"MSN",142459,"/Date(1704785098000)/",66100,500,1958900,130168000000,-500,true,-0.75
"MSN",142459,"/Date(1704785098000)/",66200,500,1958400,130135000000,-400,false,-0.6
"MSN",142456,"/Date(1704785096000)/",66100,800,1957900,130102000000,-500,true,-0.75
"MSN",142456,"/Date(1704785096000)/",66100,100,1957100,130049000000,-500,true,-0.75
"MSN",142456,"/Date(1704785096000)/",66100,1000,1957000,130043000000,-500,true,-0.75
"MSN",142456,"/Date(1704785096000)/",66100,100,1956000,129977000000,-500,true,-0.75
"MSN",142456,"/Date(1704785093000)/",66200,500,1955900,129970000000,-400,false,-0.6
"MSN",142453,"/Date(1704785090000)/",66200,100,1955400,129937000000,-400,false,-0.6
"MSN",142450,"/Date(1704785088000)/",66200,500,1955300,129930000000,-400,false,-0.6
"MSN",142446,"/Date(1704785084000)/",66200,500,1954800,129897000000,-400,false,-0.6
"MSN",142440,"/Date(1704785077000)/",66200,500,1954300,129864000000,-400,false,-0.6
"MSN",142427,"/Date(1704785066000)/",66100,500,1953800,129831000000,-500,true,-0.75
"MSN",142427,"/Date(1704785066000)/",66100,100,1953300,129798000000,-500,true,-0.75
"MSN",142427,"/Date(1704785066000)/",66100,200,1953200,129791000000,-500,true,-0.75
"MSN",142427,"/Date(1704785066000)/",66100,1000,1953000,129778000000,-500,true,-0.75
"MSN",142427,"/Date(1704785066000)/",66100,800,1952000,129712000000,-500,true,-0.75
"MSN",142427,"/Date(1704785066000)/",66100,1200,1951200,129659000000,-500,true,-0.75
"MSN",142427,"/Date(1704785066000)/",66100,200,1950000,129580000000,-500,true,-0.75
"MSN",142427,"/Date(1704785066000)/",66100,500,1949800,129567000000,-500,true,-0.75
"MSN",142427,"/Date(1704785066000)/",66100,100,1949300,129533000000,-500,true,-0.75
"MSN",142427,"/Date(1704785066000)/",66100,200,1949200,129527000000,-500,true,-0.75
"MSN",142427,"/Date(1704785066000)/",66100,1500,1949000,129514000000,-500,true,-0.75
"MSN",142427,"/Date(1704785066000)/",66100,100,1947500,129414000000,-500,true,-0.75
"MSN",142427,"/Date(1704785066000)/",66100,100,1947400,129408000000,-500,true,-0.75
"MSN",142427,"/Date(1704785066000)/",66100,100,1947300,129401000000,-500,true,-0.75
"MSN",142427,"/Date(1704785066000)/",66100,100,1947200,129395000000,-500,true,-0.75
"MSN",142427,"/Date(1704785066000)/",66100,400,1947100,129388000000,-500,true,-0.75
"MSN",142427,"/Date(1704785066000)/",66100,100,1946700,129362000000,-500,true,-0.75
"MSN",142427,"/Date(1704785066000)/",66100,1500,1946600,129355000000,-500,true,-0.75
"MSN",142427,"/Date(1704785066000)/",66100,500,1945100,129256000000,-500,true,-0.75
"MSN",142427,"/Date(1704785066000)/",66100,100,1944600,129223000000,-500,true,-0.75
"MSN",142427,"/Date(1704785066000)/",66100,1000,1944500,129216000000,-500,true,-0.75
"MSN",142427,"/Date(1704785066000)/",66100,100,1943500,129150000000,-500,true,-0.75
"MSN",142427,"/Date(1704785066000)/",66100,800,1943400,129143000000,-500,true,-0.75
"MSN",142427,"/Date(1704785066000)/",66100,900,1942600,129091000000,-500,true,-0.75
"MSN",142427,"/Date(1704785066000)/",66100,100,1941700,129031000000,-500,true,-0.75
"MSN",142427,"/Date(1704785066000)/",66100,800,1941600,129024000000,-500,true,-0.75
"MSN",142427,"/Date(1704785066000)/",66100,1000,1940800,128972000000,-500,true,-0.75
"MSN",142427,"/Date(1704785066000)/",66100,100,1939800,128906000000,-500,true,-0.75
"MSN",142427,"/Date(1704785066000)/",66100,200,1939700,128899000000,-500,true,-0.75
"MSN",142427,"/Date(1704785066000)/",66100,1000,1939500,128886000000,-500,true,-0.75
"MSN",142427,"/Date(1704785066000)/",66100,100,1938500,128820000000,-500,true,-0.75
"MSN",142427,"/Date(1704785066000)/",66100,200,1938400,128813000000,-500,true,-0.75
"MSN",142427,"/Date(1704785066000)/",66100,200,1938200,128800000000,-500,true,-0.75
"MSN",142427,"/Date(1704785066000)/",66100,1800,1938000,128787000000,-500,true,-0.75
"MSN",142427,"/Date(1704785066000)/",66100,100,1936200,128668000000,-500,true,-0.75
"MSN",142427,"/Date(1704785066000)/",66100,400,1936100,128661000000,-500,true,-0.75
"MSN",142427,"/Date(1704785066000)/",66100,100,1935700,128634000000,-500,true,-0.75
"MSN",142427,"/Date(1704785066000)/",66100,200,1935600,128628000000,-500,true,-0.75
"MSN",142427,"/Date(1704785066000)/",66100,1000,1935400,128615000000,-500,true,-0.75
"MSN",142427,"/Date(1704785066000)/",66100,100,1934400,128549000000,-500,true,-0.75
"MSN",142427,"/Date(1704785066000)/",66100,300,1934300,128542000000,-500,true,-0.75
"MSN",142427,"/Date(1704785066000)/",66100,100,1934000,128522000000,-500,true,-0.75
"MSN",142427,"/Date(1704785066000)/",66100,2000,1933900,128516000000,-500,true,-0.75
"MSN",142427,"/Date(1704785066000)/",66100,100,1931900,128383000000,-500,true,-0.75
"MSN",142427,"/Date(1704785066000)/",66100,2000,1931800,128377000000,-500,true,-0.75
"MSN",142427,"/Date(1704785066000)/",66100,1000,1929800,128245000000,-500,true,-0.75
"MSN",142427,"/Date(1704785066000)/",66100,3600,1928800,128178000000,-500,true,-0.75
"MSN",142427,"/Date(1704785066000)/",66100,1400,1925200,127940000000,-500,true,-0.75
"MSN",142427,"/Date(1704785065000)/",66200,400,1923800,127848000000,-400,false,-0.6
"MSN",142427,"/Date(1704785065000)/",66200,100,1923400,127821000000,-400,false,-0.6
"MSN",142427,"/Date(1704785065000)/",66100,1000,1923300,127815000000,-500,true,-0.75
"MSN",142421,"/Date(1704785059000)/",66200,100,1922300,127749000000,-400,false,-0.6
"MSN",142421,"/Date(1704785059000)/",66200,400,1922200,127742000000,-400,false,-0.6
"MSN",142421,"/Date(1704785059000)/",66200,400,1921800,127716000000,-400,false,-0.6
"MSN",142418,"/Date(1704785057000)/",66200,200,1921400,127689000000,-400,false,-0.6
"MSN",142418,"/Date(1704785057000)/",66100,900,1921200,127676000000,-500,true,-0.75
"MSN",142418,"/Date(1704785057000)/",66100,400,1920300,127616000000,-500,true,-0.75
"MSN",142418,"/Date(1704785057000)/",66100,1400,1919900,127590000000,-500,true,-0.75
"MSN",142418,"/Date(1704785057000)/",66100,500,1918500,127497000000,-500,true,-0.75
"MSN",142418,"/Date(1704785057000)/",66100,300,1918000,127464000000,-500,true,-0.75
"MSN",142418,"/Date(1704785057000)/",66100,100,1917700,127445000000,-500,true,-0.75
"MSN",142418,"/Date(1704785057000)/",66100,300,1917600,127438000000,-500,true,-0.75
"MSN",142418,"/Date(1704785057000)/",66100,600,1917300,127418000000,-500,true,-0.75
"MSN",142418,"/Date(1704785057000)/",66100,2100,1916700,127378000000,-500,true,-0.75
"MSN",142418,"/Date(1704785057000)/",66100,3300,1914600,127240000000,-500,true,-0.75
"MSN",142418,"/Date(1704785057000)/",66100,100,1911300,127021000000,-500,true,-0.75
"MSN",142411,"/Date(1704785051000)/",66100,200,1911200,127015000000,-500,true,-0.75
"MSN",142411,"/Date(1704785051000)/",66100,100,1911000,127002000000,-500,true,-0.75
"MSN",142411,"/Date(1704785050000)/",66100,100,1910900,126995000000,-500,true,-0.75
"MSN",142411,"/Date(1704785050000)/",66100,200,1910800,126988000000,-500,true,-0.75
"MSN",142411,"/Date(1704785050000)/",66100,200,1910600,126975000000,-500,true,-0.75
"MSN",142411,"/Date(1704785049000)/",66100,500,1910400,126962000000,-500,true,-0.75
"MSN",142411,"/Date(1704785049000)/",66100,100,1909900,126929000000,-500,true,-0.75
"MSN",142411,"/Date(1704785049000)/",66100,100,1909800,126922000000,-500,true,-0.75
"MSN",142411,"/Date(1704785049000)/",66100,200,1909700,126916000000,-500,true,-0.75
"MSN",142411,"/Date(1704785049000)/",66100,100,1909500,126903000000,-500,true,-0.75
"MSN",142411,"/Date(1704785049000)/",66100,5800,1909400,126896000000,-500,true,-0.75
"MSN",142405,"/Date(1704785042000)/",66100,200,1903600,126513000000,-500,true,-0.75
"MSN",142402,"/Date(1704785040000)/",66200,100,1903400,126499000000,-400,false,-0.6
"MSN",142349,"/Date(1704785027000)/",66200,100,1903300,126493000000,-400,false,-0.6
"MSN",142346,"/Date(1704785025000)/",66100,100,1903200,126486000000,-500,true,-0.75
"MSN",142346,"/Date(1704785024000)/",66100,500,1903100,126479000000,-500,true,-0.75
"MSN",142346,"/Date(1704785023000)/",66200,200,1902600,126446000000,-400,false,-0.6
"MSN",142317,"/Date(1704784996000)/",66200,100,1902400,126433000000,-400,false,-0.6
"MSN",142317,"/Date(1704784996000)/",66200,100,1902300,126427000000,-400,false,-0.6
"MSN",142301,"/Date(1704784978000)/",66100,100,1902200,126420000000,-500,true,-0.75
"MSN",142301,"/Date(1704784978000)/",66100,1000,1902100,126413000000,-500,true,-0.75
"MSN",142301,"/Date(1704784978000)/",66100,100,1901100,126347000000,-500,true,-0.75
"MSN",142301,"/Date(1704784978000)/",66100,300,1901000,126341000000,-500,true,-0.75
"MSN",142301,"/Date(1704784978000)/",66100,200,1900700,126321000000,-500,true,-0.75
"MSN",142301,"/Date(1704784978000)/",66100,300,1900500,126308000000,-500,true,-0.75
"MSN",142251,"/Date(1704784970000)/",66200,100,1900200,126288000000,-400,false,-0.6
"MSN",142248,"/Date(1704784965000)/",66200,100,1900100,126281000000,-400,false,-0.6
"MSN",142242,"/Date(1704784958000)/",66200,800,1900000,126274000000,-400,false,-0.6
"MSN",142242,"/Date(1704784958000)/",66200,200,1899200,126222000000,-400,false,-0.6
"MSN",142235,"/Date(1704784954000)/",66100,200,1899000,126208000000,-500,true,-0.75
"MSN",142235,"/Date(1704784954000)/",66100,200,1898800,126195000000,-500,true,-0.75
"MSN",142235,"/Date(1704784954000)/",66100,1500,1898600,126182000000,-500,true,-0.75
"MSN",142226,"/Date(1704784942000)/",66200,200,1897100,126083000000,-400,false,-0.6
"MSN",142223,"/Date(1704784942000)/",66200,100,1896900,126069000000,-400,false,-0.6
"MSN",142223,"/Date(1704784942000)/",66200,100,1896800,126063000000,-400,false,-0.6
"MSN",142219,"/Date(1704784939000)/",66100,400,1896700,126056000000,-500,true,-0.75
"MSN",142216,"/Date(1704784934000)/",66200,100,1896300,126030000000,-400,false,-0.6
"MSN",142147,"/Date(1704784907000)/",66200,900,1896200,126023000000,-400,false,-0.6
"MSN",142144,"/Date(1704784902000)/",66200,600,1895300,125964000000,-400,false,-0.6
"MSN",142144,"/Date(1704784902000)/",66100,200,1894700,125924000000,-500,true,-0.75
"MSN",142144,"/Date(1704784902000)/",66200,100,1894500,125911000000,-400,false,-0.6
"MSN",142144,"/Date(1704784901000)/",66200,200,1894400,125904000000,-400,false,-0.6
"MSN",142141,"/Date(1704784899000)/",66100,500,1894200,125891000000,-500,true,-0.75
"MSN",142141,"/Date(1704784899000)/",66100,1400,1893700,125858000000,-500,true,-0.75
"MSN",142141,"/Date(1704784899000)/",66100,1000,1892300,125765000000,-500,true,-0.75
"MSN",142141,"/Date(1704784899000)/",66100,200,1891300,125699000000,-500,true,-0.75
"MSN",142141,"/Date(1704784899000)/",66100,2000,1891100,125686000000,-500,true,-0.75
"MSN",142141,"/Date(1704784899000)/",66100,300,1889100,125554000000,-500,true,-0.75
"MSN",142141,"/Date(1704784899000)/",66100,200,1888800,125534000000,-500,true,-0.75
"MSN",142141,"/Date(1704784899000)/",66100,100,1888600,125521000000,-500,true,-0.75
"MSN",142141,"/Date(1704784899000)/",66100,300,1888500,125514000000,-500,true,-0.75
"MSN",142122,"/Date(1704784880000)/",66100,2000,1888200,125494000000,-500,true,-0.75
"MSN",142115,"/Date(1704784873000)/",66100,3000,1886200,125362000000,-500,true,-0.75
"MSN",142112,"/Date(1704784870000)/",66200,100,1883200,125164000000,-400,false,-0.6
"MSN",142112,"/Date(1704784870000)/",66200,100,1883100,125157000000,-400,false,-0.6
"MSN",142056,"/Date(1704784854000)/",66200,100,1883000,125150000000,-400,false,-0.6
"MSN",142043,"/Date(1704784842000)/",66200,100,1882900,125144000000,-400,false,-0.6
"MSN",142040,"/Date(1704784840000)/",66200,100,1882800,125137000000,-400,false,-0.6
"MSN",142015,"/Date(1704784813000)/",66200,300,1882700,125131000000,-400,false,-0.6
"MSN",142015,"/Date(1704784813000)/",66200,100,1882400,125111000000,-400,false,-0.6
"MSN",142015,"/Date(1704784812000)/",66100,1000,1882300,125104000000,-500,true,-0.75
"MSN",142011,"/Date(1704784808000)/",66200,200,1881300,125038000000,-400,false,-0.6
"MSN",141949,"/Date(1704784786000)/",66200,1400,1881100,125025000000,-400,false,-0.6
"MSN",141946,"/Date(1704784785000)/",66100,1000,1879700,124932000000,-500,true,-0.75
"MSN",141946,"/Date(1704784782000)/",66200,100,1878700,124866000000,-400,false,-0.6
"MSN",141943,"/Date(1704784780000)/",66200,100,1878600,124859000000,-400,false,-0.6
"MSN",141939,"/Date(1704784778000)/",66200,100,1878500,124853000000,-400,false,-0.6
"MSN",141939,"/Date(1704784776000)/",66200,200,1878400,124846000000,-400,false,-0.6
"MSN",141907,"/Date(1704784746000)/",66200,100,1878200,124833000000,-400,false,-0.6
"MSN",141904,"/Date(1704784742000)/",66200,200,1878100,124826000000,-400,false,-0.6
"MSN",141901,"/Date(1704784739000)/",66200,100,1877900,124813000000,-400,false,-0.6
"MSN",141855,"/Date(1704784733000)/",66200,400,1877800,124806000000,-400,false,-0.6
"MSN",141855,"/Date(1704784733000)/",66200,200,1877400,124780000000,-400,false,-0.6
"MSN",141839,"/Date(1704784715000)/",66200,100,1877200,124767000000,-400,false,-0.6
"MSN",141823,"/Date(1704784702000)/",66200,200,1877100,124760000000,-400,false,-0.6
"MSN",141819,"/Date(1704784698000)/",66200,1200,1876900,124747000000,-400,false,-0.6
"MSN",141819,"/Date(1704784698000)/",66200,3000,1875700,124667000000,-400,false,-0.6
"MSN",141819,"/Date(1704784698000)/",66200,1000,1872700,124469000000,-400,false,-0.6
"MSN",141819,"/Date(1704784698000)/",66200,3800,1871700,124403000000,-400,false,-0.6
"MSN",141816,"/Date(1704784693000)/",66200,200,1867900,124151000000,-400,false,-0.6
"MSN",141816,"/Date(1704784693000)/",66200,300,1867700,124138000000,-400,false,-0.6
"MSN",141816,"/Date(1704784693000)/",66200,100,1867400,124118000000,-400,false,-0.6
"MSN",141807,"/Date(1704784684000)/",66200,100,1867300,124111000000,-400,false,-0.6
"MSN",141807,"/Date(1704784683000)/",66200,100,1867200,124105000000,-400,false,-0.6
"MSN",141803,"/Date(1704784680000)/",66100,7700,1867100,124098000000,-500,true,-0.75
"MSN",141800,"/Date(1704784678000)/",66200,3000,1859400,123589000000,-400,false,-0.6
"MSN",141741,"/Date(1704784659000)/",66200,100,1856400,123390000000,-400,false,-0.6
"MSN",141735,"/Date(1704784653000)/",66200,100,1856300,123384000000,-400,false,-0.6
"MSN",141715,"/Date(1704784634000)/",66200,100,1856200,123377000000,-400,false,-0.6
"MSN",141715,"/Date(1704784634000)/",66200,200,1856100,123371000000,-400,false,-0.6
"MSN",141715,"/Date(1704784634000)/",66200,300,1855900,123357000000,-400,false,-0.6
"MSN",141715,"/Date(1704784634000)/",66200,400,1855600,123338000000,-400,false,-0.6
"MSN",141709,"/Date(1704784628000)/",66200,200,1855200,123311000000,-400,false,-0.6
"MSN",141702,"/Date(1704784621000)/",66200,100,1855000,123298000000,-400,false,-0.6
"MSN",141659,"/Date(1704784616000)/",66200,500,1854900,123291000000,-400,false,-0.6
"MSN",141646,"/Date(1704784605000)/",66200,200,1854400,123258000000,-400,false,-0.6
"MSN",141640,"/Date(1704784596000)/",66100,3200,1854200,123245000000,-500,true,-0.75
"MSN",141633,"/Date(1704784590000)/",66200,100,1851000,123033000000,-400,false,-0.6
"MSN",141630,"/Date(1704784590000)/",66200,100,1850900,123027000000,-400,false,-0.6
"MSN",141627,"/Date(1704784585000)/",66200,1700,1850800,123020000000,-400,false,-0.6
"MSN",141624,"/Date(1704784582000)/",66100,1800,1849100,122908000000,-500,true,-0.75
"MSN",141601,"/Date(1704784560000)/",66200,100,1847300,122789000000,-400,false,-0.6
"MSN",141601,"/Date(1704784558000)/",66200,100,1847200,122782000000,-400,false,-0.6
"MSN",141536,"/Date(1704784533000)/",66200,2500,1847100,122775000000,-400,false,-0.6
"MSN",141533,"/Date(1704784531000)/",66200,500,1844600,122610000000,-400,false,-0.6
"MSN",141526,"/Date(1704784526000)/",66200,500,1844100,122577000000,-400,false,-0.6
"MSN",141526,"/Date(1704784525000)/",66200,100,1843600,122544000000,-400,false,-0.6
"MSN",141520,"/Date(1704784516000)/",66200,200,1843500,122537000000,-400,false,-0.6
"MSN",141510,"/Date(1704784508000)/",66100,8000,1843300,122524000000,-500,true,-0.75
"MSN",141504,"/Date(1704784503000)/",66100,2000,1835300,121995000000,-500,true,-0.75
"MSN",141504,"/Date(1704784503000)/",66100,200,1833300,121863000000,-500,true,-0.75
"MSN",141504,"/Date(1704784503000)/",66100,800,1833100,121850000000,-500,true,-0.75
"MSN",141504,"/Date(1704784502000)/",66100,200,1832300,121797000000,-500,true,-0.75
"MSN",141504,"/Date(1704784502000)/",66100,200,1832100,121783000000,-500,true,-0.75
"MSN",141504,"/Date(1704784502000)/",66100,3800,1831900,121770000000,-500,true,-0.75
"MSN",141457,"/Date(1704784494000)/",66200,100,1828100,121519000000,-400,false,-0.6
"MSN",141451,"/Date(1704784489000)/",66200,1000,1828000,121512000000,-400,false,-0.6
"MSN",141451,"/Date(1704784489000)/",66200,100,1827000,121446000000,-400,false,-0.6
"MSN",141441,"/Date(1704784476000)/",66200,200,1826900,121440000000,-400,false,-0.6
"MSN",141429,"/Date(1704784463000)/",66200,100,1826700,121426000000,-400,false,-0.6
"MSN",141413,"/Date(1704784452000)/",66200,400,1826600,121420000000,-400,false,-0.6
"MSN",141406,"/Date(1704784445000)/",66200,200,1826200,121393000000,-400,false,-0.6
"MSN",141403,"/Date(1704784441000)/",66200,100,1826000,121380000000,-400,false,-0.6
"MSN",141353,"/Date(1704784432000)/",66100,1200,1825900,121373000000,-500,true,-0.75
"MSN",141353,"/Date(1704784432000)/",66100,500,1824700,121294000000,-500,true,-0.75
"MSN",141353,"/Date(1704784432000)/",66100,500,1824200,121261000000,-500,true,-0.75
"MSN",141353,"/Date(1704784432000)/",66100,500,1823700,121228000000,-500,true,-0.75
"MSN",141353,"/Date(1704784432000)/",66100,300,1823200,121195000000,-500,true,-0.75
"MSN",141353,"/Date(1704784431000)/",66200,100,1822900,121175000000,-400,false,-0.6
"MSN",141353,"/Date(1704784430000)/",66200,200,1822800,121168000000,-400,false,-0.6
"MSN",141350,"/Date(1704784427000)/",66200,300,1822600,121155000000,-400,false,-0.6
"MSN",141322,"/Date(1704784400000)/",66200,100,1822300,121135000000,-400,false,-0.6
"MSN",141322,"/Date(1704784400000)/",66200,100,1822200,121129000000,-400,false,-0.6
"MSN",141312,"/Date(1704784391000)/",66200,1000,1822100,121122000000,-400,true,-0.6
"MSN",141312,"/Date(1704784391000)/",66200,1000,1821100,121056000000,-400,true,-0.6
"MSN",141312,"/Date(1704784391000)/",66200,500,1820100,120990000000,-400,true,-0.6
"MSN",141312,"/Date(1704784391000)/",66200,500,1819600,120957000000,-400,true,-0.6
"MSN",141312,"/Date(1704784391000)/",66200,1500,1819100,120924000000,-400,true,-0.6
"MSN",141312,"/Date(1704784391000)/",66200,2300,1817600,120824000000,-400,true,-0.6
"MSN",141312,"/Date(1704784389000)/",66200,2000,1815300,120672000000,-400,true,-0.6
"MSN",141256,"/Date(1704784374000)/",66200,5700,1813300,120540000000,-400,true,-0.6
"MSN",141256,"/Date(1704784374000)/",66200,1000,1807600,120162000000,-400,true,-0.6
"MSN",141256,"/Date(1704784374000)/",66200,200,1806600,120096000000,-400,true,-0.6
"MSN",141256,"/Date(1704784374000)/",66200,500,1806400,120083000000,-400,true,-0.6
"MSN",141256,"/Date(1704784374000)/",66200,200,1805900,120050000000,-400,true,-0.6
"MSN",141256,"/Date(1704784374000)/",66200,1200,1805700,120036000000,-400,true,-0.6
"MSN",141256,"/Date(1704784374000)/",66200,100,1804500,119957000000,-400,true,-0.6
"MSN",141256,"/Date(1704784374000)/",66200,100,1804400,119950000000,-400,true,-0.6
"MSN",141256,"/Date(1704784374000)/",66200,900,1804300,119944000000,-400,true,-0.6
"MSN",141256,"/Date(1704784374000)/",66200,100,1803400,119884000000,-400,true,-0.6
"MSN",141256,"/Date(1704784374000)/",66200,200,1803300,119878000000,-400,true,-0.6
"MSN",141256,"/Date(1704784374000)/",66200,1000,1803100,119864000000,-400,true,-0.6
"MSN",141256,"/Date(1704784374000)/",66200,300,1802100,119798000000,-400,true,-0.6
"MSN",141256,"/Date(1704784374000)/",66200,200,1801800,119778000000,-400,true,-0.6
"MSN",141256,"/Date(1704784374000)/",66200,100,1801600,119765000000,-400,true,-0.6
"MSN",141256,"/Date(1704784374000)/",66200,300,1801500,119758000000,-400,true,-0.6
"MSN",141256,"/Date(1704784374000)/",66200,500,1801200,119739000000,-400,true,-0.6
"MSN",141256,"/Date(1704784374000)/",66200,300,1800700,119705000000,-400,true,-0.6
"MSN",141256,"/Date(1704784374000)/",66200,3700,1800400,119686000000,-400,true,-0.6
"MSN",141253,"/Date(1704784371000)/",66300,1000,1796700,119441000000,-300,false,-0.45
"MSN",141253,"/Date(1704784369000)/",66300,100,1795700,119374000000,-300,false,-0.45
"MSN",141246,"/Date(1704784365000)/",66300,100,1795600,119368000000,-300,false,-0.45
"MSN",141246,"/Date(1704784364000)/",66300,800,1795500,119361000000,-300,false,-0.45
"MSN",141246,"/Date(1704784364000)/",66300,200,1794700,119308000000,-300,false,-0.45
"MSN",141237,"/Date(1704784356000)/",66300,300,1794500,119295000000,-300,false,-0.45
"MSN",141227,"/Date(1704784346000)/",66300,100,1794200,119275000000,-300,false,-0.45
"MSN",141227,"/Date(1704784345000)/",66300,100,1794100,119268000000,-300,false,-0.45
"MSN",141220,"/Date(1704784339000)/",66300,600,1794000,119262000000,-300,false,-0.45
"MSN",141220,"/Date(1704784339000)/",66300,400,1793400,119222000000,-300,false,-0.45
"MSN",141217,"/Date(1704784337000)/",66300,100,1793000,119195000000,-300,false,-0.45
"MSN",141211,"/Date(1704784329000)/",66300,1600,1792900,119189000000,-300,false,-0.45
"MSN",141211,"/Date(1704784329000)/",66300,800,1791300,119083000000,-300,false,-0.45
"MSN",141211,"/Date(1704784329000)/",66300,1000,1790500,119030000000,-300,false,-0.45
"MSN",141211,"/Date(1704784329000)/",66300,3500,1789500,118963000000,-300,false,-0.45
"MSN",141211,"/Date(1704784329000)/",66300,500,1786000,118731000000,-300,false,-0.45
"MSN",141211,"/Date(1704784329000)/",66300,5000,1785500,118698000000,-300,false,-0.45
"MSN",141211,"/Date(1704784329000)/",66300,800,1780500,118367000000,-300,false,-0.45
"MSN",141211,"/Date(1704784329000)/",66300,500,1779700,118314000000,-300,false,-0.45
"MSN",141211,"/Date(1704784329000)/",66300,200,1779200,118280000000,-300,false,-0.45
"MSN",141211,"/Date(1704784329000)/",66300,500,1779000,118267000000,-300,false,-0.45
"MSN",141211,"/Date(1704784329000)/",66300,600,1778500,118234000000,-300,false,-0.45
"MSN",141211,"/Date(1704784328000)/",66200,100,1777900,118194000000,-400,true,-0.6
"MSN",141158,"/Date(1704784317000)/",66300,100,1777800,118188000000,-300,false,-0.45
"MSN",141158,"/Date(1704784315000)/",66300,200,1777700,118181000000,-300,false,-0.45
"MSN",141155,"/Date(1704784314000)/",66300,200,1777500,118168000000,-300,false,-0.45
"MSN",141148,"/Date(1704784306000)/",66300,100,1777300,118154000000,-300,false,-0.45
"MSN",141142,"/Date(1704784300000)/",66300,1000,1777200,118148000000,-300,false,-0.45
"MSN",141142,"/Date(1704784299000)/",66200,1200,1776200,118082000000,-400,true,-0.6
"MSN",141142,"/Date(1704784299000)/",66200,200,1775000,118002000000,-400,true,-0.6
"MSN",141142,"/Date(1704784299000)/",66200,3600,1774800,117989000000,-400,true,-0.6
"MSN",141142,"/Date(1704784299000)/",66300,100,1771200,117751000000,-300,false,-0.45
"MSN",141129,"/Date(1704784286000)/",66300,500,1771100,117744000000,-300,false,-0.45
"MSN",141123,"/Date(1704784282000)/",66200,1000,1770600,117711000000,-400,true,-0.6
"MSN",141123,"/Date(1704784281000)/",66300,500,1769600,117645000000,-300,false,-0.45
"MSN",141117,"/Date(1704784276000)/",66300,100,1769100,117611000000,-300,false,-0.45
"MSN",141117,"/Date(1704784275000)/",66300,500,1769000,117605000000,-300,false,-0.45
"MSN",141117,"/Date(1704784273000)/",66300,500,1768500,117572000000,-300,false,-0.45
"MSN",141113,"/Date(1704784271000)/",66300,500,1768000,117538000000,-300,false,-0.45
"MSN",141110,"/Date(1704784268000)/",66200,400,1767500,117505000000,-400,true,-0.6
"MSN",141110,"/Date(1704784268000)/",66200,300,1767100,117479000000,-400,true,-0.6
"MSN",141107,"/Date(1704784264000)/",66300,100,1766800,117459000000,-300,false,-0.45
"MSN",141107,"/Date(1704784264000)/",66300,400,1766700,117452000000,-300,false,-0.45
"MSN",141104,"/Date(1704784261000)/",66300,100,1766300,117426000000,-300,false,-0.45
"MSN",141101,"/Date(1704784259000)/",66300,500,1766200,117419000000,-300,false,-0.45
"MSN",141101,"/Date(1704784258000)/",66200,700,1765700,117386000000,-400,true,-0.6
"MSN",141101,"/Date(1704784258000)/",66200,500,1765000,117340000000,-400,true,-0.6
"MSN",141101,"/Date(1704784258000)/",66200,1000,1764500,117307000000,-400,true,-0.6
"MSN",141054,"/Date(1704784253000)/",66300,500,1763500,117240000000,-300,false,-0.45
"MSN",141051,"/Date(1704784247000)/",66300,100,1763000,117207000000,-300,false,-0.45
"MSN",141051,"/Date(1704784247000)/",66300,900,1762900,117201000000,-300,false,-0.45
"MSN",141048,"/Date(1704784247000)/",66300,400,1762000,117141000000,-300,false,-0.45
"MSN",141048,"/Date(1704784247000)/",66300,1600,1761600,117114000000,-300,false,-0.45
"MSN",141044,"/Date(1704784244000)/",66300,400,1760000,117008000000,-300,false,-0.45
"MSN",141044,"/Date(1704784244000)/",66300,600,1759600,116982000000,-300,false,-0.45
"MSN",141044,"/Date(1704784243000)/",66300,100,1759000,116942000000,-300,false,-0.45
"MSN",141044,"/Date(1704784242000)/",66300,200,1758900,116935000000,-300,false,-0.45
"MSN",141044,"/Date(1704784242000)/",66300,2800,1758700,116922000000,-300,false,-0.45
"MSN",141044,"/Date(1704784242000)/",66300,600,1755900,116737000000,-300,false,-0.45
"MSN",141044,"/Date(1704784242000)/",66300,400,1755300,116697000000,-300,false,-0.45
"MSN",141041,"/Date(1704784240000)/",66300,500,1754900,116670000000,-300,false,-0.45
"MSN",141041,"/Date(1704784239000)/",66300,500,1754400,116637000000,-300,false,-0.45
"MSN",141041,"/Date(1704784239000)/",66300,500,1753900,116604000000,-300,false,-0.45
"MSN",141038,"/Date(1704784237000)/",66300,100,1753400,116571000000,-300,false,-0.45
"MSN",141038,"/Date(1704784236000)/",66300,400,1753300,116564000000,-300,false,-0.45
"MSN",141038,"/Date(1704784236000)/",66300,100,1752900,116538000000,-300,false,-0.45
"MSN",141038,"/Date(1704784235000)/",66300,400,1752800,116531000000,-300,false,-0.45
"MSN",141038,"/Date(1704784235000)/",66300,100,1752400,116504000000,-300,false,-0.45
"MSN",141035,"/Date(1704784233000)/",66300,500,1752300,116498000000,-300,false,-0.45
"MSN",141032,"/Date(1704784231000)/",66300,500,1751800,116465000000,-300,false,-0.45
"MSN",141032,"/Date(1704784229000)/",66300,100,1751300,116432000000,-300,false,-0.45
"MSN",141028,"/Date(1704784228000)/",66300,1500,1751200,116425000000,-300,false,-0.45
"MSN",141025,"/Date(1704784222000)/",66300,100,1749700,116325000000,-300,false,-0.45
"MSN",141022,"/Date(1704784221000)/",66300,100,1749600,116319000000,-300,false,-0.45
"MSN",141022,"/Date(1704784221000)/",66300,200,1749500,116312000000,-300,false,-0.45
"MSN",141022,"/Date(1704784221000)/",66300,700,1749300,116299000000,-300,false,-0.45
"MSN",141022,"/Date(1704784220000)/",66300,100,1748600,116253000000,-300,false,-0.45
"MSN",141022,"/Date(1704784220000)/",66300,400,1748500,116246000000,-300,false,-0.45
"MSN",141019,"/Date(1704784217000)/",66300,1000,1748100,116219000000,-300,false,-0.45
"MSN",141016,"/Date(1704784212000)/",66300,100,1747100,116153000000,-300,false,-0.45
"MSN",141013,"/Date(1704784212000)/",66300,100,1747000,116146000000,-300,false,-0.45
"MSN",141013,"/Date(1704784210000)/",66300,100,1746900,116140000000,-300,false,-0.45
"MSN",141003,"/Date(1704784199000)/",66300,300,1746800,116133000000,-300,false,-0.45
"MSN",141003,"/Date(1704784199000)/",66300,700,1746500,116113000000,-300,false,-0.45
"MSN",141000,"/Date(1704784198000)/",66300,100,1745800,116067000000,-300,false,-0.45
"MSN",140957,"/Date(1704784195000)/",66300,500,1745700,116060000000,-300,false,-0.45
"MSN",140953,"/Date(1704784192000)/",66300,500,1745200,116027000000,-300,false,-0.45
"MSN",140953,"/Date(1704784192000)/",66300,200,1744700,115994000000,-300,false,-0.45
"MSN",140950,"/Date(1704784187000)/",66300,200,1744500,115981000000,-300,false,-0.45
"MSN",140950,"/Date(1704784187000)/",66300,300,1744300,115967000000,-300,false,-0.45
"MSN",140944,"/Date(1704784182000)/",66300,100,1744000,115948000000,-300,false,-0.45
"MSN",140944,"/Date(1704784181000)/",66300,100,1743900,115941000000,-300,false,-0.45
"MSN",140944,"/Date(1704784181000)/",66300,100,1743800,115934000000,-300,false,-0.45
"MSN",140941,"/Date(1704784180000)/",66300,500,1743700,115928000000,-300,false,-0.45
"MSN",140938,"/Date(1704784176000)/",66300,500,1743200,115895000000,-300,false,-0.45
"MSN",140934,"/Date(1704784171000)/",66200,1000,1742700,115861000000,-400,true,-0.6
"MSN",140934,"/Date(1704784171000)/",66200,1000,1741700,115795000000,-400,true,-0.6
"MSN",140931,"/Date(1704784169000)/",66300,500,1740700,115729000000,-300,false,-0.45
"MSN",140931,"/Date(1704784169000)/",66300,200,1740200,115696000000,-300,false,-0.45
"MSN",140925,"/Date(1704784164000)/",66300,500,1740000,115683000000,-300,false,-0.45
"MSN",140925,"/Date(1704784163000)/",66300,500,1739500,115649000000,-300,false,-0.45
"MSN",140925,"/Date(1704784162000)/",66300,200,1739000,115616000000,-300,false,-0.45
"MSN",140922,"/Date(1704784160000)/",66300,500,1738800,115603000000,-300,false,-0.45
"MSN",140922,"/Date(1704784160000)/",66300,100,1738300,115570000000,-300,false,-0.45
"MSN",140915,"/Date(1704784154000)/",66300,500,1738200,115563000000,-300,false,-0.45
"MSN",140912,"/Date(1704784151000)/",66300,400,1737700,115530000000,-300,false,-0.45
"MSN",140912,"/Date(1704784151000)/",66300,100,1737300,115504000000,-300,false,-0.45
"MSN",140912,"/Date(1704784151000)/",66300,100,1737200,115497000000,-300,false,-0.45
"MSN",140912,"/Date(1704784151000)/",66300,100,1737100,115490000000,-300,false,-0.45
"MSN",140912,"/Date(1704784151000)/",66300,100,1737000,115484000000,-300,false,-0.45
"MSN",140912,"/Date(1704784151000)/",66300,100,1736900,115477000000,-300,false,-0.45
"MSN",140912,"/Date(1704784149000)/",66300,100,1736800,115470000000,-300,false,-0.45
"MSN",140906,"/Date(1704784143000)/",66300,200,1736700,115464000000,-300,false,-0.45
"MSN",140856,"/Date(1704784133000)/",66300,1000,1736500,115451000000,-300,false,-0.45
"MSN",140840,"/Date(1704784117000)/",66300,100,1735500,115384000000,-300,false,-0.45
"MSN",140821,"/Date(1704784099000)/",66200,700,1735400,115378000000,-400,false,-0.6
"MSN",140821,"/Date(1704784099000)/",66200,3000,1734700,115331000000,-400,false,-0.6
"MSN",140821,"/Date(1704784099000)/",66200,5000,1731700,115133000000,-400,false,-0.6
"MSN",140821,"/Date(1704784099000)/",66200,100,1726700,114802000000,-400,false,-0.6
"MSN",140821,"/Date(1704784099000)/",66200,200,1726600,114795000000,-400,false,-0.6
"MSN",140808,"/Date(1704784086000)/",66200,100,1726400,114782000000,-400,false,-0.6
"MSN",140758,"/Date(1704784075000)/",66200,900,1726300,114775000000,-400,false,-0.6
"MSN",140755,"/Date(1704784074000)/",66200,1600,1725400,114716000000,-400,false,-0.6
"MSN",140755,"/Date(1704784074000)/",66200,400,1723800,114610000000,-400,false,-0.6
"MSN",140752,"/Date(1704784070000)/",66200,100,1723400,114583000000,-400,false,-0.6
"MSN",140752,"/Date(1704784070000)/",66200,400,1723300,114577000000,-400,false,-0.6
"MSN",140746,"/Date(1704784064000)/",66200,500,1722900,114550000000,-400,false,-0.6
"MSN",140739,"/Date(1704784057000)/",66200,100,1722400,114517000000,-400,false,-0.6
"MSN",140739,"/Date(1704784057000)/",66200,400,1722300,114510000000,-400,false,-0.6
"MSN",140736,"/Date(1704784053000)/",66200,100,1721900,114484000000,-400,false,-0.6
"MSN",140736,"/Date(1704784053000)/",66200,100,1721800,114477000000,-400,false,-0.6
"MSN",140736,"/Date(1704784053000)/",66200,200,1721700,114471000000,-400,false,-0.6
"MSN",140736,"/Date(1704784053000)/",66200,700,1721500,114457000000,-400,false,-0.6
"MSN",140736,"/Date(1704784052000)/",66200,100,1720800,114411000000,-400,false,-0.6
"MSN",140733,"/Date(1704784052000)/",66200,500,1720700,114404000000,-400,false,-0.6
"MSN",140730,"/Date(1704784047000)/",66200,500,1720200,114371000000,-400,false,-0.6
"MSN",140723,"/Date(1704784042000)/",66200,200,1719700,114338000000,-400,false,-0.6
"MSN",140723,"/Date(1704784042000)/",66200,300,1719500,114325000000,-400,false,-0.6
"MSN",140720,"/Date(1704784037000)/",66200,200,1719200,114305000000,-400,false,-0.6
"MSN",140720,"/Date(1704784037000)/",66200,300,1719000,114292000000,-400,false,-0.6
"MSN",140714,"/Date(1704784031000)/",66200,500,1718700,114272000000,-400,false,-0.6
"MSN",140704,"/Date(1704784021000)/",66200,100,1718200,114239000000,-400,false,-0.6
"MSN",140701,"/Date(1704784020000)/",66200,100,1718100,114232000000,-400,false,-0.6
"MSN",140701,"/Date(1704784019000)/",66200,100,1718000,114226000000,-400,false,-0.6
"MSN",140642,"/Date(1704783999000)/",66200,900,1717900,114219000000,-400,false,-0.6
"MSN",140642,"/Date(1704783999000)/",66200,100,1717000,114159000000,-400,false,-0.6
"MSN",140638,"/Date(1704783997000)/",66200,100,1716900,114153000000,-400,false,-0.6
"MSN",140632,"/Date(1704783991000)/",66100,700,1716800,114146000000,-500,false,-0.75
"MSN",140632,"/Date(1704783990000)/",66100,100,1716100,114100000000,-500,false,-0.75
"MSN",140632,"/Date(1704783989000)/",66100,300,1716000,114093000000,-500,false,-0.75
"MSN",140629,"/Date(1704783988000)/",66100,100,1715700,114074000000,-500,false,-0.75
"MSN",140629,"/Date(1704783988000)/",66100,900,1715600,114067000000,-500,false,-0.75
"MSN",140629,"/Date(1704783986000)/",66100,300,1714700,114007000000,-500,false,-0.75
"MSN",140626,"/Date(1704783983000)/",66100,1700,1714400,113988000000,-500,false,-0.75
"MSN",140626,"/Date(1704783983000)/",66100,2000,1712700,113875000000,-500,false,-0.75
"MSN",140626,"/Date(1704783983000)/",66100,300,1710700,113743000000,-500,false,-0.75
"MSN",140626,"/Date(1704783983000)/",66100,1300,1710400,113723000000,-500,false,-0.75
"MSN",140626,"/Date(1704783983000)/",66100,900,1709100,113637000000,-500,false,-0.75
"MSN",140626,"/Date(1704783983000)/",66100,2000,1708200,113578000000,-500,false,-0.75
"MSN",140626,"/Date(1704783983000)/",66100,1800,1706200,113446000000,-500,false,-0.75
"MSN",140622,"/Date(1704783981000)/",66100,500,1704400,113327000000,-500,false,-0.75
"MSN",140619,"/Date(1704783977000)/",66100,100,1703900,113294000000,-500,false,-0.75
"MSN",140613,"/Date(1704783971000)/",66100,1000,1703800,113287000000,-500,false,-0.75
"MSN",140610,"/Date(1704783969000)/",66100,900,1702800,113221000000,-500,false,-0.75
"MSN",140610,"/Date(1704783969000)/",66100,100,1701900,113161000000,-500,false,-0.75
"MSN",140610,"/Date(1704783968000)/",66100,900,1701800,113155000000,-500,false,-0.75
"MSN",140610,"/Date(1704783968000)/",66100,100,1700900,113095000000,-500,false,-0.75
"MSN",140603,"/Date(1704783961000)/",66100,100,1700800,113089000000,-500,false,-0.75
"MSN",140600,"/Date(1704783958000)/",66100,100,1700700,113082000000,-500,false,-0.75
"MSN",140600,"/Date(1704783957000)/",66100,200,1700600,113075000000,-500,false,-0.75
"MSN",140600,"/Date(1704783957000)/",66100,800,1700400,113062000000,-500,false,-0.75
"MSN",140557,"/Date(1704783954000)/",66100,500,1699600,113009000000,-500,false,-0.75
"MSN",140550,"/Date(1704783950000)/",66100,500,1699100,112976000000,-500,false,-0.75
"MSN",140550,"/Date(1704783950000)/",66100,100,1698600,112943000000,-500,false,-0.75
"MSN",140550,"/Date(1704783950000)/",66100,3000,1698500,112937000000,-500,false,-0.75
"MSN",140550,"/Date(1704783950000)/",66100,3000,1695500,112738000000,-500,false,-0.75
"MSN",140550,"/Date(1704783950000)/",66100,100,1692500,112540000000,-500,false,-0.75
"MSN",140550,"/Date(1704783950000)/",66100,800,1692400,112533000000,-500,false,-0.75
"MSN",140550,"/Date(1704783950000)/",66100,200,1691600,112481000000,-500,false,-0.75
"MSN",140550,"/Date(1704783950000)/",66100,200,1691400,112467000000,-500,false,-0.75
"MSN",140550,"/Date(1704783950000)/",66100,500,1691200,112454000000,-500,false,-0.75
"MSN",140550,"/Date(1704783950000)/",66100,300,1690700,112421000000,-500,false,-0.75
"MSN",140550,"/Date(1704783948000)/",66200,200,1690400,112401000000,-400,false,-0.6
"MSN",140528,"/Date(1704783927000)/",66200,100,1690200,112388000000,-400,false,-0.6
"MSN",140512,"/Date(1704783911000)/",66100,400,1690100,112381000000,-500,false,-0.75
"MSN",140512,"/Date(1704783911000)/",66100,800,1689700,112355000000,-500,false,-0.75
"MSN",140512,"/Date(1704783911000)/",66100,1300,1688900,112302000000,-500,false,-0.75
"MSN",140512,"/Date(1704783911000)/",66100,3500,1687600,112216000000,-500,false,-0.75
"MSN",140512,"/Date(1704783911000)/",66100,300,1684100,111985000000,-500,false,-0.75
"MSN",140509,"/Date(1704783908000)/",66100,700,1683800,111965000000,-500,false,-0.75
"MSN",140509,"/Date(1704783908000)/",66100,1000,1683100,111919000000,-500,false,-0.75
"MSN",140509,"/Date(1704783906000)/",66100,1100,1682100,111853000000,-500,false,-0.75
"MSN",140509,"/Date(1704783906000)/",66100,900,1681000,111780000000,-500,false,-0.75
"MSN",140509,"/Date(1704783906000)/",66100,2000,1680100,111720000000,-500,false,-0.75
"MSN",140509,"/Date(1704783906000)/",66100,1300,1678100,111588000000,-500,false,-0.75
"MSN",140509,"/Date(1704783906000)/",66100,900,1676800,111502000000,-500,false,-0.75
"MSN",140509,"/Date(1704783906000)/",66100,2000,1675900,111443000000,-500,false,-0.75
"MSN",140509,"/Date(1704783906000)/",66100,400,1673900,111311000000,-500,false,-0.75
"MSN",140509,"/Date(1704783906000)/",66100,900,1673500,111284000000,-500,false,-0.75
"MSN",140509,"/Date(1704783906000)/",66100,500,1672600,111225000000,-500,false,-0.75
"MSN",140506,"/Date(1704783904000)/",66100,100,1672100,111192000000,-500,false,-0.75
"MSN",140502,"/Date(1704783899000)/",66100,200,1672000,111185000000,-500,false,-0.75
"MSN",140456,"/Date(1704783896000)/",66100,100,1671800,111172000000,-500,false,-0.75
"MSN",140456,"/Date(1704783894000)/",66100,100,1671700,111165000000,-500,false,-0.75
"MSN",140456,"/Date(1704783893000)/",66100,1100,1671600,111159000000,-500,false,-0.75
"MSN",140453,"/Date(1704783890000)/",66100,500,1670500,111086000000,-500,false,-0.75
"MSN",140453,"/Date(1704783890000)/",66100,300,1670000,111053000000,-500,false,-0.75
"MSN",140453,"/Date(1704783890000)/",66100,500,1669700,111033000000,-500,false,-0.75
"MSN",140450,"/Date(1704783887000)/",66100,100,1669200,111000000000,-500,false,-0.75
"MSN",140450,"/Date(1704783887000)/",66100,100,1669100,110993000000,-500,false,-0.75
"MSN",140446,"/Date(1704783884000)/",66100,900,1669000,110987000000,-500,false,-0.75
"MSN",140446,"/Date(1704783884000)/",66100,100,1668100,110927000000,-500,false,-0.75
"MSN",140443,"/Date(1704783883000)/",66100,100,1668000,110921000000,-500,false,-0.75
"MSN",140440,"/Date(1704783877000)/",66100,300,1667900,110914000000,-500,false,-0.75
"MSN",140437,"/Date(1704783876000)/",66100,100,1667600,110894000000,-500,false,-0.75
"MSN",140437,"/Date(1704783876000)/",66100,100,1667500,110887000000,-500,false,-0.75
"MSN",140433,"/Date(1704783872000)/",66100,100,1667400,110881000000,-500,false,-0.75
"MSN",140430,"/Date(1704783868000)/",66100,500,1667300,110874000000,-500,true,-0.75
"MSN",140430,"/Date(1704783868000)/",66100,100,1666800,110841000000,-500,true,-0.75
"MSN",140430,"/Date(1704783868000)/",66100,300,1666700,110835000000,-500,true,-0.75
"MSN",140427,"/Date(1704783864000)/",66200,100,1666400,110815000000,-400,false,-0.6
"MSN",140421,"/Date(1704783858000)/",66100,700,1666300,110808000000,-500,true,-0.75
"MSN",140421,"/Date(1704783858000)/",66100,500,1665600,110762000000,-500,true,-0.75
"MSN",140421,"/Date(1704783858000)/",66100,800,1665100,110729000000,-500,true,-0.75
"MSN",140414,"/Date(1704783853000)/",66100,100,1664300,110676000000,-500,true,-0.75
"MSN",140414,"/Date(1704783852000)/",66100,800,1664200,110669000000,-500,true,-0.75
"MSN",140414,"/Date(1704783852000)/",66100,1300,1663400,110616000000,-500,true,-0.75
"MSN",140414,"/Date(1704783852000)/",66100,900,1662100,110531000000,-500,true,-0.75
"MSN",140414,"/Date(1704783852000)/",66100,1200,1661200,110471000000,-500,true,-0.75
"MSN",140414,"/Date(1704783852000)/",66100,800,1660000,110392000000,-500,true,-0.75
"MSN",140414,"/Date(1704783852000)/",66100,1000,1659200,110339000000,-500,true,-0.75
"MSN",140411,"/Date(1704783849000)/",66100,2000,1658200,110273000000,-500,false,-0.75
"MSN",140408,"/Date(1704783847000)/",66100,500,1656200,110141000000,-500,false,-0.75
"MSN",140408,"/Date(1704783847000)/",66100,500,1655700,110108000000,-500,false,-0.75
"MSN",140408,"/Date(1704783847000)/",66100,500,1655200,110074000000,-500,false,-0.75
"MSN",140408,"/Date(1704783846000)/",66100,200,1654700,110041000000,-500,false,-0.75
"MSN",140408,"/Date(1704783845000)/",66100,300,1654500,110028000000,-500,false,-0.75
"MSN",140408,"/Date(1704783845000)/",66100,100,1654200,110008000000,-500,false,-0.75
"MSN",140408,"/Date(1704783845000)/",66100,300,1654100,110002000000,-500,false,-0.75
"MSN",140405,"/Date(1704783844000)/",66100,200,1653800,109982000000,-500,false,-0.75
"MSN",140405,"/Date(1704783844000)/",66100,500,1653600,109969000000,-500,false,-0.75
"MSN",140401,"/Date(1704783841000)/",66100,3100,1653100,109936000000,-500,false,-0.75
"MSN",140401,"/Date(1704783841000)/",66100,700,1650000,109731000000,-500,false,-0.75
"MSN",140401,"/Date(1704783841000)/",66100,700,1649300,109684000000,-500,false,-0.75
"MSN",140401,"/Date(1704783839000)/",66100,300,1648600,109638000000,-500,false,-0.75
"MSN",140401,"/Date(1704783839000)/",66100,200,1648300,109618000000,-500,false,-0.75
"MSN",140401,"/Date(1704783839000)/",66100,100,1648100,109605000000,-500,false,-0.75
"MSN",140401,"/Date(1704783839000)/",66100,300,1648000,109599000000,-500,false,-0.75
"MSN",140401,"/Date(1704783839000)/",66100,400,1647700,109579000000,-500,false,-0.75
"MSN",140401,"/Date(1704783839000)/",66100,4700,1647300,109552000000,-500,false,-0.75
"MSN",140358,"/Date(1704783836000)/",66100,500,1642600,109242000000,-500,false,-0.75
"MSN",140355,"/Date(1704783832000)/",66100,100,1642100,109209000000,-500,false,-0.75
"MSN",140352,"/Date(1704783830000)/",66100,100,1642000,109202000000,-500,false,-0.75
"MSN",140345,"/Date(1704783825000)/",66100,500,1641900,109195000000,-500,false,-0.75
"MSN",140336,"/Date(1704783815000)/",66100,100,1641400,109162000000,-500,false,-0.75
"MSN",140336,"/Date(1704783814000)/",66100,500,1641300,109156000000,-500,false,-0.75
"MSN",140320,"/Date(1704783799000)/",66100,100,1640800,109123000000,-500,false,-0.75
"MSN",140304,"/Date(1704783782000)/",66100,300,1640700,109116000000,-500,false,-0.75
"MSN",140301,"/Date(1704783778000)/",66000,100,1640400,109096000000,-600,true,-0.9
"MSN",140251,"/Date(1704783768000)/",66100,100,1640300,109090000000,-500,false,-0.75
"MSN",140232,"/Date(1704783750000)/",66000,100,1640200,109083000000,-600,true,-0.9
"MSN",140222,"/Date(1704783740000)/",66000,100,1640100,109076000000,-600,true,-0.9
"MSN",140222,"/Date(1704783739000)/",66100,100,1640000,109070000000,-500,false,-0.75
"MSN",140219,"/Date(1704783736000)/",66100,100,1639900,109063000000,-500,false,-0.75
"MSN",140216,"/Date(1704783733000)/",66000,400,1639800,109057000000,-600,true,-0.9
"MSN",140216,"/Date(1704783733000)/",66000,1000,1639400,109030000000,-600,true,-0.9
"MSN",140216,"/Date(1704783733000)/",66000,100,1638400,108964000000,-600,true,-0.9
"MSN",140216,"/Date(1704783733000)/",66000,100,1638300,108958000000,-600,true,-0.9
"MSN",140216,"/Date(1704783733000)/",66000,1000,1638200,108951000000,-600,true,-0.9
"MSN",140216,"/Date(1704783733000)/",66000,100,1637200,108885000000,-600,true,-0.9
"MSN",140216,"/Date(1704783733000)/",66000,100,1637100,108878000000,-600,true,-0.9
"MSN",140216,"/Date(1704783733000)/",66000,200,1637000,108872000000,-600,true,-0.9
"MSN",140216,"/Date(1704783733000)/",66100,100,1636800,108859000000,-500,false,-0.75
"MSN",140157,"/Date(1704783716000)/",66100,300,1636700,108852000000,-500,false,-0.75
"MSN",140154,"/Date(1704783711000)/",66100,200,1636400,108832000000,-500,false,-0.75
"MSN",140144,"/Date(1704783703000)/",66100,100,1636200,108819000000,-500,false,-0.75
"MSN",140138,"/Date(1704783695000)/",66100,700,1636100,108812000000,-500,false,-0.75
"MSN",140128,"/Date(1704783686000)/",66100,200,1635400,108766000000,-500,false,-0.75
"MSN",140119,"/Date(1704783678000)/",66100,500,1635200,108753000000,-500,false,-0.75
"MSN",140119,"/Date(1704783677000)/",66100,100,1634700,108720000000,-500,false,-0.75
"MSN",140119,"/Date(1704783676000)/",66100,100,1634600,108713000000,-500,false,-0.75
"MSN",140112,"/Date(1704783671000)/",66100,100,1634500,108707000000,-500,false,-0.75
"MSN",140109,"/Date(1704783666000)/",66100,100,1634400,108700000000,-500,false,-0.75
"MSN",140106,"/Date(1704783665000)/",66100,200,1634300,108693000000,-500,false,-0.75
"MSN",140106,"/Date(1704783662000)/",66100,10000,1634100,108680000000,-500,false,-0.75
"MSN",140059,"/Date(1704783657000)/",66100,100,1624100,108019000000,-500,false,-0.75
"MSN",140059,"/Date(1704783657000)/",66100,100,1624000,108012000000,-500,false,-0.75
"MSN",140049,"/Date(1704783649000)/",66100,500,1623900,108006000000,-500,false,-0.75
"MSN",140049,"/Date(1704783649000)/",66100,100,1623400,107973000000,-500,false,-0.75
"MSN",140043,"/Date(1704783640000)/",66100,100,1623300,107966000000,-500,false,-0.75
"MSN",140043,"/Date(1704783640000)/",66100,100,1623200,107960000000,-500,false,-0.75
"MSN",140040,"/Date(1704783637000)/",66100,1000,1623100,107953000000,-500,false,-0.75
"MSN",140033,"/Date(1704783632000)/",66100,100,1622100,107887000000,-500,false,-0.75
"MSN",140027,"/Date(1704783626000)/",66100,100,1622000,107880000000,-500,false,-0.75
"MSN",140024,"/Date(1704783622000)/",66100,2500,1621900,107874000000,-500,false,-0.75
"MSN",140024,"/Date(1704783622000)/",66100,800,1619400,107708000000,-500,false,-0.75
"MSN",140024,"/Date(1704783622000)/",66100,400,1618600,107656000000,-500,false,-0.75
"MSN",140024,"/Date(1704783622000)/",66100,200,1618200,107629000000,-500,false,-0.75
"MSN",140024,"/Date(1704783622000)/",66100,700,1618000,107616000000,-500,false,-0.75
"MSN",140024,"/Date(1704783622000)/",66100,10000,1617300,107570000000,-500,false,-0.75
"MSN",140024,"/Date(1704783622000)/",66100,200,1607300,106909000000,-500,false,-0.75
"MSN",140024,"/Date(1704783622000)/",66100,200,1607100,106895000000,-500,false,-0.75
"MSN",140020,"/Date(1704783619000)/",66100,3000,1606900,106882000000,-500,false,-0.75
"MSN",140011,"/Date(1704783608000)/",66100,100,1603900,106684000000,-500,false,-0.75
"MSN",135958,"/Date(1704783596000)/",66000,100,1603800,106677000000,-600,true,-0.9
"MSN",135958,"/Date(1704783596000)/",66000,100,1603700,106671000000,-600,true,-0.9
"MSN",135958,"/Date(1704783596000)/",66000,300,1603600,106664000000,-600,true,-0.9
"MSN",135955,"/Date(1704783594000)/",66000,700,1603300,106644000000,-600,true,-0.9
"MSN",135955,"/Date(1704783594000)/",66000,300,1602600,106598000000,-600,true,-0.9
"MSN",135955,"/Date(1704783594000)/",66000,300,1602300,106578000000,-600,true,-0.9
"MSN",135955,"/Date(1704783594000)/",66000,200,1602000,106558000000,-600,true,-0.9
"MSN",135955,"/Date(1704783594000)/",66000,200,1601800,106545000000,-600,true,-0.9
"MSN",135955,"/Date(1704783594000)/",66000,100,1601600,106532000000,-600,true,-0.9
"MSN",135955,"/Date(1704783594000)/",66000,100,1601500,106525000000,-600,true,-0.9
"MSN",135955,"/Date(1704783594000)/",66000,100,1601400,106519000000,-600,true,-0.9
"MSN",135952,"/Date(1704783590000)/",66000,200,1601300,106512000000,-600,true,-0.9
"MSN",135952,"/Date(1704783590000)/",66000,500,1601100,106499000000,-600,true,-0.9
"MSN",135952,"/Date(1704783590000)/",66000,100,1600600,106466000000,-600,true,-0.9
"MSN",135952,"/Date(1704783590000)/",66000,100,1600500,106459000000,-600,true,-0.9
"MSN",135952,"/Date(1704783590000)/",66000,1100,1600400,106453000000,-600,true,-0.9
"MSN",135945,"/Date(1704783583000)/",66000,500,1599300,106380000000,-600,true,-0.9
"MSN",135942,"/Date(1704783579000)/",66000,2000,1598800,106347000000,-600,true,-0.9
"MSN",135939,"/Date(1704783576000)/",66100,100,1596800,106215000000,-500,false,-0.75
"MSN",135929,"/Date(1704783568000)/",66000,1000,1596700,106209000000,-600,true,-0.9
"MSN",135926,"/Date(1704783566000)/",66100,300,1595700,106143000000,-500,false,-0.75
"MSN",135913,"/Date(1704783551000)/",66000,200,1595400,106123000000,-600,true,-0.9
"MSN",135910,"/Date(1704783546000)/",66000,2000,1595200,106110000000,-600,true,-0.9
"MSN",135907,"/Date(1704783545000)/",66100,100,1593200,105978000000,-500,false,-0.75
"MSN",135904,"/Date(1704783540000)/",66000,500,1593100,105971000000,-600,true,-0.9
"MSN",135900,"/Date(1704783537000)/",66100,900,1592600,105938000000,-500,false,-0.75
"MSN",135851,"/Date(1704783529000)/",66100,100,1591700,105879000000,-500,false,-0.75
"MSN",135848,"/Date(1704783525000)/",66100,100,1591600,105872000000,-500,false,-0.75
"MSN",135844,"/Date(1704783522000)/",66100,100,1591500,105865000000,-500,false,-0.75
"MSN",135844,"/Date(1704783522000)/",66100,200,1591400,105859000000,-500,false,-0.75
"MSN",135844,"/Date(1704783522000)/",66100,100,1591200,105845000000,-500,false,-0.75
"MSN",135835,"/Date(1704783514000)/",66100,100,1591100,105839000000,-500,false,-0.75
"MSN",135832,"/Date(1704783511000)/",66100,1000,1591000,105832000000,-500,false,-0.75
"MSN",135832,"/Date(1704783511000)/",66100,100,1590000,105766000000,-500,false,-0.75
"MSN",135832,"/Date(1704783510000)/",66100,200,1589900,105760000000,-500,false,-0.75
"MSN",135832,"/Date(1704783509000)/",66100,100,1589700,105746000000,-500,false,-0.75
"MSN",135832,"/Date(1704783509000)/",66100,100,1589600,105740000000,-500,false,-0.75
"MSN",135816,"/Date(1704783495000)/",66100,200,1589500,105733000000,-500,false,-0.75
"MSN",135806,"/Date(1704783484000)/",66100,1000,1589300,105720000000,-500,false,-0.75
"MSN",135806,"/Date(1704783483000)/",66100,100,1588300,105654000000,-500,false,-0.75
"MSN",135800,"/Date(1704783479000)/",66100,100,1588200,105647000000,-500,false,-0.75
"MSN",135800,"/Date(1704783477000)/",66100,100,1588100,105641000000,-500,false,-0.75
"MSN",135756,"/Date(1704783473000)/",66000,900,1588000,105634000000,-600,true,-0.9
"MSN",135747,"/Date(1704783464000)/",66100,4400,1587100,105575000000,-500,false,-0.75
"MSN",135747,"/Date(1704783464000)/",66100,600,1582700,105284000000,-500,false,-0.75
"MSN",135734,"/Date(1704783452000)/",66100,100,1582100,105244000000,-500,false,-0.75
"MSN",135734,"/Date(1704783450000)/",66100,100,1582000,105237000000,-500,false,-0.75
"MSN",135718,"/Date(1704783436000)/",66000,1800,1581900,105231000000,-600,true,-0.9
"MSN",135718,"/Date(1704783436000)/",66000,200,1580100,105112000000,-600,true,-0.9
"MSN",135715,"/Date(1704783432000)/",66100,1000,1579900,105099000000,-500,false,-0.75
"MSN",135708,"/Date(1704783426000)/",66000,300,1578900,105033000000,-600,true,-0.9
"MSN",135708,"/Date(1704783426000)/",66000,300,1578600,105013000000,-600,true,-0.9
"MSN",135708,"/Date(1704783426000)/",66000,1000,1578300,104993000000,-600,true,-0.9
"MSN",135708,"/Date(1704783426000)/",66000,100,1577300,104927000000,-600,true,-0.9
"MSN",135708,"/Date(1704783426000)/",66000,2000,1577200,104921000000,-600,true,-0.9
"MSN",135708,"/Date(1704783426000)/",66000,500,1575200,104789000000,-600,true,-0.9
"MSN",135708,"/Date(1704783426000)/",66000,1000,1574700,104756000000,-600,true,-0.9
"MSN",135708,"/Date(1704783426000)/",66000,500,1573700,104690000000,-600,true,-0.9
"MSN",135708,"/Date(1704783426000)/",66000,200,1573200,104657000000,-600,true,-0.9
"MSN",135708,"/Date(1704783426000)/",66000,400,1573000,104643000000,-600,true,-0.9
"MSN",135708,"/Date(1704783426000)/",66000,100,1572600,104617000000,-600,true,-0.9
"MSN",135708,"/Date(1704783426000)/",66000,100,1572500,104610000000,-600,true,-0.9
"MSN",135705,"/Date(1704783424000)/",66100,200,1572400,104604000000,-500,false,-0.75
"MSN",135702,"/Date(1704783420000)/",66100,100,1572200,104590000000,-500,false,-0.75
"MSN",135652,"/Date(1704783411000)/",66100,200,1572100,104584000000,-500,false,-0.75
"MSN",135643,"/Date(1704783402000)/",66100,100,1571900,104571000000,-500,false,-0.75
"MSN",135643,"/Date(1704783402000)/",66100,600,1571800,104564000000,-500,false,-0.75
"MSN",135640,"/Date(1704783397000)/",66100,100,1571200,104524000000,-500,true,-0.75
"MSN",135636,"/Date(1704783395000)/",66100,300,1571100,104518000000,-500,true,-0.75
"MSN",135636,"/Date(1704783395000)/",66100,200,1570800,104498000000,-500,true,-0.75
"MSN",135636,"/Date(1704783395000)/",66100,300,1570600,104485000000,-500,true,-0.75
"MSN",135636,"/Date(1704783395000)/",66100,100,1570300,104465000000,-500,true,-0.75
"MSN",135636,"/Date(1704783395000)/",66100,1000,1570200,104458000000,-500,true,-0.75
"MSN",135636,"/Date(1704783395000)/",66100,100,1569200,104392000000,-500,true,-0.75
"MSN",135636,"/Date(1704783395000)/",66100,500,1569100,104386000000,-500,true,-0.75
"MSN",135636,"/Date(1704783395000)/",66100,1100,1568600,104353000000,-500,true,-0.75
"MSN",135636,"/Date(1704783395000)/",66100,200,1567500,104280000000,-500,true,-0.75
"MSN",135636,"/Date(1704783395000)/",66100,1200,1567300,104267000000,-500,true,-0.75
"MSN",135636,"/Date(1704783395000)/",66100,100,1566100,104187000000,-500,true,-0.75
"MSN",135636,"/Date(1704783395000)/",66100,100,1566000,104181000000,-500,true,-0.75
"MSN",135636,"/Date(1704783395000)/",66100,100,1565900,104174000000,-500,true,-0.75
"MSN",135636,"/Date(1704783395000)/",66100,300,1565800,104167000000,-500,true,-0.75
"MSN",135636,"/Date(1704783395000)/",66100,400,1565500,104148000000,-500,true,-0.75
"MSN",135630,"/Date(1704783390000)/",66100,1600,1565100,104121000000,-500,true,-0.75
"MSN",135630,"/Date(1704783390000)/",66100,100,1563500,104015000000,-500,true,-0.75
"MSN",135630,"/Date(1704783390000)/",66100,200,1563400,104009000000,-500,true,-0.75
"MSN",135630,"/Date(1704783390000)/",66100,1000,1563200,103996000000,-500,true,-0.75
"MSN",135630,"/Date(1704783390000)/",66100,800,1562200,103929000000,-500,true,-0.75
"MSN",135630,"/Date(1704783390000)/",66100,200,1561400,103877000000,-500,true,-0.75
"MSN",135630,"/Date(1704783390000)/",66100,100,1561200,103863000000,-500,true,-0.75
"MSN",135630,"/Date(1704783388000)/",66200,100,1561100,103857000000,-400,false,-0.6
"MSN",135620,"/Date(1704783380000)/",66100,200,1561000,103850000000,-500,true,-0.75
"MSN",135620,"/Date(1704783380000)/",66100,1800,1560800,103837000000,-500,true,-0.75
"MSN",135620,"/Date(1704783379000)/",66100,200,1559000,103718000000,-500,true,-0.75
"MSN",135620,"/Date(1704783379000)/",66100,100,1558800,103705000000,-500,true,-0.75
"MSN",135620,"/Date(1704783379000)/",66100,100,1558700,103698000000,-500,true,-0.75
"MSN",135620,"/Date(1704783379000)/",66100,200,1558600,103692000000,-500,true,-0.75
"MSN",135620,"/Date(1704783379000)/",66100,100,1558400,103678000000,-500,true,-0.75
"MSN",135620,"/Date(1704783379000)/",66100,1000,1558300,103672000000,-500,true,-0.75
"MSN",135620,"/Date(1704783379000)/",66100,100,1557300,103606000000,-500,true,-0.75
"MSN",135620,"/Date(1704783379000)/",66100,100,1557200,103599000000,-500,true,-0.75
"MSN",135620,"/Date(1704783379000)/",66100,500,1557100,103592000000,-500,true,-0.75
"MSN",135620,"/Date(1704783379000)/",66100,200,1556600,103559000000,-500,true,-0.75
"MSN",135620,"/Date(1704783379000)/",66100,700,1556400,103546000000,-500,true,-0.75
"MSN",135617,"/Date(1704783376000)/",66100,100,1555700,103500000000,-500,true,-0.75
"MSN",135617,"/Date(1704783374000)/",66100,2200,1555600,103493000000,-500,true,-0.75
"MSN",135617,"/Date(1704783374000)/",66100,1000,1553400,103348000000,-500,true,-0.75
"MSN",135617,"/Date(1704783374000)/",66100,300,1552400,103282000000,-500,true,-0.75
"MSN",135617,"/Date(1704783374000)/",66100,300,1552100,103262000000,-500,true,-0.75
"MSN",135617,"/Date(1704783374000)/",66100,100,1551800,103242000000,-500,true,-0.75
"MSN",135617,"/Date(1704783374000)/",66100,100,1551700,103235000000,-500,true,-0.75
"MSN",135617,"/Date(1704783374000)/",66100,200,1551600,103229000000,-500,true,-0.75
"MSN",135617,"/Date(1704783374000)/",66100,200,1551400,103216000000,-500,true,-0.75
"MSN",135617,"/Date(1704783374000)/",66100,900,1551200,103202000000,-500,true,-0.75
"MSN",135611,"/Date(1704783369000)/",66100,3100,1550300,103143000000,-500,true,-0.75
"MSN",135611,"/Date(1704783369000)/",66100,200,1547200,102938000000,-500,true,-0.75
"MSN",135611,"/Date(1704783369000)/",66100,100,1547000,102925000000,-500,true,-0.75
"MSN",135611,"/Date(1704783369000)/",66100,500,1546900,102918000000,-500,true,-0.75
"MSN",135611,"/Date(1704783369000)/",66100,200,1546400,102885000000,-500,true,-0.75
"MSN",135611,"/Date(1704783369000)/",66100,100,1546200,102872000000,-500,true,-0.75
"MSN",135611,"/Date(1704783369000)/",66100,100,1546100,102865000000,-500,true,-0.75
"MSN",135611,"/Date(1704783369000)/",66100,100,1546000,102859000000,-500,true,-0.75
"MSN",135611,"/Date(1704783369000)/",66100,100,1545900,102852000000,-500,true,-0.75
"MSN",135608,"/Date(1704783366000)/",66100,200,1545800,102845000000,-500,true,-0.75
"MSN",135608,"/Date(1704783366000)/",66100,800,1545600,102832000000,-500,true,-0.75
"MSN",135605,"/Date(1704783362000)/",66200,200,1544800,102779000000,-400,false,-0.6
"MSN",135605,"/Date(1704783362000)/",66200,1300,1544600,102766000000,-400,false,-0.6
"MSN",135605,"/Date(1704783362000)/",66200,400,1543300,102680000000,-400,false,-0.6
"MSN",135605,"/Date(1704783362000)/",66200,3100,1542900,102654000000,-400,false,-0.6
"MSN",135558,"/Date(1704783356000)/",66200,100,1539800,102448000000,-400,false,-0.6
"MSN",135533,"/Date(1704783330000)/",66200,100,1539700,102442000000,-400,false,-0.6
"MSN",135526,"/Date(1704783325000)/",66200,100,1539600,102435000000,-400,false,-0.6
"MSN",135507,"/Date(1704783305000)/",66100,500,1539500,102428000000,-500,true,-0.75
"MSN",135454,"/Date(1704783292000)/",66200,100,1539000,102395000000,-400,false,-0.6
"MSN",135438,"/Date(1704783275000)/",66100,200,1538900,102389000000,-500,true,-0.75
"MSN",135438,"/Date(1704783275000)/",66100,300,1538700,102376000000,-500,true,-0.75
"MSN",135438,"/Date(1704783275000)/",66100,2900,1538400,102356000000,-500,true,-0.75
"MSN",135438,"/Date(1704783275000)/",66100,500,1535500,102164000000,-500,true,-0.75
"MSN",135438,"/Date(1704783275000)/",66100,200,1535000,102131000000,-500,true,-0.75
"MSN",135438,"/Date(1704783275000)/",66100,1400,1534800,102118000000,-500,true,-0.75
"MSN",135425,"/Date(1704783264000)/",66200,900,1533400,102025000000,-400,false,-0.6
"MSN",135425,"/Date(1704783264000)/",66200,1000,1532500,101966000000,-400,false,-0.6
"MSN",135425,"/Date(1704783264000)/",66200,100,1531500,101899000000,-400,false,-0.6
"MSN",135425,"/Date(1704783264000)/",66200,200,1531400,101893000000,-400,false,-0.6
"MSN",135425,"/Date(1704783264000)/",66200,100,1531200,101880000000,-400,false,-0.6
"MSN",135425,"/Date(1704783264000)/",66200,2000,1531100,101873000000,-400,false,-0.6
"MSN",135425,"/Date(1704783264000)/",66200,100,1529100,101741000000,-400,false,-0.6
"MSN",135425,"/Date(1704783264000)/",66200,100,1529000,101734000000,-400,false,-0.6
"MSN",135425,"/Date(1704783264000)/",66200,100,1528900,101727000000,-400,false,-0.6
"MSN",135425,"/Date(1704783264000)/",66200,100,1528800,101721000000,-400,false,-0.6
"MSN",135425,"/Date(1704783264000)/",66200,100,1528700,101714000000,-400,false,-0.6
"MSN",135425,"/Date(1704783264000)/",66200,100,1528600,101708000000,-400,false,-0.6
"MSN",135425,"/Date(1704783264000)/",66200,100,1528500,101701000000,-400,false,-0.6
"MSN",135422,"/Date(1704783261000)/",66200,100,1528400,101694000000,-400,false,-0.6
"MSN",135422,"/Date(1704783260000)/",66200,100,1528300,101688000000,-400,false,-0.6
"MSN",135400,"/Date(1704783237000)/",66100,1600,1528200,101681000000,-500,true,-0.75
"MSN",135400,"/Date(1704783237000)/",66100,100,1526600,101575000000,-500,true,-0.75
"MSN",135400,"/Date(1704783237000)/",66100,1000,1526500,101569000000,-500,true,-0.75
"MSN",135400,"/Date(1704783237000)/",66100,300,1525500,101503000000,-500,true,-0.75
"MSN",135357,"/Date(1704783235000)/",66100,100,1525200,101483000000,-500,true,-0.75
"MSN",135353,"/Date(1704783231000)/",66200,100,1525100,101476000000,-400,false,-0.6
"MSN",135344,"/Date(1704783221000)/",66200,500,1525000,101469000000,-400,false,-0.6
"MSN",135341,"/Date(1704783218000)/",66200,500,1524500,101436000000,-400,false,-0.6
"MSN",135337,"/Date(1704783214000)/",66200,100,1524000,101403000000,-400,true,-0.6
"MSN",135337,"/Date(1704783214000)/",66200,100,1523900,101397000000,-400,true,-0.6
"MSN",135337,"/Date(1704783214000)/",66200,200,1523800,101390000000,-400,true,-0.6
"MSN",135337,"/Date(1704783214000)/",66200,100,1523600,101377000000,-400,true,-0.6
"MSN",135337,"/Date(1704783214000)/",66200,400,1523500,101370000000,-400,true,-0.6
"MSN",135337,"/Date(1704783214000)/",66200,2000,1523100,101344000000,-400,true,-0.6
"MSN",135337,"/Date(1704783214000)/",66200,1000,1521100,101211000000,-400,true,-0.6
"MSN",135328,"/Date(1704783207000)/",66200,800,1520100,101145000000,-400,true,-0.6
"MSN",135328,"/Date(1704783207000)/",66200,200,1519300,101092000000,-400,true,-0.6
"MSN",135328,"/Date(1704783207000)/",66200,100,1519100,101079000000,-400,true,-0.6
"MSN",135328,"/Date(1704783207000)/",66200,200,1519000,101072000000,-400,true,-0.6
"MSN",135328,"/Date(1704783207000)/",66200,500,1518800,101059000000,-400,true,-0.6
"MSN",135328,"/Date(1704783207000)/",66200,200,1518300,101026000000,-400,true,-0.6
"MSN",135328,"/Date(1704783207000)/",66200,100,1518100,101013000000,-400,true,-0.6
"MSN",135328,"/Date(1704783207000)/",66200,900,1518000,101006000000,-400,true,-0.6
"MSN",135328,"/Date(1704783207000)/",66200,100,1517100,100947000000,-400,true,-0.6
"MSN",135328,"/Date(1704783207000)/",66200,300,1517000,100940000000,-400,true,-0.6
"MSN",135328,"/Date(1704783207000)/",66200,100,1516700,100920000000,-400,true,-0.6
"MSN",135328,"/Date(1704783207000)/",66200,200,1516600,100913000000,-400,true,-0.6
"MSN",135328,"/Date(1704783207000)/",66200,200,1516400,100900000000,-400,true,-0.6
"MSN",135328,"/Date(1704783207000)/",66200,100,1516200,100887000000,-400,true,-0.6
"MSN",135328,"/Date(1704783207000)/",66200,100,1516100,100880000000,-400,true,-0.6
"MSN",135328,"/Date(1704783206000)/",66200,3500,1516000,100874000000,-400,true,-0.6
"MSN",135328,"/Date(1704783206000)/",66200,500,1512500,100642000000,-400,true,-0.6
"MSN",135328,"/Date(1704783206000)/",66200,900,1512000,100609000000,-400,true,-0.6
"MSN",135328,"/Date(1704783206000)/",66200,100,1511100,100549000000,-400,true,-0.6
"MSN",135328,"/Date(1704783206000)/",66200,500,1511000,100543000000,-400,true,-0.6
"MSN",135328,"/Date(1704783206000)/",66200,200,1510500,100510000000,-400,true,-0.6
"MSN",135328,"/Date(1704783206000)/",66200,100,1510300,100496000000,-400,true,-0.6
"MSN",135328,"/Date(1704783206000)/",66200,100,1510200,100490000000,-400,true,-0.6
"MSN",135321,"/Date(1704783201000)/",66300,100,1510100,100483000000,-300,false,-0.45
"MSN",135318,"/Date(1704783195000)/",66200,100,1510000,100476000000,-400,true,-0.6
"MSN",135309,"/Date(1704783187000)/",66200,100,1509900,100470000000,-400,true,-0.6
"MSN",135309,"/Date(1704783187000)/",66200,200,1509800,100463000000,-400,true,-0.6
"MSN",135309,"/Date(1704783187000)/",66300,400,1509600,100450000000,-300,false,-0.45
"MSN",135309,"/Date(1704783187000)/",66300,100,1509200,100423000000,-300,false,-0.45
"MSN",135309,"/Date(1704783186000)/",66200,400,1509100,100417000000,-400,true,-0.6
"MSN",135309,"/Date(1704783186000)/",66200,100,1508700,100390000000,-400,true,-0.6
"MSN",135309,"/Date(1704783186000)/",66200,200,1508600,100384000000,-400,true,-0.6
"MSN",135302,"/Date(1704783181000)/",66300,500,1508400,100371000000,-300,false,-0.45
"MSN",135302,"/Date(1704783180000)/",66200,800,1507900,100337000000,-400,true,-0.6
"MSN",135302,"/Date(1704783180000)/",66200,300,1507100,100284000000,-400,true,-0.6
"MSN",135302,"/Date(1704783180000)/",66200,100,1506800,100265000000,-400,true,-0.6
"MSN",135302,"/Date(1704783180000)/",66200,300,1506700,100258000000,-400,true,-0.6
"MSN",135302,"/Date(1704783180000)/",66200,500,1506400,100238000000,-400,true,-0.6
"MSN",135259,"/Date(1704783176000)/",66300,100,1505900,100205000000,-300,false,-0.45
"MSN",135249,"/Date(1704783169000)/",66300,100,1505800,100198000000,-300,false,-0.45
"MSN",135233,"/Date(1704783152000)/",66200,100,1505700,100192000000,-400,true,-0.6
"MSN",135233,"/Date(1704783152000)/",66300,300,1505600,100185000000,-300,false,-0.45
"MSN",135230,"/Date(1704783148000)/",66200,1000,1505300,100165000000,-400,true,-0.6
"MSN",135230,"/Date(1704783148000)/",66300,300,1504300,100099000000,-300,false,-0.45
"MSN",135230,"/Date(1704783147000)/",66200,300,1504000,100079000000,-400,true,-0.6
"MSN",135217,"/Date(1704783137000)/",66300,100,1503700,100059000000,-300,false,-0.45
"MSN",135149,"/Date(1704783107000)/",66300,100,1503600,100053000000,-300,false,-0.45
"MSN",135139,"/Date(1704783096000)/",66200,200,1503500,100046000000,-400,true,-0.6
"MSN",135126,"/Date(1704783084000)/",66300,100,1503300,100033000000,-300,false,-0.45
"MSN",135117,"/Date(1704783075000)/",66300,100,1503200,100026000000,-300,false,-0.45
"MSN",135110,"/Date(1704783070000)/",66300,100,1503100,100019000000,-300,false,-0.45
"MSN",135110,"/Date(1704783069000)/",66300,100,1503000,100013000000,-300,false,-0.45
"MSN",135051,"/Date(1704783048000)/",66200,900,1502900,100006000000,-400,true,-0.6
"MSN",135045,"/Date(1704783043000)/",66300,100,1502000,99947000000,-300,false,-0.45
"MSN",135045,"/Date(1704783042000)/",66200,400,1501900,99940000000,-400,true,-0.6
"MSN",135035,"/Date(1704783032000)/",66200,1600,1501500,99914000000,-400,true,-0.6
"MSN",135035,"/Date(1704783032000)/",66200,100,1499900,99808000000,-400,true,-0.6
"MSN",135035,"/Date(1704783032000)/",66200,100,1499800,99801000000,-400,true,-0.6
"MSN",135035,"/Date(1704783032000)/",66200,200,1499700,99794000000,-400,true,-0.6
"MSN",135029,"/Date(1704783027000)/",66200,2000,1499500,99781000000,-400,true,-0.6
"MSN",135023,"/Date(1704783022000)/",66200,7800,1497500,99649000000,-400,true,-0.6
"MSN",135023,"/Date(1704783022000)/",66200,200,1489700,99132000000,-400,true,-0.6
"MSN",135013,"/Date(1704783012000)/",66300,100,1489500,99119000000,-300,false,-0.45
"MSN",135000,"/Date(1704782998000)/",66200,800,1489400,99113000000,-400,true,-0.6
"MSN",135000,"/Date(1704782997000)/",66200,200,1488600,99060000000,-400,true,-0.6
"MSN",135000,"/Date(1704782997000)/",66200,1800,1488400,99046000000,-400,true,-0.6
"MSN",134944,"/Date(1704782982000)/",66300,100,1486600,98927000000,-300,false,-0.45
"MSN",134919,"/Date(1704782958000)/",66300,100,1486500,98921000000,-300,false,-0.45
"MSN",134915,"/Date(1704782953000)/",66300,400,1486400,98914000000,-300,false,-0.45
"MSN",134915,"/Date(1704782952000)/",66300,200,1486000,98887000000,-300,false,-0.45
"MSN",134915,"/Date(1704782952000)/",66300,300,1485800,98874000000,-300,false,-0.45
"MSN",134912,"/Date(1704782950000)/",66300,100,1485500,98854000000,-300,false,-0.45
"MSN",134840,"/Date(1704782920000)/",66300,100,1485400,98848000000,-300,false,-0.45
"MSN",134840,"/Date(1704782919000)/",66300,500,1485300,98841000000,-300,false,-0.45
"MSN",134840,"/Date(1704782917000)/",66300,300,1484800,98808000000,-300,false,-0.45
"MSN",134818,"/Date(1704782897000)/",66200,100,1484500,98788000000,-400,true,-0.6
"MSN",134812,"/Date(1704782890000)/",66200,1000,1484400,98781000000,-400,true,-0.6
"MSN",134812,"/Date(1704782889000)/",66300,400,1483400,98715000000,-300,false,-0.45
"MSN",134812,"/Date(1704782888000)/",66300,100,1483000,98689000000,-300,false,-0.45
"MSN",134808,"/Date(1704782887000)/",66300,200,1482900,98682000000,-300,false,-0.45
"MSN",134808,"/Date(1704782885000)/",66300,1100,1482700,98669000000,-300,false,-0.45
"MSN",134805,"/Date(1704782884000)/",66200,200,1481600,98596000000,-400,true,-0.6
"MSN",134805,"/Date(1704782884000)/",66300,400,1481400,98583000000,-300,false,-0.45
"MSN",134805,"/Date(1704782884000)/",66300,500,1481000,98556000000,-300,false,-0.45
"MSN",134805,"/Date(1704782884000)/",66300,100,1480500,98523000000,-300,false,-0.45
"MSN",134802,"/Date(1704782880000)/",66300,100,1480400,98516000000,-300,false,-0.45
"MSN",134736,"/Date(1704782855000)/",66300,100,1480300,98510000000,-300,false,-0.45
"MSN",134736,"/Date(1704782855000)/",66300,200,1480200,98503000000,-300,false,-0.45
"MSN",134736,"/Date(1704782854000)/",66200,300,1480000,98490000000,-400,true,-0.6
"MSN",134708,"/Date(1704782824000)/",66300,100,1479700,98470000000,-300,false,-0.45
"MSN",134705,"/Date(1704782823000)/",66200,900,1479600,98463000000,-400,true,-0.6
"MSN",134701,"/Date(1704782819000)/",66200,200,1478700,98404000000,-400,true,-0.6
"MSN",134649,"/Date(1704782807000)/",66200,3000,1478500,98390000000,-400,false,-0.6
"MSN",134649,"/Date(1704782807000)/",66200,200,1475500,98192000000,-400,false,-0.6
"MSN",134649,"/Date(1704782807000)/",66200,400,1475300,98179000000,-400,false,-0.6
"MSN",134649,"/Date(1704782807000)/",66200,600,1474900,98152000000,-400,false,-0.6
"MSN",134649,"/Date(1704782807000)/",66200,3000,1474300,98112000000,-400,false,-0.6
"MSN",134649,"/Date(1704782807000)/",66200,1700,1471300,97914000000,-400,false,-0.6
"MSN",134649,"/Date(1704782807000)/",66200,1000,1469600,97801000000,-400,false,-0.6
"MSN",134649,"/Date(1704782807000)/",66200,400,1468600,97735000000,-400,false,-0.6
"MSN",134649,"/Date(1704782807000)/",66200,200,1468200,97709000000,-400,false,-0.6
"MSN",134649,"/Date(1704782807000)/",66200,500,1468000,97695000000,-400,false,-0.6
"MSN",134649,"/Date(1704782807000)/",66200,400,1467500,97662000000,-400,false,-0.6
"MSN",134649,"/Date(1704782807000)/",66200,300,1467100,97636000000,-400,false,-0.6
"MSN",134649,"/Date(1704782807000)/",66200,500,1466800,97616000000,-400,false,-0.6
"MSN",134649,"/Date(1704782807000)/",66200,500,1466300,97583000000,-400,false,-0.6
"MSN",134649,"/Date(1704782807000)/",66200,600,1465800,97550000000,-400,false,-0.6
"MSN",134645,"/Date(1704782804000)/",66200,100,1465200,97510000000,-400,false,-0.6
"MSN",134645,"/Date(1704782803000)/",66200,1000,1465100,97503000000,-400,false,-0.6
"MSN",134645,"/Date(1704782803000)/",66200,1000,1464100,97437000000,-400,false,-0.6
"MSN",134639,"/Date(1704782796000)/",66200,1600,1463100,97371000000,-400,false,-0.6
"MSN",134633,"/Date(1704782792000)/",66200,100,1461500,97265000000,-400,false,-0.6
"MSN",134633,"/Date(1704782791000)/",66200,300,1461400,97258000000,-400,false,-0.6
"MSN",134633,"/Date(1704782791000)/",66200,200,1461100,97239000000,-400,false,-0.6
"MSN",134633,"/Date(1704782791000)/",66200,2000,1460900,97225000000,-400,false,-0.6
"MSN",134633,"/Date(1704782791000)/",66200,300,1458900,97093000000,-400,false,-0.6
"MSN",134633,"/Date(1704782791000)/",66200,200,1458600,97073000000,-400,false,-0.6
"MSN",134626,"/Date(1704782786000)/",66200,300,1458400,97060000000,-400,false,-0.6
"MSN",134626,"/Date(1704782786000)/",66200,800,1458100,97040000000,-400,false,-0.6
"MSN",134626,"/Date(1704782785000)/",66200,1000,1457300,96987000000,-400,false,-0.6
"MSN",134626,"/Date(1704782785000)/",66200,100,1456300,96921000000,-400,false,-0.6
"MSN",134626,"/Date(1704782784000)/",66200,100,1456200,96914000000,-400,false,-0.6
"MSN",134626,"/Date(1704782783000)/",66200,500,1456100,96908000000,-400,false,-0.6
"MSN",134623,"/Date(1704782780000)/",66200,100,1455600,96874000000,-400,false,-0.6
"MSN",134620,"/Date(1704782778000)/",66200,200,1455500,96868000000,-400,false,-0.6
"MSN",134617,"/Date(1704782773000)/",66200,900,1455300,96855000000,-400,false,-0.6
"MSN",134613,"/Date(1704782771000)/",66100,100,1454400,96795000000,-500,true,-0.75
"MSN",134604,"/Date(1704782761000)/",66200,100,1454300,96788000000,-400,false,-0.6
"MSN",134601,"/Date(1704782758000)/",66200,300,1454200,96782000000,-400,false,-0.6
"MSN",134601,"/Date(1704782758000)/",66200,700,1453900,96762000000,-400,false,-0.6
"MSN",134601,"/Date(1704782758000)/",66200,1000,1453200,96716000000,-400,false,-0.6
"MSN",134601,"/Date(1704782758000)/",66200,400,1452200,96649000000,-400,false,-0.6
"MSN",134601,"/Date(1704782758000)/",66200,1700,1451800,96623000000,-400,false,-0.6
"MSN",134601,"/Date(1704782758000)/",66200,300,1450100,96510000000,-400,false,-0.6
"MSN",134601,"/Date(1704782758000)/",66200,400,1449800,96490000000,-400,false,-0.6
"MSN",134601,"/Date(1704782758000)/",66200,500,1449400,96464000000,-400,false,-0.6
"MSN",134601,"/Date(1704782758000)/",66200,700,1448900,96431000000,-400,false,-0.6
"MSN",134601,"/Date(1704782758000)/",66200,100,1448200,96385000000,-400,false,-0.6
"MSN",134601,"/Date(1704782758000)/",66200,1300,1448100,96378000000,-400,false,-0.6
"MSN",134601,"/Date(1704782758000)/",66200,800,1446800,96292000000,-400,false,-0.6
"MSN",134601,"/Date(1704782758000)/",66200,2000,1446000,96239000000,-400,false,-0.6
"MSN",134601,"/Date(1704782758000)/",66200,100,1444000,96106000000,-400,false,-0.6
"MSN",134554,"/Date(1704782753000)/",66100,500,1443900,96100000000,-500,true,-0.75
"MSN",134554,"/Date(1704782753000)/",66100,300,1443400,96067000000,-500,true,-0.75
"MSN",134551,"/Date(1704782748000)/",66200,3000,1443100,96047000000,-400,false,-0.6
"MSN",134541,"/Date(1704782739000)/",66200,400,1440100,95848000000,-400,false,-0.6
"MSN",134541,"/Date(1704782739000)/",66200,100,1439700,95822000000,-400,false,-0.6
"MSN",134532,"/Date(1704782730000)/",66200,800,1439600,95815000000,-400,false,-0.6
"MSN",134532,"/Date(1704782730000)/",66200,500,1438800,95762000000,-400,false,-0.6
"MSN",134532,"/Date(1704782730000)/",66200,1000,1438300,95729000000,-400,false,-0.6
"MSN",134532,"/Date(1704782730000)/",66200,100,1437300,95663000000,-400,false,-0.6
"MSN",134532,"/Date(1704782730000)/",66200,500,1437200,95656000000,-400,false,-0.6
"MSN",134532,"/Date(1704782728000)/",66200,100,1436700,95623000000,-400,false,-0.6
"MSN",134525,"/Date(1704782722000)/",66200,100,1436600,95617000000,-400,false,-0.6
"MSN",134522,"/Date(1704782721000)/",66100,200,1436500,95610000000,-500,true,-0.75
"MSN",134519,"/Date(1704782718000)/",66200,1000,1436300,95597000000,-400,false,-0.6
"MSN",134519,"/Date(1704782717000)/",66200,1300,1435300,95531000000,-400,false,-0.6
"MSN",134519,"/Date(1704782717000)/",66200,100,1434000,95445000000,-400,false,-0.6
"MSN",134519,"/Date(1704782717000)/",66200,600,1433900,95438000000,-400,false,-0.6
"MSN",134516,"/Date(1704782713000)/",66200,100,1433300,95398000000,-400,false,-0.6
"MSN",134516,"/Date(1704782713000)/",66200,200,1433200,95392000000,-400,false,-0.6
"MSN",134503,"/Date(1704782700000)/",66200,100,1433000,95378000000,-400,false,-0.6
"MSN",134500,"/Date(1704782697000)/",66200,100,1432900,95372000000,-400,false,-0.6
"MSN",134450,"/Date(1704782690000)/",66200,100,1432800,95365000000,-400,false,-0.6
"MSN",134447,"/Date(1704782686000)/",66100,100,1432700,95359000000,-500,true,-0.75
"MSN",134434,"/Date(1704782674000)/",66200,900,1432600,95352000000,-400,false,-0.6
"MSN",134434,"/Date(1704782674000)/",66200,100,1431700,95292000000,-400,false,-0.6
"MSN",134428,"/Date(1704782666000)/",66200,100,1431600,95286000000,-400,false,-0.6
"MSN",134422,"/Date(1704782660000)/",66200,500,1431500,95279000000,-400,false,-0.6
"MSN",134356,"/Date(1704782634000)/",66200,100,1431000,95246000000,-400,false,-0.6
"MSN",134349,"/Date(1704782627000)/",66200,100,1430900,95239000000,-400,false,-0.6
"MSN",134349,"/Date(1704782626000)/",66100,1400,1430800,95233000000,-500,true,-0.75
"MSN",134349,"/Date(1704782626000)/",66100,3000,1429400,95140000000,-500,true,-0.75
"MSN",134349,"/Date(1704782626000)/",66100,200,1426400,94942000000,-500,true,-0.75
"MSN",134349,"/Date(1704782626000)/",66100,400,1426200,94929000000,-500,true,-0.75
"MSN",134343,"/Date(1704782621000)/",66200,100,1425800,94902000000,-400,false,-0.6
"MSN",134343,"/Date(1704782621000)/",66200,100,1425700,94896000000,-400,false,-0.6
"MSN",134343,"/Date(1704782621000)/",66200,800,1425600,94889000000,-400,false,-0.6
"MSN",134334,"/Date(1704782611000)/",66200,100,1424800,94836000000,-400,false,-0.6
"MSN",134330,"/Date(1704782608000)/",66200,100,1424700,94829000000,-400,false,-0.6
"MSN",134327,"/Date(1704782604000)/",66200,200,1424600,94823000000,-400,false,-0.6
"MSN",134324,"/Date(1704782602000)/",66200,100,1424400,94810000000,-400,false,-0.6
"MSN",134324,"/Date(1704782602000)/",66100,200,1424300,94803000000,-500,true,-0.75
"MSN",134324,"/Date(1704782601000)/",66200,100,1424100,94790000000,-400,false,-0.6
"MSN",134321,"/Date(1704782597000)/",66200,100,1424000,94783000000,-400,false,-0.6
"MSN",134314,"/Date(1704782592000)/",66200,500,1423900,94777000000,-400,false,-0.6
"MSN",134252,"/Date(1704782570000)/",66200,100,1423400,94743000000,-400,false,-0.6
"MSN",134246,"/Date(1704782565000)/",66200,400,1423300,94737000000,-400,false,-0.6
"MSN",134246,"/Date(1704782565000)/",66200,100,1422900,94710000000,-400,false,-0.6
"MSN",134230,"/Date(1704782546000)/",66200,100,1422800,94704000000,-400,false,-0.6
"MSN",134220,"/Date(1704782539000)/",66200,100,1422700,94697000000,-400,false,-0.6
"MSN",134217,"/Date(1704782535000)/",66200,100,1422600,94690000000,-400,false,-0.6
"MSN",134210,"/Date(1704782527000)/",66200,100,1422500,94684000000,-400,false,-0.6
"MSN",134151,"/Date(1704782508000)/",66200,100,1422400,94677000000,-400,false,-0.6
"MSN",134142,"/Date(1704782500000)/",66200,100,1422300,94671000000,-400,false,-0.6
"MSN",134123,"/Date(1704782481000)/",66100,400,1422200,94664000000,-500,true,-0.75
"MSN",134123,"/Date(1704782481000)/",66100,100,1421800,94638000000,-500,true,-0.75
"MSN",134119,"/Date(1704782478000)/",66200,100,1421700,94631000000,-400,false,-0.6
"MSN",134047,"/Date(1704782445000)/",66200,100,1421600,94624000000,-400,false,-0.6
"MSN",134038,"/Date(1704782437000)/",66200,1100,1421500,94618000000,-400,false,-0.6
"MSN",134038,"/Date(1704782437000)/",66200,900,1420400,94545000000,-400,false,-0.6
"MSN",134025,"/Date(1704782425000)/",66200,100,1419500,94485000000,-400,false,-0.6
"MSN",134015,"/Date(1704782414000)/",66200,100,1419400,94479000000,-400,false,-0.6
"MSN",134006,"/Date(1704782402000)/",66200,500,1419300,94472000000,-400,false,-0.6
"MSN",134000,"/Date(1704782398000)/",66200,100,1418800,94439000000,-400,false,-0.6
"MSN",134000,"/Date(1704782398000)/",66200,900,1418700,94432000000,-400,false,-0.6
"MSN",134000,"/Date(1704782396000)/",66100,200,1417800,94373000000,-500,true,-0.75
"MSN",133956,"/Date(1704782393000)/",66200,500,1417600,94360000000,-400,false,-0.6
"MSN",133953,"/Date(1704782393000)/",66200,500,1417100,94326000000,-400,false,-0.6
"MSN",133947,"/Date(1704782385000)/",66200,1500,1416600,94293000000,-400,false,-0.6
"MSN",133944,"/Date(1704782382000)/",66200,100,1415100,94194000000,-400,false,-0.6
"MSN",133934,"/Date(1704782372000)/",66200,100,1415000,94187000000,-400,false,-0.6
"MSN",133928,"/Date(1704782367000)/",66200,400,1414900,94181000000,-400,false,-0.6
"MSN",133925,"/Date(1704782364000)/",66200,800,1414500,94154000000,-400,false,-0.6
"MSN",133925,"/Date(1704782363000)/",66200,200,1413700,94101000000,-400,false,-0.6
"MSN",133925,"/Date(1704782363000)/",66200,400,1413500,94088000000,-400,false,-0.6
"MSN",133925,"/Date(1704782363000)/",66200,800,1413100,94062000000,-400,false,-0.6
"MSN",133912,"/Date(1704782350000)/",66200,100,1412300,94009000000,-400,false,-0.6
"MSN",133909,"/Date(1704782346000)/",66200,500,1412200,94002000000,-400,false,-0.6
"MSN",133856,"/Date(1704782333000)/",66200,100,1411700,93969000000,-400,false,-0.6
"MSN",133843,"/Date(1704782321000)/",66200,1500,1411600,93962000000,-400,false,-0.6
"MSN",133843,"/Date(1704782321000)/",66200,2000,1410100,93863000000,-400,false,-0.6
"MSN",133843,"/Date(1704782321000)/",66200,1400,1408100,93731000000,-400,false,-0.6
"MSN",133840,"/Date(1704782318000)/",66200,100,1406700,93638000000,-400,false,-0.6
"MSN",133830,"/Date(1704782310000)/",66200,100,1406600,93631000000,-400,false,-0.6
"MSN",133811,"/Date(1704782290000)/",66200,400,1406500,93625000000,-400,false,-0.6
"MSN",133811,"/Date(1704782290000)/",66200,1500,1406100,93598000000,-400,false,-0.6
"MSN",133811,"/Date(1704782290000)/",66200,1000,1404600,93499000000,-400,false,-0.6
"MSN",133811,"/Date(1704782290000)/",66200,300,1403600,93433000000,-400,false,-0.6
"MSN",133811,"/Date(1704782290000)/",66200,1000,1403300,93413000000,-400,false,-0.6
"MSN",133811,"/Date(1704782290000)/",66200,400,1402300,93347000000,-400,false,-0.6
"MSN",133811,"/Date(1704782290000)/",66200,400,1401900,93320000000,-400,false,-0.6
"MSN",133808,"/Date(1704782287000)/",66100,200,1401500,93294000000,-500,true,-0.75
"MSN",133808,"/Date(1704782287000)/",66100,100,1401300,93280000000,-500,true,-0.75
"MSN",133808,"/Date(1704782287000)/",66100,200,1401200,93274000000,-500,true,-0.75
"MSN",133808,"/Date(1704782286000)/",66200,100,1401000,93261000000,-400,false,-0.6
"MSN",133805,"/Date(1704782282000)/",66200,100,1400900,93254000000,-400,false,-0.6
"MSN",133746,"/Date(1704782262000)/",66200,800,1400800,93247000000,-400,false,-0.6
"MSN",133736,"/Date(1704782256000)/",66200,200,1400000,93194000000,-400,false,-0.6
"MSN",133736,"/Date(1704782253000)/",66200,100,1399800,93181000000,-400,false,-0.6
"MSN",133714,"/Date(1704782231000)/",66200,200,1399700,93175000000,-400,false,-0.6
"MSN",133701,"/Date(1704782220000)/",66200,100,1399500,93161000000,-400,false,-0.6
"MSN",133629,"/Date(1704782188000)/",66200,100,1399400,93155000000,-400,false,-0.6
"MSN",133626,"/Date(1704782183000)/",66100,500,1399300,93148000000,-500,true,-0.75
"MSN",133623,"/Date(1704782180000)/",66200,300,1398800,93115000000,-400,false,-0.6
"MSN",133613,"/Date(1704782170000)/",66200,100,1398500,93095000000,-400,false,-0.6
"MSN",133603,"/Date(1704782163000)/",66100,200,1398400,93089000000,-500,true,-0.75
"MSN",133603,"/Date(1704782163000)/",66100,400,1398200,93075000000,-500,true,-0.75
"MSN",133600,"/Date(1704782157000)/",66200,100,1397800,93049000000,-400,false,-0.6
"MSN",133535,"/Date(1704782134000)/",66200,200,1397700,93042000000,-400,false,-0.6
"MSN",133532,"/Date(1704782129000)/",66200,300,1397500,93029000000,-400,false,-0.6
"MSN",133532,"/Date(1704782129000)/",66200,500,1397200,93009000000,-400,false,-0.6
"MSN",133532,"/Date(1704782129000)/",66200,1200,1396700,92976000000,-400,false,-0.6
"MSN",133528,"/Date(1704782127000)/",66200,100,1395500,92897000000,-400,false,-0.6
"MSN",133522,"/Date(1704782120000)/",66200,100,1395400,92890000000,-400,false,-0.6
"MSN",133509,"/Date(1704782106000)/",66200,1000,1395300,92883000000,-400,false,-0.6
"MSN",133503,"/Date(1704782102000)/",66200,600,1394300,92817000000,-400,false,-0.6
"MSN",133503,"/Date(1704782102000)/",66200,1300,1393700,92777000000,-400,false,-0.6
"MSN",133503,"/Date(1704782102000)/",66200,2000,1392400,92691000000,-400,false,-0.6
"MSN",133503,"/Date(1704782102000)/",66200,800,1390400,92559000000,-400,false,-0.6
"MSN",133456,"/Date(1704782096000)/",66100,100,1389600,92506000000,-500,true,-0.75
"MSN",133456,"/Date(1704782096000)/",66100,900,1389500,92499000000,-500,true,-0.75
"MSN",133456,"/Date(1704782094000)/",66200,100,1388600,92440000000,-400,false,-0.6
"MSN",133425,"/Date(1704782064000)/",66200,3000,1388500,92433000000,-400,false,-0.6
"MSN",133425,"/Date(1704782064000)/",66200,100,1385500,92235000000,-400,false,-0.6
"MSN",133421,"/Date(1704782060000)/",66200,300,1385400,92228000000,-400,false,-0.6
"MSN",133421,"/Date(1704782060000)/",66200,100,1385100,92208000000,-400,false,-0.6
"MSN",133355,"/Date(1704782032000)/",66200,100,1385000,92202000000,-400,false,-0.6
"MSN",133339,"/Date(1704782018000)/",66200,700,1384900,92195000000,-400,false,-0.6
"MSN",133339,"/Date(1704782018000)/",66200,500,1384200,92149000000,-400,false,-0.6
"MSN",133339,"/Date(1704782018000)/",66200,1000,1383700,92116000000,-400,false,-0.6
"MSN",133339,"/Date(1704782018000)/",66200,200,1382700,92049000000,-400,false,-0.6
"MSN",133339,"/Date(1704782018000)/",66200,200,1382500,92036000000,-400,false,-0.6
"MSN",133339,"/Date(1704782018000)/",66200,400,1382300,92023000000,-400,false,-0.6
"MSN",133336,"/Date(1704782016000)/",66200,300,1381900,91996000000,-400,false,-0.6
"MSN",133327,"/Date(1704782005000)/",66100,100,1381600,91977000000,-500,true,-0.75
"MSN",133327,"/Date(1704782005000)/",66100,400,1381500,91970000000,-500,true,-0.75
"MSN",133324,"/Date(1704782000000)/",66200,100,1381100,91944000000,-400,false,-0.6
"MSN",133320,"/Date(1704782000000)/",66200,100,1381000,91937000000,-400,false,-0.6
"MSN",133252,"/Date(1704781969000)/",66200,100,1380900,91930000000,-400,false,-0.6
"MSN",133245,"/Date(1704781963000)/",66200,100,1380800,91924000000,-400,false,-0.6
"MSN",133229,"/Date(1704781948000)/",66200,100,1380700,91917000000,-400,false,-0.6
"MSN",133223,"/Date(1704781941000)/",66200,100,1380600,91910000000,-400,false,-0.6
"MSN",133220,"/Date(1704781938000)/",66200,100,1380500,91904000000,-400,false,-0.6
"MSN",133213,"/Date(1704781930000)/",66200,100,1380400,91897000000,-400,false,-0.6
"MSN",133210,"/Date(1704781928000)/",66100,100,1380300,91891000000,-500,true,-0.75
"MSN",133210,"/Date(1704781928000)/",66100,5900,1380200,91884000000,-500,true,-0.75
"MSN",133204,"/Date(1704781923000)/",66200,300,1374300,91494000000,-400,false,-0.6
"MSN",133204,"/Date(1704781921000)/",66200,500,1374000,91474000000,-400,false,-0.6
"MSN",133151,"/Date(1704781908000)/",66200,100,1373500,91441000000,-400,false,-0.6
"MSN",133148,"/Date(1704781906000)/",66200,200,1373400,91434000000,-400,false,-0.6
"MSN",133148,"/Date(1704781904000)/",66200,400,1373200,91421000000,-400,false,-0.6
"MSN",133148,"/Date(1704781904000)/",66200,100,1372800,91395000000,-400,false,-0.6
"MSN",133141,"/Date(1704781900000)/",66200,1200,1372700,91388000000,-400,false,-0.6
"MSN",133141,"/Date(1704781900000)/",66200,100,1371500,91309000000,-400,false,-0.6
"MSN",133138,"/Date(1704781896000)/",66200,500,1371400,91302000000,-400,false,-0.6
"MSN",133138,"/Date(1704781896000)/",66200,1400,1370900,91269000000,-400,false,-0.6
"MSN",133138,"/Date(1704781896000)/",66200,600,1369500,91176000000,-400,false,-0.6
"MSN",133135,"/Date(1704781892000)/",66200,100,1368900,91136000000,-400,false,-0.6
"MSN",133132,"/Date(1704781889000)/",66200,100,1368800,91130000000,-400,false,-0.6
"MSN",133132,"/Date(1704781889000)/",66200,400,1368700,91123000000,-400,false,-0.6
"MSN",133129,"/Date(1704781886000)/",66200,500,1368300,91097000000,-400,false,-0.6
"MSN",133122,"/Date(1704781881000)/",66200,500,1367800,91064000000,-400,false,-0.6
"MSN",133122,"/Date(1704781880000)/",66100,3000,1367300,91031000000,-500,true,-0.75
"MSN",133119,"/Date(1704781876000)/",66200,100,1364300,90832000000,-400,false,-0.6
"MSN",133116,"/Date(1704781873000)/",66200,500,1364200,90826000000,-400,false,-0.6
"MSN",133113,"/Date(1704781870000)/",66200,500,1363700,90793000000,-400,false,-0.6
"MSN",133113,"/Date(1704781870000)/",66100,1100,1363200,90759000000,-500,true,-0.75
"MSN",133113,"/Date(1704781870000)/",66100,500,1362100,90687000000,-500,true,-0.75
"MSN",133113,"/Date(1704781870000)/",66100,100,1361600,90654000000,-500,true,-0.75
"MSN",133113,"/Date(1704781870000)/",66100,3300,1361500,90647000000,-500,true,-0.75
"MSN",133113,"/Date(1704781870000)/",66100,100,1358200,90429000000,-500,true,-0.75
"MSN",133113,"/Date(1704781870000)/",66100,100,1358100,90422000000,-500,true,-0.75
"MSN",133113,"/Date(1704781870000)/",66100,500,1358000,90416000000,-500,true,-0.75
"MSN",133113,"/Date(1704781870000)/",66100,100,1357500,90383000000,-500,true,-0.75
"MSN",133113,"/Date(1704781870000)/",66100,100,1357400,90376000000,-500,true,-0.75
"MSN",133113,"/Date(1704781870000)/",66100,100,1357300,90369000000,-500,true,-0.75
"MSN",133106,"/Date(1704781865000)/",66200,500,1357200,90363000000,-400,false,-0.6
"MSN",133103,"/Date(1704781862000)/",66200,600,1356700,90330000000,-400,false,-0.6
"MSN",133103,"/Date(1704781861000)/",66200,500,1356100,90290000000,-400,false,-0.6
"MSN",133103,"/Date(1704781860000)/",66200,300,1355600,90257000000,-400,false,-0.6
"MSN",133103,"/Date(1704781860000)/",66200,500,1355300,90237000000,-400,false,-0.6
"MSN",133103,"/Date(1704781860000)/",66200,700,1354800,90204000000,-400,false,-0.6
"MSN",133103,"/Date(1704781860000)/",66200,100,1354100,90158000000,-400,false,-0.6
"MSN",133047,"/Date(1704781845000)/",66200,100,1354000,90151000000,-400,false,-0.6
"MSN",133044,"/Date(1704781842000)/",66100,200,1353900,90144000000,-500,true,-0.75
"MSN",133044,"/Date(1704781842000)/",66100,800,1353700,90131000000,-500,true,-0.75
"MSN",133041,"/Date(1704781840000)/",66100,200,1352900,90078000000,-500,true,-0.75
"MSN",133041,"/Date(1704781840000)/",66100,1000,1352700,90065000000,-500,true,-0.75
"MSN",133041,"/Date(1704781840000)/",66100,100,1351700,89999000000,-500,true,-0.75
"MSN",133041,"/Date(1704781840000)/",66100,100,1351600,89992000000,-500,true,-0.75
"MSN",133041,"/Date(1704781840000)/",66100,100,1351500,89986000000,-500,true,-0.75
"MSN",133041,"/Date(1704781840000)/",66100,100,1351400,89979000000,-500,true,-0.75
"MSN",133041,"/Date(1704781840000)/",66100,2000,1351300,89973000000,-500,true,-0.75
"MSN",133041,"/Date(1704781840000)/",66100,1000,1349300,89840000000,-500,true,-0.75
"MSN",133041,"/Date(1704781840000)/",66100,1000,1348300,89774000000,-500,true,-0.75
"MSN",133041,"/Date(1704781840000)/",66100,1000,1347300,89708000000,-500,true,-0.75
"MSN",133041,"/Date(1704781840000)/",66100,400,1346300,89642000000,-500,true,-0.75
"MSN",133031,"/Date(1704781830000)/",66100,100,1345900,89616000000,-500,true,-0.75
"MSN",133022,"/Date(1704781820000)/",66100,500,1345800,89609000000,-500,true,-0.75
"MSN",133015,"/Date(1704781814000)/",66100,1800,1345300,89576000000,-500,true,-0.75
"MSN",133015,"/Date(1704781814000)/",66100,200,1343500,89457000000,-500,true,-0.75
"MSN",133015,"/Date(1704781813000)/",66200,100,1343300,89444000000,-400,false,-0.6
"MSN",133002,"/Date(1704781800000)/",66000,2100,1343200,89437000000,-600,true,-0.9
"MSN",133002,"/Date(1704781800000)/",66100,900,1341100,89299000000,-500,true,-0.75
"MSN",133002,"/Date(1704781800000)/",66100,700,1340200,89239000000,-500,true,-0.75
"MSN",133002,"/Date(1704781800000)/",66100,200,1339500,89193000000,-500,true,-0.75
"MSN",133002,"/Date(1704781800000)/",66100,2000,1339300,89180000000,-500,true,-0.75
"MSN",133002,"/Date(1704781800000)/",66100,200,1337300,89047000000,-500,true,-0.75
"MSN",133002,"/Date(1704781800000)/",66100,500,1337100,89034000000,-500,true,-0.75
"MSN",133002,"/Date(1704781800000)/",66100,100,1336600,89001000000,-500,true,-0.75
"MSN",133002,"/Date(1704781800000)/",66100,1500,1336500,88994000000,-500,true,-0.75
"MSN",133002,"/Date(1704781800000)/",66100,800,1335000,88895000000,-500,true,-0.75
"MSN",133002,"/Date(1704781800000)/",66100,1300,1334200,88842000000,-500,true,-0.75
"MSN",133002,"/Date(1704781800000)/",66100,2000,1332900,88756000000,-500,true,-0.75
"MSN",133002,"/Date(1704781800000)/",66100,900,1330900,88624000000,-500,true,-0.75
"MSN",133002,"/Date(1704781800000)/",66100,3500,1330000,88565000000,-500,true,-0.75
"MSN",133002,"/Date(1704781800000)/",66100,500,1326500,88333000000,-500,true,-0.75
"MSN",133002,"/Date(1704781800000)/",66100,1000,1326000,88300000000,-500,true,-0.75
"MSN",133002,"/Date(1704781800000)/",66100,1900,1325000,88234000000,-500,true,-0.75
"MSN",133002,"/Date(1704781799000)/",66100,300,1323100,88109000000,-500,true,-0.75
"MSN",132959,"/Date(1704781797000)/",66100,4000,1322800,88089000000,-500,false,-0.75
"MSN",132959,"/Date(1704781796000)/",66100,1000,1318800,87824000000,-500,false,-0.75
"MSN",132956,"/Date(1704781794000)/",66100,100,1317800,87758000000,-500,false,-0.75
"MSN",132953,"/Date(1704781791000)/",66100,100,1317700,87752000000,-500,false,-0.75
"MSN",132946,"/Date(1704781783000)/",66100,300,1317600,87745000000,-500,false,-0.75
"MSN",132943,"/Date(1704781782000)/",66100,100,1317300,87725000000,-500,false,-0.75
"MSN",132943,"/Date(1704781782000)/",66100,200,1317200,87719000000,-500,false,-0.75
"MSN",132934,"/Date(1704781773000)/",66100,1000,1317000,87705000000,-500,false,-0.75
"MSN",132934,"/Date(1704781770000)/",66100,100,1316000,87639000000,-500,false,-0.75
"MSN",132931,"/Date(1704781768000)/",66100,200,1315900,87633000000,-500,false,-0.75
"MSN",132927,"/Date(1704781764000)/",66000,1000,1315700,87620000000,-600,true,-0.9
"MSN",132915,"/Date(1704781754000)/",66100,1000,1314700,87554000000,-500,false,-0.75
"MSN",132915,"/Date(1704781752000)/",66100,100,1313700,87487000000,-500,false,-0.75
"MSN",132911,"/Date(1704781750000)/",66000,1000,1313600,87481000000,-600,true,-0.9
"MSN",132908,"/Date(1704781747000)/",66100,100,1312600,87415000000,-500,false,-0.75
"MSN",132908,"/Date(1704781747000)/",66100,300,1312500,87408000000,-500,false,-0.75
"MSN",132908,"/Date(1704781747000)/",66100,100,1312200,87388000000,-500,false,-0.75
"MSN",132905,"/Date(1704781744000)/",66100,500,1312100,87382000000,-500,false,-0.75
"MSN",132902,"/Date(1704781740000)/",66100,100,1311600,87349000000,-500,false,-0.75
"MSN",132859,"/Date(1704781738000)/",66100,600,1311500,87342000000,-500,false,-0.75
"MSN",132859,"/Date(1704781737000)/",66100,500,1310900,87302000000,-500,false,-0.75
"MSN",132852,"/Date(1704781731000)/",66000,300,1310400,87269000000,-600,true,-0.9
"MSN",132839,"/Date(1704781719000)/",66100,100,1310100,87250000000,-500,false,-0.75
"MSN",132839,"/Date(1704781717000)/",66000,100,1310000,87243000000,-600,true,-0.9
"MSN",132839,"/Date(1704781716000)/",66100,500,1309900,87236000000,-500,false,-0.75
"MSN",132836,"/Date(1704781714000)/",66000,300,1309400,87203000000,-600,true,-0.9
"MSN",132833,"/Date(1704781712000)/",66100,300,1309100,87184000000,-500,false,-0.75
"MSN",132827,"/Date(1704781705000)/",66000,200,1308800,87164000000,-600,true,-0.9
"MSN",132824,"/Date(1704781703000)/",66000,100,1308600,87151000000,-600,true,-0.9
