"Stockcode","Package","TradingDate","Price","Vol","TotalVol","TotalVal","Change","IsBuy","PerChange"
"NVL",144505,"/Date(1704786300000)/",17050,705400,12911000,222253000000,-250,false,-1.45
"NVL",142957,"/Date(1704785394000)/",17150,500,12205600,210225000000,-150,false,-0.87
"NVL",142957,"/Date(1704785394000)/",17150,500,12205100,210217000000,-150,false,-0.87
"NVL",142954,"/Date(1704785392000)/",17100,500,12204600,210208000000,-200,true,-1.16
"NVL",142954,"/Date(1704785392000)/",17100,10000,12204100,210200000000,-200,true,-1.16
"NVL",142954,"/Date(1704785391000)/",17150,200,12194100,210029000000,-150,false,-0.87
"NVL",142941,"/Date(1704785379000)/",17150,1000,12193900,210025000000,-150,false,-0.87
"NVL",142941,"/Date(1704785379000)/",17150,1000,12192900,210008000000,-150,false,-0.87
"NVL",142938,"/Date(1704785374000)/",17100,300,12191900,209991000000,-200,true,-1.16
"NVL",142938,"/Date(1704785374000)/",17100,700,12191600,209986000000,-200,true,-1.16
"NVL",142931,"/Date(1704785369000)/",17100,1000,12190900,209974000000,-200,true,-1.16
"NVL",142928,"/Date(1704785368000)/",17100,2000,12189900,209957000000,-200,true,-1.16
"NVL",142928,"/Date(1704785365000)/",17150,3000,12187900,209923000000,-150,false,-0.87
"NVL",142928,"/Date(1704785365000)/",17100,500,12184900,209871000000,-200,true,-1.16
"NVL",142922,"/Date(1704785359000)/",17100,300,12184400,209863000000,-200,true,-1.16
"NVL",142918,"/Date(1704785358000)/",17100,100,12184100,209858000000,-200,true,-1.16
"NVL",142918,"/Date(1704785357000)/",17100,1400,12184000,209856000000,-200,true,-1.16
"NVL",142918,"/Date(1704785357000)/",17100,200,12182600,209832000000,-200,true,-1.16
"NVL",142918,"/Date(1704785356000)/",17100,1000,12182400,209828000000,-200,true,-1.16
"NVL",142918,"/Date(1704785355000)/",17100,2400,12181400,209811000000,-200,true,-1.16
"NVL",142918,"/Date(1704785355000)/",17100,7800,12179000,209770000000,-200,true,-1.16
"NVL",142918,"/Date(1704785355000)/",17100,500,12171200,209637000000,-200,true,-1.16
"NVL",142918,"/Date(1704785355000)/",17100,2000,12170700,209628000000,-200,true,-1.16
"NVL",142918,"/Date(1704785355000)/",17100,200,12168700,209594000000,-200,true,-1.16
"NVL",142918,"/Date(1704785355000)/",17100,500,12168500,209591000000,-200,true,-1.16
"NVL",142918,"/Date(1704785355000)/",17100,100,12168000,209582000000,-200,true,-1.16
"NVL",142918,"/Date(1704785355000)/",17100,100,12167900,209580000000,-200,true,-1.16
"NVL",142918,"/Date(1704785355000)/",17100,10000,12167800,209579000000,-200,true,-1.16
"NVL",142918,"/Date(1704785355000)/",17100,1000,12157800,209408000000,-200,true,-1.16
"NVL",142918,"/Date(1704785355000)/",17100,100,12156800,209391000000,-200,true,-1.16
"NVL",142918,"/Date(1704785355000)/",17100,1000,12156700,209389000000,-200,true,-1.16
"NVL",142918,"/Date(1704785355000)/",17100,100,12155700,209372000000,-200,true,-1.16
"NVL",142918,"/Date(1704785355000)/",17100,200,12155600,209370000000,-200,true,-1.16
"NVL",142918,"/Date(1704785355000)/",17100,20900,12155400,209367000000,-200,true,-1.16
"NVL",142918,"/Date(1704785355000)/",17100,1000,12134500,209009000000,-200,true,-1.16
"NVL",142918,"/Date(1704785355000)/",17100,10000,12133500,208992000000,-200,true,-1.16
"NVL",142918,"/Date(1704785355000)/",17100,40000,12123500,208821000000,-200,true,-1.16
"NVL",142918,"/Date(1704785355000)/",17100,1100,12083500,208137000000,-200,true,-1.16
"NVL",142918,"/Date(1704785355000)/",17100,1000,12082400,208118000000,-200,true,-1.16
"NVL",142918,"/Date(1704785355000)/",17100,2000,12081400,208101000000,-200,true,-1.16
"NVL",142918,"/Date(1704785355000)/",17100,1400,12079400,208067000000,-200,true,-1.16
"NVL",142918,"/Date(1704785355000)/",17100,14300,12078000,208043000000,-200,true,-1.16
"NVL",142915,"/Date(1704785354000)/",17100,200,12063700,207799000000,-200,false,-1.16
"NVL",142915,"/Date(1704785352000)/",17100,5000,12063500,207795000000,-200,false,-1.16
"NVL",142912,"/Date(1704785349000)/",17100,5000,12058500,207710000000,-200,false,-1.16
"NVL",142909,"/Date(1704785348000)/",17100,4400,12053500,207624000000,-200,false,-1.16
"NVL",142909,"/Date(1704785348000)/",17050,900,12049100,207549000000,-250,true,-1.45
"NVL",142906,"/Date(1704785345000)/",17100,5000,12048200,207534000000,-200,false,-1.16
"NVL",142902,"/Date(1704785342000)/",17100,1000,12043200,207448000000,-200,false,-1.16
"NVL",142902,"/Date(1704785341000)/",17050,200,12042200,207431000000,-250,true,-1.45
"NVL",142902,"/Date(1704785341000)/",17050,2000,12042000,207428000000,-250,true,-1.45
"NVL",142859,"/Date(1704785338000)/",17050,400,12040000,207394000000,-250,true,-1.45
"NVL",142859,"/Date(1704785337000)/",17100,1000,12039600,207387000000,-200,false,-1.16
"NVL",142859,"/Date(1704785336000)/",17100,100,12038600,207370000000,-200,false,-1.16
"NVL",142853,"/Date(1704785332000)/",17050,800,12038500,207368000000,-250,true,-1.45
"NVL",142853,"/Date(1704785332000)/",17100,10000,12037700,207354000000,-200,false,-1.16
"NVL",142853,"/Date(1704785331000)/",17100,1000,12027700,207183000000,-200,false,-1.16
"NVL",142853,"/Date(1704785330000)/",17100,800,12026700,207166000000,-200,false,-1.16
"NVL",142850,"/Date(1704785328000)/",17100,200,12025900,207152000000,-200,false,-1.16
"NVL",142846,"/Date(1704785326000)/",17100,500,12025700,207149000000,-200,false,-1.16
"NVL",142846,"/Date(1704785326000)/",17100,100,12025200,207141000000,-200,false,-1.16
"NVL",142846,"/Date(1704785324000)/",17100,200,12025100,207139000000,-200,false,-1.16
"NVL",142843,"/Date(1704785322000)/",17100,1000,12024900,207135000000,-200,false,-1.16
"NVL",142843,"/Date(1704785322000)/",17100,200,12023900,207118000000,-200,false,-1.16
"NVL",142840,"/Date(1704785319000)/",17100,1000,12023700,207115000000,-200,false,-1.16
"NVL",142840,"/Date(1704785319000)/",17100,500,12022700,207098000000,-200,false,-1.16
"NVL",142840,"/Date(1704785317000)/",17100,2000,12022200,207089000000,-200,false,-1.16
"NVL",142837,"/Date(1704785314000)/",17100,100,12020200,207055000000,-200,false,-1.16
"NVL",142834,"/Date(1704785313000)/",17100,1000,12020100,207053000000,-200,false,-1.16
"NVL",142834,"/Date(1704785313000)/",17100,200,12019100,207036000000,-200,false,-1.16
"NVL",142834,"/Date(1704785313000)/",17050,5000,12018900,207033000000,-250,true,-1.45
"NVL",142830,"/Date(1704785309000)/",17100,1000,12013900,206948000000,-200,false,-1.16
"NVL",142830,"/Date(1704785308000)/",17100,100,12012900,206930000000,-200,false,-1.16
"NVL",142830,"/Date(1704785307000)/",17100,200,12012800,206929000000,-200,false,-1.16
"NVL",142824,"/Date(1704785303000)/",17100,100,12012600,206925000000,-200,false,-1.16
"NVL",142824,"/Date(1704785301000)/",17100,500,12012500,206924000000,-200,false,-1.16
"NVL",142821,"/Date(1704785298000)/",17100,100,12012000,206915000000,-200,false,-1.16
"NVL",142818,"/Date(1704785297000)/",17100,500,12011900,206913000000,-200,false,-1.16
"NVL",142818,"/Date(1704785296000)/",17100,100,12011400,206905000000,-200,false,-1.16
"NVL",142818,"/Date(1704785295000)/",17100,2000,12011300,206903000000,-200,false,-1.16
"NVL",142814,"/Date(1704785292000)/",17100,100,12009300,206869000000,-200,false,-1.16
"NVL",142814,"/Date(1704785291000)/",17100,1000,12009200,206867000000,-200,false,-1.16
"NVL",142808,"/Date(1704785287000)/",17100,4700,12008200,206850000000,-200,false,-1.16
"NVL",142808,"/Date(1704785285000)/",17100,800,12003500,206770000000,-200,false,-1.16
"NVL",142808,"/Date(1704785285000)/",17100,200,12002700,206756000000,-200,false,-1.16
"NVL",142805,"/Date(1704785282000)/",17100,100,12002500,206753000000,-200,false,-1.16
"NVL",142759,"/Date(1704785277000)/",17100,300,12002400,206751000000,-200,false,-1.16
"NVL",142759,"/Date(1704785277000)/",17100,9700,12002100,206746000000,-200,false,-1.16
"NVL",142759,"/Date(1704785275000)/",17100,400,11992400,206580000000,-200,false,-1.16
"NVL",142755,"/Date(1704785275000)/",17100,500,11992000,206573000000,-200,false,-1.16
"NVL",142755,"/Date(1704785273000)/",17100,4000,11991500,206565000000,-200,false,-1.16
"NVL",142752,"/Date(1704785271000)/",17100,1000,11987500,206496000000,-200,false,-1.16
"NVL",142746,"/Date(1704785264000)/",17100,100,11986500,206479000000,-200,true,-1.16
"NVL",142746,"/Date(1704785264000)/",17100,200,11986400,206477000000,-200,true,-1.16
"NVL",142746,"/Date(1704785263000)/",17100,1000,11986200,206474000000,-200,true,-1.16
"NVL",142746,"/Date(1704785263000)/",17100,800,11985200,206457000000,-200,true,-1.16
"NVL",142746,"/Date(1704785263000)/",17100,2300,11984400,206443000000,-200,true,-1.16
"NVL",142743,"/Date(1704785262000)/",17100,300,11982100,206404000000,-200,true,-1.16
"NVL",142743,"/Date(1704785260000)/",17100,3000,11981800,206399000000,-200,true,-1.16
"NVL",142739,"/Date(1704785259000)/",17100,2500,11978800,206347000000,-200,true,-1.16
"NVL",142739,"/Date(1704785258000)/",17100,1400,11976300,206305000000,-200,true,-1.16
"NVL",142739,"/Date(1704785256000)/",17100,100,11974900,206281000000,-200,true,-1.16
"NVL",142736,"/Date(1704785255000)/",17100,100,11974800,206279000000,-200,true,-1.16
"NVL",142736,"/Date(1704785255000)/",17100,5300,11974700,206277000000,-200,true,-1.16
"NVL",142736,"/Date(1704785253000)/",17100,100,11969400,206187000000,-200,true,-1.16
"NVL",142733,"/Date(1704785252000)/",17100,500,11969300,206185000000,-200,false,-1.16
"NVL",142733,"/Date(1704785250000)/",17100,100,11968800,206176000000,-200,false,-1.16
"NVL",142730,"/Date(1704785248000)/",17050,10200,11968700,206175000000,-250,true,-1.45
"NVL",142730,"/Date(1704785248000)/",17050,100,11958500,206001000000,-250,true,-1.45
"NVL",142730,"/Date(1704785248000)/",17050,500,11958400,205999000000,-250,true,-1.45
"NVL",142730,"/Date(1704785248000)/",17050,500,11957900,205990000000,-250,true,-1.45
"NVL",142730,"/Date(1704785248000)/",17050,4200,11957400,205982000000,-250,true,-1.45
"NVL",142730,"/Date(1704785248000)/",17100,20000,11953200,205910000000,-200,true,-1.16
"NVL",142730,"/Date(1704785248000)/",17100,500,11933200,205568000000,-200,true,-1.16
"NVL",142730,"/Date(1704785248000)/",17100,1000,11932700,205560000000,-200,true,-1.16
"NVL",142730,"/Date(1704785248000)/",17100,2000,11931700,205543000000,-200,true,-1.16
"NVL",142730,"/Date(1704785248000)/",17100,600,11929700,205509000000,-200,true,-1.16
"NVL",142730,"/Date(1704785248000)/",17100,200,11929100,205498000000,-200,true,-1.16
"NVL",142730,"/Date(1704785248000)/",17100,300,11928900,205495000000,-200,true,-1.16
"NVL",142730,"/Date(1704785248000)/",17100,9000,11928600,205490000000,-200,true,-1.16
"NVL",142730,"/Date(1704785248000)/",17100,1000,11919600,205336000000,-200,true,-1.16
"NVL",142730,"/Date(1704785248000)/",17100,1000,11918600,205319000000,-200,true,-1.16
"NVL",142730,"/Date(1704785248000)/",17100,1000,11917600,205302000000,-200,true,-1.16
"NVL",142730,"/Date(1704785248000)/",17100,100,11916600,205284000000,-200,true,-1.16
"NVL",142730,"/Date(1704785248000)/",17100,1000,11916500,205283000000,-200,true,-1.16
"NVL",142730,"/Date(1704785248000)/",17100,500,11915500,205266000000,-200,true,-1.16
"NVL",142730,"/Date(1704785248000)/",17100,100,11915000,205257000000,-200,true,-1.16
"NVL",142730,"/Date(1704785248000)/",17100,500,11914900,205255000000,-200,true,-1.16
"NVL",142730,"/Date(1704785248000)/",17100,400,11914400,205247000000,-200,true,-1.16
"NVL",142730,"/Date(1704785248000)/",17100,1000,11914000,205240000000,-200,true,-1.16
"NVL",142730,"/Date(1704785248000)/",17100,600,11913000,205223000000,-200,true,-1.16
"NVL",142730,"/Date(1704785248000)/",17100,100,11912400,205213000000,-200,true,-1.16
"NVL",142730,"/Date(1704785248000)/",17100,600,11912300,205211000000,-200,true,-1.16
"NVL",142730,"/Date(1704785248000)/",17100,100,11911700,205201000000,-200,true,-1.16
"NVL",142730,"/Date(1704785248000)/",17100,1200,11911600,205199000000,-200,true,-1.16
"NVL",142730,"/Date(1704785248000)/",17100,1000,11910400,205178000000,-200,true,-1.16
"NVL",142730,"/Date(1704785248000)/",17100,100,11909400,205161000000,-200,true,-1.16
"NVL",142730,"/Date(1704785248000)/",17100,5300,11909300,205160000000,-200,true,-1.16
"NVL",142730,"/Date(1704785248000)/",17100,5000,11904000,205069000000,-200,true,-1.16
"NVL",142730,"/Date(1704785248000)/",17100,100,11899000,204984000000,-200,true,-1.16
"NVL",142730,"/Date(1704785248000)/",17100,100,11898900,204982000000,-200,true,-1.16
"NVL",142730,"/Date(1704785248000)/",17100,5500,11898800,204980000000,-200,true,-1.16
"NVL",142730,"/Date(1704785248000)/",17100,3000,11893300,204886000000,-200,true,-1.16
"NVL",142730,"/Date(1704785248000)/",17100,5000,11890300,204835000000,-200,true,-1.16
"NVL",142730,"/Date(1704785248000)/",17100,2000,11885300,204749000000,-200,true,-1.16
"NVL",142730,"/Date(1704785248000)/",17100,1000,11883300,204715000000,-200,true,-1.16
"NVL",142730,"/Date(1704785248000)/",17100,300,11882300,204698000000,-200,true,-1.16
"NVL",142730,"/Date(1704785248000)/",17100,1000,11882000,204693000000,-200,true,-1.16
"NVL",142730,"/Date(1704785248000)/",17100,100,11881000,204676000000,-200,true,-1.16
"NVL",142730,"/Date(1704785248000)/",17100,100,11880900,204674000000,-200,true,-1.16
"NVL",142730,"/Date(1704785248000)/",17100,10200,11880800,204672000000,-200,true,-1.16
"NVL",142730,"/Date(1704785248000)/",17100,1900,11870600,204498000000,-200,true,-1.16
"NVL",142727,"/Date(1704785244000)/",17100,100,11868700,204465000000,-200,true,-1.16
"NVL",142727,"/Date(1704785244000)/",17100,100,11868600,204464000000,-200,true,-1.16
"NVL",142727,"/Date(1704785244000)/",17100,200,11868500,204462000000,-200,true,-1.16
"NVL",142727,"/Date(1704785244000)/",17100,200,11868300,204459000000,-200,true,-1.16
"NVL",142723,"/Date(1704785240000)/",17150,3000,11868100,204455000000,-150,false,-0.87
"NVL",142723,"/Date(1704785239000)/",17100,1800,11865100,204404000000,-200,true,-1.16
"NVL",142723,"/Date(1704785239000)/",17100,500,11863300,204373000000,-200,true,-1.16
"NVL",142723,"/Date(1704785239000)/",17100,100,11862800,204364000000,-200,true,-1.16
"NVL",142723,"/Date(1704785239000)/",17100,300,11862700,204363000000,-200,true,-1.16
"NVL",142723,"/Date(1704785239000)/",17100,1000,11862400,204358000000,-200,true,-1.16
"NVL",142723,"/Date(1704785239000)/",17100,1000,11861400,204340000000,-200,true,-1.16
"NVL",142723,"/Date(1704785239000)/",17100,100,11860400,204323000000,-200,true,-1.16
"NVL",142720,"/Date(1704785239000)/",17100,2000,11860300,204322000000,-200,true,-1.16
"NVL",142720,"/Date(1704785239000)/",17100,500,11858300,204287000000,-200,true,-1.16
"NVL",142720,"/Date(1704785239000)/",17100,100,11857800,204279000000,-200,true,-1.16
"NVL",142720,"/Date(1704785239000)/",17100,100,11857700,204277000000,-200,true,-1.16
"NVL",142720,"/Date(1704785239000)/",17100,3000,11857600,204275000000,-200,true,-1.16
"NVL",142720,"/Date(1704785239000)/",17100,1000,11854600,204224000000,-200,true,-1.16
"NVL",142720,"/Date(1704785239000)/",17100,1500,11853600,204207000000,-200,true,-1.16
"NVL",142720,"/Date(1704785239000)/",17100,300,11852100,204181000000,-200,true,-1.16
"NVL",142720,"/Date(1704785239000)/",17100,1000,11851800,204176000000,-200,true,-1.16
"NVL",142720,"/Date(1704785239000)/",17100,500,11850800,204159000000,-200,true,-1.16
"NVL",142720,"/Date(1704785239000)/",17100,100,11850300,204151000000,-200,true,-1.16
"NVL",142720,"/Date(1704785239000)/",17100,10000,11850200,204149000000,-200,true,-1.16
"NVL",142720,"/Date(1704785239000)/",17100,5000,11840200,203978000000,-200,true,-1.16
"NVL",142720,"/Date(1704785239000)/",17100,300,11835200,203892000000,-200,true,-1.16
"NVL",142720,"/Date(1704785239000)/",17100,100,11834900,203887000000,-200,true,-1.16
"NVL",142720,"/Date(1704785239000)/",17100,200,11834800,203886000000,-200,true,-1.16
"NVL",142720,"/Date(1704785239000)/",17100,100,11834600,203882000000,-200,true,-1.16
"NVL",142720,"/Date(1704785239000)/",17100,200,11834500,203880000000,-200,true,-1.16
"NVL",142720,"/Date(1704785239000)/",17100,1000,11834300,203877000000,-200,true,-1.16
"NVL",142720,"/Date(1704785239000)/",17100,2000,11833300,203860000000,-200,true,-1.16
"NVL",142720,"/Date(1704785239000)/",17100,10000,11831300,203826000000,-200,true,-1.16
"NVL",142720,"/Date(1704785239000)/",17100,1000,11821300,203655000000,-200,true,-1.16
"NVL",142720,"/Date(1704785239000)/",17100,500,11820300,203638000000,-200,true,-1.16
"NVL",142720,"/Date(1704785239000)/",17100,100,11819800,203629000000,-200,true,-1.16
"NVL",142720,"/Date(1704785239000)/",17100,2000,11819700,203627000000,-200,true,-1.16
"NVL",142720,"/Date(1704785239000)/",17100,100,11817700,203593000000,-200,true,-1.16
"NVL",142720,"/Date(1704785239000)/",17100,2000,11817600,203591000000,-200,true,-1.16
"NVL",142720,"/Date(1704785239000)/",17100,1000,11815600,203557000000,-200,true,-1.16
"NVL",142720,"/Date(1704785239000)/",17100,5000,11814600,203540000000,-200,true,-1.16
"NVL",142720,"/Date(1704785239000)/",17100,500,11809600,203455000000,-200,true,-1.16
"NVL",142720,"/Date(1704785239000)/",17100,500,11809100,203446000000,-200,true,-1.16
"NVL",142720,"/Date(1704785239000)/",17100,3000,11808600,203438000000,-200,true,-1.16
"NVL",142720,"/Date(1704785239000)/",17100,2000,11805600,203386000000,-200,true,-1.16
"NVL",142720,"/Date(1704785239000)/",17100,2000,11803600,203352000000,-200,true,-1.16
"NVL",142720,"/Date(1704785239000)/",17100,1000,11801600,203318000000,-200,true,-1.16
"NVL",142720,"/Date(1704785239000)/",17100,200,11800600,203301000000,-200,true,-1.16
"NVL",142720,"/Date(1704785239000)/",17100,200,11800400,203297000000,-200,true,-1.16
"NVL",142720,"/Date(1704785239000)/",17100,1700,11800200,203294000000,-200,true,-1.16
"NVL",142720,"/Date(1704785239000)/",17100,500,11798500,203265000000,-200,true,-1.16
"NVL",142720,"/Date(1704785239000)/",17100,3000,11798000,203256000000,-200,true,-1.16
"NVL",142720,"/Date(1704785239000)/",17100,5000,11795000,203205000000,-200,true,-1.16
"NVL",142720,"/Date(1704785239000)/",17100,500,11790000,203119000000,-200,true,-1.16
"NVL",142720,"/Date(1704785239000)/",17100,1000,11789500,203111000000,-200,true,-1.16
"NVL",142720,"/Date(1704785239000)/",17100,200,11788500,203094000000,-200,true,-1.16
"NVL",142720,"/Date(1704785239000)/",17100,100,11788300,203090000000,-200,true,-1.16
"NVL",142720,"/Date(1704785239000)/",17100,8000,11788200,203089000000,-200,true,-1.16
"NVL",142720,"/Date(1704785239000)/",17100,300,11780200,202952000000,-200,true,-1.16
"NVL",142720,"/Date(1704785239000)/",17100,500,11779900,202947000000,-200,true,-1.16
"NVL",142720,"/Date(1704785239000)/",17100,100,11779400,202938000000,-200,true,-1.16
"NVL",142720,"/Date(1704785239000)/",17100,1000,11779300,202937000000,-200,true,-1.16
"NVL",142720,"/Date(1704785239000)/",17100,5000,11778300,202919000000,-200,true,-1.16
"NVL",142720,"/Date(1704785239000)/",17100,2000,11773300,202834000000,-200,true,-1.16
"NVL",142720,"/Date(1704785239000)/",17100,200,11771300,202800000000,-200,true,-1.16
"NVL",142720,"/Date(1704785239000)/",17100,100,11771100,202796000000,-200,true,-1.16
"NVL",142720,"/Date(1704785239000)/",17100,500,11771000,202795000000,-200,true,-1.16
"NVL",142720,"/Date(1704785239000)/",17100,2000,11770500,202786000000,-200,true,-1.16
"NVL",142720,"/Date(1704785239000)/",17100,200,11768500,202752000000,-200,true,-1.16
"NVL",142720,"/Date(1704785239000)/",17100,200,11768300,202748000000,-200,true,-1.16
"NVL",142720,"/Date(1704785239000)/",17100,2000,11768100,202745000000,-200,true,-1.16
"NVL",142720,"/Date(1704785239000)/",17100,1000,11766100,202711000000,-200,true,-1.16
"NVL",142720,"/Date(1704785239000)/",17100,1000,11765100,202694000000,-200,true,-1.16
"NVL",142720,"/Date(1704785239000)/",17100,300,11764100,202677000000,-200,true,-1.16
"NVL",142720,"/Date(1704785239000)/",17100,600,11763800,202671000000,-200,true,-1.16
"NVL",142720,"/Date(1704785239000)/",17100,200,11763200,202661000000,-200,true,-1.16
"NVL",142720,"/Date(1704785239000)/",17100,2000,11763000,202658000000,-200,true,-1.16
"NVL",142720,"/Date(1704785239000)/",17100,200,11761000,202624000000,-200,true,-1.16
"NVL",142720,"/Date(1704785239000)/",17100,900,11760800,202620000000,-200,true,-1.16
"NVL",142720,"/Date(1704785239000)/",17100,200,11759900,202605000000,-200,true,-1.16
"NVL",142720,"/Date(1704785239000)/",17100,200,11759700,202601000000,-200,true,-1.16
"NVL",142720,"/Date(1704785239000)/",17100,200,11759500,202598000000,-200,true,-1.16
"NVL",142720,"/Date(1704785239000)/",17100,100,11759300,202595000000,-200,true,-1.16
"NVL",142720,"/Date(1704785239000)/",17100,5000,11759200,202593000000,-200,true,-1.16
"NVL",142720,"/Date(1704785239000)/",17100,100,11754200,202507000000,-200,true,-1.16
"NVL",142720,"/Date(1704785239000)/",17100,200,11754100,202506000000,-200,true,-1.16
"NVL",142720,"/Date(1704785239000)/",17100,100,11753900,202502000000,-200,true,-1.16
"NVL",142720,"/Date(1704785239000)/",17100,4100,11753800,202500000000,-200,true,-1.16
"NVL",142720,"/Date(1704785239000)/",17100,100,11749700,202430000000,-200,true,-1.16
"NVL",142720,"/Date(1704785239000)/",17100,100,11749600,202429000000,-200,true,-1.16
"NVL",142720,"/Date(1704785239000)/",17100,500,11749500,202427000000,-200,true,-1.16
"NVL",142720,"/Date(1704785239000)/",17100,100,11749000,202418000000,-200,true,-1.16
"NVL",142720,"/Date(1704785239000)/",17100,200,11748900,202417000000,-200,true,-1.16
"NVL",142720,"/Date(1704785239000)/",17100,500,11748700,202413000000,-200,true,-1.16
"NVL",142720,"/Date(1704785239000)/",17100,800,11748200,202405000000,-200,true,-1.16
"NVL",142720,"/Date(1704785239000)/",17100,200,11747400,202391000000,-200,true,-1.16
"NVL",142720,"/Date(1704785239000)/",17100,2000,11747200,202388000000,-200,true,-1.16
"NVL",142720,"/Date(1704785239000)/",17100,200,11745200,202353000000,-200,true,-1.16
"NVL",142720,"/Date(1704785239000)/",17100,1000,11745000,202350000000,-200,true,-1.16
"NVL",142720,"/Date(1704785239000)/",17100,300,11744000,202333000000,-200,true,-1.16
"NVL",142720,"/Date(1704785239000)/",17100,100,11743700,202328000000,-200,true,-1.16
"NVL",142720,"/Date(1704785239000)/",17100,500,11743600,202326000000,-200,true,-1.16
"NVL",142720,"/Date(1704785239000)/",17100,300,11743100,202317000000,-200,true,-1.16
"NVL",142720,"/Date(1704785239000)/",17100,1000,11742800,202312000000,-200,true,-1.16
"NVL",142720,"/Date(1704785239000)/",17100,100,11741800,202295000000,-200,true,-1.16
"NVL",142720,"/Date(1704785239000)/",17100,2700,11741700,202294000000,-200,true,-1.16
"NVL",142720,"/Date(1704785239000)/",17100,1000,11739000,202247000000,-200,true,-1.16
"NVL",142720,"/Date(1704785239000)/",17100,700,11738000,202230000000,-200,true,-1.16
"NVL",142720,"/Date(1704785239000)/",17100,100,11737300,202218000000,-200,true,-1.16
"NVL",142720,"/Date(1704785239000)/",17100,300,11737200,202217000000,-200,true,-1.16
"NVL",142720,"/Date(1704785239000)/",17100,1000,11736900,202211000000,-200,true,-1.16
"NVL",142720,"/Date(1704785239000)/",17100,10000,11735900,202194000000,-200,true,-1.16
"NVL",142720,"/Date(1704785239000)/",17100,100,11725900,202023000000,-200,true,-1.16
"NVL",142720,"/Date(1704785239000)/",17100,2500,11725800,202022000000,-200,true,-1.16
"NVL",142720,"/Date(1704785239000)/",17100,100,11723300,201979000000,-200,true,-1.16
"NVL",142720,"/Date(1704785239000)/",17100,1000,11723200,201977000000,-200,true,-1.16
"NVL",142720,"/Date(1704785239000)/",17100,5000,11722200,201960000000,-200,true,-1.16
"NVL",142720,"/Date(1704785239000)/",17100,1000,11717200,201875000000,-200,true,-1.16
"NVL",142720,"/Date(1704785239000)/",17100,100,11716200,201858000000,-200,true,-1.16
"NVL",142720,"/Date(1704785239000)/",17100,500,11716100,201856000000,-200,true,-1.16
"NVL",142720,"/Date(1704785239000)/",17100,1000,11715600,201847000000,-200,true,-1.16
"NVL",142720,"/Date(1704785239000)/",17100,2000,11714600,201830000000,-200,true,-1.16
"NVL",142720,"/Date(1704785239000)/",17100,47500,11712600,201796000000,-200,true,-1.16
"NVL",142720,"/Date(1704785238000)/",17100,500,11665100,200984000000,-200,true,-1.16
"NVL",142704,"/Date(1704785223000)/",17150,200,11664600,200975000000,-150,false,-0.87
"NVL",142701,"/Date(1704785217000)/",17150,100,11664400,200972000000,-150,false,-0.87
"NVL",142658,"/Date(1704785217000)/",17100,2000,11664300,200970000000,-200,true,-1.16
"NVL",142658,"/Date(1704785217000)/",17100,300,11662300,200936000000,-200,true,-1.16
"NVL",142658,"/Date(1704785217000)/",17100,100,11662000,200931000000,-200,true,-1.16
"NVL",142658,"/Date(1704785217000)/",17100,100,11661900,200929000000,-200,true,-1.16
"NVL",142658,"/Date(1704785217000)/",17100,500,11661800,200927000000,-200,true,-1.16
"NVL",142658,"/Date(1704785216000)/",17100,4500,11661300,200919000000,-200,true,-1.16
"NVL",142658,"/Date(1704785216000)/",17100,100,11656800,200842000000,-200,true,-1.16
"NVL",142658,"/Date(1704785216000)/",17100,3000,11656700,200840000000,-200,true,-1.16
"NVL",142658,"/Date(1704785216000)/",17100,2400,11653700,200789000000,-200,true,-1.16
"NVL",142654,"/Date(1704785214000)/",17150,200,11651300,200748000000,-150,false,-0.87
"NVL",142654,"/Date(1704785214000)/",17100,2600,11651100,200744000000,-200,true,-1.16
"NVL",142654,"/Date(1704785214000)/",17100,5000,11648500,200700000000,-200,true,-1.16
"NVL",142654,"/Date(1704785214000)/",17100,500,11643500,200614000000,-200,true,-1.16
"NVL",142654,"/Date(1704785214000)/",17100,500,11643000,200606000000,-200,true,-1.16
"NVL",142654,"/Date(1704785214000)/",17100,1000,11642500,200597000000,-200,true,-1.16
"NVL",142654,"/Date(1704785214000)/",17100,5400,11641500,200580000000,-200,true,-1.16
"NVL",142654,"/Date(1704785213000)/",17100,1600,11636100,200488000000,-200,true,-1.16
"NVL",142654,"/Date(1704785213000)/",17100,1400,11634500,200460000000,-200,true,-1.16
"NVL",142654,"/Date(1704785213000)/",17100,500,11633100,200436000000,-200,true,-1.16
"NVL",142651,"/Date(1704785211000)/",17100,100,11632600,200428000000,-200,true,-1.16
"NVL",142651,"/Date(1704785210000)/",17100,100,11632500,200426000000,-200,true,-1.16
"NVL",142651,"/Date(1704785210000)/",17100,200,11632400,200424000000,-200,true,-1.16
"NVL",142651,"/Date(1704785210000)/",17100,200,11632200,200421000000,-200,true,-1.16
"NVL",142651,"/Date(1704785208000)/",17100,800,11632000,200418000000,-200,true,-1.16
"NVL",142651,"/Date(1704785208000)/",17100,1000,11631200,200404000000,-200,true,-1.16
"NVL",142651,"/Date(1704785208000)/",17100,300,11630200,200387000000,-200,true,-1.16
"NVL",142651,"/Date(1704785208000)/",17100,1000,11629900,200382000000,-200,true,-1.16
"NVL",142651,"/Date(1704785208000)/",17100,300,11628900,200365000000,-200,true,-1.16
"NVL",142645,"/Date(1704785204000)/",17100,200,11628600,200360000000,-200,true,-1.16
"NVL",142645,"/Date(1704785204000)/",17150,7200,11628400,200356000000,-150,false,-0.87
"NVL",142645,"/Date(1704785204000)/",17150,200,11621200,200233000000,-150,false,-0.87
"NVL",142642,"/Date(1704785201000)/",17100,1000,11621000,200229000000,-200,true,-1.16
"NVL",142642,"/Date(1704785201000)/",17100,1300,11620000,200212000000,-200,true,-1.16
"NVL",142642,"/Date(1704785201000)/",17100,400,11618700,200190000000,-200,true,-1.16
"NVL",142642,"/Date(1704785201000)/",17100,2500,11618300,200183000000,-200,true,-1.16
"NVL",142642,"/Date(1704785201000)/",17100,100,11615800,200140000000,-200,true,-1.16
"NVL",142642,"/Date(1704785201000)/",17100,100,11615700,200139000000,-200,true,-1.16
"NVL",142642,"/Date(1704785201000)/",17100,300,11615600,200137000000,-200,true,-1.16
"NVL",142642,"/Date(1704785201000)/",17100,400,11615300,200132000000,-200,true,-1.16
"NVL",142642,"/Date(1704785201000)/",17100,200,11614900,200125000000,-200,true,-1.16
"NVL",142642,"/Date(1704785201000)/",17100,500,11614700,200121000000,-200,true,-1.16
"NVL",142642,"/Date(1704785201000)/",17100,200,11614200,200113000000,-200,true,-1.16
"NVL",142642,"/Date(1704785201000)/",17100,2000,11614000,200109000000,-200,true,-1.16
"NVL",142642,"/Date(1704785201000)/",17100,10000,11612000,200075000000,-200,true,-1.16
"NVL",142642,"/Date(1704785201000)/",17100,8500,11602000,199904000000,-200,true,-1.16
"NVL",142642,"/Date(1704785201000)/",17100,100,11593500,199759000000,-200,true,-1.16
"NVL",142642,"/Date(1704785201000)/",17100,200,11593400,199757000000,-200,true,-1.16
"NVL",142642,"/Date(1704785201000)/",17100,200,11593200,199754000000,-200,true,-1.16
"NVL",142642,"/Date(1704785201000)/",17100,500,11593000,199750000000,-200,true,-1.16
"NVL",142642,"/Date(1704785201000)/",17100,3000,11592500,199742000000,-200,true,-1.16
"NVL",142642,"/Date(1704785201000)/",17100,200,11589500,199691000000,-200,true,-1.16
"NVL",142642,"/Date(1704785201000)/",17100,10000,11589300,199687000000,-200,true,-1.16
"NVL",142642,"/Date(1704785201000)/",17100,2000,11579300,199516000000,-200,true,-1.16
"NVL",142642,"/Date(1704785201000)/",17100,1000,11577300,199482000000,-200,true,-1.16
"NVL",142642,"/Date(1704785201000)/",17100,1000,11576300,199465000000,-200,true,-1.16
"NVL",142642,"/Date(1704785201000)/",17100,500,11575300,199448000000,-200,true,-1.16
"NVL",142642,"/Date(1704785201000)/",17100,10000,11574800,199439000000,-200,true,-1.16
"NVL",142642,"/Date(1704785201000)/",17100,600,11564800,199268000000,-200,true,-1.16
"NVL",142642,"/Date(1704785201000)/",17100,100,11564200,199258000000,-200,true,-1.16
"NVL",142642,"/Date(1704785201000)/",17100,2000,11564100,199256000000,-200,true,-1.16
"NVL",142642,"/Date(1704785201000)/",17100,1000,11562100,199222000000,-200,true,-1.16
"NVL",142642,"/Date(1704785201000)/",17100,100,11561100,199205000000,-200,true,-1.16
"NVL",142642,"/Date(1704785201000)/",17100,1000,11561000,199203000000,-200,true,-1.16
"NVL",142642,"/Date(1704785201000)/",17100,2000,11560000,199186000000,-200,true,-1.16
"NVL",142642,"/Date(1704785201000)/",17100,300,11558000,199152000000,-200,true,-1.16
"NVL",142642,"/Date(1704785201000)/",17100,200,11557700,199147000000,-200,true,-1.16
"NVL",142642,"/Date(1704785201000)/",17100,1000,11557500,199143000000,-200,true,-1.16
"NVL",142642,"/Date(1704785201000)/",17100,1000,11556500,199126000000,-200,true,-1.16
"NVL",142642,"/Date(1704785201000)/",17100,100,11555500,199109000000,-200,true,-1.16
"NVL",142642,"/Date(1704785201000)/",17100,400,11555400,199107000000,-200,true,-1.16
"NVL",142642,"/Date(1704785201000)/",17100,1000,11555000,199101000000,-200,true,-1.16
"NVL",142642,"/Date(1704785201000)/",17100,2000,11554000,199083000000,-200,true,-1.16
"NVL",142642,"/Date(1704785201000)/",17100,9000,11552000,199049000000,-200,true,-1.16
"NVL",142642,"/Date(1704785201000)/",17100,10000,11543000,198895000000,-200,true,-1.16
"NVL",142642,"/Date(1704785201000)/",17100,100,11533000,198724000000,-200,true,-1.16
"NVL",142642,"/Date(1704785201000)/",17100,300,11532900,198723000000,-200,true,-1.16
"NVL",142642,"/Date(1704785201000)/",17100,2000,11532600,198718000000,-200,true,-1.16
"NVL",142642,"/Date(1704785201000)/",17100,100,11530600,198683000000,-200,true,-1.16
"NVL",142642,"/Date(1704785201000)/",17100,300,11530500,198682000000,-200,true,-1.16
"NVL",142642,"/Date(1704785201000)/",17100,1000,11530200,198677000000,-200,true,-1.16
"NVL",142642,"/Date(1704785201000)/",17100,1000,11529200,198659000000,-200,true,-1.16
"NVL",142642,"/Date(1704785201000)/",17100,500,11528200,198642000000,-200,true,-1.16
"NVL",142642,"/Date(1704785201000)/",17100,1000,11527700,198634000000,-200,true,-1.16
"NVL",142642,"/Date(1704785201000)/",17100,400,11526700,198617000000,-200,true,-1.16
"NVL",142642,"/Date(1704785201000)/",17100,100,11526300,198610000000,-200,true,-1.16
"NVL",142642,"/Date(1704785201000)/",17100,5200,11526200,198608000000,-200,true,-1.16
"NVL",142642,"/Date(1704785200000)/",17150,100,11521000,198519000000,-150,false,-0.87
"NVL",142642,"/Date(1704785199000)/",17150,500,11520900,198517000000,-150,false,-0.87
"NVL",142638,"/Date(1704785195000)/",17100,500,11520400,198509000000,-200,true,-1.16
"NVL",142632,"/Date(1704785191000)/",17150,200,11519900,198500000000,-150,false,-0.87
"NVL",142629,"/Date(1704785187000)/",17150,500,11519700,198497000000,-150,false,-0.87
"NVL",142626,"/Date(1704785184000)/",17150,200,11519200,198488000000,-150,false,-0.87
"NVL",142622,"/Date(1704785182000)/",17150,5000,11519000,198485000000,-150,false,-0.87
"NVL",142622,"/Date(1704785181000)/",17150,100,11514000,198399000000,-150,false,-0.87
"NVL",142622,"/Date(1704785181000)/",17100,4300,11513900,198397000000,-200,true,-1.16
"NVL",142622,"/Date(1704785181000)/",17100,500,11509600,198324000000,-200,true,-1.16
"NVL",142622,"/Date(1704785181000)/",17100,400,11509100,198315000000,-200,true,-1.16
"NVL",142616,"/Date(1704785175000)/",17100,100,11508700,198309000000,-200,true,-1.16
"NVL",142616,"/Date(1704785175000)/",17100,100,11508600,198307000000,-200,true,-1.16
"NVL",142613,"/Date(1704785172000)/",17150,200,11508500,198305000000,-150,false,-0.87
"NVL",142613,"/Date(1704785171000)/",17150,100,11508300,198302000000,-150,false,-0.87
"NVL",142613,"/Date(1704785171000)/",17100,200,11508200,198300000000,-200,true,-1.16
"NVL",142613,"/Date(1704785171000)/",17100,900,11508000,198297000000,-200,true,-1.16
"NVL",142610,"/Date(1704785168000)/",17100,100,11507100,198281000000,-200,true,-1.16
"NVL",142610,"/Date(1704785167000)/",17100,200,11507000,198279000000,-200,true,-1.16
"NVL",142610,"/Date(1704785167000)/",17100,1000,11506800,198276000000,-200,true,-1.16
"NVL",142610,"/Date(1704785167000)/",17100,200,11505800,198259000000,-200,true,-1.16
"NVL",142610,"/Date(1704785167000)/",17100,100,11505600,198256000000,-200,true,-1.16
"NVL",142610,"/Date(1704785167000)/",17100,300,11505500,198254000000,-200,true,-1.16
"NVL",142610,"/Date(1704785167000)/",17100,1000,11505200,198249000000,-200,true,-1.16
"NVL",142610,"/Date(1704785167000)/",17100,400,11504200,198232000000,-200,true,-1.16
"NVL",142610,"/Date(1704785167000)/",17100,100,11503800,198225000000,-200,true,-1.16
"NVL",142610,"/Date(1704785167000)/",17100,200,11503700,198223000000,-200,true,-1.16
"NVL",142610,"/Date(1704785167000)/",17100,500,11503500,198220000000,-200,true,-1.16
"NVL",142610,"/Date(1704785167000)/",17100,500,11503000,198211000000,-200,true,-1.16
"NVL",142610,"/Date(1704785167000)/",17100,400,11502500,198202000000,-200,true,-1.16
"NVL",142610,"/Date(1704785167000)/",17100,300,11502100,198196000000,-200,true,-1.16
"NVL",142610,"/Date(1704785167000)/",17100,5000,11501800,198191000000,-200,true,-1.16
"NVL",142610,"/Date(1704785167000)/",17100,300,11496800,198105000000,-200,true,-1.16
"NVL",142600,"/Date(1704785158000)/",17150,100,11496500,198100000000,-150,false,-0.87
"NVL",142557,"/Date(1704785155000)/",17150,200,11496400,198098000000,-150,false,-0.87
"NVL",142551,"/Date(1704785149000)/",17150,1000,11496200,198095000000,-150,false,-0.87
"NVL",142538,"/Date(1704785135000)/",17150,700,11495200,198078000000,-150,false,-0.87
"NVL",142538,"/Date(1704785135000)/",17150,800,11494500,198066000000,-150,false,-0.87
"NVL",142535,"/Date(1704785134000)/",17150,1300,11493700,198052000000,-150,false,-0.87
"NVL",142531,"/Date(1704785128000)/",17150,1000,11492400,198030000000,-150,false,-0.87
"NVL",142515,"/Date(1704785115000)/",17150,200,11491400,198012000000,-150,false,-0.87
"NVL",142459,"/Date(1704785097000)/",17150,500,11491200,198009000000,-150,false,-0.87
"NVL",142459,"/Date(1704785097000)/",17100,2700,11490700,198000000000,-200,true,-1.16
"NVL",142459,"/Date(1704785097000)/",17100,5000,11488000,197954000000,-200,true,-1.16
"NVL",142459,"/Date(1704785097000)/",17100,1000,11483000,197869000000,-200,true,-1.16
"NVL",142459,"/Date(1704785097000)/",17100,200,11482000,197852000000,-200,true,-1.16
"NVL",142459,"/Date(1704785097000)/",17100,600,11481800,197848000000,-200,true,-1.16
"NVL",142459,"/Date(1704785097000)/",17100,100,11481200,197838000000,-200,true,-1.16
"NVL",142459,"/Date(1704785097000)/",17100,400,11481100,197836000000,-200,true,-1.16
"NVL",142453,"/Date(1704785091000)/",17150,100,11480700,197829000000,-150,false,-0.87
"NVL",142450,"/Date(1704785088000)/",17150,100,11480600,197828000000,-150,false,-0.87
"NVL",142430,"/Date(1704785069000)/",17150,800,11480500,197826000000,-150,false,-0.87
"NVL",142418,"/Date(1704785057000)/",17100,600,11479700,197812000000,-200,true,-1.16
"NVL",142418,"/Date(1704785057000)/",17100,400,11479100,197802000000,-200,true,-1.16
"NVL",142408,"/Date(1704785046000)/",17150,500,11478700,197795000000,-150,false,-0.87
"NVL",142405,"/Date(1704785044000)/",17150,1000,11478200,197787000000,-150,false,-0.87
"NVL",142405,"/Date(1704785042000)/",17100,100,11477200,197769000000,-200,true,-1.16
"NVL",142405,"/Date(1704785042000)/",17100,200,11477100,197768000000,-200,true,-1.16
"NVL",142402,"/Date(1704785038000)/",17150,100,11476900,197764000000,-150,false,-0.87
"NVL",142359,"/Date(1704785037000)/",17100,800,11476800,197763000000,-200,true,-1.16
"NVL",142359,"/Date(1704785036000)/",17150,1000,11476000,197749000000,-150,false,-0.87
"NVL",142349,"/Date(1704785026000)/",17150,2000,11475000,197732000000,-150,false,-0.87
"NVL",142346,"/Date(1704785024000)/",17100,100,11473000,197697000000,-200,true,-1.16
"NVL",142343,"/Date(1704785021000)/",17150,500,11472900,197696000000,-150,false,-0.87
"NVL",142343,"/Date(1704785020000)/",17100,100,11472400,197687000000,-200,true,-1.16
"NVL",142333,"/Date(1704785013000)/",17100,1500,11472300,197685000000,-200,true,-1.16
"NVL",142330,"/Date(1704785007000)/",17100,2300,11470800,197660000000,-200,true,-1.16
"NVL",142330,"/Date(1704785007000)/",17100,500,11468500,197620000000,-200,true,-1.16
"NVL",142330,"/Date(1704785007000)/",17100,100,11468000,197612000000,-200,true,-1.16
"NVL",142327,"/Date(1704785006000)/",17100,900,11467900,197610000000,-200,true,-1.16
"NVL",142327,"/Date(1704785006000)/",17100,100,11467000,197595000000,-200,true,-1.16
"NVL",142327,"/Date(1704785005000)/",17150,1900,11466900,197593000000,-150,false,-0.87
"NVL",142327,"/Date(1704785005000)/",17150,3100,11465000,197561000000,-150,false,-0.87
"NVL",142327,"/Date(1704785004000)/",17100,100,11461900,197507000000,-200,true,-1.16
"NVL",142327,"/Date(1704785003000)/",17100,300,11461800,197506000000,-200,true,-1.16
"NVL",142327,"/Date(1704785003000)/",17100,700,11461500,197501000000,-200,true,-1.16
"NVL",142323,"/Date(1704785001000)/",17100,500,11460800,197489000000,-200,true,-1.16
"NVL",142320,"/Date(1704784998000)/",17100,800,11460300,197480000000,-200,true,-1.16
"NVL",142320,"/Date(1704784998000)/",17100,2000,11459500,197466000000,-200,true,-1.16
"NVL",142320,"/Date(1704784998000)/",17100,3000,11457500,197432000000,-200,true,-1.16
"NVL",142320,"/Date(1704784998000)/",17100,100,11454500,197381000000,-200,true,-1.16
"NVL",142320,"/Date(1704784998000)/",17100,200,11454400,197379000000,-200,true,-1.16
"NVL",142320,"/Date(1704784998000)/",17100,300,11454200,197376000000,-200,true,-1.16
"NVL",142320,"/Date(1704784998000)/",17100,100,11453900,197371000000,-200,true,-1.16
"NVL",142320,"/Date(1704784998000)/",17100,100,11453800,197369000000,-200,true,-1.16
"NVL",142320,"/Date(1704784998000)/",17100,200,11453700,197367000000,-200,true,-1.16
"NVL",142320,"/Date(1704784998000)/",17100,200,11453500,197364000000,-200,true,-1.16
"NVL",142320,"/Date(1704784998000)/",17100,100,11453300,197360000000,-200,true,-1.16
"NVL",142320,"/Date(1704784998000)/",17100,1000,11453200,197359000000,-200,true,-1.16
"NVL",142320,"/Date(1704784998000)/",17100,3000,11452200,197342000000,-200,true,-1.16
"NVL",142320,"/Date(1704784998000)/",17100,1000,11449200,197290000000,-200,true,-1.16
"NVL",142320,"/Date(1704784998000)/",17100,500,11448200,197273000000,-200,true,-1.16
"NVL",142320,"/Date(1704784998000)/",17100,100,11447700,197265000000,-200,true,-1.16
"NVL",142320,"/Date(1704784998000)/",17100,2600,11447600,197263000000,-200,true,-1.16
"NVL",142320,"/Date(1704784998000)/",17100,20000,11445000,197218000000,-200,true,-1.16
"NVL",142320,"/Date(1704784998000)/",17100,500,11425000,196876000000,-200,true,-1.16
"NVL",142320,"/Date(1704784998000)/",17100,10000,11424500,196868000000,-200,true,-1.16
"NVL",142320,"/Date(1704784998000)/",17100,100,11414500,196697000000,-200,true,-1.16
"NVL",142320,"/Date(1704784998000)/",17100,300,11414400,196695000000,-200,true,-1.16
"NVL",142320,"/Date(1704784998000)/",17100,100,11414100,196690000000,-200,true,-1.16
"NVL",142320,"/Date(1704784998000)/",17100,100,11414000,196688000000,-200,true,-1.16
"NVL",142320,"/Date(1704784998000)/",17100,7600,11413900,196687000000,-200,true,-1.16
"NVL",142320,"/Date(1704784998000)/",17150,500,11406300,196557000000,-150,false,-0.87
"NVL",142320,"/Date(1704784997000)/",17100,200,11405800,196548000000,-200,true,-1.16
"NVL",142317,"/Date(1704784994000)/",17100,2200,11405600,196545000000,-200,true,-1.16
"NVL",142317,"/Date(1704784994000)/",17100,1500,11403400,196507000000,-200,true,-1.16
"NVL",142314,"/Date(1704784990000)/",17100,200,11401900,196481000000,-200,true,-1.16
"NVL",142307,"/Date(1704784986000)/",17100,3300,11401700,196478000000,-200,true,-1.16
"NVL",142307,"/Date(1704784986000)/",17100,1000,11398400,196422000000,-200,true,-1.16
"NVL",142307,"/Date(1704784986000)/",17100,800,11397400,196404000000,-200,true,-1.16
"NVL",142301,"/Date(1704784980000)/",17100,200,11396600,196391000000,-200,true,-1.16
"NVL",142258,"/Date(1704784977000)/",17150,5000,11396400,196387000000,-150,false,-0.87
"NVL",142251,"/Date(1704784970000)/",17100,100,11391400,196302000000,-200,true,-1.16
"NVL",142251,"/Date(1704784970000)/",17100,1000,11391300,196300000000,-200,true,-1.16
"NVL",142251,"/Date(1704784970000)/",17100,700,11390300,196283000000,-200,true,-1.16
"NVL",142242,"/Date(1704784961000)/",17150,100,11389600,196271000000,-150,false,-0.87
"NVL",142235,"/Date(1704784953000)/",17150,400,11389500,196269000000,-150,false,-0.87
"NVL",142232,"/Date(1704784950000)/",17100,700,11389100,196262000000,-200,true,-1.16
"NVL",142213,"/Date(1704784931000)/",17100,300,11388400,196250000000,-200,true,-1.16
"NVL",142213,"/Date(1704784930000)/",17150,200,11388100,196245000000,-150,false,-0.87
"NVL",142210,"/Date(1704784929000)/",17150,100,11387900,196242000000,-150,false,-0.87
"NVL",142210,"/Date(1704784929000)/",17100,200,11387800,196240000000,-200,true,-1.16
"NVL",142210,"/Date(1704784927000)/",17150,600,11387600,196237000000,-150,false,-0.87
"NVL",142210,"/Date(1704784927000)/",17150,400,11387000,196226000000,-150,false,-0.87
"NVL",142210,"/Date(1704784927000)/",17150,100,11386600,196219000000,-150,false,-0.87
"NVL",142207,"/Date(1704784925000)/",17150,300,11386500,196218000000,-150,false,-0.87
"NVL",142157,"/Date(1704784914000)/",17150,3000,11386200,196213000000,-150,false,-0.87
"NVL",142154,"/Date(1704784912000)/",17100,1000,11383200,196161000000,-200,true,-1.16
"NVL",142151,"/Date(1704784909000)/",17150,500,11382200,196144000000,-150,false,-0.87
"NVL",142147,"/Date(1704784905000)/",17150,100,11381700,196135000000,-150,false,-0.87
"NVL",142144,"/Date(1704784904000)/",17150,1500,11381600,196134000000,-150,false,-0.87
"NVL",142144,"/Date(1704784903000)/",17100,200,11380100,196108000000,-200,true,-1.16
"NVL",142141,"/Date(1704784900000)/",17100,300,11379900,196105000000,-200,true,-1.16
"NVL",142141,"/Date(1704784899000)/",17100,500,11379600,196099000000,-200,true,-1.16
"NVL",142138,"/Date(1704784895000)/",17150,100,11379100,196091000000,-150,false,-0.87
"NVL",142138,"/Date(1704784895000)/",17150,200,11379000,196089000000,-150,false,-0.87
"NVL",142138,"/Date(1704784895000)/",17150,700,11378800,196086000000,-150,false,-0.87
"NVL",142131,"/Date(1704784889000)/",17150,500,11378100,196074000000,-150,false,-0.87
"NVL",142119,"/Date(1704784876000)/",17100,800,11377600,196065000000,-200,true,-1.16
"NVL",142056,"/Date(1704784853000)/",17150,100,11376800,196051000000,-150,false,-0.87
"NVL",142053,"/Date(1704784852000)/",17150,700,11376700,196050000000,-150,false,-0.87
"NVL",142050,"/Date(1704784847000)/",17150,300,11376000,196038000000,-150,false,-0.87
"NVL",142047,"/Date(1704784845000)/",17150,3000,11375700,196033000000,-150,false,-0.87
"NVL",142047,"/Date(1704784845000)/",17150,1000,11372700,195981000000,-150,false,-0.87
"NVL",142047,"/Date(1704784844000)/",17150,100,11371700,195964000000,-150,false,-0.87
"NVL",142043,"/Date(1704784842000)/",17150,100,11371600,195962000000,-150,false,-0.87
"NVL",142037,"/Date(1704784835000)/",17150,100,11371500,195961000000,-150,false,-0.87
"NVL",142037,"/Date(1704784835000)/",17150,100,11371400,195959000000,-150,false,-0.87
"NVL",142031,"/Date(1704784829000)/",17150,2000,11371300,195957000000,-150,false,-0.87
"NVL",142031,"/Date(1704784827000)/",17150,4800,11369300,195923000000,-150,false,-0.87
"NVL",142031,"/Date(1704784827000)/",17150,2500,11364500,195841000000,-150,false,-0.87
"NVL",142031,"/Date(1704784827000)/",17150,700,11362000,195798000000,-150,false,-0.87
"NVL",142027,"/Date(1704784826000)/",17100,5000,11361300,195786000000,-200,true,-1.16
"NVL",142027,"/Date(1704784826000)/",17150,300,11356300,195700000000,-150,false,-0.87
"NVL",142027,"/Date(1704784826000)/",17150,100,11356000,195695000000,-150,false,-0.87
"NVL",142021,"/Date(1704784819000)/",17150,500,11355900,195693000000,-150,false,-0.87
"NVL",142011,"/Date(1704784809000)/",17150,100,11355400,195685000000,-150,false,-0.87
"NVL",142008,"/Date(1704784806000)/",17150,1000,11355300,195683000000,-150,false,-0.87
"NVL",142008,"/Date(1704784805000)/",17150,1000,11354300,195666000000,-150,false,-0.87
"NVL",142002,"/Date(1704784800000)/",17150,200,11353300,195649000000,-150,false,-0.87
"NVL",142002,"/Date(1704784799000)/",17150,600,11353100,195645000000,-150,false,-0.87
"NVL",141959,"/Date(1704784795000)/",17150,1500,11352500,195635000000,-150,false,-0.87
"NVL",141959,"/Date(1704784795000)/",17150,1500,11351000,195609000000,-150,false,-0.87
"NVL",141955,"/Date(1704784794000)/",17150,200,11349500,195584000000,-150,false,-0.87
"NVL",141955,"/Date(1704784793000)/",17150,3500,11349300,195580000000,-150,false,-0.87
"NVL",141952,"/Date(1704784789000)/",17150,100,11345800,195520000000,-150,false,-0.87
"NVL",141949,"/Date(1704784786000)/",17150,2000,11345700,195518000000,-150,false,-0.87
"NVL",141946,"/Date(1704784784000)/",17150,100,11343700,195484000000,-150,false,-0.87
"NVL",141946,"/Date(1704784783000)/",17150,200,11343600,195482000000,-150,false,-0.87
"NVL",141943,"/Date(1704784781000)/",17150,100,11343400,195479000000,-150,false,-0.87
"NVL",141939,"/Date(1704784779000)/",17150,300,11343300,195477000000,-150,false,-0.87
"NVL",141936,"/Date(1704784775000)/",17150,200,11343000,195472000000,-150,false,-0.87
"NVL",141936,"/Date(1704784775000)/",17150,800,11342800,195469000000,-150,false,-0.87
"NVL",141936,"/Date(1704784773000)/",17150,1000,11342000,195455000000,-150,false,-0.87
"NVL",141933,"/Date(1704784770000)/",17150,100,11341000,195438000000,-150,true,-0.87
"NVL",141933,"/Date(1704784770000)/",17150,500,11340900,195436000000,-150,true,-0.87
"NVL",141933,"/Date(1704784770000)/",17150,1000,11340400,195427000000,-150,true,-0.87
"NVL",141933,"/Date(1704784770000)/",17150,400,11339400,195410000000,-150,true,-0.87
"NVL",141933,"/Date(1704784770000)/",17150,48000,11339000,195403000000,-150,true,-0.87
"NVL",141930,"/Date(1704784769000)/",17150,100,11291000,194580000000,-150,true,-0.87
"NVL",141927,"/Date(1704784765000)/",17150,1900,11290900,194579000000,-150,true,-0.87
"NVL",141927,"/Date(1704784765000)/",17150,100,11289000,194546000000,-150,true,-0.87
"NVL",141914,"/Date(1704784753000)/",17150,200,11288900,194544000000,-150,true,-0.87
"NVL",141914,"/Date(1704784753000)/",17150,400,11288700,194541000000,-150,true,-0.87
"NVL",141914,"/Date(1704784751000)/",17150,200,11288300,194534000000,-150,true,-0.87
"NVL",141914,"/Date(1704784751000)/",17200,100,11288100,194531000000,-100,false,-0.58
"NVL",141907,"/Date(1704784747000)/",17150,400,11288000,194529000000,-150,true,-0.87
"NVL",141907,"/Date(1704784746000)/",17150,500,11287600,194522000000,-150,true,-0.87
"NVL",141907,"/Date(1704784746000)/",17150,1000,11287100,194513000000,-150,true,-0.87
"NVL",141907,"/Date(1704784746000)/",17150,400,11286100,194496000000,-150,true,-0.87
"NVL",141907,"/Date(1704784746000)/",17150,100,11285700,194489000000,-150,true,-0.87
"NVL",141907,"/Date(1704784746000)/",17150,100,11285600,194488000000,-150,true,-0.87
"NVL",141907,"/Date(1704784746000)/",17150,1000,11285500,194486000000,-150,true,-0.87
"NVL",141907,"/Date(1704784746000)/",17150,2000,11284500,194469000000,-150,true,-0.87
"NVL",141907,"/Date(1704784746000)/",17150,8200,11282500,194434000000,-150,true,-0.87
"NVL",141907,"/Date(1704784746000)/",17150,200,11274300,194294000000,-150,true,-0.87
"NVL",141907,"/Date(1704784746000)/",17150,100,11274100,194290000000,-150,true,-0.87
"NVL",141907,"/Date(1704784745000)/",17150,3000,11274000,194289000000,-150,true,-0.87
"NVL",141855,"/Date(1704784733000)/",17150,1900,11271000,194237000000,-150,true,-0.87
"NVL",141855,"/Date(1704784733000)/",17150,100,11269100,194205000000,-150,true,-0.87
"NVL",141855,"/Date(1704784733000)/",17150,300,11269000,194203000000,-150,true,-0.87
"NVL",141855,"/Date(1704784731000)/",17150,600,11268700,194198000000,-150,true,-0.87
"NVL",141855,"/Date(1704784731000)/",17150,300,11268100,194188000000,-150,true,-0.87
"NVL",141855,"/Date(1704784731000)/",17150,100,11267800,194182000000,-150,true,-0.87
"NVL",141848,"/Date(1704784727000)/",17150,100,11267700,194181000000,-150,true,-0.87
"NVL",141848,"/Date(1704784727000)/",17150,100,11267600,194179000000,-150,true,-0.87
"NVL",141848,"/Date(1704784727000)/",17150,700,11267500,194177000000,-150,true,-0.87
"NVL",141848,"/Date(1704784725000)/",17200,100,11266800,194165000000,-100,false,-0.58
"NVL",141845,"/Date(1704784722000)/",17150,200,11266700,194163000000,-150,true,-0.87
"NVL",141839,"/Date(1704784715000)/",17150,300,11266500,194160000000,-150,true,-0.87
"NVL",141832,"/Date(1704784712000)/",17150,800,11266200,194155000000,-150,true,-0.87
"NVL",141832,"/Date(1704784712000)/",17150,200,11265400,194141000000,-150,true,-0.87
"NVL",141829,"/Date(1704784708000)/",17150,100,11265200,194138000000,-150,true,-0.87
"NVL",141829,"/Date(1704784708000)/",17150,400,11265100,194136000000,-150,true,-0.87
"NVL",141829,"/Date(1704784707000)/",17150,100,11264700,194129000000,-150,true,-0.87
"NVL",141810,"/Date(1704784688000)/",17150,100,11264600,194127000000,-150,true,-0.87
"NVL",141807,"/Date(1704784684000)/",17200,900,11264500,194126000000,-100,false,-0.58
"NVL",141807,"/Date(1704784684000)/",17200,100,11263600,194110000000,-100,false,-0.58
"NVL",141754,"/Date(1704784673000)/",17200,100,11263500,194109000000,-100,false,-0.58
"NVL",141751,"/Date(1704784668000)/",17150,400,11263400,194107000000,-150,true,-0.87
"NVL",141751,"/Date(1704784668000)/",17150,500,11263000,194100000000,-150,true,-0.87
"NVL",141751,"/Date(1704784668000)/",17150,100,11262500,194091000000,-150,true,-0.87
"NVL",141747,"/Date(1704784664000)/",17150,1900,11262400,194090000000,-150,true,-0.87
"NVL",141747,"/Date(1704784664000)/",17150,500,11260500,194057000000,-150,true,-0.87
"NVL",141747,"/Date(1704784664000)/",17150,200,11260000,194049000000,-150,true,-0.87
"NVL",141747,"/Date(1704784664000)/",17150,1000,11259800,194045000000,-150,true,-0.87
"NVL",141747,"/Date(1704784664000)/",17150,300,11258800,194028000000,-150,true,-0.87
"NVL",141747,"/Date(1704784664000)/",17150,100,11258500,194023000000,-150,true,-0.87
"NVL",141747,"/Date(1704784664000)/",17150,1000,11258400,194021000000,-150,true,-0.87
"NVL",141744,"/Date(1704784663000)/",17150,200,11257400,194004000000,-150,true,-0.87
"NVL",141744,"/Date(1704784663000)/",17150,300,11257200,194001000000,-150,true,-0.87
"NVL",141741,"/Date(1704784659000)/",17150,200,11256900,193995000000,-150,true,-0.87
"NVL",141741,"/Date(1704784659000)/",17150,100,11256700,193992000000,-150,true,-0.87
"NVL",141738,"/Date(1704784657000)/",17150,1000,11256600,193990000000,-150,true,-0.87
"NVL",141738,"/Date(1704784657000)/",17150,100,11255600,193973000000,-150,true,-0.87
"NVL",141738,"/Date(1704784657000)/",17150,900,11255500,193971000000,-150,true,-0.87
"NVL",141731,"/Date(1704784648000)/",17150,100,11254600,193956000000,-150,true,-0.87
"NVL",141728,"/Date(1704784646000)/",17150,1000,11254500,193954000000,-150,true,-0.87
"NVL",141709,"/Date(1704784626000)/",17150,2500,11253500,193937000000,-150,false,-0.87
"NVL",141709,"/Date(1704784626000)/",17150,1000,11251000,193894000000,-150,false,-0.87
"NVL",141709,"/Date(1704784626000)/",17150,4500,11250000,193877000000,-150,false,-0.87
"NVL",141706,"/Date(1704784623000)/",17150,3000,11245500,193800000000,-150,false,-0.87
"NVL",141659,"/Date(1704784618000)/",17150,400,11242500,193748000000,-150,false,-0.87
"NVL",141659,"/Date(1704784618000)/",17150,200,11242100,193742000000,-150,false,-0.87
"NVL",141656,"/Date(1704784615000)/",17150,1000,11241900,193738000000,-150,false,-0.87
"NVL",141656,"/Date(1704784613000)/",17150,200,11240900,193721000000,-150,false,-0.87
"NVL",141656,"/Date(1704784613000)/",17150,100,11240700,193718000000,-150,false,-0.87
"NVL",141653,"/Date(1704784612000)/",17100,300,11240600,193716000000,-200,true,-1.16
"NVL",141649,"/Date(1704784608000)/",17150,1000,11240300,193711000000,-150,false,-0.87
"NVL",141649,"/Date(1704784608000)/",17150,700,11239300,193694000000,-150,false,-0.87
"NVL",141646,"/Date(1704784604000)/",17150,100,11238600,193682000000,-150,false,-0.87
"NVL",141646,"/Date(1704784603000)/",17150,1000,11238500,193680000000,-150,false,-0.87
"NVL",141643,"/Date(1704784601000)/",17150,200,11237500,193663000000,-150,false,-0.87
"NVL",141643,"/Date(1704784600000)/",17150,100,11237300,193659000000,-150,false,-0.87
"NVL",141643,"/Date(1704784600000)/",17150,100,11237200,193658000000,-150,false,-0.87
"NVL",141640,"/Date(1704784597000)/",17150,200,11237100,193656000000,-150,false,-0.87
"NVL",141640,"/Date(1704784597000)/",17150,1800,11236900,193652000000,-150,false,-0.87
"NVL",141640,"/Date(1704784597000)/",17150,500,11235100,193622000000,-150,false,-0.87
"NVL",141640,"/Date(1704784597000)/",17150,200,11234600,193613000000,-150,false,-0.87
"NVL",141640,"/Date(1704784597000)/",17150,300,11234400,193610000000,-150,false,-0.87
"NVL",141640,"/Date(1704784597000)/",17150,900,11234100,193604000000,-150,false,-0.87
"NVL",141640,"/Date(1704784597000)/",17150,3500,11233200,193589000000,-150,false,-0.87
"NVL",141640,"/Date(1704784597000)/",17150,2000,11229700,193529000000,-150,false,-0.87
"NVL",141633,"/Date(1704784592000)/",17150,14500,11227700,193495000000,-150,true,-0.87
"NVL",141633,"/Date(1704784592000)/",17150,10000,11213200,193246000000,-150,true,-0.87
"NVL",141633,"/Date(1704784592000)/",17150,3000,11203200,193074000000,-150,true,-0.87
"NVL",141633,"/Date(1704784592000)/",17150,700,11200200,193023000000,-150,true,-0.87
"NVL",141633,"/Date(1704784592000)/",17150,500,11199500,193011000000,-150,true,-0.87
"NVL",141633,"/Date(1704784592000)/",17150,300,11199000,193002000000,-150,true,-0.87
"NVL",141633,"/Date(1704784592000)/",17150,2000,11198700,192997000000,-150,true,-0.87
"NVL",141633,"/Date(1704784592000)/",17150,1000,11196700,192963000000,-150,true,-0.87
"NVL",141633,"/Date(1704784592000)/",17150,3000,11195700,192946000000,-150,true,-0.87
"NVL",141633,"/Date(1704784592000)/",17150,200,11192700,192894000000,-150,true,-0.87
"NVL",141633,"/Date(1704784592000)/",17150,100,11192500,192891000000,-150,true,-0.87
"NVL",141633,"/Date(1704784592000)/",17150,1000,11192400,192889000000,-150,true,-0.87
"NVL",141633,"/Date(1704784592000)/",17150,3000,11191400,192872000000,-150,true,-0.87
"NVL",141633,"/Date(1704784592000)/",17150,400,11188400,192821000000,-150,true,-0.87
"NVL",141633,"/Date(1704784592000)/",17150,1000,11188000,192814000000,-150,true,-0.87
"NVL",141633,"/Date(1704784592000)/",17150,200,11187000,192797000000,-150,true,-0.87
"NVL",141633,"/Date(1704784592000)/",17150,2000,11186800,192793000000,-150,true,-0.87
"NVL",141633,"/Date(1704784592000)/",17150,500,11184800,192759000000,-150,true,-0.87
"NVL",141633,"/Date(1704784592000)/",17150,600,11184300,192750000000,-150,true,-0.87
"NVL",141633,"/Date(1704784592000)/",17150,500,11183700,192740000000,-150,true,-0.87
"NVL",141633,"/Date(1704784592000)/",17150,5500,11183200,192731000000,-150,true,-0.87
"NVL",141633,"/Date(1704784591000)/",17150,200,11177700,192637000000,-150,true,-0.87
"NVL",141624,"/Date(1704784582000)/",17150,4300,11177500,192634000000,-150,true,-0.87
"NVL",141624,"/Date(1704784582000)/",17150,1700,11173200,192560000000,-150,true,-0.87
"NVL",141621,"/Date(1704784580000)/",17150,500,11171500,192531000000,-150,true,-0.87
"NVL",141621,"/Date(1704784579000)/",17150,1000,11171000,192522000000,-150,true,-0.87
"NVL",141614,"/Date(1704784574000)/",17150,100,11170000,192505000000,-150,true,-0.87
"NVL",141605,"/Date(1704784562000)/",17150,600,11169900,192503000000,-150,true,-0.87
"NVL",141558,"/Date(1704784556000)/",17150,3000,11169300,192493000000,-150,true,-0.87
"NVL",141558,"/Date(1704784555000)/",17200,100,11166300,192442000000,-100,false,-0.58
"NVL",141555,"/Date(1704784553000)/",17150,100,11166200,192440000000,-150,true,-0.87
"NVL",141520,"/Date(1704784519000)/",17150,500,11166100,192438000000,-150,true,-0.87
"NVL",141510,"/Date(1704784510000)/",17150,500,11165600,192430000000,-150,true,-0.87
"NVL",141510,"/Date(1704784510000)/",17150,200,11165100,192421000000,-150,true,-0.87
"NVL",141510,"/Date(1704784510000)/",17150,1000,11164900,192418000000,-150,true,-0.87
"NVL",141510,"/Date(1704784510000)/",17150,1000,11163900,192400000000,-150,true,-0.87
"NVL",141510,"/Date(1704784510000)/",17150,300,11162900,192383000000,-150,true,-0.87
"NVL",141510,"/Date(1704784508000)/",17150,1700,11162600,192378000000,-150,true,-0.87
"NVL",141510,"/Date(1704784508000)/",17150,400,11160900,192349000000,-150,true,-0.87
"NVL",141504,"/Date(1704784501000)/",17150,100,11160500,192342000000,-150,true,-0.87
"NVL",141504,"/Date(1704784501000)/",17150,900,11160400,192340000000,-150,true,-0.87
"NVL",141457,"/Date(1704784495000)/",17150,1200,11159500,192325000000,-150,true,-0.87
"NVL",141451,"/Date(1704784490000)/",17150,1300,11158300,192304000000,-150,false,-0.87
"NVL",141451,"/Date(1704784490000)/",17150,1600,11157000,192282000000,-150,false,-0.87
"NVL",141451,"/Date(1704784489000)/",17150,100,11155400,192255000000,-150,false,-0.87
"NVL",141448,"/Date(1704784487000)/",17150,4000,11155300,192253000000,-150,false,-0.87
"NVL",141448,"/Date(1704784487000)/",17150,200,11151300,192184000000,-150,false,-0.87
"NVL",141448,"/Date(1704784487000)/",17150,800,11151100,192181000000,-150,false,-0.87
"NVL",141448,"/Date(1704784486000)/",17150,100,11150300,192167000000,-150,false,-0.87
"NVL",141448,"/Date(1704784485000)/",17150,100,11150200,192165000000,-150,false,-0.87
"NVL",141445,"/Date(1704784482000)/",17150,10000,11150100,192164000000,-150,false,-0.87
"NVL",141441,"/Date(1704784480000)/",17100,200,11140100,191992000000,-200,true,-1.16
"NVL",141441,"/Date(1704784480000)/",17100,100,11139900,191989000000,-200,true,-1.16
"NVL",141441,"/Date(1704784480000)/",17100,700,11139800,191987000000,-200,true,-1.16
"NVL",141441,"/Date(1704784479000)/",17150,100,11139100,191975000000,-150,false,-0.87
"NVL",141441,"/Date(1704784478000)/",17150,500,11139000,191973000000,-150,false,-0.87
"NVL",141441,"/Date(1704784477000)/",17150,200,11138500,191965000000,-150,false,-0.87
"NVL",141441,"/Date(1704784477000)/",17100,100,11138300,191961000000,-200,true,-1.16
"NVL",141441,"/Date(1704784476000)/",17150,1000,11138200,191960000000,-150,false,-0.87
"NVL",141441,"/Date(1704784476000)/",17150,2200,11137200,191943000000,-150,false,-0.87
"NVL",141441,"/Date(1704784476000)/",17150,300,11135000,191905000000,-150,false,-0.87
"NVL",141441,"/Date(1704784475000)/",17150,2000,11134700,191900000000,-150,false,-0.87
"NVL",141441,"/Date(1704784475000)/",17100,100,11132700,191865000000,-200,true,-1.16
"NVL",141438,"/Date(1704784468000)/",17150,100,11132600,191864000000,-150,false,-0.87
"NVL",141438,"/Date(1704784466000)/",17150,100,11132500,191862000000,-150,false,-0.87
"NVL",141429,"/Date(1704784464000)/",17150,1900,11132400,191860000000,-150,false,-0.87
"NVL",141429,"/Date(1704784464000)/",17150,100,11130500,191828000000,-150,false,-0.87
"NVL",141425,"/Date(1704784460000)/",17150,400,11130400,191826000000,-150,false,-0.87
"NVL",141413,"/Date(1704784451000)/",17150,1000,11130000,191819000000,-150,false,-0.87
"NVL",141413,"/Date(1704784450000)/",17150,100,11129000,191802000000,-150,false,-0.87
"NVL",141413,"/Date(1704784450000)/",17150,5000,11128900,191800000000,-150,false,-0.87
"NVL",141409,"/Date(1704784449000)/",17150,100,11123900,191714000000,-150,true,-0.87
"NVL",141409,"/Date(1704784449000)/",17150,1000,11123800,191713000000,-150,true,-0.87
"NVL",141409,"/Date(1704784449000)/",17150,4200,11122800,191696000000,-150,true,-0.87
"NVL",141409,"/Date(1704784449000)/",17150,1500,11118600,191624000000,-150,true,-0.87
"NVL",141409,"/Date(1704784449000)/",17150,500,11117100,191598000000,-150,true,-0.87
"NVL",141409,"/Date(1704784449000)/",17150,1000,11116600,191589000000,-150,true,-0.87
"NVL",141409,"/Date(1704784449000)/",17150,1000,11115600,191572000000,-150,true,-0.87
"NVL",141409,"/Date(1704784449000)/",17150,1000,11114600,191555000000,-150,true,-0.87
"NVL",141409,"/Date(1704784449000)/",17150,100,11113600,191538000000,-150,true,-0.87
"NVL",141409,"/Date(1704784449000)/",17150,1000,11113500,191536000000,-150,true,-0.87
"NVL",141409,"/Date(1704784449000)/",17150,200,11112500,191519000000,-150,true,-0.87
"NVL",141409,"/Date(1704784449000)/",17150,200,11112300,191516000000,-150,true,-0.87
"NVL",141409,"/Date(1704784449000)/",17150,1500,11112100,191512000000,-150,true,-0.87
"NVL",141409,"/Date(1704784449000)/",17150,100,11110600,191486000000,-150,true,-0.87
"NVL",141409,"/Date(1704784449000)/",17150,100,11110500,191485000000,-150,true,-0.87
"NVL",141409,"/Date(1704784449000)/",17150,500,11110400,191483000000,-150,true,-0.87
"NVL",141409,"/Date(1704784449000)/",17150,1000,11109900,191474000000,-150,true,-0.87
"NVL",141409,"/Date(1704784449000)/",17150,2000,11108900,191457000000,-150,true,-0.87
"NVL",141409,"/Date(1704784449000)/",17150,5000,11106900,191423000000,-150,true,-0.87
"NVL",141409,"/Date(1704784449000)/",17150,1000,11101900,191337000000,-150,true,-0.87
"NVL",141409,"/Date(1704784449000)/",17150,10000,11100900,191320000000,-150,true,-0.87
"NVL",141409,"/Date(1704784449000)/",17150,10000,11090900,191149000000,-150,true,-0.87
"NVL",141409,"/Date(1704784449000)/",17150,500,11080900,190977000000,-150,true,-0.87
"NVL",141409,"/Date(1704784449000)/",17150,600,11080400,190968000000,-150,true,-0.87
"NVL",141409,"/Date(1704784449000)/",17150,100,11079800,190958000000,-150,true,-0.87
"NVL",141409,"/Date(1704784449000)/",17150,500,11079700,190956000000,-150,true,-0.87
"NVL",141409,"/Date(1704784449000)/",17150,700,11079200,190948000000,-150,true,-0.87
"NVL",141409,"/Date(1704784449000)/",17150,5000,11078500,190936000000,-150,true,-0.87
"NVL",141409,"/Date(1704784449000)/",17150,4000,11073500,190850000000,-150,true,-0.87
"NVL",141409,"/Date(1704784449000)/",17150,1000,11069500,190782000000,-150,true,-0.87
"NVL",141409,"/Date(1704784449000)/",17150,100,11068500,190764000000,-150,true,-0.87
"NVL",141409,"/Date(1704784449000)/",17150,100,11068400,190763000000,-150,true,-0.87
"NVL",141409,"/Date(1704784449000)/",17150,500,11068300,190761000000,-150,true,-0.87
"NVL",141409,"/Date(1704784449000)/",17150,100,11067800,190752000000,-150,true,-0.87
"NVL",141409,"/Date(1704784449000)/",17150,5000,11067700,190751000000,-150,true,-0.87
"NVL",141409,"/Date(1704784449000)/",17150,100,11062700,190665000000,-150,true,-0.87
"NVL",141409,"/Date(1704784449000)/",17150,600,11062600,190663000000,-150,true,-0.87
"NVL",141409,"/Date(1704784449000)/",17150,1000,11062000,190653000000,-150,true,-0.87
"NVL",141409,"/Date(1704784449000)/",17150,1300,11061000,190636000000,-150,true,-0.87
"NVL",141409,"/Date(1704784449000)/",17150,200,11059700,190613000000,-150,true,-0.87
"NVL",141409,"/Date(1704784449000)/",17150,100,11059500,190610000000,-150,true,-0.87
"NVL",141409,"/Date(1704784449000)/",17150,1000,11059400,190608000000,-150,true,-0.87
"NVL",141409,"/Date(1704784449000)/",17150,500,11058400,190591000000,-150,true,-0.87
"NVL",141409,"/Date(1704784449000)/",17150,2000,11057900,190583000000,-150,true,-0.87
"NVL",141409,"/Date(1704784449000)/",17150,1000,11055900,190548000000,-150,true,-0.87
"NVL",141409,"/Date(1704784449000)/",17150,200,11054900,190531000000,-150,true,-0.87
"NVL",141409,"/Date(1704784449000)/",17150,300,11054700,190528000000,-150,true,-0.87
"NVL",141409,"/Date(1704784449000)/",17150,5000,11054400,190523000000,-150,true,-0.87
"NVL",141409,"/Date(1704784449000)/",17150,1000,11049400,190437000000,-150,true,-0.87
"NVL",141409,"/Date(1704784449000)/",17150,5000,11048400,190420000000,-150,true,-0.87
"NVL",141409,"/Date(1704784449000)/",17150,100,11043400,190334000000,-150,true,-0.87
"NVL",141409,"/Date(1704784449000)/",17150,1000,11043300,190332000000,-150,true,-0.87
"NVL",141409,"/Date(1704784449000)/",17150,300,11042300,190315000000,-150,true,-0.87
"NVL",141409,"/Date(1704784449000)/",17150,100,11042000,190310000000,-150,true,-0.87
"NVL",141409,"/Date(1704784449000)/",17150,400,11041900,190308000000,-150,true,-0.87
"NVL",141409,"/Date(1704784449000)/",17150,2000,11041500,190301000000,-150,true,-0.87
"NVL",141409,"/Date(1704784449000)/",17150,4600,11039500,190267000000,-150,true,-0.87
"NVL",141406,"/Date(1704784443000)/",17200,100,11034900,190188000000,-100,false,-0.58
"NVL",141400,"/Date(1704784438000)/",17200,1900,11034800,190186000000,-100,false,-0.58
"NVL",141400,"/Date(1704784437000)/",17200,100,11032900,190154000000,-100,false,-0.58
"NVL",141357,"/Date(1704784435000)/",17200,2000,11032800,190152000000,-100,false,-0.58
"NVL",141357,"/Date(1704784434000)/",17200,1000,11030800,190118000000,-100,false,-0.58
"NVL",141353,"/Date(1704784431000)/",17200,100,11029800,190100000000,-100,false,-0.58
"NVL",141344,"/Date(1704784423000)/",17200,100,11029700,190099000000,-100,true,-0.58
"NVL",141344,"/Date(1704784423000)/",17200,2000,11029600,190097000000,-100,true,-0.58
"NVL",141344,"/Date(1704784423000)/",17200,100,11027600,190063000000,-100,true,-0.58
"NVL",141344,"/Date(1704784423000)/",17200,600,11027500,190061000000,-100,true,-0.58
"NVL",141344,"/Date(1704784423000)/",17200,200,11026900,190051000000,-100,true,-0.58
"NVL",141344,"/Date(1704784423000)/",17200,500,11026700,190047000000,-100,true,-0.58
"NVL",141344,"/Date(1704784423000)/",17200,800,11026200,190038000000,-100,true,-0.58
"NVL",141344,"/Date(1704784423000)/",17200,200,11025400,190025000000,-100,true,-0.58
"NVL",141344,"/Date(1704784420000)/",17200,200,11025200,190021000000,-100,true,-0.58
"NVL",141341,"/Date(1704784420000)/",17250,500,11025000,190018000000,-50,false,-0.29
"NVL",141341,"/Date(1704784419000)/",17250,100,11024500,190009000000,-50,false,-0.29
"NVL",141331,"/Date(1704784410000)/",17250,1000,11024400,190008000000,-50,false,-0.29
"NVL",141325,"/Date(1704784403000)/",17200,100,11023400,189990000000,-100,true,-0.58
"NVL",141322,"/Date(1704784399000)/",17250,200,11023300,189989000000,-50,false,-0.29
"NVL",141318,"/Date(1704784397000)/",17200,100,11023100,189985000000,-100,true,-0.58
"NVL",141318,"/Date(1704784395000)/",17200,400,11023000,189983000000,-100,true,-0.58
"NVL",141318,"/Date(1704784395000)/",17200,5000,11022600,189976000000,-100,true,-0.58
"NVL",141318,"/Date(1704784395000)/",17200,3600,11017600,189890000000,-100,true,-0.58
"NVL",141309,"/Date(1704784388000)/",17200,100,11014000,189829000000,-100,true,-0.58
"NVL",141306,"/Date(1704784385000)/",17200,1300,11013900,189827000000,-100,true,-0.58
"NVL",141306,"/Date(1704784385000)/",17200,200,11012600,189804000000,-100,true,-0.58
"NVL",141306,"/Date(1704784385000)/",17200,300,11012400,189801000000,-100,true,-0.58
"NVL",141306,"/Date(1704784385000)/",17200,2600,11012100,189796000000,-100,true,-0.58
"NVL",141306,"/Date(1704784385000)/",17200,7600,11009500,189751000000,-100,true,-0.58
"NVL",141306,"/Date(1704784385000)/",17200,700,11001900,189620000000,-100,true,-0.58
"NVL",141306,"/Date(1704784385000)/",17200,100,11001200,189608000000,-100,true,-0.58
"NVL",141306,"/Date(1704784385000)/",17200,100,11001100,189607000000,-100,true,-0.58
"NVL",141306,"/Date(1704784385000)/",17200,10000,11001000,189605000000,-100,true,-0.58
"NVL",141306,"/Date(1704784385000)/",17200,300,10991000,189433000000,-100,true,-0.58
"NVL",141306,"/Date(1704784385000)/",17200,100,10990700,189428000000,-100,true,-0.58
"NVL",141306,"/Date(1704784385000)/",17200,4000,10990600,189426000000,-100,true,-0.58
"NVL",141306,"/Date(1704784385000)/",17200,4700,10986600,189357000000,-100,true,-0.58
"NVL",141306,"/Date(1704784385000)/",17200,1000,10981900,189276000000,-100,true,-0.58
"NVL",141306,"/Date(1704784385000)/",17200,1000,10980900,189259000000,-100,true,-0.58
"NVL",141306,"/Date(1704784385000)/",17200,300,10979900,189242000000,-100,true,-0.58
"NVL",141306,"/Date(1704784385000)/",17200,2000,10979600,189237000000,-100,true,-0.58
"NVL",141306,"/Date(1704784385000)/",17200,100,10977600,189202000000,-100,true,-0.58
"NVL",141306,"/Date(1704784385000)/",17200,5000,10977500,189201000000,-100,true,-0.58
"NVL",141306,"/Date(1704784385000)/",17200,100,10972500,189115000000,-100,true,-0.58
"NVL",141306,"/Date(1704784385000)/",17200,100,10972400,189113000000,-100,true,-0.58
"NVL",141306,"/Date(1704784385000)/",17200,20000,10972300,189111000000,-100,true,-0.58
"NVL",141306,"/Date(1704784385000)/",17200,100,10952300,188767000000,-100,true,-0.58
"NVL",141306,"/Date(1704784385000)/",17200,200,10952200,188766000000,-100,true,-0.58
"NVL",141306,"/Date(1704784385000)/",17200,500,10952000,188762000000,-100,true,-0.58
"NVL",141306,"/Date(1704784385000)/",17200,200,10951500,188754000000,-100,true,-0.58
"NVL",141306,"/Date(1704784385000)/",17200,7600,10951300,188750000000,-100,true,-0.58
"NVL",141306,"/Date(1704784385000)/",17200,1600,10943700,188619000000,-100,true,-0.58
"NVL",141306,"/Date(1704784385000)/",17200,5000,10942100,188592000000,-100,true,-0.58
"NVL",141306,"/Date(1704784385000)/",17200,1000,10937100,188506000000,-100,true,-0.58
"NVL",141306,"/Date(1704784385000)/",17200,200,10936100,188489000000,-100,true,-0.58
"NVL",141306,"/Date(1704784385000)/",17200,500,10935900,188485000000,-100,true,-0.58
"NVL",141306,"/Date(1704784385000)/",17200,5000,10935400,188477000000,-100,true,-0.58
"NVL",141306,"/Date(1704784385000)/",17200,1000,10930400,188391000000,-100,true,-0.58
"NVL",141306,"/Date(1704784385000)/",17200,200,10929400,188373000000,-100,true,-0.58
"NVL",141306,"/Date(1704784385000)/",17200,100,10929200,188370000000,-100,true,-0.58
"NVL",141306,"/Date(1704784385000)/",17200,2000,10929100,188368000000,-100,true,-0.58
"NVL",141306,"/Date(1704784385000)/",17200,13200,10927100,188334000000,-100,true,-0.58
"NVL",141259,"/Date(1704784377000)/",17250,4500,10913900,188107000000,-50,false,-0.29
"NVL",141256,"/Date(1704784374000)/",17200,500,10909400,188029000000,-100,true,-0.58
"NVL",141249,"/Date(1704784366000)/",17200,100,10908900,188021000000,-100,true,-0.58
"NVL",141246,"/Date(1704784364000)/",17200,100,10908800,188019000000,-100,true,-0.58
"NVL",141246,"/Date(1704784364000)/",17200,2900,10908700,188017000000,-100,true,-0.58
"NVL",141246,"/Date(1704784363000)/",17250,600,10905800,187967000000,-50,false,-0.29
"NVL",141246,"/Date(1704784363000)/",17250,1000,10905200,187957000000,-50,false,-0.29
"NVL",141243,"/Date(1704784361000)/",17250,300,10904200,187940000000,-50,false,-0.29
"NVL",141237,"/Date(1704784353000)/",17250,100,10903900,187935000000,-50,false,-0.29
"NVL",141227,"/Date(1704784346000)/",17200,200,10903800,187933000000,-100,true,-0.58
"NVL",141224,"/Date(1704784342000)/",17250,5000,10903600,187929000000,-50,false,-0.29
"NVL",141217,"/Date(1704784336000)/",17250,100,10898600,187843000000,-50,false,-0.29
"NVL",141217,"/Date(1704784336000)/",17250,200,10898500,187841000000,-50,false,-0.29
"NVL",141217,"/Date(1704784336000)/",17250,100,10898300,187838000000,-50,false,-0.29
"NVL",141217,"/Date(1704784335000)/",17250,100,10898200,187836000000,-50,false,-0.29
"NVL",141158,"/Date(1704784316000)/",17250,900,10898100,187834000000,-50,false,-0.29
"NVL",141158,"/Date(1704784316000)/",17250,400,10897200,187819000000,-50,false,-0.29
"NVL",141158,"/Date(1704784316000)/",17250,100,10896800,187812000000,-50,false,-0.29
"NVL",141158,"/Date(1704784316000)/",17250,1000,10896700,187810000000,-50,false,-0.29
"NVL",141158,"/Date(1704784316000)/",17250,100,10895700,187793000000,-50,false,-0.29
"NVL",141158,"/Date(1704784316000)/",17250,2500,10895600,187791000000,-50,false,-0.29
"NVL",141155,"/Date(1704784314000)/",17250,500,10893100,187748000000,-50,false,-0.29
"NVL",141155,"/Date(1704784312000)/",17250,1800,10892600,187740000000,-50,false,-0.29
"NVL",141148,"/Date(1704784306000)/",17250,300,10890800,187709000000,-50,false,-0.29
"NVL",141148,"/Date(1704784306000)/",17250,1000,10890500,187703000000,-50,false,-0.29
"NVL",141148,"/Date(1704784306000)/",17250,200,10889500,187686000000,-50,false,-0.29
"NVL",141148,"/Date(1704784306000)/",17250,300,10889300,187683000000,-50,false,-0.29
"NVL",141148,"/Date(1704784306000)/",17250,200,10889000,187678000000,-50,false,-0.29
"NVL",141145,"/Date(1704784302000)/",17250,2000,10888800,187674000000,-50,false,-0.29
"NVL",141139,"/Date(1704784298000)/",17250,100,10886800,187640000000,-50,false,-0.29
"NVL",141132,"/Date(1704784291000)/",17250,7700,10886700,187638000000,-50,false,-0.29
"NVL",141132,"/Date(1704784291000)/",17250,500,10879000,187505000000,-50,false,-0.29
"NVL",141132,"/Date(1704784291000)/",17250,1000,10878500,187496000000,-50,false,-0.29
"NVL",141132,"/Date(1704784291000)/",17250,1000,10877500,187479000000,-50,false,-0.29
"NVL",141132,"/Date(1704784291000)/",17250,100,10876500,187462000000,-50,false,-0.29
"NVL",141132,"/Date(1704784291000)/",17250,200,10876400,187460000000,-50,false,-0.29
"NVL",141132,"/Date(1704784291000)/",17250,300,10876200,187457000000,-50,false,-0.29
"NVL",141132,"/Date(1704784291000)/",17250,1000,10875900,187452000000,-50,false,-0.29
"NVL",141132,"/Date(1704784291000)/",17250,600,10874900,187434000000,-50,false,-0.29
"NVL",141132,"/Date(1704784291000)/",17250,2000,10874300,187424000000,-50,false,-0.29
"NVL",141132,"/Date(1704784291000)/",17250,2000,10872300,187389000000,-50,false,-0.29
"NVL",141132,"/Date(1704784291000)/",17250,600,10870300,187355000000,-50,false,-0.29
"NVL",141129,"/Date(1704784289000)/",17250,400,10869700,187345000000,-50,false,-0.29
"NVL",141129,"/Date(1704784289000)/",17250,1000,10869300,187338000000,-50,false,-0.29
"NVL",141129,"/Date(1704784289000)/",17250,500,10868300,187320000000,-50,false,-0.29
"NVL",141129,"/Date(1704784289000)/",17250,500,10867800,187312000000,-50,false,-0.29
"NVL",141126,"/Date(1704784285000)/",17250,900,10867300,187303000000,-50,false,-0.29
"NVL",141126,"/Date(1704784285000)/",17250,100,10866400,187288000000,-50,false,-0.29
"NVL",141126,"/Date(1704784284000)/",17200,3400,10866300,187286000000,-100,true,-0.58
"NVL",141126,"/Date(1704784283000)/",17250,200,10862900,187227000000,-50,false,-0.29
"NVL",141126,"/Date(1704784283000)/",17250,200,10862700,187224000000,-50,false,-0.29
"NVL",141123,"/Date(1704784282000)/",17250,100,10862500,187221000000,-50,false,-0.29
"NVL",141123,"/Date(1704784280000)/",17250,1700,10862400,187219000000,-50,false,-0.29
"NVL",141123,"/Date(1704784280000)/",17250,100,10860700,187190000000,-50,false,-0.29
"NVL",141123,"/Date(1704784280000)/",17250,500,10860600,187188000000,-50,false,-0.29
"NVL",141123,"/Date(1704784280000)/",17250,700,10860100,187179000000,-50,false,-0.29
"NVL",141120,"/Date(1704784279000)/",17250,300,10859400,187167000000,-50,false,-0.29
"NVL",141120,"/Date(1704784279000)/",17250,1000,10859100,187162000000,-50,false,-0.29
"NVL",141120,"/Date(1704784279000)/",17250,500,10858100,187145000000,-50,false,-0.29
"NVL",141120,"/Date(1704784279000)/",17250,1000,10857600,187136000000,-50,false,-0.29
"NVL",141120,"/Date(1704784279000)/",17250,100,10856600,187119000000,-50,false,-0.29
"NVL",141120,"/Date(1704784279000)/",17250,5000,10856500,187117000000,-50,false,-0.29
"NVL",141120,"/Date(1704784279000)/",17250,500,10851500,187031000000,-50,false,-0.29
"NVL",141120,"/Date(1704784279000)/",17250,1600,10851000,187022000000,-50,false,-0.29
"NVL",141113,"/Date(1704784272000)/",17200,800,10849400,186995000000,-100,true,-0.58
"NVL",141113,"/Date(1704784272000)/",17250,600,10848600,186981000000,-50,false,-0.29
"NVL",141110,"/Date(1704784266000)/",17250,200,10848000,186970000000,-50,false,-0.29
"NVL",141104,"/Date(1704784261000)/",17250,1000,10847800,186967000000,-50,false,-0.29
"NVL",141057,"/Date(1704784254000)/",17250,1000,10846800,186950000000,-50,false,-0.29
"NVL",141054,"/Date(1704784253000)/",17250,1200,10845800,186933000000,-50,false,-0.29
"NVL",141054,"/Date(1704784252000)/",17250,1100,10844600,186912000000,-50,false,-0.29
"NVL",141054,"/Date(1704784252000)/",17250,100,10843500,186893000000,-50,false,-0.29
"NVL",141054,"/Date(1704784252000)/",17250,100,10843400,186891000000,-50,false,-0.29
"NVL",141054,"/Date(1704784252000)/",17250,1500,10843300,186889000000,-50,false,-0.29
"NVL",141054,"/Date(1704784252000)/",17250,300,10841800,186864000000,-50,false,-0.29
"NVL",141054,"/Date(1704784252000)/",17250,1000,10841500,186858000000,-50,false,-0.29
"NVL",141054,"/Date(1704784252000)/",17250,200,10840500,186841000000,-50,false,-0.29
"NVL",141054,"/Date(1704784252000)/",17250,700,10840300,186838000000,-50,false,-0.29
"NVL",141041,"/Date(1704784240000)/",17250,100,10839600,186826000000,-50,false,-0.29
"NVL",141035,"/Date(1704784232000)/",17250,100,10839500,186824000000,-50,false,-0.29
"NVL",141032,"/Date(1704784229000)/",17250,100,10839400,186822000000,-50,false,-0.29
"NVL",141019,"/Date(1704784218000)/",17200,1000,10839300,186820000000,-100,true,-0.58
"NVL",141016,"/Date(1704784212000)/",17200,500,10838300,186803000000,-100,true,-0.58
"NVL",141006,"/Date(1704784206000)/",17200,100,10837800,186795000000,-100,false,-0.58
"NVL",141006,"/Date(1704784206000)/",17200,600,10837700,186793000000,-100,false,-0.58
"NVL",141006,"/Date(1704784206000)/",17200,200,10837100,186783000000,-100,false,-0.58
"NVL",141006,"/Date(1704784206000)/",17200,900,10836900,186779000000,-100,false,-0.58
"NVL",141006,"/Date(1704784206000)/",17200,1000,10836000,186764000000,-100,false,-0.58
"NVL",141006,"/Date(1704784206000)/",17200,100,10835000,186746000000,-100,false,-0.58
"NVL",141006,"/Date(1704784206000)/",17200,200,10834900,186745000000,-100,false,-0.58
"NVL",141006,"/Date(1704784206000)/",17200,4100,10834700,186741000000,-100,false,-0.58
"NVL",141006,"/Date(1704784206000)/",17200,600,10830600,186671000000,-100,false,-0.58
"NVL",141006,"/Date(1704784205000)/",17200,100,10830000,186660000000,-100,false,-0.58
"NVL",141006,"/Date(1704784204000)/",17200,700,10829900,186659000000,-100,false,-0.58
"NVL",141006,"/Date(1704784204000)/",17200,2000,10829200,186647000000,-100,false,-0.58
"NVL",141006,"/Date(1704784204000)/",17200,500,10827200,186612000000,-100,false,-0.58
"NVL",141006,"/Date(1704784204000)/",17200,2500,10826700,186604000000,-100,false,-0.58
"NVL",141003,"/Date(1704784202000)/",17200,15000,10824200,186561000000,-100,false,-0.58
"NVL",141003,"/Date(1704784201000)/",17200,100,10809200,186303000000,-100,false,-0.58
"NVL",141003,"/Date(1704784200000)/",17200,2000,10809100,186301000000,-100,false,-0.58
"NVL",141000,"/Date(1704784199000)/",17200,100,10807100,186267000000,-100,false,-0.58
"NVL",141000,"/Date(1704784197000)/",17200,1000,10807000,186265000000,-100,false,-0.58
"NVL",141000,"/Date(1704784197000)/",17200,100,10806000,186248000000,-100,false,-0.58
"NVL",140957,"/Date(1704784195000)/",17200,3700,10805900,186246000000,-100,false,-0.58
"NVL",140953,"/Date(1704784193000)/",17200,100,10802200,186182000000,-100,false,-0.58
"NVL",140953,"/Date(1704784191000)/",17200,1000,10802100,186181000000,-100,false,-0.58
"NVL",140950,"/Date(1704784189000)/",17200,200,10801100,186163000000,-100,false,-0.58
"NVL",140950,"/Date(1704784188000)/",17200,100,10800900,186160000000,-100,false,-0.58
"NVL",140947,"/Date(1704784185000)/",17200,100,10800800,186158000000,-100,false,-0.58
"NVL",140947,"/Date(1704784184000)/",17200,5000,10800700,186156000000,-100,false,-0.58
"NVL",140947,"/Date(1704784184000)/",17200,19000,10795700,186070000000,-100,false,-0.58
"NVL",140947,"/Date(1704784184000)/",17200,1000,10776700,185744000000,-100,false,-0.58
"NVL",140944,"/Date(1704784183000)/",17200,100,10775700,185726000000,-100,false,-0.58
"NVL",140944,"/Date(1704784183000)/",17200,500,10775600,185725000000,-100,false,-0.58
"NVL",140944,"/Date(1704784183000)/",17200,100,10775100,185716000000,-100,false,-0.58
"NVL",140944,"/Date(1704784183000)/",17200,300,10775000,185714000000,-100,false,-0.58
"NVL",140944,"/Date(1704784183000)/",17200,400,10774700,185709000000,-100,false,-0.58
"NVL",140944,"/Date(1704784183000)/",17200,600,10774300,185702000000,-100,false,-0.58
"NVL",140944,"/Date(1704784183000)/",17200,200,10773700,185692000000,-100,false,-0.58
"NVL",140944,"/Date(1704784183000)/",17200,300,10773500,185689000000,-100,false,-0.58
"NVL",140944,"/Date(1704784183000)/",17200,1000,10773200,185683000000,-100,false,-0.58
"NVL",140944,"/Date(1704784183000)/",17200,1000,10772200,185666000000,-100,false,-0.58
"NVL",140944,"/Date(1704784183000)/",17200,500,10771200,185649000000,-100,false,-0.58
"NVL",140944,"/Date(1704784183000)/",17200,100,10770700,185640000000,-100,false,-0.58
"NVL",140944,"/Date(1704784183000)/",17200,900,10770600,185639000000,-100,false,-0.58
"NVL",140944,"/Date(1704784183000)/",17200,100,10769700,185623000000,-100,false,-0.58
"NVL",140944,"/Date(1704784183000)/",17200,1000,10769600,185622000000,-100,false,-0.58
"NVL",140944,"/Date(1704784183000)/",17200,2000,10768600,185604000000,-100,false,-0.58
"NVL",140944,"/Date(1704784183000)/",17200,100,10766600,185570000000,-100,false,-0.58
"NVL",140944,"/Date(1704784183000)/",17200,300,10766500,185568000000,-100,false,-0.58
"NVL",140944,"/Date(1704784183000)/",17200,1000,10766200,185563000000,-100,false,-0.58
"NVL",140944,"/Date(1704784183000)/",17200,200,10765200,185546000000,-100,false,-0.58
"NVL",140944,"/Date(1704784183000)/",17200,1000,10765000,185542000000,-100,false,-0.58
"NVL",140944,"/Date(1704784183000)/",17200,1100,10764000,185525000000,-100,false,-0.58
"NVL",140944,"/Date(1704784183000)/",17200,3000,10762900,185506000000,-100,false,-0.58
"NVL",140944,"/Date(1704784183000)/",17200,20000,10759900,185455000000,-100,false,-0.58
"NVL",140944,"/Date(1704784183000)/",17200,1000,10739900,185111000000,-100,false,-0.58
"NVL",140944,"/Date(1704784183000)/",17200,2000,10738900,185094000000,-100,false,-0.58
"NVL",140944,"/Date(1704784183000)/",17200,500,10736900,185059000000,-100,false,-0.58
"NVL",140944,"/Date(1704784183000)/",17200,200,10736400,185051000000,-100,false,-0.58
"NVL",140944,"/Date(1704784183000)/",17200,200,10736200,185047000000,-100,false,-0.58
"NVL",140944,"/Date(1704784183000)/",17200,900,10736000,185044000000,-100,false,-0.58
"NVL",140944,"/Date(1704784183000)/",17200,500,10735100,185028000000,-100,false,-0.58
"NVL",140944,"/Date(1704784183000)/",17200,15000,10734600,185020000000,-100,false,-0.58
"NVL",140944,"/Date(1704784183000)/",17200,100,10719600,184762000000,-100,false,-0.58
"NVL",140944,"/Date(1704784183000)/",17200,100,10719500,184760000000,-100,false,-0.58
"NVL",140944,"/Date(1704784183000)/",17200,500,10719400,184758000000,-100,false,-0.58
"NVL",140944,"/Date(1704784183000)/",17200,100,10718900,184750000000,-100,false,-0.58
"NVL",140944,"/Date(1704784183000)/",17200,5000,10718800,184748000000,-100,false,-0.58
"NVL",140944,"/Date(1704784183000)/",17200,3000,10713800,184662000000,-100,false,-0.58
"NVL",140944,"/Date(1704784183000)/",17200,500,10710800,184610000000,-100,false,-0.58
"NVL",140944,"/Date(1704784183000)/",17200,500,10710300,184602000000,-100,false,-0.58
"NVL",140944,"/Date(1704784183000)/",17200,900,10709800,184593000000,-100,false,-0.58
"NVL",140944,"/Date(1704784183000)/",17200,1500,10708900,184578000000,-100,false,-0.58
"NVL",140944,"/Date(1704784183000)/",17200,2500,10707400,184552000000,-100,false,-0.58
"NVL",140944,"/Date(1704784183000)/",17200,500,10704900,184509000000,-100,false,-0.58
"NVL",140944,"/Date(1704784183000)/",17200,500,10704400,184500000000,-100,false,-0.58
"NVL",140944,"/Date(1704784183000)/",17200,200,10703900,184492000000,-100,false,-0.58
"NVL",140944,"/Date(1704784183000)/",17200,3000,10703700,184488000000,-100,false,-0.58
"NVL",140944,"/Date(1704784183000)/",17200,200,10700700,184436000000,-100,false,-0.58
"NVL",140944,"/Date(1704784183000)/",17200,500,10700500,184433000000,-100,false,-0.58
"NVL",140944,"/Date(1704784183000)/",17200,1000,10700000,184424000000,-100,false,-0.58
"NVL",140944,"/Date(1704784183000)/",17200,8000,10699000,184407000000,-100,false,-0.58
"NVL",140944,"/Date(1704784183000)/",17200,500,10691000,184270000000,-100,false,-0.58
"NVL",140944,"/Date(1704784183000)/",17200,2000,10690500,184261000000,-100,false,-0.58
"NVL",140944,"/Date(1704784183000)/",17200,1700,10688500,184227000000,-100,false,-0.58
"NVL",140944,"/Date(1704784183000)/",17200,1000,10686800,184197000000,-100,false,-0.58
"NVL",140944,"/Date(1704784183000)/",17200,900,10685800,184180000000,-100,false,-0.58
"NVL",140944,"/Date(1704784183000)/",17200,100,10684900,184165000000,-100,false,-0.58
"NVL",140944,"/Date(1704784183000)/",17200,9100,10684800,184163000000,-100,false,-0.58
"NVL",140941,"/Date(1704784177000)/",17200,3600,10675700,184006000000,-100,false,-0.58
"NVL",140934,"/Date(1704784174000)/",17200,200,10672100,183945000000,-100,false,-0.58
"NVL",140928,"/Date(1704784165000)/",17200,5000,10671900,183941000000,-100,false,-0.58
"NVL",140925,"/Date(1704784163000)/",17200,400,10666900,183855000000,-100,false,-0.58
"NVL",140925,"/Date(1704784162000)/",17200,1000,10666500,183848000000,-100,false,-0.58
"NVL",140925,"/Date(1704784162000)/",17200,2000,10665500,183831000000,-100,false,-0.58
"NVL",140922,"/Date(1704784161000)/",17200,8700,10663500,183797000000,-100,false,-0.58
"NVL",140922,"/Date(1704784161000)/",17200,10000,10654800,183647000000,-100,false,-0.58
"NVL",140922,"/Date(1704784161000)/",17200,500,10644800,183475000000,-100,false,-0.58
"NVL",140922,"/Date(1704784161000)/",17200,800,10644300,183466000000,-100,false,-0.58
"NVL",140909,"/Date(1704784148000)/",17200,200,10643500,183453000000,-100,false,-0.58
"NVL",140909,"/Date(1704784148000)/",17200,200,10643300,183449000000,-100,false,-0.58
"NVL",140909,"/Date(1704784148000)/",17200,100,10643100,183446000000,-100,false,-0.58
"NVL",140902,"/Date(1704784142000)/",17200,1000,10643000,183444000000,-100,false,-0.58
"NVL",140902,"/Date(1704784141000)/",17200,400,10642000,183427000000,-100,false,-0.58
"NVL",140902,"/Date(1704784141000)/",17200,600,10641600,183420000000,-100,false,-0.58
"NVL",140853,"/Date(1704784132000)/",17150,100,10641000,183410000000,-150,true,-0.87
"NVL",140846,"/Date(1704784125000)/",17150,300,10640900,183408000000,-150,true,-0.87
"NVL",140846,"/Date(1704784125000)/",17150,2000,10640600,183403000000,-150,true,-0.87
"NVL",140846,"/Date(1704784125000)/",17150,2000,10638600,183368000000,-150,true,-0.87
"NVL",140846,"/Date(1704784125000)/",17150,1000,10636600,183334000000,-150,true,-0.87
"NVL",140846,"/Date(1704784125000)/",17150,800,10635600,183317000000,-150,true,-0.87
"NVL",140846,"/Date(1704784125000)/",17150,100,10634800,183303000000,-150,true,-0.87
"NVL",140846,"/Date(1704784125000)/",17150,20000,10634700,183302000000,-150,true,-0.87
"NVL",140846,"/Date(1704784125000)/",17150,100,10614700,182959000000,-150,true,-0.87
"NVL",140846,"/Date(1704784125000)/",17150,300,10614600,182957000000,-150,true,-0.87
"NVL",140846,"/Date(1704784125000)/",17150,200,10614300,182952000000,-150,true,-0.87
"NVL",140814,"/Date(1704784092000)/",17150,300,10614100,182948000000,-150,true,-0.87
"NVL",140758,"/Date(1704784076000)/",17150,500,10613800,182943000000,-150,true,-0.87
"NVL",140755,"/Date(1704784072000)/",17150,2000,10613300,182935000000,-150,true,-0.87
"NVL",140749,"/Date(1704784068000)/",17150,300,10611300,182900000000,-150,false,-0.87
"NVL",140749,"/Date(1704784067000)/",17150,500,10611000,182895000000,-150,false,-0.87
"NVL",140749,"/Date(1704784067000)/",17150,1000,10610500,182887000000,-150,false,-0.87
"NVL",140749,"/Date(1704784067000)/",17150,400,10609500,182869000000,-150,false,-0.87
"NVL",140749,"/Date(1704784067000)/",17150,200,10609100,182863000000,-150,false,-0.87
"NVL",140749,"/Date(1704784067000)/",17150,600,10608900,182859000000,-150,false,-0.87
"NVL",140749,"/Date(1704784067000)/",17150,1000,10608300,182849000000,-150,false,-0.87
"NVL",140749,"/Date(1704784067000)/",17150,6000,10607300,182832000000,-150,false,-0.87
"NVL",140749,"/Date(1704784066000)/",17150,5000,10601300,182729000000,-150,false,-0.87
"NVL",140746,"/Date(1704784065000)/",17150,17000,10596300,182643000000,-150,false,-0.87
"NVL",140746,"/Date(1704784064000)/",17150,1900,10579300,182351000000,-150,false,-0.87
"NVL",140746,"/Date(1704784064000)/",17150,8100,10577400,182319000000,-150,false,-0.87
"NVL",140746,"/Date(1704784063000)/",17150,500,10569300,182180000000,-150,false,-0.87
"NVL",140746,"/Date(1704784063000)/",17150,100,10568800,182171000000,-150,false,-0.87
"NVL",140742,"/Date(1704784061000)/",17150,10000,10568700,182170000000,-150,false,-0.87
"NVL",140739,"/Date(1704784058000)/",17150,100,10558700,181998000000,-150,false,-0.87
"NVL",140739,"/Date(1704784057000)/",17150,200,10558600,181996000000,-150,false,-0.87
"NVL",140739,"/Date(1704784056000)/",17150,3000,10558400,181993000000,-150,false,-0.87
"NVL",140736,"/Date(1704784054000)/",17150,500,10555400,181942000000,-150,false,-0.87
"NVL",140723,"/Date(1704784042000)/",17150,1000,10554900,181933000000,-150,true,-0.87
"NVL",140723,"/Date(1704784040000)/",17150,200,10553900,181916000000,-150,true,-0.87
"NVL",140723,"/Date(1704784040000)/",17150,1100,10553700,181912000000,-150,true,-0.87
"NVL",140723,"/Date(1704784040000)/",17150,500,10552600,181894000000,-150,true,-0.87
"NVL",140723,"/Date(1704784040000)/",17150,5000,10552100,181885000000,-150,true,-0.87
"NVL",140723,"/Date(1704784040000)/",17150,1000,10547100,181799000000,-150,true,-0.87
"NVL",140723,"/Date(1704784040000)/",17150,1000,10546100,181782000000,-150,true,-0.87
"NVL",140723,"/Date(1704784040000)/",17150,100,10545100,181765000000,-150,true,-0.87
"NVL",140723,"/Date(1704784040000)/",17150,500,10545000,181763000000,-150,true,-0.87
"NVL",140723,"/Date(1704784040000)/",17150,2000,10544500,181755000000,-150,true,-0.87
"NVL",140723,"/Date(1704784040000)/",17150,1700,10542500,181720000000,-150,true,-0.87
"NVL",140723,"/Date(1704784040000)/",17150,500,10540800,181691000000,-150,true,-0.87
"NVL",140723,"/Date(1704784040000)/",17150,300,10540300,181683000000,-150,true,-0.87
"NVL",140723,"/Date(1704784040000)/",17150,10000,10540000,181677000000,-150,true,-0.87
"NVL",140723,"/Date(1704784040000)/",17150,2500,10530000,181506000000,-150,true,-0.87
"NVL",140723,"/Date(1704784040000)/",17150,100,10527500,181463000000,-150,true,-0.87
"NVL",140717,"/Date(1704784034000)/",17150,500,10527400,181461000000,-150,true,-0.87
"NVL",140717,"/Date(1704784034000)/",17150,200,10526900,181453000000,-150,true,-0.87
"NVL",140717,"/Date(1704784034000)/",17150,100,10526700,181449000000,-150,true,-0.87
"NVL",140658,"/Date(1704784017000)/",17150,500,10526600,181448000000,-150,true,-0.87
"NVL",140654,"/Date(1704784013000)/",17150,200,10526100,181439000000,-150,true,-0.87
"NVL",140635,"/Date(1704783994000)/",17150,10400,10525900,181436000000,-150,false,-0.87
"NVL",140635,"/Date(1704783994000)/",17150,500,10515500,181257000000,-150,false,-0.87
"NVL",140635,"/Date(1704783994000)/",17150,4000,10515000,181249000000,-150,false,-0.87
"NVL",140635,"/Date(1704783994000)/",17150,1000,10511000,181180000000,-150,false,-0.87
"NVL",140635,"/Date(1704783994000)/",17150,2000,10510000,181163000000,-150,false,-0.87
"NVL",140635,"/Date(1704783994000)/",17150,100,10508000,181129000000,-150,false,-0.87
"NVL",140635,"/Date(1704783994000)/",17150,4000,10507900,181127000000,-150,false,-0.87
"NVL",140635,"/Date(1704783994000)/",17150,500,10503900,181058000000,-150,false,-0.87
"NVL",140635,"/Date(1704783994000)/",17150,100,10503400,181050000000,-150,false,-0.87
"NVL",140635,"/Date(1704783994000)/",17150,1000,10503300,181048000000,-150,false,-0.87
"NVL",140635,"/Date(1704783994000)/",17150,2000,10502300,181031000000,-150,false,-0.87
"NVL",140635,"/Date(1704783994000)/",17150,2600,10500300,180997000000,-150,false,-0.87
"NVL",140635,"/Date(1704783994000)/",17150,300,10497700,180952000000,-150,false,-0.87
"NVL",140635,"/Date(1704783994000)/",17150,500,10497400,180947000000,-150,false,-0.87
"NVL",140635,"/Date(1704783994000)/",17150,200,10496900,180938000000,-150,false,-0.87
"NVL",140635,"/Date(1704783994000)/",17150,400,10496700,180935000000,-150,false,-0.87
"NVL",140635,"/Date(1704783994000)/",17150,3000,10496300,180928000000,-150,false,-0.87
"NVL",140635,"/Date(1704783994000)/",17150,200,10493300,180877000000,-150,false,-0.87
"NVL",140635,"/Date(1704783994000)/",17150,1000,10493100,180873000000,-150,false,-0.87
"NVL",140635,"/Date(1704783994000)/",17150,4000,10492100,180856000000,-150,false,-0.87
"NVL",140635,"/Date(1704783994000)/",17150,3400,10488100,180787000000,-150,false,-0.87
"NVL",140635,"/Date(1704783994000)/",17150,500,10484700,180729000000,-150,false,-0.87
"NVL",140635,"/Date(1704783994000)/",17150,100,10484200,180721000000,-150,false,-0.87
"NVL",140635,"/Date(1704783994000)/",17150,200,10484100,180719000000,-150,false,-0.87
"NVL",140635,"/Date(1704783994000)/",17150,500,10483900,180715000000,-150,false,-0.87
"NVL",140635,"/Date(1704783994000)/",17150,10100,10483400,180707000000,-150,false,-0.87
"NVL",140635,"/Date(1704783994000)/",17150,1000,10473300,180534000000,-150,false,-0.87
"NVL",140635,"/Date(1704783994000)/",17150,300,10472300,180516000000,-150,false,-0.87
"NVL",140635,"/Date(1704783994000)/",17150,100,10472000,180511000000,-150,false,-0.87
"NVL",140635,"/Date(1704783994000)/",17150,40000,10471900,180510000000,-150,false,-0.87
"NVL",140635,"/Date(1704783994000)/",17150,1000,10431900,179824000000,-150,false,-0.87
"NVL",140635,"/Date(1704783994000)/",17150,98100,10430900,179806000000,-150,false,-0.87
"NVL",140635,"/Date(1704783993000)/",17150,1000,10332800,178124000000,-150,false,-0.87
"NVL",140635,"/Date(1704783993000)/",17100,1000,10331800,178107000000,-200,true,-1.16
"NVL",140629,"/Date(1704783986000)/",17150,200,10330800,178090000000,-150,false,-0.87
"NVL",140629,"/Date(1704783985000)/",17100,100,10330600,178086000000,-200,true,-1.16
"NVL",140626,"/Date(1704783983000)/",17150,2000,10330500,178085000000,-150,false,-0.87
"NVL",140622,"/Date(1704783981000)/",17150,100,10328500,178050000000,-150,false,-0.87
"NVL",140622,"/Date(1704783981000)/",17150,1900,10328400,178049000000,-150,false,-0.87
"NVL",140622,"/Date(1704783981000)/",17150,300,10326500,178016000000,-150,false,-0.87
"NVL",140622,"/Date(1704783979000)/",17150,5000,10326200,178011000000,-150,false,-0.87
"NVL",140619,"/Date(1704783977000)/",17150,1500,10321200,177925000000,-150,false,-0.87
"NVL",140616,"/Date(1704783973000)/",17150,3000,10319700,177899000000,-150,false,-0.87
"NVL",140610,"/Date(1704783969000)/",17150,1000,10316700,177848000000,-150,false,-0.87
"NVL",140610,"/Date(1704783968000)/",17150,300,10315700,177831000000,-150,false,-0.87
"NVL",140610,"/Date(1704783967000)/",17150,2200,10315400,177826000000,-150,false,-0.87
"NVL",140606,"/Date(1704783965000)/",17150,500,10313200,177788000000,-150,false,-0.87
"NVL",140606,"/Date(1704783964000)/",17150,6000,10312700,177779000000,-150,false,-0.87
"NVL",140603,"/Date(1704783963000)/",17150,2000,10306700,177676000000,-150,false,-0.87
"NVL",140603,"/Date(1704783960000)/",17150,3500,10304700,177642000000,-150,false,-0.87
"NVL",140600,"/Date(1704783959000)/",17150,2000,10301200,177582000000,-150,false,-0.87
"NVL",140557,"/Date(1704783955000)/",17150,10300,10299200,177548000000,-150,false,-0.87
"NVL",140557,"/Date(1704783955000)/",17150,300,10288900,177371000000,-150,false,-0.87
"NVL",140557,"/Date(1704783955000)/",17150,5900,10288600,177366000000,-150,false,-0.87
"NVL",140557,"/Date(1704783955000)/",17150,100,10282700,177265000000,-150,false,-0.87
"NVL",140557,"/Date(1704783955000)/",17150,700,10282600,177263000000,-150,false,-0.87
"NVL",140557,"/Date(1704783955000)/",17150,3000,10281900,177251000000,-150,false,-0.87
"NVL",140557,"/Date(1704783955000)/",17150,2000,10278900,177200000000,-150,false,-0.87
"NVL",140557,"/Date(1704783955000)/",17150,100,10276900,177165000000,-150,false,-0.87
"NVL",140557,"/Date(1704783955000)/",17150,7600,10276800,177164000000,-150,false,-0.87
"NVL",140550,"/Date(1704783948000)/",17150,100,10269200,177033000000,-150,false,-0.87
"NVL",140538,"/Date(1704783937000)/",17150,2000,10269100,177032000000,-150,false,-0.87
"NVL",140534,"/Date(1704783932000)/",17100,2000,10267100,176997000000,-200,true,-1.16
"NVL",140534,"/Date(1704783931000)/",17150,300,10265100,176963000000,-150,false,-0.87
"NVL",140534,"/Date(1704783931000)/",17150,200,10264800,176958000000,-150,false,-0.87
"NVL",140531,"/Date(1704783929000)/",17100,10000,10264600,176955000000,-200,true,-1.16
"NVL",140531,"/Date(1704783929000)/",17100,4000,10254600,176784000000,-200,true,-1.16
"NVL",140519,"/Date(1704783917000)/",17100,100,10250600,176715000000,-200,true,-1.16
"NVL",140506,"/Date(1704783902000)/",17100,2000,10250500,176713000000,-200,true,-1.16
"NVL",140459,"/Date(1704783896000)/",17150,400,10248500,176679000000,-150,false,-0.87
"NVL",140456,"/Date(1704783895000)/",17100,900,10248100,176672000000,-200,true,-1.16
"NVL",140456,"/Date(1704783895000)/",17100,100,10247200,176657000000,-200,true,-1.16
"NVL",140433,"/Date(1704783871000)/",17100,100,10247100,176655000000,-200,true,-1.16
"NVL",140433,"/Date(1704783871000)/",17100,400,10247000,176654000000,-200,true,-1.16
"NVL",140427,"/Date(1704783864000)/",17150,300,10246600,176647000000,-150,false,-0.87
"NVL",140408,"/Date(1704783845000)/",17100,1600,10246300,176642000000,-200,true,-1.16
"NVL",140408,"/Date(1704783845000)/",17100,5100,10244700,176614000000,-200,true,-1.16
"NVL",140408,"/Date(1704783845000)/",17100,5300,10239600,176527000000,-200,true,-1.16
"NVL",140408,"/Date(1704783845000)/",17150,400,10234300,176436000000,-150,false,-0.87
"NVL",140408,"/Date(1704783845000)/",17150,4500,10233900,176430000000,-150,false,-0.87
"NVL",140408,"/Date(1704783845000)/",17150,100,10229400,176352000000,-150,false,-0.87
"NVL",140401,"/Date(1704783840000)/",17150,500,10229300,176351000000,-150,false,-0.87
"NVL",140349,"/Date(1704783826000)/",17100,200,10228800,176342000000,-200,true,-1.16
"NVL",140345,"/Date(1704783823000)/",17150,200,10228600,176339000000,-150,false,-0.87
"NVL",140342,"/Date(1704783820000)/",17100,2000,10228400,176335000000,-200,true,-1.16
"NVL",140342,"/Date(1704783819000)/",17100,300,10226400,176301000000,-200,true,-1.16
"NVL",140317,"/Date(1704783793000)/",17100,1700,10226100,176296000000,-200,true,-1.16
"NVL",140310,"/Date(1704783789000)/",17100,300,10224400,176267000000,-200,true,-1.16
"NVL",140258,"/Date(1704783776000)/",17150,300,10224100,176262000000,-150,false,-0.87
"NVL",140251,"/Date(1704783768000)/",17100,1000,10223800,176257000000,-200,true,-1.16
"NVL",140251,"/Date(1704783768000)/",17100,1000,10222800,176239000000,-200,true,-1.16
"NVL",140232,"/Date(1704783749000)/",17100,400,10221800,176222000000,-200,false,-1.16
"NVL",140232,"/Date(1704783749000)/",17100,300,10221400,176215000000,-200,false,-1.16
"NVL",140232,"/Date(1704783749000)/",17100,200,10221100,176210000000,-200,false,-1.16
"NVL",140232,"/Date(1704783749000)/",17100,1500,10220900,176207000000,-200,false,-1.16
"NVL",140232,"/Date(1704783749000)/",17100,100,10219400,176181000000,-200,false,-1.16
"NVL",140232,"/Date(1704783749000)/",17100,200,10219300,176180000000,-200,false,-1.16
"NVL",140232,"/Date(1704783749000)/",17100,200,10219100,176176000000,-200,false,-1.16
"NVL",140232,"/Date(1704783749000)/",17100,5000,10218900,176173000000,-200,false,-1.16
"NVL",140232,"/Date(1704783749000)/",17100,300,10213900,176087000000,-200,false,-1.16
"NVL",140232,"/Date(1704783749000)/",17100,900,10213600,176082000000,-200,false,-1.16
"NVL",140229,"/Date(1704783747000)/",17100,100,10212700,176067000000,-200,false,-1.16
"NVL",140226,"/Date(1704783745000)/",17100,100,10212600,176065000000,-200,false,-1.16
"NVL",140226,"/Date(1704783744000)/",17100,5000,10212500,176063000000,-200,false,-1.16
"NVL",140226,"/Date(1704783743000)/",17100,5000,10207500,175978000000,-200,false,-1.16
"NVL",140226,"/Date(1704783742000)/",17100,2000,10202500,175892000000,-200,false,-1.16
