"Stockcode","Package","TradingDate","Price","Vol","TotalVol","TotalVal","Change","IsBuy","PerChange"
"TNG",144513,"/Date(1704786302000)/",20500,72500,3687788,75977234800,400,false,1.99
"TNG",142950,"/Date(1704785390000)/",20500,1000,3615288,74490984800,400,false,1.99
"TNG",142942,"/Date(1704785382000)/",20400,800,3614288,74470484800,300,true,1.49
"TNG",142937,"/Date(1704785377000)/",20500,800,3613488,74454164800,400,false,1.99
"TNG",142933,"/Date(1704785373000)/",20500,500,3612688,74437764800,400,false,1.99
"TNG",142923,"/Date(1704785363000)/",20400,10,3612188,74427514800,300,true,1.49
"TNG",142848,"/Date(1704785328000)/",20400,100,3612178,74427310800,300,true,1.49
"TNG",142839,"/Date(1704785319000)/",20500,5,3612078,74425270800,400,false,1.99
"TNG",142829,"/Date(1704785309000)/",20500,24,3612073,74425168300,400,false,1.99
"TNG",142746,"/Date(1704785266000)/",20500,1300,3612049,74424676300,400,false,1.99
"TNG",142734,"/Date(1704785254000)/",20400,100,3610749,74398026300,300,true,1.49
"TNG",142722,"/Date(1704785243000)/",20500,2000,3610649,74395986300,400,false,1.99
"TNG",142722,"/Date(1704785242000)/",20500,9700,3608649,74354986300,400,false,1.99
"TNG",142712,"/Date(1704785232000)/",20500,1000,3598949,74156136300,400,false,1.99
"TNG",142709,"/Date(1704785229000)/",20400,500,3597949,74135636300,300,true,1.49
"TNG",142615,"/Date(1704785176000)/",20500,300,3597449,74125436300,400,false,1.99
"TNG",142602,"/Date(1704785162000)/",20500,300,3597149,74119286300,400,false,1.99
"TNG",142558,"/Date(1704785158000)/",20500,100,3596849,74113136300,400,false,1.99
"TNG",142548,"/Date(1704785149000)/",20500,10000,3596749,74111086300,400,false,1.99
"TNG",142544,"/Date(1704785145000)/",20500,800,3586749,73906086300,400,false,1.99
"TNG",142518,"/Date(1704785119000)/",20500,56,3585949,73889686300,400,false,1.99
"TNG",142513,"/Date(1704785113000)/",20500,10000,3585893,73888538300,400,false,1.99
"TNG",142446,"/Date(1704785087000)/",20500,400,3575893,73683538300,400,false,1.99
"TNG",142348,"/Date(1704785028000)/",20500,200,3575493,73675338300,400,false,1.99
"TNG",142319,"/Date(1704784999000)/",20500,1000,3575293,73671238300,400,false,1.99
"TNG",142259,"/Date(1704784979000)/",20500,4900,3574293,73650738300,400,false,1.99
"TNG",142255,"/Date(1704784975000)/",20500,200,3569393,73550288300,400,true,1.99
"TNG",142242,"/Date(1704784962000)/",20500,5000,3569193,73546188300,400,true,1.99
"TNG",142236,"/Date(1704784956000)/",20500,200,3564193,73443688300,400,true,1.99
"TNG",142225,"/Date(1704784945000)/",20500,2100,3563993,73439588300,400,true,1.99
"TNG",142222,"/Date(1704784942000)/",20500,25500,3561893,73396538300,400,true,1.99
"TNG",142215,"/Date(1704784935000)/",20500,200,3536393,72873788300,400,true,1.99
"TNG",142212,"/Date(1704784932000)/",20500,23000,3536193,72869688300,400,true,1.99
"TNG",142137,"/Date(1704784897000)/",20600,200,3513193,72398188300,500,false,2.49
"TNG",142115,"/Date(1704784875000)/",20500,2000,3512993,72394068300,400,true,1.99
"TNG",142054,"/Date(1704784854000)/",20600,100,3510993,72353068300,500,false,2.49
"TNG",142050,"/Date(1704784850000)/",20500,200,3510893,72351008300,400,true,1.99
"TNG",142012,"/Date(1704784812000)/",20500,25000,3510693,72346908300,400,true,1.99
"TNG",141949,"/Date(1704784789000)/",20500,100,3485693,71834408300,400,true,1.99
"TNG",141943,"/Date(1704784783000)/",20500,50000,3485593,71832358300,400,true,1.99
"TNG",141926,"/Date(1704784766000)/",20600,200,3435593,70807358300,500,false,2.49
"TNG",141906,"/Date(1704784746000)/",20600,2300,3435393,70803238300,500,false,2.49
"TNG",141820,"/Date(1704784700000)/",20500,500,3433093,70755858300,400,true,1.99
"TNG",141818,"/Date(1704784698000)/",20600,1500,3432593,70745608300,500,false,2.49
"TNG",141754,"/Date(1704784674000)/",20600,1,3431093,70714708300,500,false,2.49
"TNG",141715,"/Date(1704784635000)/",20600,300,3431092,70714687700,500,false,2.49
"TNG",141648,"/Date(1704784608000)/",20600,1500,3430792,70708507700,500,false,2.49
"TNG",141637,"/Date(1704784597000)/",20500,500,3429292,70677607700,400,true,1.99
"TNG",141632,"/Date(1704784592000)/",20500,14,3428792,70667357700,400,true,1.99
"TNG",141628,"/Date(1704784588000)/",20500,4900,3428778,70667069300,400,true,1.99
"TNG",141604,"/Date(1704784564000)/",20500,15000,3423878,70566619300,400,true,1.99
"TNG",141546,"/Date(1704784546000)/",20500,5000,3408878,70259119300,400,true,1.99
"TNG",141533,"/Date(1704784533000)/",20500,100,3403878,70156619300,400,true,1.99
"TNG",141530,"/Date(1704784530000)/",20600,500,3403778,70154569300,500,false,2.49
"TNG",141503,"/Date(1704784503000)/",20600,200,3403278,70144269300,500,false,2.49
"TNG",141422,"/Date(1704784462000)/",20600,2500,3403078,70140149300,500,false,2.49
"TNG",141354,"/Date(1704784434000)/",20600,400,3400578,70088649300,500,false,2.49
"TNG",141256,"/Date(1704784376000)/",20600,80,3400178,70080409300,500,false,2.49
"TNG",141252,"/Date(1704784372000)/",20600,200,3400098,70078785400,500,false,2.49
"TNG",141115,"/Date(1704784275000)/",20500,3500,3399898,70074665400,400,true,1.99
"TNG",141040,"/Date(1704784240000)/",20600,200,3396398,70002915400,500,false,2.49
"TNG",141027,"/Date(1704784227000)/",20600,500,3396198,69998795400,500,false,2.49
"TNG",141016,"/Date(1704784216000)/",20600,20,3395698,69988495400,500,false,2.49
"TNG",141012,"/Date(1704784212000)/",20600,5000,3395678,69988083500,500,false,2.49
"TNG",141008,"/Date(1704784208000)/",20600,300,3390678,69885083500,500,false,2.49
"TNG",140959,"/Date(1704784199000)/",20600,100,3390378,69878903500,500,false,2.49
"TNG",140952,"/Date(1704784192000)/",20600,1000,3390278,69876843500,500,false,2.49
"TNG",140918,"/Date(1704784158000)/",20600,1000,3389278,69856243500,500,false,2.49
"TNG",140913,"/Date(1704784153000)/",20600,2000,3388278,69835643500,500,false,2.49
"TNG",140829,"/Date(1704784109000)/",20600,300,3386278,69794443500,500,false,2.49
"TNG",140806,"/Date(1704784086000)/",20600,2000,3385978,69788263500,500,false,2.49
"TNG",140722,"/Date(1704784042000)/",20600,5000,3383978,69747063500,500,false,2.49
"TNG",140617,"/Date(1704783977000)/",20600,200,3378978,69644063500,500,false,2.49
"TNG",140543,"/Date(1704783943000)/",20500,500,3378778,69639943500,400,true,1.99
"TNG",140514,"/Date(1704783914000)/",20500,100,3378278,69629693500,400,true,1.99
"TNG",140431,"/Date(1704783871000)/",20500,4000,3378178,69627643500,400,true,1.99
"TNG",140424,"/Date(1704783864000)/",20500,50000,3374178,69545643500,400,true,1.99
"TNG",140418,"/Date(1704783858000)/",20500,10000,3324178,68520643500,400,false,1.99
"TNG",140406,"/Date(1704783846000)/",20500,4700,3314178,68315643500,400,false,1.99
"TNG",140357,"/Date(1704783837000)/",20500,1000,3309478,68219293500,400,false,1.99
"TNG",140351,"/Date(1704783831000)/",20500,11000,3308478,68198793500,400,false,1.99
"TNG",140341,"/Date(1704783821000)/",20500,2000,3297478,67973293500,400,false,1.99
"TNG",140316,"/Date(1704783796000)/",20500,200,3295478,67932293500,400,false,1.99
"TNG",140311,"/Date(1704783791000)/",20500,1200,3295278,67928193500,400,false,1.99
"TNG",140227,"/Date(1704783748000)/",20500,300,3294078,67903593500,400,false,1.99
"TNG",140200,"/Date(1704783721000)/",20500,300,3293778,67897443500,400,false,1.99
"TNG",140155,"/Date(1704783716000)/",20500,4800,3293478,67891293500,400,false,1.99
"TNG",140154,"/Date(1704783714000)/",20500,300,3288678,67792893500,400,false,1.99
"TNG",140143,"/Date(1704783703000)/",20400,3000,3288378,67786743500,300,true,1.49
"TNG",140122,"/Date(1704783683000)/",20500,100,3285378,67725543500,400,false,1.99
"TNG",140107,"/Date(1704783667000)/",20500,3000,3285278,67723493500,400,false,1.99
"TNG",140053,"/Date(1704783653000)/",20500,2000,3282278,67661993500,400,false,1.99
"TNG",140047,"/Date(1704783647000)/",20500,100,3280278,67620993500,400,false,1.99
"TNG",140045,"/Date(1704783645000)/",20500,20000,3280178,67618943500,400,false,1.99
"TNG",140041,"/Date(1704783640000)/",20500,3800,3260178,67208943500,400,false,1.99
"TNG",135942,"/Date(1704783582000)/",20500,200,3256378,67131043500,400,false,1.99
"TNG",135926,"/Date(1704783566000)/",20400,500,3256178,67126943500,300,true,1.49
"TNG",135902,"/Date(1704783542000)/",20400,500,3255678,67116743500,300,true,1.49
"TNG",135828,"/Date(1704783508000)/",20400,2001,3255178,67106543500,300,true,1.49
"TNG",135825,"/Date(1704783505000)/",20400,100,3253177,67065723000,300,true,1.49
"TNG",135809,"/Date(1704783489000)/",20400,1500,3253077,67063683000,300,true,1.49
"TNG",135801,"/Date(1704783481000)/",20400,16400,3251577,67033083000,300,true,1.49
"TNG",135800,"/Date(1704783480000)/",20400,5000,3235177,66698523000,300,true,1.49
"TNG",135731,"/Date(1704783451000)/",20500,200,3230177,66596523000,400,false,1.99
"TNG",135653,"/Date(1704783413000)/",20500,600,3229977,66592423000,400,false,1.99
"TNG",135652,"/Date(1704783412000)/",20500,200,3229377,66580123000,400,false,1.99
"TNG",135651,"/Date(1704783411000)/",20500,29900,3229177,66576023000,400,true,1.99
"TNG",135650,"/Date(1704783410000)/",20500,24000,3199277,65963073000,400,true,1.99
"TNG",135648,"/Date(1704783408000)/",20500,4500,3175277,65471073000,400,true,1.99
"TNG",135645,"/Date(1704783405000)/",20500,700,3170777,65378823000,400,true,1.99
"TNG",135643,"/Date(1704783403000)/",20500,3200,3170077,65364473000,400,true,1.99
"TNG",135641,"/Date(1704783401000)/",20500,600,3166877,65298873000,400,true,1.99
"TNG",135637,"/Date(1704783397000)/",20500,20000,3166277,65286573000,400,true,1.99
"TNG",135632,"/Date(1704783392000)/",20500,5000,3146277,64876573000,400,true,1.99
"TNG",135627,"/Date(1704783387000)/",20500,500,3141277,64774073000,400,true,1.99
"TNG",135625,"/Date(1704783385000)/",20500,10000,3140777,64763823000,400,true,1.99
"TNG",135614,"/Date(1704783374000)/",20500,12000,3130777,64558823000,400,true,1.99
"TNG",135604,"/Date(1704783364000)/",20500,500,3118777,64312823000,400,true,1.99
"TNG",135602,"/Date(1704783362000)/",20500,500,3118277,64302573000,400,true,1.99
"TNG",135559,"/Date(1704783359000)/",20500,50000,3117777,64292323000,400,true,1.99
"TNG",135555,"/Date(1704783355000)/",20500,2500,3067777,63267323000,400,true,1.99
"TNG",135528,"/Date(1704783328000)/",20500,3600,3065277,63216073000,400,true,1.99
"TNG",135519,"/Date(1704783319000)/",20600,200,3061677,63142273000,500,false,2.49
"TNG",135506,"/Date(1704783306000)/",20600,500,3061477,63138153000,500,false,2.49
"TNG",135503,"/Date(1704783303000)/",20500,100,3060977,63127853000,400,true,1.99
"TNG",135437,"/Date(1704783277000)/",20500,20000,3060877,63125803000,400,true,1.99
"TNG",135425,"/Date(1704783265000)/",20500,5000,3040877,62715803000,400,true,1.99
"TNG",135352,"/Date(1704783232000)/",20500,10000,3035877,62613303000,400,true,1.99
"TNG",135308,"/Date(1704783188000)/",20600,300,3025877,62408303000,500,false,2.49
"TNG",135307,"/Date(1704783187000)/",20500,4200,3025577,62402123000,400,true,1.99
"TNG",135232,"/Date(1704783152000)/",20600,600,3021377,62316023000,500,false,2.49
"TNG",135220,"/Date(1704783140000)/",20600,12700,3020777,62303663000,500,false,2.49
"TNG",135214,"/Date(1704783134000)/",20600,200,3008077,62042043000,500,false,2.49
"TNG",135131,"/Date(1704783091000)/",20600,300,3007877,62037923000,500,false,2.49
"TNG",135056,"/Date(1704783056000)/",20600,200,3007577,62031743000,500,false,2.49
"TNG",135048,"/Date(1704783048000)/",20600,100,3007377,62027623000,500,false,2.49
"TNG",135013,"/Date(1704783013000)/",20600,15400,3007277,62025563000,500,false,2.49
"TNG",135012,"/Date(1704783012000)/",20600,1000,2991877,61708323000,500,false,2.49
"TNG",134845,"/Date(1704782925000)/",20600,200,2990877,61687723000,500,false,2.49
"TNG",134841,"/Date(1704782921000)/",20600,2000,2990677,61683603000,500,false,2.49
"TNG",134820,"/Date(1704782900000)/",20600,800,2988677,61642403000,500,false,2.49
"TNG",134719,"/Date(1704782839000)/",20500,1000,2987877,61625923000,400,true,1.99
"TNG",134706,"/Date(1704782826000)/",20600,1000,2986877,61605423000,500,false,2.49
"TNG",134655,"/Date(1704782815000)/",20600,5000,2985877,61584823000,500,false,2.49
"TNG",134633,"/Date(1704782793000)/",20600,300,2980877,61481823000,500,false,2.49
"TNG",134631,"/Date(1704782791000)/",20600,7900,2980577,61475643000,500,false,2.49
"TNG",134613,"/Date(1704782773000)/",20600,10300,2972677,61312903000,500,true,2.49
"TNG",134604,"/Date(1704782764000)/",20600,500,2962377,61100723000,500,true,2.49
"TNG",134559,"/Date(1704782759000)/",20600,3000,2961877,61090423000,500,true,2.49
"TNG",134537,"/Date(1704782737000)/",20600,200,2958877,61028623000,500,true,2.49
"TNG",134531,"/Date(1704782731000)/",20600,2000,2958677,61024503000,500,true,2.49
"TNG",134524,"/Date(1704782724000)/",20600,20000,2956677,60983303000,500,true,2.49
"TNG",134422,"/Date(1704782662000)/",20700,200,2936677,60571303000,600,false,2.99
"TNG",134418,"/Date(1704782658000)/",20600,100,2936477,60567163000,500,true,2.49
"TNG",134355,"/Date(1704782635000)/",20600,1500,2936377,60565103000,500,true,2.49
"TNG",134351,"/Date(1704782631000)/",20600,13800,2934877,60534203000,500,false,2.49
"TNG",134343,"/Date(1704782623000)/",20600,1000,2921077,60249923000,500,false,2.49
"TNG",134335,"/Date(1704782615000)/",20600,50000,2920077,60229323000,500,false,2.49
"TNG",134334,"/Date(1704782614000)/",20500,100,2870077,59199323000,400,true,1.99
"TNG",134328,"/Date(1704782608000)/",20600,1100,2869977,59197273000,500,false,2.49
"TNG",134326,"/Date(1704782606000)/",20600,2000,2868877,59174613000,500,false,2.49
"TNG",134314,"/Date(1704782594000)/",20600,10000,2866877,59133413000,500,false,2.49
"TNG",134254,"/Date(1704782574000)/",20600,9800,2856877,58927413000,500,false,2.49
"TNG",134215,"/Date(1704782535000)/",20600,10,2847077,58725533000,500,false,2.49
"TNG",134214,"/Date(1704782534000)/",20600,13300,2847067,58725327000,500,false,2.49
"TNG",134210,"/Date(1704782530000)/",20600,200,2833767,58451347000,500,false,2.49
"TNG",134205,"/Date(1704782525000)/",20600,5000,2833567,58447227000,500,false,2.49
"TNG",134159,"/Date(1704782519000)/",20600,100,2828567,58344227000,500,false,2.49
"TNG",134137,"/Date(1704782497000)/",20600,80,2828467,58342167000,500,false,2.49
"TNG",134116,"/Date(1704782476000)/",20600,5900,2828387,58340519000,500,false,2.49
"TNG",134055,"/Date(1704782455000)/",20600,1000,2822487,58218979000,500,false,2.49
"TNG",134041,"/Date(1704782441000)/",20600,200,2821487,58198379000,500,false,2.49
"TNG",134026,"/Date(1704782426000)/",20600,1000,2821287,58194259000,500,false,2.49
"TNG",134020,"/Date(1704782420000)/",20600,100,2820287,58173659000,500,false,2.49
"TNG",133959,"/Date(1704782399000)/",20600,200,2820187,58171599000,500,false,2.49
"TNG",133942,"/Date(1704782382000)/",20600,18500,2819987,58167479000,500,false,2.49
"TNG",133912,"/Date(1704782351000)/",20600,800,2801487,57786379000,500,false,2.49
"TNG",133906,"/Date(1704782346000)/",20600,200,2800687,57769899000,500,false,2.49
"TNG",133746,"/Date(1704782266000)/",20600,300,2800487,57765779000,500,false,2.49
"TNG",133745,"/Date(1704782265000)/",20500,20000,2800187,57759599000,400,true,1.99
"TNG",133742,"/Date(1704782262000)/",20500,1000,2780187,57349599000,400,true,1.99
"TNG",133654,"/Date(1704782214000)/",20500,100,2779187,57329099000,400,true,1.99
"TNG",133646,"/Date(1704782206000)/",20500,1000,2779087,57327049000,400,true,1.99
"TNG",133553,"/Date(1704782153000)/",20500,500,2778087,57306549000,400,true,1.99
"TNG",133536,"/Date(1704782136000)/",20600,200,2777587,57296299000,500,false,2.49
"TNG",133526,"/Date(1704782126000)/",20600,100,2777387,57292179000,500,false,2.49
"TNG",133459,"/Date(1704782099000)/",20600,1300,2777287,57290119000,500,false,2.49
"TNG",133431,"/Date(1704782071000)/",20600,100,2775987,57263339000,500,false,2.49
"TNG",133416,"/Date(1704782056000)/",20600,300,2775887,57261279000,500,false,2.49
"TNG",133411,"/Date(1704782051000)/",20600,300,2775587,57255099000,500,false,2.49
"TNG",133324,"/Date(1704782004000)/",20600,200,2775287,57248919000,500,false,2.49
"TNG",133241,"/Date(1704781961000)/",20500,44800,2775087,57244799000,400,true,1.99
"TNG",133240,"/Date(1704781960000)/",20600,2000,2730287,56326399000,500,false,2.49
"TNG",133219,"/Date(1704781939000)/",20600,500,2728287,56285199000,500,false,2.49
"TNG",133218,"/Date(1704781938000)/",20600,500,2727787,56274899000,500,false,2.49
"TNG",133128,"/Date(1704781888000)/",20600,45,2727287,56264599000,500,false,2.49
"TNG",133113,"/Date(1704781873000)/",20600,300,2727242,56263683500,500,false,2.49
"TNG",132918,"/Date(1704781758000)/",20600,200,2726942,56257503500,500,false,2.49
"TNG",132911,"/Date(1704781751000)/",20600,1000,2726742,56253383500,500,false,2.49
"TNG",132904,"/Date(1704781744000)/",20600,600,2725742,56232783500,500,false,2.49
"TNG",132901,"/Date(1704781741000)/",20600,200,2725142,56220423500,500,false,2.49
"TNG",132845,"/Date(1704781725000)/",20600,100,2724942,56216303500,500,false,2.49
"TNG",132816,"/Date(1704781696000)/",20600,20000,2724842,56214243500,500,false,2.49
"TNG",132807,"/Date(1704781687000)/",20600,10000,2704842,55802243500,500,false,2.49
"TNG",132723,"/Date(1704781643000)/",20600,100,2694842,55596243500,500,false,2.49
"TNG",132721,"/Date(1704781641000)/",20600,20000,2694742,55594183500,500,false,2.49
"TNG",132649,"/Date(1704781609000)/",20600,200,2674742,55182183500,500,false,2.49
"TNG",132642,"/Date(1704781602000)/",20600,500,2674542,55178063500,500,false,2.49
"TNG",132533,"/Date(1704781533000)/",20600,2300,2674042,55167763500,500,false,2.49
"TNG",132438,"/Date(1704781478000)/",20600,200,2671742,55120383500,500,false,2.49
"TNG",132437,"/Date(1704781477000)/",20500,7900,2671542,55116263500,400,true,1.99
"TNG",132244,"/Date(1704781364000)/",20600,200,2663642,54954313500,500,false,2.49
"TNG",132226,"/Date(1704781346000)/",20600,10300,2663442,54950193500,500,false,2.49
"TNG",132137,"/Date(1704781297000)/",20500,21,2653142,54739013500,400,true,1.99
"TNG",132055,"/Date(1704781255000)/",20500,90,2653121,54738585200,400,true,1.99
"TNG",132052,"/Date(1704781252000)/",20500,300,2653031,54736731200,400,true,1.99
"TNG",132024,"/Date(1704781224000)/",20600,10,2652731,54730581200,500,false,2.49
"TNG",132023,"/Date(1704781223000)/",20600,500,2652721,54730375200,500,false,2.49
"TNG",132015,"/Date(1704781215000)/",20600,200,2652221,54720075200,500,false,2.49
"TNG",132003,"/Date(1704781203000)/",20500,100,2652021,54715955200,400,true,1.99
"TNG",131821,"/Date(1704781101000)/",20600,300,2651921,54713905200,500,false,2.49
"TNG",131803,"/Date(1704781083000)/",20600,200,2651621,54707725200,500,false,2.49
"TNG",131738,"/Date(1704781058000)/",20600,1000,2651421,54703605200,500,false,2.49
"TNG",131722,"/Date(1704781042000)/",20500,1000,2650421,54683005200,400,true,1.99
"TNG",131653,"/Date(1704781013000)/",20500,83,2649421,54662505200,400,true,1.99
"TNG",131647,"/Date(1704781007000)/",20500,9800,2649338,54660803000,400,true,1.99
"TNG",131643,"/Date(1704781003000)/",20600,200,2639538,54459903000,500,false,2.49
"TNG",131552,"/Date(1704780952000)/",20600,300,2639338,54455783000,500,false,2.49
"TNG",131527,"/Date(1704780927000)/",20500,1000,2639038,54449603000,400,true,1.99
"TNG",131509,"/Date(1704780910000)/",20500,100,2638038,54429103000,400,true,1.99
"TNG",131340,"/Date(1704780819000)/",20600,200,2637938,54427053000,500,false,2.49
"TNG",131339,"/Date(1704780818000)/",20500,4000,2637738,54422933000,400,true,1.99
"TNG",131320,"/Date(1704780799000)/",20500,600,2633738,54340933000,400,true,1.99
"TNG",131206,"/Date(1704780726000)/",20500,1,2633138,54328633000,400,true,1.99
"TNG",131204,"/Date(1704780724000)/",20500,1,2633137,54328612500,400,true,1.99
"TNG",131156,"/Date(1704780716000)/",20500,12000,2633136,54328592000,400,true,1.99
"TNG",131129,"/Date(1704780689000)/",20600,200,2621136,54082592000,500,false,2.49
"TNG",131116,"/Date(1704780676000)/",20500,2,2620936,54078472000,400,true,1.99
"TNG",131050,"/Date(1704780650000)/",20500,300,2620934,54078431000,400,true,1.99
"TNG",131034,"/Date(1704780634000)/",20500,100,2620634,54072281000,400,true,1.99
"TNG",131019,"/Date(1704780619000)/",20500,200,2620534,54070231000,400,true,1.99
"TNG",131008,"/Date(1704780608000)/",20500,1,2620334,54066131000,400,true,1.99
"TNG",130944,"/Date(1704780584000)/",20500,21300,2620333,54066110500,400,true,1.99
"TNG",130917,"/Date(1704780557000)/",20600,200,2599033,53629460500,500,false,2.49
"TNG",130857,"/Date(1704780537000)/",20500,200,2598833,53625340500,400,true,1.99
"TNG",130849,"/Date(1704780529000)/",20600,500,2598633,53621240500,500,false,2.49
"TNG",130844,"/Date(1704780524000)/",20500,500,2598133,53610940500,400,true,1.99
"TNG",130758,"/Date(1704780478000)/",20600,200,2597633,53600690500,500,false,2.49
"TNG",130754,"/Date(1704780474000)/",20600,3500,2597433,53596570500,500,false,2.49
"TNG",130706,"/Date(1704780426000)/",20600,300,2593933,53524470500,500,false,2.49
"TNG",130525,"/Date(1704780325000)/",20600,100,2593633,53518290500,500,false,2.49
"TNG",130454,"/Date(1704780294000)/",20600,200,2593533,53516230500,500,false,2.49
"TNG",130451,"/Date(1704780291000)/",20500,1000,2593333,53512110500,400,true,1.99
"TNG",130405,"/Date(1704780245000)/",20500,500,2592333,53491610500,400,true,1.99
"TNG",130402,"/Date(1704780242000)/",20500,100,2591833,53481360500,400,true,1.99
"TNG",130331,"/Date(1704780211000)/",20500,2000,2591733,53479310500,400,true,1.99
"TNG",130253,"/Date(1704780173000)/",20600,500,2589733,53438310500,500,false,2.49
"TNG",130243,"/Date(1704780163000)/",20600,200,2589233,53428010500,500,false,2.49
"TNG",130238,"/Date(1704780158000)/",20500,1000,2589033,53423890500,400,true,1.99
"TNG",130228,"/Date(1704780148000)/",20500,100,2588033,53403390500,400,true,1.99
"TNG",130215,"/Date(1704780135000)/",20500,10,2587933,53401340500,400,true,1.99
"TNG",130207,"/Date(1704780127000)/",20500,2200,2587923,53401135500,400,true,1.99
"TNG",130142,"/Date(1704780102000)/",20500,200,2585723,53356035500,400,true,1.99
"TNG",130117,"/Date(1704780077000)/",20600,7400,2585523,53351935500,500,false,2.49
"TNG",130107,"/Date(1704780067000)/",20500,2000,2578123,53199495500,400,true,1.99
"TNG",130103,"/Date(1704780063000)/",20500,100,2576123,53158495500,400,true,1.99
"TNG",130043,"/Date(1704780043000)/",20500,600,2576023,53156445500,400,true,1.99
"TNG",130031,"/Date(1704780031000)/",20600,300,2575423,53144145500,500,false,2.49
"TNG",130027,"/Date(1704780014000)/",20500,500,2575123,53137965500,400,true,1.99
"TNG",130020,"/Date(1704780006000)/",20500,500,2574623,53127715500,400,true,1.99
"TNG",130018,"/Date(1704780005000)/",20600,5100,2574123,53117465500,500,false,2.49
"TNG",130015,"/Date(1704780004000)/",20500,2100,2569023,53012605500,400,true,1.99
"TNG",130009,"/Date(1704780002000)/",20600,7000,2566923,52969555500,500,false,2.49
"TNG",130004,"/Date(1704780001000)/",20600,400,2559923,52825855500,500,false,2.49
"TNG",112955,"/Date(1704774595000)/",20600,100,2559523,52817615500,500,false,2.49
"TNG",112904,"/Date(1704774544000)/",20600,5000,2559423,52815555500,500,false,2.49
"TNG",112802,"/Date(1704774482000)/",20600,300,2554423,52712555500,500,false,2.49
"TNG",112738,"/Date(1704774458000)/",20600,2900,2554123,52706375500,500,false,2.49
"TNG",112558,"/Date(1704774358000)/",20600,5000,2551223,52646635500,500,false,2.49
"TNG",112443,"/Date(1704774283000)/",20600,500,2546223,52543635500,500,false,2.49
"TNG",112416,"/Date(1704774256000)/",20600,200,2545723,52533335500,500,false,2.49
"TNG",112415,"/Date(1704774255000)/",20600,500,2545523,52529215500,500,false,2.49
"TNG",112316,"/Date(1704774196000)/",20600,500,2545023,52518915500,500,false,2.49
"TNG",112311,"/Date(1704774191000)/",20600,2000,2544523,52508615500,500,false,2.49
"TNG",112248,"/Date(1704774168000)/",20600,10,2542523,52467415500,500,false,2.49
"TNG",112234,"/Date(1704774154000)/",20600,500,2542513,52467209500,500,false,2.49
"TNG",112032,"/Date(1704774032000)/",20600,200,2542013,52456909500,500,false,2.49
"TNG",112004,"/Date(1704774004000)/",20600,80,2541813,52452789500,500,false,2.49
"TNG",111935,"/Date(1704773975000)/",20600,50000,2541733,52451149500,500,false,2.49
"TNG",111800,"/Date(1704773880000)/",20600,300,2491733,51421149500,500,false,2.49
"TNG",111647,"/Date(1704773807000)/",20600,200,2491433,51414969500,500,false,2.49
"TNG",111621,"/Date(1704773781000)/",20600,100,2491233,51410849500,500,false,2.49
"TNG",111613,"/Date(1704773773000)/",20600,84,2491133,51408789500,500,false,2.49
"TNG",111609,"/Date(1704773769000)/",20600,6800,2491049,51407066300,500,false,2.49
"TNG",111604,"/Date(1704773764000)/",20600,43200,2484249,51266986300,500,true,2.49
"TNG",111531,"/Date(1704773731000)/",20600,200,2441049,50377066300,500,false,2.49
"TNG",111437,"/Date(1704773677000)/",20600,500,2440849,50372946300,500,false,2.49
"TNG",111312,"/Date(1704773592000)/",20500,400,2440349,50362646300,400,true,1.99
"TNG",111303,"/Date(1704773582000)/",20600,324,2439949,50354446300,500,false,2.49
"TNG",111232,"/Date(1704773552000)/",20600,2000,2439625,50347771900,500,false,2.49
"TNG",111225,"/Date(1704773545000)/",20600,200,2437625,50306571900,500,false,2.49
"TNG",111051,"/Date(1704773451000)/",20600,3000,2437425,50302451900,500,false,2.49
"TNG",111046,"/Date(1704773446000)/",20500,2000,2434425,50240651900,400,true,1.99
"TNG",111028,"/Date(1704773428000)/",20600,5000,2432425,50199651900,500,false,2.49
"TNG",111015,"/Date(1704773415000)/",20600,2600,2427425,50096651900,500,false,2.49
"TNG",111006,"/Date(1704773406000)/",20600,100,2424825,50043091900,500,false,2.49
"TNG",111004,"/Date(1704773404000)/",20600,4900,2424725,50041031900,500,true,2.49
"TNG",110956,"/Date(1704773396000)/",20600,30000,2419825,49940091900,500,false,2.49
"TNG",110939,"/Date(1704773379000)/",20500,300,2389825,49322091900,400,true,1.99
"TNG",110937,"/Date(1704773377000)/",20500,10000,2389525,49315941900,400,true,1.99
"TNG",110917,"/Date(1704773357000)/",20600,200,2379525,49110941900,500,false,2.49
"TNG",110901,"/Date(1704773341000)/",20600,88100,2379325,49106821900,500,true,2.49
"TNG",110900,"/Date(1704773340000)/",20600,16000,2291225,47291961900,500,true,2.49
"TNG",110859,"/Date(1704773339000)/",20600,200,2275225,46962361900,500,true,2.49
"TNG",110849,"/Date(1704773329000)/",20600,15000,2275025,46958241900,500,true,2.49
"TNG",110843,"/Date(1704773323000)/",20600,6300,2260025,46649241900,500,true,2.49
"TNG",110840,"/Date(1704773320000)/",20600,8200,2253725,46519461900,500,true,2.49
"TNG",110834,"/Date(1704773314000)/",20600,1200,2245525,46350541900,500,true,2.49
"TNG",110831,"/Date(1704773311000)/",20600,5000,2244325,46325821900,500,true,2.49
"TNG",110820,"/Date(1704773300000)/",20600,1100,2239325,46222821900,500,true,2.49
"TNG",110816,"/Date(1704773296000)/",20600,1000,2238225,46200161900,500,true,2.49
"TNG",110815,"/Date(1704773295000)/",20600,4000,2237225,46179561900,500,true,2.49
"TNG",110813,"/Date(1704773293000)/",20600,5000,2233225,46097161900,500,true,2.49
"TNG",110758,"/Date(1704773278000)/",20600,100,2228225,45994161900,500,true,2.49
"TNG",110752,"/Date(1704773272000)/",20600,100,2228125,45992101900,500,true,2.49
"TNG",110745,"/Date(1704773265000)/",20600,4000,2228025,45990041900,500,true,2.49
"TNG",110720,"/Date(1704773240000)/",20700,1000,2224025,45907641900,600,false,2.99
"TNG",110719,"/Date(1704773239000)/",20600,5000,2223025,45886991900,500,true,2.49
"TNG",110718,"/Date(1704773238000)/",20600,500,2218025,45783991900,500,true,2.49
"TNG",110713,"/Date(1704773233000)/",20600,1500,2217525,45773691900,500,true,2.49
"TNG",110658,"/Date(1704773218000)/",20600,39500,2216025,45742791900,500,true,2.49
"TNG",110533,"/Date(1704773133000)/",20700,200,2176525,44929091900,600,false,2.99
"TNG",110520,"/Date(1704773120000)/",20600,10000,2176325,44924951900,500,true,2.49
"TNG",110515,"/Date(1704773115000)/",20600,600,2166325,44718951900,500,true,2.49
"TNG",110434,"/Date(1704773074000)/",20600,3700,2165725,44706591900,500,true,2.49
"TNG",110415,"/Date(1704773055000)/",20600,500,2162025,44630371900,500,true,2.49
"TNG",110336,"/Date(1704773016000)/",20600,1000,2161525,44620071900,500,true,2.49
"TNG",110326,"/Date(1704773006000)/",20600,500,2160525,44599471900,500,true,2.49
"TNG",110306,"/Date(1704772986000)/",20600,5000,2160025,44589171900,500,true,2.49
"TNG",110300,"/Date(1704772980000)/",20600,1000,2155025,44486171900,500,true,2.49
"TNG",110245,"/Date(1704772965000)/",20600,200,2154025,44465571900,500,true,2.49
"TNG",110206,"/Date(1704772926000)/",20600,500,2153825,44461451900,500,true,2.49
"TNG",110149,"/Date(1704772909000)/",20700,200,2153325,44451151900,600,false,2.99
"TNG",110002,"/Date(1704772802000)/",20700,500,2153125,44447011900,600,false,2.99
"TNG",110001,"/Date(1704772801000)/",20700,200,2152625,44436661900,600,false,2.99
"TNG",105823,"/Date(1704772703000)/",20700,2000,2152425,44432521900,600,false,2.99
"TNG",105804,"/Date(1704772684000)/",20700,300,2150425,44391121900,600,false,2.99
"TNG",105700,"/Date(1704772620000)/",20600,1000,2150125,44384911900,500,true,2.49
"TNG",105419,"/Date(1704772459000)/",20700,200,2149125,44364311900,600,false,2.99
"TNG",105405,"/Date(1704772445000)/",20600,1000,2148925,44360171900,500,true,2.49
"TNG",105333,"/Date(1704772413000)/",20600,100,2147925,44339571900,500,true,2.49
"TNG",105307,"/Date(1704772387000)/",20600,200,2147825,44337511900,500,true,2.49
"TNG",105255,"/Date(1704772375000)/",20600,1100,2147625,44333391900,500,true,2.49
"TNG",105214,"/Date(1704772334000)/",20600,2300,2146525,44310731900,500,true,2.49
"TNG",105145,"/Date(1704772305000)/",20600,200,2144225,44263351900,500,true,2.49
"TNG",105115,"/Date(1704772275000)/",20700,200,2144025,44259231900,600,false,2.99
"TNG",105035,"/Date(1704772235000)/",20700,200,2143825,44255091900,600,false,2.99
"TNG",104902,"/Date(1704772142000)/",20700,500,2143625,44250951900,600,false,2.99
"TNG",104821,"/Date(1704772102000)/",20700,200,2143125,44240601900,600,false,2.99
"TNG",104703,"/Date(1704772023000)/",20700,1000,2142925,44236461900,600,false,2.99
"TNG",104649,"/Date(1704772009000)/",20700,300,2141925,44215761900,600,false,2.99
"TNG",104607,"/Date(1704771967000)/",20700,500,2141625,44209551900,600,false,2.99
"TNG",104533,"/Date(1704771933000)/",20600,300,2141125,44199201900,500,true,2.49
"TNG",104433,"/Date(1704771873000)/",20600,25000,2140825,44193021900,500,true,2.49
"TNG",104432,"/Date(1704771872000)/",20700,100,2115825,43678021900,600,false,2.99
"TNG",104355,"/Date(1704771835000)/",20600,17000,2115725,43675951900,500,true,2.49
"TNG",104305,"/Date(1704771785000)/",20700,200,2098725,43325751900,600,false,2.99
"TNG",104234,"/Date(1704771754000)/",20700,900,2098525,43321611900,600,false,2.99
"TNG",104101,"/Date(1704771661000)/",20600,100,2097625,43302981900,500,true,2.49
"TNG",104050,"/Date(1704771650000)/",20600,500,2097525,43300921900,500,true,2.49
"TNG",104021,"/Date(1704771621000)/",20600,1000,2097025,43290621900,500,true,2.49
"TNG",104002,"/Date(1704771602000)/",20600,100,2096025,43270021900,500,true,2.49
"TNG",103929,"/Date(1704771569000)/",20600,100,2095925,43267961900,500,true,2.49
"TNG",103921,"/Date(1704771561000)/",20700,200,2095825,43265901900,600,false,2.99
"TNG",103844,"/Date(1704771524000)/",20600,1000,2095625,43261761900,500,true,2.49
"TNG",103820,"/Date(1704771500000)/",20700,500,2094625,43241161900,600,false,2.99
"TNG",103813,"/Date(1704771493000)/",20700,500,2094125,43230811900,600,false,2.99
"TNG",103611,"/Date(1704771371000)/",20700,300,2093625,43220461900,600,false,2.99
"TNG",103536,"/Date(1704771336000)/",20700,200,2093325,43214251900,600,false,2.99
"TNG",103440,"/Date(1704771280000)/",20600,500,2093125,43210111900,500,true,2.49
"TNG",103328,"/Date(1704771208000)/",20600,800,2092625,43199811900,500,true,2.49
"TNG",103326,"/Date(1704771206000)/",20700,500,2091825,43183331900,600,false,2.99
"TNG",103303,"/Date(1704771183000)/",20700,2000,2091325,43172981900,600,false,2.99
"TNG",103229,"/Date(1704771149000)/",20700,100,2089325,43131581900,600,false,2.99
"TNG",103220,"/Date(1704771140000)/",20700,100,2089225,43129511900,600,false,2.99
"TNG",103207,"/Date(1704771127000)/",20700,100,2089125,43127441900,600,false,2.99
"TNG",103206,"/Date(1704771126000)/",20700,400,2089025,43125371900,600,false,2.99
"TNG",103152,"/Date(1704771112000)/",20700,300,2088625,43117091900,600,false,2.99
"TNG",103109,"/Date(1704771069000)/",20700,1220,2088325,43110881900,600,false,2.99
"TNG",102922,"/Date(1704770962000)/",20600,8,2087105,43085629900,500,true,2.49
"TNG",102921,"/Date(1704770961000)/",20600,3000,2087097,43085465100,500,true,2.49
"TNG",102907,"/Date(1704770947000)/",20700,500,2084097,43023665100,600,false,2.99
"TNG",102855,"/Date(1704770935000)/",20600,8,2083597,43013315100,500,true,2.49
"TNG",102818,"/Date(1704770898000)/",20600,100,2083589,43013150300,500,true,2.49
"TNG",102807,"/Date(1704770887000)/",20700,5200,2083489,43011090300,600,false,2.99
"TNG",102804,"/Date(1704770884000)/",20700,2000,2078289,42903450300,600,false,2.99
"TNG",102751,"/Date(1704770871000)/",20700,24,2076289,42862050300,600,false,2.99
"TNG",102544,"/Date(1704770744000)/",20700,500,2076265,42861555900,600,false,2.99
"TNG",102511,"/Date(1704770711000)/",20700,6300,2075765,42851205900,600,false,2.99
"TNG",102509,"/Date(1704770709000)/",20700,4000,2069465,42720795900,600,true,2.99
"TNG",102507,"/Date(1704770707000)/",20700,10000,2065465,42637995900,600,true,2.99
"TNG",102506,"/Date(1704770706000)/",20700,7500,2055465,42430995900,600,true,2.99
"TNG",102502,"/Date(1704770702000)/",20700,40000,2047965,42275745900,600,true,2.99
"TNG",102457,"/Date(1704770697000)/",20700,2700,2007965,41447745900,600,true,2.99
"TNG",102438,"/Date(1704770679000)/",20700,30800,2005265,41391855900,600,true,2.99
"TNG",102423,"/Date(1704770663000)/",20800,200,1974465,40754295900,700,false,3.48
"TNG",102402,"/Date(1704770642000)/",20700,200,1974265,40750135900,600,true,2.99
"TNG",102354,"/Date(1704770634000)/",20700,1000,1974065,40745995900,600,true,2.99
"TNG",102353,"/Date(1704770633000)/",20700,13200,1973065,40725295900,600,true,2.99
"TNG",102349,"/Date(1704770629000)/",20700,3000,1959865,40452055900,600,true,2.99
"TNG",102343,"/Date(1704770623000)/",20700,400,1956865,40389955900,600,true,2.99
"TNG",102341,"/Date(1704770621000)/",20700,2000,1956465,40381675900,600,true,2.99
"TNG",102329,"/Date(1704770609000)/",20700,17100,1954465,40340275900,600,true,2.99
"TNG",102319,"/Date(1704770599000)/",20700,300,1937365,39986305900,600,true,2.99
"TNG",102222,"/Date(1704770543000)/",20700,700,1937065,39980095900,600,true,2.99
"TNG",102142,"/Date(1704770503000)/",20700,800,1936365,39965605900,600,true,2.99
"TNG",102037,"/Date(1704770438000)/",20800,300,1935565,39949045900,700,false,3.48
"TNG",102027,"/Date(1704770428000)/",20700,3000,1935265,39942805900,600,true,2.99
"TNG",102013,"/Date(1704770414000)/",20700,600,1932265,39880705900,600,true,2.99
"TNG",101838,"/Date(1704770319000)/",20700,1000,1931665,39868285900,600,true,2.99
"TNG",101711,"/Date(1704770231000)/",20800,800,1930665,39847585900,700,false,3.48
"TNG",101656,"/Date(1704770216000)/",20800,1,1929865,39830945900,700,false,3.48
"TNG",101652,"/Date(1704770212000)/",20800,200,1929864,39830925300,700,false,3.48
"TNG",101646,"/Date(1704770206000)/",20700,200,1929664,39826765300,600,true,2.99
"TNG",101640,"/Date(1704770200000)/",20700,200,1929464,39822625300,600,true,2.99
"TNG",101526,"/Date(1704770126000)/",20700,200,1929264,39818485300,600,true,2.99
"TNG",101511,"/Date(1704770111000)/",20700,80,1929064,39814345300,600,true,2.99
"TNG",101500,"/Date(1704770100000)/",20700,400,1928984,39812689300,600,true,2.99
"TNG",101431,"/Date(1704770071000)/",20700,12000,1928584,39804409300,600,true,2.99
"TNG",101420,"/Date(1704770060000)/",20700,1000,1916584,39556009300,600,true,2.99
"TNG",101413,"/Date(1704770053000)/",20700,100,1915584,39535309300,600,true,2.99
"TNG",101351,"/Date(1704770031000)/",20700,300,1915484,39533239300,600,true,2.99
"TNG",101329,"/Date(1704770009000)/",20700,2000,1915184,39527029300,600,true,2.99
"TNG",101328,"/Date(1704770008000)/",20700,10000,1913184,39485629300,600,true,2.99
"TNG",101309,"/Date(1704769989000)/",20800,200,1903184,39278629300,700,false,3.48
"TNG",101303,"/Date(1704769983000)/",20700,3000,1902984,39274469300,600,true,2.99
"TNG",101302,"/Date(1704769982000)/",20700,7000,1899984,39212369300,600,true,2.99
"TNG",101212,"/Date(1704769932000)/",20700,8000,1892984,39067469300,600,true,2.99
"TNG",101207,"/Date(1704769927000)/",20700,1,1884984,38901869300,600,true,2.99
"TNG",101105,"/Date(1704769865000)/",20700,400,1884983,38901848600,600,true,2.99
"TNG",101048,"/Date(1704769848000)/",20700,600,1884583,38893568600,600,true,2.99
"TNG",101047,"/Date(1704769847000)/",20700,100,1883983,38881148600,600,true,2.99
"TNG",101040,"/Date(1704769840000)/",20700,1500,1883883,38879078600,600,true,2.99
"TNG",101017,"/Date(1704769817000)/",20700,1000,1882383,38848028600,600,true,2.99
"TNG",101000,"/Date(1704769800000)/",20700,3000,1881383,38827328600,600,true,2.99
"TNG",100938,"/Date(1704769778000)/",20800,200,1878383,38765228600,700,false,3.48
"TNG",100924,"/Date(1704769764000)/",20800,200,1878183,38761068600,700,false,3.48
"TNG",100923,"/Date(1704769763000)/",20700,200,1877983,38756908600,600,true,2.99
"TNG",100914,"/Date(1704769754000)/",20700,2000,1877783,38752768600,600,true,2.99
"TNG",100906,"/Date(1704769746000)/",20700,600,1875783,38711368600,600,true,2.99
"TNG",100856,"/Date(1704769736000)/",20700,900,1875183,38698948600,600,true,2.99
"TNG",100850,"/Date(1704769730000)/",20700,1000,1874283,38680318600,600,true,2.99
"TNG",100841,"/Date(1704769721000)/",20700,300,1873283,38659618600,600,true,2.99
"TNG",100734,"/Date(1704769654000)/",20700,10000,1872983,38653408600,600,true,2.99
"TNG",100648,"/Date(1704769608000)/",20700,14900,1862983,38446408600,600,true,2.99
"TNG",100638,"/Date(1704769598000)/",20700,500,1848083,38137978600,600,true,2.99
"TNG",100628,"/Date(1704769588000)/",20700,200,1847583,38127628600,600,true,2.99
"TNG",100619,"/Date(1704769579000)/",20700,1000,1847383,38123488600,600,true,2.99
"TNG",100602,"/Date(1704769562000)/",20700,2000,1846383,38102788600,600,true,2.99
"TNG",100539,"/Date(1704769539000)/",20800,300,1844383,38061388600,700,false,3.48
"TNG",100522,"/Date(1704769522000)/",20700,2000,1844083,38055148600,600,true,2.99
"TNG",100444,"/Date(1704769484000)/",20800,1000,1842083,38013748600,700,false,3.48
"TNG",100414,"/Date(1704769454000)/",20800,3000,1841083,37992948600,700,false,3.48
"TNG",100400,"/Date(1704769440000)/",20700,1000,1838083,37930548600,600,true,2.99
"TNG",100340,"/Date(1704769420000)/",20700,1000,1837083,37909848600,600,true,2.99
"TNG",100330,"/Date(1704769410000)/",20800,10000,1836083,37889148600,700,false,3.48
"TNG",100318,"/Date(1704769398000)/",20800,12400,1826083,37681148600,700,false,3.48
"TNG",100303,"/Date(1704769383000)/",20700,1100,1813683,37423228600,600,true,2.99
"TNG",100241,"/Date(1704769361000)/",20700,400,1812583,37400458600,600,true,2.99
"TNG",100232,"/Date(1704769352000)/",20800,5000,1812183,37392178600,700,false,3.48
"TNG",100222,"/Date(1704769342000)/",20700,1600,1807183,37288178600,600,true,2.99
"TNG",100155,"/Date(1704769315000)/",20800,200,1805583,37255058600,700,false,3.48
"TNG",100148,"/Date(1704769308000)/",20700,200,1805383,37250898600,600,true,2.99
"TNG",100147,"/Date(1704769307000)/",20700,400,1805183,37246758600,600,true,2.99
"TNG",100145,"/Date(1704769305000)/",20700,15,1804783,37238478600,600,true,2.99
"TNG",100124,"/Date(1704769284000)/",20700,200,1804768,37238168100,600,true,2.99
"TNG",100110,"/Date(1704769270000)/",20800,2500,1804568,37234028100,700,false,3.48
"TNG",100038,"/Date(1704769238000)/",20800,1000,1802068,37182028100,700,false,3.48
"TNG",100025,"/Date(1704769225000)/",20800,400,1801068,37161228100,700,false,3.48
"TNG",100020,"/Date(1704769220000)/",20800,2000,1800668,37152908100,700,false,3.48
"TNG",100012,"/Date(1704769212000)/",20800,1000,1798668,37111308100,700,false,3.48
"TNG",100011,"/Date(1704769211000)/",20800,3000,1797668,37090508100,700,false,3.48
"TNG",100001,"/Date(1704769201000)/",20700,100,1794668,37028108100,600,true,2.99
"TNG",95948,"/Date(1704769188000)/",20800,52000,1794568,37026038100,700,false,3.48
"TNG",95938,"/Date(1704769178000)/",20800,20000,1742568,35944438100,700,false,3.48
"TNG",95922,"/Date(1704769162000)/",20800,200,1722568,35528438100,700,false,3.48
"TNG",95912,"/Date(1704769152000)/",20800,5000,1722368,35524278100,700,false,3.48
"TNG",95855,"/Date(1704769135000)/",20800,2000,1717368,35420278100,700,false,3.48
"TNG",95845,"/Date(1704769125000)/",20800,2000,1715368,35378678100,700,false,3.48
"TNG",95824,"/Date(1704769105000)/",20800,500,1713368,35337078100,700,false,3.48
"TNG",95813,"/Date(1704769093000)/",20800,2000,1712868,35326678100,700,false,3.48
"TNG",95810,"/Date(1704769090000)/",20800,200,1710868,35285078100,700,false,3.48
"TNG",95800,"/Date(1704769080000)/",20800,2900,1710668,35280918100,700,false,3.48
"TNG",95749,"/Date(1704769069000)/",20800,2000,1707768,35220598100,700,false,3.48
"TNG",95617,"/Date(1704768978000)/",20800,3000,1705768,35178998100,700,false,3.48
"TNG",95616,"/Date(1704768976000)/",20800,1000,1702768,35116598100,700,false,3.48
"TNG",95447,"/Date(1704768888000)/",20800,5000,1701768,35095798100,700,false,3.48
"TNG",95435,"/Date(1704768876000)/",20800,7,1696768,34991798100,700,false,3.48
"TNG",95425,"/Date(1704768866000)/",20800,300,1696761,34991652500,700,false,3.48
"TNG",95337,"/Date(1704768817000)/",20800,10000,1696461,34985412500,700,false,3.48
"TNG",95304,"/Date(1704768784000)/",20800,5000,1686461,34777412500,700,false,3.48
"TNG",95254,"/Date(1704768774000)/",20800,200,1681461,34673412500,700,false,3.48
"TNG",95222,"/Date(1704768742000)/",20800,3000,1681261,34669252500,700,false,3.48
"TNG",95201,"/Date(1704768721000)/",20700,2000,1678261,34606852500,600,true,2.99
"TNG",95139,"/Date(1704768699000)/",20700,5000,1676261,34565452500,600,true,2.99
"TNG",95132,"/Date(1704768692000)/",20700,300,1671261,34461952500,600,true,2.99
"TNG",95049,"/Date(1704768649000)/",20700,100,1670961,34455742500,600,true,2.99
"TNG",95043,"/Date(1704768643000)/",20800,2900,1670861,34453672500,700,false,3.48
"TNG",95041,"/Date(1704768641000)/",20800,200,1667961,34393352500,700,false,3.48
"TNG",95035,"/Date(1704768635000)/",20800,84,1667761,34389192500,700,false,3.48
"TNG",95027,"/Date(1704768627000)/",20800,99,1667677,34387455800,700,false,3.48
"TNG",94957,"/Date(1704768597000)/",20800,20000,1667578,34385416400,700,false,3.48
"TNG",94952,"/Date(1704768592000)/",20700,6,1647578,33969416400,600,true,2.99
"TNG",94934,"/Date(1704768574000)/",20700,500,1647572,33969292800,600,true,2.99
"TNG",94906,"/Date(1704768546000)/",20700,3000,1647072,33958942800,600,true,2.99
"TNG",94857,"/Date(1704768537000)/",20700,1000,1644072,33896842800,600,true,2.99
"TNG",94832,"/Date(1704768512000)/",20700,200,1643072,33876142800,600,true,2.99
"TNG",94822,"/Date(1704768502000)/",20700,1000,1642872,33872002800,600,true,2.99
"TNG",94821,"/Date(1704768501000)/",20800,100,1641872,33851302800,700,false,3.48
"TNG",94818,"/Date(1704768498000)/",20700,1000,1641772,33849222800,600,true,2.99
"TNG",94809,"/Date(1704768489000)/",20700,100,1640772,33828522800,600,true,2.99
"TNG",94744,"/Date(1704768464000)/",20700,1900,1640672,33826452800,600,true,2.99
"TNG",94733,"/Date(1704768453000)/",20700,16200,1638772,33787122800,600,true,2.99
"TNG",94731,"/Date(1704768451000)/",20700,18200,1622572,33451782800,600,false,2.99
"TNG",94730,"/Date(1704768450000)/",20700,1800,1604372,33075042800,600,false,2.99
"TNG",94729,"/Date(1704768449000)/",20700,14000,1602572,33037782800,600,false,2.99
"TNG",94723,"/Date(1704768443000)/",20700,1800,1588572,32747982800,600,false,2.99
"TNG",94721,"/Date(1704768441000)/",20700,300,1586772,32710722800,600,false,2.99
"TNG",94719,"/Date(1704768439000)/",20700,27300,1586472,32704512800,600,false,2.99
"TNG",94717,"/Date(1704768437000)/",20700,660,1559172,32139402800,600,false,2.99
"TNG",94715,"/Date(1704768435000)/",20700,16000,1558512,32125756800,600,false,2.99
"TNG",94711,"/Date(1704768431000)/",20700,14400,1542512,31794556800,600,false,2.99
"TNG",94703,"/Date(1704768423000)/",20700,45000,1528112,31496476800,600,false,2.99
"TNG",94701,"/Date(1704768421000)/",20700,100,1483112,30564976800,600,false,2.99
"TNG",94656,"/Date(1704768416000)/",20700,200,1483012,30562906800,600,false,2.99
"TNG",94653,"/Date(1704768413000)/",20600,5000,1482812,30558766800,500,true,2.49
"TNG",94639,"/Date(1704768399000)/",20700,2000,1477812,30455766800,600,false,2.99
"TNG",94635,"/Date(1704768395000)/",20700,8300,1475812,30414366800,600,false,2.99
"TNG",94601,"/Date(1704768361000)/",20700,1000,1467512,30242556800,600,false,2.99
"TNG",94525,"/Date(1704768325000)/",20600,5000,1466512,30221856800,500,true,2.49
"TNG",94522,"/Date(1704768322000)/",20700,3000,1461512,30118856800,600,false,2.99
"TNG",94505,"/Date(1704768305000)/",20700,5000,1458512,30056756800,600,false,2.99
"TNG",94433,"/Date(1704768273000)/",20600,100,1453512,29953256800,500,true,2.49
"TNG",94414,"/Date(1704768254000)/",20600,2500,1453412,29951196800,500,true,2.49
"TNG",94355,"/Date(1704768235000)/",20700,2000,1450912,29899696800,600,false,2.99
"TNG",94345,"/Date(1704768225000)/",20700,2000,1448912,29858296800,600,false,2.99
"TNG",94337,"/Date(1704768217000)/",20700,100,1446912,29816896800,600,false,2.99
"TNG",94312,"/Date(1704768192000)/",20700,200,1446812,29814826800,600,false,2.99
"TNG",94303,"/Date(1704768183000)/",20600,500,1446612,29810686800,500,true,2.49
"TNG",94259,"/Date(1704768179000)/",20600,1000,1446112,29800386800,500,true,2.49
"TNG",94252,"/Date(1704768172000)/",20600,200,1445112,29779786800,500,true,2.49
"TNG",94246,"/Date(1704768166000)/",20700,30000,1444912,29775666800,600,false,2.99
"TNG",94207,"/Date(1704768127000)/",20700,2000,1414912,29154666800,600,false,2.99
"TNG",94200,"/Date(1704768120000)/",20600,2300,1412912,29113266800,500,true,2.49
"TNG",94111,"/Date(1704768071000)/",20700,100,1410612,29065886800,600,false,2.99
"TNG",94059,"/Date(1704768059000)/",20600,1300,1410512,29063816800,500,true,2.49
"TNG",94038,"/Date(1704768038000)/",20700,500,1409212,29037036800,600,false,2.99
"TNG",94023,"/Date(1704768023000)/",20700,18800,1408712,29026686800,600,false,2.99
"TNG",93959,"/Date(1704767999000)/",20700,200,1389912,28637526800,600,false,2.99
"TNG",93956,"/Date(1704767997000)/",20600,2500,1389712,28633386800,500,true,2.49
"TNG",93955,"/Date(1704767996000)/",20600,40400,1387212,28581886800,500,true,2.49
"TNG",93954,"/Date(1704767994000)/",20600,1000,1346812,27749646800,500,false,2.49
"TNG",93953,"/Date(1704767993000)/",20600,20500,1345812,27729046800,500,false,2.49
"TNG",93950,"/Date(1704767991000)/",20600,6000,1325312,27306746800,500,false,2.49
"TNG",93946,"/Date(1704767986000)/",20600,6500,1319312,27183146800,500,false,2.49
"TNG",93942,"/Date(1704767983000)/",20600,45000,1312812,27049246800,500,false,2.49
"TNG",93926,"/Date(1704767967000)/",20600,300,1267812,26122246800,500,false,2.49
"TNG",93922,"/Date(1704767962000)/",20600,200,1267512,26116066800,500,false,2.49
"TNG",93912,"/Date(1704767953000)/",20600,32,1267312,26111946800,500,false,2.49
"TNG",93859,"/Date(1704767940000)/",20600,300,1267280,26111287600,500,false,2.49
"TNG",93844,"/Date(1704767925000)/",20500,100,1266980,26105107600,400,true,1.99
"TNG",93842,"/Date(1704767923000)/",20600,600,1266880,26103057600,500,false,2.49
"TNG",93841,"/Date(1704767922000)/",20600,1000,1266280,26090697600,500,false,2.49
"TNG",93837,"/Date(1704767918000)/",20600,1000,1265280,26070097600,500,false,2.49
"TNG",93824,"/Date(1704767905000)/",20600,50000,1264280,26049497600,500,false,2.49
"TNG",93820,"/Date(1704767901000)/",20600,100,1214280,25019497600,500,false,2.49
"TNG",93818,"/Date(1704767899000)/",20600,5000,1214180,25017437600,500,false,2.49
"TNG",93813,"/Date(1704767894000)/",20600,500,1209180,24914437600,500,false,2.49
"TNG",93809,"/Date(1704767890000)/",20600,11200,1208680,24904137600,500,false,2.49
"TNG",93805,"/Date(1704767886000)/",20600,58700,1197480,24673417600,500,false,2.49
"TNG",93758,"/Date(1704767879000)/",20600,200,1138780,23464197600,500,true,2.49
"TNG",93747,"/Date(1704767868000)/",20600,100,1138580,23460077600,500,true,2.49
"TNG",93743,"/Date(1704767864000)/",20600,400,1138480,23458017600,500,true,2.49
"TNG",93731,"/Date(1704767852000)/",20600,1000,1138080,23449777600,500,true,2.49
"TNG",93727,"/Date(1704767848000)/",20600,1000,1137080,23429177600,500,true,2.49
"TNG",93725,"/Date(1704767846000)/",20600,500,1136080,23408577600,500,true,2.49
"TNG",93722,"/Date(1704767843000)/",20600,400,1135580,23398277600,500,true,2.49
"TNG",93711,"/Date(1704767832000)/",20600,100,1135180,23390037600,500,true,2.49
"TNG",93659,"/Date(1704767820000)/",20600,900,1135080,23387977600,500,true,2.49
"TNG",93658,"/Date(1704767819000)/",20600,500,1134180,23369437600,500,true,2.49
"TNG",93647,"/Date(1704767808000)/",20600,200,1133680,23359137600,500,true,2.49
"TNG",93640,"/Date(1704767801000)/",20600,300,1133480,23355017600,500,true,2.49
"TNG",93620,"/Date(1704767781000)/",20700,12000,1133180,23348837600,600,false,2.99
"TNG",93542,"/Date(1704767742000)/",20700,200,1121180,23100437600,600,false,2.99
"TNG",93537,"/Date(1704767737000)/",20600,200,1120980,23096297600,500,true,2.49
"TNG",93517,"/Date(1704767717000)/",20700,800,1120780,23092177600,600,false,2.99
"TNG",93514,"/Date(1704767714000)/",20600,30000,1119980,23075617600,500,true,2.49
"TNG",93502,"/Date(1704767702000)/",20600,4000,1089980,22457617600,500,true,2.49
"TNG",93445,"/Date(1704767685000)/",20600,1000,1085980,22375217600,500,true,2.49
"TNG",93434,"/Date(1704767674000)/",20600,6100,1084980,22354617600,500,true,2.49
"TNG",93427,"/Date(1704767667000)/",20600,1000,1078880,22228957600,500,true,2.49
"TNG",93422,"/Date(1704767662000)/",20600,6200,1077880,22208357600,500,true,2.49
"TNG",93401,"/Date(1704767641000)/",20600,100,1071680,22080637600,500,true,2.49
"TNG",93336,"/Date(1704767616000)/",20600,5000,1071580,22078577600,500,true,2.49
"TNG",93328,"/Date(1704767608000)/",20600,3000,1066580,21975577600,500,true,2.49
"TNG",93325,"/Date(1704767605000)/",20600,3000,1063580,21913777600,500,true,2.49
"TNG",93313,"/Date(1704767593000)/",20600,1,1060580,21851977600,500,true,2.49
"TNG",93255,"/Date(1704767575000)/",20600,100,1060579,21851957000,500,true,2.49
"TNG",93247,"/Date(1704767567000)/",20600,100,1060479,21849897000,500,true,2.49
"TNG",93228,"/Date(1704767548000)/",20700,2000,1060379,21847837000,600,false,2.99
"TNG",93222,"/Date(1704767542000)/",20700,200,1058379,21806437000,600,false,2.99
"TNG",93221,"/Date(1704767541000)/",20700,100,1058179,21802297000,600,false,2.99
"TNG",93212,"/Date(1704767532000)/",20700,10000,1058079,21800227000,600,false,2.99
"TNG",93158,"/Date(1704767518000)/",20700,200,1048079,21593227000,600,false,2.99
"TNG",93157,"/Date(1704767517000)/",20700,430,1047879,21589087000,600,false,2.99
"TNG",93150,"/Date(1704767510000)/",20700,3000,1047449,21580189000,600,false,2.99
"TNG",93135,"/Date(1704767495000)/",20700,1000,1044449,21518089000,600,false,2.99
"TNG",93126,"/Date(1704767486000)/",20700,6500,1043449,21497389000,600,false,2.99
"TNG",93125,"/Date(1704767485000)/",20700,4400,1036949,21362839000,600,false,2.99
"TNG",93113,"/Date(1704767473000)/",20700,20000,1032549,21271759000,600,false,2.99
"TNG",93057,"/Date(1704767457000)/",20600,1000,1012549,20857759000,500,true,2.49
"TNG",93046,"/Date(1704767446000)/",20600,1000,1011549,20837159000,500,true,2.49
"TNG",93035,"/Date(1704767435000)/",20600,100,1010549,20816559000,500,true,2.49
"TNG",93010,"/Date(1704767410000)/",20700,300,1010449,20814499000,600,false,2.99
"TNG",92914,"/Date(1704767354000)/",20700,1000,1010149,20808299000,600,false,2.99
"TNG",92902,"/Date(1704767342000)/",20600,200,1009149,20787599000,500,true,2.49
"TNG",92900,"/Date(1704767340000)/",20600,100,1008949,20783479000,500,true,2.49
"TNG",92850,"/Date(1704767330000)/",20600,100,1008849,20781419000,500,true,2.49
"TNG",92843,"/Date(1704767323000)/",20600,1000,1008749,20779359000,500,true,2.49
"TNG",92833,"/Date(1704767313000)/",20600,500,1007749,20758759000,500,true,2.49
"TNG",92819,"/Date(1704767299000)/",20600,200,1007249,20748459000,500,true,2.49
"TNG",92817,"/Date(1704767297000)/",20600,100,1007049,20744339000,500,true,2.49
"TNG",92813,"/Date(1704767293000)/",20700,300,1006949,20742279000,600,false,2.99
"TNG",92803,"/Date(1704767283000)/",20600,300,1006649,20736069000,500,true,2.49
"TNG",92746,"/Date(1704767266000)/",20600,200,1006349,20729889000,500,true,2.49
"TNG",92733,"/Date(1704767253000)/",20600,3000,1006149,20725769000,500,true,2.49
"TNG",92726,"/Date(1704767246000)/",20600,10000,1003149,20663969000,500,true,2.49
"TNG",92714,"/Date(1704767234000)/",20600,2,993149,20457969000,500,true,2.49
"TNG",92711,"/Date(1704767231000)/",20600,15000,993147,20457927800,500,true,2.49
"TNG",92710,"/Date(1704767230000)/",20600,400,978147,20148927800,500,true,2.49
"TNG",92709,"/Date(1704767229000)/",20600,5000,977747,20140687800,500,true,2.49
"TNG",92707,"/Date(1704767227000)/",20600,25,972747,20037687800,500,true,2.49
"TNG",92659,"/Date(1704767219000)/",20600,100,972722,20037172800,500,true,2.49
"TNG",92640,"/Date(1704767200000)/",20700,3200,972622,20035112800,600,false,2.99
"TNG",92633,"/Date(1704767193000)/",20700,5,969422,19968872800,600,false,2.99
"TNG",92618,"/Date(1704767178000)/",20700,100,969417,19968769800,600,false,2.99
"TNG",92603,"/Date(1704767163000)/",20700,1300,969317,19966699800,600,false,2.99
"TNG",92559,"/Date(1704767159000)/",20700,700,968017,19939789800,600,false,2.99
"TNG",92551,"/Date(1704767151000)/",20600,100,967317,19925299800,500,true,2.49
"TNG",92529,"/Date(1704767129000)/",20700,200,967217,19923239800,600,false,2.99
"TNG",92513,"/Date(1704767113000)/",20700,500,967017,19919099800,600,false,2.99
"TNG",92508,"/Date(1704767108000)/",20700,64,966517,19908749800,600,false,2.99
"TNG",92501,"/Date(1704767101000)/",20700,3000,966453,19907425000,600,false,2.99
"TNG",92457,"/Date(1704767097000)/",20700,100,963453,19845325000,600,false,2.99
"TNG",92449,"/Date(1704767089000)/",20700,100,963353,19843255000,600,false,2.99
"TNG",92442,"/Date(1704767082000)/",20700,100,963253,19841185000,600,false,2.99
"TNG",92440,"/Date(1704767080000)/",20700,4600,963153,19839115000,600,false,2.99
"TNG",92429,"/Date(1704767069000)/",20700,2800,958553,19743895000,600,false,2.99
"TNG",92428,"/Date(1704767068000)/",20700,1000,955753,19685915000,600,true,2.99
"TNG",92425,"/Date(1704767065000)/",20700,500,954753,19665215000,600,true,2.99
"TNG",92423,"/Date(1704767063000)/",20700,1025,954253,19654865000,600,true,2.99
"TNG",92417,"/Date(1704767057000)/",20700,4000,953228,19633647500,600,true,2.99
"TNG",92416,"/Date(1704767056000)/",20700,20000,949228,19550847500,600,true,2.99
"TNG",92407,"/Date(1704767047000)/",20700,200,929228,19136847500,600,true,2.99
"TNG",92351,"/Date(1704767031000)/",20700,500,929028,19132707500,600,true,2.99
"TNG",92335,"/Date(1704767015000)/",20700,100,928528,19122357500,600,true,2.99
"TNG",92328,"/Date(1704767008000)/",20700,10,928428,19120287500,600,true,2.99
"TNG",92326,"/Date(1704767006000)/",20700,500,928418,19120080500,600,true,2.99
"TNG",92321,"/Date(1704767001000)/",20700,200,927918,19109730500,600,true,2.99
"TNG",92313,"/Date(1704766993000)/",20800,1900,927718,19105590500,700,false,3.48
"TNG",92309,"/Date(1704766989000)/",20800,500,925818,19066070500,700,false,3.48
"TNG",92250,"/Date(1704766970000)/",20800,5000,925318,19055670500,700,false,3.48
"TNG",92241,"/Date(1704766961000)/",20700,1500,920318,18951670500,600,true,2.99
"TNG",92240,"/Date(1704766960000)/",20700,300,918818,18920620500,600,true,2.99
"TNG",92238,"/Date(1704766959000)/",20700,400,918518,18914410500,600,true,2.99
"TNG",92237,"/Date(1704766957000)/",20700,2000,918118,18906130500,600,true,2.99
"TNG",92221,"/Date(1704766941000)/",20700,200,916118,18864730500,600,true,2.99
"TNG",92156,"/Date(1704766917000)/",20800,1,915918,18860590500,700,false,3.48
"TNG",92152,"/Date(1704766913000)/",20800,500,915917,18860569700,700,false,3.48
"TNG",92150,"/Date(1704766910000)/",20700,800,915417,18850169700,600,true,2.99
"TNG",92146,"/Date(1704766906000)/",20800,100,914617,18833609700,700,false,3.48
"TNG",92125,"/Date(1704766886000)/",20800,1000,914517,18831529700,700,false,3.48
"TNG",92118,"/Date(1704766879000)/",20800,600,913517,18810729700,700,false,3.48
"TNG",92059,"/Date(1704766860000)/",20800,8600,912917,18798249700,700,true,3.48
"TNG",92058,"/Date(1704766859000)/",20800,5000,904317,18619369700,700,true,3.48
"TNG",92056,"/Date(1704766857000)/",20800,100,899317,18515369700,700,true,3.48
"TNG",92054,"/Date(1704766855000)/",20800,1,899217,18513289700,700,true,3.48
"TNG",92053,"/Date(1704766853000)/",20800,500,899216,18513268900,700,true,3.48
"TNG",92052,"/Date(1704766852000)/",20800,6200,898716,18502868900,700,true,3.48
"TNG",92051,"/Date(1704766851000)/",20800,500,892516,18373908900,700,true,3.48
"TNG",92050,"/Date(1704766850000)/",20800,37500,892016,18363508900,700,true,3.48
"TNG",92046,"/Date(1704766847000)/",20800,300,854516,17583508900,700,false,3.48
"TNG",92043,"/Date(1704766844000)/",20800,200,854216,17577268900,700,false,3.48
"TNG",92041,"/Date(1704766841000)/",20800,200,854016,17573108900,700,false,3.48
"TNG",92039,"/Date(1704766840000)/",20800,1400,853816,17568948900,700,false,3.48
"TNG",92038,"/Date(1704766839000)/",20800,2000,852416,17539828900,700,false,3.48
"TNG",92037,"/Date(1704766838000)/",20800,8900,850416,17498228900,700,false,3.48
"TNG",92033,"/Date(1704766834000)/",20800,1100,841516,17313108900,700,false,3.48
"TNG",92030,"/Date(1704766831000)/",20800,8500,840416,17290228900,700,true,3.48
"TNG",92029,"/Date(1704766830000)/",20800,1000,831916,17113428900,700,true,3.48
"TNG",92027,"/Date(1704766828000)/",20800,6800,830916,17092628900,700,true,3.48
"TNG",92026,"/Date(1704766827000)/",20800,500,824116,16950738900,700,true,3.48
"TNG",92025,"/Date(1704766826000)/",20800,2000,823616,16940338900,700,true,3.48
"TNG",92024,"/Date(1704766824000)/",20800,10000,821616,16898738900,700,true,3.48
"TNG",92022,"/Date(1704766823000)/",20900,1000,811616,16690738900,800,false,3.98
"TNG",92020,"/Date(1704766821000)/",20800,4000,810616,16669838900,700,true,3.48
"TNG",92018,"/Date(1704766818000)/",20800,9500,806616,16586638900,700,true,3.48
"TNG",92015,"/Date(1704766816000)/",20800,4200,797116,16389038900,700,true,3.48
"TNG",92011,"/Date(1704766812000)/",20800,2000,792916,16301678900,700,true,3.48
"TNG",92010,"/Date(1704766811000)/",20800,300,790916,16260078900,700,true,3.48
"TNG",92009,"/Date(1704766810000)/",20800,1000,790616,16253838900,700,true,3.48
"TNG",92007,"/Date(1704766808000)/",20800,600,789616,16233038900,700,true,3.48
"TNG",91952,"/Date(1704766793000)/",20800,1700,789016,16220558900,700,true,3.48
"TNG",91933,"/Date(1704766774000)/",20800,1000,787316,16185198900,700,true,3.48
"TNG",91925,"/Date(1704766766000)/",20800,500,786316,16164398900,700,true,3.48
"TNG",91920,"/Date(1704766761000)/",20800,5000,785816,16153998900,700,true,3.48
"TNG",91902,"/Date(1704766743000)/",20800,2000,780816,16049998900,700,true,3.48
"TNG",91901,"/Date(1704766742000)/",20800,200,778816,16008398900,700,true,3.48
"TNG",91853,"/Date(1704766734000)/",20800,11500,778616,16004238900,700,false,3.48
"TNG",91851,"/Date(1704766732000)/",20800,600,767116,15765038900,700,false,3.48
"TNG",91850,"/Date(1704766731000)/",20800,10000,766516,15752558900,700,false,3.48
"TNG",91849,"/Date(1704766730000)/",20800,10200,756516,15544558900,700,false,3.48
"TNG",91844,"/Date(1704766725000)/",20800,3000,746316,15332398900,700,false,3.48
"TNG",91842,"/Date(1704766723000)/",20800,6700,743316,15269998900,700,false,3.48
"TNG",91841,"/Date(1704766722000)/",20800,300,736616,15130638900,700,false,3.48
"TNG",91838,"/Date(1704766719000)/",20800,100,736316,15124398900,700,false,3.48
"TNG",91835,"/Date(1704766716000)/",20800,20100,736216,15122318900,700,false,3.48
"TNG",91833,"/Date(1704766714000)/",20800,20000,716116,14704238900,700,false,3.48
"TNG",91830,"/Date(1704766711000)/",20700,2000,696116,14288238900,600,true,2.99
"TNG",91827,"/Date(1704766708000)/",20800,67,694116,14246838900,700,false,3.48
"TNG",91820,"/Date(1704766701000)/",20800,100,694049,14245458700,700,false,3.48
"TNG",91818,"/Date(1704766699000)/",20700,5000,693949,14243378700,600,true,2.99
"TNG",91817,"/Date(1704766698000)/",20700,100,688949,14139878700,600,true,2.99
"TNG",91816,"/Date(1704766697000)/",20700,49700,688849,14137808700,600,false,2.99
"TNG",91808,"/Date(1704766689000)/",20600,2000,639149,13109018700,500,true,2.49
"TNG",91804,"/Date(1704766685000)/",20600,100,637149,13067818700,500,true,2.49
"TNG",91803,"/Date(1704766684000)/",20600,15100,637049,13065758700,500,true,2.49
"TNG",91754,"/Date(1704766675000)/",20600,100,621949,12754698700,500,true,2.49
"TNG",91750,"/Date(1704766671000)/",20600,300,621849,12752638700,500,true,2.49
"TNG",91747,"/Date(1704766668000)/",20600,200,621549,12746458700,500,true,2.49
"TNG",91746,"/Date(1704766667000)/",20600,1000,621349,12742338700,500,true,2.49
"TNG",91742,"/Date(1704766663000)/",20600,33,620349,12721738700,500,true,2.49
"TNG",91740,"/Date(1704766661000)/",20600,4900,620316,12721062200,500,true,2.49
"TNG",91736,"/Date(1704766657000)/",20600,500,615416,12620122200,500,true,2.49
"TNG",91735,"/Date(1704766656000)/",20600,80,614916,12609822200,500,true,2.49
"TNG",91734,"/Date(1704766655000)/",20600,200,614836,12608182200,500,true,2.49
"TNG",91731,"/Date(1704766652000)/",20600,1900,614636,12604062200,500,true,2.49
"TNG",91727,"/Date(1704766648000)/",20600,3800,612736,12564922200,500,true,2.49
"TNG",91725,"/Date(1704766646000)/",20600,148700,608936,12486642200,500,true,2.49
"TNG",91722,"/Date(1704766643000)/",20500,31,460236,9423422200,400,true,1.99
"TNG",91717,"/Date(1704766638000)/",20500,500,460205,9422789800,400,true,1.99
"TNG",91716,"/Date(1704766637000)/",20500,3,459705,9412539800,400,true,1.99
"TNG",91704,"/Date(1704766625000)/",20500,5000,459702,9412478600,400,true,1.99
"TNG",91658,"/Date(1704766619000)/",20600,200,454702,9309978600,500,false,2.49
"TNG",91646,"/Date(1704766606000)/",20500,1100,454502,9305858600,400,true,1.99
"TNG",91640,"/Date(1704766600000)/",20500,100,453402,9283308600,400,true,1.99
"TNG",91628,"/Date(1704766588000)/",20500,900,453302,9281258600,400,false,1.99
"TNG",91627,"/Date(1704766587000)/",20500,100,452402,9262808600,400,false,1.99
"TNG",91626,"/Date(1704766586000)/",20500,15000,452302,9260758600,400,true,1.99
"TNG",91614,"/Date(1704766574000)/",20500,5000,437302,8953258600,400,true,1.99
"TNG",91600,"/Date(1704766560000)/",20500,6800,432302,8850758600,400,true,1.99
"TNG",91555,"/Date(1704766555000)/",20500,50,425502,8711358600,400,true,1.99
"TNG",91549,"/Date(1704766549000)/",20500,100,425452,8710338600,400,true,1.99
"TNG",91541,"/Date(1704766541000)/",20500,200,425352,8708288600,400,false,1.99
"TNG",91533,"/Date(1704766533000)/",20500,500,425152,8704188600,400,true,1.99
"TNG",91530,"/Date(1704766530000)/",20500,1000,424652,8693938600,400,true,1.99
"TNG",91524,"/Date(1704766524000)/",20500,200,423652,8673438600,400,true,1.99
"TNG",91519,"/Date(1704766519000)/",20500,300,423452,8669338600,400,true,1.99
"TNG",91508,"/Date(1704766508000)/",20500,200,423152,8663188600,400,true,1.99
"TNG",91506,"/Date(1704766506000)/",20500,5000,422952,8659088600,400,true,1.99
"TNG",91451,"/Date(1704766491000)/",20500,500,417952,8556588600,400,true,1.99
"TNG",91445,"/Date(1704766485000)/",20500,200,417452,8546338600,400,true,1.99
"TNG",91435,"/Date(1704766475000)/",20500,1000,417252,8542238600,400,true,1.99
"TNG",91427,"/Date(1704766467000)/",20600,2000,416252,8521738600,500,false,2.49
"TNG",91422,"/Date(1704766462000)/",20500,5000,414252,8480538600,400,true,1.99
"TNG",91411,"/Date(1704766451000)/",20500,20000,409252,8378038600,400,true,1.99
"TNG",91343,"/Date(1704766423000)/",20500,6000,389252,7968038600,400,true,1.99
"TNG",91340,"/Date(1704766420000)/",20600,1000,383252,7845038600,500,false,2.49
"TNG",91328,"/Date(1704766408000)/",20500,500,382252,7824438600,400,true,1.99
"TNG",91327,"/Date(1704766407000)/",20500,5000,381752,7814188600,400,true,1.99
"TNG",91315,"/Date(1704766395000)/",20500,1300,376752,7711688600,400,true,1.99
"TNG",91308,"/Date(1704766388000)/",20500,100,375452,7685008600,400,true,1.99
"TNG",91305,"/Date(1704766385000)/",20500,100,375352,7682958600,400,true,1.99
"TNG",91303,"/Date(1704766383000)/",20500,1900,375252,7680908600,400,true,1.99
"TNG",91256,"/Date(1704766376000)/",20500,18200,373352,7641958600,400,true,1.99
"TNG",91252,"/Date(1704766372000)/",20500,2800,355152,7268858600,400,false,1.99
"TNG",91243,"/Date(1704766363000)/",20500,200,352352,7211458600,400,true,1.99
"TNG",91242,"/Date(1704766362000)/",20500,1000,352152,7207358600,400,true,1.99
"TNG",91225,"/Date(1704766345000)/",20500,15000,351152,7186858600,400,true,1.99
"TNG",91223,"/Date(1704766343000)/",20500,3000,336152,6879358600,400,true,1.99
"TNG",91217,"/Date(1704766337000)/",20500,300,333152,6817858600,400,true,1.99
"TNG",91213,"/Date(1704766333000)/",20500,500,332852,6811708600,400,true,1.99
"TNG",91210,"/Date(1704766330000)/",20500,400,332352,6801458600,400,true,1.99
"TNG",91208,"/Date(1704766328000)/",20500,1700,331952,6793258600,400,true,1.99
"TNG",91205,"/Date(1704766325000)/",20500,100,330252,6758408600,400,true,1.99
"TNG",91157,"/Date(1704766317000)/",20500,100,330152,6756358600,400,true,1.99
"TNG",91155,"/Date(1704766315000)/",20500,1000,330052,6754308600,400,true,1.99
"TNG",91149,"/Date(1704766309000)/",20500,36,329052,6733808600,400,true,1.99
"TNG",91143,"/Date(1704766303000)/",20500,100,329016,6733070600,400,true,1.99
"TNG",91140,"/Date(1704766300000)/",20500,100,328916,6731020600,400,true,1.99
"TNG",91127,"/Date(1704766287000)/",20500,200,328816,6728970600,400,true,1.99
"TNG",91125,"/Date(1704766285000)/",20500,4000,328616,6724870600,400,true,1.99
"TNG",91122,"/Date(1704766282000)/",20500,3000,324616,6642870600,400,true,1.99
"TNG",91121,"/Date(1704766281000)/",20500,100,321616,6581370600,400,true,1.99
"TNG",91118,"/Date(1704766278000)/",20500,100,321516,6579320600,400,true,1.99
"TNG",91117,"/Date(1704766277000)/",20500,200,321416,6577270600,400,true,1.99
"TNG",91114,"/Date(1704766274000)/",20500,5000,321216,6573170600,400,true,1.99
"TNG",91112,"/Date(1704766272000)/",20500,100,316216,6470670600,400,true,1.99
"TNG",91110,"/Date(1704766270000)/",20500,18500,316116,6468620600,400,true,1.99
"TNG",91105,"/Date(1704766265000)/",20500,20000,297616,6089370600,400,true,1.99
"TNG",91058,"/Date(1704766258000)/",20500,500,277616,5679370600,400,true,1.99
"TNG",91053,"/Date(1704766253000)/",20500,8000,277116,5669120600,400,true,1.99
"TNG",91030,"/Date(1704766230000)/",20500,100,269116,5505120600,400,true,1.99
"TNG",91023,"/Date(1704766223000)/",20600,53,269016,5503070600,500,false,2.49
"TNG",91004,"/Date(1704766204000)/",20600,100,268963,5501984100,500,false,2.49
"TNG",90956,"/Date(1704766196000)/",20600,100,268863,5499924100,500,false,2.49
"TNG",90950,"/Date(1704766190000)/",20600,100,268763,5497864100,500,false,2.49
"TNG",90943,"/Date(1704766183000)/",20600,100,268663,5495804100,500,false,2.49
"TNG",90940,"/Date(1704766180000)/",20600,100,268563,5493744100,500,false,2.49
"TNG",90933,"/Date(1704766173000)/",20500,100,268463,5491684100,400,true,1.99
"TNG",90932,"/Date(1704766172000)/",20500,100,268363,5489634100,400,true,1.99
"TNG",90930,"/Date(1704766170000)/",20600,200,268263,5487584100,500,false,2.49
"TNG",90927,"/Date(1704766167000)/",20500,13300,268063,5483464100,400,true,1.99
"TNG",90923,"/Date(1704766163000)/",20500,100,254763,5210814100,400,true,1.99
"TNG",90921,"/Date(1704766161000)/",20500,5,254663,5208764100,400,true,1.99
"TNG",90914,"/Date(1704766154000)/",20500,1900,254658,5208661600,400,true,1.99
"TNG",90854,"/Date(1704766134000)/",20500,100,252758,5169711600,400,true,1.99
"TNG",90848,"/Date(1704766128000)/",20500,500,252658,5167661600,400,true,1.99
"TNG",90847,"/Date(1704766127000)/",20500,10000,252158,5157411600,400,true,1.99
"TNG",90845,"/Date(1704766125000)/",20500,10600,242158,4952411600,400,false,1.99
"TNG",90843,"/Date(1704766123000)/",20500,4000,231558,4735111600,400,false,1.99
"TNG",90821,"/Date(1704766101000)/",20500,1000,227558,4653111600,400,false,1.99
"TNG",90813,"/Date(1704766093000)/",20500,4700,226558,4632611600,400,false,1.99
"TNG",90802,"/Date(1704766082000)/",20500,600,221858,4536261600,400,true,1.99
"TNG",90801,"/Date(1704766081000)/",20500,2000,221258,4523961600,400,true,1.99
"TNG",90751,"/Date(1704766071000)/",20500,500,219258,4482961600,400,true,1.99
"TNG",90748,"/Date(1704766068000)/",20500,1000,218758,4472711600,400,true,1.99
"TNG",90736,"/Date(1704766056000)/",20500,500,217758,4452211600,400,true,1.99
"TNG",90730,"/Date(1704766050000)/",20500,4000,217258,4441961600,400,true,1.99
"TNG",90721,"/Date(1704766041000)/",20500,500,213258,4359961600,400,true,1.99
"TNG",90717,"/Date(1704766037000)/",20500,300,212758,4349711600,400,true,1.99
"TNG",90715,"/Date(1704766035000)/",20500,500,212458,4343561600,400,true,1.99
"TNG",90711,"/Date(1704766031000)/",20500,2000,211958,4333311600,400,true,1.99
"TNG",90707,"/Date(1704766027000)/",20500,2000,209958,4292311600,400,true,1.99
"TNG",90703,"/Date(1704766023000)/",20500,10000,207958,4251311600,400,true,1.99
"TNG",90656,"/Date(1704766016000)/",20500,500,197958,4046311600,400,true,1.99
"TNG",90648,"/Date(1704766008000)/",20500,400,197458,4036061600,400,true,1.99
"TNG",90631,"/Date(1704765991000)/",20500,500,197058,4027861600,400,true,1.99
"TNG",90630,"/Date(1704765990000)/",20500,5000,196558,4017611600,400,true,1.99
"TNG",90629,"/Date(1704765989000)/",20600,900,191558,3915111600,500,false,2.49
"TNG",90603,"/Date(1704765963000)/",20500,1000,190658,3896571600,400,true,1.99
"TNG",90602,"/Date(1704765962000)/",20500,5000,189658,3876071600,400,true,1.99
"TNG",90557,"/Date(1704765958000)/",20500,100,184658,3773571600,400,false,1.99
"TNG",90557,"/Date(1704765957000)/",20500,1100,184558,3771521600,400,false,1.99
"TNG",90552,"/Date(1704765952000)/",20500,1300,183458,3748971600,400,false,1.99
"TNG",90546,"/Date(1704765946000)/",20500,200,182158,3722321600,400,false,1.99
"TNG",90545,"/Date(1704765945000)/",20500,7500,181958,3718221600,400,false,1.99
"TNG",90536,"/Date(1704765936000)/",20500,500,174458,3564471600,400,false,1.99
"TNG",90535,"/Date(1704765935000)/",20500,100,173958,3554221600,400,false,1.99
"TNG",90533,"/Date(1704765933000)/",20500,1000,173858,3552171600,400,false,1.99
"TNG",90527,"/Date(1704765927000)/",20500,200,172858,3531671600,400,false,1.99
"TNG",90525,"/Date(1704765925000)/",20500,200,172658,3527571600,400,false,1.99
"TNG",90516,"/Date(1704765916000)/",20500,10000,172458,3523471600,400,false,1.99
"TNG",90506,"/Date(1704765906000)/",20500,36500,162458,3318471600,400,false,1.99
"TNG",90503,"/Date(1704765903000)/",20400,200,125958,2570221600,300,true,1.49
"TNG",90453,"/Date(1704765893000)/",20400,500,125758,2566141600,300,true,1.49
"TNG",90447,"/Date(1704765887000)/",20400,100,125258,2555941600,300,true,1.49
"TNG",90437,"/Date(1704765877000)/",20400,2000,125158,2553901600,300,true,1.49
"TNG",90418,"/Date(1704765859000)/",20400,500,123158,2513101600,300,true,1.49
"TNG",90413,"/Date(1704765853000)/",20400,200,122658,2502901600,300,true,1.49
"TNG",90400,"/Date(1704765841000)/",20400,3000,122458,2498821600,300,true,1.49
"TNG",90352,"/Date(1704765832000)/",20500,3000,119458,2437621600,400,false,1.99
"TNG",90335,"/Date(1704765816000)/",20500,10000,116458,2376121600,400,false,1.99
"TNG",90326,"/Date(1704765807000)/",20500,1900,106458,2171121600,400,true,1.99
"TNG",90320,"/Date(1704765801000)/",20500,400,104558,2132171600,400,true,1.99
"TNG",90318,"/Date(1704765799000)/",20500,200,104158,2123971600,400,true,1.99
"TNG",90314,"/Date(1704765795000)/",20500,3000,103958,2119871600,400,true,1.99
"TNG",90312,"/Date(1704765793000)/",20500,5000,100958,2058371600,400,true,1.99
"TNG",90302,"/Date(1704765783000)/",20500,700,95958,1955871600,400,true,1.99
"TNG",90301,"/Date(1704765782000)/",20500,38800,95258,1941521600,400,false,1.99
"TNG",90258,"/Date(1704765779000)/",20400,3000,56458,1146131600,300,false,1.49
"TNG",90257,"/Date(1704765778000)/",20400,3000,53458,1084931600,300,false,1.49
"TNG",90255,"/Date(1704765776000)/",20400,10000,50458,1023731600,300,false,1.49
"TNG",90251,"/Date(1704765772000)/",20300,200,40458,819731600,200,true,1
"TNG",90243,"/Date(1704765764000)/",20300,13600,40258,815671600,200,false,1
"TNG",90235,"/Date(1704765756000)/",20300,400,26658,539591600,200,false,1
"TNG",90224,"/Date(1704765745000)/",20300,4000,26258,531471600,200,false,1
"TNG",90211,"/Date(1704765732000)/",20300,58,22258,450271600,200,false,1
"TNG",90200,"/Date(1704765721000)/",20300,300,22200,449100000,200,false,1
"TNG",90133,"/Date(1704765693000)/",20300,6000,21900,443010000,200,false,1
"TNG",90127,"/Date(1704765671000)/",20300,300,15900,321210000,200,false,1
"TNG",90123,"/Date(1704765655000)/",20200,13500,15600,315120000,100,false,0.5
"TNG",90056,"/Date(1704765621000)/",20200,100,2100,42420000,100,false,0.5
"TNG",90053,"/Date(1704765619000)/",20200,2000,2000,40400000,100,false,0.5
