"Stockcode","Package","TradingDate","Price","Vol","TotalVol","TotalVal","Change","IsBuy","PerChange"
"VHM",144508,"/Date(1704786300000)/",43000,588200,6377100,273692000000,-350,false,-0.81
"VHM",143000,"/Date(1704785398000)/",42750,500,5788900,248400000000,-600,true,-1.38
"VHM",143000,"/Date(1704785397000)/",42800,100,5788400,248378000000,-550,false,-1.27
"VHM",142941,"/Date(1704785379000)/",42750,100,5788300,248374000000,-600,false,-1.38
"VHM",142934,"/Date(1704785374000)/",42750,500,5788200,248370000000,-600,false,-1.38
"VHM",142934,"/Date(1704785373000)/",42750,500,5787700,248348000000,-600,false,-1.38
"VHM",142931,"/Date(1704785369000)/",42750,200,5787200,248327000000,-600,false,-1.38
"VHM",142931,"/Date(1704785369000)/",42750,500,5787000,248318000000,-600,false,-1.38
"VHM",142931,"/Date(1704785369000)/",42750,100,5786500,248297000000,-600,false,-1.38
"VHM",142928,"/Date(1704785367000)/",42750,200,5786400,248293000000,-600,false,-1.38
"VHM",142928,"/Date(1704785367000)/",42750,500,5786200,248284000000,-600,false,-1.38
"VHM",142925,"/Date(1704785364000)/",42750,400,5785700,248263000000,-600,false,-1.38
"VHM",142915,"/Date(1704785354000)/",42750,900,5785300,248246000000,-600,false,-1.38
"VHM",142915,"/Date(1704785354000)/",42750,1000,5784400,248207000000,-600,false,-1.38
"VHM",142915,"/Date(1704785354000)/",42750,500,5783400,248164000000,-600,false,-1.38
"VHM",142915,"/Date(1704785354000)/",42750,400,5782900,248143000000,-600,false,-1.38
"VHM",142912,"/Date(1704785351000)/",42700,400,5782500,248126000000,-650,true,-1.5
"VHM",142912,"/Date(1704785351000)/",42700,2000,5782100,248109000000,-650,true,-1.5
"VHM",142912,"/Date(1704785351000)/",42700,100,5780100,248024000000,-650,true,-1.5
"VHM",142912,"/Date(1704785351000)/",42700,500,5780000,248019000000,-650,true,-1.5
"VHM",142912,"/Date(1704785349000)/",42700,1500,5779500,247998000000,-650,true,-1.5
"VHM",142912,"/Date(1704785349000)/",42700,100,5778000,247934000000,-650,true,-1.5
"VHM",142912,"/Date(1704785349000)/",42700,800,5777900,247930000000,-650,true,-1.5
"VHM",142902,"/Date(1704785341000)/",42750,1000,5777100,247895000000,-600,false,-1.38
"VHM",142902,"/Date(1704785341000)/",42750,800,5776100,247853000000,-600,false,-1.38
"VHM",142902,"/Date(1704785341000)/",42750,200,5775300,247818000000,-600,false,-1.38
"VHM",142902,"/Date(1704785339000)/",42700,100,5775100,247810000000,-650,true,-1.5
"VHM",142902,"/Date(1704785339000)/",42700,900,5775000,247806000000,-650,true,-1.5
"VHM",142859,"/Date(1704785338000)/",42700,100,5774100,247767000000,-650,true,-1.5
"VHM",142859,"/Date(1704785338000)/",42700,100,5774000,247763000000,-650,true,-1.5
"VHM",142859,"/Date(1704785338000)/",42700,200,5773900,247759000000,-650,true,-1.5
"VHM",142856,"/Date(1704785335000)/",42750,1000,5773700,247750000000,-600,false,-1.38
"VHM",142853,"/Date(1704785331000)/",42750,1000,5772700,247707000000,-600,false,-1.38
"VHM",142850,"/Date(1704785328000)/",42750,1000,5771700,247665000000,-600,false,-1.38
"VHM",142840,"/Date(1704785318000)/",42700,400,5770700,247622000000,-650,true,-1.5
"VHM",142837,"/Date(1704785315000)/",42700,400,5770300,247605000000,-650,true,-1.5
"VHM",142837,"/Date(1704785315000)/",42700,100,5769900,247588000000,-650,true,-1.5
"VHM",142837,"/Date(1704785315000)/",42700,200,5769800,247583000000,-650,true,-1.5
"VHM",142837,"/Date(1704785315000)/",42700,4200,5769600,247575000000,-650,true,-1.5
"VHM",142830,"/Date(1704785308000)/",42700,500,5765400,247396000000,-650,true,-1.5
"VHM",142830,"/Date(1704785307000)/",42700,15300,5764900,247374000000,-650,true,-1.5
"VHM",142830,"/Date(1704785307000)/",42700,3000,5749600,246721000000,-650,true,-1.5
"VHM",142830,"/Date(1704785307000)/",42700,200,5746600,246593000000,-650,true,-1.5
"VHM",142830,"/Date(1704785307000)/",42700,1000,5746400,246584000000,-650,true,-1.5
"VHM",142830,"/Date(1704785307000)/",42700,500,5745400,246542000000,-650,true,-1.5
"VHM",142827,"/Date(1704785305000)/",42750,200,5744900,246520000000,-600,false,-1.38
"VHM",142824,"/Date(1704785303000)/",42700,500,5744700,246512000000,-650,true,-1.5
"VHM",142824,"/Date(1704785303000)/",42700,2500,5744200,246490000000,-650,true,-1.5
"VHM",142814,"/Date(1704785293000)/",42750,6600,5741700,246384000000,-600,false,-1.38
"VHM",142814,"/Date(1704785292000)/",42700,300,5735100,246101000000,-650,true,-1.5
"VHM",142805,"/Date(1704785282000)/",42700,400,5734800,246089000000,-650,true,-1.5
"VHM",142739,"/Date(1704785259000)/",42750,100,5734400,246072000000,-600,false,-1.38
"VHM",142736,"/Date(1704785255000)/",42700,22200,5734300,246067000000,-650,true,-1.5
"VHM",142730,"/Date(1704785247000)/",42750,900,5712100,245119000000,-600,false,-1.38
"VHM",142723,"/Date(1704785243000)/",42750,1000,5711200,245081000000,-600,true,-1.38
"VHM",142723,"/Date(1704785243000)/",42750,100,5710200,245038000000,-600,true,-1.38
"VHM",142723,"/Date(1704785240000)/",42750,100,5710100,245034000000,-600,true,-1.38
"VHM",142714,"/Date(1704785233000)/",42750,2200,5710000,245030000000,-600,true,-1.38
"VHM",142714,"/Date(1704785233000)/",42750,800,5707800,244936000000,-600,true,-1.38
"VHM",142714,"/Date(1704785232000)/",42750,200,5707000,244901000000,-600,true,-1.38
"VHM",142707,"/Date(1704785226000)/",42750,2600,5706800,244893000000,-600,true,-1.38
"VHM",142651,"/Date(1704785208000)/",42700,200,5704200,244782000000,-650,true,-1.5
"VHM",142638,"/Date(1704785198000)/",42700,4400,5704000,244773000000,-650,true,-1.5
"VHM",142638,"/Date(1704785198000)/",42700,600,5699600,244585000000,-650,true,-1.5
"VHM",142638,"/Date(1704785198000)/",42700,300,5699000,244560000000,-650,true,-1.5
"VHM",142638,"/Date(1704785197000)/",42800,6600,5698700,244547000000,-550,false,-1.27
"VHM",142635,"/Date(1704785192000)/",42800,100,5692100,244264000000,-550,false,-1.27
"VHM",142613,"/Date(1704785172000)/",42750,100,5692000,244260000000,-600,true,-1.38
"VHM",142606,"/Date(1704785165000)/",42750,6500,5691900,244256000000,-600,true,-1.38
"VHM",142603,"/Date(1704785162000)/",42750,100,5685400,243978000000,-600,false,-1.38
"VHM",142557,"/Date(1704785156000)/",42750,500,5685300,243974000000,-600,true,-1.38
"VHM",142557,"/Date(1704785156000)/",42750,700,5684800,243952000000,-600,true,-1.38
"VHM",142554,"/Date(1704785151000)/",42750,300,5684100,243922000000,-600,false,-1.38
"VHM",142551,"/Date(1704785148000)/",42750,100,5683800,243909000000,-600,true,-1.38
"VHM",142547,"/Date(1704785146000)/",42750,200,5683700,243905000000,-600,false,-1.38
"VHM",142547,"/Date(1704785146000)/",42750,1000,5683500,243897000000,-600,false,-1.38
"VHM",142547,"/Date(1704785146000)/",42750,500,5682500,243854000000,-600,false,-1.38
"VHM",142547,"/Date(1704785146000)/",42750,400,5682000,243832000000,-600,false,-1.38
"VHM",142541,"/Date(1704785139000)/",42750,100,5681600,243815000000,-600,false,-1.38
"VHM",142541,"/Date(1704785139000)/",42750,200,5681500,243811000000,-600,false,-1.38
"VHM",142541,"/Date(1704785139000)/",42750,500,5681300,243803000000,-600,false,-1.38
"VHM",142541,"/Date(1704785139000)/",42750,200,5680800,243781000000,-600,false,-1.38
"VHM",142535,"/Date(1704785134000)/",42750,1000,5680600,243773000000,-600,false,-1.38
"VHM",142535,"/Date(1704785132000)/",42750,100,5679600,243730000000,-600,false,-1.38
"VHM",142535,"/Date(1704785131000)/",42750,200,5679500,243726000000,-600,false,-1.38
"VHM",142535,"/Date(1704785131000)/",42750,300,5679300,243717000000,-600,false,-1.38
"VHM",142531,"/Date(1704785130000)/",42750,1000,5679000,243704000000,-600,false,-1.38
"VHM",142528,"/Date(1704785125000)/",42750,200,5678000,243661000000,-600,false,-1.38
"VHM",142528,"/Date(1704785125000)/",42750,800,5677800,243653000000,-600,false,-1.38
"VHM",142525,"/Date(1704785124000)/",42750,1000,5677000,243619000000,-600,false,-1.38
"VHM",142525,"/Date(1704785123000)/",42750,1000,5676000,243576000000,-600,false,-1.38
"VHM",142525,"/Date(1704785123000)/",42750,6900,5675000,243533000000,-600,false,-1.38
"VHM",142525,"/Date(1704785122000)/",42750,100,5668100,243238000000,-600,false,-1.38
"VHM",142522,"/Date(1704785120000)/",42750,200,5668000,243234000000,-600,false,-1.38
"VHM",142522,"/Date(1704785120000)/",42750,300,5667800,243225000000,-600,false,-1.38
"VHM",142522,"/Date(1704785120000)/",42750,500,5667500,243213000000,-600,false,-1.38
"VHM",142522,"/Date(1704785119000)/",42700,1700,5667000,243191000000,-650,true,-1.5
"VHM",142522,"/Date(1704785119000)/",42700,400,5665300,243119000000,-650,true,-1.5
"VHM",142522,"/Date(1704785119000)/",42700,200,5664900,243102000000,-650,true,-1.5
"VHM",142522,"/Date(1704785119000)/",42700,200,5664700,243093000000,-650,true,-1.5
"VHM",142522,"/Date(1704785119000)/",42700,2000,5664500,243084000000,-650,true,-1.5
"VHM",142522,"/Date(1704785119000)/",42700,1900,5662500,242999000000,-650,true,-1.5
"VHM",142518,"/Date(1704785118000)/",42700,3000,5660600,242918000000,-650,true,-1.5
"VHM",142518,"/Date(1704785118000)/",42700,2000,5657600,242790000000,-650,true,-1.5
"VHM",142518,"/Date(1704785118000)/",42700,300,5655600,242704000000,-650,true,-1.5
"VHM",142515,"/Date(1704785114000)/",42750,1000,5655300,242692000000,-600,false,-1.38
"VHM",142515,"/Date(1704785114000)/",42750,500,5654300,242649000000,-600,false,-1.38
"VHM",142515,"/Date(1704785114000)/",42750,1700,5653800,242628000000,-600,false,-1.38
"VHM",142515,"/Date(1704785113000)/",42750,1000,5652100,242555000000,-600,false,-1.38
"VHM",142512,"/Date(1704785109000)/",42750,1000,5651100,242512000000,-600,false,-1.38
"VHM",142509,"/Date(1704785108000)/",42700,700,5650100,242469000000,-650,true,-1.5
"VHM",142509,"/Date(1704785108000)/",42700,1000,5649400,242439000000,-650,true,-1.5
"VHM",142509,"/Date(1704785108000)/",42700,200,5648400,242397000000,-650,true,-1.5
"VHM",142509,"/Date(1704785108000)/",42700,3100,5648200,242388000000,-650,true,-1.5
"VHM",142509,"/Date(1704785105000)/",42700,3700,5645100,242256000000,-650,true,-1.5
"VHM",142506,"/Date(1704785103000)/",42750,1000,5641400,242098000000,-600,false,-1.38
"VHM",142503,"/Date(1704785100000)/",42700,700,5640400,242055000000,-650,true,-1.5
"VHM",142503,"/Date(1704785100000)/",42750,300,5639700,242025000000,-600,false,-1.38
"VHM",142503,"/Date(1704785100000)/",42750,100,5639400,242012000000,-600,false,-1.38
"VHM",142503,"/Date(1704785100000)/",42750,600,5639300,242008000000,-600,false,-1.38
"VHM",142456,"/Date(1704785095000)/",42750,1000,5638700,241982000000,-600,false,-1.38
"VHM",142453,"/Date(1704785091000)/",42700,300,5637700,241940000000,-650,true,-1.5
"VHM",142450,"/Date(1704785089000)/",42750,900,5637400,241927000000,-600,false,-1.38
"VHM",142450,"/Date(1704785087000)/",42750,1000,5636500,241888000000,-600,false,-1.38
"VHM",142446,"/Date(1704785085000)/",42700,200,5635500,241846000000,-650,true,-1.5
"VHM",142446,"/Date(1704785085000)/",42700,200,5635300,241837000000,-650,true,-1.5
"VHM",142446,"/Date(1704785085000)/",42700,600,5635100,241829000000,-650,true,-1.5
"VHM",142446,"/Date(1704785085000)/",42700,200,5634500,241803000000,-650,true,-1.5
"VHM",142446,"/Date(1704785085000)/",42700,100,5634300,241794000000,-650,true,-1.5
"VHM",142446,"/Date(1704785085000)/",42700,100,5634200,241790000000,-650,true,-1.5
"VHM",142446,"/Date(1704785085000)/",42700,1400,5634100,241786000000,-650,true,-1.5
"VHM",142446,"/Date(1704785085000)/",42700,500,5632700,241726000000,-650,true,-1.5
"VHM",142446,"/Date(1704785085000)/",42700,100,5632200,241705000000,-650,true,-1.5
"VHM",142446,"/Date(1704785085000)/",42700,500,5632100,241701000000,-650,true,-1.5
"VHM",142446,"/Date(1704785085000)/",42700,100,5631600,241679000000,-650,true,-1.5
"VHM",142446,"/Date(1704785085000)/",42700,100,5631500,241675000000,-650,true,-1.5
"VHM",142446,"/Date(1704785085000)/",42700,100,5631400,241671000000,-650,true,-1.5
"VHM",142446,"/Date(1704785085000)/",42700,1000,5631300,241666000000,-650,true,-1.5
"VHM",142446,"/Date(1704785085000)/",42700,100,5630300,241624000000,-650,true,-1.5
"VHM",142446,"/Date(1704785085000)/",42700,100,5630200,241619000000,-650,true,-1.5
"VHM",142446,"/Date(1704785085000)/",42700,100,5630100,241615000000,-650,true,-1.5
"VHM",142446,"/Date(1704785085000)/",42700,300,5630000,241611000000,-650,true,-1.5
"VHM",142446,"/Date(1704785085000)/",42700,100,5629700,241598000000,-650,true,-1.5
"VHM",142446,"/Date(1704785085000)/",42700,300,5629600,241594000000,-650,true,-1.5
"VHM",142446,"/Date(1704785085000)/",42700,100,5629300,241581000000,-650,true,-1.5
"VHM",142446,"/Date(1704785085000)/",42700,1200,5629200,241577000000,-650,true,-1.5
"VHM",142446,"/Date(1704785085000)/",42700,100,5628000,241525000000,-650,true,-1.5
"VHM",142446,"/Date(1704785085000)/",42700,3000,5627900,241521000000,-650,true,-1.5
"VHM",142446,"/Date(1704785085000)/",42700,100,5624900,241393000000,-650,true,-1.5
"VHM",142446,"/Date(1704785085000)/",42700,200,5624800,241389000000,-650,true,-1.5
"VHM",142446,"/Date(1704785085000)/",42700,1000,5624600,241380000000,-650,true,-1.5
"VHM",142446,"/Date(1704785085000)/",42700,5000,5623600,241338000000,-650,true,-1.5
"VHM",142446,"/Date(1704785085000)/",42700,1000,5618600,241124000000,-650,true,-1.5
"VHM",142446,"/Date(1704785085000)/",42700,400,5617600,241081000000,-650,true,-1.5
"VHM",142446,"/Date(1704785085000)/",42700,1000,5617200,241064000000,-650,true,-1.5
"VHM",142446,"/Date(1704785085000)/",42700,100,5616200,241022000000,-650,true,-1.5
"VHM",142446,"/Date(1704785085000)/",42700,500,5616100,241017000000,-650,true,-1.5
"VHM",142446,"/Date(1704785085000)/",42700,100,5615600,240996000000,-650,true,-1.5
"VHM",142446,"/Date(1704785083000)/",42750,1000,5615500,240992000000,-600,false,-1.38
"VHM",142446,"/Date(1704785083000)/",42750,500,5614500,240949000000,-600,false,-1.38
"VHM",142443,"/Date(1704785080000)/",42700,100,5614000,240928000000,-650,true,-1.5
"VHM",142443,"/Date(1704785080000)/",42700,300,5613900,240923000000,-650,true,-1.5
"VHM",142443,"/Date(1704785080000)/",42700,100,5613600,240910000000,-650,true,-1.5
"VHM",142440,"/Date(1704785078000)/",42750,1000,5613500,240906000000,-600,false,-1.38
"VHM",142437,"/Date(1704785074000)/",42750,100,5612500,240863000000,-600,false,-1.38
"VHM",142434,"/Date(1704785073000)/",42750,400,5612400,240859000000,-600,false,-1.38
"VHM",142427,"/Date(1704785064000)/",42750,1000,5612000,240842000000,-600,false,-1.38
"VHM",142424,"/Date(1704785062000)/",42750,500,5611000,240799000000,-600,false,-1.38
"VHM",142424,"/Date(1704785062000)/",42750,4500,5610500,240778000000,-600,false,-1.38
"VHM",142405,"/Date(1704785044000)/",42750,100,5606000,240586000000,-600,false,-1.38
"VHM",142359,"/Date(1704785036000)/",42750,100,5605900,240581000000,-600,false,-1.38
"VHM",142352,"/Date(1704785030000)/",42750,100,5605800,240577000000,-600,false,-1.38
"VHM",142352,"/Date(1704785030000)/",42750,100,5605700,240573000000,-600,false,-1.38
"VHM",142349,"/Date(1704785028000)/",42750,1000,5605600,240568000000,-600,false,-1.38
"VHM",142346,"/Date(1704785024000)/",42700,400,5604600,240526000000,-650,true,-1.5
"VHM",142336,"/Date(1704785014000)/",42750,500,5604200,240509000000,-600,true,-1.38
"VHM",142336,"/Date(1704785014000)/",42750,100,5603700,240487000000,-600,true,-1.38
"VHM",142336,"/Date(1704785014000)/",42750,2000,5603600,240483000000,-600,true,-1.38
"VHM",142336,"/Date(1704785014000)/",42750,100,5601600,240398000000,-600,true,-1.38
"VHM",142336,"/Date(1704785014000)/",42750,100,5601500,240393000000,-600,true,-1.38
"VHM",142336,"/Date(1704785014000)/",42750,100,5601400,240389000000,-600,true,-1.38
"VHM",142336,"/Date(1704785014000)/",42750,1200,5601300,240385000000,-600,true,-1.38
"VHM",142320,"/Date(1704784998000)/",42750,100,5600100,240333000000,-600,true,-1.38
"VHM",142317,"/Date(1704784994000)/",42750,700,5600000,240329000000,-600,true,-1.38
"VHM",142304,"/Date(1704784983000)/",42800,200,5599300,240299000000,-550,false,-1.27
"VHM",142304,"/Date(1704784982000)/",42750,3000,5599100,240291000000,-600,false,-1.38
"VHM",142255,"/Date(1704784974000)/",42750,1000,5596100,240162000000,-600,false,-1.38
"VHM",142255,"/Date(1704784973000)/",42750,10000,5595100,240120000000,-600,false,-1.38
"VHM",142248,"/Date(1704784966000)/",42750,700,5585100,239692000000,-600,false,-1.38
"VHM",142248,"/Date(1704784964000)/",42750,300,5584400,239662000000,-600,false,-1.38
"VHM",142248,"/Date(1704784964000)/",42750,1000,5584100,239649000000,-600,false,-1.38
"VHM",142248,"/Date(1704784964000)/",42750,1000,5583100,239607000000,-600,false,-1.38
"VHM",142248,"/Date(1704784964000)/",42750,100,5582100,239564000000,-600,false,-1.38
"VHM",142248,"/Date(1704784964000)/",42750,100,5582000,239560000000,-600,false,-1.38
"VHM",142248,"/Date(1704784964000)/",42750,100,5581900,239555000000,-600,false,-1.38
"VHM",142248,"/Date(1704784964000)/",42750,1000,5581800,239551000000,-600,false,-1.38
"VHM",142248,"/Date(1704784964000)/",42750,100,5580800,239508000000,-600,false,-1.38
"VHM",142245,"/Date(1704784964000)/",42750,100,5580700,239504000000,-600,true,-1.38
"VHM",142245,"/Date(1704784964000)/",42750,1500,5580600,239500000000,-600,true,-1.38
"VHM",142245,"/Date(1704784962000)/",42750,500,5579100,239436000000,-600,true,-1.38
"VHM",142216,"/Date(1704784934000)/",42750,200,5578600,239414000000,-600,true,-1.38
"VHM",142216,"/Date(1704784934000)/",42750,2800,5578400,239406000000,-600,true,-1.38
"VHM",142213,"/Date(1704784932000)/",42750,100,5575600,239286000000,-600,false,-1.38
"VHM",142213,"/Date(1704784930000)/",42750,200,5575500,239282000000,-600,false,-1.38
"VHM",142210,"/Date(1704784927000)/",42750,1900,5575300,239273000000,-600,false,-1.38
"VHM",142210,"/Date(1704784927000)/",42750,500,5573400,239192000000,-600,false,-1.38
"VHM",142207,"/Date(1704784926000)/",42750,200,5572900,239171000000,-600,false,-1.38
"VHM",142207,"/Date(1704784925000)/",42750,200,5572700,239162000000,-600,false,-1.38
"VHM",142203,"/Date(1704784921000)/",42750,5000,5572500,239153000000,-600,false,-1.38
"VHM",142203,"/Date(1704784921000)/",42750,200,5567500,238940000000,-600,false,-1.38
"VHM",142154,"/Date(1704784912000)/",42750,100,5567300,238931000000,-600,false,-1.38
"VHM",142151,"/Date(1704784908000)/",42750,1000,5567200,238927000000,-600,false,-1.38
"VHM",142151,"/Date(1704784908000)/",42750,200,5566200,238884000000,-600,false,-1.38
"VHM",142151,"/Date(1704784908000)/",42750,1000,5566000,238876000000,-600,false,-1.38
"VHM",142151,"/Date(1704784908000)/",42750,100,5565000,238833000000,-600,false,-1.38
"VHM",142151,"/Date(1704784908000)/",42750,300,5564900,238829000000,-600,false,-1.38
"VHM",142151,"/Date(1704784908000)/",42750,1000,5564600,238816000000,-600,false,-1.38
"VHM",142151,"/Date(1704784908000)/",42750,100,5563600,238773000000,-600,false,-1.38
"VHM",142151,"/Date(1704784908000)/",42750,100,5563500,238769000000,-600,false,-1.38
"VHM",142151,"/Date(1704784908000)/",42750,100,5563400,238764000000,-600,false,-1.38
"VHM",142151,"/Date(1704784908000)/",42750,100,5563300,238760000000,-600,false,-1.38
"VHM",142151,"/Date(1704784908000)/",42750,200,5563200,238756000000,-600,false,-1.38
"VHM",142151,"/Date(1704784908000)/",42750,1400,5563000,238747000000,-600,false,-1.38
"VHM",142151,"/Date(1704784908000)/",42750,100,5561600,238687000000,-600,false,-1.38
"VHM",142151,"/Date(1704784908000)/",42750,100,5561500,238683000000,-600,false,-1.38
"VHM",142151,"/Date(1704784908000)/",42750,100,5561400,238679000000,-600,false,-1.38
"VHM",142151,"/Date(1704784908000)/",42750,100,5561300,238675000000,-600,false,-1.38
"VHM",142151,"/Date(1704784908000)/",42750,2800,5561200,238670000000,-600,false,-1.38
"VHM",142141,"/Date(1704784899000)/",42750,2200,5558400,238551000000,-600,true,-1.38
"VHM",142141,"/Date(1704784899000)/",42750,100,5556200,238457000000,-600,true,-1.38
"VHM",142141,"/Date(1704784899000)/",42750,100,5556100,238452000000,-600,true,-1.38
"VHM",142141,"/Date(1704784899000)/",42750,200,5556000,238448000000,-600,true,-1.38
"VHM",142141,"/Date(1704784899000)/",42750,10000,5555800,238440000000,-600,true,-1.38
"VHM",142141,"/Date(1704784899000)/",42750,3000,5545800,238012000000,-600,true,-1.38
"VHM",142141,"/Date(1704784899000)/",42750,4400,5542800,237884000000,-600,true,-1.38
"VHM",142128,"/Date(1704784887000)/",42750,600,5538400,237696000000,-600,true,-1.38
"VHM",142128,"/Date(1704784887000)/",42750,400,5537800,237670000000,-600,true,-1.38
"VHM",142128,"/Date(1704784887000)/",42750,1200,5537400,237653000000,-600,true,-1.38
"VHM",142128,"/Date(1704784885000)/",42800,100,5536200,237602000000,-550,false,-1.27
"VHM",142119,"/Date(1704784875000)/",42750,1400,5536100,237597000000,-600,true,-1.38
"VHM",142119,"/Date(1704784875000)/",42750,1900,5534700,237538000000,-600,true,-1.38
"VHM",142103,"/Date(1704784861000)/",42800,200,5532800,237456000000,-550,true,-1.27
"VHM",142103,"/Date(1704784861000)/",42800,600,5532600,237448000000,-550,true,-1.27
"VHM",142050,"/Date(1704784849000)/",42800,500,5532000,237422000000,-550,false,-1.27
"VHM",142050,"/Date(1704784849000)/",42800,2400,5531500,237401000000,-550,false,-1.27
"VHM",142034,"/Date(1704784832000)/",42800,1000,5529100,237298000000,-550,false,-1.27
"VHM",142024,"/Date(1704784822000)/",42800,600,5528100,237255000000,-550,false,-1.27
"VHM",142018,"/Date(1704784816000)/",42800,100,5527500,237229000000,-550,false,-1.27
"VHM",142008,"/Date(1704784808000)/",42800,500,5527400,237225000000,-550,true,-1.27
"VHM",142008,"/Date(1704784807000)/",42800,200,5526900,237204000000,-550,true,-1.27
"VHM",142008,"/Date(1704784807000)/",42800,100,5526700,237195000000,-550,true,-1.27
"VHM",142008,"/Date(1704784807000)/",42800,100,5526600,237191000000,-550,true,-1.27
"VHM",142008,"/Date(1704784807000)/",42800,200,5526500,237187000000,-550,true,-1.27
"VHM",142008,"/Date(1704784807000)/",42800,1000,5526300,237178000000,-550,true,-1.27
"VHM",142008,"/Date(1704784807000)/",42800,300,5525300,237135000000,-550,true,-1.27
"VHM",142008,"/Date(1704784807000)/",42800,100,5525000,237122000000,-550,true,-1.27
"VHM",142008,"/Date(1704784807000)/",42800,100,5524900,237118000000,-550,true,-1.27
"VHM",142008,"/Date(1704784807000)/",42800,1100,5524800,237114000000,-550,true,-1.27
"VHM",142008,"/Date(1704784807000)/",42800,100,5523700,237067000000,-550,true,-1.27
"VHM",142008,"/Date(1704784807000)/",42800,1000,5523600,237063000000,-550,true,-1.27
"VHM",142008,"/Date(1704784807000)/",42800,200,5522600,237020000000,-550,true,-1.27
"VHM",142008,"/Date(1704784807000)/",42800,700,5522400,237011000000,-550,true,-1.27
"VHM",142008,"/Date(1704784807000)/",42800,600,5521700,236981000000,-550,true,-1.27
"VHM",141955,"/Date(1704784792000)/",42800,400,5521100,236956000000,-550,true,-1.27
"VHM",141955,"/Date(1704784792000)/",42800,100,5520700,236938000000,-550,true,-1.27
"VHM",141955,"/Date(1704784792000)/",42800,100,5520600,236934000000,-550,true,-1.27
"VHM",141955,"/Date(1704784792000)/",42800,100,5520500,236930000000,-550,true,-1.27
"VHM",141955,"/Date(1704784792000)/",42800,200,5520400,236926000000,-550,true,-1.27
"VHM",141955,"/Date(1704784792000)/",42800,100,5520200,236917000000,-550,true,-1.27
"VHM",141952,"/Date(1704784791000)/",42800,1100,5520100,236913000000,-550,true,-1.27
"VHM",141952,"/Date(1704784791000)/",42800,8900,5519000,236866000000,-550,true,-1.27
"VHM",141949,"/Date(1704784787000)/",42850,100,5510100,236485000000,-500,false,-1.15
"VHM",141943,"/Date(1704784781000)/",42800,600,5510000,236480000000,-550,true,-1.27
"VHM",141936,"/Date(1704784773000)/",42800,500,5509400,236455000000,-550,true,-1.27
"VHM",141936,"/Date(1704784773000)/",42800,300,5508900,236433000000,-550,true,-1.27
"VHM",141936,"/Date(1704784773000)/",42800,400,5508600,236421000000,-550,true,-1.27
"VHM",141936,"/Date(1704784773000)/",42800,100,5508200,236403000000,-550,true,-1.27
"VHM",141936,"/Date(1704784773000)/",42800,100,5508100,236399000000,-550,true,-1.27
"VHM",141936,"/Date(1704784773000)/",42800,100,5508000,236395000000,-550,true,-1.27
"VHM",141930,"/Date(1704784767000)/",42850,200,5507900,236391000000,-500,false,-1.15
"VHM",141911,"/Date(1704784747000)/",42850,100,5507700,236382000000,-500,false,-1.15
"VHM",141851,"/Date(1704784728000)/",42850,100,5507600,236378000000,-500,false,-1.15
"VHM",141826,"/Date(1704784704000)/",42850,100,5507500,236373000000,-500,false,-1.15
"VHM",141826,"/Date(1704784703000)/",42850,1000,5507400,236369000000,-500,false,-1.15
"VHM",141816,"/Date(1704784695000)/",42850,1000,5506400,236326000000,-500,false,-1.15
"VHM",141757,"/Date(1704784675000)/",42800,200,5505400,236283000000,-550,true,-1.27
"VHM",141757,"/Date(1704784675000)/",42800,200,5505200,236275000000,-550,true,-1.27
"VHM",141757,"/Date(1704784675000)/",42800,100,5505000,236266000000,-550,true,-1.27
"VHM",141757,"/Date(1704784675000)/",42800,2000,5504900,236262000000,-550,true,-1.27
"VHM",141757,"/Date(1704784675000)/",42800,200,5502900,236176000000,-550,true,-1.27
"VHM",141757,"/Date(1704784675000)/",42800,2000,5502700,236168000000,-550,true,-1.27
"VHM",141757,"/Date(1704784675000)/",42800,5000,5500700,236082000000,-550,true,-1.27
"VHM",141757,"/Date(1704784675000)/",42800,100,5495700,235868000000,-550,true,-1.27
"VHM",141757,"/Date(1704784675000)/",42800,1000,5495600,235864000000,-550,true,-1.27
"VHM",141757,"/Date(1704784675000)/",42800,2500,5494600,235821000000,-550,true,-1.27
"VHM",141757,"/Date(1704784675000)/",42800,500,5492100,235714000000,-550,true,-1.27
"VHM",141757,"/Date(1704784675000)/",42800,100,5491600,235693000000,-550,true,-1.27
"VHM",141757,"/Date(1704784675000)/",42800,6700,5491500,235689000000,-550,true,-1.27
"VHM",141757,"/Date(1704784675000)/",42850,2400,5484800,235402000000,-500,false,-1.15
"VHM",141757,"/Date(1704784675000)/",42850,500,5482400,235299000000,-500,false,-1.15
"VHM",141757,"/Date(1704784675000)/",42850,26500,5481900,235277000000,-500,false,-1.15
"VHM",141757,"/Date(1704784674000)/",42850,700,5455400,234142000000,-500,false,-1.15
"VHM",141741,"/Date(1704784659000)/",42850,600,5454700,234112000000,-500,true,-1.15
"VHM",141735,"/Date(1704784653000)/",42850,200,5454100,234086000000,-500,true,-1.15
"VHM",141735,"/Date(1704784653000)/",42850,200,5453900,234078000000,-500,true,-1.15
"VHM",141735,"/Date(1704784653000)/",42850,600,5453700,234069000000,-500,true,-1.15
"VHM",141725,"/Date(1704784642000)/",42850,200,5453100,234043000000,-500,true,-1.15
"VHM",141725,"/Date(1704784642000)/",42850,1800,5452900,234035000000,-500,true,-1.15
"VHM",141719,"/Date(1704784635000)/",42850,300,5451100,233958000000,-500,true,-1.15
"VHM",141712,"/Date(1704784631000)/",42850,200,5450800,233945000000,-500,true,-1.15
"VHM",141712,"/Date(1704784631000)/",42850,1900,5450600,233936000000,-500,true,-1.15
"VHM",141712,"/Date(1704784631000)/",42850,100,5448700,233855000000,-500,true,-1.15
"VHM",141712,"/Date(1704784631000)/",42850,100,5448600,233851000000,-500,true,-1.15
"VHM",141712,"/Date(1704784631000)/",42850,600,5448500,233846000000,-500,true,-1.15
"VHM",141712,"/Date(1704784631000)/",42850,200,5447900,233821000000,-500,true,-1.15
"VHM",141712,"/Date(1704784631000)/",42850,100,5447700,233812000000,-500,true,-1.15
"VHM",141712,"/Date(1704784631000)/",42850,5000,5447600,233808000000,-500,true,-1.15
"VHM",141712,"/Date(1704784631000)/",42850,1800,5442600,233593000000,-500,true,-1.15
"VHM",141659,"/Date(1704784617000)/",42850,100,5440800,233516000000,-500,true,-1.15
"VHM",141649,"/Date(1704784607000)/",42900,100,5440700,233512000000,-450,false,-1.04
"VHM",141649,"/Date(1704784607000)/",42900,100,5440600,233508000000,-450,false,-1.04
"VHM",141649,"/Date(1704784607000)/",42850,3100,5440500,233503000000,-500,true,-1.15
"VHM",141649,"/Date(1704784607000)/",42850,100,5437400,233371000000,-500,true,-1.15
"VHM",141649,"/Date(1704784607000)/",42850,100,5437300,233366000000,-500,true,-1.15
"VHM",141649,"/Date(1704784607000)/",42850,400,5437200,233362000000,-500,true,-1.15
"VHM",141649,"/Date(1704784607000)/",42850,1300,5436800,233345000000,-500,true,-1.15
"VHM",141627,"/Date(1704784584000)/",42900,300,5435500,233289000000,-450,false,-1.04
"VHM",141617,"/Date(1704784575000)/",42850,200,5435200,233276000000,-500,true,-1.15
"VHM",141614,"/Date(1704784573000)/",42850,1000,5435000,233268000000,-500,true,-1.15
"VHM",141614,"/Date(1704784573000)/",42850,3600,5434000,233225000000,-500,true,-1.15
"VHM",141614,"/Date(1704784573000)/",42850,100,5430400,233071000000,-500,true,-1.15
"VHM",141614,"/Date(1704784573000)/",42850,300,5430300,233066000000,-500,true,-1.15
"VHM",141611,"/Date(1704784571000)/",42850,600,5430000,233054000000,-500,true,-1.15
"VHM",141611,"/Date(1704784570000)/",42850,400,5429400,233028000000,-500,true,-1.15
"VHM",141611,"/Date(1704784569000)/",42850,1500,5429000,233011000000,-500,true,-1.15
"VHM",141605,"/Date(1704784562000)/",42850,1800,5427500,232946000000,-500,true,-1.15
"VHM",141552,"/Date(1704784550000)/",42850,300,5425700,232869000000,-500,true,-1.15
"VHM",141549,"/Date(1704784546000)/",42900,100,5425400,232856000000,-450,false,-1.04
"VHM",141549,"/Date(1704784546000)/",42900,600,5425300,232852000000,-450,false,-1.04
"VHM",141549,"/Date(1704784546000)/",42900,100,5424700,232826000000,-450,false,-1.04
"VHM",141549,"/Date(1704784546000)/",42900,100,5424600,232822000000,-450,false,-1.04
"VHM",141533,"/Date(1704784532000)/",42900,900,5424500,232818000000,-450,false,-1.04
"VHM",141533,"/Date(1704784532000)/",42900,100,5423600,232779000000,-450,false,-1.04
"VHM",141529,"/Date(1704784527000)/",42850,2400,5423500,232775000000,-500,true,-1.15
"VHM",141529,"/Date(1704784527000)/",42850,2000,5421100,232672000000,-500,true,-1.15
"VHM",141529,"/Date(1704784527000)/",42850,600,5419100,232586000000,-500,true,-1.15
"VHM",141526,"/Date(1704784523000)/",42900,1000,5418500,232561000000,-450,false,-1.04
"VHM",141517,"/Date(1704784515000)/",42900,1900,5417500,232518000000,-450,false,-1.04
"VHM",141517,"/Date(1704784515000)/",42900,100,5415600,232436000000,-450,false,-1.04
"VHM",141517,"/Date(1704784515000)/",42900,700,5415500,232432000000,-450,false,-1.04
"VHM",141517,"/Date(1704784515000)/",42900,300,5414800,232402000000,-450,false,-1.04
"VHM",141513,"/Date(1704784511000)/",42900,100,5414500,232389000000,-450,false,-1.04
"VHM",141510,"/Date(1704784508000)/",42900,100,5414400,232385000000,-450,false,-1.04
"VHM",141510,"/Date(1704784508000)/",42850,800,5414300,232381000000,-500,true,-1.15
"VHM",141457,"/Date(1704784494000)/",42850,200,5413500,232346000000,-500,true,-1.15
"VHM",141451,"/Date(1704784490000)/",42850,1000,5413300,232338000000,-500,true,-1.15
"VHM",141445,"/Date(1704784481000)/",42850,700,5412300,232295000000,-500,true,-1.15
"VHM",141429,"/Date(1704784464000)/",42850,1000,5411600,232265000000,-500,true,-1.15
"VHM",141429,"/Date(1704784462000)/",42850,200,5410600,232222000000,-500,true,-1.15
"VHM",141347,"/Date(1704784425000)/",42850,1500,5410400,232213000000,-500,true,-1.15
"VHM",141347,"/Date(1704784425000)/",42850,100,5408900,232149000000,-500,true,-1.15
"VHM",141347,"/Date(1704784425000)/",42850,500,5408800,232145000000,-500,true,-1.15
"VHM",141347,"/Date(1704784425000)/",42850,300,5408300,232123000000,-500,true,-1.15
"VHM",141347,"/Date(1704784425000)/",42850,100,5408000,232111000000,-500,true,-1.15
"VHM",141347,"/Date(1704784425000)/",42850,2500,5407900,232106000000,-500,true,-1.15
"VHM",141337,"/Date(1704784416000)/",42900,700,5405400,231999000000,-450,false,-1.04
"VHM",141337,"/Date(1704784415000)/",42850,7500,5404700,231969000000,-500,true,-1.15
"VHM",141337,"/Date(1704784415000)/",42850,100,5397200,231648000000,-500,true,-1.15
"VHM",141337,"/Date(1704784415000)/",42850,400,5397100,231643000000,-500,true,-1.15
"VHM",141337,"/Date(1704784415000)/",42900,100,5396700,231626000000,-450,false,-1.04
"VHM",141322,"/Date(1704784398000)/",42900,300,5396600,231622000000,-450,false,-1.04
"VHM",141315,"/Date(1704784393000)/",42850,600,5396300,231609000000,-500,true,-1.15
"VHM",141312,"/Date(1704784390000)/",42850,300,5395700,231583000000,-500,true,-1.15
"VHM",141312,"/Date(1704784390000)/",42850,200,5395400,231571000000,-500,true,-1.15
"VHM",141312,"/Date(1704784390000)/",42850,1200,5395200,231562000000,-500,true,-1.15
"VHM",141312,"/Date(1704784390000)/",42850,100,5394000,231511000000,-500,true,-1.15
"VHM",141312,"/Date(1704784390000)/",42850,600,5393900,231506000000,-500,true,-1.15
"VHM",141312,"/Date(1704784390000)/",42850,1000,5393300,231481000000,-500,true,-1.15
"VHM",141312,"/Date(1704784390000)/",42850,100,5392300,231438000000,-500,true,-1.15
"VHM",141312,"/Date(1704784390000)/",42850,2000,5392200,231433000000,-500,true,-1.15
"VHM",141309,"/Date(1704784388000)/",42900,100,5390200,231348000000,-450,false,-1.04
"VHM",141306,"/Date(1704784382000)/",42900,3500,5390100,231343000000,-450,false,-1.04
"VHM",141233,"/Date(1704784352000)/",42850,3000,5386600,231193000000,-500,true,-1.15
"VHM",141233,"/Date(1704784352000)/",42850,500,5383600,231065000000,-500,true,-1.15
"VHM",141233,"/Date(1704784352000)/",42850,1500,5383100,231043000000,-500,true,-1.15
"VHM",141230,"/Date(1704784347000)/",42900,2000,5381600,230979000000,-450,false,-1.04
"VHM",141220,"/Date(1704784340000)/",42850,5000,5379600,230893000000,-500,true,-1.15
"VHM",141201,"/Date(1704784318000)/",42900,100,5374600,230679000000,-450,false,-1.04
"VHM",141139,"/Date(1704784298000)/",42900,100,5374500,230675000000,-450,false,-1.04
"VHM",141139,"/Date(1704784296000)/",42900,100,5374400,230670000000,-450,false,-1.04
"VHM",141132,"/Date(1704784292000)/",42850,1500,5374300,230666000000,-500,true,-1.15
"VHM",141132,"/Date(1704784290000)/",42900,500,5372800,230602000000,-450,false,-1.04
"VHM",141129,"/Date(1704784286000)/",42900,200,5372300,230580000000,-450,false,-1.04
"VHM",141126,"/Date(1704784284000)/",42900,1000,5372100,230572000000,-450,false,-1.04
"VHM",141123,"/Date(1704784279000)/",42900,1000,5371100,230529000000,-450,false,-1.04
"VHM",141120,"/Date(1704784277000)/",42900,1500,5370100,230486000000,-450,false,-1.04
"VHM",141117,"/Date(1704784275000)/",42900,1000,5368600,230422000000,-450,false,-1.04
"VHM",141113,"/Date(1704784270000)/",42900,300,5367600,230379000000,-450,false,-1.04
"VHM",141113,"/Date(1704784270000)/",42900,600,5367300,230366000000,-450,false,-1.04
"VHM",141113,"/Date(1704784270000)/",42900,100,5366700,230340000000,-450,false,-1.04
"VHM",141107,"/Date(1704784266000)/",42900,300,5366600,230336000000,-450,false,-1.04
"VHM",141107,"/Date(1704784265000)/",42900,300,5366300,230323000000,-450,false,-1.04
"VHM",141107,"/Date(1704784265000)/",42900,100,5366000,230310000000,-450,false,-1.04
"VHM",141107,"/Date(1704784265000)/",42900,600,5365900,230306000000,-450,false,-1.04
"VHM",141107,"/Date(1704784263000)/",42900,400,5365300,230280000000,-450,false,-1.04
"VHM",141107,"/Date(1704784263000)/",42900,100,5364900,230263000000,-450,false,-1.04
"VHM",141101,"/Date(1704784258000)/",42900,1000,5364800,230259000000,-450,false,-1.04
"VHM",141054,"/Date(1704784253000)/",42900,1000,5363800,230216000000,-450,false,-1.04
"VHM",141048,"/Date(1704784245000)/",42850,1000,5362800,230173000000,-500,true,-1.15
"VHM",141044,"/Date(1704784244000)/",42900,1300,5361800,230130000000,-450,false,-1.04
"VHM",141044,"/Date(1704784244000)/",42900,100,5360500,230074000000,-450,false,-1.04
"VHM",141044,"/Date(1704784244000)/",42900,5000,5360400,230070000000,-450,false,-1.04
"VHM",141044,"/Date(1704784244000)/",42900,1000,5355400,229855000000,-450,false,-1.04
"VHM",141044,"/Date(1704784244000)/",42900,600,5354400,229813000000,-450,false,-1.04
"VHM",141041,"/Date(1704784240000)/",42900,100,5353800,229787000000,-450,false,-1.04
"VHM",141041,"/Date(1704784240000)/",42900,200,5353700,229783000000,-450,false,-1.04
"VHM",141041,"/Date(1704784240000)/",42900,600,5353500,229774000000,-450,false,-1.04
"VHM",141041,"/Date(1704784240000)/",42900,100,5352900,229748000000,-450,false,-1.04
"VHM",141041,"/Date(1704784240000)/",42900,400,5352800,229744000000,-450,false,-1.04
"VHM",141038,"/Date(1704784237000)/",42900,1000,5352400,229727000000,-450,false,-1.04
"VHM",141038,"/Date(1704784236000)/",42900,100,5351400,229684000000,-450,false,-1.04
"VHM",141038,"/Date(1704784235000)/",42900,1000,5351300,229680000000,-450,false,-1.04
"VHM",141035,"/Date(1704784234000)/",42900,2800,5350300,229637000000,-450,false,-1.04
"VHM",141032,"/Date(1704784229000)/",42900,100,5347500,229517000000,-450,false,-1.04
"VHM",141032,"/Date(1704784229000)/",42900,900,5347400,229512000000,-450,false,-1.04
"VHM",141028,"/Date(1704784226000)/",42900,1000,5346500,229474000000,-450,false,-1.04
"VHM",141028,"/Date(1704784225000)/",42850,1000,5345500,229431000000,-500,true,-1.15
"VHM",141028,"/Date(1704784225000)/",42850,100,5344500,229388000000,-500,true,-1.15
"VHM",141025,"/Date(1704784222000)/",42900,100,5344400,229384000000,-450,false,-1.04
"VHM",141022,"/Date(1704784219000)/",42900,1000,5344300,229379000000,-450,false,-1.04
"VHM",141013,"/Date(1704784209000)/",42900,100,5343300,229336000000,-450,false,-1.04
"VHM",141009,"/Date(1704784208000)/",42900,200,5343200,229332000000,-450,false,-1.04
"VHM",141000,"/Date(1704784199000)/",42900,200,5343000,229324000000,-450,false,-1.04
"VHM",141000,"/Date(1704784196000)/",42900,1000,5342800,229315000000,-450,false,-1.04
"VHM",140950,"/Date(1704784189000)/",42900,1000,5341800,229272000000,-450,false,-1.04
"VHM",140950,"/Date(1704784189000)/",42900,1000,5340800,229229000000,-450,false,-1.04
"VHM",140947,"/Date(1704784186000)/",42900,1000,5339800,229186000000,-450,false,-1.04
"VHM",140944,"/Date(1704784181000)/",42900,1000,5338800,229143000000,-450,false,-1.04
"VHM",140938,"/Date(1704784176000)/",42900,1000,5337800,229100000000,-450,false,-1.04
"VHM",140931,"/Date(1704784171000)/",42850,900,5336800,229058000000,-500,false,-1.15
"VHM",140931,"/Date(1704784169000)/",42850,100,5335900,229019000000,-500,false,-1.15
"VHM",140931,"/Date(1704784169000)/",42850,900,5335800,229015000000,-500,false,-1.15
"VHM",140925,"/Date(1704784164000)/",42850,1000,5334900,228976000000,-500,false,-1.15
"VHM",140925,"/Date(1704784163000)/",42850,200,5333900,228933000000,-500,false,-1.15
"VHM",140922,"/Date(1704784160000)/",42850,1000,5333700,228925000000,-500,false,-1.15
"VHM",140915,"/Date(1704784155000)/",42850,1000,5332700,228882000000,-500,false,-1.15
"VHM",140912,"/Date(1704784149000)/",42850,300,5331700,228839000000,-500,false,-1.15
"VHM",140909,"/Date(1704784147000)/",42850,200,5331400,228826000000,-500,false,-1.15
"VHM",140906,"/Date(1704784144000)/",42850,300,5331200,228818000000,-500,true,-1.15
"VHM",140906,"/Date(1704784144000)/",42850,1000,5330900,228805000000,-500,true,-1.15
"VHM",140906,"/Date(1704784144000)/",42850,2000,5329900,228762000000,-500,true,-1.15
"VHM",140906,"/Date(1704784144000)/",42850,400,5327900,228676000000,-500,true,-1.15
"VHM",140906,"/Date(1704784144000)/",42850,100,5327500,228659000000,-500,true,-1.15
"VHM",140906,"/Date(1704784144000)/",42850,1600,5327400,228655000000,-500,true,-1.15
"VHM",140850,"/Date(1704784129000)/",42850,2000,5325800,228586000000,-500,true,-1.15
"VHM",140850,"/Date(1704784128000)/",42850,600,5323800,228501000000,-500,true,-1.15
"VHM",140850,"/Date(1704784126000)/",42850,1000,5323200,228475000000,-500,true,-1.15
"VHM",140834,"/Date(1704784111000)/",42850,4800,5322200,228432000000,-500,false,-1.15
"VHM",140827,"/Date(1704784104000)/",42850,5000,5317400,228226000000,-500,false,-1.15
"VHM",140824,"/Date(1704784102000)/",42850,200,5312400,228012000000,-500,false,-1.15
"VHM",140824,"/Date(1704784102000)/",42850,800,5312200,228003000000,-500,false,-1.15
"VHM",140824,"/Date(1704784101000)/",42850,700,5311400,227969000000,-500,false,-1.15
"VHM",140824,"/Date(1704784101000)/",42850,300,5310700,227939000000,-500,false,-1.15
"VHM",140808,"/Date(1704784087000)/",42850,1000,5310400,227926000000,-500,false,-1.15
"VHM",140808,"/Date(1704784087000)/",42850,200,5309400,227883000000,-500,false,-1.15
"VHM",140808,"/Date(1704784087000)/",42850,2000,5309200,227875000000,-500,false,-1.15
"VHM",140808,"/Date(1704784087000)/",42850,1200,5307200,227789000000,-500,false,-1.15
"VHM",140808,"/Date(1704784087000)/",42850,500,5306000,227738000000,-500,false,-1.15
"VHM",140808,"/Date(1704784087000)/",42850,1100,5305500,227716000000,-500,false,-1.15
"VHM",140755,"/Date(1704784073000)/",42850,200,5304400,227669000000,-500,false,-1.15
"VHM",140752,"/Date(1704784070000)/",42800,3300,5304200,227661000000,-550,true,-1.27
"VHM",140752,"/Date(1704784070000)/",42800,100,5300900,227519000000,-550,true,-1.27
"VHM",140752,"/Date(1704784070000)/",42800,5000,5300800,227515000000,-550,true,-1.27
"VHM",140752,"/Date(1704784070000)/",42800,1600,5295800,227301000000,-550,true,-1.27
"VHM",140752,"/Date(1704784070000)/",42850,1000,5294200,227233000000,-500,false,-1.15
"VHM",140749,"/Date(1704784065000)/",42850,5000,5293200,227190000000,-500,false,-1.15
"VHM",140746,"/Date(1704784063000)/",42850,1000,5288200,226976000000,-500,false,-1.15
"VHM",140736,"/Date(1704784055000)/",42850,1000,5287200,226933000000,-500,false,-1.15
"VHM",140736,"/Date(1704784054000)/",42800,800,5286200,226890000000,-550,true,-1.27
"VHM",140736,"/Date(1704784053000)/",42850,500,5285400,226856000000,-500,false,-1.15
"VHM",140733,"/Date(1704784051000)/",42850,200,5284900,226834000000,-500,false,-1.15
"VHM",140733,"/Date(1704784051000)/",42850,200,5284700,226826000000,-500,false,-1.15
"VHM",140733,"/Date(1704784051000)/",42850,600,5284500,226817000000,-500,false,-1.15
"VHM",140733,"/Date(1704784051000)/",42800,300,5283900,226791000000,-550,true,-1.27
"VHM",140730,"/Date(1704784047000)/",42800,300,5283600,226779000000,-550,false,-1.27
"VHM",140730,"/Date(1704784047000)/",42800,200,5283300,226766000000,-550,false,-1.27
"VHM",140730,"/Date(1704784047000)/",42800,300,5283100,226757000000,-550,false,-1.27
"VHM",140730,"/Date(1704784047000)/",42800,700,5282800,226744000000,-550,false,-1.27
"VHM",140730,"/Date(1704784047000)/",42800,600,5282100,226714000000,-550,false,-1.27
"VHM",140730,"/Date(1704784046000)/",42800,400,5281500,226689000000,-550,false,-1.27
"VHM",140726,"/Date(1704784044000)/",42800,1000,5281100,226672000000,-550,false,-1.27
"VHM",140723,"/Date(1704784041000)/",42800,1000,5280100,226629000000,-550,false,-1.27
"VHM",140720,"/Date(1704784039000)/",42800,4300,5279100,226586000000,-550,false,-1.27
"VHM",140720,"/Date(1704784039000)/",42800,700,5274800,226402000000,-550,false,-1.27
"VHM",140720,"/Date(1704784039000)/",42800,300,5274100,226372000000,-550,false,-1.27
"VHM",140720,"/Date(1704784039000)/",42800,700,5273800,226359000000,-550,false,-1.27
"VHM",140717,"/Date(1704784035000)/",42800,1000,5273100,226329000000,-550,false,-1.27
"VHM",140717,"/Date(1704784034000)/",42800,1000,5272100,226286000000,-550,false,-1.27
"VHM",140717,"/Date(1704784034000)/",42800,500,5271100,226244000000,-550,false,-1.27
"VHM",140717,"/Date(1704784034000)/",42800,100,5270600,226222000000,-550,false,-1.27
"VHM",140714,"/Date(1704784031000)/",42800,1000,5270500,226218000000,-550,false,-1.27
"VHM",140710,"/Date(1704784029000)/",42800,100,5269500,226175000000,-550,false,-1.27
"VHM",140710,"/Date(1704784029000)/",42800,1000,5269400,226171000000,-550,false,-1.27
"VHM",140707,"/Date(1704784026000)/",42800,2000,5268400,226128000000,-550,false,-1.27
"VHM",140707,"/Date(1704784025000)/",42800,2000,5266400,226042000000,-550,false,-1.27
"VHM",140704,"/Date(1704784021000)/",42800,100,5264400,225957000000,-550,true,-1.27
"VHM",140704,"/Date(1704784021000)/",42800,500,5264300,225952000000,-550,true,-1.27
"VHM",140658,"/Date(1704784015000)/",42800,200,5263800,225931000000,-550,true,-1.27
"VHM",140658,"/Date(1704784015000)/",42800,100,5263600,225923000000,-550,true,-1.27
"VHM",140651,"/Date(1704784010000)/",42800,100,5263500,225918000000,-550,true,-1.27
"VHM",140651,"/Date(1704784010000)/",42800,900,5263400,225914000000,-550,true,-1.27
"VHM",140651,"/Date(1704784010000)/",42800,700,5262500,225875000000,-550,true,-1.27
"VHM",140651,"/Date(1704784010000)/",42800,500,5261800,225845000000,-550,true,-1.27
"VHM",140651,"/Date(1704784010000)/",42800,7700,5261300,225824000000,-550,true,-1.27
"VHM",140651,"/Date(1704784010000)/",42800,1400,5253600,225495000000,-550,true,-1.27
"VHM",140651,"/Date(1704784009000)/",42800,100,5252200,225435000000,-550,true,-1.27
"VHM",140642,"/Date(1704783999000)/",42800,800,5252100,225430000000,-550,false,-1.27
"VHM",140642,"/Date(1704783999000)/",42800,1000,5251300,225396000000,-550,false,-1.27
"VHM",140642,"/Date(1704783999000)/",42800,200,5250300,225353000000,-550,false,-1.27
"VHM",140642,"/Date(1704783998000)/",42800,200,5250100,225345000000,-550,false,-1.27
"VHM",140635,"/Date(1704783992000)/",42800,500,5249900,225336000000,-550,false,-1.27
"VHM",140629,"/Date(1704783987000)/",42800,100,5249400,225315000000,-550,false,-1.27
"VHM",140626,"/Date(1704783985000)/",42800,500,5249300,225310000000,-550,false,-1.27
"VHM",140626,"/Date(1704783982000)/",42800,100,5248800,225289000000,-550,false,-1.27
"VHM",140626,"/Date(1704783982000)/",42800,500,5248700,225285000000,-550,false,-1.27
"VHM",140626,"/Date(1704783982000)/",42800,1400,5248200,225263000000,-550,false,-1.27
"VHM",140622,"/Date(1704783981000)/",42800,600,5246800,225203000000,-550,false,-1.27
"VHM",140622,"/Date(1704783981000)/",42800,1600,5246200,225178000000,-550,false,-1.27
"VHM",140622,"/Date(1704783979000)/",42800,100,5244600,225109000000,-550,false,-1.27
"VHM",140619,"/Date(1704783978000)/",42800,100,5244500,225105000000,-550,false,-1.27
"VHM",140616,"/Date(1704783974000)/",42800,1200,5244400,225101000000,-550,false,-1.27
"VHM",140616,"/Date(1704783974000)/",42800,500,5243200,225049000000,-550,false,-1.27
"VHM",140616,"/Date(1704783974000)/",42800,2000,5242700,225028000000,-550,false,-1.27
"VHM",140616,"/Date(1704783974000)/",42800,200,5240700,224942000000,-550,false,-1.27
"VHM",140616,"/Date(1704783974000)/",42800,100,5240500,224934000000,-550,false,-1.27
"VHM",140616,"/Date(1704783974000)/",42800,500,5240400,224930000000,-550,false,-1.27
"VHM",140616,"/Date(1704783974000)/",42800,500,5239900,224908000000,-550,false,-1.27
"VHM",140616,"/Date(1704783974000)/",42800,1000,5239400,224887000000,-550,false,-1.27
"VHM",140616,"/Date(1704783974000)/",42800,500,5238400,224844000000,-550,false,-1.27
"VHM",140616,"/Date(1704783974000)/",42800,2000,5237900,224823000000,-550,false,-1.27
"VHM",140613,"/Date(1704783972000)/",42800,300,5235900,224737000000,-550,false,-1.27
"VHM",140606,"/Date(1704783966000)/",42800,1000,5235600,224724000000,-550,false,-1.27
"VHM",140606,"/Date(1704783966000)/",42800,8000,5234600,224681000000,-550,false,-1.27
"VHM",140547,"/Date(1704783945000)/",42800,800,5226600,224339000000,-550,false,-1.27
"VHM",140541,"/Date(1704783940000)/",42800,7000,5225800,224305000000,-550,false,-1.27
"VHM",140541,"/Date(1704783940000)/",42800,600,5218800,224005000000,-550,false,-1.27
"VHM",140534,"/Date(1704783933000)/",42800,100,5218200,223979000000,-550,false,-1.27
"VHM",140522,"/Date(1704783919000)/",42800,2000,5218100,223975000000,-550,false,-1.27
"VHM",140522,"/Date(1704783919000)/",42800,1400,5216100,223890000000,-550,false,-1.27
"VHM",140522,"/Date(1704783919000)/",42800,600,5214700,223830000000,-550,false,-1.27
"VHM",140456,"/Date(1704783895000)/",42800,200,5214100,223804000000,-550,false,-1.27
"VHM",140456,"/Date(1704783893000)/",42800,2200,5213900,223795000000,-550,false,-1.27
"VHM",140450,"/Date(1704783888000)/",42800,7600,5211700,223701000000,-550,false,-1.27
"VHM",140450,"/Date(1704783888000)/",42800,2000,5204100,223376000000,-550,false,-1.27
"VHM",140450,"/Date(1704783888000)/",42800,400,5202100,223290000000,-550,false,-1.27
"VHM",140446,"/Date(1704783884000)/",42750,100,5201700,223273000000,-600,true,-1.38
"VHM",140446,"/Date(1704783884000)/",42750,400,5201600,223269000000,-600,true,-1.38
"VHM",140427,"/Date(1704783866000)/",42750,600,5201200,223252000000,-600,true,-1.38
"VHM",140427,"/Date(1704783866000)/",42750,100,5200600,223226000000,-600,true,-1.38
"VHM",140427,"/Date(1704783866000)/",42750,1000,5200500,223222000000,-600,true,-1.38
"VHM",140427,"/Date(1704783866000)/",42750,600,5199500,223179000000,-600,true,-1.38
"VHM",140427,"/Date(1704783863000)/",42750,600,5198900,223154000000,-600,true,-1.38
"VHM",140417,"/Date(1704783856000)/",42750,800,5198300,223128000000,-600,true,-1.38
"VHM",140417,"/Date(1704783856000)/",42750,100,5197500,223094000000,-600,true,-1.38
"VHM",140417,"/Date(1704783856000)/",42750,500,5197400,223089000000,-600,true,-1.38
"VHM",140417,"/Date(1704783856000)/",42750,200,5196900,223068000000,-600,true,-1.38
"VHM",140417,"/Date(1704783856000)/",42750,400,5196700,223059000000,-600,true,-1.38
"VHM",140417,"/Date(1704783855000)/",42750,1300,5196300,223042000000,-600,true,-1.38
"VHM",140417,"/Date(1704783855000)/",42750,1000,5195000,222987000000,-600,true,-1.38
"VHM",140417,"/Date(1704783855000)/",42750,200,5194000,222944000000,-600,true,-1.38
"VHM",140417,"/Date(1704783855000)/",42750,100,5193800,222935000000,-600,true,-1.38
"VHM",140417,"/Date(1704783855000)/",42750,7400,5193700,222931000000,-600,true,-1.38
"VHM",140358,"/Date(1704783836000)/",42750,1000,5186300,222615000000,-600,true,-1.38
"VHM",140345,"/Date(1704783825000)/",42750,600,5185300,222572000000,-600,true,-1.38
"VHM",140345,"/Date(1704783823000)/",42750,400,5184700,222546000000,-600,true,-1.38
"VHM",140345,"/Date(1704783823000)/",42750,800,5184300,222529000000,-600,true,-1.38
"VHM",140345,"/Date(1704783823000)/",42750,3000,5183500,222495000000,-600,true,-1.38
"VHM",140345,"/Date(1704783823000)/",42750,200,5180500,222367000000,-600,true,-1.38
"VHM",140345,"/Date(1704783823000)/",42750,600,5180300,222358000000,-600,true,-1.38
"VHM",140345,"/Date(1704783822000)/",42700,100,5179700,222333000000,-650,true,-1.5
"VHM",140342,"/Date(1704783821000)/",42750,200,5179600,222328000000,-600,false,-1.38
"VHM",140342,"/Date(1704783821000)/",42750,300,5179400,222320000000,-600,false,-1.38
"VHM",140342,"/Date(1704783819000)/",42750,200,5179100,222307000000,-600,false,-1.38
"VHM",140342,"/Date(1704783819000)/",42750,300,5178900,222299000000,-600,false,-1.38
"VHM",140342,"/Date(1704783819000)/",42750,500,5178600,222286000000,-600,false,-1.38
"VHM",140336,"/Date(1704783814000)/",42700,1000,5178100,222264000000,-650,true,-1.5
"VHM",140333,"/Date(1704783812000)/",42750,1000,5177100,222222000000,-600,false,-1.38
"VHM",140333,"/Date(1704783811000)/",42750,2000,5176100,222179000000,-600,false,-1.38
"VHM",140329,"/Date(1704783806000)/",42750,500,5174100,222093000000,-600,false,-1.38
"VHM",140326,"/Date(1704783804000)/",42750,1500,5173600,222072000000,-600,false,-1.38
"VHM",140326,"/Date(1704783804000)/",42750,800,5172100,222008000000,-600,false,-1.38
"VHM",140326,"/Date(1704783804000)/",42750,100,5171300,221974000000,-600,false,-1.38
"VHM",140326,"/Date(1704783804000)/",42750,600,5171200,221969000000,-600,false,-1.38
"VHM",140326,"/Date(1704783804000)/",42750,300,5170600,221944000000,-600,false,-1.38
"VHM",140326,"/Date(1704783804000)/",42750,1000,5170300,221931000000,-600,false,-1.38
"VHM",140326,"/Date(1704783804000)/",42750,700,5169300,221888000000,-600,false,-1.38
"VHM",140323,"/Date(1704783800000)/",42750,300,5168600,221858000000,-600,false,-1.38
"VHM",140317,"/Date(1704783796000)/",42700,1200,5168300,221845000000,-650,true,-1.5
"VHM",140317,"/Date(1704783794000)/",42700,3000,5167100,221794000000,-650,true,-1.5
"VHM",140307,"/Date(1704783785000)/",42700,2000,5164100,221666000000,-650,true,-1.5
"VHM",140258,"/Date(1704783775000)/",42750,200,5162100,221581000000,-600,false,-1.38
"VHM",140254,"/Date(1704783772000)/",42750,1000,5161900,221572000000,-600,false,-1.38
"VHM",140242,"/Date(1704783760000)/",42750,1900,5160900,221529000000,-600,false,-1.38
"VHM",140242,"/Date(1704783759000)/",42750,500,5159000,221448000000,-600,false,-1.38
"VHM",140229,"/Date(1704783747000)/",42750,100,5158500,221427000000,-600,false,-1.38
"VHM",140226,"/Date(1704783743000)/",42700,100,5158400,221422000000,-650,true,-1.5
"VHM",140222,"/Date(1704783740000)/",42750,100,5158300,221418000000,-600,false,-1.38
"VHM",140216,"/Date(1704783735000)/",42750,100,5158200,221414000000,-600,false,-1.38
"VHM",140210,"/Date(1704783729000)/",42700,1500,5158100,221410000000,-650,true,-1.5
"VHM",140210,"/Date(1704783729000)/",42750,100,5156600,221346000000,-600,false,-1.38
"VHM",140210,"/Date(1704783728000)/",42700,10000,5156500,221341000000,-650,true,-1.5
"VHM",140206,"/Date(1704783725000)/",42750,2000,5146500,220914000000,-600,false,-1.38
"VHM",140203,"/Date(1704783722000)/",42750,2000,5144500,220829000000,-600,false,-1.38
"VHM",140157,"/Date(1704783716000)/",42750,1000,5142500,220743000000,-600,false,-1.38
"VHM",140154,"/Date(1704783713000)/",42750,500,5141500,220701000000,-600,false,-1.38
"VHM",140154,"/Date(1704783712000)/",42750,1000,5141000,220679000000,-600,false,-1.38
"VHM",140150,"/Date(1704783707000)/",42750,300,5140000,220636000000,-600,false,-1.38
"VHM",140150,"/Date(1704783707000)/",42750,100,5139700,220624000000,-600,false,-1.38
"VHM",140150,"/Date(1704783707000)/",42750,600,5139600,220619000000,-600,false,-1.38
"VHM",140147,"/Date(1704783706000)/",42750,500,5139000,220594000000,-600,false,-1.38
"VHM",140141,"/Date(1704783699000)/",42750,900,5138500,220572000000,-600,false,-1.38
"VHM",140141,"/Date(1704783699000)/",42750,1100,5137600,220534000000,-600,false,-1.38
"VHM",140134,"/Date(1704783691000)/",42750,500,5136500,220487000000,-600,false,-1.38
"VHM",140128,"/Date(1704783686000)/",42700,600,5136000,220465000000,-650,true,-1.5
"VHM",140119,"/Date(1704783676000)/",42700,4900,5135400,220440000000,-650,true,-1.5
"VHM",140119,"/Date(1704783676000)/",42700,700,5130500,220231000000,-650,true,-1.5
"VHM",140119,"/Date(1704783676000)/",42700,4700,5129800,220201000000,-650,true,-1.5
"VHM",140115,"/Date(1704783674000)/",42750,1000,5125100,220000000000,-600,false,-1.38
"VHM",140106,"/Date(1704783665000)/",42700,300,5124100,219957000000,-650,true,-1.5
"VHM",140106,"/Date(1704783665000)/",42700,300,5123800,219944000000,-650,true,-1.5
"VHM",140106,"/Date(1704783665000)/",42700,200,5123500,219932000000,-650,true,-1.5
"VHM",140102,"/Date(1704783661000)/",42750,1000,5123300,219923000000,-600,false,-1.38
"VHM",140102,"/Date(1704783660000)/",42750,500,5122300,219880000000,-600,false,-1.38
"VHM",140102,"/Date(1704783660000)/",42750,500,5121800,219859000000,-600,false,-1.38
"VHM",140056,"/Date(1704783653000)/",42750,1400,5121300,219838000000,-600,false,-1.38
"VHM",140056,"/Date(1704783653000)/",42750,300,5119900,219778000000,-600,false,-1.38
"VHM",140056,"/Date(1704783653000)/",42750,300,5119600,219765000000,-600,false,-1.38
"VHM",140052,"/Date(1704783650000)/",42750,6700,5119300,219752000000,-600,false,-1.38
"VHM",140052,"/Date(1704783650000)/",42750,13300,5112600,219466000000,-600,false,-1.38
"VHM",140052,"/Date(1704783649000)/",42750,3000,5099300,218897000000,-600,false,-1.38
"VHM",140046,"/Date(1704783644000)/",42750,100,5096300,218769000000,-600,false,-1.38
"VHM",140030,"/Date(1704783628000)/",42750,100,5096200,218765000000,-600,false,-1.38
"VHM",140008,"/Date(1704783605000)/",42700,1000,5096100,218760000000,-650,true,-1.5
"VHM",140008,"/Date(1704783605000)/",42700,1500,5095100,218718000000,-650,true,-1.5
"VHM",140004,"/Date(1704783603000)/",42700,1000,5093600,218654000000,-650,true,-1.5
"VHM",140001,"/Date(1704783601000)/",42700,200,5092600,218611000000,-650,true,-1.5
"VHM",140001,"/Date(1704783601000)/",42700,100,5092400,218602000000,-650,true,-1.5
"VHM",140001,"/Date(1704783601000)/",42700,200,5092300,218598000000,-650,true,-1.5
"VHM",135958,"/Date(1704783598000)/",42700,700,5092100,218590000000,-650,true,-1.5
"VHM",135958,"/Date(1704783596000)/",42700,200,5091400,218560000000,-650,true,-1.5
"VHM",135955,"/Date(1704783594000)/",42700,3000,5091200,218551000000,-650,true,-1.5
"VHM",135952,"/Date(1704783588000)/",42700,200,5088200,218423000000,-650,true,-1.5
"VHM",135939,"/Date(1704783577000)/",42700,700,5088000,218414000000,-650,false,-1.5
"VHM",135939,"/Date(1704783576000)/",42700,100,5087300,218385000000,-650,false,-1.5
"VHM",135936,"/Date(1704783574000)/",42700,100,5087200,218380000000,-650,false,-1.5
"VHM",135932,"/Date(1704783572000)/",42700,1000,5087100,218376000000,-650,false,-1.5
"VHM",135932,"/Date(1704783569000)/",42700,100,5086100,218333000000,-650,false,-1.5
"VHM",135929,"/Date(1704783569000)/",42700,400,5086000,218329000000,-650,true,-1.5
"VHM",135929,"/Date(1704783568000)/",42700,2000,5085600,218312000000,-650,true,-1.5
"VHM",135929,"/Date(1704783567000)/",42700,2000,5083600,218227000000,-650,true,-1.5
"VHM",135929,"/Date(1704783566000)/",42700,200,5081600,218141000000,-650,true,-1.5
"VHM",135929,"/Date(1704783566000)/",42700,2500,5081400,218133000000,-650,true,-1.5
"VHM",135926,"/Date(1704783563000)/",42750,100,5078900,218026000000,-600,false,-1.38
"VHM",135913,"/Date(1704783552000)/",42700,1600,5078800,218022000000,-650,true,-1.5
"VHM",135910,"/Date(1704783547000)/",42750,100,5077200,217953000000,-600,false,-1.38
"VHM",135907,"/Date(1704783546000)/",42750,1000,5077100,217949000000,-600,false,-1.38
"VHM",135900,"/Date(1704783540000)/",42700,6700,5076100,217906000000,-650,false,-1.5
"VHM",135900,"/Date(1704783540000)/",42700,1000,5069400,217620000000,-650,false,-1.5
"VHM",135900,"/Date(1704783540000)/",42700,500,5068400,217577000000,-650,false,-1.5
"VHM",135900,"/Date(1704783540000)/",42700,500,5067900,217556000000,-650,false,-1.5
"VHM",135900,"/Date(1704783540000)/",42700,200,5067400,217535000000,-650,false,-1.5
"VHM",135900,"/Date(1704783540000)/",42700,400,5067200,217526000000,-650,false,-1.5
"VHM",135900,"/Date(1704783540000)/",42700,700,5066800,217509000000,-650,false,-1.5
"VHM",135900,"/Date(1704783537000)/",42700,2000,5066100,217479000000,-650,false,-1.5
"VHM",135857,"/Date(1704783534000)/",42650,400,5064100,217394000000,-700,true,-1.61
"VHM",135857,"/Date(1704783534000)/",42650,100,5063700,217377000000,-700,true,-1.61
"VHM",135854,"/Date(1704783532000)/",42700,200,5063600,217373000000,-650,false,-1.5
"VHM",135851,"/Date(1704783529000)/",42700,500,5063400,217364000000,-650,false,-1.5
"VHM",135841,"/Date(1704783518000)/",42650,100,5062900,217343000000,-700,true,-1.61
"VHM",135841,"/Date(1704783518000)/",42650,1000,5062800,217338000000,-700,true,-1.61
"VHM",135841,"/Date(1704783518000)/",42650,100,5061800,217296000000,-700,true,-1.61
"VHM",135841,"/Date(1704783518000)/",42650,500,5061700,217291000000,-700,true,-1.61
"VHM",135841,"/Date(1704783518000)/",42650,200,5061200,217270000000,-700,true,-1.61
"VHM",135841,"/Date(1704783518000)/",42650,500,5061000,217262000000,-700,true,-1.61
"VHM",135841,"/Date(1704783518000)/",42650,200,5060500,217240000000,-700,true,-1.61
"VHM",135841,"/Date(1704783518000)/",42650,100,5060300,217232000000,-700,true,-1.61
"VHM",135841,"/Date(1704783518000)/",42650,500,5060200,217228000000,-700,true,-1.61
"VHM",135841,"/Date(1704783518000)/",42650,300,5059700,217206000000,-700,true,-1.61
"VHM",135841,"/Date(1704783518000)/",42650,100,5059400,217193000000,-700,true,-1.61
"VHM",135841,"/Date(1704783518000)/",42650,1800,5059300,217189000000,-700,true,-1.61
"VHM",135841,"/Date(1704783518000)/",42700,1600,5057500,217112000000,-650,false,-1.5
"VHM",135841,"/Date(1704783518000)/",42700,400,5055900,217044000000,-650,false,-1.5
"VHM",135838,"/Date(1704783518000)/",42650,200,5055500,217027000000,-700,true,-1.61
"VHM",135835,"/Date(1704783514000)/",42700,1000,5055300,217018000000,-650,false,-1.5
"VHM",135835,"/Date(1704783514000)/",42700,500,5054300,216976000000,-650,false,-1.5
"VHM",135835,"/Date(1704783512000)/",42700,100,5053800,216954000000,-650,false,-1.5
"VHM",135835,"/Date(1704783511000)/",42700,1000,5053700,216950000000,-650,false,-1.5
"VHM",135832,"/Date(1704783511000)/",42700,2200,5052700,216907000000,-650,false,-1.5
"VHM",135832,"/Date(1704783510000)/",42650,600,5050500,216813000000,-700,true,-1.61
"VHM",135828,"/Date(1704783507000)/",42650,100,5049900,216788000000,-700,true,-1.61
"VHM",135828,"/Date(1704783507000)/",42650,500,5049800,216784000000,-700,true,-1.61
"VHM",135828,"/Date(1704783507000)/",42650,300,5049300,216762000000,-700,true,-1.61
"VHM",135828,"/Date(1704783507000)/",42650,100,5049000,216749000000,-700,true,-1.61
"VHM",135828,"/Date(1704783507000)/",42650,200,5048900,216745000000,-700,true,-1.61
"VHM",135828,"/Date(1704783507000)/",42650,100,5048700,216737000000,-700,true,-1.61
"VHM",135828,"/Date(1704783507000)/",42650,3500,5048600,216732000000,-700,true,-1.61
"VHM",135828,"/Date(1704783507000)/",42700,300,5045100,216583000000,-650,false,-1.5
"VHM",135825,"/Date(1704783503000)/",42700,100,5044800,216570000000,-650,false,-1.5
"VHM",135819,"/Date(1704783498000)/",42650,400,5044700,216566000000,-700,true,-1.61
"VHM",135819,"/Date(1704783498000)/",42650,100,5044300,216549000000,-700,true,-1.61
"VHM",135819,"/Date(1704783498000)/",42650,100,5044200,216545000000,-700,true,-1.61
"VHM",135819,"/Date(1704783498000)/",42650,2400,5044100,216540000000,-700,true,-1.61
"VHM",135816,"/Date(1704783494000)/",42650,9000,5041700,216438000000,-700,true,-1.61
"VHM",135816,"/Date(1704783493000)/",42700,900,5032700,216054000000,-650,false,-1.5
"VHM",135812,"/Date(1704783492000)/",42650,1000,5031800,216016000000,-700,true,-1.61
"VHM",135809,"/Date(1704783488000)/",42650,1700,5030800,215973000000,-700,true,-1.61
"VHM",135809,"/Date(1704783488000)/",42650,1000,5029100,215901000000,-700,true,-1.61
"VHM",135809,"/Date(1704783488000)/",42650,100,5028100,215858000000,-700,true,-1.61
"VHM",135809,"/Date(1704783488000)/",42650,100,5028000,215854000000,-700,true,-1.61
"VHM",135809,"/Date(1704783488000)/",42650,1000,5027900,215850000000,-700,true,-1.61
"VHM",135809,"/Date(1704783488000)/",42650,100,5026900,215807000000,-700,true,-1.61
"VHM",135809,"/Date(1704783488000)/",42650,100,5026800,215803000000,-700,true,-1.61
"VHM",135809,"/Date(1704783488000)/",42650,700,5026700,215798000000,-700,true,-1.61
"VHM",135809,"/Date(1704783488000)/",42650,1100,5026000,215768000000,-700,true,-1.61
"VHM",135809,"/Date(1704783488000)/",42650,4100,5024900,215722000000,-700,true,-1.61
"VHM",135806,"/Date(1704783483000)/",42650,2000,5020800,215547000000,-700,true,-1.61
"VHM",135803,"/Date(1704783480000)/",42650,100,5018800,215461000000,-700,true,-1.61
"VHM",135750,"/Date(1704783469000)/",42650,3800,5018700,215457000000,-700,true,-1.61
"VHM",135750,"/Date(1704783469000)/",42650,100,5014900,215295000000,-700,true,-1.61
"VHM",135750,"/Date(1704783469000)/",42650,2000,5014800,215291000000,-700,true,-1.61
"VHM",135750,"/Date(1704783469000)/",42650,1000,5012800,215205000000,-700,true,-1.61
"VHM",135750,"/Date(1704783469000)/",42650,100,5011800,215163000000,-700,true,-1.61
"VHM",135747,"/Date(1704783466000)/",42700,3500,5011700,215159000000,-650,false,-1.5
"VHM",135747,"/Date(1704783466000)/",42700,1500,5008200,215009000000,-650,false,-1.5
"VHM",135747,"/Date(1704783464000)/",42650,400,5006700,214945000000,-700,true,-1.61
"VHM",135747,"/Date(1704783464000)/",42650,1000,5006300,214928000000,-700,true,-1.61
"VHM",135747,"/Date(1704783464000)/",42650,100,5005300,214885000000,-700,true,-1.61
"VHM",135747,"/Date(1704783464000)/",42650,100,5005200,214881000000,-700,true,-1.61
"VHM",135747,"/Date(1704783464000)/",42650,400,5005100,214877000000,-700,true,-1.61
"VHM",135737,"/Date(1704783454000)/",42650,600,5004700,214860000000,-700,true,-1.61
"VHM",135737,"/Date(1704783454000)/",42650,1400,5004100,214834000000,-700,true,-1.61
"VHM",135734,"/Date(1704783452000)/",42700,100,5002700,214774000000,-650,false,-1.5
"VHM",135718,"/Date(1704783435000)/",42650,200,5002600,214770000000,-700,true,-1.61
"VHM",135718,"/Date(1704783435000)/",42650,900,5002400,214762000000,-700,true,-1.61
"VHM",135708,"/Date(1704783427000)/",42650,300,5001500,214723000000,-700,true,-1.61
"VHM",135705,"/Date(1704783424000)/",42650,1200,5001200,214710000000,-700,true,-1.61
"VHM",135705,"/Date(1704783424000)/",42650,200,5000000,214659000000,-700,true,-1.61
"VHM",135702,"/Date(1704783421000)/",42650,200,4999800,214651000000,-700,true,-1.61
"VHM",135702,"/Date(1704783421000)/",42650,100,4999600,214642000000,-700,true,-1.61
"VHM",135702,"/Date(1704783421000)/",42650,300,4999500,214638000000,-700,true,-1.61
"VHM",135702,"/Date(1704783421000)/",42650,200,4999200,214625000000,-700,true,-1.61
"VHM",135702,"/Date(1704783421000)/",42650,600,4999000,214617000000,-700,true,-1.61
"VHM",135702,"/Date(1704783421000)/",42650,300,4998400,214591000000,-700,true,-1.61
"VHM",135656,"/Date(1704783413000)/",42650,200,4998100,214578000000,-700,true,-1.61
"VHM",135656,"/Date(1704783413000)/",42650,100,4997900,214570000000,-700,true,-1.61
"VHM",135656,"/Date(1704783413000)/",42650,500,4997800,214565000000,-700,true,-1.61
"VHM",135656,"/Date(1704783413000)/",42650,100,4997300,214544000000,-700,true,-1.61
"VHM",135656,"/Date(1704783413000)/",42650,300,4997200,214540000000,-700,true,-1.61
"VHM",135656,"/Date(1704783413000)/",42650,500,4996900,214527000000,-700,true,-1.61
"VHM",135656,"/Date(1704783413000)/",42650,100,4996400,214506000000,-700,true,-1.61
"VHM",135656,"/Date(1704783413000)/",42650,200,4996300,214502000000,-700,true,-1.61
"VHM",135656,"/Date(1704783413000)/",42650,500,4996100,214493000000,-700,true,-1.61
"VHM",135656,"/Date(1704783413000)/",42650,1500,4995600,214472000000,-700,true,-1.61
"VHM",135649,"/Date(1704783406000)/",42650,1500,4994100,214408000000,-700,true,-1.61
"VHM",135649,"/Date(1704783406000)/",42650,100,4992600,214344000000,-700,true,-1.61
"VHM",135649,"/Date(1704783406000)/",42650,500,4992500,214339000000,-700,true,-1.61
"VHM",135649,"/Date(1704783406000)/",42650,1000,4992000,214318000000,-700,true,-1.61
"VHM",135649,"/Date(1704783406000)/",42650,1000,4991000,214275000000,-700,true,-1.61
"VHM",135649,"/Date(1704783406000)/",42650,100,4990000,214233000000,-700,true,-1.61
"VHM",135649,"/Date(1704783406000)/",42650,500,4989900,214229000000,-700,true,-1.61
"VHM",135649,"/Date(1704783406000)/",42650,100,4989400,214207000000,-700,true,-1.61
"VHM",135649,"/Date(1704783406000)/",42650,100,4989300,214203000000,-700,true,-1.61
"VHM",135649,"/Date(1704783406000)/",42650,200,4989200,214199000000,-700,true,-1.61
"VHM",135649,"/Date(1704783406000)/",42650,200,4989000,214190000000,-700,true,-1.61
"VHM",135649,"/Date(1704783406000)/",42650,500,4988800,214182000000,-700,true,-1.61
"VHM",135649,"/Date(1704783406000)/",42650,100,4988300,214160000000,-700,true,-1.61
"VHM",135649,"/Date(1704783406000)/",42650,500,4988200,214156000000,-700,true,-1.61
"VHM",135649,"/Date(1704783406000)/",42650,100,4987700,214135000000,-700,true,-1.61
"VHM",135643,"/Date(1704783399000)/",42650,100,4987600,214130000000,-700,true,-1.61
"VHM",135643,"/Date(1704783399000)/",42650,100,4987500,214126000000,-700,true,-1.61
"VHM",135643,"/Date(1704783399000)/",42650,100,4987400,214122000000,-700,true,-1.61
"VHM",135643,"/Date(1704783399000)/",42650,600,4987300,214118000000,-700,true,-1.61
"VHM",135643,"/Date(1704783399000)/",42650,500,4986700,214092000000,-700,true,-1.61
"VHM",135643,"/Date(1704783399000)/",42650,1000,4986200,214071000000,-700,true,-1.61
"VHM",135643,"/Date(1704783399000)/",42650,200,4985200,214028000000,-700,true,-1.61
"VHM",135643,"/Date(1704783399000)/",42650,100,4985000,214020000000,-700,true,-1.61
"VHM",135643,"/Date(1704783399000)/",42650,100,4984900,214015000000,-700,true,-1.61
"VHM",135643,"/Date(1704783399000)/",42650,100,4984800,214011000000,-700,true,-1.61
"VHM",135643,"/Date(1704783399000)/",42650,2000,4984700,214007000000,-700,true,-1.61
"VHM",135643,"/Date(1704783399000)/",42650,100,4982700,213921000000,-700,true,-1.61
"VHM",135633,"/Date(1704783392000)/",42700,1000,4982600,213917000000,-650,false,-1.5
"VHM",135633,"/Date(1704783392000)/",42700,100,4981600,213875000000,-650,false,-1.5
"VHM",135633,"/Date(1704783392000)/",42700,100,4981500,213870000000,-650,false,-1.5
"VHM",135633,"/Date(1704783392000)/",42700,100,4981400,213866000000,-650,false,-1.5
"VHM",135633,"/Date(1704783392000)/",42700,100,4981300,213862000000,-650,false,-1.5
"VHM",135633,"/Date(1704783392000)/",42700,500,4981200,213857000000,-650,false,-1.5
"VHM",135633,"/Date(1704783392000)/",42700,100,4980700,213836000000,-650,false,-1.5
"VHM",135633,"/Date(1704783392000)/",42700,200,4980600,213832000000,-650,false,-1.5
"VHM",135633,"/Date(1704783392000)/",42700,100,4980400,213823000000,-650,false,-1.5
"VHM",135633,"/Date(1704783392000)/",42700,200,4980300,213819000000,-650,false,-1.5
"VHM",135633,"/Date(1704783392000)/",42700,100,4980100,213810000000,-650,false,-1.5
"VHM",135633,"/Date(1704783392000)/",42700,500,4980000,213806000000,-650,false,-1.5
"VHM",135633,"/Date(1704783392000)/",42700,100,4979500,213785000000,-650,false,-1.5
"VHM",135633,"/Date(1704783392000)/",42700,100,4979400,213781000000,-650,false,-1.5
"VHM",135633,"/Date(1704783392000)/",42700,100,4979300,213776000000,-650,false,-1.5
"VHM",135633,"/Date(1704783392000)/",42700,500,4979200,213772000000,-650,false,-1.5
"VHM",135633,"/Date(1704783392000)/",42700,100,4978700,213751000000,-650,false,-1.5
"VHM",135633,"/Date(1704783392000)/",42700,100,4978600,213746000000,-650,false,-1.5
"VHM",135633,"/Date(1704783392000)/",42700,1000,4978500,213742000000,-650,false,-1.5
"VHM",135633,"/Date(1704783392000)/",42700,100,4977500,213699000000,-650,false,-1.5
"VHM",135633,"/Date(1704783392000)/",42700,300,4977400,213695000000,-650,false,-1.5
"VHM",135633,"/Date(1704783392000)/",42700,100,4977100,213682000000,-650,false,-1.5
"VHM",135633,"/Date(1704783392000)/",42700,100,4977000,213678000000,-650,false,-1.5
"VHM",135633,"/Date(1704783392000)/",42700,300,4976900,213674000000,-650,false,-1.5
"VHM",135633,"/Date(1704783392000)/",42700,100,4976600,213661000000,-650,false,-1.5
"VHM",135633,"/Date(1704783392000)/",42700,1000,4976500,213657000000,-650,false,-1.5
"VHM",135633,"/Date(1704783392000)/",42700,100,4975500,213614000000,-650,false,-1.5
"VHM",135633,"/Date(1704783392000)/",42700,1000,4975400,213610000000,-650,false,-1.5
"VHM",135633,"/Date(1704783392000)/",42700,1100,4974400,213567000000,-650,false,-1.5
"VHM",135633,"/Date(1704783392000)/",42700,500,4973300,213520000000,-650,false,-1.5
"VHM",135630,"/Date(1704783389000)/",42700,1900,4972800,213499000000,-650,true,-1.5
"VHM",135630,"/Date(1704783389000)/",42700,100,4970900,213418000000,-650,true,-1.5
"VHM",135630,"/Date(1704783389000)/",42700,1000,4970800,213413000000,-650,true,-1.5
"VHM",135630,"/Date(1704783389000)/",42700,1000,4969800,213371000000,-650,true,-1.5
"VHM",135630,"/Date(1704783389000)/",42700,500,4968800,213328000000,-650,true,-1.5
"VHM",135630,"/Date(1704783389000)/",42700,500,4968300,213307000000,-650,true,-1.5
"VHM",135630,"/Date(1704783389000)/",42700,100,4967800,213285000000,-650,true,-1.5
"VHM",135630,"/Date(1704783389000)/",42700,100,4967700,213281000000,-650,true,-1.5
"VHM",135630,"/Date(1704783389000)/",42700,4800,4967600,213277000000,-650,true,-1.5
"VHM",135627,"/Date(1704783386000)/",42700,45200,4962800,213072000000,-650,true,-1.5
"VHM",135627,"/Date(1704783386000)/",42700,1000,4917600,211142000000,-650,true,-1.5
"VHM",135627,"/Date(1704783386000)/",42700,500,4916600,211099000000,-650,true,-1.5
"VHM",135627,"/Date(1704783386000)/",42700,100,4916100,211078000000,-650,true,-1.5
"VHM",135627,"/Date(1704783386000)/",42700,100,4916000,211073000000,-650,true,-1.5
"VHM",135627,"/Date(1704783386000)/",42700,300,4915900,211069000000,-650,true,-1.5
"VHM",135627,"/Date(1704783386000)/",42700,1500,4915600,211056000000,-650,true,-1.5
"VHM",135627,"/Date(1704783386000)/",42700,100,4914100,210992000000,-650,true,-1.5
"VHM",135627,"/Date(1704783386000)/",42700,500,4914000,210988000000,-650,true,-1.5
"VHM",135627,"/Date(1704783386000)/",42700,200,4913500,210967000000,-650,true,-1.5
"VHM",135627,"/Date(1704783386000)/",42700,200,4913300,210958000000,-650,true,-1.5
"VHM",135627,"/Date(1704783386000)/",42700,600,4913100,210950000000,-650,true,-1.5
"VHM",135627,"/Date(1704783386000)/",42700,100,4912500,210924000000,-650,true,-1.5
"VHM",135627,"/Date(1704783386000)/",42700,1000,4912400,210920000000,-650,true,-1.5
"VHM",135627,"/Date(1704783386000)/",42700,100,4911400,210877000000,-650,true,-1.5
"VHM",135627,"/Date(1704783386000)/",42700,500,4911300,210873000000,-650,true,-1.5
"VHM",135627,"/Date(1704783386000)/",42700,100,4910800,210851000000,-650,true,-1.5
"VHM",135627,"/Date(1704783386000)/",42700,1000,4910700,210847000000,-650,true,-1.5
"VHM",135627,"/Date(1704783386000)/",42700,100,4909700,210804000000,-650,true,-1.5
"VHM",135627,"/Date(1704783386000)/",42700,3000,4909600,210800000000,-650,true,-1.5
"VHM",135627,"/Date(1704783386000)/",42700,100,4906600,210672000000,-650,true,-1.5
"VHM",135627,"/Date(1704783386000)/",42700,2000,4906500,210668000000,-650,true,-1.5
"VHM",135627,"/Date(1704783386000)/",42700,100,4904500,210582000000,-650,true,-1.5
"VHM",135627,"/Date(1704783386000)/",42700,300,4904400,210578000000,-650,true,-1.5
"VHM",135627,"/Date(1704783386000)/",42700,500,4904100,210565000000,-650,true,-1.5
"VHM",135627,"/Date(1704783386000)/",42700,7000,4903600,210544000000,-650,true,-1.5
"VHM",135627,"/Date(1704783386000)/",42700,100,4896600,210245000000,-650,true,-1.5
"VHM",135627,"/Date(1704783386000)/",42700,300,4896500,210241000000,-650,true,-1.5
"VHM",135627,"/Date(1704783386000)/",42700,100,4896200,210228000000,-650,true,-1.5
"VHM",135627,"/Date(1704783386000)/",42700,100,4896100,210224000000,-650,true,-1.5
"VHM",135627,"/Date(1704783386000)/",42700,10000,4896000,210219000000,-650,true,-1.5
"VHM",135627,"/Date(1704783386000)/",42700,100,4886000,209792000000,-650,true,-1.5
"VHM",135627,"/Date(1704783386000)/",42700,100,4885900,209788000000,-650,true,-1.5
"VHM",135627,"/Date(1704783386000)/",42700,500,4885800,209784000000,-650,true,-1.5
"VHM",135627,"/Date(1704783386000)/",42700,100,4885300,209762000000,-650,true,-1.5
"VHM",135627,"/Date(1704783386000)/",42700,100,4885200,209758000000,-650,true,-1.5
"VHM",135627,"/Date(1704783386000)/",42700,200,4885100,209754000000,-650,true,-1.5
"VHM",135627,"/Date(1704783386000)/",42700,100,4884900,209745000000,-650,true,-1.5
"VHM",135627,"/Date(1704783386000)/",42700,1000,4884800,209741000000,-650,true,-1.5
"VHM",135627,"/Date(1704783386000)/",42700,500,4883800,209698000000,-650,true,-1.5
"VHM",135627,"/Date(1704783386000)/",42700,2000,4883300,209677000000,-650,true,-1.5
"VHM",135627,"/Date(1704783386000)/",42700,100,4881300,209592000000,-650,true,-1.5
"VHM",135627,"/Date(1704783386000)/",42700,100,4881200,209587000000,-650,true,-1.5
"VHM",135627,"/Date(1704783386000)/",42700,2000,4881100,209583000000,-650,true,-1.5
"VHM",135627,"/Date(1704783386000)/",42700,100,4879100,209498000000,-650,true,-1.5
"VHM",135627,"/Date(1704783386000)/",42700,200,4879000,209493000000,-650,true,-1.5
"VHM",135627,"/Date(1704783386000)/",42700,19000,4878800,209485000000,-650,true,-1.5
"VHM",135624,"/Date(1704783382000)/",42750,500,4859800,208674000000,-600,false,-1.38
"VHM",135617,"/Date(1704783375000)/",42700,1000,4859300,208652000000,-650,true,-1.5
"VHM",135617,"/Date(1704783374000)/",42750,300,4858300,208610000000,-600,false,-1.38
"VHM",135614,"/Date(1704783372000)/",42750,100,4858000,208597000000,-600,false,-1.38
"VHM",135605,"/Date(1704783362000)/",42750,300,4857900,208592000000,-600,false,-1.38
"VHM",135558,"/Date(1704783355000)/",42750,100,4857600,208580000000,-600,false,-1.38
"VHM",135552,"/Date(1704783349000)/",42750,1000,4857500,208575000000,-600,false,-1.38
"VHM",135552,"/Date(1704783349000)/",42750,100,4856500,208533000000,-600,false,-1.38
"VHM",135552,"/Date(1704783349000)/",42750,1000,4856400,208528000000,-600,false,-1.38
"VHM",135552,"/Date(1704783349000)/",42750,2000,4855400,208486000000,-600,false,-1.38
"VHM",135552,"/Date(1704783349000)/",42750,1000,4853400,208400000000,-600,false,-1.38
"VHM",135552,"/Date(1704783349000)/",42750,500,4852400,208357000000,-600,false,-1.38
"VHM",135552,"/Date(1704783349000)/",42750,500,4851900,208336000000,-600,false,-1.38
"VHM",135552,"/Date(1704783349000)/",42750,1000,4851400,208315000000,-600,false,-1.38
"VHM",135552,"/Date(1704783349000)/",42750,100,4850400,208272000000,-600,false,-1.38
"VHM",135552,"/Date(1704783349000)/",42750,100,4850300,208268000000,-600,false,-1.38
"VHM",135552,"/Date(1704783349000)/",42750,100,4850200,208263000000,-600,false,-1.38
"VHM",135552,"/Date(1704783349000)/",42750,600,4850100,208259000000,-600,false,-1.38
"VHM",135552,"/Date(1704783349000)/",42750,100,4849500,208233000000,-600,false,-1.38
"VHM",135552,"/Date(1704783349000)/",42750,1000,4849400,208229000000,-600,false,-1.38
"VHM",135552,"/Date(1704783349000)/",42750,100,4848400,208186000000,-600,false,-1.38
"VHM",135552,"/Date(1704783349000)/",42750,200,4848300,208182000000,-600,false,-1.38
"VHM",135552,"/Date(1704783349000)/",42750,500,4848100,208174000000,-600,false,-1.38
"VHM",135552,"/Date(1704783349000)/",42750,100,4847600,208152000000,-600,false,-1.38
"VHM",135552,"/Date(1704783349000)/",42750,100,4847500,208148000000,-600,false,-1.38
"VHM",135552,"/Date(1704783349000)/",42750,100,4847400,208144000000,-600,false,-1.38
"VHM",135552,"/Date(1704783349000)/",42750,1000,4847300,208139000000,-600,false,-1.38
"VHM",135552,"/Date(1704783349000)/",42750,100,4846300,208097000000,-600,false,-1.38
"VHM",135552,"/Date(1704783349000)/",42750,500,4846200,208092000000,-600,false,-1.38
"VHM",135552,"/Date(1704783349000)/",42750,100,4845700,208071000000,-600,false,-1.38
"VHM",135552,"/Date(1704783349000)/",42750,100,4845600,208067000000,-600,false,-1.38
"VHM",135552,"/Date(1704783349000)/",42750,500,4845500,208062000000,-600,false,-1.38
"VHM",135552,"/Date(1704783349000)/",42750,100,4845000,208041000000,-600,false,-1.38
"VHM",135552,"/Date(1704783349000)/",42750,100,4844900,208037000000,-600,false,-1.38
"VHM",135552,"/Date(1704783349000)/",42750,100,4844800,208032000000,-600,false,-1.38
"VHM",135552,"/Date(1704783349000)/",42750,100,4844700,208028000000,-600,false,-1.38
"VHM",135552,"/Date(1704783349000)/",42750,300,4844600,208024000000,-600,false,-1.38
"VHM",135552,"/Date(1704783349000)/",42750,1000,4844300,208011000000,-600,false,-1.38
"VHM",135552,"/Date(1704783349000)/",42750,100,4843300,207968000000,-600,false,-1.38
"VHM",135552,"/Date(1704783349000)/",42750,100,4843200,207964000000,-600,false,-1.38
"VHM",135552,"/Date(1704783349000)/",42750,100,4843100,207960000000,-600,false,-1.38
"VHM",135552,"/Date(1704783349000)/",42750,2000,4843000,207955000000,-600,false,-1.38
"VHM",135552,"/Date(1704783349000)/",42750,1000,4841000,207870000000,-600,false,-1.38
"VHM",135552,"/Date(1704783349000)/",42750,100,4840000,207827000000,-600,false,-1.38
"VHM",135552,"/Date(1704783349000)/",42750,100,4839900,207823000000,-600,false,-1.38
"VHM",135552,"/Date(1704783349000)/",42750,1400,4839800,207819000000,-600,false,-1.38
"VHM",135552,"/Date(1704783349000)/",42750,100,4838400,207759000000,-600,false,-1.38
"VHM",135552,"/Date(1704783349000)/",42750,100,4838300,207755000000,-600,false,-1.38
"VHM",135552,"/Date(1704783349000)/",42750,1000,4838200,207750000000,-600,false,-1.38
"VHM",135552,"/Date(1704783349000)/",42750,200,4837200,207708000000,-600,false,-1.38
"VHM",135552,"/Date(1704783349000)/",42750,200,4837000,207699000000,-600,false,-1.38
"VHM",135552,"/Date(1704783349000)/",42750,100,4836800,207690000000,-600,false,-1.38
"VHM",135552,"/Date(1704783349000)/",42750,100,4836700,207686000000,-600,false,-1.38
"VHM",135552,"/Date(1704783349000)/",42750,300,4836600,207682000000,-600,false,-1.38
"VHM",135552,"/Date(1704783349000)/",42750,2000,4836300,207669000000,-600,false,-1.38
"VHM",135552,"/Date(1704783349000)/",42750,100,4834300,207584000000,-600,false,-1.38
"VHM",135552,"/Date(1704783349000)/",42750,100,4834200,207579000000,-600,false,-1.38
"VHM",135552,"/Date(1704783349000)/",42750,200,4834100,207575000000,-600,false,-1.38
"VHM",135552,"/Date(1704783349000)/",42750,200,4833900,207566000000,-600,false,-1.38
"VHM",135552,"/Date(1704783349000)/",42750,2400,4833700,207558000000,-600,false,-1.38
"VHM",135549,"/Date(1704783348000)/",42750,11300,4831300,207455000000,-600,true,-1.38
"VHM",135549,"/Date(1704783346000)/",42800,100,4820000,206972000000,-550,false,-1.27
"VHM",135549,"/Date(1704783345000)/",42750,6300,4819900,206968000000,-600,true,-1.38
"VHM",135549,"/Date(1704783345000)/",42750,500,4813600,206699000000,-600,true,-1.38
"VHM",135549,"/Date(1704783345000)/",42750,100,4813100,206677000000,-600,true,-1.38
"VHM",135549,"/Date(1704783345000)/",42750,300,4813000,206673000000,-600,true,-1.38
"VHM",135549,"/Date(1704783345000)/",42750,500,4812700,206660000000,-600,true,-1.38
"VHM",135549,"/Date(1704783345000)/",42750,400,4812200,206639000000,-600,true,-1.38
"VHM",135549,"/Date(1704783345000)/",42750,1000,4811800,206622000000,-600,true,-1.38
"VHM",135549,"/Date(1704783345000)/",42750,500,4810800,206579000000,-600,true,-1.38
"VHM",135549,"/Date(1704783345000)/",42750,200,4810300,206558000000,-600,true,-1.38
"VHM",135549,"/Date(1704783345000)/",42750,100,4810100,206549000000,-600,true,-1.38
"VHM",135549,"/Date(1704783345000)/",42750,100,4810000,206545000000,-600,true,-1.38
"VHM",135549,"/Date(1704783345000)/",42750,100,4809900,206540000000,-600,true,-1.38
"VHM",135549,"/Date(1704783345000)/",42750,100,4809800,206536000000,-600,true,-1.38
"VHM",135549,"/Date(1704783345000)/",42750,500,4809700,206532000000,-600,true,-1.38
"VHM",135549,"/Date(1704783345000)/",42750,12400,4809200,206511000000,-600,true,-1.38
"VHM",135549,"/Date(1704783345000)/",42750,200,4796800,205980000000,-600,true,-1.38
"VHM",135545,"/Date(1704783344000)/",42750,3000,4796600,205972000000,-600,true,-1.38
"VHM",135542,"/Date(1704783340000)/",42750,3000,4793600,205844000000,-600,true,-1.38
"VHM",135536,"/Date(1704783333000)/",42750,700,4790600,205715000000,-600,true,-1.38
"VHM",135526,"/Date(1704783325000)/",42750,10000,4789900,205685000000,-600,true,-1.38
"VHM",135520,"/Date(1704783317000)/",42800,100,4779900,205258000000,-550,false,-1.27
"VHM",135500,"/Date(1704783298000)/",42800,900,4779800,205254000000,-550,false,-1.27
"VHM",135457,"/Date(1704783296000)/",42750,1000,4778900,205215000000,-600,true,-1.38
"VHM",135454,"/Date(1704783293000)/",42750,900,4777900,205172000000,-600,true,-1.38
"VHM",135454,"/Date(1704783291000)/",42750,200,4777000,205134000000,-600,true,-1.38
"VHM",135448,"/Date(1704783286000)/",42750,2000,4776800,205125000000,-600,true,-1.38
"VHM",135441,"/Date(1704783278000)/",42750,1000,4774800,205040000000,-600,true,-1.38
"VHM",135438,"/Date(1704783277000)/",42750,9900,4773800,204997000000,-600,true,-1.38
"VHM",135428,"/Date(1704783267000)/",42750,500,4763900,204574000000,-600,true,-1.38
"VHM",135425,"/Date(1704783263000)/",42750,1500,4763400,204553000000,-600,true,-1.38
"VHM",135419,"/Date(1704783256000)/",42750,3000,4761900,204488000000,-600,true,-1.38
"VHM",135406,"/Date(1704783245000)/",42750,600,4758900,204360000000,-600,true,-1.38
"VHM",135400,"/Date(1704783239000)/",42750,100,4758300,204335000000,-600,true,-1.38
"VHM",135400,"/Date(1704783239000)/",42750,900,4758200,204330000000,-600,true,-1.38
"VHM",135347,"/Date(1704783226000)/",42800,100,4757300,204292000000,-550,false,-1.27
"VHM",135344,"/Date(1704783223000)/",42800,1000,4757200,204287000000,-550,false,-1.27
"VHM",135341,"/Date(1704783218000)/",42800,1000,4756200,204245000000,-550,false,-1.27
"VHM",135309,"/Date(1704783186000)/",42800,1000,4755200,204202000000,-550,false,-1.27
"VHM",135305,"/Date(1704783182000)/",42800,1000,4754200,204159000000,-550,false,-1.27
"VHM",135302,"/Date(1704783179000)/",42800,3400,4753200,204116000000,-550,false,-1.27
"VHM",135302,"/Date(1704783179000)/",42800,1600,4749800,203971000000,-550,false,-1.27
"VHM",135302,"/Date(1704783179000)/",42750,400,4748200,203902000000,-600,true,-1.38
"VHM",135302,"/Date(1704783179000)/",42750,100,4747800,203885000000,-600,true,-1.38
"VHM",135259,"/Date(1704783176000)/",42800,200,4747700,203881000000,-550,false,-1.27
"VHM",135256,"/Date(1704783175000)/",42750,100,4747500,203872000000,-600,true,-1.38
"VHM",135256,"/Date(1704783175000)/",42750,900,4747400,203868000000,-600,true,-1.38
"VHM",135253,"/Date(1704783170000)/",42800,100,4746500,203830000000,-550,false,-1.27
"VHM",135221,"/Date(1704783139000)/",42800,3000,4746400,203825000000,-550,false,-1.27
"VHM",135217,"/Date(1704783135000)/",42800,100,4743400,203697000000,-550,false,-1.27
"VHM",135208,"/Date(1704783126000)/",42800,200,4743300,203693000000,-550,false,-1.27
"VHM",135155,"/Date(1704783114000)/",42800,100,4743100,203684000000,-550,false,-1.27
"VHM",135155,"/Date(1704783113000)/",42750,4100,4743000,203680000000,-600,true,-1.38
"VHM",135155,"/Date(1704783113000)/",42750,100,4738900,203505000000,-600,true,-1.38
"VHM",135155,"/Date(1704783113000)/",42750,800,4738800,203500000000,-600,true,-1.38
"VHM",135149,"/Date(1704783106000)/",42750,49200,4738000,203466000000,-600,true,-1.38
"VHM",135149,"/Date(1704783106000)/",42750,1000,4688800,201363000000,-600,true,-1.38
"VHM",135149,"/Date(1704783106000)/",42750,100,4687800,201320000000,-600,true,-1.38
"VHM",135149,"/Date(1704783106000)/",42750,200,4687700,201316000000,-600,true,-1.38
"VHM",135149,"/Date(1704783106000)/",42750,500,4687500,201307000000,-600,true,-1.38
"VHM",135149,"/Date(1704783106000)/",42750,1000,4687000,201286000000,-600,true,-1.38
"VHM",135149,"/Date(1704783106000)/",42750,1000,4686000,201243000000,-600,true,-1.38
"VHM",135149,"/Date(1704783106000)/",42750,3000,4685000,201200000000,-600,true,-1.38
"VHM",135149,"/Date(1704783106000)/",42750,500,4682000,201072000000,-600,true,-1.38
"VHM",135149,"/Date(1704783106000)/",42750,3000,4681500,201051000000,-600,true,-1.38
"VHM",135149,"/Date(1704783106000)/",42750,100,4678500,200922000000,-600,true,-1.38
"VHM",135149,"/Date(1704783106000)/",42750,1000,4678400,200918000000,-600,true,-1.38
"VHM",135149,"/Date(1704783106000)/",42750,1000,4677400,200875000000,-600,true,-1.38
"VHM",135149,"/Date(1704783106000)/",42750,1000,4676400,200833000000,-600,true,-1.38
"VHM",135149,"/Date(1704783106000)/",42750,500,4675400,200790000000,-600,true,-1.38
"VHM",135149,"/Date(1704783106000)/",42750,2000,4674900,200769000000,-600,true,-1.38
"VHM",135149,"/Date(1704783106000)/",42750,500,4672900,200683000000,-600,true,-1.38
"VHM",135149,"/Date(1704783106000)/",42750,100,4672400,200662000000,-600,true,-1.38
"VHM",135149,"/Date(1704783106000)/",42750,200,4672300,200657000000,-600,true,-1.38
"VHM",135149,"/Date(1704783106000)/",42750,500,4672100,200649000000,-600,true,-1.38
"VHM",135149,"/Date(1704783106000)/",42750,300,4671600,200627000000,-600,true,-1.38
"VHM",135149,"/Date(1704783106000)/",42750,200,4671300,200615000000,-600,true,-1.38
"VHM",135149,"/Date(1704783106000)/",42750,200,4671100,200606000000,-600,true,-1.38
"VHM",135149,"/Date(1704783106000)/",42750,2000,4670900,200598000000,-600,true,-1.38
"VHM",135149,"/Date(1704783106000)/",42750,300,4668900,200512000000,-600,true,-1.38
"VHM",135149,"/Date(1704783106000)/",42750,500,4668600,200499000000,-600,true,-1.38
"VHM",135149,"/Date(1704783106000)/",42750,1000,4668100,200478000000,-600,true,-1.38
"VHM",135149,"/Date(1704783106000)/",42750,500,4667100,200435000000,-600,true,-1.38
"VHM",135149,"/Date(1704783106000)/",42750,1000,4666600,200414000000,-600,true,-1.38
"VHM",135149,"/Date(1704783106000)/",42750,2000,4665600,200371000000,-600,true,-1.38
"VHM",135149,"/Date(1704783106000)/",42750,200,4663600,200285000000,-600,true,-1.38
"VHM",135149,"/Date(1704783106000)/",42750,200,4663400,200277000000,-600,true,-1.38
"VHM",135149,"/Date(1704783106000)/",42750,100,4663200,200268000000,-600,true,-1.38
"VHM",135149,"/Date(1704783106000)/",42750,20000,4663100,200264000000,-600,true,-1.38
"VHM",135149,"/Date(1704783106000)/",42750,200,4643100,199409000000,-600,true,-1.38
"VHM",135149,"/Date(1704783106000)/",42750,100,4642900,199401000000,-600,true,-1.38
"VHM",135149,"/Date(1704783106000)/",42750,300,4642800,199396000000,-600,true,-1.38
"VHM",135149,"/Date(1704783106000)/",42750,100,4642500,199383000000,-600,true,-1.38
"VHM",135149,"/Date(1704783106000)/",42750,100,4642400,199379000000,-600,true,-1.38
"VHM",135149,"/Date(1704783106000)/",42750,100,4642300,199375000000,-600,true,-1.38
"VHM",135146,"/Date(1704783104000)/",42800,100,4642200,199371000000,-550,false,-1.27
"VHM",135142,"/Date(1704783101000)/",42800,2000,4642100,199366000000,-550,false,-1.27
"VHM",135126,"/Date(1704783083000)/",42800,100,4640100,199281000000,-550,false,-1.27
"VHM",135123,"/Date(1704783083000)/",42800,3000,4640000,199276000000,-550,false,-1.27
"VHM",135123,"/Date(1704783082000)/",42800,1000,4637000,199148000000,-550,false,-1.27
"VHM",135120,"/Date(1704783077000)/",42800,300,4636000,199105000000,-550,false,-1.27
"VHM",135120,"/Date(1704783077000)/",42800,600,4635700,199092000000,-550,false,-1.27
"VHM",135120,"/Date(1704783077000)/",42800,100,4635100,199067000000,-550,false,-1.27
"VHM",135120,"/Date(1704783077000)/",42800,1000,4635000,199062000000,-550,false,-1.27
"VHM",135120,"/Date(1704783077000)/",42800,2000,4634000,199020000000,-550,false,-1.27
"VHM",135120,"/Date(1704783077000)/",42800,300,4632000,198934000000,-550,false,-1.27
"VHM",135120,"/Date(1704783077000)/",42800,100,4631700,198921000000,-550,false,-1.27
"VHM",135120,"/Date(1704783077000)/",42800,100,4631600,198917000000,-550,false,-1.27
"VHM",135120,"/Date(1704783077000)/",42800,2000,4631500,198913000000,-550,false,-1.27
"VHM",135120,"/Date(1704783077000)/",42800,100,4629500,198827000000,-550,false,-1.27
"VHM",135120,"/Date(1704783077000)/",42800,100,4629400,198823000000,-550,false,-1.27
"VHM",135120,"/Date(1704783077000)/",42800,200,4629300,198818000000,-550,false,-1.27
"VHM",135120,"/Date(1704783077000)/",42800,100,4629100,198810000000,-550,false,-1.27
"VHM",135120,"/Date(1704783077000)/",42800,100,4629000,198806000000,-550,false,-1.27
"VHM",135120,"/Date(1704783077000)/",42800,1000,4628900,198801000000,-550,false,-1.27
"VHM",135120,"/Date(1704783077000)/",42800,100,4627900,198759000000,-550,false,-1.27
"VHM",135120,"/Date(1704783077000)/",42800,100,4627800,198754000000,-550,false,-1.27
"VHM",135120,"/Date(1704783077000)/",42800,1000,4627700,198750000000,-550,false,-1.27
"VHM",135120,"/Date(1704783077000)/",42800,300,4626700,198707000000,-550,false,-1.27
"VHM",135120,"/Date(1704783077000)/",42800,200,4626400,198694000000,-550,false,-1.27
"VHM",135120,"/Date(1704783077000)/",42800,3600,4626200,198686000000,-550,false,-1.27
"VHM",135120,"/Date(1704783077000)/",42800,500,4622600,198532000000,-550,false,-1.27
"VHM",135120,"/Date(1704783077000)/",42800,1100,4622100,198510000000,-550,false,-1.27
"VHM",135120,"/Date(1704783077000)/",42800,200,4621000,198463000000,-550,false,-1.27
"VHM",135120,"/Date(1704783077000)/",42800,1000,4620800,198455000000,-550,false,-1.27
"VHM",135120,"/Date(1704783077000)/",42800,2300,4619800,198412000000,-550,false,-1.27
"VHM",135114,"/Date(1704783071000)/",42800,7700,4617500,198313000000,-550,true,-1.27
"VHM",135114,"/Date(1704783071000)/",42800,3000,4609800,197984000000,-550,true,-1.27
"VHM",135114,"/Date(1704783071000)/",42800,100,4606800,197855000000,-550,true,-1.27
"VHM",135114,"/Date(1704783071000)/",42800,100,4606700,197851000000,-550,true,-1.27
"VHM",135114,"/Date(1704783071000)/",42800,1000,4606600,197847000000,-550,true,-1.27
"VHM",135114,"/Date(1704783071000)/",42800,100,4605600,197804000000,-550,true,-1.27
"VHM",135114,"/Date(1704783071000)/",42800,9000,4605500,197800000000,-550,true,-1.27
"VHM",135114,"/Date(1704783071000)/",42800,500,4596500,197415000000,-550,true,-1.27
"VHM",135114,"/Date(1704783071000)/",42800,100,4596000,197393000000,-550,true,-1.27
"VHM",135114,"/Date(1704783071000)/",42800,100,4595900,197389000000,-550,true,-1.27
"VHM",135114,"/Date(1704783071000)/",42800,600,4595800,197385000000,-550,true,-1.27
"VHM",135114,"/Date(1704783071000)/",42800,100,4595200,197359000000,-550,true,-1.27
"VHM",135114,"/Date(1704783071000)/",42800,500,4595100,197355000000,-550,true,-1.27
"VHM",135114,"/Date(1704783071000)/",42800,1300,4594600,197333000000,-550,true,-1.27
"VHM",135114,"/Date(1704783071000)/",42800,100,4593300,197278000000,-550,true,-1.27
"VHM",135114,"/Date(1704783071000)/",42800,400,4593200,197273000000,-550,true,-1.27
"VHM",135114,"/Date(1704783071000)/",42800,500,4592800,197256000000,-550,true,-1.27
"VHM",135114,"/Date(1704783071000)/",42800,100,4592300,197235000000,-550,true,-1.27
"VHM",135114,"/Date(1704783071000)/",42800,500,4592200,197231000000,-550,true,-1.27
"VHM",135114,"/Date(1704783071000)/",42800,3400,4591700,197209000000,-550,true,-1.27
"VHM",135114,"/Date(1704783071000)/",42800,500,4588300,197064000000,-550,true,-1.27
"VHM",135114,"/Date(1704783071000)/",42800,300,4587800,197042000000,-550,true,-1.27
"VHM",135114,"/Date(1704783071000)/",42800,100,4587500,197029000000,-550,true,-1.27
"VHM",135114,"/Date(1704783071000)/",42800,1000,4587400,197025000000,-550,true,-1.27
"VHM",135114,"/Date(1704783071000)/",42800,2500,4586400,196982000000,-550,true,-1.27
"VHM",135114,"/Date(1704783071000)/",42800,100,4583900,196875000000,-550,true,-1.27
"VHM",135114,"/Date(1704783071000)/",42800,200,4583800,196871000000,-550,true,-1.27
"VHM",135114,"/Date(1704783071000)/",42800,100,4583600,196863000000,-550,true,-1.27
"VHM",135114,"/Date(1704783071000)/",42800,100,4583500,196858000000,-550,true,-1.27
"VHM",135114,"/Date(1704783071000)/",42800,100,4583400,196854000000,-550,true,-1.27
"VHM",135114,"/Date(1704783071000)/",42800,1000,4583300,196850000000,-550,true,-1.27
"VHM",135114,"/Date(1704783071000)/",42800,100,4582300,196807000000,-550,true,-1.27
"VHM",135114,"/Date(1704783071000)/",42800,1000,4582200,196803000000,-550,true,-1.27
"VHM",135114,"/Date(1704783071000)/",42800,100,4581200,196760000000,-550,true,-1.27
"VHM",135114,"/Date(1704783071000)/",42800,2500,4581100,196756000000,-550,true,-1.27
"VHM",135114,"/Date(1704783071000)/",42800,100,4578600,196649000000,-550,true,-1.27
"VHM",135114,"/Date(1704783071000)/",42800,400,4578500,196644000000,-550,true,-1.27
"VHM",135114,"/Date(1704783071000)/",42800,1000,4578100,196627000000,-550,true,-1.27
"VHM",135114,"/Date(1704783071000)/",42800,100,4577100,196584000000,-550,true,-1.27
"VHM",135114,"/Date(1704783071000)/",42800,100,4577000,196580000000,-550,true,-1.27
"VHM",135114,"/Date(1704783071000)/",42800,100,4576900,196576000000,-550,true,-1.27
"VHM",135114,"/Date(1704783071000)/",42800,200,4576800,196571000000,-550,true,-1.27
"VHM",135114,"/Date(1704783071000)/",42800,700,4576600,196563000000,-550,true,-1.27
"VHM",135114,"/Date(1704783071000)/",42800,100,4575900,196533000000,-550,true,-1.27
"VHM",135114,"/Date(1704783071000)/",42800,300,4575800,196529000000,-550,true,-1.27
"VHM",135114,"/Date(1704783071000)/",42800,1000,4575500,196516000000,-550,true,-1.27
"VHM",135114,"/Date(1704783071000)/",42800,300,4574500,196473000000,-550,true,-1.27
"VHM",135114,"/Date(1704783071000)/",42800,1500,4574200,196460000000,-550,true,-1.27
"VHM",135114,"/Date(1704783071000)/",42800,100,4572700,196396000000,-550,true,-1.27
"VHM",135114,"/Date(1704783071000)/",42800,10000,4572600,196392000000,-550,true,-1.27
"VHM",135114,"/Date(1704783071000)/",42800,1000,4562600,195964000000,-550,true,-1.27
"VHM",135114,"/Date(1704783071000)/",42800,100,4561600,195921000000,-550,true,-1.27
"VHM",135114,"/Date(1704783071000)/",42800,100,4561500,195917000000,-550,true,-1.27
"VHM",135114,"/Date(1704783071000)/",42800,300,4561400,195912000000,-550,true,-1.27
"VHM",135114,"/Date(1704783071000)/",42800,100,4561100,195900000000,-550,true,-1.27
"VHM",135114,"/Date(1704783071000)/",42800,100,4561000,195895000000,-550,true,-1.27
"VHM",135114,"/Date(1704783071000)/",42800,200,4560900,195891000000,-550,true,-1.27
"VHM",135114,"/Date(1704783071000)/",42800,1000,4560700,195882000000,-550,true,-1.27
"VHM",135114,"/Date(1704783071000)/",42800,1000,4559700,195840000000,-550,true,-1.27
"VHM",135114,"/Date(1704783071000)/",42800,500,4558700,195797000000,-550,true,-1.27
"VHM",135114,"/Date(1704783071000)/",42800,100,4558200,195775000000,-550,true,-1.27
"VHM",135114,"/Date(1704783071000)/",42800,100,4558100,195771000000,-550,true,-1.27
"VHM",135114,"/Date(1704783071000)/",42800,2000,4558000,195767000000,-550,true,-1.27
"VHM",135114,"/Date(1704783071000)/",42800,100,4556000,195681000000,-550,true,-1.27
"VHM",135114,"/Date(1704783071000)/",42800,200,4555900,195677000000,-550,true,-1.27
"VHM",135114,"/Date(1704783071000)/",42800,100,4555700,195668000000,-550,true,-1.27
"VHM",135114,"/Date(1704783071000)/",42800,100,4555600,195664000000,-550,true,-1.27
"VHM",135114,"/Date(1704783071000)/",42800,200,4555500,195660000000,-550,true,-1.27
"VHM",135114,"/Date(1704783071000)/",42800,1000,4555300,195651000000,-550,true,-1.27
"VHM",135114,"/Date(1704783071000)/",42800,100,4554300,195608000000,-550,true,-1.27
"VHM",135114,"/Date(1704783071000)/",42800,100,4554200,195604000000,-550,true,-1.27
"VHM",135114,"/Date(1704783071000)/",42800,600,4554100,195600000000,-550,true,-1.27
"VHM",135114,"/Date(1704783071000)/",42800,100,4553500,195574000000,-550,true,-1.27
"VHM",135114,"/Date(1704783071000)/",42800,100,4553400,195570000000,-550,true,-1.27
"VHM",135114,"/Date(1704783071000)/",42800,500,4553300,195566000000,-550,true,-1.27
"VHM",135114,"/Date(1704783071000)/",42800,100,4552800,195544000000,-550,true,-1.27
"VHM",135114,"/Date(1704783071000)/",42800,100,4552700,195540000000,-550,true,-1.27
"VHM",135114,"/Date(1704783071000)/",42800,100,4552600,195536000000,-550,true,-1.27
"VHM",135114,"/Date(1704783071000)/",42800,2000,4552500,195531000000,-550,true,-1.27
"VHM",135114,"/Date(1704783071000)/",42800,1000,4550500,195446000000,-550,true,-1.27
"VHM",135114,"/Date(1704783071000)/",42800,5000,4549500,195403000000,-550,true,-1.27
"VHM",135114,"/Date(1704783071000)/",42800,200,4544500,195189000000,-550,true,-1.27
"VHM",135114,"/Date(1704783071000)/",42800,1000,4544300,195180000000,-550,true,-1.27
"VHM",135114,"/Date(1704783071000)/",42800,300,4543300,195138000000,-550,true,-1.27
"VHM",135114,"/Date(1704783071000)/",42800,2300,4543000,195125000000,-550,true,-1.27
"VHM",135114,"/Date(1704783071000)/",42800,100,4540700,195026000000,-550,true,-1.27
"VHM",135114,"/Date(1704783071000)/",42800,200,4540600,195022000000,-550,true,-1.27
"VHM",135114,"/Date(1704783071000)/",42800,100,4540400,195014000000,-550,true,-1.27
"VHM",135114,"/Date(1704783071000)/",42800,200,4540300,195009000000,-550,true,-1.27
"VHM",135114,"/Date(1704783071000)/",42800,100,4540100,195001000000,-550,true,-1.27
"VHM",135114,"/Date(1704783071000)/",42800,300,4540000,194996000000,-550,true,-1.27
"VHM",135114,"/Date(1704783071000)/",42800,100,4539700,194984000000,-550,true,-1.27
"VHM",135114,"/Date(1704783071000)/",42800,100,4539600,194979000000,-550,true,-1.27
"VHM",135114,"/Date(1704783071000)/",42800,100,4539500,194975000000,-550,true,-1.27
"VHM",135114,"/Date(1704783071000)/",42800,100,4539400,194971000000,-550,true,-1.27
"VHM",135114,"/Date(1704783071000)/",42800,2700,4539300,194966000000,-550,true,-1.27
"VHM",135114,"/Date(1704783071000)/",42800,100,4536600,194851000000,-550,true,-1.27
"VHM",135114,"/Date(1704783071000)/",42800,1000,4536500,194847000000,-550,true,-1.27
"VHM",135114,"/Date(1704783071000)/",42800,100,4535500,194804000000,-550,true,-1.27
"VHM",135114,"/Date(1704783071000)/",42800,200,4535400,194800000000,-550,true,-1.27
"VHM",135114,"/Date(1704783071000)/",42800,200,4535200,194791000000,-550,true,-1.27
"VHM",135114,"/Date(1704783071000)/",42800,1000,4535000,194782000000,-550,true,-1.27
"VHM",135114,"/Date(1704783071000)/",42800,100,4534000,194740000000,-550,true,-1.27
"VHM",135114,"/Date(1704783071000)/",42800,2000,4533900,194735000000,-550,true,-1.27
"VHM",135114,"/Date(1704783071000)/",42800,1000,4531900,194650000000,-550,true,-1.27
"VHM",135114,"/Date(1704783071000)/",42800,200,4530900,194607000000,-550,true,-1.27
"VHM",135114,"/Date(1704783071000)/",42800,1000,4530700,194598000000,-550,true,-1.27
"VHM",135114,"/Date(1704783071000)/",42800,1000,4529700,194556000000,-550,true,-1.27
"VHM",135114,"/Date(1704783071000)/",42800,200,4528700,194513000000,-550,true,-1.27
"VHM",135114,"/Date(1704783071000)/",42800,200,4528500,194504000000,-550,true,-1.27
"VHM",135114,"/Date(1704783071000)/",42800,300,4528300,194496000000,-550,true,-1.27
"VHM",135114,"/Date(1704783071000)/",42800,200,4528000,194483000000,-550,true,-1.27
"VHM",135114,"/Date(1704783071000)/",42800,500,4527800,194474000000,-550,true,-1.27
"VHM",135114,"/Date(1704783071000)/",42800,100,4527300,194453000000,-550,true,-1.27
"VHM",135114,"/Date(1704783071000)/",42800,1000,4527200,194449000000,-550,true,-1.27
"VHM",135114,"/Date(1704783071000)/",42800,100,4526200,194406000000,-550,true,-1.27
"VHM",135114,"/Date(1704783071000)/",42800,1000,4526100,194402000000,-550,true,-1.27
"VHM",135114,"/Date(1704783071000)/",42800,6600,4525100,194359000000,-550,true,-1.27
