"Stockcode","Package","TradingDate","Price","Vol","TotalVol","TotalVal","Change","IsBuy","PerChange"
"ASM",144604,"/Date(1705045500000)/",10650,178800,2751500,29746000000,0,false,0
"ASM",143053,"/Date(1705044589000)/",10800,3000,2572700,27842000000,150,false,1.41
"ASM",143050,"/Date(1705044587000)/",10850,3400,2569700,27810000000,200,false,1.88
"ASM",143046,"/Date(1705044583000)/",10800,500,2566300,27773000000,150,true,1.41
"ASM",143043,"/Date(1705044579000)/",10800,1000,2565800,27767000000,150,false,1.41
"ASM",143043,"/Date(1705044579000)/",10800,1000,2564800,27757000000,150,false,1.41
"ASM",143011,"/Date(1705044549000)/",10800,1000,2563800,27746000000,150,true,1.41
"ASM",143011,"/Date(1705044549000)/",10800,600,2562800,27735000000,150,true,1.41
"ASM",142949,"/Date(1705044525000)/",10800,1600,2562200,27729000000,150,true,1.41
"ASM",142939,"/Date(1705044516000)/",10800,100,2560600,27711000000,150,false,1.41
"ASM",142933,"/Date(1705044510000)/",10800,300,2560500,27710000000,150,true,1.41
"ASM",142923,"/Date(1705044501000)/",10800,100,2560200,27707000000,150,false,1.41
"ASM",142923,"/Date(1705044501000)/",10800,500,2560100,27706000000,150,false,1.41
"ASM",142923,"/Date(1705044501000)/",10800,400,2559600,27700000000,150,false,1.41
"ASM",142854,"/Date(1705044471000)/",10800,3100,2559200,27696000000,150,false,1.41
"ASM",142854,"/Date(1705044471000)/",10800,3000,2556100,27663000000,150,false,1.41
"ASM",142854,"/Date(1705044471000)/",10800,10000,2553100,27630000000,150,false,1.41
"ASM",142854,"/Date(1705044471000)/",10800,100,2543100,27522000000,150,false,1.41
"ASM",142854,"/Date(1705044471000)/",10800,100,2543000,27521000000,150,false,1.41
"ASM",142854,"/Date(1705044471000)/",10800,3000,2542900,27520000000,150,false,1.41
"ASM",142854,"/Date(1705044471000)/",10800,200,2539900,27488000000,150,false,1.41
"ASM",142854,"/Date(1705044471000)/",10800,300,2539700,27486000000,150,false,1.41
"ASM",142854,"/Date(1705044471000)/",10800,1000,2539400,27482000000,150,false,1.41
"ASM",142854,"/Date(1705044471000)/",10800,500,2538400,27472000000,150,false,1.41
"ASM",142854,"/Date(1705044471000)/",10800,100,2537900,27466000000,150,false,1.41
"ASM",142854,"/Date(1705044471000)/",10800,2000,2537800,27465000000,150,false,1.41
"ASM",142854,"/Date(1705044471000)/",10800,5000,2535800,27443000000,150,false,1.41
"ASM",142854,"/Date(1705044471000)/",10800,1600,2530800,27389000000,150,false,1.41
"ASM",142854,"/Date(1705044471000)/",10800,100,2529200,27372000000,150,false,1.41
"ASM",142851,"/Date(1705044469000)/",10750,3000,2529100,27371000000,100,true,0.94
"ASM",142803,"/Date(1705044420000)/",10750,2000,2526100,27339000000,100,true,0.94
"ASM",142737,"/Date(1705044393000)/",10800,100,2524100,27317000000,150,false,1.41
"ASM",142737,"/Date(1705044384000)/",10750,200,2524000,27316000000,100,true,0.94
"ASM",142709,"/Date(1705044364000)/",10750,5000,2523800,27314000000,100,true,0.94
"ASM",142705,"/Date(1705044362000)/",10800,200,2518800,27260000000,150,false,1.41
"ASM",142705,"/Date(1705044362000)/",10800,1000,2518600,27258000000,150,false,1.41
"ASM",142705,"/Date(1705044362000)/",10800,800,2517600,27247000000,150,false,1.41
"ASM",142630,"/Date(1705044328000)/",10800,1000,2516800,27239000000,150,false,1.41
"ASM",142627,"/Date(1705044324000)/",10750,6400,2515800,27228000000,100,true,0.94
"ASM",142627,"/Date(1705044324000)/",10750,900,2509400,27159000000,100,true,0.94
"ASM",142627,"/Date(1705044324000)/",10750,100,2508500,27149000000,100,true,0.94
"ASM",142627,"/Date(1705044324000)/",10750,200,2508400,27148000000,100,true,0.94
"ASM",142627,"/Date(1705044324000)/",10750,100,2508200,27146000000,100,true,0.94
"ASM",142627,"/Date(1705044324000)/",10750,2100,2508100,27145000000,100,true,0.94
"ASM",142614,"/Date(1705044310000)/",10750,100,2506000,27123000000,100,true,0.94
"ASM",142614,"/Date(1705044310000)/",10750,100,2505900,27122000000,100,true,0.94
"ASM",142611,"/Date(1705044308000)/",10800,3000,2505800,27120000000,150,false,1.41
"ASM",142539,"/Date(1705044274000)/",10800,200,2502800,27088000000,150,false,1.41
"ASM",142536,"/Date(1705044271000)/",10800,5000,2502600,27086000000,150,false,1.41
"ASM",142529,"/Date(1705044266000)/",10800,500,2497600,27032000000,150,false,1.41
"ASM",142529,"/Date(1705044265000)/",10750,900,2497100,27026000000,100,true,0.94
"ASM",142529,"/Date(1705044265000)/",10750,100,2496200,27017000000,100,true,0.94
"ASM",142529,"/Date(1705044265000)/",10750,200,2496100,27016000000,100,true,0.94
"ASM",142529,"/Date(1705044265000)/",10750,100,2495900,27014000000,100,true,0.94
"ASM",142529,"/Date(1705044265000)/",10750,300,2495800,27013000000,100,true,0.94
"ASM",142529,"/Date(1705044265000)/",10750,1700,2495500,27009000000,100,true,0.94
"ASM",142529,"/Date(1705044265000)/",10750,1000,2493800,26991000000,100,true,0.94
"ASM",142529,"/Date(1705044265000)/",10750,3000,2492800,26980000000,100,true,0.94
"ASM",142529,"/Date(1705044265000)/",10750,2000,2489800,26948000000,100,true,0.94
"ASM",142529,"/Date(1705044265000)/",10750,500,2487800,26927000000,100,true,0.94
"ASM",142529,"/Date(1705044265000)/",10750,100,2487300,26921000000,100,true,0.94
"ASM",142529,"/Date(1705044265000)/",10750,100,2487200,26920000000,100,true,0.94
"ASM",142457,"/Date(1705044233000)/",10750,2000,2487100,26919000000,100,true,0.94
"ASM",142435,"/Date(1705044211000)/",10750,1000,2485100,26897000000,100,true,0.94
"ASM",142400,"/Date(1705044175000)/",10750,1000,2484100,26887000000,100,true,0.94
"ASM",142357,"/Date(1705044172000)/",10750,100,2483100,26876000000,100,true,0.94
"ASM",142353,"/Date(1705044171000)/",10750,2000,2483000,26875000000,100,true,0.94
"ASM",142350,"/Date(1705044167000)/",10750,200,2481000,26853000000,100,true,0.94
"ASM",142337,"/Date(1705044152000)/",10800,100,2480800,26851000000,150,false,1.41
"ASM",142337,"/Date(1705044152000)/",10800,100,2480700,26850000000,150,false,1.41
"ASM",142337,"/Date(1705044152000)/",10750,900,2480600,26849000000,100,true,0.94
"ASM",142337,"/Date(1705044152000)/",10750,100,2479700,26839000000,100,true,0.94
"ASM",142259,"/Date(1705044115000)/",10750,100,2479600,26838000000,100,false,0.94
"ASM",142237,"/Date(1705044093000)/",10800,300,2479500,26837000000,150,false,1.41
"ASM",142233,"/Date(1705044090000)/",10700,2300,2479200,26834000000,50,true,0.47
"ASM",142233,"/Date(1705044090000)/",10750,2700,2476900,26809000000,100,false,0.94
"ASM",142233,"/Date(1705044088000)/",10750,900,2474200,26780000000,100,false,0.94
"ASM",142233,"/Date(1705044088000)/",10750,3000,2473300,26771000000,100,false,0.94
"ASM",142233,"/Date(1705044088000)/",10750,1500,2470300,26738000000,100,false,0.94
"ASM",142233,"/Date(1705044088000)/",10750,100,2468800,26722000000,100,false,0.94
"ASM",142233,"/Date(1705044088000)/",10750,4000,2468700,26721000000,100,false,0.94
"ASM",142233,"/Date(1705044088000)/",10750,300,2464700,26678000000,100,false,0.94
"ASM",142230,"/Date(1705044087000)/",10700,3000,2464400,26675000000,50,true,0.47
"ASM",142230,"/Date(1705044086000)/",10750,200,2461400,26643000000,100,false,0.94
"ASM",142230,"/Date(1705044086000)/",10750,100,2461200,26641000000,100,false,0.94
"ASM",142230,"/Date(1705044086000)/",10750,200,2461100,26640000000,100,false,0.94
"ASM",142158,"/Date(1705044054000)/",10750,100,2460900,26638000000,100,false,0.94
"ASM",142158,"/Date(1705044053000)/",10700,300,2460800,26636000000,50,true,0.47
"ASM",142155,"/Date(1705044052000)/",10750,300,2460500,26633000000,100,false,0.94
"ASM",142155,"/Date(1705044050000)/",10700,100,2460200,26630000000,50,true,0.47
"ASM",142149,"/Date(1705044043000)/",10700,1000,2460100,26629000000,50,true,0.47
"ASM",142142,"/Date(1705044039000)/",10750,100,2459100,26618000000,100,false,0.94
"ASM",142113,"/Date(1705044010000)/",10700,200,2459000,26617000000,50,true,0.47
"ASM",142100,"/Date(1705043997000)/",10750,5000,2458800,26615000000,100,false,0.94
"ASM",142051,"/Date(1705043988000)/",10700,100,2453800,26561000000,50,true,0.47
"ASM",142051,"/Date(1705043987000)/",10750,1000,2453700,26560000000,100,false,0.94
"ASM",142051,"/Date(1705043986000)/",10700,200,2452700,26550000000,50,true,0.47
"ASM",142041,"/Date(1705043978000)/",10750,300,2452500,26547000000,100,false,0.94
"ASM",142041,"/Date(1705043978000)/",10750,900,2452200,26544000000,100,false,0.94
"ASM",142009,"/Date(1705043946000)/",10750,100,2451300,26534000000,100,false,0.94
"ASM",142009,"/Date(1705043946000)/",10700,100,2451200,26533000000,50,true,0.47
"ASM",141956,"/Date(1705043932000)/",10700,2000,2451100,26532000000,50,false,0.47
"ASM",141956,"/Date(1705043932000)/",10700,500,2449100,26511000000,50,false,0.47
"ASM",141956,"/Date(1705043932000)/",10700,100,2448600,26506000000,50,false,0.47
"ASM",141956,"/Date(1705043932000)/",10700,2000,2448500,26505000000,50,false,0.47
"ASM",141956,"/Date(1705043932000)/",10700,1400,2446500,26483000000,50,false,0.47
"ASM",141956,"/Date(1705043932000)/",10700,1000,2445100,26468000000,50,false,0.47
"ASM",141956,"/Date(1705043932000)/",10700,31800,2444100,26457000000,50,false,0.47
"ASM",141943,"/Date(1705043920000)/",10700,200,2412300,26117000000,50,false,0.47
"ASM",141934,"/Date(1705043911000)/",10650,1100,2412100,26115000000,0,true,0
"ASM",141931,"/Date(1705043905000)/",10700,100,2411000,26103000000,50,false,0.47
"ASM",141924,"/Date(1705043900000)/",10650,500,2410900,26102000000,0,true,0
"ASM",141924,"/Date(1705043899000)/",10650,5300,2410400,26097000000,0,true,0
"ASM",141915,"/Date(1705043890000)/",10650,100,2405100,26040000000,0,true,0
"ASM",141849,"/Date(1705043865000)/",10650,700,2405000,26039000000,0,true,0
"ASM",141849,"/Date(1705043865000)/",10650,10000,2404300,26032000000,0,true,0
"ASM",141849,"/Date(1705043865000)/",10650,1500,2394300,25925000000,0,true,0
"ASM",141846,"/Date(1705043862000)/",10650,500,2392800,25909000000,0,true,0
"ASM",141748,"/Date(1705043804000)/",10700,500,2392300,25904000000,50,true,0.47
"ASM",141748,"/Date(1705043804000)/",10700,500,2391800,25899000000,50,true,0.47
"ASM",141748,"/Date(1705043804000)/",10700,500,2391300,25893000000,50,true,0.47
"ASM",141748,"/Date(1705043804000)/",10700,5000,2390800,25888000000,50,true,0.47
"ASM",141748,"/Date(1705043804000)/",10700,100,2385800,25835000000,50,true,0.47
"ASM",141748,"/Date(1705043804000)/",10700,200,2385700,25834000000,50,true,0.47
"ASM",141748,"/Date(1705043804000)/",10700,100,2385500,25831000000,50,true,0.47
"ASM",141748,"/Date(1705043804000)/",10700,200,2385400,25830000000,50,true,0.47
"ASM",141748,"/Date(1705043804000)/",10700,10800,2385200,25828000000,50,true,0.47
"ASM",141748,"/Date(1705043803000)/",10700,9200,2374400,25713000000,50,true,0.47
"ASM",141748,"/Date(1705043803000)/",10700,200,2365200,25614000000,50,true,0.47
"ASM",141748,"/Date(1705043803000)/",10700,200,2365000,25612000000,50,true,0.47
"ASM",141748,"/Date(1705043803000)/",10700,2000,2364800,25610000000,50,true,0.47
"ASM",141748,"/Date(1705043803000)/",10700,100,2362800,25588000000,50,true,0.47
"ASM",141748,"/Date(1705043803000)/",10700,200,2362700,25587000000,50,true,0.47
"ASM",141748,"/Date(1705043803000)/",10700,200,2362500,25585000000,50,true,0.47
"ASM",141748,"/Date(1705043803000)/",10700,2000,2362300,25583000000,50,true,0.47
"ASM",141748,"/Date(1705043803000)/",10700,2000,2360300,25562000000,50,true,0.47
"ASM",141748,"/Date(1705043803000)/",10700,1000,2358300,25540000000,50,true,0.47
"ASM",141748,"/Date(1705043803000)/",10700,800,2357300,25530000000,50,true,0.47
"ASM",141748,"/Date(1705043803000)/",10700,800,2356500,25521000000,50,true,0.47
"ASM",141745,"/Date(1705043801000)/",10700,2000,2355700,25513000000,50,true,0.47
"ASM",141735,"/Date(1705043790000)/",10700,500,2353700,25491000000,50,true,0.47
"ASM",141729,"/Date(1705043785000)/",10700,1500,2353200,25486000000,50,true,0.47
"ASM",141726,"/Date(1705043783000)/",10700,400,2351700,25470000000,50,true,0.47
"ASM",141726,"/Date(1705043783000)/",10700,1600,2351300,25465000000,50,true,0.47
"ASM",141722,"/Date(1705043779000)/",10700,5000,2349700,25448000000,50,true,0.47
"ASM",141719,"/Date(1705043775000)/",10700,3000,2344700,25395000000,50,true,0.47
"ASM",141706,"/Date(1705043763000)/",10700,400,2341700,25363000000,50,true,0.47
"ASM",141706,"/Date(1705043763000)/",10700,100,2341300,25358000000,50,true,0.47
"ASM",141654,"/Date(1705043749000)/",10700,200,2341200,25357000000,50,true,0.47
"ASM",141654,"/Date(1705043749000)/",10700,4800,2341000,25355000000,50,true,0.47
"ASM",141650,"/Date(1705043745000)/",10700,5000,2336200,25304000000,50,true,0.47
"ASM",141631,"/Date(1705043729000)/",10700,100,2331200,25250000000,50,true,0.47
"ASM",141609,"/Date(1705043704000)/",10700,100,2331100,25249000000,50,true,0.47
"ASM",141609,"/Date(1705043704000)/",10700,1900,2331000,25248000000,50,true,0.47
"ASM",141556,"/Date(1705043692000)/",10700,100,2329100,25228000000,50,true,0.47
"ASM",141556,"/Date(1705043692000)/",10700,100,2329000,25227000000,50,true,0.47
"ASM",141556,"/Date(1705043692000)/",10700,900,2328900,25226000000,50,true,0.47
"ASM",141546,"/Date(1705043684000)/",10700,17300,2328000,25216000000,50,true,0.47
"ASM",141524,"/Date(1705043661000)/",10700,19800,2310700,25031000000,50,true,0.47
"ASM",141524,"/Date(1705043661000)/",10700,200,2290900,24819000000,50,true,0.47
"ASM",141511,"/Date(1705043646000)/",10700,1000,2290700,24817000000,50,true,0.47
"ASM",141449,"/Date(1705043625000)/",10750,1000,2289700,24806000000,100,false,0.94
"ASM",141449,"/Date(1705043625000)/",10750,1300,2288700,24796000000,100,false,0.94
"ASM",141449,"/Date(1705043625000)/",10750,300,2287400,24782000000,100,false,0.94
"ASM",141426,"/Date(1705043601000)/",10750,200,2287100,24778000000,100,false,0.94
"ASM",141426,"/Date(1705043601000)/",10750,300,2286900,24776000000,100,false,0.94
"ASM",141420,"/Date(1705043595000)/",10750,200,2286600,24773000000,100,false,0.94
"ASM",141420,"/Date(1705043595000)/",10750,300,2286400,24771000000,100,false,0.94
"ASM",141401,"/Date(1705043579000)/",10750,100,2286100,24768000000,100,true,0.94
"ASM",141401,"/Date(1705043579000)/",10750,1000,2286000,24767000000,100,true,0.94
"ASM",141401,"/Date(1705043579000)/",10750,200,2285000,24756000000,100,true,0.94
"ASM",141401,"/Date(1705043579000)/",10750,500,2284800,24754000000,100,true,0.94
"ASM",141401,"/Date(1705043579000)/",10750,200,2284300,24748000000,100,true,0.94
"ASM",141401,"/Date(1705043579000)/",10750,700,2284100,24746000000,100,true,0.94
"ASM",141401,"/Date(1705043576000)/",10750,1200,2283400,24739000000,100,true,0.94
"ASM",141401,"/Date(1705043576000)/",10750,500,2282200,24726000000,100,true,0.94
"ASM",141401,"/Date(1705043576000)/",10750,5000,2281700,24720000000,100,true,0.94
"ASM",141401,"/Date(1705043576000)/",10750,2500,2276700,24667000000,100,true,0.94
"ASM",141401,"/Date(1705043576000)/",10750,800,2274200,24640000000,100,true,0.94
"ASM",141354,"/Date(1705043570000)/",10750,9200,2273400,24631000000,100,true,0.94
"ASM",141354,"/Date(1705043570000)/",10750,100,2264200,24532000000,100,true,0.94
"ASM",141354,"/Date(1705043570000)/",10750,700,2264100,24531000000,100,true,0.94
"ASM",141319,"/Date(1705043534000)/",10800,100,2263400,24524000000,150,false,1.41
"ASM",141316,"/Date(1705043533000)/",10750,1000,2263300,24523000000,100,true,0.94
"ASM",141225,"/Date(1705043480000)/",10800,100,2262300,24512000000,150,false,1.41
"ASM",141202,"/Date(1705043460000)/",10750,1000,2262200,24511000000,100,true,0.94
"ASM",141156,"/Date(1705043453000)/",10750,1000,2261200,24500000000,100,true,0.94
"ASM",141133,"/Date(1705043430000)/",10750,300,2260200,24489000000,100,true,0.94
"ASM",141130,"/Date(1705043425000)/",10750,1000,2259900,24486000000,100,true,0.94
"ASM",141121,"/Date(1705043416000)/",10750,500,2258900,24475000000,100,true,0.94
"ASM",141042,"/Date(1705043380000)/",10800,1000,2258400,24470000000,150,false,1.41
"ASM",141033,"/Date(1705043369000)/",10800,400,2257400,24459000000,150,false,1.41
"ASM",141033,"/Date(1705043369000)/",10800,100,2257000,24455000000,150,false,1.41
"ASM",141023,"/Date(1705043358000)/",10800,200,2256900,24454000000,150,false,1.41
"ASM",141020,"/Date(1705043355000)/",10800,200,2256700,24451000000,150,false,1.41
"ASM",141001,"/Date(1705043338000)/",10750,2000,2256500,24449000000,100,true,0.94
"ASM",140900,"/Date(1705043274000)/",10750,1000,2254500,24428000000,100,true,0.94
"ASM",140900,"/Date(1705043274000)/",10750,500,2253500,24417000000,100,true,0.94
"ASM",140831,"/Date(1705043246000)/",10750,500,2253000,24412000000,100,false,0.94
"ASM",140831,"/Date(1705043246000)/",10750,1000,2252500,24406000000,100,false,0.94
"ASM",140828,"/Date(1705043243000)/",10800,100,2251500,24396000000,150,false,1.41
"ASM",140821,"/Date(1705043237000)/",10750,1000,2251400,24394000000,100,true,0.94
"ASM",140802,"/Date(1705043219000)/",10750,3000,2250400,24384000000,100,true,0.94
"ASM",140759,"/Date(1705043215000)/",10750,500,2247400,24351000000,100,true,0.94
"ASM",140759,"/Date(1705043215000)/",10750,200,2246900,24346000000,100,true,0.94
"ASM",140759,"/Date(1705043215000)/",10750,5000,2246700,24344000000,100,true,0.94
"ASM",140759,"/Date(1705043215000)/",10750,100,2241700,24290000000,100,true,0.94
"ASM",140759,"/Date(1705043215000)/",10750,24200,2241600,24289000000,100,true,0.94
"ASM",140752,"/Date(1705043208000)/",10750,20000,2217400,24029000000,100,true,0.94
"ASM",140707,"/Date(1705043162000)/",10800,100,2197400,23814000000,150,false,1.41
"ASM",140655,"/Date(1705043150000)/",10800,400,2197300,23813000000,150,false,1.41
"ASM",140655,"/Date(1705043150000)/",10800,500,2196900,23809000000,150,false,1.41
"ASM",140655,"/Date(1705043150000)/",10800,100,2196400,23803000000,150,false,1.41
"ASM",140652,"/Date(1705043147000)/",10800,100,2196300,23802000000,150,false,1.41
"ASM",140639,"/Date(1705043134000)/",10800,200,2196200,23801000000,150,false,1.41
"ASM",140636,"/Date(1705043131000)/",10800,500,2196000,23799000000,150,false,1.41
"ASM",140525,"/Date(1705043060000)/",10800,100,2195500,23793000000,150,false,1.41
"ASM",140525,"/Date(1705043060000)/",10800,1800,2195400,23792000000,150,false,1.41
"ASM",140409,"/Date(1705042986000)/",10800,100,2193600,23773000000,150,true,1.41
"ASM",140409,"/Date(1705042986000)/",10800,100,2193500,23772000000,150,true,1.41
"ASM",140220,"/Date(1705042877000)/",10800,3700,2193400,23771000000,150,false,1.41
"ASM",140220,"/Date(1705042877000)/",10800,200,2189700,23731000000,150,false,1.41
"ASM",140213,"/Date(1705042869000)/",10800,100,2189500,23729000000,150,false,1.41
"ASM",140210,"/Date(1705042866000)/",10800,300,2189400,23728000000,150,false,1.41
"ASM",140210,"/Date(1705042866000)/",10800,1500,2189100,23724000000,150,false,1.41
"ASM",140210,"/Date(1705042866000)/",10800,200,2187600,23708000000,150,false,1.41
"ASM",140207,"/Date(1705042864000)/",10800,100,2187400,23706000000,150,false,1.41
"ASM",140148,"/Date(1705042843000)/",10750,5800,2187300,23705000000,100,true,0.94
"ASM",140148,"/Date(1705042843000)/",10750,100,2181500,23643000000,100,true,0.94
"ASM",140148,"/Date(1705042843000)/",10750,100,2181400,23641000000,100,true,0.94
"ASM",140148,"/Date(1705042843000)/",10750,1000,2181300,23640000000,100,true,0.94
"ASM",140148,"/Date(1705042843000)/",10750,200,2180300,23630000000,100,true,0.94
"ASM",140148,"/Date(1705042843000)/",10750,200,2180100,23628000000,100,true,0.94
"ASM",140148,"/Date(1705042843000)/",10750,500,2179900,23625000000,100,true,0.94
"ASM",140148,"/Date(1705042843000)/",10750,5000,2179400,23620000000,100,true,0.94
"ASM",140148,"/Date(1705042843000)/",10750,100,2174400,23566000000,100,true,0.94
"ASM",140148,"/Date(1705042843000)/",10750,800,2174300,23565000000,100,true,0.94
"ASM",140148,"/Date(1705042843000)/",10750,500,2173500,23557000000,100,true,0.94
"ASM",140148,"/Date(1705042843000)/",10750,20000,2173000,23551000000,100,true,0.94
"ASM",140148,"/Date(1705042843000)/",10750,5000,2153000,23336000000,100,true,0.94
"ASM",140148,"/Date(1705042843000)/",10750,10000,2148000,23282000000,100,true,0.94
"ASM",140148,"/Date(1705042843000)/",10750,1000,2138000,23175000000,100,true,0.94
"ASM",140148,"/Date(1705042843000)/",10750,10000,2137000,23164000000,100,true,0.94
"ASM",140148,"/Date(1705042843000)/",10750,5000,2127000,23057000000,100,true,0.94
"ASM",140148,"/Date(1705042843000)/",10750,14700,2122000,23003000000,100,true,0.94
"ASM",140119,"/Date(1705042815000)/",10800,2300,2107300,22845000000,150,true,1.41
"ASM",140119,"/Date(1705042815000)/",10800,1900,2105000,22820000000,150,true,1.41
"ASM",140113,"/Date(1705042808000)/",10800,1100,2103100,22800000000,150,true,1.41
"ASM",140113,"/Date(1705042808000)/",10800,2600,2102000,22788000000,150,true,1.41
"ASM",140041,"/Date(1705042778000)/",10850,100,2099400,22760000000,200,false,1.88
"ASM",140028,"/Date(1705042763000)/",10800,200,2099300,22759000000,150,true,1.41
"ASM",140009,"/Date(1705042745000)/",10800,200,2099100,22756000000,150,true,1.41
"ASM",140009,"/Date(1705042745000)/",10800,100,2098900,22754000000,150,true,1.41
"ASM",135839,"/Date(1705042655000)/",10850,100,2098800,22753000000,200,false,1.88
"ASM",135830,"/Date(1705042644000)/",10800,700,2098700,22752000000,150,true,1.41
"ASM",135830,"/Date(1705042644000)/",10800,3300,2098000,22744000000,150,true,1.41
"ASM",135807,"/Date(1705042623000)/",10800,1000,2094700,22709000000,150,true,1.41
"ASM",135738,"/Date(1705042593000)/",10800,700,2093700,22698000000,150,true,1.41
"ASM",135738,"/Date(1705042593000)/",10800,100,2093000,22690000000,150,true,1.41
"ASM",135738,"/Date(1705042593000)/",10800,100,2092900,22689000000,150,true,1.41
"ASM",135738,"/Date(1705042593000)/",10800,100,2092800,22688000000,150,true,1.41
"ASM",135540,"/Date(1705042475000)/",10850,400,2092700,22687000000,200,false,1.88
"ASM",135540,"/Date(1705042475000)/",10800,600,2092300,22683000000,150,false,1.41
"ASM",135530,"/Date(1705042467000)/",10800,100,2091700,22676000000,150,false,1.41
"ASM",135527,"/Date(1705042464000)/",10800,3000,2091600,22675000000,150,false,1.41
"ASM",135517,"/Date(1705042455000)/",10800,3000,2088600,22643000000,150,false,1.41
"ASM",135514,"/Date(1705042451000)/",10800,2000,2085600,22611000000,150,false,1.41
"ASM",135452,"/Date(1705042427000)/",10800,300,2083600,22589000000,150,true,1.41
"ASM",135452,"/Date(1705042427000)/",10800,600,2083300,22586000000,150,true,1.41
"ASM",135452,"/Date(1705042427000)/",10800,300,2082700,22579000000,150,true,1.41
"ASM",135452,"/Date(1705042427000)/",10800,4100,2082400,22576000000,150,true,1.41
"ASM",135439,"/Date(1705042415000)/",10800,400,2078300,22532000000,150,true,1.41
"ASM",135439,"/Date(1705042415000)/",10800,19600,2077900,22527000000,150,true,1.41
"ASM",135433,"/Date(1705042408000)/",10800,200,2058300,22316000000,150,true,1.41
"ASM",135407,"/Date(1705042383000)/",10800,100,2058100,22314000000,150,true,1.41
"ASM",135407,"/Date(1705042382000)/",10850,2000,2058000,22312000000,200,false,1.88
"ASM",135351,"/Date(1705042367000)/",10850,100,2056000,22291000000,200,false,1.88
"ASM",135348,"/Date(1705042365000)/",10850,100,2055900,22290000000,200,false,1.88
"ASM",135140,"/Date(1705042237000)/",10850,600,2055800,22289000000,200,false,1.88
"ASM",135133,"/Date(1705042229000)/",10800,1000,2055200,22282000000,150,true,1.41
"ASM",135101,"/Date(1705042197000)/",10800,1000,2054200,22271000000,150,true,1.41
"ASM",135020,"/Date(1705042157000)/",10800,500,2053200,22260000000,150,true,1.41
"ASM",135020,"/Date(1705042157000)/",10800,2000,2052700,22255000000,150,true,1.41
"ASM",135010,"/Date(1705042147000)/",10850,100,2050700,22233000000,200,false,1.88
"ASM",135001,"/Date(1705042136000)/",10800,200,2050600,22232000000,150,false,1.41
"ASM",135001,"/Date(1705042136000)/",10800,1400,2050400,22230000000,150,false,1.41
"ASM",135001,"/Date(1705042136000)/",10800,3000,2049000,22215000000,150,false,1.41
"ASM",134954,"/Date(1705042130000)/",10800,1000,2046000,22183000000,150,false,1.41
"ASM",134941,"/Date(1705042117000)/",10800,1500,2045000,22172000000,150,false,1.41
"ASM",134938,"/Date(1705042115000)/",10800,1500,2043500,22156000000,150,false,1.41
"ASM",134932,"/Date(1705042107000)/",10800,1000,2042000,22139000000,150,true,1.41
"ASM",134932,"/Date(1705042107000)/",10800,2000,2041000,22129000000,150,true,1.41
"ASM",134844,"/Date(1705042058000)/",10850,900,2039000,22107000000,200,false,1.88
"ASM",134844,"/Date(1705042058000)/",10850,100,2038100,22097000000,200,false,1.88
"ASM",134844,"/Date(1705042058000)/",10800,1000,2038000,22096000000,150,false,1.41
"ASM",134841,"/Date(1705042055000)/",10800,2000,2037000,22085000000,150,false,1.41
"ASM",134831,"/Date(1705042048000)/",10750,3200,2035000,22064000000,100,true,0.94
"ASM",134831,"/Date(1705042047000)/",10800,1000,2031800,22029000000,150,true,1.41
"ASM",134824,"/Date(1705042040000)/",10750,600,2030800,22019000000,100,true,0.94
"ASM",134824,"/Date(1705042040000)/",10750,400,2030200,22012000000,100,true,0.94
"ASM",134724,"/Date(1705041979000)/",10750,1600,2029800,22008000000,100,true,0.94
"ASM",134714,"/Date(1705041969000)/",10800,1500,2028200,21991000000,150,false,1.41
"ASM",134701,"/Date(1705041958000)/",10800,400,2026700,21974000000,150,false,1.41
"ASM",134701,"/Date(1705041958000)/",10800,100,2026300,21970000000,150,false,1.41
"ASM",134701,"/Date(1705041958000)/",10800,5000,2026200,21969000000,150,false,1.41
"ASM",134701,"/Date(1705041958000)/",10800,2000,2021200,21915000000,150,false,1.41
"ASM",134701,"/Date(1705041958000)/",10800,5000,2019200,21893000000,150,false,1.41
"ASM",134701,"/Date(1705041958000)/",10800,2800,2014200,21839000000,150,false,1.41
"ASM",134652,"/Date(1705041948000)/",10800,2200,2011400,21809000000,150,true,1.41
"ASM",134652,"/Date(1705041948000)/",10800,400,2009200,21785000000,150,true,1.41
"ASM",134652,"/Date(1705041948000)/",10800,200,2008800,21781000000,150,true,1.41
"ASM",134652,"/Date(1705041948000)/",10800,50000,2008600,21779000000,150,true,1.41
"ASM",134652,"/Date(1705041948000)/",10800,1500,1958600,21239000000,150,true,1.41
"ASM",134652,"/Date(1705041948000)/",10800,7000,1957100,21223000000,150,true,1.41
"ASM",134652,"/Date(1705041948000)/",10800,2000,1950100,21147000000,150,true,1.41
"ASM",134652,"/Date(1705041948000)/",10800,7000,1948100,21126000000,150,true,1.41
"ASM",134652,"/Date(1705041948000)/",10800,300,1941100,21050000000,150,true,1.41
"ASM",134652,"/Date(1705041948000)/",10800,200,1940800,21047000000,150,true,1.41
"ASM",134652,"/Date(1705041948000)/",10800,500,1940600,21045000000,150,true,1.41
"ASM",134652,"/Date(1705041948000)/",10800,10000,1940100,21039000000,150,true,1.41
"ASM",134652,"/Date(1705041948000)/",10800,200,1930100,20931000000,150,true,1.41
"ASM",134652,"/Date(1705041948000)/",10800,3000,1929900,20929000000,150,true,1.41
"ASM",134652,"/Date(1705041948000)/",10800,200,1926900,20897000000,150,true,1.41
"ASM",134652,"/Date(1705041948000)/",10800,500,1926700,20894000000,150,true,1.41
"ASM",134652,"/Date(1705041948000)/",10800,1900,1926200,20889000000,150,true,1.41
"ASM",134652,"/Date(1705041948000)/",10800,100,1924300,20869000000,150,true,1.41
"ASM",134652,"/Date(1705041948000)/",10800,10000,1924200,20867000000,150,true,1.41
"ASM",134652,"/Date(1705041948000)/",10800,2800,1914200,20759000000,150,true,1.41
"ASM",134613,"/Date(1705041909000)/",10800,1000,1911400,20729000000,150,true,1.41
"ASM",134607,"/Date(1705041903000)/",10850,100,1910400,20718000000,200,false,1.88
"ASM",134604,"/Date(1705041900000)/",10800,1200,1910300,20717000000,150,true,1.41
"ASM",134604,"/Date(1705041900000)/",10800,2000,1909100,20704000000,150,true,1.41
"ASM",134604,"/Date(1705041900000)/",10800,1800,1907100,20683000000,150,true,1.41
"ASM",134604,"/Date(1705041900000)/",10800,200,1905300,20663000000,150,true,1.41
"ASM",134604,"/Date(1705041900000)/",10800,400,1905100,20661000000,150,true,1.41
"ASM",134506,"/Date(1705041843000)/",10850,800,1904700,20657000000,200,false,1.88
"ASM",134444,"/Date(1705041820000)/",10850,100,1903900,20648000000,200,false,1.88
"ASM",134444,"/Date(1705041820000)/",10850,500,1903800,20647000000,200,false,1.88
"ASM",134444,"/Date(1705041820000)/",10850,1000,1903300,20642000000,200,false,1.88
"ASM",134444,"/Date(1705041820000)/",10850,200,1902300,20631000000,200,false,1.88
"ASM",134444,"/Date(1705041820000)/",10850,100,1902100,20629000000,200,false,1.88
"ASM",134444,"/Date(1705041820000)/",10850,1000,1902000,20628000000,200,false,1.88
"ASM",134444,"/Date(1705041820000)/",10850,10300,1901000,20617000000,200,false,1.88
"ASM",134437,"/Date(1705041815000)/",10800,200,1890700,20505000000,150,true,1.41
"ASM",134431,"/Date(1705041807000)/",10850,1000,1890500,20503000000,200,false,1.88
"ASM",134418,"/Date(1705041795000)/",10850,5000,1889500,20492000000,200,false,1.88
"ASM",134349,"/Date(1705041766000)/",10850,1000,1884500,20438000000,200,false,1.88
"ASM",134317,"/Date(1705041735000)/",10850,900,1883500,20427000000,200,false,1.88
"ASM",134317,"/Date(1705041735000)/",10850,4000,1882600,20417000000,200,false,1.88
"ASM",134317,"/Date(1705041735000)/",10850,100,1878600,20374000000,200,false,1.88
"ASM",133943,"/Date(1705041520000)/",10800,1000,1878500,20373000000,150,true,1.41
"ASM",133811,"/Date(1705041426000)/",10850,100,1877500,20362000000,200,true,1.88
"ASM",133811,"/Date(1705041426000)/",10850,200,1877400,20361000000,200,true,1.88
"ASM",133755,"/Date(1705041412000)/",10850,1000,1877200,20359000000,200,true,1.88
"ASM",133751,"/Date(1705041407000)/",10900,100,1876200,20348000000,250,false,2.35
"ASM",133729,"/Date(1705041383000)/",10850,100,1876100,20347000000,200,true,1.88
"ASM",133710,"/Date(1705041367000)/",10850,700,1876000,20346000000,200,true,1.88
"ASM",133710,"/Date(1705041367000)/",10850,300,1875300,20338000000,200,true,1.88
"ASM",133609,"/Date(1705041306000)/",10850,100,1875000,20335000000,200,true,1.88
"ASM",133609,"/Date(1705041306000)/",10850,100,1874900,20334000000,200,true,1.88
"ASM",133531,"/Date(1705041267000)/",10850,100,1874800,20333000000,200,true,1.88
"ASM",133446,"/Date(1705041222000)/",10850,100,1874700,20331000000,200,true,1.88
"ASM",133332,"/Date(1705041147000)/",10850,700,1874600,20330000000,200,true,1.88
"ASM",133332,"/Date(1705041147000)/",10850,300,1873900,20323000000,200,true,1.88
"ASM",133323,"/Date(1705041138000)/",10850,200,1873600,20320000000,200,true,1.88
"ASM",133323,"/Date(1705041138000)/",10850,200,1873400,20317000000,200,true,1.88
"ASM",133254,"/Date(1705041111000)/",10900,100,1873200,20315000000,250,false,2.35
"ASM",133212,"/Date(1705041070000)/",10900,100,1873100,20314000000,250,false,2.35
"ASM",133140,"/Date(1705041035000)/",10850,500,1873000,20313000000,200,true,1.88
"ASM",133102,"/Date(1705040997000)/",10850,300,1872500,20308000000,200,true,1.88
"ASM",133058,"/Date(1705040993000)/",10850,200,1872200,20304000000,200,false,1.88
"ASM",133058,"/Date(1705040993000)/",10850,800,1872000,20302000000,200,false,1.88
"ASM",133052,"/Date(1705040987000)/",10850,200,1871200,20293000000,200,true,1.88
"ASM",133033,"/Date(1705040967000)/",10850,300,1871000,20291000000,200,false,1.88
"ASM",133033,"/Date(1705040967000)/",10850,100,1870700,20288000000,200,false,1.88
"ASM",133033,"/Date(1705040967000)/",10850,4400,1870600,20287000000,200,false,1.88
"ASM",132938,"/Date(1705040915000)/",10850,100,1866200,20239000000,200,false,1.88
"ASM",132903,"/Date(1705040878000)/",10850,500,1866100,20238000000,200,false,1.88
"ASM",132824,"/Date(1705040841000)/",10850,1000,1865600,20233000000,200,false,1.88
"ASM",132821,"/Date(1705040836000)/",10850,1000,1864600,20222000000,200,false,1.88
"ASM",132808,"/Date(1705040826000)/",10850,900,1863600,20211000000,200,false,1.88
"ASM",132805,"/Date(1705040822000)/",10850,100,1862700,20201000000,200,false,1.88
"ASM",132756,"/Date(1705040812000)/",10850,1000,1862600,20200000000,200,false,1.88
"ASM",132746,"/Date(1705040803000)/",10850,300,1861600,20189000000,200,false,1.88
"ASM",132736,"/Date(1705040794000)/",10850,2000,1861300,20186000000,200,false,1.88
"ASM",132714,"/Date(1705040770000)/",10850,1000,1859300,20164000000,200,false,1.88
"ASM",132658,"/Date(1705040755000)/",10850,2000,1858300,20153000000,200,false,1.88
"ASM",132623,"/Date(1705040720000)/",10850,500,1856300,20132000000,200,true,1.88
"ASM",132623,"/Date(1705040720000)/",10850,300,1855800,20126000000,200,true,1.88
"ASM",132623,"/Date(1705040720000)/",10850,100,1855500,20123000000,200,true,1.88
"ASM",132623,"/Date(1705040720000)/",10850,700,1855400,20122000000,200,true,1.88
"ASM",132623,"/Date(1705040720000)/",10850,600,1854700,20114000000,200,true,1.88
"ASM",132551,"/Date(1705040686000)/",10850,500,1854100,20108000000,200,true,1.88
"ASM",132528,"/Date(1705040663000)/",10850,100,1853600,20103000000,200,true,1.88
"ASM",132528,"/Date(1705040663000)/",10850,100,1853500,20101000000,200,true,1.88
"ASM",132453,"/Date(1705040629000)/",10850,100,1853400,20100000000,200,true,1.88
"ASM",132453,"/Date(1705040629000)/",10850,500,1853300,20099000000,200,true,1.88
"ASM",132453,"/Date(1705040629000)/",10850,400,1852800,20094000000,200,true,1.88
"ASM",132444,"/Date(1705040621000)/",10900,100,1852400,20089000000,250,false,2.35
"ASM",132226,"/Date(1705040483000)/",10850,2000,1852300,20088000000,200,true,1.88
"ASM",132207,"/Date(1705040464000)/",10850,1100,1850300,20067000000,200,true,1.88
"ASM",132207,"/Date(1705040464000)/",10850,900,1849200,20055000000,200,true,1.88
"ASM",132113,"/Date(1705040410000)/",10850,400,1848300,20045000000,200,true,1.88
"ASM",131616,"/Date(1705040111000)/",10850,400,1847900,20041000000,200,true,1.88
"ASM",131550,"/Date(1705040087000)/",10850,300,1847500,20036000000,200,true,1.88
"ASM",131550,"/Date(1705040087000)/",10850,300,1847200,20033000000,200,true,1.88
"ASM",131515,"/Date(1705040050000)/",10850,300,1846900,20030000000,200,true,1.88
"ASM",131515,"/Date(1705040050000)/",10850,700,1846600,20027000000,200,true,1.88
"ASM",131509,"/Date(1705040044000)/",10850,200,1845900,20019000000,200,true,1.88
"ASM",131434,"/Date(1705040009000)/",10850,100,1845700,20017000000,200,true,1.88
"ASM",131424,"/Date(1705040000000)/",10850,800,1845600,20016000000,200,true,1.88
"ASM",131424,"/Date(1705040000000)/",10850,500,1844800,20007000000,200,true,1.88
"ASM",131424,"/Date(1705040000000)/",10850,700,1844300,20002000000,200,true,1.88
"ASM",131358,"/Date(1705039975000)/",10900,400,1843600,19994000000,250,false,2.35
"ASM",131358,"/Date(1705039973000)/",10900,400,1843200,19990000000,250,false,2.35
"ASM",131355,"/Date(1705039971000)/",10900,400,1842800,19985000000,250,false,2.35
"ASM",131355,"/Date(1705039970000)/",10900,400,1842400,19981000000,250,false,2.35
"ASM",131352,"/Date(1705039969000)/",10900,400,1842000,19977000000,250,false,2.35
"ASM",131342,"/Date(1705039959000)/",10850,3000,1841600,19972000000,200,true,1.88
"ASM",131326,"/Date(1705039943000)/",10850,100,1838600,19940000000,200,true,1.88
"ASM",131314,"/Date(1705039931000)/",10850,500,1838500,19939000000,200,true,1.88
"ASM",131314,"/Date(1705039931000)/",10850,500,1838000,19933000000,200,true,1.88
"ASM",131314,"/Date(1705039931000)/",10850,200,1837500,19928000000,200,true,1.88
"ASM",131232,"/Date(1705039889000)/",10850,8900,1837300,19926000000,200,false,1.88
"ASM",131222,"/Date(1705039877000)/",10850,500,1828400,19829000000,200,false,1.88
"ASM",131206,"/Date(1705039862000)/",10850,1000,1827900,19824000000,200,false,1.88
"ASM",131103,"/Date(1705039800000)/",10850,300,1826900,19813000000,200,false,1.88
"ASM",131047,"/Date(1705039783000)/",10850,1500,1826600,19809000000,200,false,1.88
"ASM",131047,"/Date(1705039782000)/",10800,100,1825100,19793000000,150,true,1.41
"ASM",131037,"/Date(1705039773000)/",10800,100,1825000,19792000000,150,true,1.41
"ASM",130930,"/Date(1705039706000)/",10850,100,1824900,19791000000,200,false,1.88
"ASM",130914,"/Date(1705039692000)/",10800,200,1824800,19790000000,150,true,1.41
"ASM",130914,"/Date(1705039692000)/",10800,300,1824600,19788000000,150,true,1.41
"ASM",130911,"/Date(1705039686000)/",10800,500,1824300,19785000000,150,true,1.41
"ASM",130836,"/Date(1705039652000)/",10800,100,1823800,19779000000,150,true,1.41
"ASM",130836,"/Date(1705039652000)/",10800,100,1823700,19778000000,150,true,1.41
"ASM",130836,"/Date(1705039652000)/",10800,500,1823600,19777000000,150,true,1.41
"ASM",130836,"/Date(1705039652000)/",10800,100,1823100,19772000000,150,true,1.41
"ASM",130836,"/Date(1705039652000)/",10800,200,1823000,19770000000,150,true,1.41
"ASM",130813,"/Date(1705039628000)/",10800,300,1822800,19768000000,150,true,1.41
"ASM",130813,"/Date(1705039628000)/",10800,200,1822500,19765000000,150,true,1.41
"ASM",130807,"/Date(1705039623000)/",10800,300,1822300,19763000000,150,true,1.41
"ASM",130807,"/Date(1705039623000)/",10800,2700,1822000,19760000000,150,true,1.41
"ASM",130728,"/Date(1705039584000)/",10850,100,1819300,19731000000,200,false,1.88
"ASM",130650,"/Date(1705039547000)/",10850,100,1819200,19729000000,200,false,1.88
"ASM",130618,"/Date(1705039513000)/",10850,200,1819100,19728000000,200,false,1.88
"ASM",130404,"/Date(1705039381000)/",10850,400,1818900,19726000000,200,false,1.88
"ASM",130358,"/Date(1705039375000)/",10850,100,1818500,19722000000,200,false,1.88
"ASM",130342,"/Date(1705039359000)/",10850,6600,1818400,19721000000,200,false,1.88
"ASM",130342,"/Date(1705039359000)/",10850,200,1811800,19649000000,200,false,1.88
"ASM",130300,"/Date(1705039318000)/",10850,100,1811600,19647000000,200,false,1.88
"ASM",130215,"/Date(1705039272000)/",10850,500,1811500,19646000000,200,false,1.88
"ASM",130156,"/Date(1705039253000)/",10850,200,1811000,19640000000,200,false,1.88
"ASM",130137,"/Date(1705039219000)/",10800,5000,1810800,19638000000,150,true,1.41
"ASM",130137,"/Date(1705039219000)/",10850,100,1805800,19584000000,200,true,1.88
"ASM",130137,"/Date(1705039216000)/",10900,100,1805700,19583000000,250,false,2.35
"ASM",130124,"/Date(1705039202000)/",10850,100,1805600,19582000000,200,true,1.88
"ASM",112615,"/Date(1705033584000)/",10900,700,1805500,19581000000,250,false,2.35
"ASM",112602,"/Date(1705033571000)/",10900,100,1804800,19573000000,250,false,2.35
"ASM",112602,"/Date(1705033571000)/",10850,400,1804700,19572000000,200,false,1.88
"ASM",112555,"/Date(1705033564000)/",10850,100,1804300,19568000000,200,false,1.88
"ASM",112444,"/Date(1705033497000)/",10800,500,1804200,19567000000,150,true,1.41
"ASM",112322,"/Date(1705033418000)/",10800,1800,1803700,19561000000,150,true,1.41
"ASM",112322,"/Date(1705033418000)/",10800,500,1801900,19542000000,150,true,1.41
"ASM",112322,"/Date(1705033418000)/",10800,1000,1801400,19537000000,150,true,1.41
"ASM",112322,"/Date(1705033418000)/",10800,1000,1800400,19526000000,150,true,1.41
"ASM",112322,"/Date(1705033418000)/",10800,100,1799400,19515000000,150,true,1.41
"ASM",112322,"/Date(1705033418000)/",10800,200,1799300,19514000000,150,true,1.41
"ASM",112322,"/Date(1705033418000)/",10800,100,1799100,19512000000,150,true,1.41
"ASM",112322,"/Date(1705033418000)/",10800,200,1799000,19511000000,150,true,1.41
"ASM",112322,"/Date(1705033418000)/",10800,20000,1798800,19509000000,150,true,1.41
"ASM",112322,"/Date(1705033418000)/",10800,500,1778800,19293000000,150,true,1.41
"ASM",112322,"/Date(1705033418000)/",10800,2000,1778300,19287000000,150,true,1.41
"ASM",112322,"/Date(1705033418000)/",10800,10000,1776300,19266000000,150,true,1.41
"ASM",112322,"/Date(1705033418000)/",10800,1000,1766300,19158000000,150,true,1.41
"ASM",112322,"/Date(1705033418000)/",10850,100,1765300,19147000000,200,false,1.88
"ASM",112322,"/Date(1705033418000)/",10850,200,1765200,19146000000,200,false,1.88
"ASM",112322,"/Date(1705033418000)/",10850,1300,1765000,19144000000,200,false,1.88
"ASM",112309,"/Date(1705033405000)/",10850,100,1763700,19129000000,200,true,1.88
"ASM",112153,"/Date(1705033326000)/",10850,500,1763600,19128000000,200,true,1.88
"ASM",111932,"/Date(1705033187000)/",10850,100,1763100,19123000000,200,true,1.88
"ASM",111932,"/Date(1705033187000)/",10850,100,1763000,19122000000,200,true,1.88
"ASM",111841,"/Date(1705033135000)/",10850,100,1762900,19121000000,200,true,1.88
"ASM",111841,"/Date(1705033135000)/",10850,5000,1762800,19120000000,200,true,1.88
"ASM",111841,"/Date(1705033135000)/",10850,2200,1757800,19065000000,200,true,1.88
"ASM",111841,"/Date(1705033135000)/",10850,2000,1755600,19042000000,200,true,1.88
"ASM",111841,"/Date(1705033135000)/",10850,400,1753600,19020000000,200,true,1.88
"ASM",111841,"/Date(1705033135000)/",10850,300,1753200,19015000000,200,true,1.88
"ASM",111731,"/Date(1705033066000)/",10850,400,1752900,19012000000,200,true,1.88
"ASM",111731,"/Date(1705033066000)/",10850,100,1752500,19008000000,200,true,1.88
"ASM",111731,"/Date(1705033066000)/",10850,500,1752400,19007000000,200,true,1.88
"ASM",111520,"/Date(1705032934000)/",10850,100,1751900,19001000000,200,true,1.88
"ASM",111514,"/Date(1705032928000)/",10850,900,1751800,19000000000,200,true,1.88
"ASM",111514,"/Date(1705032928000)/",10850,1200,1750900,18991000000,200,true,1.88
"ASM",111455,"/Date(1705032908000)/",10850,300,1749700,18978000000,200,true,1.88
"ASM",111455,"/Date(1705032908000)/",10850,200,1749400,18974000000,200,true,1.88
"ASM",111455,"/Date(1705032908000)/",10850,1000,1749200,18972000000,200,true,1.88
"ASM",111455,"/Date(1705032908000)/",10850,200,1748200,18961000000,200,true,1.88
"ASM",111455,"/Date(1705032908000)/",10850,600,1748000,18959000000,200,true,1.88
"ASM",111417,"/Date(1705032869000)/",10850,100,1747400,18953000000,200,true,1.88
"ASM",111351,"/Date(1705032844000)/",10900,100,1747300,18951000000,250,false,2.35
"ASM",111339,"/Date(1705032832000)/",10850,300,1747200,18950000000,200,false,1.88
"ASM",111329,"/Date(1705032823000)/",10850,100,1746900,18947000000,200,false,1.88
"ASM",111307,"/Date(1705032802000)/",10850,300,1746800,18946000000,200,false,1.88
"ASM",111251,"/Date(1705032786000)/",10850,2800,1746500,18943000000,200,true,1.88
"ASM",111251,"/Date(1705032783000)/",10850,100,1743700,18912000000,200,true,1.88
"ASM",111251,"/Date(1705032783000)/",10850,1000,1743600,18911000000,200,true,1.88
"ASM",111251,"/Date(1705032783000)/",10850,100,1742600,18900000000,200,true,1.88
"ASM",111251,"/Date(1705032783000)/",10850,2000,1742500,18899000000,200,true,1.88
"ASM",111251,"/Date(1705032783000)/",10850,100,1740500,18878000000,200,true,1.88
"ASM",111251,"/Date(1705032783000)/",10850,1000,1740400,18877000000,200,true,1.88
"ASM",111251,"/Date(1705032783000)/",10850,100,1739400,18866000000,200,true,1.88
"ASM",111251,"/Date(1705032783000)/",10850,200,1739300,18865000000,200,true,1.88
"ASM",111251,"/Date(1705032783000)/",10850,500,1739100,18863000000,200,true,1.88
"ASM",111251,"/Date(1705032783000)/",10850,500,1738600,18857000000,200,true,1.88
"ASM",111251,"/Date(1705032783000)/",10850,100,1738100,18852000000,200,true,1.88
"ASM",111251,"/Date(1705032783000)/",10850,300,1738000,18851000000,200,true,1.88
"ASM",111251,"/Date(1705032783000)/",10850,100,1737700,18847000000,200,true,1.88
"ASM",111251,"/Date(1705032783000)/",10850,2500,1737600,18846000000,200,true,1.88
"ASM",111251,"/Date(1705032783000)/",10850,100,1735100,18819000000,200,true,1.88
"ASM",111251,"/Date(1705032783000)/",10850,800,1735000,18818000000,200,true,1.88
"ASM",111251,"/Date(1705032783000)/",10850,2000,1734200,18809000000,200,true,1.88
"ASM",111251,"/Date(1705032783000)/",10850,5000,1732200,18788000000,200,true,1.88
"ASM",111251,"/Date(1705032783000)/",10850,500,1727200,18733000000,200,true,1.88
"ASM",111251,"/Date(1705032783000)/",10850,200,1726700,18728000000,200,true,1.88
"ASM",111251,"/Date(1705032783000)/",10850,9300,1726500,18726000000,200,true,1.88
"ASM",111210,"/Date(1705032743000)/",10850,700,1717200,18625000000,200,true,1.88
"ASM",111210,"/Date(1705032743000)/",10850,1300,1716500,18617000000,200,true,1.88
"ASM",111135,"/Date(1705032706000)/",10850,1000,1715200,18603000000,200,true,1.88
"ASM",111028,"/Date(1705032641000)/",10850,700,1714200,18592000000,200,true,1.88
"ASM",111028,"/Date(1705032641000)/",10850,500,1713500,18585000000,200,true,1.88
"ASM",111028,"/Date(1705032641000)/",10850,1300,1713000,18579000000,200,true,1.88
"ASM",111028,"/Date(1705032641000)/",10850,3000,1711700,18565000000,200,true,1.88
"ASM",111028,"/Date(1705032641000)/",10850,500,1708700,18533000000,200,true,1.88
"ASM",111028,"/Date(1705032641000)/",10850,500,1708200,18527000000,200,true,1.88
"ASM",110938,"/Date(1705032591000)/",10900,1200,1707700,18522000000,250,false,2.35
"ASM",110839,"/Date(1705032528000)/",10900,1200,1706500,18509000000,250,false,2.35
"ASM",110619,"/Date(1705032377000)/",10900,10000,1705300,18496000000,250,false,2.35
"ASM",110353,"/Date(1705032232000)/",10900,600,1695300,18387000000,250,false,2.35
"ASM",110335,"/Date(1705032212000)/",10900,3100,1694700,18380000000,250,false,2.35
"ASM",110236,"/Date(1705032151000)/",10900,100,1691600,18346000000,250,true,2.35
"ASM",110203,"/Date(1705032117000)/",10900,900,1691500,18345000000,250,true,2.35
"ASM",110203,"/Date(1705032117000)/",10900,300,1690600,18335000000,250,true,2.35
"ASM",110203,"/Date(1705032117000)/",10900,1000,1690300,18332000000,250,true,2.35
"ASM",110203,"/Date(1705032117000)/",10900,2800,1689300,18321000000,250,true,2.35
"ASM",110134,"/Date(1705032085000)/",10900,1000,1686500,18291000000,250,true,2.35
"ASM",110000,"/Date(1705031989000)/",10900,4200,1685500,18280000000,250,true,2.35
"ASM",110000,"/Date(1705031989000)/",10900,2200,1681300,18234000000,250,true,2.35
"ASM",110000,"/Date(1705031989000)/",10900,4900,1679100,18210000000,250,true,2.35
"ASM",110000,"/Date(1705031989000)/",10900,3100,1674200,18157000000,250,true,2.35
"ASM",110000,"/Date(1705031989000)/",10900,10000,1671100,18123000000,250,true,2.35
"ASM",110000,"/Date(1705031989000)/",10900,9200,1661100,18014000000,250,true,2.35
"ASM",110000,"/Date(1705031989000)/",10900,200,1651900,17914000000,250,true,2.35
"ASM",110000,"/Date(1705031989000)/",10900,100,1651700,17911000000,250,true,2.35
"ASM",110000,"/Date(1705031989000)/",10900,500,1651600,17910000000,250,true,2.35
"ASM",110000,"/Date(1705031989000)/",10900,100,1651100,17905000000,250,true,2.35
"ASM",110000,"/Date(1705031989000)/",10900,10000,1651000,17904000000,250,true,2.35
"ASM",110000,"/Date(1705031989000)/",10900,300,1641000,17795000000,250,true,2.35
"ASM",110000,"/Date(1705031989000)/",10900,1000,1640700,17792000000,250,true,2.35
"ASM",110000,"/Date(1705031989000)/",10900,100,1639700,17781000000,250,true,2.35
"ASM",110000,"/Date(1705031989000)/",10900,9100,1639600,17780000000,250,true,2.35
"ASM",105830,"/Date(1705031898000)/",10950,9000,1630500,17680000000,300,false,2.82
"ASM",105830,"/Date(1705031898000)/",10950,1000,1621500,17582000000,300,false,2.82
"ASM",105808,"/Date(1705031877000)/",10950,200,1620500,17571000000,300,false,2.82
"ASM",105808,"/Date(1705031877000)/",10950,800,1620300,17569000000,300,false,2.82
"ASM",105620,"/Date(1705031767000)/",10950,4200,1619500,17560000000,300,false,2.82
"ASM",105620,"/Date(1705031767000)/",10950,500,1615300,17514000000,300,false,2.82
"ASM",105620,"/Date(1705031767000)/",10950,5000,1614800,17508000000,300,false,2.82
"ASM",105620,"/Date(1705031767000)/",10950,300,1609800,17454000000,300,false,2.82
"ASM",105529,"/Date(1705031717000)/",10950,100,1609500,17450000000,300,false,2.82
"ASM",105500,"/Date(1705031688000)/",10900,200,1609400,17449000000,250,true,2.35
"ASM",105246,"/Date(1705031555000)/",10950,100,1609200,17447000000,300,false,2.82
"ASM",105220,"/Date(1705031530000)/",10900,200,1609100,17446000000,250,true,2.35
"ASM",105107,"/Date(1705031455000)/",10950,500,1608900,17444000000,300,false,2.82
"ASM",105057,"/Date(1705031446000)/",10950,1000,1608400,17438000000,300,true,2.82
"ASM",105012,"/Date(1705031400000)/",11000,100,1607400,17427000000,350,false,3.29
"ASM",104956,"/Date(1705031384000)/",10950,500,1607300,17426000000,300,true,2.82
"ASM",104953,"/Date(1705031383000)/",10950,100,1606800,17421000000,300,true,2.82
"ASM",104940,"/Date(1705031369000)/",10950,100,1606700,17420000000,300,true,2.82
"ASM",104931,"/Date(1705031361000)/",10950,200,1606600,17419000000,300,true,2.82
"ASM",104931,"/Date(1705031361000)/",10950,200,1606400,17416000000,300,true,2.82
"ASM",104813,"/Date(1705031282000)/",10950,200,1606200,17414000000,300,false,2.82
"ASM",104747,"/Date(1705031259000)/",10950,100,1606000,17412000000,300,false,2.82
"ASM",104721,"/Date(1705031233000)/",10900,500,1605900,17411000000,250,true,2.35
"ASM",104608,"/Date(1705031162000)/",11000,1000,1605400,17406000000,350,false,3.29
"ASM",104608,"/Date(1705031160000)/",10900,1000,1604400,17395000000,250,true,2.35
"ASM",104608,"/Date(1705031160000)/",10900,1000,1603400,17384000000,250,true,2.35
"ASM",104608,"/Date(1705031160000)/",10900,200,1602400,17373000000,250,true,2.35
"ASM",104608,"/Date(1705031160000)/",10900,900,1602200,17371000000,250,true,2.35
"ASM",104230,"/Date(1705030950000)/",11000,100,1601300,17361000000,350,false,3.29
"ASM",104227,"/Date(1705030947000)/",10900,500,1601200,17360000000,250,true,2.35
"ASM",104220,"/Date(1705030940000)/",11000,100,1600700,17354000000,350,false,3.29
"ASM",104151,"/Date(1705030913000)/",11000,400,1600600,17353000000,350,false,3.29
"ASM",104151,"/Date(1705030913000)/",10950,600,1600200,17349000000,300,false,2.82
"ASM",104135,"/Date(1705030898000)/",11000,200,1599600,17342000000,350,false,3.29
"ASM",104135,"/Date(1705030898000)/",10950,800,1599400,17340000000,300,false,2.82
"ASM",104113,"/Date(1705030875000)/",10950,300,1598600,17331000000,300,false,2.82
"ASM",104113,"/Date(1705030875000)/",10950,500,1598300,17328000000,300,false,2.82
"ASM",104113,"/Date(1705030875000)/",10950,1000,1597800,17322000000,300,false,2.82
"ASM",104113,"/Date(1705030875000)/",10950,1800,1596800,17311000000,300,false,2.82
"ASM",104034,"/Date(1705030835000)/",10950,200,1595000,17292000000,300,false,2.82
"ASM",104034,"/Date(1705030835000)/",10950,5000,1594800,17290000000,300,false,2.82
"ASM",104034,"/Date(1705030835000)/",10950,500,1589800,17235000000,300,false,2.82
"ASM",104034,"/Date(1705030835000)/",10950,200,1589300,17229000000,300,false,2.82
"ASM",104034,"/Date(1705030835000)/",10950,100,1589100,17227000000,300,false,2.82
"ASM",104034,"/Date(1705030835000)/",10950,4000,1589000,17226000000,300,false,2.82
"ASM",103818,"/Date(1705030701000)/",10950,2000,1585000,17182000000,300,false,2.82
"ASM",103715,"/Date(1705030642000)/",10950,900,1583000,17160000000,300,false,2.82
"ASM",103715,"/Date(1705030642000)/",10950,300,1582100,17150000000,300,false,2.82
"ASM",103715,"/Date(1705030642000)/",10950,800,1581800,17147000000,300,false,2.82
"ASM",103634,"/Date(1705030602000)/",10950,2000,1581000,17138000000,300,false,2.82
"ASM",103630,"/Date(1705030599000)/",10950,1200,1579000,17117000000,300,false,2.82
"ASM",103630,"/Date(1705030599000)/",10950,8800,1577800,17103000000,300,false,2.82
"ASM",103532,"/Date(1705030543000)/",10950,1200,1569000,17007000000,300,false,2.82
"ASM",103532,"/Date(1705030543000)/",10950,100,1567800,16994000000,300,false,2.82
"ASM",103532,"/Date(1705030543000)/",10950,700,1567700,16993000000,300,false,2.82
"ASM",103523,"/Date(1705030534000)/",10950,2300,1567000,16985000000,300,false,2.82
"ASM",103523,"/Date(1705030534000)/",10950,200,1564700,16960000000,300,false,2.82
"ASM",103523,"/Date(1705030534000)/",10950,1000,1564500,16958000000,300,false,2.82
"ASM",103523,"/Date(1705030534000)/",10950,100,1563500,16947000000,300,false,2.82
"ASM",103523,"/Date(1705030534000)/",10950,500,1563400,16946000000,300,false,2.82
"ASM",103523,"/Date(1705030534000)/",10950,100,1562900,16940000000,300,false,2.82
"ASM",103523,"/Date(1705030534000)/",10950,500,1562800,16939000000,300,false,2.82
"ASM",103523,"/Date(1705030534000)/",10950,2300,1562300,16934000000,300,false,2.82
"ASM",103357,"/Date(1705030446000)/",10950,2700,1560000,16908000000,300,false,2.82
"ASM",103357,"/Date(1705030446000)/",10950,200,1557300,16879000000,300,false,2.82
"ASM",103357,"/Date(1705030446000)/",10950,500,1557100,16877000000,300,false,2.82
"ASM",103357,"/Date(1705030446000)/",10950,300,1556600,16871000000,300,false,2.82
"ASM",103357,"/Date(1705030446000)/",10950,300,1556300,16868000000,300,false,2.82
"ASM",103357,"/Date(1705030446000)/",10950,1200,1556000,16865000000,300,false,2.82
"ASM",103357,"/Date(1705030446000)/",10950,500,1554800,16852000000,300,false,2.82
"ASM",103357,"/Date(1705030446000)/",10950,3000,1554300,16846000000,300,false,2.82
"ASM",103357,"/Date(1705030446000)/",10950,1300,1551300,16813000000,300,false,2.82
"ASM",103306,"/Date(1705030395000)/",10950,300,1550000,16799000000,300,false,2.82
"ASM",103137,"/Date(1705030307000)/",10950,2000,1549700,16796000000,300,false,2.82
"ASM",103020,"/Date(1705030230000)/",10950,100,1547700,16774000000,300,false,2.82
"ASM",103017,"/Date(1705030227000)/",10950,100,1547600,16773000000,300,false,2.82
"ASM",103017,"/Date(1705030226000)/",10900,2700,1547500,16772000000,250,true,2.35
"ASM",102848,"/Date(1705030136000)/",10900,2000,1544800,16742000000,250,true,2.35
"ASM",102754,"/Date(1705030085000)/",10950,100,1542800,16720000000,300,false,2.82
"ASM",102559,"/Date(1705029970000)/",10900,100,1542700,16719000000,250,true,2.35
"ASM",102343,"/Date(1705029831000)/",10950,500,1542600,16718000000,300,false,2.82
"ASM",102324,"/Date(1705029811000)/",10950,600,1542100,16713000000,300,false,2.82
"ASM",102324,"/Date(1705029811000)/",10950,100,1541500,16706000000,300,false,2.82
"ASM",102311,"/Date(1705029801000)/",10900,100,1541400,16705000000,250,true,2.35
"ASM",102255,"/Date(1705029783000)/",10900,3700,1541300,16704000000,250,true,2.35
"ASM",102255,"/Date(1705029783000)/",10900,1300,1537600,16664000000,250,true,2.35
"ASM",102255,"/Date(1705029783000)/",10950,400,1536300,16649000000,300,false,2.82
"ASM",102255,"/Date(1705029783000)/",10950,4600,1535900,16645000000,300,false,2.82
"ASM",102205,"/Date(1705029734000)/",10950,100,1531300,16595000000,300,false,2.82
"ASM",102016,"/Date(1705029622000)/",10900,100,1531200,16594000000,250,true,2.35
"ASM",101924,"/Date(1705029566000)/",10900,100,1531100,16593000000,250,true,2.35
"ASM",101911,"/Date(1705029553000)/",10900,2900,1531000,16591000000,250,true,2.35
"ASM",101911,"/Date(1705029553000)/",10900,100,1528100,16560000000,250,true,2.35
"ASM",101911,"/Date(1705029553000)/",10900,2000,1528000,16559000000,250,true,2.35
"ASM",101900,"/Date(1705029541000)/",10900,3000,1526000,16537000000,250,true,2.35
"ASM",101900,"/Date(1705029541000)/",10900,1000,1523000,16504000000,250,true,2.35
"ASM",101900,"/Date(1705029541000)/",10900,1000,1522000,16493000000,250,true,2.35
"ASM",101851,"/Date(1705029532000)/",10950,100,1521000,16482000000,300,false,2.82
"ASM",101758,"/Date(1705029478000)/",10900,200,1520900,16481000000,250,true,2.35
"ASM",101755,"/Date(1705029473000)/",10900,5000,1520700,16479000000,250,true,2.35
"ASM",101631,"/Date(1705029389000)/",10900,2000,1515700,16425000000,250,true,2.35
"ASM",101615,"/Date(1705029376000)/",10950,5200,1513700,16403000000,300,false,2.82
"ASM",101615,"/Date(1705029376000)/",10950,100,1508500,16346000000,300,false,2.82
"ASM",101615,"/Date(1705029376000)/",10950,4700,1508400,16345000000,300,false,2.82
"ASM",101423,"/Date(1705029264000)/",10950,2000,1503700,16293000000,300,false,2.82
"ASM",101416,"/Date(1705029258000)/",10900,1800,1501700,16271000000,250,true,2.35
"ASM",101416,"/Date(1705029258000)/",10900,1700,1499900,16252000000,250,true,2.35
"ASM",101350,"/Date(1705029230000)/",10950,500,1498200,16233000000,300,false,2.82
"ASM",101130,"/Date(1705029099000)/",10950,100,1497700,16228000000,300,false,2.82
"ASM",101033,"/Date(1705029044000)/",10950,100,1497600,16227000000,300,true,2.82
"ASM",101010,"/Date(1705029021000)/",10950,500,1497500,16226000000,300,true,2.82
"ASM",100948,"/Date(1705028998000)/",10900,300,1497000,16220000000,250,true,2.35
"ASM",100948,"/Date(1705028998000)/",10900,3000,1496700,16217000000,250,true,2.35
"ASM",100948,"/Date(1705028998000)/",10900,1700,1493700,16184000000,250,true,2.35
"ASM",100935,"/Date(1705028985000)/",11000,100,1492000,16166000000,350,false,3.29
"ASM",100935,"/Date(1705028985000)/",10950,100,1491900,16165000000,300,false,2.82
"ASM",100922,"/Date(1705028972000)/",10950,100,1491800,16163000000,300,false,2.82
"ASM",100857,"/Date(1705028947000)/",11000,400,1491700,16162000000,350,false,3.29
"ASM",100854,"/Date(1705028944000)/",11000,100,1491300,16158000000,350,false,3.29
"ASM",100819,"/Date(1705028911000)/",11000,100,1491200,16157000000,350,false,3.29
"ASM",100819,"/Date(1705028911000)/",10950,100,1491100,16156000000,300,false,2.82
"ASM",100809,"/Date(1705028899000)/",10950,100,1491000,16155000000,300,true,2.82
"ASM",100806,"/Date(1705028898000)/",10950,100,1490900,16154000000,300,false,2.82
"ASM",100806,"/Date(1705028898000)/",10950,100,1490800,16153000000,300,false,2.82
"ASM",100806,"/Date(1705028898000)/",10950,200,1490700,16151000000,300,false,2.82
"ASM",100756,"/Date(1705028887000)/",10950,500,1490500,16149000000,300,false,2.82
"ASM",100756,"/Date(1705028887000)/",10950,1000,1490000,16144000000,300,false,2.82
"ASM",100727,"/Date(1705028859000)/",10950,100,1489000,16133000000,300,false,2.82
"ASM",100721,"/Date(1705028850000)/",10950,100,1488900,16132000000,300,false,2.82
"ASM",100702,"/Date(1705028832000)/",10950,100,1488800,16131000000,300,false,2.82
"ASM",100652,"/Date(1705028824000)/",10950,5200,1488700,16130000000,300,false,2.82
"ASM",100652,"/Date(1705028824000)/",10950,500,1483500,16073000000,300,false,2.82
"ASM",100652,"/Date(1705028824000)/",10950,100,1483000,16067000000,300,false,2.82
"ASM",100652,"/Date(1705028824000)/",10950,500,1482900,16066000000,300,false,2.82
"ASM",100652,"/Date(1705028824000)/",10950,300,1482400,16061000000,300,false,2.82
"ASM",100652,"/Date(1705028824000)/",10950,1000,1482100,16057000000,300,false,2.82
"ASM",100652,"/Date(1705028824000)/",10950,2000,1481100,16046000000,300,false,2.82
"ASM",100652,"/Date(1705028824000)/",10950,400,1479100,16024000000,300,false,2.82
"ASM",100608,"/Date(1705028779000)/",10950,100,1478700,16020000000,300,false,2.82
"ASM",100608,"/Date(1705028779000)/",10950,400,1478600,16019000000,300,false,2.82
"ASM",100504,"/Date(1705028714000)/",10950,100,1478200,16015000000,300,false,2.82
"ASM",100413,"/Date(1705028662000)/",10950,1300,1478100,16013000000,300,false,2.82
"ASM",100347,"/Date(1705028638000)/",10950,3000,1476800,15999000000,300,false,2.82
"ASM",100335,"/Date(1705028625000)/",10950,4700,1473800,15966000000,300,false,2.82
"ASM",100335,"/Date(1705028625000)/",10950,800,1469100,15915000000,300,false,2.82
"ASM",100335,"/Date(1705028625000)/",10950,2000,1468300,15906000000,300,false,2.82
"ASM",100335,"/Date(1705028625000)/",10950,500,1466300,15884000000,300,false,2.82
"ASM",100335,"/Date(1705028625000)/",10950,500,1465800,15879000000,300,false,2.82
"ASM",100335,"/Date(1705028625000)/",10950,1000,1465300,15873000000,300,false,2.82
"ASM",100335,"/Date(1705028625000)/",10950,5000,1464300,15862000000,300,false,2.82
"ASM",100335,"/Date(1705028625000)/",10950,100,1459300,15808000000,300,false,2.82
"ASM",100335,"/Date(1705028625000)/",10950,300,1459200,15806000000,300,false,2.82
"ASM",100335,"/Date(1705028625000)/",10950,2000,1458900,15803000000,300,false,2.82
"ASM",100335,"/Date(1705028625000)/",10950,2000,1456900,15781000000,300,false,2.82
"ASM",100335,"/Date(1705028625000)/",10950,11100,1454900,15759000000,300,false,2.82
"ASM",100316,"/Date(1705028607000)/",10950,100,1443800,15638000000,300,false,2.82
"ASM",100300,"/Date(1705028590000)/",10900,300,1443700,15637000000,250,true,2.35
"ASM",100300,"/Date(1705028590000)/",10900,200,1443400,15633000000,250,true,2.35
"ASM",100146,"/Date(1705028517000)/",10900,100,1443200,15631000000,250,true,2.35
"ASM",100146,"/Date(1705028515000)/",10950,400,1443100,15630000000,300,false,2.82
"ASM",100140,"/Date(1705028511000)/",10950,100,1442700,15626000000,300,false,2.82
"ASM",100131,"/Date(1705028500000)/",10900,1000,1442600,15625000000,250,true,2.35
"ASM",100127,"/Date(1705028496000)/",10900,1000,1441600,15614000000,250,true,2.35
"ASM",100127,"/Date(1705028496000)/",10900,500,1440600,15603000000,250,true,2.35
"ASM",100127,"/Date(1705028496000)/",10900,500,1440100,15597000000,250,true,2.35
"ASM",100127,"/Date(1705028496000)/",10900,1000,1439600,15592000000,250,true,2.35
"ASM",100127,"/Date(1705028496000)/",10900,300,1438600,15581000000,250,true,2.35
"ASM",100127,"/Date(1705028496000)/",10900,600,1438300,15578000000,250,true,2.35
"ASM",100105,"/Date(1705028474000)/",10900,2400,1437700,15571000000,250,true,2.35
"ASM",100105,"/Date(1705028474000)/",10900,900,1435300,15545000000,250,true,2.35
"ASM",100105,"/Date(1705028474000)/",10900,100,1434400,15535000000,250,true,2.35
"ASM",100105,"/Date(1705028474000)/",10900,2600,1434300,15534000000,250,true,2.35
"ASM",100102,"/Date(1705028471000)/",10950,100,1431700,15506000000,300,false,2.82
"ASM",100024,"/Date(1705028435000)/",10900,1700,1431600,15505000000,250,true,2.35
"ASM",100024,"/Date(1705028435000)/",10900,100,1429900,15486000000,250,true,2.35
"ASM",100024,"/Date(1705028435000)/",10900,500,1429800,15485000000,250,true,2.35
"ASM",100024,"/Date(1705028435000)/",10900,2000,1429300,15480000000,250,true,2.35
"ASM",100024,"/Date(1705028435000)/",10900,500,1427300,15458000000,250,true,2.35
"ASM",100024,"/Date(1705028435000)/",10900,200,1426800,15453000000,250,true,2.35
"ASM",100017,"/Date(1705028428000)/",10950,400,1426600,15450000000,300,false,2.82
"ASM",95845,"/Date(1705028336000)/",10950,300,1426200,15446000000,300,false,2.82
"ASM",95807,"/Date(1705028296000)/",10950,200,1425900,15443000000,300,false,2.82
"ASM",95801,"/Date(1705028290000)/",10950,2700,1425700,15440000000,300,false,2.82
"ASM",95755,"/Date(1705028285000)/",10900,100,1423000,15411000000,250,true,2.35
"ASM",95745,"/Date(1705028273000)/",10950,400,1422900,15410000000,300,false,2.82
"ASM",95729,"/Date(1705028259000)/",10950,100,1422500,15405000000,300,false,2.82
"ASM",95726,"/Date(1705028254000)/",10950,1800,1422400,15404000000,300,false,2.82
"ASM",95720,"/Date(1705028248000)/",10900,200,1420600,15385000000,250,true,2.35
"ASM",95601,"/Date(1705028169000)/",10900,100,1420400,15382000000,250,false,2.35
"ASM",95555,"/Date(1705028163000)/",10900,1000,1420300,15381000000,250,true,2.35
"ASM",95555,"/Date(1705028163000)/",10900,300,1419300,15370000000,250,true,2.35
"ASM",95555,"/Date(1705028163000)/",10900,3000,1419000,15367000000,250,true,2.35
"ASM",95555,"/Date(1705028163000)/",10900,2700,1416000,15335000000,250,true,2.35
"ASM",95549,"/Date(1705028156000)/",10900,1500,1413300,15305000000,250,false,2.35
"ASM",95521,"/Date(1705028127000)/",10900,800,1411800,15289000000,250,false,2.35
"ASM",95521,"/Date(1705028127000)/",10900,200,1411000,15280000000,250,false,2.35
"ASM",95515,"/Date(1705028121000)/",10900,100,1410800,15278000000,250,false,2.35
"ASM",95506,"/Date(1705028110000)/",10900,100,1410700,15277000000,250,false,2.35
"ASM",95402,"/Date(1705028046000)/",10850,1500,1410600,15276000000,200,true,1.88
"ASM",95402,"/Date(1705028046000)/",10850,1000,1409100,15259000000,200,true,1.88
"ASM",95402,"/Date(1705028046000)/",10850,1500,1408100,15249000000,200,true,1.88
"ASM",95402,"/Date(1705028046000)/",10850,400,1406600,15232000000,200,true,1.88
"ASM",95402,"/Date(1705028046000)/",10850,500,1406200,15228000000,200,true,1.88
"ASM",95402,"/Date(1705028046000)/",10850,100,1405700,15222000000,200,true,1.88
"ASM",95347,"/Date(1705028029000)/",10900,100,1405600,15221000000,250,false,2.35
"ASM",95335,"/Date(1705028017000)/",10900,1400,1405500,15220000000,250,true,2.35
"ASM",95335,"/Date(1705028017000)/",10900,500,1404100,15205000000,250,true,2.35
"ASM",95335,"/Date(1705028017000)/",10900,500,1403600,15200000000,250,true,2.35
"ASM",95335,"/Date(1705028017000)/",10900,1600,1403100,15194000000,250,true,2.35
"ASM",95335,"/Date(1705028015000)/",10900,3400,1401500,15177000000,250,true,2.35
"ASM",95335,"/Date(1705028015000)/",10900,600,1398100,15140000000,250,true,2.35
"ASM",95312,"/Date(1705027990000)/",10950,500,1397500,15133000000,300,false,2.82
"ASM",95232,"/Date(1705027950000)/",10950,100,1397000,15128000000,300,false,2.82
"ASM",95226,"/Date(1705027942000)/",10900,400,1396900,15127000000,250,true,2.35
"ASM",95147,"/Date(1705027904000)/",10950,1800,1396500,15122000000,300,true,2.82
"ASM",95147,"/Date(1705027904000)/",10950,1000,1394700,15102000000,300,true,2.82
"ASM",95147,"/Date(1705027904000)/",10950,100,1393700,15092000000,300,true,2.82
"ASM",95147,"/Date(1705027904000)/",10950,800,1393600,15090000000,300,true,2.82
"ASM",95143,"/Date(1705027901000)/",10950,4000,1392800,15082000000,300,true,2.82
"ASM",95137,"/Date(1705027897000)/",10950,500,1388800,15038000000,300,true,2.82
"ASM",95131,"/Date(1705027890000)/",10950,100,1388300,15032000000,300,true,2.82
"ASM",95018,"/Date(1705027815000)/",10950,1000,1388200,15031000000,300,true,2.82
"ASM",95008,"/Date(1705027807000)/",11000,100,1387200,15020000000,350,false,3.29
"ASM",95005,"/Date(1705027803000)/",10950,400,1387100,15019000000,300,true,2.82
"ASM",95005,"/Date(1705027802000)/",11000,100,1386700,15015000000,350,false,3.29
"ASM",94955,"/Date(1705027793000)/",10950,200,1386600,15014000000,300,true,2.82
"ASM",94952,"/Date(1705027790000)/",11000,100,1386400,15012000000,350,false,3.29
"ASM",94952,"/Date(1705027789000)/",10950,200,1386300,15010000000,300,true,2.82
"ASM",94946,"/Date(1705027785000)/",10950,500,1386100,15008000000,300,false,2.82
"ASM",94946,"/Date(1705027785000)/",10950,2000,1385600,15003000000,300,false,2.82
"ASM",94946,"/Date(1705027785000)/",10950,200,1383600,14981000000,300,false,2.82
"ASM",94946,"/Date(1705027785000)/",10950,100,1383400,14979000000,300,false,2.82
"ASM",94946,"/Date(1705027785000)/",10950,100,1383300,14978000000,300,false,2.82
"ASM",94946,"/Date(1705027785000)/",10950,500,1383200,14977000000,300,false,2.82
"ASM",94946,"/Date(1705027785000)/",10950,3000,1382700,14971000000,300,false,2.82
"ASM",94946,"/Date(1705027785000)/",10950,1000,1379700,14938000000,300,false,2.82
"ASM",94946,"/Date(1705027785000)/",10950,400,1378700,14927000000,300,false,2.82
"ASM",94946,"/Date(1705027785000)/",10950,100,1378300,14923000000,300,false,2.82
"ASM",94939,"/Date(1705027778000)/",10900,1600,1378200,14922000000,250,false,2.35
"ASM",94933,"/Date(1705027771000)/",10900,100,1376600,14904000000,250,true,2.35
"ASM",94933,"/Date(1705027771000)/",10900,100,1376500,14903000000,250,true,2.35
"ASM",94933,"/Date(1705027771000)/",10900,200,1376400,14902000000,250,true,2.35
"ASM",94930,"/Date(1705027768000)/",10900,800,1376200,14900000000,250,false,2.35
"ASM",94930,"/Date(1705027768000)/",10900,500,1375400,14891000000,250,false,2.35
"ASM",94930,"/Date(1705027768000)/",10900,100,1374900,14886000000,250,false,2.35
"ASM",94930,"/Date(1705027768000)/",10900,600,1374800,14885000000,250,false,2.35
"ASM",94911,"/Date(1705027748000)/",10900,100,1374200,14878000000,250,false,2.35
"ASM",94848,"/Date(1705027727000)/",10850,500,1374100,14877000000,200,true,1.88
"ASM",94848,"/Date(1705027727000)/",10850,400,1373600,14872000000,200,true,1.88
"ASM",94848,"/Date(1705027727000)/",10850,500,1373200,14867000000,200,true,1.88
"ASM",94848,"/Date(1705027727000)/",10850,400,1372700,14862000000,200,true,1.88
"ASM",94848,"/Date(1705027727000)/",10850,200,1372300,14858000000,200,true,1.88
"ASM",94845,"/Date(1705027725000)/",10850,2000,1372100,14855000000,200,true,1.88
"ASM",94845,"/Date(1705027725000)/",10850,100,1370100,14834000000,200,true,1.88
"ASM",94845,"/Date(1705027725000)/",10850,1000,1370000,14833000000,200,true,1.88
"ASM",94845,"/Date(1705027725000)/",10850,1000,1369000,14822000000,200,true,1.88
"ASM",94845,"/Date(1705027725000)/",10850,900,1368000,14811000000,200,true,1.88
"ASM",94839,"/Date(1705027717000)/",10850,100,1367100,14801000000,200,true,1.88
"ASM",94820,"/Date(1705027699000)/",10850,100,1367000,14800000000,200,true,1.88
"ASM",94817,"/Date(1705027694000)/",10900,800,1366900,14799000000,250,false,2.35
"ASM",94817,"/Date(1705027693000)/",10900,100,1366100,14790000000,250,false,2.35
"ASM",94807,"/Date(1705027685000)/",10900,100,1366000,14789000000,250,false,2.35
"ASM",94801,"/Date(1705027679000)/",10850,1900,1365900,14788000000,200,true,1.88
"ASM",94801,"/Date(1705027679000)/",10850,100,1364000,14767000000,200,true,1.88
"ASM",94801,"/Date(1705027679000)/",10850,100,1363900,14766000000,200,true,1.88
"ASM",94801,"/Date(1705027679000)/",10850,300,1363800,14765000000,200,true,1.88
"ASM",94801,"/Date(1705027679000)/",10850,2600,1363500,14762000000,200,true,1.88
"ASM",94754,"/Date(1705027673000)/",10850,1000,1360900,14734000000,200,true,1.88
"ASM",94754,"/Date(1705027672000)/",10850,600,1359900,14723000000,200,true,1.88
"ASM",94735,"/Date(1705027654000)/",10850,1000,1359300,14716000000,200,true,1.88
"ASM",94722,"/Date(1705027641000)/",10850,4800,1358300,14706000000,200,true,1.88
"ASM",94722,"/Date(1705027641000)/",10850,200,1353500,14654000000,200,true,1.88
"ASM",94700,"/Date(1705027619000)/",10900,200,1353300,14651000000,250,false,2.35
"ASM",94657,"/Date(1705027614000)/",10900,100,1353100,14649000000,250,true,2.35
"ASM",94641,"/Date(1705027600000)/",10950,100,1353000,14648000000,300,false,2.82
"ASM",94641,"/Date(1705027599000)/",10850,4000,1352900,14647000000,200,true,1.88
"ASM",94641,"/Date(1705027599000)/",10850,6000,1348900,14604000000,200,true,1.88
"ASM",94635,"/Date(1705027593000)/",10900,1000,1342900,14538000000,250,true,2.35
"ASM",94556,"/Date(1705027555000)/",11000,100,1341900,14528000000,350,false,3.29
"ASM",94553,"/Date(1705027551000)/",10850,500,1341800,14526000000,200,true,1.88
"ASM",94553,"/Date(1705027551000)/",10850,1000,1341300,14521000000,200,true,1.88
"ASM",94553,"/Date(1705027551000)/",10850,21000,1340300,14510000000,200,true,1.88
"ASM",94553,"/Date(1705027551000)/",10900,100,1319300,14282000000,250,true,2.35
"ASM",94553,"/Date(1705027551000)/",10900,2000,1319200,14281000000,250,true,2.35
"ASM",94553,"/Date(1705027551000)/",10900,5200,1317200,14259000000,250,true,2.35
"ASM",94553,"/Date(1705027551000)/",10950,200,1312000,14203000000,300,true,2.82
"ASM",94550,"/Date(1705027547000)/",10950,100,1311800,14201000000,300,false,2.82
"ASM",94547,"/Date(1705027545000)/",10950,300,1311700,14200000000,300,false,2.82
"ASM",94547,"/Date(1705027544000)/",10950,100,1311400,14196000000,300,false,2.82
"ASM",94540,"/Date(1705027539000)/",10950,100,1311300,14195000000,300,false,2.82
"ASM",94537,"/Date(1705027535000)/",10950,100,1311200,14194000000,300,false,2.82
"ASM",94531,"/Date(1705027528000)/",10900,100,1311100,14193000000,250,true,2.35
"ASM",94509,"/Date(1705027508000)/",10900,4700,1311000,14192000000,250,true,2.35
"ASM",94509,"/Date(1705027508000)/",10900,300,1306300,14141000000,250,true,2.35
"ASM",94509,"/Date(1705027508000)/",10950,100,1306000,14137000000,300,false,2.82
"ASM",94509,"/Date(1705027508000)/",10950,100,1305900,14136000000,300,false,2.82
"ASM",94509,"/Date(1705027508000)/",10950,800,1305800,14135000000,300,false,2.82
"ASM",94456,"/Date(1705027493000)/",10950,200,1305000,14126000000,300,true,2.82
"ASM",94456,"/Date(1705027493000)/",11000,2000,1304800,14124000000,350,true,3.29
"ASM",94456,"/Date(1705027493000)/",11000,1000,1302800,14102000000,350,true,3.29
"ASM",94456,"/Date(1705027493000)/",11000,100,1301800,14091000000,350,true,3.29
"ASM",94456,"/Date(1705027493000)/",11000,100,1301700,14090000000,350,true,3.29
"ASM",94456,"/Date(1705027493000)/",11000,100,1301600,14089000000,350,true,3.29
"ASM",94456,"/Date(1705027493000)/",11000,25600,1301500,14088000000,350,true,3.29
"ASM",94453,"/Date(1705027491000)/",11050,100,1275900,13806000000,400,false,3.76
"ASM",94453,"/Date(1705027491000)/",11000,300,1275800,13805000000,350,true,3.29
"ASM",94453,"/Date(1705027491000)/",11000,1000,1275500,13802000000,350,true,3.29
"ASM",94453,"/Date(1705027491000)/",11000,3400,1274500,13791000000,350,true,3.29
"ASM",94453,"/Date(1705027491000)/",11000,300,1271100,13754000000,350,true,3.29
"ASM",94453,"/Date(1705027491000)/",11000,100,1270800,13750000000,350,true,3.29
"ASM",94453,"/Date(1705027491000)/",11000,100,1270700,13749000000,350,true,3.29
"ASM",94453,"/Date(1705027491000)/",11000,600,1270600,13748000000,350,true,3.29
"ASM",94453,"/Date(1705027491000)/",11000,300,1270000,13741000000,350,true,3.29
"ASM",94453,"/Date(1705027491000)/",11000,300,1269700,13738000000,350,true,3.29
"ASM",94453,"/Date(1705027491000)/",11000,100,1269400,13735000000,350,true,3.29
"ASM",94453,"/Date(1705027491000)/",11000,600,1269300,13734000000,350,true,3.29
"ASM",94453,"/Date(1705027491000)/",11000,600,1268700,13727000000,350,true,3.29
"ASM",94453,"/Date(1705027490000)/",11000,1800,1268100,13721000000,350,true,3.29
"ASM",94453,"/Date(1705027490000)/",11000,10000,1266300,13701000000,350,true,3.29
"ASM",94449,"/Date(1705027489000)/",11000,3000,1256300,13591000000,350,true,3.29
"ASM",94449,"/Date(1705027489000)/",11000,1900,1253300,13558000000,350,true,3.29
"ASM",94449,"/Date(1705027489000)/",11000,2000,1251400,13537000000,350,true,3.29
"ASM",94449,"/Date(1705027489000)/",11000,6100,1249400,13515000000,350,true,3.29
"ASM",94449,"/Date(1705027488000)/",11000,16000,1243300,13448000000,350,true,3.29
"ASM",94449,"/Date(1705027488000)/",11000,500,1227300,13272000000,350,true,3.29
"ASM",94449,"/Date(1705027486000)/",11000,20000,1226800,13266000000,350,true,3.29
"ASM",94446,"/Date(1705027484000)/",11000,500,1206800,13046000000,350,true,3.29
"ASM",94443,"/Date(1705027481000)/",11000,6900,1206300,13041000000,350,true,3.29
"ASM",94443,"/Date(1705027481000)/",11000,1000,1199400,12965000000,350,true,3.29
"ASM",94443,"/Date(1705027481000)/",11000,12100,1198400,12954000000,350,true,3.29
"ASM",94443,"/Date(1705027481000)/",11000,2000,1186300,12821000000,350,true,3.29
"ASM",94443,"/Date(1705027479000)/",11000,5000,1184300,12799000000,350,true,3.29
"ASM",94440,"/Date(1705027478000)/",11000,500,1179300,12744000000,350,true,3.29
"ASM",94437,"/Date(1705027475000)/",11000,5000,1178800,12738000000,350,true,3.29
"ASM",94430,"/Date(1705027470000)/",11000,2500,1173800,12683000000,350,true,3.29
"ASM",94427,"/Date(1705027466000)/",11000,500,1171300,12656000000,350,true,3.29
"ASM",94424,"/Date(1705027463000)/",11000,300,1170800,12650000000,350,true,3.29
"ASM",94424,"/Date(1705027462000)/",11000,29000,1170500,12647000000,350,true,3.29
"ASM",94414,"/Date(1705027451000)/",11000,3000,1141500,12328000000,350,true,3.29
"ASM",94408,"/Date(1705027446000)/",11050,800,1138500,12295000000,400,false,3.76
"ASM",94408,"/Date(1705027446000)/",11050,100,1137700,12286000000,400,false,3.76
"ASM",94408,"/Date(1705027446000)/",11050,100,1137600,12285000000,400,false,3.76
"ASM",94408,"/Date(1705027446000)/",11000,300,1137500,12284000000,350,true,3.29
"ASM",94358,"/Date(1705027436000)/",11050,1900,1137200,12281000000,400,false,3.76
"ASM",94358,"/Date(1705027436000)/",11050,3000,1135300,12260000000,400,false,3.76
"ASM",94358,"/Date(1705027436000)/",11050,1000,1132300,12226000000,400,false,3.76
"ASM",94358,"/Date(1705027436000)/",11050,5000,1131300,12215000000,400,false,3.76
"ASM",94358,"/Date(1705027436000)/",11050,500,1126300,12160000000,400,false,3.76
"ASM",94358,"/Date(1705027436000)/",11050,2000,1125800,12155000000,400,false,3.76
"ASM",94358,"/Date(1705027436000)/",11050,100,1123800,12132000000,400,false,3.76
"ASM",94358,"/Date(1705027436000)/",11050,500,1123700,12131000000,400,false,3.76
"ASM",94358,"/Date(1705027436000)/",11050,200,1123200,12126000000,400,false,3.76
"ASM",94358,"/Date(1705027436000)/",11050,100,1123000,12124000000,400,false,3.76
"ASM",94358,"/Date(1705027436000)/",11050,1000,1122900,12123000000,400,false,3.76
"ASM",94358,"/Date(1705027436000)/",11050,4700,1121900,12111000000,400,false,3.76
"ASM",94355,"/Date(1705027433000)/",11000,100,1117200,12060000000,350,true,3.29
"ASM",94349,"/Date(1705027425000)/",11000,100,1117100,12058000000,350,true,3.29
"ASM",94342,"/Date(1705027421000)/",11000,2000,1117000,12057000000,350,true,3.29
"ASM",94339,"/Date(1705027419000)/",11000,2000,1115000,12035000000,350,true,3.29
"ASM",94336,"/Date(1705027415000)/",11000,1000,1113000,12013000000,350,true,3.29
"ASM",94326,"/Date(1705027405000)/",11000,10000,1112000,12002000000,350,true,3.29
"ASM",94242,"/Date(1705027359000)/",11050,5000,1102000,11892000000,400,false,3.76
"ASM",94239,"/Date(1705027355000)/",11000,100,1097000,11837000000,350,true,3.29
"ASM",94236,"/Date(1705027354000)/",11000,5000,1096900,11836000000,350,true,3.29
"ASM",94226,"/Date(1705027345000)/",11000,2000,1091900,11781000000,350,true,3.29
"ASM",94223,"/Date(1705027341000)/",11000,2500,1089900,11759000000,350,true,3.29
"ASM",94129,"/Date(1705027288000)/",11050,300,1087400,11732000000,400,false,3.76
"ASM",94129,"/Date(1705027288000)/",11050,9700,1087100,11728000000,400,false,3.76
"ASM",94126,"/Date(1705027285000)/",11050,300,1077400,11621000000,400,false,3.76
"ASM",94126,"/Date(1705027285000)/",11050,2000,1077100,11618000000,400,false,3.76
"ASM",94126,"/Date(1705027285000)/",11050,5100,1075100,11596000000,400,false,3.76
"ASM",94126,"/Date(1705027283000)/",11050,900,1070000,11539000000,400,false,3.76
"ASM",94126,"/Date(1705027283000)/",11050,300,1069100,11529000000,400,false,3.76
"ASM",94126,"/Date(1705027283000)/",11050,600,1068800,11526000000,400,false,3.76
"ASM",94126,"/Date(1705027283000)/",11050,3300,1068200,11519000000,400,false,3.76
"ASM",94106,"/Date(1705027265000)/",11050,1700,1064900,11483000000,400,false,3.76
"ASM",94106,"/Date(1705027265000)/",11050,1000,1063200,11464000000,400,false,3.76
"ASM",94106,"/Date(1705027265000)/",11050,500,1062200,11453000000,400,false,3.76
"ASM",94106,"/Date(1705027265000)/",11050,100,1061700,11448000000,400,false,3.76
"ASM",94106,"/Date(1705027265000)/",11050,200,1061600,11446000000,400,false,3.76
"ASM",94106,"/Date(1705027265000)/",11050,1000,1061400,11444000000,400,false,3.76
"ASM",94106,"/Date(1705027265000)/",11050,1500,1060400,11433000000,400,false,3.76
"ASM",94106,"/Date(1705027265000)/",11050,500,1058900,11417000000,400,false,3.76
"ASM",94106,"/Date(1705027265000)/",11050,3000,1058400,11411000000,400,false,3.76
"ASM",94106,"/Date(1705027265000)/",11050,500,1055400,11378000000,400,false,3.76
"ASM",94103,"/Date(1705027261000)/",11050,500,1054900,11372000000,400,false,3.76
"ASM",94103,"/Date(1705027261000)/",11050,100,1054400,11367000000,400,false,3.76
"ASM",94103,"/Date(1705027261000)/",11050,1300,1054300,11366000000,400,false,3.76
"ASM",94100,"/Date(1705027257000)/",11050,100,1053000,11351000000,400,false,3.76
"ASM",94057,"/Date(1705027256000)/",11050,100,1052900,11350000000,400,false,3.76
"ASM",94057,"/Date(1705027254000)/",11050,2300,1052800,11349000000,400,false,3.76
"ASM",94057,"/Date(1705027254000)/",11050,500,1050500,11324000000,400,false,3.76
"ASM",94057,"/Date(1705027254000)/",11050,100,1050000,11318000000,400,false,3.76
"ASM",94057,"/Date(1705027254000)/",11050,100,1049900,11317000000,400,false,3.76
"ASM",94057,"/Date(1705027254000)/",11050,2000,1049800,11316000000,400,false,3.76
"ASM",94047,"/Date(1705027247000)/",11050,100,1047800,11294000000,400,false,3.76
"ASM",94044,"/Date(1705027242000)/",11050,400,1047700,11293000000,400,false,3.76
"ASM",94035,"/Date(1705027234000)/",11050,2500,1047300,11288000000,400,false,3.76
"ASM",94035,"/Date(1705027234000)/",11050,100,1044800,11261000000,400,false,3.76
"ASM",94035,"/Date(1705027234000)/",11050,100,1044700,11260000000,400,false,3.76
"ASM",94035,"/Date(1705027234000)/",11050,7300,1044600,11259000000,400,false,3.76
"ASM",94031,"/Date(1705027229000)/",11050,100,1037300,11178000000,400,false,3.76
"ASM",94019,"/Date(1705027217000)/",11050,3000,1037200,11177000000,400,false,3.76
"ASM",94019,"/Date(1705027217000)/",11050,3000,1034200,11144000000,400,false,3.76
"ASM",94019,"/Date(1705027215000)/",11050,5000,1031200,11110000000,400,false,3.76
"ASM",94012,"/Date(1705027210000)/",11050,2000,1026200,11055000000,400,true,3.76
"ASM",94012,"/Date(1705027209000)/",11000,9100,1024200,11033000000,350,true,3.29
"ASM",94012,"/Date(1705027209000)/",11050,900,1015100,10933000000,400,true,3.76
"ASM",94009,"/Date(1705027208000)/",11050,100,1014200,10923000000,400,true,3.76
"ASM",94006,"/Date(1705027206000)/",11050,100,1014100,10922000000,400,true,3.76
"ASM",94003,"/Date(1705027201000)/",11050,900,1014000,10921000000,400,true,3.76
"ASM",94003,"/Date(1705027201000)/",11050,100,1013100,10911000000,400,true,3.76
"ASM",94000,"/Date(1705027197000)/",11050,200,1013000,10910000000,400,true,3.76
"ASM",94000,"/Date(1705027197000)/",11050,100,1012800,10908000000,400,true,3.76
"ASM",94000,"/Date(1705027197000)/",11050,300,1012700,10907000000,400,true,3.76
"ASM",94000,"/Date(1705027197000)/",11050,2000,1012400,10903000000,400,true,3.76
"ASM",94000,"/Date(1705027197000)/",11050,2400,1010400,10881000000,400,true,3.76
"ASM",93956,"/Date(1705027192000)/",11050,200,1008000,10855000000,400,true,3.76
"ASM",93956,"/Date(1705027191000)/",11100,500,1007800,10852000000,450,false,4.23
"ASM",93956,"/Date(1705027191000)/",11100,4500,1007300,10847000000,450,false,4.23
"ASM",93953,"/Date(1705027189000)/",11050,1300,1002800,10797000000,400,true,3.76
"ASM",93953,"/Date(1705027189000)/",11050,3700,1001500,10783000000,400,true,3.76
"ASM",93950,"/Date(1705027187000)/",11050,300,997800,10742000000,400,true,3.76
"ASM",93944,"/Date(1705027182000)/",11100,400,997500,10738000000,450,false,4.23
"ASM",93940,"/Date(1705027179000)/",11050,500,997100,10734000000,400,true,3.76
"ASM",93915,"/Date(1705027153000)/",11100,100,996600,10728000000,450,false,4.23
"ASM",93915,"/Date(1705027153000)/",11100,200,996500,10727000000,450,false,4.23
"ASM",93915,"/Date(1705027153000)/",11100,100,996300,10725000000,450,false,4.23
"ASM",93915,"/Date(1705027152000)/",11100,200,996200,10724000000,450,false,4.23
"ASM",93902,"/Date(1705027139000)/",11100,100,996000,10722000000,450,false,4.23
"ASM",93859,"/Date(1705027138000)/",11050,200,995900,10721000000,400,true,3.76
"ASM",93859,"/Date(1705027137000)/",11100,100,995700,10718000000,450,true,4.23
"ASM",93856,"/Date(1705027134000)/",11150,10000,995600,10717000000,500,false,4.69
"ASM",93853,"/Date(1705027130000)/",11150,100,985600,10606000000,500,false,4.69
"ASM",93849,"/Date(1705027128000)/",11150,3700,985500,10605000000,500,false,4.69
"ASM",93849,"/Date(1705027128000)/",11100,1000,981800,10563000000,450,false,4.23
"ASM",93849,"/Date(1705027127000)/",11100,1000,980800,10552000000,450,false,4.23
"ASM",93849,"/Date(1705027126000)/",11100,1000,979800,10541000000,450,false,4.23
"ASM",93846,"/Date(1705027125000)/",11150,100,978800,10530000000,500,false,4.69
"ASM",93843,"/Date(1705027121000)/",11100,1500,978700,10529000000,450,false,4.23
"ASM",93843,"/Date(1705027121000)/",11100,2000,977200,10512000000,450,false,4.23
"ASM",93843,"/Date(1705027121000)/",11100,2000,975200,10490000000,450,false,4.23
"ASM",93843,"/Date(1705027121000)/",11100,300,973200,10468000000,450,false,4.23
"ASM",93843,"/Date(1705027121000)/",11100,1200,972900,10465000000,450,false,4.23
"ASM",93840,"/Date(1705027118000)/",11100,800,971700,10451000000,450,false,4.23
"ASM",93840,"/Date(1705027118000)/",11100,100,970900,10442000000,450,false,4.23
"ASM",93840,"/Date(1705027118000)/",11100,200,970800,10441000000,450,false,4.23
"ASM",93840,"/Date(1705027118000)/",11100,100,970600,10439000000,450,false,4.23
"ASM",93840,"/Date(1705027118000)/",11100,100,970500,10438000000,450,false,4.23
"ASM",93840,"/Date(1705027118000)/",11100,500,970400,10437000000,450,false,4.23
"ASM",93840,"/Date(1705027118000)/",11100,2000,969900,10431000000,450,false,4.23
"ASM",93840,"/Date(1705027118000)/",11100,3000,967900,10409000000,450,false,4.23
"ASM",93840,"/Date(1705027118000)/",11100,800,964900,10376000000,450,false,4.23
"ASM",93840,"/Date(1705027118000)/",11100,400,964100,10367000000,450,false,4.23
"ASM",93840,"/Date(1705027117000)/",11100,100,963700,10362000000,450,false,4.23
"ASM",93840,"/Date(1705027117000)/",11100,200,963600,10361000000,450,false,4.23
"ASM",93834,"/Date(1705027113000)/",11100,1000,963400,10359000000,450,false,4.23
"ASM",93830,"/Date(1705027110000)/",11100,3800,962400,10348000000,450,false,4.23
"ASM",93830,"/Date(1705027110000)/",11100,1000,958600,10306000000,450,false,4.23
"ASM",93830,"/Date(1705027110000)/",11100,400,957600,10295000000,450,false,4.23
"ASM",93830,"/Date(1705027110000)/",11100,2200,957200,10290000000,450,false,4.23
"ASM",93830,"/Date(1705027110000)/",11100,2600,955000,10266000000,450,false,4.23
"ASM",93830,"/Date(1705027109000)/",11050,300,952400,10237000000,400,true,3.76
"ASM",93830,"/Date(1705027109000)/",11050,200,952100,10234000000,400,true,3.76
"ASM",93827,"/Date(1705027106000)/",11100,400,951900,10232000000,450,false,4.23
"ASM",93827,"/Date(1705027106000)/",11100,100,951500,10227000000,450,false,4.23
"ASM",93827,"/Date(1705027106000)/",11100,500,951400,10226000000,450,false,4.23
"ASM",93827,"/Date(1705027104000)/",11100,500,950900,10220000000,450,false,4.23
"ASM",93827,"/Date(1705027104000)/",11100,500,950400,10215000000,450,false,4.23
"ASM",93827,"/Date(1705027104000)/",11100,2000,949900,10209000000,450,false,4.23
"ASM",93827,"/Date(1705027104000)/",11100,2000,947900,10187000000,450,false,4.23
"ASM",93824,"/Date(1705027103000)/",11100,100,945900,10165000000,450,false,4.23
"ASM",93821,"/Date(1705027098000)/",11100,100,945800,10164000000,450,false,4.23
"ASM",93814,"/Date(1705027092000)/",11050,100,945700,10163000000,400,true,3.76
"ASM",93811,"/Date(1705027089000)/",11100,1300,945600,10162000000,450,false,4.23
"ASM",93811,"/Date(1705027089000)/",11100,4500,944300,10147000000,450,false,4.23
"ASM",93811,"/Date(1705027088000)/",11050,500,939800,10097000000,400,true,3.76
"ASM",93808,"/Date(1705027086000)/",11100,3400,939300,10092000000,450,false,4.23
"ASM",93805,"/Date(1705027084000)/",11050,4000,935900,10054000000,400,false,3.76
"ASM",93805,"/Date(1705027084000)/",11050,200,931900,10010000000,400,false,3.76
"ASM",93802,"/Date(1705027081000)/",11050,100,931700,10008000000,400,false,3.76
"ASM",93802,"/Date(1705027081000)/",11050,1000,931600,10006000000,400,false,3.76
"ASM",93802,"/Date(1705027081000)/",11050,200,930600,9995000000,400,false,3.76
"ASM",93802,"/Date(1705027081000)/",11050,100,930400,9993000000,400,false,3.76
"ASM",93758,"/Date(1705027075000)/",11000,200,930300,9992000000,350,false,3.29
"ASM",93758,"/Date(1705027075000)/",11000,200,930100,9990000000,350,false,3.29
"ASM",93758,"/Date(1705027075000)/",11000,5500,929900,9988000000,350,false,3.29
"ASM",93755,"/Date(1705027073000)/",11000,4500,924400,9927000000,350,false,3.29
"ASM",93755,"/Date(1705027073000)/",11000,500,919900,9878000000,350,false,3.29
"ASM",93755,"/Date(1705027073000)/",11000,300,919400,9872000000,350,false,3.29
"ASM",93755,"/Date(1705027073000)/",11000,3700,919100,9869000000,350,false,3.29
"ASM",93739,"/Date(1705027056000)/",11000,16300,915400,9828000000,350,false,3.29
"ASM",93739,"/Date(1705027056000)/",11000,700,899100,9649000000,350,false,3.29
"ASM",93739,"/Date(1705027056000)/",11000,1000,898400,9641000000,350,false,3.29
"ASM",93739,"/Date(1705027056000)/",11000,2300,897400,9630000000,350,false,3.29
"ASM",93739,"/Date(1705027056000)/",11000,3000,895100,9605000000,350,false,3.29
"ASM",93739,"/Date(1705027056000)/",11000,20000,892100,9572000000,350,false,3.29
"ASM",93739,"/Date(1705027056000)/",11000,300,872100,9352000000,350,false,3.29
"ASM",93739,"/Date(1705027056000)/",11000,500,871800,9349000000,350,false,3.29
"ASM",93739,"/Date(1705027056000)/",11000,1500,871300,9343000000,350,false,3.29
"ASM",93739,"/Date(1705027056000)/",11000,20000,869800,9327000000,350,false,3.29
"ASM",93739,"/Date(1705027056000)/",11000,100,849800,9107000000,350,false,3.29
"ASM",93739,"/Date(1705027056000)/",11000,500,849700,9105000000,350,false,3.29
"ASM",93739,"/Date(1705027056000)/",11000,100,849200,9100000000,350,false,3.29
"ASM",93739,"/Date(1705027056000)/",11000,2400,849100,9099000000,350,false,3.29
"ASM",93739,"/Date(1705027056000)/",11000,5000,846700,9072000000,350,false,3.29
"ASM",93739,"/Date(1705027056000)/",11000,100,841700,9017000000,350,false,3.29
"ASM",93739,"/Date(1705027056000)/",11000,1000,841600,9016000000,350,false,3.29
"ASM",93739,"/Date(1705027056000)/",11000,10000,840600,9005000000,350,false,3.29
"ASM",93739,"/Date(1705027056000)/",11000,3000,830600,8895000000,350,false,3.29
"ASM",93739,"/Date(1705027056000)/",11000,100,827600,8862000000,350,false,3.29
"ASM",93739,"/Date(1705027056000)/",11000,30000,827500,8861000000,350,false,3.29
"ASM",93739,"/Date(1705027056000)/",11000,400,797500,8531000000,350,false,3.29
"ASM",93739,"/Date(1705027056000)/",11000,1000,797100,8527000000,350,false,3.29
"ASM",93739,"/Date(1705027056000)/",11000,500,796100,8516000000,350,false,3.29
"ASM",93739,"/Date(1705027056000)/",11000,800,795600,8510000000,350,false,3.29
"ASM",93739,"/Date(1705027056000)/",11000,20000,794800,8502000000,350,false,3.29
"ASM",93739,"/Date(1705027056000)/",11000,200,774800,8282000000,350,false,3.29
"ASM",93739,"/Date(1705027056000)/",11000,100,774600,8279000000,350,false,3.29
"ASM",93739,"/Date(1705027056000)/",11000,2000,774500,8278000000,350,false,3.29
"ASM",93739,"/Date(1705027056000)/",11000,500,772500,8256000000,350,false,3.29
"ASM",93739,"/Date(1705027056000)/",10950,10000,772000,8251000000,300,false,2.82
"ASM",93739,"/Date(1705027056000)/",10950,100,762000,8141000000,300,false,2.82
"ASM",93739,"/Date(1705027056000)/",10950,500,761900,8140000000,300,false,2.82
"ASM",93739,"/Date(1705027056000)/",10950,500,761400,8135000000,300,false,2.82
"ASM",93739,"/Date(1705027056000)/",10950,12000,760900,8129000000,300,false,2.82
"ASM",93739,"/Date(1705027056000)/",10950,200,748900,7998000000,300,false,2.82
"ASM",93739,"/Date(1705027056000)/",10950,1700,748700,7996000000,300,false,2.82
"ASM",93739,"/Date(1705027056000)/",10950,5000,747000,7977000000,300,false,2.82
"ASM",93739,"/Date(1705027056000)/",10950,500,742000,7922000000,300,false,2.82
"ASM",93739,"/Date(1705027056000)/",10950,100,741500,7917000000,300,false,2.82
"ASM",93739,"/Date(1705027056000)/",10950,300,741400,7916000000,300,false,2.82
"ASM",93739,"/Date(1705027056000)/",10950,1000,741100,7912000000,300,false,2.82
"ASM",93739,"/Date(1705027056000)/",10950,20000,740100,7901000000,300,false,2.82
"ASM",93739,"/Date(1705027056000)/",10900,200,720100,7682000000,250,false,2.35
"ASM",93739,"/Date(1705027056000)/",10900,10000,719900,7680000000,250,false,2.35
"ASM",93739,"/Date(1705027056000)/",10900,10000,709900,7571000000,250,false,2.35
"ASM",93739,"/Date(1705027056000)/",10900,500,699900,7462000000,250,false,2.35
"ASM",93739,"/Date(1705027056000)/",10900,1000,699400,7457000000,250,false,2.35
"ASM",93739,"/Date(1705027056000)/",10900,5000,698400,7446000000,250,false,2.35
"ASM",93739,"/Date(1705027056000)/",10900,2000,693400,7391000000,250,false,2.35
"ASM",93739,"/Date(1705027056000)/",10900,100,691400,7370000000,250,false,2.35
"ASM",93739,"/Date(1705027056000)/",10900,1000,691300,7369000000,250,false,2.35
"ASM",93739,"/Date(1705027056000)/",10900,200,690300,7358000000,250,false,2.35
"ASM",93739,"/Date(1705027056000)/",10900,200,690100,7355000000,250,false,2.35
"ASM",93739,"/Date(1705027056000)/",10900,20000,689900,7353000000,250,false,2.35
"ASM",93739,"/Date(1705027056000)/",10900,100,669900,7135000000,250,false,2.35
"ASM",93739,"/Date(1705027056000)/",10900,200,669800,7134000000,250,false,2.35
"ASM",93739,"/Date(1705027056000)/",10900,4200,669600,7132000000,250,false,2.35
"ASM",93727,"/Date(1705027046000)/",10900,3200,665400,7086000000,250,false,2.35
"ASM",93717,"/Date(1705027037000)/",10850,300,662200,7051000000,200,true,1.88
"ASM",93717,"/Date(1705027034000)/",10900,700,661900,7048000000,250,false,2.35
"ASM",93714,"/Date(1705027033000)/",10900,500,661200,7040000000,250,false,2.35
"ASM",93704,"/Date(1705027022000)/",10900,100,660700,7035000000,250,false,2.35
"ASM",93658,"/Date(1705027017000)/",10900,1300,660600,7034000000,250,false,2.35
"ASM",93658,"/Date(1705027017000)/",10900,100,659300,7020000000,250,false,2.35
"ASM",93655,"/Date(1705027012000)/",10850,100,659200,7019000000,200,true,1.88
"ASM",93655,"/Date(1705027012000)/",10900,500,659100,7018000000,250,false,2.35
"ASM",93648,"/Date(1705027007000)/",10850,500,658600,7012000000,200,false,1.88
"ASM",93648,"/Date(1705027007000)/",10850,1000,658100,7007000000,200,false,1.88
"ASM",93648,"/Date(1705027007000)/",10850,200,657100,6996000000,200,false,1.88
"ASM",93648,"/Date(1705027007000)/",10850,9700,656900,6994000000,200,false,1.88
"ASM",93648,"/Date(1705027007000)/",10850,200,647200,6888000000,200,false,1.88
"ASM",93648,"/Date(1705027007000)/",10850,200,647000,6886000000,200,false,1.88
"ASM",93645,"/Date(1705027002000)/",10850,200,646800,6884000000,200,false,1.88
"ASM",93642,"/Date(1705027001000)/",10850,500,646600,6882000000,200,false,1.88
"ASM",93639,"/Date(1705026998000)/",10850,1000,646100,6877000000,200,false,1.88
"ASM",93639,"/Date(1705026996000)/",10850,3100,645100,6866000000,200,false,1.88
"ASM",93639,"/Date(1705026996000)/",10850,200,642000,6832000000,200,false,1.88
"ASM",93639,"/Date(1705026996000)/",10850,1000,641800,6830000000,200,false,1.88
"ASM",93639,"/Date(1705026996000)/",10850,3000,640800,6819000000,200,false,1.88
"ASM",93639,"/Date(1705026996000)/",10850,2000,637800,6786000000,200,false,1.88
"ASM",93639,"/Date(1705026996000)/",10850,10000,635800,6765000000,200,false,1.88
"ASM",93639,"/Date(1705026996000)/",10850,1000,625800,6656000000,200,false,1.88
"ASM",93639,"/Date(1705026996000)/",10850,1000,624800,6645000000,200,false,1.88
"ASM",93639,"/Date(1705026996000)/",10850,2000,623800,6635000000,200,false,1.88
"ASM",93639,"/Date(1705026996000)/",10850,500,621800,6613000000,200,false,1.88
"ASM",93639,"/Date(1705026996000)/",10850,200,621300,6607000000,200,false,1.88
"ASM",93639,"/Date(1705026996000)/",10850,100,621100,6605000000,200,false,1.88
"ASM",93639,"/Date(1705026996000)/",10850,8700,621000,6604000000,200,false,1.88
"ASM",93632,"/Date(1705026990000)/",10850,500,612300,6510000000,200,false,1.88
"ASM",93629,"/Date(1705026986000)/",10850,100,611800,6504000000,200,false,1.88
"ASM",93548,"/Date(1705026946000)/",10850,500,611700,6503000000,200,false,1.88
"ASM",93548,"/Date(1705026945000)/",10850,200,611200,6498000000,200,false,1.88
"ASM",93548,"/Date(1705026945000)/",10850,100,611000,6496000000,200,false,1.88
"ASM",93538,"/Date(1705026938000)/",10850,6600,610900,6495000000,200,false,1.88
"ASM",93535,"/Date(1705026932000)/",10850,3300,604300,6423000000,200,false,1.88
"ASM",93535,"/Date(1705026932000)/",10850,1700,601000,6387000000,200,false,1.88
"ASM",93532,"/Date(1705026930000)/",10850,3300,599300,6369000000,200,false,1.88
"ASM",93532,"/Date(1705026930000)/",10850,1700,596000,6333000000,200,false,1.88
"ASM",93526,"/Date(1705026925000)/",10850,3300,594300,6314000000,200,false,1.88
"ASM",93526,"/Date(1705026925000)/",10850,100,591000,6279000000,200,false,1.88
"ASM",93526,"/Date(1705026925000)/",10850,6600,590900,6278000000,200,false,1.88
"ASM",93519,"/Date(1705026917000)/",10850,2900,584300,6206000000,200,false,1.88
"ASM",93510,"/Date(1705026906000)/",10800,100,581400,6175000000,150,true,1.41
"ASM",93503,"/Date(1705026901000)/",10800,200,581300,6173000000,150,true,1.41
"ASM",93441,"/Date(1705026879000)/",10850,400,581100,6171000000,200,false,1.88
"ASM",93406,"/Date(1705026843000)/",10850,100,580700,6167000000,200,false,1.88
"ASM",93400,"/Date(1705026839000)/",10800,300,580600,6166000000,150,true,1.41
"ASM",93400,"/Date(1705026838000)/",10800,1000,580300,6163000000,150,true,1.41
"ASM",93400,"/Date(1705026838000)/",10800,100,579300,6152000000,150,true,1.41
"ASM",93400,"/Date(1705026837000)/",10800,200,579200,6151000000,150,true,1.41
"ASM",93400,"/Date(1705026837000)/",10800,1800,579000,6149000000,150,true,1.41
"ASM",93356,"/Date(1705026836000)/",10800,200,577200,6129000000,150,false,1.41
"ASM",93356,"/Date(1705026836000)/",10800,1000,577000,6127000000,150,false,1.41
"ASM",93356,"/Date(1705026836000)/",10800,5300,576000,6116000000,150,false,1.41
"ASM",93356,"/Date(1705026836000)/",10800,100,570700,6059000000,150,false,1.41
"ASM",93356,"/Date(1705026836000)/",10800,100,570600,6058000000,150,false,1.41
"ASM",93356,"/Date(1705026836000)/",10800,1500,570500,6057000000,150,false,1.41
"ASM",93356,"/Date(1705026836000)/",10800,1000,569000,6041000000,150,false,1.41
"ASM",93356,"/Date(1705026836000)/",10800,800,568000,6030000000,150,false,1.41
"ASM",93353,"/Date(1705026831000)/",10800,300,567200,6021000000,150,false,1.41
"ASM",93341,"/Date(1705026819000)/",10800,1000,566900,6018000000,150,false,1.41
"ASM",93337,"/Date(1705026817000)/",10800,900,565900,6007000000,150,false,1.41
"ASM",93337,"/Date(1705026817000)/",10800,2100,565000,5997000000,150,false,1.41
"ASM",93334,"/Date(1705026813000)/",10800,1500,562900,5975000000,150,false,1.41
"ASM",93334,"/Date(1705026813000)/",10800,200,561400,5958000000,150,false,1.41
"ASM",93334,"/Date(1705026811000)/",10800,400,561200,5956000000,150,false,1.41
"ASM",93334,"/Date(1705026811000)/",10800,800,560800,5952000000,150,false,1.41
"ASM",93334,"/Date(1705026811000)/",10800,200,560000,5943000000,150,false,1.41
"ASM",93334,"/Date(1705026811000)/",10800,100,559800,5941000000,150,false,1.41
"ASM",93334,"/Date(1705026811000)/",10800,1900,559700,5940000000,150,false,1.41
"ASM",93331,"/Date(1705026810000)/",10800,100,557800,5920000000,150,false,1.41
"ASM",93331,"/Date(1705026810000)/",10800,100,557700,5919000000,150,false,1.41
"ASM",93331,"/Date(1705026809000)/",10800,6600,557600,5917000000,150,false,1.41
"ASM",93328,"/Date(1705026807000)/",10800,300,551000,5846000000,150,false,1.41
"ASM",93328,"/Date(1705026805000)/",10800,1500,550700,5843000000,150,false,1.41
"ASM",93322,"/Date(1705026801000)/",10800,300,549200,5827000000,150,false,1.41
"ASM",93318,"/Date(1705026796000)/",10800,1200,548900,5823000000,150,false,1.41
"ASM",93318,"/Date(1705026796000)/",10800,3000,547700,5811000000,150,false,1.41
"ASM",93318,"/Date(1705026796000)/",10800,2000,544700,5778000000,150,false,1.41
"ASM",93318,"/Date(1705026796000)/",10800,100,542700,5757000000,150,false,1.41
"ASM",93318,"/Date(1705026796000)/",10800,500,542600,5755000000,150,false,1.41
"ASM",93318,"/Date(1705026796000)/",10800,1000,542100,5750000000,150,false,1.41
"ASM",93318,"/Date(1705026796000)/",10800,2200,541100,5739000000,150,false,1.41
"ASM",93312,"/Date(1705026791000)/",10750,1500,538900,5715000000,100,true,0.94
"ASM",93312,"/Date(1705026790000)/",10800,6500,537400,5699000000,150,false,1.41
"ASM",93312,"/Date(1705026790000)/",10800,200,530900,5629000000,150,false,1.41
"ASM",93302,"/Date(1705026782000)/",10750,2000,530700,5627000000,100,true,0.94
"ASM",93221,"/Date(1705026741000)/",10800,1100,528700,5606000000,150,false,1.41
"ASM",93221,"/Date(1705026741000)/",10800,100,527600,5594000000,150,false,1.41
"ASM",93221,"/Date(1705026741000)/",10800,1000,527500,5593000000,150,false,1.41
"ASM",93221,"/Date(1705026741000)/",10800,7800,526500,5582000000,150,false,1.41
"ASM",93221,"/Date(1705026739000)/",10800,1300,518700,5498000000,150,false,1.41
"ASM",93205,"/Date(1705026723000)/",10800,900,517400,5483000000,150,false,1.41
"ASM",93205,"/Date(1705026723000)/",10800,100,516500,5474000000,150,false,1.41
"ASM",93205,"/Date(1705026722000)/",10750,600,516400,5473000000,100,true,0.94
"ASM",93202,"/Date(1705026720000)/",10750,400,515800,5466000000,100,false,0.94
"ASM",93202,"/Date(1705026720000)/",10750,100,515400,5462000000,100,false,0.94
"ASM",93202,"/Date(1705026720000)/",10750,100,515300,5461000000,100,false,0.94
"ASM",93202,"/Date(1705026720000)/",10750,400,515200,5460000000,100,false,0.94
"ASM",93156,"/Date(1705026714000)/",10750,100,514800,5455000000,100,false,0.94
"ASM",93156,"/Date(1705026714000)/",10750,100,514700,5454000000,100,false,0.94
"ASM",93156,"/Date(1705026714000)/",10750,100,514600,5453000000,100,false,0.94
"ASM",93156,"/Date(1705026714000)/",10750,3000,514500,5452000000,100,false,0.94
"ASM",93156,"/Date(1705026714000)/",10750,6700,511500,5420000000,100,false,0.94
"ASM",93146,"/Date(1705026704000)/",10750,3300,504800,5348000000,100,false,0.94
"ASM",93146,"/Date(1705026704000)/",10750,4000,501500,5312000000,100,false,0.94
"ASM",93146,"/Date(1705026704000)/",10750,1000,497500,5269000000,100,false,0.94
"ASM",93146,"/Date(1705026704000)/",10750,100,496500,5259000000,100,false,0.94
"ASM",93146,"/Date(1705026704000)/",10750,100,496400,5258000000,100,false,0.94
"ASM",93146,"/Date(1705026704000)/",10750,100,496300,5257000000,100,false,0.94
"ASM",93146,"/Date(1705026704000)/",10750,1400,496200,5256000000,100,false,0.94
"ASM",93127,"/Date(1705026684000)/",10750,100,494800,5240000000,100,false,0.94
"ASM",93121,"/Date(1705026679000)/",10700,800,494700,5239000000,50,true,0.47
"ASM",93118,"/Date(1705026674000)/",10700,5000,493900,5231000000,50,false,0.47
"ASM",93114,"/Date(1705026674000)/",10700,2000,488900,5177000000,50,false,0.47
"ASM",93114,"/Date(1705026673000)/",10700,500,486900,5156000000,50,false,0.47
"ASM",93114,"/Date(1705026672000)/",10700,1000,486400,5151000000,50,false,0.47
"ASM",93111,"/Date(1705026669000)/",10700,700,485400,5140000000,50,false,0.47
