"Stockcode","Package","TradingDate","Price","Vol","TotalVol","TotalVal","Change","IsBuy","PerChange"
"EVF",144607,"/Date(1705045500000)/",16900,214500,8388200,141743000000,-200,false,-1.17
"EVF",143059,"/Date(1705044594000)/",16850,4000,8173700,138118000000,-250,true,-1.46
"EVF",143040,"/Date(1705044576000)/",16850,1000,8169700,138051000000,-250,true,-1.46
"EVF",143024,"/Date(1705044560000)/",16850,100,8168700,138034000000,-250,true,-1.46
"EVF",142933,"/Date(1705044509000)/",16850,10000,8168600,138032000000,-250,true,-1.46
"EVF",142907,"/Date(1705044484000)/",16850,300,8158600,137864000000,-250,false,-1.46
"EVF",142907,"/Date(1705044484000)/",16850,3600,8158300,137859000000,-250,false,-1.46
"EVF",142851,"/Date(1705044469000)/",16850,200,8154700,137798000000,-250,false,-1.46
"EVF",142848,"/Date(1705044465000)/",16800,300,8154500,137795000000,-300,true,-1.75
"EVF",142848,"/Date(1705044465000)/",16800,1700,8154200,137789000000,-300,true,-1.75
"EVF",142750,"/Date(1705044405000)/",16800,5000,8152500,137761000000,-300,true,-1.75
"EVF",142750,"/Date(1705044405000)/",16800,300,8147500,137677000000,-300,true,-1.75
"EVF",142747,"/Date(1705044404000)/",16800,500,8147200,137672000000,-300,false,-1.75
"EVF",142747,"/Date(1705044404000)/",16800,200,8146700,137663000000,-300,false,-1.75
"EVF",142747,"/Date(1705044404000)/",16800,1300,8146500,137660000000,-300,false,-1.75
"EVF",142741,"/Date(1705044396000)/",16800,700,8145200,137638000000,-300,false,-1.75
"EVF",142741,"/Date(1705044396000)/",16800,200,8144500,137627000000,-300,false,-1.75
"EVF",142741,"/Date(1705044396000)/",16800,100,8144300,137623000000,-300,false,-1.75
"EVF",142737,"/Date(1705044391000)/",16800,4800,8144200,137621000000,-300,false,-1.75
"EVF",142737,"/Date(1705044389000)/",16800,100,8139400,137541000000,-300,false,-1.75
"EVF",142737,"/Date(1705044389000)/",16800,1000,8139300,137539000000,-300,false,-1.75
"EVF",142721,"/Date(1705044377000)/",16800,100,8138300,137522000000,-300,false,-1.75
"EVF",142656,"/Date(1705044353000)/",16800,500,8138200,137521000000,-300,false,-1.75
"EVF",142643,"/Date(1705044340000)/",16800,10000,8137700,137512000000,-300,false,-1.75
"EVF",142627,"/Date(1705044323000)/",16800,9000,8127700,137344000000,-300,false,-1.75
"EVF",142617,"/Date(1705044313000)/",16800,100,8118700,137193000000,-300,false,-1.75
"EVF",142549,"/Date(1705044283000)/",16800,1000,8118600,137191000000,-300,false,-1.75
"EVF",142542,"/Date(1705044277000)/",16800,5000,8117600,137175000000,-300,false,-1.75
"EVF",142536,"/Date(1705044272000)/",16800,500,8112600,137091000000,-300,false,-1.75
"EVF",142536,"/Date(1705044272000)/",16800,8000,8112100,137082000000,-300,false,-1.75
"EVF",142536,"/Date(1705044270000)/",16800,100,8104100,136948000000,-300,false,-1.75
"EVF",142523,"/Date(1705044258000)/",16800,1000,8104000,136946000000,-300,false,-1.75
"EVF",142510,"/Date(1705044248000)/",16800,200,8103000,136929000000,-300,false,-1.75
"EVF",142501,"/Date(1705044236000)/",16750,5300,8102800,136926000000,-350,true,-2.05
"EVF",142501,"/Date(1705044236000)/",16750,9100,8097500,136837000000,-350,true,-2.05
"EVF",142501,"/Date(1705044236000)/",16750,100,8088400,136685000000,-350,true,-2.05
"EVF",142435,"/Date(1705044211000)/",16750,3700,8088300,136683000000,-350,false,-2.05
"EVF",142432,"/Date(1705044209000)/",16750,500,8084600,136621000000,-350,false,-2.05
"EVF",142426,"/Date(1705044202000)/",16750,200,8084100,136613000000,-350,false,-2.05
"EVF",142419,"/Date(1705044197000)/",16750,10000,8083900,136609000000,-350,false,-2.05
"EVF",142416,"/Date(1705044193000)/",16750,900,8073900,136442000000,-350,false,-2.05
"EVF",142413,"/Date(1705044190000)/",16750,5000,8073000,136427000000,-350,false,-2.05
"EVF",142400,"/Date(1705044175000)/",16750,20000,8068000,136343000000,-350,false,-2.05
"EVF",142353,"/Date(1705044169000)/",16700,100,8048000,136008000000,-400,true,-2.34
"EVF",142350,"/Date(1705044167000)/",16700,200,8047900,136006000000,-400,false,-2.34
"EVF",142350,"/Date(1705044167000)/",16700,100,8047700,136003000000,-400,false,-2.34
"EVF",142350,"/Date(1705044167000)/",16700,14600,8047600,136001000000,-400,false,-2.34
"EVF",142334,"/Date(1705044150000)/",16700,100,8033000,135758000000,-400,false,-2.34
"EVF",142331,"/Date(1705044147000)/",16700,1000,8032900,135756000000,-400,false,-2.34
"EVF",142328,"/Date(1705044142000)/",16700,100,8031900,135739000000,-400,false,-2.34
"EVF",142259,"/Date(1705044114000)/",16700,1900,8031800,135738000000,-400,false,-2.34
"EVF",142246,"/Date(1705044103000)/",16600,5000,8029900,135706000000,-500,true,-2.92
"EVF",142237,"/Date(1705044094000)/",16600,700,8024900,135623000000,-500,true,-2.92
"EVF",142237,"/Date(1705044092000)/",16600,300,8024200,135611000000,-500,true,-2.92
"EVF",142224,"/Date(1705044080000)/",16600,1000,8023900,135606000000,-500,false,-2.92
"EVF",142224,"/Date(1705044080000)/",16600,600,8022900,135590000000,-500,false,-2.92
"EVF",142217,"/Date(1705044074000)/",16550,10000,8022300,135580000000,-550,true,-3.22
"EVF",142217,"/Date(1705044072000)/",16600,2400,8012300,135414000000,-500,false,-2.92
"EVF",142217,"/Date(1705044072000)/",16600,600,8009900,135374000000,-500,false,-2.92
"EVF",142208,"/Date(1705044064000)/",16600,100,8009300,135364000000,-500,false,-2.92
"EVF",142201,"/Date(1705044057000)/",16600,100,8009200,135363000000,-500,false,-2.92
"EVF",142201,"/Date(1705044057000)/",16600,200,8009100,135361000000,-500,false,-2.92
"EVF",142201,"/Date(1705044057000)/",16600,600,8008900,135358000000,-500,false,-2.92
"EVF",142201,"/Date(1705044057000)/",16600,3000,8008300,135348000000,-500,false,-2.92
"EVF",142201,"/Date(1705044057000)/",16600,400,8005300,135298000000,-500,false,-2.92
"EVF",142142,"/Date(1705044039000)/",16700,2300,8004900,135291000000,-400,false,-2.34
"EVF",142142,"/Date(1705044039000)/",16700,100,8002600,135253000000,-400,false,-2.34
"EVF",142142,"/Date(1705044039000)/",16650,4500,8002500,135251000000,-450,false,-2.63
"EVF",142129,"/Date(1705044025000)/",16600,5000,7998000,135176000000,-500,true,-2.92
"EVF",142129,"/Date(1705044025000)/",16600,15000,7993000,135093000000,-500,true,-2.92
"EVF",142129,"/Date(1705044024000)/",16600,6000,7978000,134844000000,-500,true,-2.92
"EVF",142117,"/Date(1705044014000)/",16600,100,7972000,134745000000,-500,false,-2.92
"EVF",142117,"/Date(1705044014000)/",16600,1000,7971900,134743000000,-500,false,-2.92
"EVF",142117,"/Date(1705044014000)/",16600,7900,7970900,134726000000,-500,false,-2.92
"EVF",142107,"/Date(1705044003000)/",16550,300,7963000,134595000000,-550,true,-3.22
"EVF",142107,"/Date(1705044002000)/",16550,700,7962700,134590000000,-550,true,-3.22
"EVF",142107,"/Date(1705044002000)/",16550,4000,7962000,134579000000,-550,true,-3.22
"EVF",142107,"/Date(1705044002000)/",16600,300,7958000,134513000000,-500,false,-2.92
"EVF",142100,"/Date(1705043998000)/",16600,100,7957700,134508000000,-500,false,-2.92
"EVF",142054,"/Date(1705043990000)/",16600,100,7957600,134506000000,-500,false,-2.92
"EVF",142051,"/Date(1705043988000)/",16600,1000,7957500,134504000000,-500,false,-2.92
"EVF",142041,"/Date(1705043978000)/",16600,100,7956500,134488000000,-500,false,-2.92
"EVF",142035,"/Date(1705043972000)/",16600,300,7956400,134486000000,-500,false,-2.92
"EVF",142028,"/Date(1705043964000)/",16600,100,7956100,134481000000,-500,false,-2.92
"EVF",142028,"/Date(1705043964000)/",16600,100,7956000,134479000000,-500,false,-2.92
"EVF",142028,"/Date(1705043964000)/",16600,100,7955900,134478000000,-500,false,-2.92
"EVF",142028,"/Date(1705043964000)/",16600,2100,7955800,134476000000,-500,false,-2.92
"EVF",142028,"/Date(1705043964000)/",16600,1000,7953700,134441000000,-500,false,-2.92
"EVF",142028,"/Date(1705043964000)/",16600,2000,7952700,134425000000,-500,false,-2.92
"EVF",142028,"/Date(1705043964000)/",16600,10000,7950700,134391000000,-500,false,-2.92
"EVF",142028,"/Date(1705043964000)/",16600,2000,7940700,134225000000,-500,false,-2.92
"EVF",142028,"/Date(1705043964000)/",16600,100,7938700,134192000000,-500,false,-2.92
"EVF",142028,"/Date(1705043964000)/",16600,20000,7938600,134190000000,-500,false,-2.92
"EVF",142028,"/Date(1705043964000)/",16600,500,7918600,133858000000,-500,false,-2.92
"EVF",142028,"/Date(1705043964000)/",16600,1000,7918100,133850000000,-500,false,-2.92
"EVF",142028,"/Date(1705043964000)/",16600,1200,7917100,133834000000,-500,false,-2.92
"EVF",141956,"/Date(1705043933000)/",16600,36800,7915900,133814000000,-500,true,-2.92
"EVF",141956,"/Date(1705043933000)/",16650,1000,7879100,133203000000,-450,true,-2.63
"EVF",141956,"/Date(1705043933000)/",16650,600,7878100,133186000000,-450,true,-2.63
"EVF",141956,"/Date(1705043933000)/",16650,1300,7877500,133176000000,-450,true,-2.63
"EVF",141950,"/Date(1705043926000)/",16650,700,7876200,133155000000,-450,true,-2.63
"EVF",141950,"/Date(1705043926000)/",16650,500,7875500,133143000000,-450,true,-2.63
"EVF",141950,"/Date(1705043926000)/",16650,1000,7875000,133135000000,-450,true,-2.63
"EVF",141950,"/Date(1705043926000)/",16650,30000,7874000,133118000000,-450,true,-2.63
"EVF",141950,"/Date(1705043926000)/",16650,7000,7844000,132618000000,-450,true,-2.63
"EVF",141950,"/Date(1705043926000)/",16650,3200,7837000,132502000000,-450,true,-2.63
"EVF",141950,"/Date(1705043926000)/",16650,7600,7833800,132449000000,-450,true,-2.63
"EVF",141927,"/Date(1705043903000)/",16650,22400,7826200,132322000000,-450,true,-2.63
"EVF",141927,"/Date(1705043903000)/",16650,100,7803800,131949000000,-450,true,-2.63
"EVF",141927,"/Date(1705043903000)/",16650,3400,7803700,131947000000,-450,true,-2.63
"EVF",141918,"/Date(1705043894000)/",16650,200,7800300,131891000000,-450,true,-2.63
"EVF",141911,"/Date(1705043889000)/",16650,2800,7800100,131887000000,-450,true,-2.63
"EVF",141902,"/Date(1705043878000)/",16650,20000,7797300,131841000000,-450,true,-2.63
"EVF",141830,"/Date(1705043847000)/",16650,2000,7777300,131508000000,-450,true,-2.63
"EVF",141823,"/Date(1705043839000)/",16650,1500,7775300,131475000000,-450,true,-2.63
"EVF",141820,"/Date(1705043835000)/",16700,300,7773800,131450000000,-400,true,-2.34
"EVF",141820,"/Date(1705043835000)/",16700,100,7773500,131445000000,-400,true,-2.34
"EVF",141820,"/Date(1705043835000)/",16700,200,7773400,131443000000,-400,true,-2.34
"EVF",141820,"/Date(1705043835000)/",16700,2000,7773200,131440000000,-400,true,-2.34
"EVF",141820,"/Date(1705043835000)/",16700,500,7771200,131406000000,-400,true,-2.34
"EVF",141820,"/Date(1705043835000)/",16700,300,7770700,131398000000,-400,true,-2.34
"EVF",141820,"/Date(1705043835000)/",16700,800,7770400,131393000000,-400,true,-2.34
"EVF",141820,"/Date(1705043835000)/",16700,100,7769600,131379000000,-400,true,-2.34
"EVF",141820,"/Date(1705043835000)/",16700,100,7769500,131378000000,-400,true,-2.34
"EVF",141820,"/Date(1705043835000)/",16700,500,7769400,131376000000,-400,true,-2.34
"EVF",141820,"/Date(1705043835000)/",16700,1000,7768900,131368000000,-400,true,-2.34
"EVF",141820,"/Date(1705043835000)/",16700,1500,7767900,131351000000,-400,true,-2.34
"EVF",141820,"/Date(1705043835000)/",16700,1000,7766400,131326000000,-400,true,-2.34
"EVF",141820,"/Date(1705043835000)/",16700,300,7765400,131309000000,-400,true,-2.34
"EVF",141820,"/Date(1705043835000)/",16700,6200,7765100,131304000000,-400,true,-2.34
"EVF",141820,"/Date(1705043835000)/",16700,35100,7758900,131201000000,-400,true,-2.34
"EVF",141810,"/Date(1705043828000)/",16700,400,7723800,130615000000,-400,true,-2.34
"EVF",141745,"/Date(1705043800000)/",16700,4500,7723400,130608000000,-400,true,-2.34
"EVF",141745,"/Date(1705043800000)/",16700,5000,7718900,130533000000,-400,true,-2.34
"EVF",141745,"/Date(1705043800000)/",16700,20000,7713900,130449000000,-400,true,-2.34
"EVF",141745,"/Date(1705043800000)/",16700,500,7693900,130115000000,-400,true,-2.34
"EVF",141729,"/Date(1705043785000)/",16750,500,7693400,130107000000,-350,false,-2.05
"EVF",141729,"/Date(1705043785000)/",16750,100,7692900,130098000000,-350,false,-2.05
"EVF",141729,"/Date(1705043785000)/",16750,300,7692800,130097000000,-350,false,-2.05
"EVF",141729,"/Date(1705043785000)/",16750,100,7692500,130092000000,-350,false,-2.05
"EVF",141729,"/Date(1705043785000)/",16750,29000,7692400,130090000000,-350,false,-2.05
"EVF",141729,"/Date(1705043785000)/",16750,500,7663400,129604000000,-350,false,-2.05
"EVF",141729,"/Date(1705043785000)/",16750,100,7662900,129596000000,-350,false,-2.05
"EVF",141729,"/Date(1705043785000)/",16750,2000,7662800,129594000000,-350,false,-2.05
"EVF",141729,"/Date(1705043785000)/",16750,5100,7660800,129561000000,-350,false,-2.05
"EVF",141729,"/Date(1705043785000)/",16750,40000,7655700,129475000000,-350,false,-2.05
"EVF",141729,"/Date(1705043785000)/",16750,30000,7615700,128805000000,-350,false,-2.05
"EVF",141729,"/Date(1705043785000)/",16750,40000,7585700,128303000000,-350,false,-2.05
"EVF",141729,"/Date(1705043785000)/",16750,2800,7545700,127633000000,-350,false,-2.05
"EVF",141719,"/Date(1705043774000)/",16750,600,7542900,127586000000,-350,true,-2.05
"EVF",141716,"/Date(1705043772000)/",16800,100,7542300,127576000000,-300,true,-1.75
"EVF",141716,"/Date(1705043772000)/",16800,500,7542200,127574000000,-300,true,-1.75
"EVF",141716,"/Date(1705043772000)/",16800,100,7541700,127566000000,-300,true,-1.75
"EVF",141716,"/Date(1705043772000)/",16800,3000,7541600,127564000000,-300,true,-1.75
"EVF",141716,"/Date(1705043772000)/",16800,500,7538600,127514000000,-300,true,-1.75
"EVF",141716,"/Date(1705043772000)/",16800,30000,7538100,127505000000,-300,true,-1.75
"EVF",141716,"/Date(1705043772000)/",16800,4300,7508100,127001000000,-300,true,-1.75
"EVF",141710,"/Date(1705043766000)/",16800,500,7503800,126929000000,-300,true,-1.75
"EVF",141700,"/Date(1705043756000)/",16800,30000,7503300,126921000000,-300,true,-1.75
"EVF",141634,"/Date(1705043732000)/",16800,500,7473300,126417000000,-300,true,-1.75
"EVF",141546,"/Date(1705043683000)/",16800,100,7472800,126408000000,-300,true,-1.75
"EVF",141534,"/Date(1705043671000)/",16800,4600,7472700,126407000000,-300,true,-1.75
"EVF",141534,"/Date(1705043671000)/",16800,400,7468100,126329000000,-300,true,-1.75
"EVF",141524,"/Date(1705043659000)/",16850,300,7467700,126323000000,-250,false,-1.46
"EVF",141524,"/Date(1705043659000)/",16850,5000,7467400,126318000000,-250,false,-1.46
"EVF",141524,"/Date(1705043659000)/",16850,69700,7462400,126233000000,-250,false,-1.46
"EVF",141452,"/Date(1705043628000)/",16850,30300,7392700,125059000000,-250,true,-1.46
"EVF",141452,"/Date(1705043628000)/",16850,9700,7362400,124548000000,-250,true,-1.46
"EVF",141449,"/Date(1705043627000)/",16850,20000,7352700,124385000000,-250,true,-1.46
"EVF",141436,"/Date(1705043614000)/",16850,1000,7332700,124048000000,-250,true,-1.46
"EVF",141420,"/Date(1705043595000)/",16850,900,7331700,124031000000,-250,true,-1.46
"EVF",141404,"/Date(1705043582000)/",16850,700,7330800,124016000000,-250,true,-1.46
"EVF",141241,"/Date(1705043498000)/",16850,800,7330100,124004000000,-250,true,-1.46
"EVF",141127,"/Date(1705043424000)/",16850,1000,7329300,123991000000,-250,true,-1.46
"EVF",140957,"/Date(1705043332000)/",16900,800,7328300,123974000000,-200,true,-1.17
"EVF",140812,"/Date(1705043229000)/",16900,3000,7327500,123960000000,-200,true,-1.17
"EVF",140755,"/Date(1705043210000)/",16900,100,7324500,123910000000,-200,true,-1.17
"EVF",140749,"/Date(1705043207000)/",16900,300,7324400,123908000000,-200,true,-1.17
"EVF",140746,"/Date(1705043202000)/",16900,2100,7324100,123903000000,-200,true,-1.17
"EVF",140727,"/Date(1705043184000)/",16900,2000,7322000,123867000000,-200,true,-1.17
"EVF",140707,"/Date(1705043164000)/",16900,100,7320000,123834000000,-200,false,-1.17
"EVF",140707,"/Date(1705043164000)/",16900,41600,7319900,123832000000,-200,false,-1.17
"EVF",140632,"/Date(1705043129000)/",16900,5000,7278300,123129000000,-200,false,-1.17
"EVF",140607,"/Date(1705043103000)/",16850,3000,7273300,123044000000,-250,true,-1.46
"EVF",140503,"/Date(1705043038000)/",16900,2000,7270300,122994000000,-200,false,-1.17
"EVF",140353,"/Date(1705042970000)/",16900,51400,7268300,122960000000,-200,true,-1.17
"EVF",140343,"/Date(1705042960000)/",16950,39300,7216900,122091000000,-150,true,-0.88
"EVF",140333,"/Date(1705042951000)/",16950,700,7177600,121425000000,-150,true,-0.88
"EVF",140333,"/Date(1705042951000)/",16950,200,7176900,121413000000,-150,true,-0.88
"EVF",140324,"/Date(1705042939000)/",16950,12000,7176700,121410000000,-150,true,-0.88
"EVF",140308,"/Date(1705042925000)/",16950,100,7164700,121206000000,-150,true,-0.88
"EVF",140301,"/Date(1705042917000)/",16950,7100,7164600,121205000000,-150,true,-0.88
"EVF",140301,"/Date(1705042917000)/",16950,4000,7157500,121084000000,-150,true,-0.88
"EVF",140226,"/Date(1705042883000)/",16950,1600,7153500,121017000000,-150,true,-0.88
"EVF",140213,"/Date(1705042870000)/",16950,3100,7151900,120990000000,-150,true,-0.88
"EVF",140047,"/Date(1705042784000)/",17000,8400,7148800,120937000000,-100,false,-0.58
"EVF",140047,"/Date(1705042784000)/",17000,11600,7140400,120794000000,-100,false,-0.58
"EVF",140037,"/Date(1705042773000)/",16950,12000,7128800,120597000000,-150,true,-0.88
"EVF",140031,"/Date(1705042766000)/",16950,5000,7116800,120394000000,-150,true,-0.88
"EVF",135959,"/Date(1705042737000)/",16950,1000,7111800,120309000000,-150,true,-0.88
"EVF",135559,"/Date(1705042496000)/",16950,300,7110800,120292000000,-150,true,-0.88
"EVF",135553,"/Date(1705042488000)/",16950,20000,7110500,120287000000,-150,true,-0.88
"EVF",135546,"/Date(1705042482000)/",16950,1500,7090500,119948000000,-150,true,-0.88
"EVF",135445,"/Date(1705042420000)/",16950,600,7089000,119922000000,-150,true,-0.88
"EVF",135426,"/Date(1705042402000)/",16950,900,7088400,119912000000,-150,true,-0.88
"EVF",135341,"/Date(1705042357000)/",16950,500,7087500,119897000000,-150,true,-0.88
"EVF",135313,"/Date(1705042328000)/",16950,100,7087000,119888000000,-150,false,-0.88
"EVF",135313,"/Date(1705042328000)/",16950,30000,7086900,119887000000,-150,false,-0.88
"EVF",135306,"/Date(1705042321000)/",16900,8600,7056900,119378000000,-200,true,-1.17
"EVF",135257,"/Date(1705042314000)/",16900,20000,7048300,119233000000,-200,false,-1.17
"EVF",135247,"/Date(1705042304000)/",16900,21400,7028300,118895000000,-200,false,-1.17
"EVF",135247,"/Date(1705042304000)/",16900,28600,7006900,118533000000,-200,false,-1.17
"EVF",135209,"/Date(1705042265000)/",16900,10000,6978300,118050000000,-200,false,-1.17
"EVF",135146,"/Date(1705042243000)/",16850,3700,6968300,117881000000,-250,true,-1.46
"EVF",135042,"/Date(1705042177000)/",16900,1400,6964600,117819000000,-200,false,-1.17
"EVF",135042,"/Date(1705042177000)/",16900,10000,6963200,117795000000,-200,false,-1.17
"EVF",135042,"/Date(1705042177000)/",16900,8600,6953200,117626000000,-200,false,-1.17
"EVF",134932,"/Date(1705042109000)/",16850,25000,6944600,117481000000,-250,false,-1.46
"EVF",134932,"/Date(1705042109000)/",16850,2500,6919600,117059000000,-250,false,-1.46
"EVF",134932,"/Date(1705042109000)/",16850,20000,6917100,117017000000,-250,false,-1.46
"EVF",134932,"/Date(1705042109000)/",16850,1000,6897100,116680000000,-250,false,-1.46
"EVF",134919,"/Date(1705042096000)/",16800,2000,6896100,116663000000,-300,true,-1.75
"EVF",134919,"/Date(1705042096000)/",16800,8700,6894100,116630000000,-300,true,-1.75
"EVF",134909,"/Date(1705042086000)/",16800,1000,6885400,116484000000,-300,false,-1.75
"EVF",134824,"/Date(1705042042000)/",16800,100,6884400,116467000000,-300,false,-1.75
"EVF",134821,"/Date(1705042038000)/",16800,200,6884300,116465000000,-300,true,-1.75
"EVF",134808,"/Date(1705042026000)/",16800,200,6884100,116462000000,-300,false,-1.75
"EVF",134802,"/Date(1705042019000)/",16750,600,6883900,116458000000,-350,true,-2.05
"EVF",134802,"/Date(1705042017000)/",16800,200,6883300,116448000000,-300,false,-1.75
"EVF",134746,"/Date(1705042003000)/",16800,3000,6883100,116445000000,-300,true,-1.75
"EVF",134746,"/Date(1705042003000)/",16800,200,6880100,116395000000,-300,true,-1.75
"EVF",134746,"/Date(1705042003000)/",16800,3000,6879900,116391000000,-300,true,-1.75
"EVF",134746,"/Date(1705042003000)/",16800,100,6876900,116341000000,-300,true,-1.75
"EVF",134746,"/Date(1705042003000)/",16800,1000,6876800,116339000000,-300,true,-1.75
"EVF",134746,"/Date(1705042003000)/",16800,100,6875800,116322000000,-300,true,-1.75
"EVF",134746,"/Date(1705042003000)/",16800,5000,6875700,116321000000,-300,true,-1.75
"EVF",134746,"/Date(1705042003000)/",16800,2200,6870700,116237000000,-300,true,-1.75
"EVF",134743,"/Date(1705041998000)/",16800,2800,6868500,116200000000,-300,true,-1.75
"EVF",134724,"/Date(1705041980000)/",16800,7200,6865700,116153000000,-300,true,-1.75
"EVF",134639,"/Date(1705041934000)/",16800,700,6858500,116032000000,-300,true,-1.75
"EVF",134607,"/Date(1705041904000)/",16800,2200,6857800,116020000000,-300,true,-1.75
"EVF",134607,"/Date(1705041904000)/",16800,100,6855600,115983000000,-300,true,-1.75
"EVF",134607,"/Date(1705041904000)/",16800,1000,6855500,115981000000,-300,true,-1.75
"EVF",134607,"/Date(1705041904000)/",16800,8200,6854500,115965000000,-300,true,-1.75
"EVF",134554,"/Date(1705041889000)/",16800,5400,6846300,115827000000,-300,true,-1.75
"EVF",134554,"/Date(1705041889000)/",16800,300,6840900,115736000000,-300,true,-1.75
"EVF",134544,"/Date(1705041881000)/",16800,200,6840600,115731000000,-300,true,-1.75
"EVF",134544,"/Date(1705041881000)/",16800,1900,6840400,115728000000,-300,true,-1.75
"EVF",134544,"/Date(1705041880000)/",16800,8100,6838500,115696000000,-300,true,-1.75
"EVF",134544,"/Date(1705041880000)/",16800,400,6830400,115560000000,-300,true,-1.75
"EVF",134544,"/Date(1705041880000)/",16800,500,6830000,115553000000,-300,true,-1.75
"EVF",134544,"/Date(1705041880000)/",16800,100,6829500,115545000000,-300,true,-1.75
"EVF",134544,"/Date(1705041880000)/",16800,500,6829400,115543000000,-300,true,-1.75
"EVF",134544,"/Date(1705041880000)/",16800,1000,6828900,115534000000,-300,true,-1.75
"EVF",134544,"/Date(1705041880000)/",16800,39400,6827900,115518000000,-300,true,-1.75
"EVF",134538,"/Date(1705041874000)/",16850,200,6788500,114856000000,-250,false,-1.46
"EVF",134500,"/Date(1705041836000)/",16850,300,6788300,114852000000,-250,false,-1.46
"EVF",134431,"/Date(1705041807000)/",16850,200,6788000,114847000000,-250,true,-1.46
"EVF",134418,"/Date(1705041796000)/",16850,100,6787800,114844000000,-250,false,-1.46
"EVF",134333,"/Date(1705041749000)/",16850,2000,6787700,114842000000,-250,false,-1.46
"EVF",134324,"/Date(1705041739000)/",16800,1400,6785700,114809000000,-300,true,-1.75
"EVF",134324,"/Date(1705041739000)/",16850,100,6784300,114785000000,-250,true,-1.46
"EVF",134324,"/Date(1705041739000)/",16850,100,6784200,114783000000,-250,true,-1.46
"EVF",134324,"/Date(1705041739000)/",16850,100,6784100,114782000000,-250,true,-1.46
"EVF",134324,"/Date(1705041739000)/",16850,300,6784000,114780000000,-250,true,-1.46
"EVF",134314,"/Date(1705041732000)/",16850,10000,6783700,114775000000,-250,true,-1.46
"EVF",134305,"/Date(1705041720000)/",16850,9700,6773700,114606000000,-250,true,-1.46
"EVF",134305,"/Date(1705041720000)/",16850,500,6764000,114443000000,-250,true,-1.46
"EVF",134305,"/Date(1705041720000)/",16850,2000,6763500,114435000000,-250,true,-1.46
"EVF",134305,"/Date(1705041720000)/",16850,1000,6761500,114401000000,-250,true,-1.46
"EVF",134305,"/Date(1705041720000)/",16850,36800,6760500,114384000000,-250,true,-1.46
"EVF",134252,"/Date(1705041709000)/",16900,900,6723700,113764000000,-200,false,-1.17
"EVF",134242,"/Date(1705041698000)/",16900,100,6722800,113749000000,-200,false,-1.17
"EVF",134038,"/Date(1705041575000)/",16900,1400,6722700,113747000000,-200,false,-1.17
"EVF",134038,"/Date(1705041575000)/",16900,100,6721300,113723000000,-200,false,-1.17
"EVF",134038,"/Date(1705041575000)/",16900,1500,6721200,113722000000,-200,false,-1.17
"EVF",134025,"/Date(1705041561000)/",16900,3000,6719700,113696000000,-200,false,-1.17
"EVF",133836,"/Date(1705041453000)/",16900,2000,6716700,113646000000,-200,false,-1.17
"EVF",133833,"/Date(1705041449000)/",16900,500,6714700,113612000000,-200,false,-1.17
"EVF",133723,"/Date(1705041380000)/",16900,100,6714200,113603000000,-200,false,-1.17
"EVF",133635,"/Date(1705041330000)/",16900,1500,6714100,113602000000,-200,false,-1.17
"EVF",133635,"/Date(1705041330000)/",16900,100,6712600,113576000000,-200,false,-1.17
"EVF",133635,"/Date(1705041330000)/",16900,20100,6712500,113575000000,-200,false,-1.17
"EVF",133635,"/Date(1705041330000)/",16900,21200,6692400,113235000000,-200,false,-1.17
"EVF",133628,"/Date(1705041325000)/",16900,8800,6671200,112877000000,-200,true,-1.17
"EVF",133628,"/Date(1705041325000)/",16900,27500,6662400,112728000000,-200,true,-1.17
"EVF",133622,"/Date(1705041317000)/",16900,3000,6634900,112263000000,-200,true,-1.17
"EVF",133619,"/Date(1705041315000)/",16900,13700,6631900,112212000000,-200,true,-1.17
"EVF",133612,"/Date(1705041307000)/",16900,1000,6618200,111981000000,-200,true,-1.17
"EVF",133609,"/Date(1705041304000)/",16900,5100,6617200,111964000000,-200,true,-1.17
"EVF",133609,"/Date(1705041304000)/",16900,700,6612100,111878000000,-200,true,-1.17
"EVF",133420,"/Date(1705041197000)/",16900,300,6611400,111866000000,-200,true,-1.17
"EVF",133420,"/Date(1705041197000)/",16900,9700,6611100,111861000000,-200,true,-1.17
"EVF",133351,"/Date(1705041168000)/",16900,3000,6601400,111697000000,-200,true,-1.17
"EVF",133313,"/Date(1705041131000)/",16950,200,6598400,111646000000,-150,true,-0.88
"EVF",133310,"/Date(1705041126000)/",16950,1800,6598200,111643000000,-150,false,-0.88
"EVF",133307,"/Date(1705041121000)/",16950,3000,6596400,111612000000,-150,true,-0.88
"EVF",133121,"/Date(1705041018000)/",16950,200,6593400,111562000000,-150,true,-0.88
"EVF",133108,"/Date(1705041004000)/",16950,800,6593200,111558000000,-150,true,-0.88
"EVF",133108,"/Date(1705041004000)/",16950,49200,6592400,111545000000,-150,true,-0.88
"EVF",133010,"/Date(1705040946000)/",17000,1000,6543200,110711000000,-100,false,-0.58
"EVF",133010,"/Date(1705040946000)/",16950,1000,6542200,110694000000,-150,true,-0.88
"EVF",133010,"/Date(1705040945000)/",16950,100,6541200,110677000000,-150,true,-0.88
"EVF",133010,"/Date(1705040945000)/",16950,1200,6541100,110675000000,-150,true,-0.88
"EVF",132954,"/Date(1705040929000)/",16950,800,6539900,110655000000,-150,true,-0.88
"EVF",132954,"/Date(1705040929000)/",16950,100,6539100,110641000000,-150,true,-0.88
"EVF",132954,"/Date(1705040929000)/",16950,7900,6539000,110639000000,-150,true,-0.88
"EVF",132922,"/Date(1705040897000)/",17000,600,6531100,110506000000,-100,true,-0.58
"EVF",132922,"/Date(1705040897000)/",17000,6800,6530500,110495000000,-100,true,-0.58
"EVF",132916,"/Date(1705040892000)/",17000,1000,6523700,110380000000,-100,true,-0.58
"EVF",132840,"/Date(1705040856000)/",17000,1000,6522700,110363000000,-100,true,-0.58
"EVF",132834,"/Date(1705040851000)/",17000,10900,6521700,110346000000,-100,true,-0.58
"EVF",132818,"/Date(1705040833000)/",17000,5000,6510800,110160000000,-100,true,-0.58
"EVF",132815,"/Date(1705040832000)/",17000,400,6505800,110075000000,-100,true,-0.58
"EVF",132752,"/Date(1705040808000)/",17000,400,6505400,110069000000,-100,true,-0.58
"EVF",132749,"/Date(1705040806000)/",17050,500,6505000,110062000000,-50,false,-0.29
"EVF",132740,"/Date(1705040797000)/",17000,1000,6504500,110053000000,-100,true,-0.58
"EVF",132730,"/Date(1705040785000)/",17000,13500,6503500,110036000000,-100,true,-0.58
"EVF",132730,"/Date(1705040785000)/",17000,15600,6490000,109807000000,-100,true,-0.58
"EVF",132629,"/Date(1705040727000)/",17000,100,6474400,109542000000,-100,false,-0.58
"EVF",132629,"/Date(1705040727000)/",17000,1000,6474300,109540000000,-100,false,-0.58
"EVF",132629,"/Date(1705040727000)/",17000,15000,6473300,109523000000,-100,false,-0.58
"EVF",132629,"/Date(1705040727000)/",17000,2000,6458300,109268000000,-100,false,-0.58
"EVF",132629,"/Date(1705040727000)/",17000,3600,6456300,109234000000,-100,false,-0.58
"EVF",132629,"/Date(1705040727000)/",17000,2000,6452700,109173000000,-100,false,-0.58
"EVF",132629,"/Date(1705040727000)/",17000,4200,6450700,109139000000,-100,false,-0.58
"EVF",132629,"/Date(1705040727000)/",17000,6500,6446500,109067000000,-100,false,-0.58
"EVF",132610,"/Date(1705040703000)/",17000,5000,6440000,108957000000,-100,false,-0.58
"EVF",132551,"/Date(1705040687000)/",17000,200,6435000,108872000000,-100,false,-0.58
"EVF",132551,"/Date(1705040686000)/",16950,200,6434800,108868000000,-150,true,-0.88
"EVF",132522,"/Date(1705040657000)/",17000,4100,6434600,108865000000,-100,false,-0.58
"EVF",132522,"/Date(1705040657000)/",17000,100,6430500,108795000000,-100,false,-0.58
"EVF",132522,"/Date(1705040657000)/",17000,2000,6430400,108794000000,-100,false,-0.58
"EVF",132522,"/Date(1705040657000)/",17000,1200,6428400,108760000000,-100,false,-0.58
"EVF",132522,"/Date(1705040657000)/",17000,10000,6427200,108739000000,-100,false,-0.58
"EVF",132522,"/Date(1705040657000)/",17000,1000,6417200,108569000000,-100,false,-0.58
"EVF",132522,"/Date(1705040657000)/",17000,1600,6416200,108552000000,-100,false,-0.58
"EVF",132516,"/Date(1705040652000)/",17000,2500,6414600,108525000000,-100,false,-0.58
"EVF",132516,"/Date(1705040651000)/",17000,2000,6412100,108483000000,-100,false,-0.58
"EVF",132516,"/Date(1705040651000)/",17000,10000,6410100,108449000000,-100,false,-0.58
"EVF",132512,"/Date(1705040647000)/",17000,3900,6400100,108279000000,-100,false,-0.58
"EVF",132311,"/Date(1705040527000)/",16950,2800,6396200,108212000000,-150,true,-0.88
"EVF",132311,"/Date(1705040527000)/",16950,300,6393400,108165000000,-150,true,-0.88
"EVF",132311,"/Date(1705040527000)/",16950,8800,6393100,108160000000,-150,true,-0.88
"EVF",132305,"/Date(1705040521000)/",16950,30000,6384300,108011000000,-150,false,-0.88
"EVF",132258,"/Date(1705040515000)/",16900,3000,6354300,107502000000,-200,false,-1.17
"EVF",132258,"/Date(1705040515000)/",16900,1700,6351300,107451000000,-200,false,-1.17
"EVF",132258,"/Date(1705040515000)/",16900,2600,6349600,107423000000,-200,false,-1.17
"EVF",132258,"/Date(1705040515000)/",16900,10000,6347000,107379000000,-200,false,-1.17
"EVF",132220,"/Date(1705040475000)/",16900,13600,6337000,107210000000,-200,false,-1.17
"EVF",132220,"/Date(1705040475000)/",16900,6400,6323400,106980000000,-200,false,-1.17
"EVF",132210,"/Date(1705040466000)/",16850,10000,6317000,106872000000,-250,false,-1.46
"EVF",132210,"/Date(1705040466000)/",16850,5000,6307000,106703000000,-250,false,-1.46
"EVF",132210,"/Date(1705040466000)/",16850,8200,6302000,106619000000,-250,false,-1.46
"EVF",132204,"/Date(1705040461000)/",16850,400,6293800,106481000000,-250,false,-1.46
"EVF",132157,"/Date(1705040455000)/",16850,500,6293400,106474000000,-250,false,-1.46
"EVF",132157,"/Date(1705040453000)/",16800,9200,6292900,106466000000,-300,true,-1.75
"EVF",132157,"/Date(1705040453000)/",16800,800,6283700,106311000000,-300,true,-1.75
"EVF",132122,"/Date(1705040419000)/",16850,300,6282900,106298000000,-250,false,-1.46
"EVF",132113,"/Date(1705040408000)/",16850,400,6282600,106293000000,-250,false,-1.46
"EVF",132028,"/Date(1705040365000)/",16850,200,6282200,106286000000,-250,false,-1.46
"EVF",132015,"/Date(1705040352000)/",16850,200,6282000,106282000000,-250,false,-1.46
"EVF",132002,"/Date(1705040338000)/",16850,2000,6281800,106279000000,-250,false,-1.46
"EVF",132002,"/Date(1705040338000)/",16850,100,6279800,106245000000,-250,false,-1.46
"EVF",132002,"/Date(1705040338000)/",16850,1000,6279700,106244000000,-250,false,-1.46
"EVF",132002,"/Date(1705040338000)/",16850,26700,6278700,106227000000,-250,false,-1.46
"EVF",131921,"/Date(1705040298000)/",16900,200,6252000,105777000000,-200,false,-1.17
"EVF",131914,"/Date(1705040292000)/",16900,400,6251800,105774000000,-200,false,-1.17
"EVF",131849,"/Date(1705040265000)/",16900,100,6251400,105767000000,-200,false,-1.17
"EVF",131849,"/Date(1705040265000)/",16900,600,6251300,105765000000,-200,false,-1.17
"EVF",131843,"/Date(1705040258000)/",16900,1200,6250700,105755000000,-200,true,-1.17
"EVF",131723,"/Date(1705040179000)/",16900,100,6249500,105735000000,-200,false,-1.17
"EVF",131651,"/Date(1705040147000)/",16900,1700,6249400,105733000000,-200,true,-1.17
"EVF",131644,"/Date(1705040141000)/",16900,2000,6247700,105704000000,-200,true,-1.17
"EVF",131544,"/Date(1705040080000)/",16950,1500,6245700,105670000000,-150,false,-0.88
"EVF",131544,"/Date(1705040080000)/",16900,3500,6244200,105645000000,-200,false,-1.17
"EVF",131534,"/Date(1705040071000)/",16900,10000,6240700,105586000000,-200,false,-1.17
"EVF",131534,"/Date(1705040070000)/",16900,1100,6230700,105417000000,-200,false,-1.17
"EVF",131534,"/Date(1705040070000)/",16900,200,6229600,105398000000,-200,false,-1.17
"EVF",131534,"/Date(1705040070000)/",16900,200,6229400,105395000000,-200,false,-1.17
"EVF",131528,"/Date(1705040065000)/",16900,1800,6229200,105392000000,-200,true,-1.17
"EVF",131528,"/Date(1705040065000)/",16900,100,6227400,105361000000,-200,true,-1.17
"EVF",131528,"/Date(1705040065000)/",16900,2000,6227300,105359000000,-200,true,-1.17
"EVF",131528,"/Date(1705040065000)/",16900,100,6225300,105326000000,-200,true,-1.17
"EVF",131528,"/Date(1705040065000)/",16900,1000,6225200,105324000000,-200,true,-1.17
"EVF",131528,"/Date(1705040065000)/",16900,5000,6224200,105307000000,-200,true,-1.17
"EVF",131522,"/Date(1705040059000)/",16950,9700,6219200,105223000000,-150,false,-0.88
"EVF",131522,"/Date(1705040059000)/",16950,5000,6209500,105058000000,-150,false,-0.88
"EVF",131522,"/Date(1705040059000)/",16950,4300,6204500,104973000000,-150,false,-0.88
"EVF",131317,"/Date(1705039934000)/",16900,3000,6200200,104900000000,-200,true,-1.17
"EVF",131317,"/Date(1705039933000)/",16900,1000,6197200,104850000000,-200,true,-1.17
"EVF",131314,"/Date(1705039928000)/",16900,3000,6196200,104833000000,-200,true,-1.17
"EVF",131304,"/Date(1705039919000)/",16900,30000,6193200,104782000000,-200,false,-1.17
"EVF",131304,"/Date(1705039919000)/",16900,1000,6163200,104275000000,-200,false,-1.17
"EVF",131304,"/Date(1705039919000)/",16900,100,6162200,104258000000,-200,false,-1.17
"EVF",131304,"/Date(1705039919000)/",16900,1000,6162100,104257000000,-200,false,-1.17
"EVF",131304,"/Date(1705039919000)/",16900,5900,6161100,104240000000,-200,false,-1.17
"EVF",131301,"/Date(1705039918000)/",16850,300,6155200,104140000000,-250,true,-1.46
"EVF",131251,"/Date(1705039907000)/",16900,300,6154900,104135000000,-200,false,-1.17
"EVF",131248,"/Date(1705039904000)/",16850,17900,6154600,104130000000,-250,true,-1.46
"EVF",131144,"/Date(1705039840000)/",16850,100,6136700,103828000000,-250,true,-1.46
"EVF",131128,"/Date(1705039826000)/",16850,5000,6136600,103827000000,-250,true,-1.46
"EVF",131037,"/Date(1705039773000)/",16800,200,6131600,103742000000,-300,true,-1.75
"EVF",131031,"/Date(1705039767000)/",16800,100,6131400,103739000000,-300,false,-1.75
"EVF",131018,"/Date(1705039755000)/",16800,500,6131300,103737000000,-300,false,-1.75
"EVF",130959,"/Date(1705039735000)/",16800,100,6130800,103729000000,-300,false,-1.75
"EVF",130959,"/Date(1705039733000)/",16800,100,6130700,103727000000,-300,false,-1.75
"EVF",130943,"/Date(1705039719000)/",16800,1000,6130600,103725000000,-300,false,-1.75
"EVF",130927,"/Date(1705039703000)/",16800,100,6129600,103709000000,-300,false,-1.75
"EVF",130923,"/Date(1705039701000)/",16800,500,6129500,103707000000,-300,false,-1.75
"EVF",130855,"/Date(1705039670000)/",16800,100,6129000,103699000000,-300,true,-1.75
"EVF",130855,"/Date(1705039670000)/",16800,100,6128900,103697000000,-300,true,-1.75
"EVF",130855,"/Date(1705039670000)/",16800,3200,6128800,103695000000,-300,true,-1.75
"EVF",130754,"/Date(1705039609000)/",16800,1800,6125600,103641000000,-300,true,-1.75
"EVF",130754,"/Date(1705039609000)/",16800,300,6123800,103611000000,-300,true,-1.75
"EVF",130754,"/Date(1705039609000)/",16800,2000,6123500,103606000000,-300,true,-1.75
"EVF",130754,"/Date(1705039609000)/",16800,200,6121500,103573000000,-300,true,-1.75
"EVF",130754,"/Date(1705039609000)/",16850,700,6121300,103569000000,-250,true,-1.46
"EVF",130744,"/Date(1705039601000)/",16850,300,6120600,103557000000,-250,true,-1.46
"EVF",130722,"/Date(1705039578000)/",16800,100,6120300,103552000000,-300,true,-1.75
"EVF",130722,"/Date(1705039578000)/",16800,1000,6120200,103551000000,-300,true,-1.75
"EVF",130722,"/Date(1705039578000)/",16800,1000,6119200,103534000000,-300,true,-1.75
"EVF",130722,"/Date(1705039578000)/",16800,200,6118200,103517000000,-300,true,-1.75
"EVF",130722,"/Date(1705039578000)/",16800,400,6118000,103514000000,-300,true,-1.75
"EVF",130722,"/Date(1705039578000)/",16800,5000,6117600,103507000000,-300,true,-1.75
"EVF",130722,"/Date(1705039578000)/",16800,2000,6112600,103423000000,-300,true,-1.75
"EVF",130722,"/Date(1705039578000)/",16850,100,6110600,103389000000,-250,false,-1.46
"EVF",130722,"/Date(1705039578000)/",16850,100,6110500,103388000000,-250,false,-1.46
"EVF",130722,"/Date(1705039578000)/",16850,10100,6110400,103386000000,-250,false,-1.46
"EVF",130417,"/Date(1705039393000)/",16900,2000,6100300,103216000000,-200,false,-1.17
"EVF",130417,"/Date(1705039393000)/",16900,1700,6098300,103182000000,-200,false,-1.17
"EVF",130417,"/Date(1705039393000)/",16900,5000,6096600,103153000000,-200,false,-1.17
"EVF",130417,"/Date(1705039393000)/",16900,5100,6091600,103069000000,-200,false,-1.17
"EVF",130401,"/Date(1705039377000)/",16950,200,6086500,102983000000,-150,true,-0.88
"EVF",130401,"/Date(1705039377000)/",16950,500,6086300,102979000000,-150,true,-0.88
"EVF",130358,"/Date(1705039375000)/",17000,100,6085800,102971000000,-100,false,-0.58
"EVF",130358,"/Date(1705039375000)/",17000,400,6085700,102969000000,-100,false,-0.58
"EVF",130358,"/Date(1705039373000)/",16950,500,6085300,102962000000,-150,true,-0.88
"EVF",130358,"/Date(1705039373000)/",16950,500,6084800,102954000000,-150,true,-0.88
"EVF",130351,"/Date(1705039369000)/",16950,200,6084300,102945000000,-150,true,-0.88
"EVF",130348,"/Date(1705039365000)/",16950,19300,6084100,102942000000,-150,true,-0.88
"EVF",130348,"/Date(1705039365000)/",16950,100,6064800,102615000000,-150,true,-0.88
"EVF",130348,"/Date(1705039365000)/",16950,50000,6064700,102613000000,-150,true,-0.88
"EVF",130348,"/Date(1705039365000)/",16950,30000,6014700,101766000000,-150,true,-0.88
"EVF",130348,"/Date(1705039365000)/",16950,600,5984700,101257000000,-150,true,-0.88
"EVF",130348,"/Date(1705039365000)/",17000,200,5984100,101247000000,-100,false,-0.58
"EVF",130329,"/Date(1705039344000)/",17000,200,5983900,101244000000,-100,true,-0.58
"EVF",130329,"/Date(1705039344000)/",17000,50000,5983700,101240000000,-100,true,-0.58
"EVF",130329,"/Date(1705039344000)/",17000,200,5933700,100390000000,-100,true,-0.58
"EVF",130329,"/Date(1705039344000)/",17000,10000,5933500,100387000000,-100,true,-0.58
"EVF",130329,"/Date(1705039344000)/",17000,100,5923500,100217000000,-100,true,-0.58
"EVF",130329,"/Date(1705039344000)/",17000,30100,5923400,100215000000,-100,true,-0.58
"EVF",130329,"/Date(1705039344000)/",17000,500,5893300,99703000000,-100,true,-0.58
"EVF",130329,"/Date(1705039344000)/",17000,20000,5892800,99695000000,-100,true,-0.58
"EVF",130329,"/Date(1705039344000)/",17000,18200,5872800,99355000000,-100,true,-0.58
"EVF",130251,"/Date(1705039308000)/",17050,100,5854600,99045000000,-50,false,-0.29
"EVF",130241,"/Date(1705039298000)/",17000,1000,5854500,99044000000,-100,true,-0.58
"EVF",130212,"/Date(1705039270000)/",17050,400,5853500,99027000000,-50,false,-0.29
"EVF",130206,"/Date(1705039261000)/",17050,1000,5853100,99020000000,-50,false,-0.29
"EVF",130156,"/Date(1705039253000)/",17050,200,5852100,99003000000,-50,false,-0.29
"EVF",130150,"/Date(1705039247000)/",17000,200,5851900,98999000000,-100,true,-0.58
"EVF",130147,"/Date(1705039242000)/",17000,1000,5851700,98996000000,-100,true,-0.58
"EVF",130143,"/Date(1705039227000)/",17000,600,5850700,98979000000,-100,true,-0.58
"EVF",130137,"/Date(1705039219000)/",17050,100,5850100,98969000000,-50,false,-0.29
"EVF",130134,"/Date(1705039210000)/",17000,100,5850000,98967000000,-100,true,-0.58
"EVF",130131,"/Date(1705039208000)/",17050,500,5849900,98965000000,-50,true,-0.29
"EVF",130131,"/Date(1705039208000)/",17050,500,5849400,98957000000,-50,true,-0.29
"EVF",130131,"/Date(1705039208000)/",17050,20100,5848900,98948000000,-50,true,-0.29
"EVF",130131,"/Date(1705039208000)/",17050,100000,5828800,98606000000,-50,true,-0.29
"EVF",130131,"/Date(1705039208000)/",17050,3100,5728800,96901000000,-50,true,-0.29
"EVF",130131,"/Date(1705039208000)/",17050,6400,5725700,96848000000,-50,true,-0.29
"EVF",130118,"/Date(1705039201000)/",17050,10000,5719300,96739000000,-50,true,-0.29
"EVF",130115,"/Date(1705039201000)/",17050,500,5709300,96568000000,-50,true,-0.29
"EVF",112843,"/Date(1705033727000)/",17050,10000,5708800,96560000000,-50,true,-0.29
"EVF",112602,"/Date(1705033571000)/",17100,1000,5698800,96389000000,0,false,0
"EVF",112430,"/Date(1705033484000)/",17100,2000,5697800,96372000000,0,false,0
"EVF",112247,"/Date(1705033381000)/",17100,4300,5695800,96338000000,0,false,0
"EVF",112247,"/Date(1705033381000)/",17100,700,5691500,96264000000,0,false,0
"EVF",112111,"/Date(1705033285000)/",17100,2500,5690800,96252000000,0,false,0
"EVF",112055,"/Date(1705033271000)/",17100,5100,5688300,96210000000,0,false,0
"EVF",112055,"/Date(1705033271000)/",17100,4900,5683200,96122000000,0,false,0
"EVF",112052,"/Date(1705033265000)/",17100,5000,5678300,96039000000,0,false,0
"EVF",111653,"/Date(1705033027000)/",17100,100,5673300,95953000000,0,false,0
"EVF",111605,"/Date(1705032979000)/",17100,1000,5673200,95951000000,0,false,0
"EVF",111602,"/Date(1705032976000)/",17100,54000,5672200,95934000000,0,false,0
"EVF",111602,"/Date(1705032976000)/",17100,100,5618200,95011000000,0,false,0
"EVF",111602,"/Date(1705032976000)/",17100,53000,5618100,95009000000,0,false,0
"EVF",111602,"/Date(1705032976000)/",17100,24900,5565100,94103000000,0,false,0
"EVF",111559,"/Date(1705032971000)/",17150,100,5540200,93677000000,50,false,0.29
"EVF",111559,"/Date(1705032971000)/",17150,40300,5540100,93675000000,50,false,0.29
"EVF",111423,"/Date(1705032878000)/",17150,10000,5499800,92984000000,50,false,0.29
"EVF",111423,"/Date(1705032878000)/",17150,100,5489800,92813000000,50,false,0.29
"EVF",111423,"/Date(1705032878000)/",17150,10000,5489700,92811000000,50,false,0.29
"EVF",111423,"/Date(1705032878000)/",17150,10000,5479700,92640000000,50,false,0.29
"EVF",111423,"/Date(1705032878000)/",17150,9000,5469700,92468000000,50,false,0.29
"EVF",111423,"/Date(1705032878000)/",17150,20600,5460700,92314000000,50,false,0.29
"EVF",111417,"/Date(1705032871000)/",17100,10000,5440100,91960000000,0,false,0
"EVF",111417,"/Date(1705032871000)/",17100,5000,5430100,91789000000,0,false,0
"EVF",111417,"/Date(1705032871000)/",17100,6100,5425100,91704000000,0,false,0
"EVF",111410,"/Date(1705032865000)/",17100,400,5419000,91600000000,0,false,0
"EVF",111354,"/Date(1705032848000)/",17100,1000,5418600,91593000000,0,false,0
"EVF",111342,"/Date(1705032836000)/",17100,2500,5417600,91576000000,0,false,0
"EVF",111342,"/Date(1705032836000)/",17100,500,5415100,91533000000,0,false,0
"EVF",111300,"/Date(1705032793000)/",17100,100,5414600,91524000000,0,false,0
"EVF",111232,"/Date(1705032766000)/",17100,900,5414500,91523000000,0,false,0
"EVF",111128,"/Date(1705032701000)/",17100,6500,5413600,91507000000,0,true,0
"EVF",111119,"/Date(1705032692000)/",17100,1500,5407100,91396000000,0,true,0
"EVF",111103,"/Date(1705032676000)/",17100,28500,5405600,91370000000,0,true,0
"EVF",111041,"/Date(1705032654000)/",17150,29400,5377100,90883000000,50,true,0.29
"EVF",111028,"/Date(1705032641000)/",17150,300,5347700,90379000000,50,true,0.29
"EVF",111000,"/Date(1705032614000)/",17150,300,5347400,90374000000,50,true,0.29
"EVF",110913,"/Date(1705032565000)/",17200,3500,5347100,90369000000,100,false,0.58
"EVF",110913,"/Date(1705032565000)/",17150,300,5343600,90308000000,50,false,0.29
"EVF",110913,"/Date(1705032565000)/",17150,6200,5343300,90303000000,50,false,0.29
"EVF",110907,"/Date(1705032559000)/",17150,3800,5337100,90197000000,50,false,0.29
"EVF",110907,"/Date(1705032559000)/",17150,10000,5333300,90132000000,50,false,0.29
"EVF",110907,"/Date(1705032559000)/",17150,6200,5323300,89960000000,50,false,0.29
"EVF",110809,"/Date(1705032498000)/",17150,400,5317100,89854000000,50,false,0.29
"EVF",110643,"/Date(1705032404000)/",17150,8000,5316700,89847000000,50,false,0.29
"EVF",110640,"/Date(1705032400000)/",17150,10000,5308700,89710000000,50,false,0.29
"EVF",110637,"/Date(1705032396000)/",17150,5000,5298700,89538000000,50,false,0.29
"EVF",110437,"/Date(1705032277000)/",17150,20000,5293700,89453000000,50,false,0.29
"EVF",110431,"/Date(1705032271000)/",17100,23500,5273700,89110000000,0,false,0
"EVF",110304,"/Date(1705032179000)/",17100,100,5250200,88708000000,0,false,0
"EVF",110304,"/Date(1705032179000)/",17100,6400,5250100,88706000000,0,false,0
"EVF",110239,"/Date(1705032155000)/",17100,20000,5243700,88597000000,0,false,0
"EVF",110239,"/Date(1705032155000)/",17100,13600,5223700,88255000000,0,false,0
"EVF",110233,"/Date(1705032149000)/",17100,6400,5210100,88022000000,0,false,0
"EVF",110233,"/Date(1705032149000)/",17100,13600,5203700,87913000000,0,false,0
"EVF",110227,"/Date(1705032142000)/",17100,6400,5190100,87680000000,0,false,0
"EVF",110227,"/Date(1705032142000)/",17100,10000,5183700,87571000000,0,false,0
"EVF",110227,"/Date(1705032142000)/",17100,13600,5173700,87400000000,0,false,0
"EVF",110009,"/Date(1705031997000)/",17100,500,5160100,87167000000,0,true,0
"EVF",110009,"/Date(1705031997000)/",17100,4900,5159600,87159000000,0,true,0
"EVF",110009,"/Date(1705031997000)/",17100,1000,5154700,87075000000,0,true,0
"EVF",110009,"/Date(1705031997000)/",17100,80000,5153700,87058000000,0,true,0
"EVF",110000,"/Date(1705031989000)/",17150,30000,5073700,85690000000,50,false,0.29
"EVF",110000,"/Date(1705031989000)/",17150,20000,5043700,85175000000,50,false,0.29
"EVF",110000,"/Date(1705031989000)/",17150,400,5023700,84832000000,50,false,0.29
"EVF",105944,"/Date(1705031974000)/",17200,61900,5023300,84825000000,100,false,0.58
"EVF",105925,"/Date(1705031954000)/",17250,10000,4961400,83761000000,150,false,0.88
"EVF",105915,"/Date(1705031942000)/",17250,100,4951400,83588000000,150,false,0.88
"EVF",105915,"/Date(1705031942000)/",17250,18900,4951300,83586000000,150,false,0.88
"EVF",105906,"/Date(1705031934000)/",17250,21100,4932400,83260000000,150,true,0.88
"EVF",105902,"/Date(1705031931000)/",17250,1000,4911300,82896000000,150,true,0.88
"EVF",105853,"/Date(1705031922000)/",17250,500,4910300,82879000000,150,true,0.88
"EVF",105843,"/Date(1705031912000)/",17250,500,4909800,82871000000,150,true,0.88
"EVF",105818,"/Date(1705031885000)/",17300,15000,4909300,82862000000,200,false,1.17
"EVF",105811,"/Date(1705031879000)/",17250,2000,4894300,82602000000,150,true,0.88
"EVF",105811,"/Date(1705031879000)/",17250,200,4892300,82568000000,150,true,0.88
"EVF",105811,"/Date(1705031879000)/",17250,100,4892100,82564000000,150,true,0.88
"EVF",105811,"/Date(1705031879000)/",17250,4600,4892000,82563000000,150,true,0.88
"EVF",105749,"/Date(1705031857000)/",17250,4100,4887400,82483000000,150,false,0.88
"EVF",105739,"/Date(1705031848000)/",17250,5000,4883300,82413000000,150,false,0.88
"EVF",105733,"/Date(1705031842000)/",17250,1300,4878300,82326000000,150,false,0.88
"EVF",105733,"/Date(1705031842000)/",17250,5000,4877000,82304000000,150,false,0.88
"EVF",105733,"/Date(1705031842000)/",17250,1000,4872000,82218000000,150,false,0.88
"EVF",105733,"/Date(1705031842000)/",17250,5000,4871000,82200000000,150,false,0.88
"EVF",105733,"/Date(1705031842000)/",17250,800,4866000,82114000000,150,false,0.88
"EVF",105733,"/Date(1705031842000)/",17250,3000,4865200,82100000000,150,false,0.88
"EVF",105733,"/Date(1705031842000)/",17250,5000,4862200,82049000000,150,false,0.88
"EVF",105733,"/Date(1705031842000)/",17250,28900,4857200,81962000000,150,false,0.88
"EVF",105723,"/Date(1705031832000)/",17200,5000,4828300,81464000000,100,false,0.58
"EVF",105723,"/Date(1705031832000)/",17200,3100,4823300,81378000000,100,false,0.58
"EVF",105642,"/Date(1705031791000)/",17200,500,4820200,81325000000,100,false,0.58
"EVF",105623,"/Date(1705031772000)/",17200,15000,4819700,81316000000,100,false,0.58
"EVF",105616,"/Date(1705031764000)/",17200,8000,4804700,81058000000,100,false,0.58
"EVF",105607,"/Date(1705031756000)/",17200,3400,4796700,80920000000,100,false,0.58
"EVF",105607,"/Date(1705031756000)/",17200,1600,4793300,80862000000,100,false,0.58
"EVF",105604,"/Date(1705031752000)/",17200,8400,4791700,80834000000,100,false,0.58
"EVF",105604,"/Date(1705031752000)/",17200,3600,4783300,80690000000,100,false,0.58
"EVF",105604,"/Date(1705031752000)/",17200,1000,4779700,80628000000,100,false,0.58
"EVF",105604,"/Date(1705031752000)/",17200,7000,4778700,80611000000,100,false,0.58
"EVF",105548,"/Date(1705031738000)/",17200,3000,4771700,80490000000,100,false,0.58
"EVF",105538,"/Date(1705031726000)/",17150,100,4768700,80439000000,50,true,0.29
"EVF",105506,"/Date(1705031695000)/",17150,1000,4768600,80437000000,50,false,0.29
"EVF",105506,"/Date(1705031695000)/",17150,1200,4767600,80420000000,50,false,0.29
"EVF",105506,"/Date(1705031695000)/",17150,2000,4766400,80399000000,50,false,0.29
"EVF",105506,"/Date(1705031695000)/",17150,2500,4764400,80365000000,50,false,0.29
"EVF",105506,"/Date(1705031695000)/",17150,5000,4761900,80322000000,50,false,0.29
"EVF",105506,"/Date(1705031695000)/",17150,17800,4756900,80236000000,50,false,0.29
"EVF",105434,"/Date(1705031662000)/",17100,1000,4739100,79931000000,0,false,0
"EVF",105434,"/Date(1705031662000)/",17100,300,4738100,79914000000,0,false,0
"EVF",105434,"/Date(1705031662000)/",17100,10000,4737800,79909000000,0,false,0
"EVF",105434,"/Date(1705031662000)/",17100,1900,4727800,79738000000,0,false,0
"EVF",105434,"/Date(1705031662000)/",17100,10000,4725900,79705000000,0,false,0
"EVF",105434,"/Date(1705031662000)/",17100,10000,4715900,79534000000,0,false,0
"EVF",105434,"/Date(1705031662000)/",17100,300,4705900,79363000000,0,false,0
"EVF",105434,"/Date(1705031662000)/",17100,100,4705600,79358000000,0,false,0
"EVF",105434,"/Date(1705031662000)/",17100,1000,4705500,79357000000,0,false,0
"EVF",105434,"/Date(1705031662000)/",17100,2000,4704500,79339000000,0,false,0
"EVF",105431,"/Date(1705031661000)/",17100,100,4702500,79305000000,0,false,0
"EVF",105431,"/Date(1705031658000)/",17100,20000,4702400,79304000000,0,false,0
"EVF",105324,"/Date(1705031593000)/",17050,600,4682400,78962000000,-50,true,-0.29
"EVF",105314,"/Date(1705031584000)/",17100,200,4681800,78951000000,0,false,0
"EVF",105015,"/Date(1705031404000)/",17100,5000,4681600,78948000000,0,true,0
"EVF",105015,"/Date(1705031404000)/",17100,2000,4676600,78862000000,0,true,0
"EVF",105015,"/Date(1705031404000)/",17100,5000,4674600,78828000000,0,true,0
"EVF",105015,"/Date(1705031404000)/",17100,5000,4669600,78743000000,0,true,0
"EVF",105015,"/Date(1705031404000)/",17100,3500,4664600,78657000000,0,true,0
"EVF",105015,"/Date(1705031404000)/",17100,157200,4661100,78597000000,0,true,0
"EVF",105012,"/Date(1705031401000)/",17100,4000,4503900,75909000000,0,true,0
"EVF",105006,"/Date(1705031395000)/",17100,3800,4499900,75841000000,0,true,0
"EVF",104959,"/Date(1705031389000)/",17100,20000,4496100,75776000000,0,true,0
"EVF",104940,"/Date(1705031369000)/",17100,15000,4476100,75434000000,0,true,0
"EVF",104937,"/Date(1705031367000)/",17150,200,4461100,75177000000,50,false,0.29
"EVF",104744,"/Date(1705031256000)/",17150,200,4460900,75174000000,50,false,0.29
"EVF",104741,"/Date(1705031250000)/",17150,500,4460700,75170000000,50,false,0.29
"EVF",104741,"/Date(1705031250000)/",17150,2000,4460200,75162000000,50,false,0.29
"EVF",104741,"/Date(1705031250000)/",17150,1000,4458200,75128000000,50,false,0.29
"EVF",104741,"/Date(1705031250000)/",17150,100000,4457200,75110000000,50,false,0.29
"EVF",104741,"/Date(1705031250000)/",17150,78300,4357200,73395000000,50,false,0.29
"EVF",104728,"/Date(1705031238000)/",17250,1000,4278900,72053000000,150,false,0.88
"EVF",104728,"/Date(1705031238000)/",17200,19000,4277900,72035000000,100,true,0.58
"EVF",104728,"/Date(1705031238000)/",17200,500,4258900,71709000000,100,true,0.58
"EVF",104728,"/Date(1705031238000)/",17200,500,4258400,71700000000,100,true,0.58
"EVF",104728,"/Date(1705031237000)/",17200,1500,4257900,71691000000,100,true,0.58
"EVF",104728,"/Date(1705031237000)/",17200,200,4256400,71666000000,100,true,0.58
"EVF",104728,"/Date(1705031237000)/",17200,1000,4256200,71662000000,100,true,0.58
"EVF",104728,"/Date(1705031237000)/",17200,200,4255200,71645000000,100,true,0.58
"EVF",104728,"/Date(1705031237000)/",17200,7100,4255000,71641000000,100,true,0.58
"EVF",104724,"/Date(1705031234000)/",17200,2100,4247900,71519000000,100,true,0.58
"EVF",104718,"/Date(1705031229000)/",17200,20800,4245800,71483000000,100,true,0.58
"EVF",104718,"/Date(1705031229000)/",17200,29200,4225000,71125000000,100,true,0.58
"EVF",104705,"/Date(1705031214000)/",17200,500,4195800,70623000000,100,true,0.58
"EVF",104638,"/Date(1705031190000)/",17250,100,4195300,70615000000,150,false,0.88
"EVF",104612,"/Date(1705031165000)/",17300,200,4195200,70613000000,200,false,1.17
"EVF",104608,"/Date(1705031161000)/",17300,10000,4195000,70609000000,200,false,1.17
"EVF",104558,"/Date(1705031153000)/",17300,200,4185000,70436000000,200,false,1.17
"EVF",104558,"/Date(1705031153000)/",17300,100,4184800,70433000000,200,false,1.17
"EVF",104558,"/Date(1705031153000)/",17250,5000,4184700,70431000000,150,false,0.88
"EVF",104558,"/Date(1705031153000)/",17250,5000,4179700,70345000000,150,false,0.88
"EVF",104558,"/Date(1705031153000)/",17250,9700,4174700,70259000000,150,false,0.88
"EVF",104535,"/Date(1705031130000)/",17250,10000,4165000,70091000000,150,false,0.88
"EVF",104532,"/Date(1705031126000)/",17250,5000,4155000,69919000000,150,false,0.88
"EVF",104525,"/Date(1705031120000)/",17250,10000,4150000,69833000000,150,false,0.88
"EVF",104515,"/Date(1705031112000)/",17250,15000,4140000,69660000000,150,false,0.88
"EVF",104511,"/Date(1705031107000)/",17250,19000,4125000,69401000000,150,false,0.88
"EVF",104501,"/Date(1705031098000)/",17250,19800,4106000,69074000000,150,false,0.88
"EVF",104501,"/Date(1705031098000)/",17250,100,4086200,68732000000,150,false,0.88
"EVF",104501,"/Date(1705031098000)/",17250,100,4086100,68730000000,150,false,0.88
"EVF",104457,"/Date(1705031096000)/",17200,1000,4086000,68729000000,100,true,0.58
"EVF",104444,"/Date(1705031083000)/",17200,1000,4085000,68712000000,100,true,0.58
"EVF",104444,"/Date(1705031083000)/",17200,2000,4084000,68694000000,100,true,0.58
"EVF",104444,"/Date(1705031083000)/",17200,5000,4082000,68660000000,100,true,0.58
"EVF",104444,"/Date(1705031083000)/",17200,100,4077000,68574000000,100,true,0.58
"EVF",104444,"/Date(1705031083000)/",17200,4000,4076900,68572000000,100,true,0.58
"EVF",104444,"/Date(1705031083000)/",17200,1000,4072900,68503000000,100,true,0.58
"EVF",104444,"/Date(1705031083000)/",17200,3000,4071900,68486000000,100,true,0.58
"EVF",104444,"/Date(1705031083000)/",17200,500,4068900,68435000000,100,true,0.58
"EVF",104444,"/Date(1705031083000)/",17200,5000,4068400,68426000000,100,true,0.58
"EVF",104444,"/Date(1705031083000)/",17200,1000,4063400,68340000000,100,true,0.58
"EVF",104444,"/Date(1705031083000)/",17200,1200,4062400,68323000000,100,true,0.58
"EVF",104444,"/Date(1705031083000)/",17200,20000,4061200,68302000000,100,true,0.58
"EVF",104444,"/Date(1705031083000)/",17200,25500,4041200,67958000000,100,true,0.58
"EVF",104437,"/Date(1705031075000)/",17200,6000,4015700,67520000000,100,false,0.58
"EVF",104437,"/Date(1705031074000)/",17200,10000,4009700,67416000000,100,false,0.58
"EVF",104426,"/Date(1705031066000)/",17200,500,3999700,67244000000,100,false,0.58
"EVF",104415,"/Date(1705031057000)/",17200,8000,3999200,67236000000,100,false,0.58
"EVF",104415,"/Date(1705031057000)/",17200,300,3991200,67098000000,100,false,0.58
"EVF",104408,"/Date(1705031051000)/",17200,200,3990900,67093000000,100,false,0.58
"EVF",104408,"/Date(1705031051000)/",17200,9800,3990700,67090000000,100,false,0.58
"EVF",104405,"/Date(1705031045000)/",17200,20000,3980900,66921000000,100,false,0.58
"EVF",104401,"/Date(1705031044000)/",17150,600,3960900,66577000000,50,true,0.29
"EVF",104358,"/Date(1705031039000)/",17200,100,3960300,66567000000,100,false,0.58
"EVF",104346,"/Date(1705031029000)/",17200,300,3960200,66565000000,100,false,0.58
"EVF",104259,"/Date(1705030980000)/",17200,50000,3959900,66560000000,100,false,0.58
"EVF",104233,"/Date(1705030955000)/",17200,6700,3909900,65700000000,100,false,0.58
"EVF",104227,"/Date(1705030949000)/",17200,60000,3903200,65585000000,100,false,0.58
"EVF",104207,"/Date(1705030930000)/",17200,15000,3843200,64553000000,100,false,0.58
"EVF",104204,"/Date(1705030924000)/",17200,10000,3828200,64295000000,100,false,0.58
"EVF",104155,"/Date(1705030917000)/",17200,20000,3818200,64123000000,100,false,0.58
"EVF",104155,"/Date(1705030915000)/",17200,1800,3798200,63779000000,100,false,0.58
"EVF",104155,"/Date(1705030914000)/",17150,1200,3796400,63748000000,50,true,0.29
"EVF",104142,"/Date(1705030903000)/",17200,200,3795200,63727000000,100,false,0.58
"EVF",104126,"/Date(1705030886000)/",17150,200,3795000,63724000000,50,true,0.29
"EVF",104113,"/Date(1705030876000)/",17200,4400,3794800,63720000000,100,false,0.58
"EVF",104113,"/Date(1705030874000)/",17200,1400,3790400,63644000000,100,false,0.58
"EVF",104106,"/Date(1705030866000)/",17200,300,3789000,63620000000,100,false,0.58
"EVF",104106,"/Date(1705030866000)/",17200,9700,3788700,63615000000,100,false,0.58
"EVF",104057,"/Date(1705030859000)/",17200,19000,3779000,63448000000,100,false,0.58
"EVF",104009,"/Date(1705030810000)/",17150,100,3760000,63122000000,50,true,0.29
"EVF",103956,"/Date(1705030799000)/",17200,2000,3759900,63120000000,100,false,0.58
"EVF",103930,"/Date(1705030773000)/",17200,19900,3757900,63085000000,100,false,0.58
"EVF",103930,"/Date(1705030773000)/",17200,100,3738000,62743000000,100,false,0.58
"EVF",103930,"/Date(1705030771000)/",17150,500,3737900,62741000000,50,true,0.29
"EVF",103914,"/Date(1705030757000)/",17150,1000,3737400,62733000000,50,true,0.29
"EVF",103914,"/Date(1705030757000)/",17150,3000,3736400,62716000000,50,true,0.29
"EVF",103914,"/Date(1705030757000)/",17150,15100,3733400,62664000000,50,true,0.29
"EVF",103854,"/Date(1705030736000)/",17150,2000,3718300,62405000000,50,false,0.29
"EVF",103834,"/Date(1705030718000)/",17150,12900,3716300,62371000000,50,false,0.29
"EVF",103834,"/Date(1705030718000)/",17150,300,3703400,62150000000,50,false,0.29
"EVF",103834,"/Date(1705030718000)/",17150,15000,3703100,62145000000,50,false,0.29
"EVF",103834,"/Date(1705030718000)/",17150,1800,3688100,61887000000,50,false,0.29
"EVF",103828,"/Date(1705030711000)/",17150,100,3686300,61857000000,50,false,0.29
"EVF",103821,"/Date(1705030704000)/",17150,500,3686200,61855000000,50,false,0.29
"EVF",103815,"/Date(1705030698000)/",17150,3000,3685700,61846000000,50,false,0.29
"EVF",103805,"/Date(1705030690000)/",17150,5000,3682700,61795000000,50,false,0.29
"EVF",103755,"/Date(1705030679000)/",17150,39600,3677700,61709000000,50,false,0.29
"EVF",103755,"/Date(1705030679000)/",17150,1000,3638100,61030000000,50,false,0.29
"EVF",103755,"/Date(1705030679000)/",17150,9400,3637100,61013000000,50,false,0.29
"EVF",103735,"/Date(1705030659000)/",17150,1100,3627700,60852000000,50,false,0.29
"EVF",103735,"/Date(1705030659000)/",17100,18900,3626600,60833000000,0,false,0
"EVF",103725,"/Date(1705030652000)/",17100,5000,3607700,60510000000,0,true,0
"EVF",103725,"/Date(1705030651000)/",17100,2000,3602700,60424000000,0,true,0
"EVF",103725,"/Date(1705030651000)/",17100,74100,3600700,60390000000,0,true,0
"EVF",103721,"/Date(1705030648000)/",17150,20000,3526600,59123000000,50,false,0.29
"EVF",103718,"/Date(1705030645000)/",17100,4000,3506600,58780000000,0,false,0
"EVF",103718,"/Date(1705030645000)/",17100,1900,3502600,58711000000,0,false,0
"EVF",103711,"/Date(1705030639000)/",17100,1600,3500700,58679000000,0,false,0
"EVF",103711,"/Date(1705030639000)/",17100,5000,3499100,58651000000,0,false,0
"EVF",103711,"/Date(1705030639000)/",17100,43400,3494100,58566000000,0,false,0
"EVF",103708,"/Date(1705030635000)/",17100,16600,3450700,57824000000,0,false,0
"EVF",103708,"/Date(1705030635000)/",17100,2000,3434100,57540000000,0,false,0
"EVF",103708,"/Date(1705030635000)/",17100,1000,3432100,57506000000,0,false,0
"EVF",103708,"/Date(1705030635000)/",17100,10400,3431100,57489000000,0,false,0
"EVF",103654,"/Date(1705030621000)/",17100,5000,3420700,57311000000,0,false,0
"EVF",103651,"/Date(1705030618000)/",17100,25000,3415700,57225000000,0,false,0
"EVF",103647,"/Date(1705030615000)/",17100,15000,3390700,56798000000,0,false,0
"EVF",103647,"/Date(1705030615000)/",17100,2000,3375700,56541000000,0,false,0
"EVF",103644,"/Date(1705030614000)/",17100,3000,3373700,56507000000,0,false,0
"EVF",103644,"/Date(1705030611000)/",17100,100,3370700,56456000000,0,false,0
"EVF",103634,"/Date(1705030604000)/",17100,5000,3370600,56454000000,0,false,0
"EVF",103624,"/Date(1705030595000)/",17100,6000,3365600,56369000000,0,false,0
"EVF",103624,"/Date(1705030593000)/",17100,5000,3359600,56266000000,0,false,0
"EVF",103620,"/Date(1705030590000)/",17100,19000,3354600,56180000000,0,false,0
"EVF",103611,"/Date(1705030582000)/",17100,4500,3335600,55856000000,0,false,0
"EVF",103611,"/Date(1705030582000)/",17100,100,3331100,55779000000,0,false,0
"EVF",103611,"/Date(1705030582000)/",17100,400,3331000,55777000000,0,false,0
"EVF",103604,"/Date(1705030573000)/",17100,20000,3330600,55770000000,0,false,0
"EVF",103601,"/Date(1705030572000)/",17100,10000,3310600,55428000000,0,false,0
"EVF",103552,"/Date(1705030563000)/",17050,600,3300600,55257000000,-50,true,-0.29
"EVF",103529,"/Date(1705030539000)/",17050,200,3300000,55247000000,-50,true,-0.29
"EVF",103529,"/Date(1705030539000)/",17050,200,3299800,55243000000,-50,true,-0.29
"EVF",103529,"/Date(1705030539000)/",17050,5400,3299600,55240000000,-50,true,-0.29
"EVF",103526,"/Date(1705030537000)/",17050,1000,3294200,55148000000,-50,false,-0.29
"EVF",103526,"/Date(1705030537000)/",17050,1000,3293200,55131000000,-50,false,-0.29
"EVF",103526,"/Date(1705030536000)/",17050,1000,3292200,55114000000,-50,false,-0.29
"EVF",103526,"/Date(1705030536000)/",17050,3000,3291200,55097000000,-50,false,-0.29
"EVF",103523,"/Date(1705030533000)/",17050,2000,3288200,55046000000,-50,false,-0.29
"EVF",103523,"/Date(1705030533000)/",17050,100,3286200,55012000000,-50,false,-0.29
"EVF",103523,"/Date(1705030533000)/",17050,16900,3286100,55010000000,-50,false,-0.29
"EVF",103457,"/Date(1705030508000)/",17050,8000,3269200,54722000000,-50,false,-0.29
"EVF",103451,"/Date(1705030501000)/",17050,5000,3261200,54585000000,-50,false,-0.29
"EVF",103435,"/Date(1705030486000)/",17050,100,3256200,54500000000,-50,false,-0.29
"EVF",103435,"/Date(1705030486000)/",17050,200,3256100,54498000000,-50,false,-0.29
"EVF",103422,"/Date(1705030473000)/",17050,20000,3255900,54495000000,-50,false,-0.29
"EVF",103357,"/Date(1705030445000)/",17000,8900,3235900,54154000000,-100,false,-0.58
"EVF",103351,"/Date(1705030442000)/",17000,10000,3227000,54003000000,-100,false,-0.58
"EVF",103347,"/Date(1705030438000)/",17000,1100,3217000,53833000000,-100,false,-0.58
"EVF",103347,"/Date(1705030438000)/",17000,500,3215900,53814000000,-100,false,-0.58
"EVF",103347,"/Date(1705030438000)/",17000,10000,3215400,53805000000,-100,false,-0.58
"EVF",103347,"/Date(1705030438000)/",17000,3400,3205400,53635000000,-100,false,-0.58
"EVF",103335,"/Date(1705030425000)/",17000,2800,3202000,53578000000,-100,false,-0.58
"EVF",103335,"/Date(1705030425000)/",17000,500,3199200,53530000000,-100,false,-0.58
"EVF",103335,"/Date(1705030425000)/",17000,4700,3198700,53522000000,-100,false,-0.58
"EVF",103328,"/Date(1705030417000)/",17000,5000,3194000,53442000000,-100,false,-0.58
"EVF",103322,"/Date(1705030413000)/",17000,10300,3189000,53357000000,-100,false,-0.58
"EVF",103322,"/Date(1705030413000)/",17000,19700,3178700,53182000000,-100,false,-0.58
"EVF",103319,"/Date(1705030408000)/",17000,3100,3159000,52847000000,-100,false,-0.58
"EVF",103319,"/Date(1705030408000)/",17000,900,3155900,52794000000,-100,false,-0.58
"EVF",103319,"/Date(1705030408000)/",17000,5000,3155000,52779000000,-100,false,-0.58
"EVF",103319,"/Date(1705030408000)/",17000,1000,3150000,52694000000,-100,false,-0.58
"EVF",103319,"/Date(1705030408000)/",17000,10000,3149000,52677000000,-100,false,-0.58
"EVF",103253,"/Date(1705030383000)/",16950,9400,3139000,52507000000,-150,false,-0.88
"EVF",103247,"/Date(1705030376000)/",16950,600,3129600,52347000000,-150,false,-0.88
"EVF",103247,"/Date(1705030376000)/",16950,200,3129000,52337000000,-150,false,-0.88
"EVF",103247,"/Date(1705030376000)/",16950,7200,3128800,52334000000,-150,false,-0.88
"EVF",103244,"/Date(1705030374000)/",16900,100,3121600,52212000000,-200,true,-1.17
"EVF",103156,"/Date(1705030327000)/",16900,10000,3121500,52210000000,-200,false,-1.17
"EVF",103156,"/Date(1705030327000)/",16900,900,3111500,52041000000,-200,false,-1.17
"EVF",103147,"/Date(1705030315000)/",16800,15000,3110600,52026000000,-300,true,-1.75
"EVF",103143,"/Date(1705030314000)/",16800,13500,3095600,51774000000,-300,false,-1.75
"EVF",103014,"/Date(1705030224000)/",16750,3000,3082100,51547000000,-350,true,-2.05
"EVF",102939,"/Date(1705030189000)/",16800,200,3079100,51497000000,-300,false,-1.75
"EVF",102926,"/Date(1705030175000)/",16800,100,3078900,51493000000,-300,false,-1.75
"EVF",102637,"/Date(1705030006000)/",16800,200,3078800,51492000000,-300,true,-1.75
"EVF",102637,"/Date(1705030006000)/",16800,500,3078600,51488000000,-300,true,-1.75
"EVF",102637,"/Date(1705030006000)/",16800,5000,3078100,51480000000,-300,true,-1.75
"EVF",102637,"/Date(1705030006000)/",16800,500,3073100,51396000000,-300,true,-1.75
"EVF",102612,"/Date(1705029981000)/",16900,400,3072600,51388000000,-200,true,-1.17
"EVF",102537,"/Date(1705029947000)/",16900,100,3072200,51381000000,-200,false,-1.17
"EVF",102537,"/Date(1705029947000)/",16900,2500,3072100,51379000000,-200,false,-1.17
"EVF",102508,"/Date(1705029916000)/",16900,2500,3069600,51337000000,-200,true,-1.17
"EVF",102437,"/Date(1705029884000)/",16900,2500,3067100,51295000000,-200,true,-1.17
"EVF",102217,"/Date(1705029745000)/",16950,50100,3064600,51252000000,-150,false,-0.88
"EVF",102217,"/Date(1705029745000)/",16900,1000,3014500,50403000000,-200,false,-1.17
"EVF",102217,"/Date(1705029745000)/",16900,10000,3013500,50386000000,-200,false,-1.17
"EVF",102217,"/Date(1705029745000)/",16850,27800,3003500,50217000000,-250,false,-1.46
"EVF",102217,"/Date(1705029745000)/",16800,11100,2975700,49749000000,-300,false,-1.75
"EVF",102127,"/Date(1705029695000)/",16800,10000,2964600,49562000000,-300,false,-1.75
"EVF",102108,"/Date(1705029674000)/",16800,100,2954600,49394000000,-300,false,-1.75
"EVF",102108,"/Date(1705029674000)/",16800,700,2954500,49393000000,-300,false,-1.75
"EVF",102108,"/Date(1705029674000)/",16800,500,2953800,49381000000,-300,false,-1.75
"EVF",102108,"/Date(1705029674000)/",16800,700,2953300,49373000000,-300,false,-1.75
"EVF",102108,"/Date(1705029674000)/",16800,26900,2952600,49361000000,-300,false,-1.75
"EVF",102056,"/Date(1705029663000)/",16850,30200,2925700,48909000000,-250,false,-1.46
"EVF",102056,"/Date(1705029663000)/",16850,42000,2895500,48400000000,-250,false,-1.46
"EVF",101728,"/Date(1705029449000)/",16950,30700,2853500,47692000000,-150,false,-0.88
"EVF",101728,"/Date(1705029449000)/",16900,19300,2822800,47172000000,-200,false,-1.17
"EVF",101719,"/Date(1705029439000)/",16900,500,2803500,46846000000,-200,true,-1.17
"EVF",101719,"/Date(1705029439000)/",16900,200,2803000,46837000000,-200,true,-1.17
"EVF",101719,"/Date(1705029438000)/",16950,20000,2802800,46834000000,-150,false,-0.88
"EVF",101716,"/Date(1705029435000)/",16900,300,2782800,46495000000,-200,true,-1.17
"EVF",101716,"/Date(1705029435000)/",16900,300,2782500,46490000000,-200,true,-1.17
"EVF",101716,"/Date(1705029435000)/",16900,200,2782200,46485000000,-200,true,-1.17
"EVF",101716,"/Date(1705029435000)/",16900,6000,2782000,46481000000,-200,true,-1.17
"EVF",101716,"/Date(1705029435000)/",16900,80100,2776000,46380000000,-200,true,-1.17
"EVF",101716,"/Date(1705029435000)/",16900,2000,2695900,45026000000,-200,true,-1.17
"EVF",101700,"/Date(1705029420000)/",16900,400,2693900,44993000000,-200,true,-1.17
"EVF",101644,"/Date(1705029405000)/",16900,1000,2693500,44986000000,-200,true,-1.17
"EVF",101637,"/Date(1705029396000)/",16950,200,2692500,44969000000,-150,false,-0.88
"EVF",101546,"/Date(1705029346000)/",16950,500,2692300,44965000000,-150,true,-0.88
"EVF",101546,"/Date(1705029346000)/",16950,20500,2691800,44957000000,-150,true,-0.88
"EVF",101546,"/Date(1705029346000)/",16950,70100,2671300,44610000000,-150,true,-0.88
"EVF",101546,"/Date(1705029346000)/",17000,700,2601200,43421000000,-100,true,-0.58
"EVF",101530,"/Date(1705029331000)/",16950,37900,2600500,43409000000,-150,true,-0.88
"EVF",101530,"/Date(1705029331000)/",17000,12100,2562600,42767000000,-100,true,-0.58
"EVF",101445,"/Date(1705029285000)/",17050,9800,2550500,42561000000,-50,false,-0.29
"EVF",101445,"/Date(1705029285000)/",17050,200,2540700,42394000000,-50,false,-0.29
"EVF",101426,"/Date(1705029268000)/",17050,19800,2540500,42391000000,-50,false,-0.29
"EVF",101426,"/Date(1705029268000)/",17050,200,2520700,42053000000,-50,false,-0.29
"EVF",101406,"/Date(1705029247000)/",17000,2500,2520500,42050000000,-100,true,-0.58
"EVF",101406,"/Date(1705029247000)/",17000,2500,2518000,42007000000,-100,true,-0.58
"EVF",101406,"/Date(1705029247000)/",17000,10000,2515500,41965000000,-100,true,-0.58
"EVF",101406,"/Date(1705029247000)/",17000,2900,2505500,41795000000,-100,true,-0.58
"EVF",101400,"/Date(1705029243000)/",17000,5000,2502600,41746000000,-100,false,-0.58
"EVF",101357,"/Date(1705029238000)/",17000,15000,2497600,41661000000,-100,false,-0.58
"EVF",101353,"/Date(1705029235000)/",17000,10000,2482600,41406000000,-100,false,-0.58
"EVF",101331,"/Date(1705029212000)/",17000,17100,2472600,41236000000,-100,false,-0.58
"EVF",101331,"/Date(1705029212000)/",17000,100,2455500,40945000000,-100,false,-0.58
"EVF",101331,"/Date(1705029212000)/",17000,100,2455400,40943000000,-100,false,-0.58
"EVF",101331,"/Date(1705029212000)/",17000,100,2455300,40941000000,-100,false,-0.58
"EVF",101331,"/Date(1705029212000)/",17000,1000,2455200,40940000000,-100,false,-0.58
"EVF",101331,"/Date(1705029212000)/",17000,11600,2454200,40923000000,-100,false,-0.58
"EVF",101304,"/Date(1705029186000)/",16950,2000,2442600,40726000000,-150,true,-0.88
"EVF",101258,"/Date(1705029182000)/",17000,5000,2440600,40692000000,-100,false,-0.58
"EVF",101254,"/Date(1705029178000)/",17000,10000,2435600,40607000000,-100,false,-0.58
"EVF",101254,"/Date(1705029178000)/",17000,5000,2425600,40437000000,-100,false,-0.58
"EVF",101251,"/Date(1705029175000)/",17000,5000,2420600,40352000000,-100,false,-0.58
"EVF",101221,"/Date(1705029146000)/",17000,2000,2415600,40267000000,-100,false,-0.58
"EVF",101221,"/Date(1705029144000)/",17000,20000,2413600,40233000000,-100,false,-0.58
"EVF",101211,"/Date(1705029137000)/",17000,30000,2393600,39893000000,-100,false,-0.58
"EVF",101208,"/Date(1705029131000)/",17000,19000,2363600,39383000000,-100,false,-0.58
"EVF",101154,"/Date(1705029120000)/",17000,20000,2344600,39060000000,-100,false,-0.58
"EVF",101144,"/Date(1705029112000)/",17000,11000,2324600,38720000000,-100,false,-0.58
"EVF",101144,"/Date(1705029109000)/",17000,10000,2313600,38533000000,-100,false,-0.58
"EVF",101140,"/Date(1705029106000)/",17000,15000,2303600,38363000000,-100,false,-0.58
"EVF",101059,"/Date(1705029068000)/",17000,30000,2288600,38108000000,-100,false,-0.58
"EVF",101029,"/Date(1705029041000)/",17000,6400,2258600,37598000000,-100,false,-0.58
"EVF",101029,"/Date(1705029041000)/",17000,3600,2252200,37489000000,-100,false,-0.58
"EVF",101029,"/Date(1705029040000)/",17000,500,2248600,37428000000,-100,false,-0.58
"EVF",101029,"/Date(1705029039000)/",17000,5000,2248100,37419000000,-100,false,-0.58
"EVF",101026,"/Date(1705029037000)/",17000,900,2243100,37334000000,-100,false,-0.58
"EVF",101026,"/Date(1705029037000)/",17000,400,2242200,37319000000,-100,false,-0.58
"EVF",101026,"/Date(1705029037000)/",17000,2900,2241800,37312000000,-100,false,-0.58
"EVF",101026,"/Date(1705029037000)/",17000,10000,2238900,37263000000,-100,false,-0.58
"EVF",101026,"/Date(1705029037000)/",17000,5800,2228900,37093000000,-100,false,-0.58
"EVF",100958,"/Date(1705029009000)/",16950,60000,2223100,36994000000,-150,true,-0.88
"EVF",100958,"/Date(1705029009000)/",16950,30000,2163100,35977000000,-150,true,-0.88
"EVF",100951,"/Date(1705029002000)/",16900,34800,2133100,35469000000,-200,true,-1.17
"EVF",100951,"/Date(1705029002000)/",16900,500,2098300,34880000000,-200,true,-1.17
"EVF",100951,"/Date(1705029002000)/",16900,1000,2097800,34872000000,-200,true,-1.17
"EVF",100951,"/Date(1705029002000)/",16900,300,2096800,34855000000,-200,true,-1.17
"EVF",100951,"/Date(1705029002000)/",16900,40000,2096500,34850000000,-200,true,-1.17
"EVF",100945,"/Date(1705028996000)/",16900,10000,2056500,34174000000,-200,false,-1.17
"EVF",100945,"/Date(1705028996000)/",16900,10000,2046500,34005000000,-200,false,-1.17
"EVF",100938,"/Date(1705028988000)/",16850,500,2036500,33836000000,-250,true,-1.46
"EVF",100926,"/Date(1705028977000)/",16850,800,2036000,33828000000,-250,true,-1.46
"EVF",100926,"/Date(1705028977000)/",16850,100,2035200,33814000000,-250,true,-1.46
"EVF",100926,"/Date(1705028977000)/",16850,200,2035100,33812000000,-250,true,-1.46
"EVF",100926,"/Date(1705028977000)/",16850,6400,2034900,33809000000,-250,true,-1.46
"EVF",100916,"/Date(1705028967000)/",16850,20000,2028500,33701000000,-250,false,-1.46
"EVF",100828,"/Date(1705028919000)/",16850,3600,2008500,33364000000,-250,false,-1.46
"EVF",100828,"/Date(1705028919000)/",16850,6400,2004900,33304000000,-250,false,-1.46
"EVF",100825,"/Date(1705028916000)/",16850,50000,1998500,33196000000,-250,false,-1.46
"EVF",100825,"/Date(1705028916000)/",16850,3600,1948500,32353000000,-250,false,-1.46
"EVF",100825,"/Date(1705028916000)/",16850,1400,1944900,32293000000,-250,false,-1.46
"EVF",100825,"/Date(1705028916000)/",16850,15000,1943500,32269000000,-250,false,-1.46
"EVF",100812,"/Date(1705028903000)/",16800,1000,1928500,32016000000,-300,true,-1.75
"EVF",100812,"/Date(1705028903000)/",16800,2100,1927500,31999000000,-300,true,-1.75
"EVF",100812,"/Date(1705028901000)/",16800,2000,1925400,31964000000,-300,true,-1.75
"EVF",100746,"/Date(1705028876000)/",16800,20000,1923400,31931000000,-300,false,-1.75
"EVF",100743,"/Date(1705028875000)/",16800,5900,1903400,31595000000,-300,false,-1.75
"EVF",100743,"/Date(1705028875000)/",16800,1000,1897500,31495000000,-300,false,-1.75
"EVF",100743,"/Date(1705028875000)/",16800,23100,1896500,31479000000,-300,false,-1.75
"EVF",100740,"/Date(1705028872000)/",16800,5000,1873400,31091000000,-300,false,-1.75
"EVF",100737,"/Date(1705028868000)/",16800,1900,1868400,31007000000,-300,false,-1.75
"EVF",100737,"/Date(1705028868000)/",16800,1000,1866500,30975000000,-300,false,-1.75
"EVF",100737,"/Date(1705028868000)/",16800,3000,1865500,30958000000,-300,false,-1.75
"EVF",100737,"/Date(1705028868000)/",16800,100,1862500,30907000000,-300,false,-1.75
"EVF",100737,"/Date(1705028868000)/",16800,2200,1862400,30906000000,-300,false,-1.75
"EVF",100737,"/Date(1705028868000)/",16800,1000,1860200,30869000000,-300,false,-1.75
"EVF",100737,"/Date(1705028868000)/",16800,5800,1859200,30852000000,-300,false,-1.75
"EVF",100730,"/Date(1705028860000)/",16750,900,1853400,30755000000,-350,true,-2.05
"EVF",100730,"/Date(1705028860000)/",16750,20000,1852500,30740000000,-350,true,-2.05
"EVF",100730,"/Date(1705028860000)/",16750,2100,1832500,30405000000,-350,true,-2.05
"EVF",100659,"/Date(1705028829000)/",16700,4500,1830400,30369000000,-400,true,-2.34
"EVF",100659,"/Date(1705028829000)/",16700,10000,1825900,30294000000,-400,true,-2.34
"EVF",100659,"/Date(1705028829000)/",16700,42200,1815900,30127000000,-400,true,-2.34
"EVF",100633,"/Date(1705028803000)/",16750,1000,1773700,29422000000,-350,false,-2.05
"EVF",100605,"/Date(1705028775000)/",16750,10000,1772700,29406000000,-350,false,-2.05
"EVF",100558,"/Date(1705028770000)/",16700,7800,1762700,29238000000,-400,false,-2.34
"EVF",100555,"/Date(1705028766000)/",16700,20000,1754900,29108000000,-400,false,-2.34
"EVF",100520,"/Date(1705028731000)/",16650,1500,1734900,28774000000,-450,true,-2.63
"EVF",100514,"/Date(1705028724000)/",16700,10000,1733400,28749000000,-400,false,-2.34
"EVF",100514,"/Date(1705028723000)/",16700,10000,1723400,28582000000,-400,false,-2.34
"EVF",100507,"/Date(1705028717000)/",16700,2200,1713400,28415000000,-400,false,-2.34
"EVF",100507,"/Date(1705028717000)/",16700,100,1711200,28378000000,-400,false,-2.34
"EVF",100507,"/Date(1705028717000)/",16700,1700,1711100,28377000000,-400,false,-2.34
"EVF",100507,"/Date(1705028717000)/",16700,1000,1709400,28348000000,-400,false,-2.34
"EVF",100507,"/Date(1705028717000)/",16700,8800,1708400,28331000000,-400,false,-2.34
"EVF",100507,"/Date(1705028717000)/",16700,6200,1699600,28185000000,-400,false,-2.34
"EVF",100458,"/Date(1705028708000)/",16650,10000,1693400,28081000000,-450,false,-2.63
"EVF",100458,"/Date(1705028708000)/",16650,8600,1683400,27914000000,-450,false,-2.63
"EVF",100426,"/Date(1705028677000)/",16600,500,1674800,27771000000,-500,true,-2.92
"EVF",100426,"/Date(1705028677000)/",16600,5000,1674300,27763000000,-500,true,-2.92
"EVF",100426,"/Date(1705028677000)/",16600,6500,1669300,27680000000,-500,true,-2.92
"EVF",100423,"/Date(1705028672000)/",16600,10000,1662800,27572000000,-500,false,-2.92
"EVF",100416,"/Date(1705028666000)/",16600,5000,1652800,27406000000,-500,false,-2.92
"EVF",100400,"/Date(1705028650000)/",16550,5000,1647800,27323000000,-550,false,-3.22
"EVF",100347,"/Date(1705028637000)/",16550,100,1642800,27240000000,-550,false,-3.22
"EVF",100347,"/Date(1705028637000)/",16550,12600,1642700,27239000000,-550,false,-3.22
"EVF",100347,"/Date(1705028637000)/",16550,200,1630100,27030000000,-550,false,-3.22
"EVF",100347,"/Date(1705028637000)/",16550,30000,1629900,27027000000,-550,false,-3.22
"EVF",100347,"/Date(1705028637000)/",16550,2100,1599900,26530000000,-550,false,-3.22
"EVF",100344,"/Date(1705028634000)/",16550,1500,1597800,26496000000,-550,true,-3.22
"EVF",100335,"/Date(1705028624000)/",16550,1400,1596300,26471000000,-550,true,-3.22
"EVF",100335,"/Date(1705028624000)/",16550,600,1594900,26448000000,-550,true,-3.22
"EVF",100322,"/Date(1705028611000)/",16550,500,1594300,26438000000,-550,true,-3.22
"EVF",100322,"/Date(1705028611000)/",16550,11500,1593800,26429000000,-550,true,-3.22
"EVF",100309,"/Date(1705028599000)/",16550,500,1582300,26239000000,-550,false,-3.22
"EVF",100306,"/Date(1705028595000)/",16550,4500,1581800,26231000000,-550,false,-3.22
"EVF",100306,"/Date(1705028595000)/",16550,500,1577300,26156000000,-550,false,-3.22
"EVF",100303,"/Date(1705028592000)/",16550,200,1576800,26148000000,-550,false,-3.22
"EVF",100253,"/Date(1705028583000)/",16550,100,1576600,26145000000,-550,false,-3.22
"EVF",100250,"/Date(1705028582000)/",16550,5000,1576500,26143000000,-550,true,-3.22
"EVF",100250,"/Date(1705028582000)/",16550,200,1571500,26060000000,-550,true,-3.22
"EVF",100250,"/Date(1705028582000)/",16550,1000,1571300,26057000000,-550,true,-3.22
"EVF",100250,"/Date(1705028582000)/",16550,3000,1570300,26040000000,-550,true,-3.22
"EVF",100250,"/Date(1705028582000)/",16550,100,1567300,25991000000,-550,true,-3.22
"EVF",100212,"/Date(1705028544000)/",16550,1900,1567200,25989000000,-550,true,-3.22
"EVF",100212,"/Date(1705028544000)/",16550,1000,1565300,25958000000,-550,true,-3.22
"EVF",100212,"/Date(1705028544000)/",16550,500,1564300,25941000000,-550,true,-3.22
"EVF",100212,"/Date(1705028544000)/",16550,2000,1563800,25933000000,-550,true,-3.22
"EVF",100212,"/Date(1705028544000)/",16550,500,1561800,25900000000,-550,true,-3.22
"EVF",100212,"/Date(1705028544000)/",16550,10000,1561300,25891000000,-550,true,-3.22
"EVF",100212,"/Date(1705028544000)/",16550,500,1551300,25726000000,-550,true,-3.22
"EVF",100212,"/Date(1705028544000)/",16550,1600,1550800,25718000000,-550,true,-3.22
"EVF",100212,"/Date(1705028544000)/",16550,1000,1549200,25691000000,-550,true,-3.22
"EVF",100124,"/Date(1705028495000)/",16550,2000,1548200,25675000000,-550,true,-3.22
"EVF",100124,"/Date(1705028495000)/",16550,300,1546200,25642000000,-550,true,-3.22
"EVF",100124,"/Date(1705028495000)/",16550,2000,1545900,25637000000,-550,true,-3.22
"EVF",100124,"/Date(1705028495000)/",16550,10000,1543900,25604000000,-550,true,-3.22
"EVF",100124,"/Date(1705028495000)/",16550,2000,1533900,25438000000,-550,true,-3.22
"EVF",100124,"/Date(1705028495000)/",16550,2500,1531900,25405000000,-550,true,-3.22
"EVF",100124,"/Date(1705028495000)/",16550,2000,1529400,25364000000,-550,true,-3.22
"EVF",100124,"/Date(1705028495000)/",16550,100,1527400,25330000000,-550,true,-3.22
"EVF",100124,"/Date(1705028495000)/",16550,100,1527300,25329000000,-550,true,-3.22
"EVF",100124,"/Date(1705028495000)/",16550,1000,1527200,25327000000,-550,true,-3.22
"EVF",100124,"/Date(1705028495000)/",16550,28000,1526200,25311000000,-550,true,-3.22
"EVF",100040,"/Date(1705028451000)/",16600,3000,1498200,24847000000,-500,false,-2.92
"EVF",95949,"/Date(1705028398000)/",16600,1500,1495200,24797000000,-500,false,-2.92
"EVF",95942,"/Date(1705028391000)/",16550,1400,1493700,24772000000,-550,true,-3.22
"EVF",95852,"/Date(1705028343000)/",16600,4000,1492300,24749000000,-500,false,-2.92
"EVF",95852,"/Date(1705028343000)/",16600,1000,1488300,24683000000,-500,false,-2.92
"EVF",95829,"/Date(1705028321000)/",16550,200,1487300,24666000000,-550,true,-3.22
"EVF",95829,"/Date(1705028320000)/",16550,400,1487100,24663000000,-550,true,-3.22
"EVF",95817,"/Date(1705028307000)/",16550,2000,1486700,24656000000,-550,false,-3.22
"EVF",95817,"/Date(1705028305000)/",16550,3600,1484700,24623000000,-550,false,-3.22
"EVF",95817,"/Date(1705028305000)/",16550,1400,1481100,24564000000,-550,false,-3.22
"EVF",95810,"/Date(1705028300000)/",16550,100,1479700,24541000000,-550,false,-3.22
"EVF",95726,"/Date(1705028254000)/",16550,1000,1479600,24539000000,-550,true,-3.22
"EVF",95726,"/Date(1705028254000)/",16550,300,1478600,24522000000,-550,true,-3.22
"EVF",95726,"/Date(1705028254000)/",16550,5000,1478300,24517000000,-550,true,-3.22
"EVF",95726,"/Date(1705028254000)/",16550,1000,1473300,24435000000,-550,true,-3.22
"EVF",95726,"/Date(1705028254000)/",16550,100,1472300,24418000000,-550,true,-3.22
"EVF",95726,"/Date(1705028254000)/",16550,1000,1472200,24416000000,-550,true,-3.22
"EVF",95726,"/Date(1705028254000)/",16550,100,1471200,24400000000,-550,true,-3.22
"EVF",95620,"/Date(1705028188000)/",16550,5000,1471100,24398000000,-550,false,-3.22
"EVF",95549,"/Date(1705028156000)/",16550,500,1466100,24315000000,-550,false,-3.22
"EVF",95537,"/Date(1705028143000)/",16550,200,1465600,24307000000,-550,false,-3.22
"EVF",95534,"/Date(1705028140000)/",16550,5700,1465400,24304000000,-550,false,-3.22
"EVF",95534,"/Date(1705028140000)/",16550,1300,1459700,24210000000,-550,false,-3.22
"EVF",95515,"/Date(1705028122000)/",16550,5000,1458400,24188000000,-550,false,-3.22
"EVF",95506,"/Date(1705028113000)/",16550,100,1453400,24105000000,-550,false,-3.22
"EVF",95450,"/Date(1705028098000)/",16550,500,1453300,24104000000,-550,false,-3.22
"EVF",95450,"/Date(1705028096000)/",16550,2000,1452800,24095000000,-550,false,-3.22
"EVF",95450,"/Date(1705028096000)/",16550,100,1450800,24062000000,-550,false,-3.22
"EVF",95450,"/Date(1705028096000)/",16550,1000,1450700,24061000000,-550,false,-3.22
"EVF",95450,"/Date(1705028096000)/",16550,100,1449700,24044000000,-550,false,-3.22
"EVF",95450,"/Date(1705028096000)/",16550,10300,1449600,24042000000,-550,false,-3.22
"EVF",95450,"/Date(1705028096000)/",16550,3000,1439300,23872000000,-550,false,-3.22
"EVF",95450,"/Date(1705028096000)/",16550,100,1436300,23822000000,-550,false,-3.22
"EVF",95450,"/Date(1705028096000)/",16550,30000,1436200,23821000000,-550,false,-3.22
"EVF",95450,"/Date(1705028096000)/",16550,600,1406200,23324000000,-550,false,-3.22
"EVF",95450,"/Date(1705028096000)/",16550,45800,1405600,23314000000,-550,false,-3.22
"EVF",95450,"/Date(1705028096000)/",16600,500,1359800,22556000000,-500,false,-2.92
"EVF",95420,"/Date(1705028063000)/",16600,100,1359300,22548000000,-500,false,-2.92
"EVF",95420,"/Date(1705028063000)/",16600,10000,1359200,22546000000,-500,false,-2.92
"EVF",95420,"/Date(1705028063000)/",16600,1000,1349200,22380000000,-500,false,-2.92
"EVF",95420,"/Date(1705028063000)/",16600,200,1348200,22364000000,-500,false,-2.92
"EVF",95420,"/Date(1705028063000)/",16600,2000,1348000,22360000000,-500,false,-2.92
"EVF",95420,"/Date(1705028063000)/",16600,7400,1346000,22327000000,-500,false,-2.92
"EVF",95408,"/Date(1705028053000)/",16600,92600,1338600,22204000000,-500,true,-2.92
"EVF",95408,"/Date(1705028053000)/",16600,7400,1246000,20667000000,-500,true,-2.92
"EVF",95408,"/Date(1705028050000)/",16600,10000,1238600,20544000000,-500,true,-2.92
"EVF",95347,"/Date(1705028031000)/",16600,500,1228600,20378000000,-500,true,-2.92
"EVF",95347,"/Date(1705028031000)/",16650,500,1228100,20370000000,-450,true,-2.63
"EVF",95347,"/Date(1705028031000)/",16650,100,1227600,20362000000,-450,true,-2.63
"EVF",95347,"/Date(1705028031000)/",16650,25500,1227500,20360000000,-450,true,-2.63
"EVF",95338,"/Date(1705028021000)/",16650,2000,1202000,19935000000,-450,true,-2.63
"EVF",95318,"/Date(1705027999000)/",16650,10000,1200000,19902000000,-450,true,-2.63
"EVF",95309,"/Date(1705027988000)/",16650,12500,1190000,19736000000,-450,true,-2.63
"EVF",95309,"/Date(1705027988000)/",16650,500,1177500,19527000000,-450,true,-2.63
"EVF",95309,"/Date(1705027988000)/",16650,5000,1177000,19519000000,-450,true,-2.63
"EVF",95309,"/Date(1705027988000)/",16650,2000,1172000,19436000000,-450,true,-2.63
"EVF",95121,"/Date(1705027881000)/",16700,5100,1170000,19403000000,-400,true,-2.34
"EVF",95102,"/Date(1705027859000)/",16700,9900,1164900,19317000000,-400,true,-2.34
"EVF",95021,"/Date(1705027819000)/",16700,1000,1155000,19152000000,-400,false,-2.34
"EVF",95018,"/Date(1705027817000)/",16650,45100,1154000,19135000000,-450,true,-2.63
"EVF",95018,"/Date(1705027817000)/",16700,100,1108900,18384000000,-400,false,-2.34
"EVF",94946,"/Date(1705027783000)/",16700,100,1108800,18383000000,-400,false,-2.34
"EVF",94936,"/Date(1705027773000)/",16700,100,1108700,18381000000,-400,false,-2.34
"EVF",94804,"/Date(1705027682000)/",16700,1000,1108600,18379000000,-400,false,-2.34
"EVF",94804,"/Date(1705027682000)/",16700,1000,1107600,18363000000,-400,false,-2.34
"EVF",94804,"/Date(1705027682000)/",16700,500,1106600,18346000000,-400,false,-2.34
"EVF",94804,"/Date(1705027682000)/",16700,300,1106100,18338000000,-400,false,-2.34
"EVF",94804,"/Date(1705027682000)/",16700,6000,1105800,18333000000,-400,false,-2.34
"EVF",94757,"/Date(1705027677000)/",16700,6000,1099800,18233000000,-400,true,-2.34
"EVF",94757,"/Date(1705027677000)/",16700,11000,1093800,18132000000,-400,true,-2.34
"EVF",94741,"/Date(1705027658000)/",16750,5000,1082800,17949000000,-350,true,-2.05
"EVF",94741,"/Date(1705027658000)/",16750,1900,1077800,17865000000,-350,true,-2.05
"EVF",94729,"/Date(1705027647000)/",16750,2800,1075900,17833000000,-350,true,-2.05
"EVF",94729,"/Date(1705027647000)/",16750,19000,1073100,17786000000,-350,true,-2.05
"EVF",94729,"/Date(1705027647000)/",16750,8200,1054100,17468000000,-350,true,-2.05
"EVF",94716,"/Date(1705027633000)/",16750,3000,1045900,17331000000,-350,true,-2.05
"EVF",94703,"/Date(1705027622000)/",16800,6000,1042900,17280000000,-300,false,-1.75
"EVF",94559,"/Date(1705027559000)/",16800,300,1036900,17180000000,-300,false,-1.75
"EVF",94559,"/Date(1705027556000)/",16750,8800,1036600,17174000000,-350,true,-2.05
"EVF",94559,"/Date(1705027556000)/",16750,1000,1027800,17027000000,-350,true,-2.05
"EVF",94559,"/Date(1705027556000)/",16750,200,1026800,17010000000,-350,true,-2.05
"EVF",94556,"/Date(1705027554000)/",16750,10000,1026600,17007000000,-350,true,-2.05
"EVF",94524,"/Date(1705027523000)/",16800,100,1016600,16839000000,-300,false,-1.75
"EVF",94456,"/Date(1705027495000)/",16800,500,1016500,16838000000,-300,false,-1.75
"EVF",94440,"/Date(1705027479000)/",16800,50000,1016000,16829000000,-300,false,-1.75
"EVF",94437,"/Date(1705027474000)/",16800,19000,966000,15989000000,-300,false,-1.75
"EVF",94430,"/Date(1705027469000)/",16800,3000,947000,15670000000,-300,false,-1.75
"EVF",94355,"/Date(1705027432000)/",16800,5000,944000,15620000000,-300,false,-1.75
"EVF",94352,"/Date(1705027431000)/",16800,400,939000,15536000000,-300,false,-1.75
"EVF",94346,"/Date(1705027423000)/",16800,100,938600,15529000000,-300,false,-1.75
"EVF",94333,"/Date(1705027411000)/",16800,200,938500,15527000000,-300,false,-1.75
"EVF",94330,"/Date(1705027406000)/",16800,9600,938300,15524000000,-300,false,-1.75
"EVF",94326,"/Date(1705027406000)/",16800,400,928700,15363000000,-300,false,-1.75
"EVF",94323,"/Date(1705027400000)/",16800,19600,928300,15356000000,-300,false,-1.75
"EVF",94323,"/Date(1705027400000)/",16800,400,908700,15027000000,-300,false,-1.75
"EVF",94301,"/Date(1705027380000)/",16750,1000,908300,15020000000,-350,false,-2.05
"EVF",94301,"/Date(1705027379000)/",16750,1000,907300,15003000000,-350,false,-2.05
"EVF",94301,"/Date(1705027379000)/",16750,17800,906300,14987000000,-350,false,-2.05
"EVF",94255,"/Date(1705027374000)/",16750,2200,888500,14688000000,-350,false,-2.05
"EVF",94255,"/Date(1705027374000)/",16750,11000,886300,14652000000,-350,false,-2.05
"EVF",94255,"/Date(1705027374000)/",16750,6800,875300,14467000000,-350,false,-2.05
"EVF",94248,"/Date(1705027368000)/",16750,8000,868500,14353000000,-350,false,-2.05
"EVF",94232,"/Date(1705027350000)/",16750,500,860500,14219000000,-350,false,-2.05
"EVF",94223,"/Date(1705027341000)/",16700,2000,860000,14211000000,-400,true,-2.34
"EVF",94223,"/Date(1705027339000)/",16750,15000,858000,14178000000,-350,false,-2.05
"EVF",94223,"/Date(1705027339000)/",16750,5000,843000,13926000000,-350,false,-2.05
"EVF",94210,"/Date(1705027327000)/",16700,500,838000,13843000000,-400,true,-2.34
"EVF",94210,"/Date(1705027327000)/",16700,4500,837500,13834000000,-400,true,-2.34
"EVF",94204,"/Date(1705027322000)/",16700,5500,833000,13759000000,-400,false,-2.34
"EVF",94204,"/Date(1705027322000)/",16700,5700,827500,13667000000,-400,false,-2.34
"EVF",94204,"/Date(1705027322000)/",16700,9600,821800,13572000000,-400,false,-2.34
"EVF",94204,"/Date(1705027322000)/",16700,20000,812200,13412000000,-400,false,-2.34
"EVF",94204,"/Date(1705027322000)/",16700,6000,792200,13078000000,-400,false,-2.34
"EVF",94204,"/Date(1705027322000)/",16700,3200,786200,12978000000,-400,false,-2.34
"EVF",94122,"/Date(1705027279000)/",16700,100,783000,12924000000,-400,false,-2.34
"EVF",94122,"/Date(1705027279000)/",16650,4000,782900,12922000000,-450,true,-2.63
"EVF",94050,"/Date(1705027247000)/",16700,500,778900,12856000000,-400,false,-2.34
"EVF",94044,"/Date(1705027243000)/",16700,6200,778400,12847000000,-400,false,-2.34
"EVF",94044,"/Date(1705027243000)/",16700,3900,772200,12744000000,-400,false,-2.34
"EVF",94006,"/Date(1705027203000)/",16700,500,768300,12679000000,-400,false,-2.34
"EVF",93840,"/Date(1705027118000)/",16700,2000,767800,12670000000,-400,false,-2.34
"EVF",93805,"/Date(1705027084000)/",16700,9100,765800,12637000000,-400,false,-2.34
"EVF",93805,"/Date(1705027084000)/",16700,100,756700,12485000000,-400,false,-2.34
"EVF",93805,"/Date(1705027084000)/",16700,800,756600,12483000000,-400,false,-2.34
"EVF",93758,"/Date(1705027075000)/",16650,10600,755800,12470000000,-450,false,-2.63
"EVF",93758,"/Date(1705027075000)/",16650,8300,745200,12294000000,-450,false,-2.63
"EVF",93743,"/Date(1705027059000)/",16650,2000,736900,12155000000,-450,false,-2.63
"EVF",93736,"/Date(1705027055000)/",16650,300,734900,12122000000,-450,false,-2.63
"EVF",93658,"/Date(1705027015000)/",16600,12100,734600,12117000000,-500,false,-2.92
"EVF",93658,"/Date(1705027015000)/",16600,300,722500,11916000000,-500,false,-2.92
"EVF",93652,"/Date(1705027011000)/",16600,7600,722200,11911000000,-500,false,-2.92
"EVF",93652,"/Date(1705027011000)/",16600,2400,714600,11785000000,-500,false,-2.92
"EVF",93652,"/Date(1705027010000)/",16600,600,712200,11745000000,-500,false,-2.92
"EVF",93652,"/Date(1705027010000)/",16600,4400,711600,11735000000,-500,false,-2.92
"EVF",93652,"/Date(1705027008000)/",16600,100,707200,11662000000,-500,false,-2.92
"EVF",93645,"/Date(1705027002000)/",16600,11000,707100,11661000000,-500,false,-2.92
"EVF",93632,"/Date(1705026992000)/",16600,400,696100,11478000000,-500,false,-2.92
"EVF",93629,"/Date(1705026988000)/",16600,100,695700,11471000000,-500,false,-2.92
"EVF",93626,"/Date(1705026986000)/",16600,4000,695600,11470000000,-500,false,-2.92
"EVF",93626,"/Date(1705026986000)/",16600,1000,691600,11403000000,-500,false,-2.92
"EVF",93623,"/Date(1705026980000)/",16600,1000,690600,11387000000,-500,false,-2.92
"EVF",93620,"/Date(1705026979000)/",16550,4200,689600,11370000000,-550,true,-3.22
"EVF",93620,"/Date(1705026979000)/",16550,100,685400,11301000000,-550,true,-3.22
"EVF",93620,"/Date(1705026979000)/",16550,100,685300,11299000000,-550,true,-3.22
"EVF",93620,"/Date(1705026979000)/",16550,300,685200,11297000000,-550,true,-3.22
"EVF",93620,"/Date(1705026979000)/",16550,200,684900,11292000000,-550,true,-3.22
"EVF",93620,"/Date(1705026979000)/",16550,100,684700,11289000000,-550,true,-3.22
"EVF",93617,"/Date(1705026975000)/",16600,100,684600,11287000000,-500,false,-2.92
"EVF",93613,"/Date(1705026972000)/",16600,100,684500,11286000000,-500,false,-2.92
"EVF",93557,"/Date(1705026956000)/",16600,17800,684400,11284000000,-500,false,-2.92
"EVF",93557,"/Date(1705026956000)/",16600,1200,666600,10989000000,-500,false,-2.92
"EVF",93548,"/Date(1705026947000)/",16550,400,665400,10969000000,-550,true,-3.22
"EVF",93548,"/Date(1705026947000)/",16550,100,665000,10962000000,-550,true,-3.22
"EVF",93542,"/Date(1705026939000)/",16600,100,664900,10960000000,-500,false,-2.92
"EVF",93500,"/Date(1705026898000)/",16550,300,664800,10959000000,-550,true,-3.22
"EVF",93500,"/Date(1705026898000)/",16550,500,664500,10954000000,-550,true,-3.22
"EVF",93500,"/Date(1705026898000)/",16550,19200,664000,10945000000,-550,true,-3.22
"EVF",93438,"/Date(1705026876000)/",16550,800,644800,10628000000,-550,true,-3.22
"EVF",93438,"/Date(1705026876000)/",16550,1200,644000,10614000000,-550,true,-3.22
"EVF",93435,"/Date(1705026874000)/",16600,400,642800,10595000000,-500,false,-2.92
"EVF",93400,"/Date(1705026838000)/",16550,200,642400,10588000000,-550,true,-3.22
"EVF",93331,"/Date(1705026810000)/",16500,7400,642200,10585000000,-600,true,-3.51
"EVF",93331,"/Date(1705026810000)/",16500,2000,634800,10463000000,-600,true,-3.51
"EVF",93331,"/Date(1705026810000)/",16500,500,632800,10430000000,-600,true,-3.51
"EVF",93331,"/Date(1705026810000)/",16500,1000,632300,10421000000,-600,true,-3.51
"EVF",93331,"/Date(1705026810000)/",16500,100,631300,10405000000,-600,true,-3.51
"EVF",93331,"/Date(1705026810000)/",16500,1000,631200,10403000000,-600,true,-3.51
"EVF",93331,"/Date(1705026810000)/",16500,30000,630200,10387000000,-600,true,-3.51
"EVF",93331,"/Date(1705026810000)/",16500,100,600200,9892000000,-600,true,-3.51
"EVF",93331,"/Date(1705026810000)/",16500,2300,600100,9890000000,-600,true,-3.51
"EVF",93331,"/Date(1705026810000)/",16500,2100,597800,9852000000,-600,true,-3.51
"EVF",93331,"/Date(1705026810000)/",16550,3500,595700,9817000000,-550,true,-3.22
"EVF",93328,"/Date(1705026804000)/",16550,500,592200,9759000000,-550,false,-3.22
"EVF",93328,"/Date(1705026804000)/",16550,1000,591700,9751000000,-550,false,-3.22
"EVF",93306,"/Date(1705026785000)/",16500,2900,590700,9735000000,-600,false,-3.51
"EVF",93302,"/Date(1705026780000)/",16500,3000,587800,9687000000,-600,false,-3.51
"EVF",93259,"/Date(1705026778000)/",16500,800,584800,9637000000,-600,false,-3.51
"EVF",93256,"/Date(1705026774000)/",16500,300,584000,9624000000,-600,false,-3.51
"EVF",93256,"/Date(1705026773000)/",16500,500,583700,9619000000,-600,false,-3.51
"EVF",93256,"/Date(1705026773000)/",16500,1000,583200,9611000000,-600,false,-3.51
"EVF",93256,"/Date(1705026773000)/",16500,1200,582200,9594000000,-600,false,-3.51
"EVF",93256,"/Date(1705026773000)/",16500,400,581000,9575000000,-600,false,-3.51
"EVF",93256,"/Date(1705026773000)/",16500,300,580600,9568000000,-600,false,-3.51
"EVF",93256,"/Date(1705026773000)/",16500,100,580300,9563000000,-600,false,-3.51
"EVF",93256,"/Date(1705026773000)/",16500,9500,580200,9561000000,-600,false,-3.51
"EVF",93253,"/Date(1705026772000)/",16550,1000,570700,9405000000,-550,false,-3.22
"EVF",93240,"/Date(1705026757000)/",16500,500,569700,9388000000,-600,false,-3.51
"EVF",93231,"/Date(1705026750000)/",16500,200,569200,9380000000,-600,false,-3.51
"EVF",93231,"/Date(1705026748000)/",16500,1000,569000,9377000000,-600,false,-3.51
"EVF",93227,"/Date(1705026747000)/",16500,1000,568000,9360000000,-600,false,-3.51
"EVF",93224,"/Date(1705026744000)/",16500,1000,567000,9344000000,-600,false,-3.51
"EVF",93224,"/Date(1705026742000)/",16500,100,566000,9327000000,-600,false,-3.51
"EVF",93218,"/Date(1705026736000)/",16500,1000,565900,9325000000,-600,false,-3.51
"EVF",93218,"/Date(1705026735000)/",16500,1000,564900,9309000000,-600,false,-3.51
"EVF",93208,"/Date(1705026725000)/",16500,5100,563900,9292000000,-600,false,-3.51
"EVF",93208,"/Date(1705026725000)/",16500,5000,558800,9208000000,-600,false,-3.51
"EVF",93208,"/Date(1705026725000)/",16500,100,553800,9126000000,-600,false,-3.51
"EVF",93208,"/Date(1705026725000)/",16500,1000,553700,9124000000,-600,false,-3.51
"EVF",93208,"/Date(1705026725000)/",16500,3000,552700,9108000000,-600,false,-3.51
"EVF",93159,"/Date(1705026717000)/",16550,3000,549700,9058000000,-550,false,-3.22
"EVF",93156,"/Date(1705026714000)/",16600,100,546700,9008000000,-500,false,-2.92
"EVF",93149,"/Date(1705026708000)/",16600,3000,546600,9007000000,-500,false,-2.92
"EVF",93149,"/Date(1705026708000)/",16600,200,543600,8957000000,-500,false,-2.92
"EVF",93149,"/Date(1705026708000)/",16600,400,543400,8954000000,-500,false,-2.92
"EVF",93127,"/Date(1705026685000)/",16600,2000,543000,8947000000,-500,false,-2.92
"EVF",93020,"/Date(1705026617000)/",16400,9800,541000,8914000000,-700,true,-4.09
"EVF",93020,"/Date(1705026617000)/",16400,1100,531200,8753000000,-700,true,-4.09
"EVF",93020,"/Date(1705026617000)/",16500,9100,530100,8735000000,-600,false,-3.51
"EVF",93017,"/Date(1705026614000)/",16500,200,521000,8585000000,-600,true,-3.51
"EVF",93017,"/Date(1705026614000)/",16500,1500,520800,8582000000,-600,true,-3.51
"EVF",93017,"/Date(1705026614000)/",16450,100,519300,8557000000,-650,false,-3.8
"EVF",93017,"/Date(1705026614000)/",16450,300,519200,8555000000,-650,false,-3.8
"EVF",93017,"/Date(1705026614000)/",16450,8800,518900,8550000000,-650,false,-3.8
"EVF",93011,"/Date(1705026610000)/",16400,800,510100,8406000000,-700,false,-4.09
"EVF",93011,"/Date(1705026610000)/",16400,500,509300,8392000000,-700,false,-4.09
"EVF",93007,"/Date(1705026606000)/",16400,1000,508800,8384000000,-700,true,-4.09
"EVF",93007,"/Date(1705026605000)/",16400,100,507800,8368000000,-700,true,-4.09
"EVF",93004,"/Date(1705026604000)/",16400,100,507700,8366000000,-700,true,-4.09
"EVF",93004,"/Date(1705026604000)/",16400,10000,507600,8365000000,-700,true,-4.09
"EVF",93004,"/Date(1705026604000)/",16400,200,497600,8201000000,-700,true,-4.09
"EVF",93004,"/Date(1705026604000)/",16400,4800,497400,8197000000,-700,true,-4.09
"EVF",93004,"/Date(1705026604000)/",16400,5000,492600,8119000000,-700,true,-4.09
"EVF",93004,"/Date(1705026604000)/",16400,7500,487600,8037000000,-700,true,-4.09
"EVF",92955,"/Date(1705026593000)/",16400,2500,480100,7914000000,-700,true,-4.09
"EVF",92955,"/Date(1705026593000)/",16400,600,477600,7873000000,-700,true,-4.09
"EVF",92955,"/Date(1705026593000)/",16400,300,477000,7863000000,-700,true,-4.09
"EVF",92955,"/Date(1705026593000)/",16400,1000,476700,7858000000,-700,true,-4.09
"EVF",92955,"/Date(1705026593000)/",16400,600,475700,7841000000,-700,true,-4.09
"EVF",92945,"/Date(1705026585000)/",16400,2800,475100,7832000000,-700,true,-4.09
"EVF",92945,"/Date(1705026585000)/",16400,100,472300,7786000000,-700,true,-4.09
"EVF",92945,"/Date(1705026585000)/",16400,500,472200,7784000000,-700,true,-4.09
"EVF",92945,"/Date(1705026585000)/",16400,500,471700,7776000000,-700,true,-4.09
"EVF",92945,"/Date(1705026585000)/",16400,100,471200,7768000000,-700,true,-4.09
"EVF",92942,"/Date(1705026579000)/",16400,200,471100,7766000000,-700,true,-4.09
