"Stockcode","Package","TradingDate","Price","Vol","TotalVol","TotalVal","Change","IsBuy","PerChange"
"TCD",144610,"/Date(1705045501000)/",7600,116400,2349600,18024000000,-240,false,-3.06
"TCD",143056,"/Date(1705044592000)/",7620,1000,2233200,17139000000,-220,false,-2.81
"TCD",143040,"/Date(1705044576000)/",7620,400,2232200,17132000000,-220,false,-2.81
"TCD",143027,"/Date(1705044562000)/",7610,500,2231800,17129000000,-230,true,-2.93
"TCD",143027,"/Date(1705044562000)/",7610,500,2231300,17125000000,-230,true,-2.93
"TCD",143021,"/Date(1705044558000)/",7620,2300,2230800,17121000000,-220,false,-2.81
"TCD",143021,"/Date(1705044557000)/",7620,1000,2228500,17103000000,-220,false,-2.81
"TCD",142955,"/Date(1705044532000)/",7610,1500,2227500,17096000000,-230,true,-2.93
"TCD",142949,"/Date(1705044525000)/",7610,100,2226000,17084000000,-230,false,-2.93
"TCD",142933,"/Date(1705044508000)/",7610,1000,2225900,17084000000,-230,true,-2.93
"TCD",142923,"/Date(1705044501000)/",7620,500,2224900,17076000000,-220,false,-2.81
"TCD",142920,"/Date(1705044495000)/",7610,1500,2224400,17072000000,-230,true,-2.93
"TCD",142914,"/Date(1705044488000)/",7620,100,2222900,17061000000,-220,true,-2.81
"TCD",142914,"/Date(1705044488000)/",7620,600,2222800,17060000000,-220,true,-2.81
"TCD",142914,"/Date(1705044488000)/",7620,1400,2222200,17056000000,-220,true,-2.81
"TCD",142914,"/Date(1705044488000)/",7620,600,2220800,17045000000,-220,true,-2.81
"TCD",142825,"/Date(1705044443000)/",7620,100,2220200,17040000000,-220,true,-2.81
"TCD",142825,"/Date(1705044443000)/",7630,100,2220100,17040000000,-210,false,-2.68
"TCD",142825,"/Date(1705044443000)/",7630,100,2220000,17039000000,-210,false,-2.68
"TCD",142819,"/Date(1705044435000)/",7640,500,2219900,17038000000,-200,false,-2.55
"TCD",142819,"/Date(1705044435000)/",7640,500,2219400,17034000000,-200,false,-2.55
"TCD",142819,"/Date(1705044435000)/",7640,1100,2218900,17030000000,-200,false,-2.55
"TCD",142809,"/Date(1705044426000)/",7640,100,2217800,17022000000,-200,true,-2.55
"TCD",142750,"/Date(1705044407000)/",7650,200,2217700,17021000000,-190,false,-2.42
"TCD",142737,"/Date(1705044395000)/",7650,100,2217500,17020000000,-190,false,-2.42
"TCD",142737,"/Date(1705044389000)/",7650,3900,2217400,17019000000,-190,false,-2.42
"TCD",142734,"/Date(1705044383000)/",7640,100,2213500,16989000000,-200,true,-2.55
"TCD",142721,"/Date(1705044379000)/",7640,700,2213400,16988000000,-200,true,-2.55
"TCD",142721,"/Date(1705044379000)/",7640,300,2212700,16983000000,-200,true,-2.55
"TCD",142721,"/Date(1705044378000)/",7650,500,2212400,16981000000,-190,false,-2.42
"TCD",142702,"/Date(1705044358000)/",7640,800,2211900,16977000000,-200,true,-2.55
"TCD",142649,"/Date(1705044346000)/",7640,900,2211100,16971000000,-200,false,-2.55
"TCD",142640,"/Date(1705044337000)/",7640,1000,2210200,16964000000,-200,false,-2.55
"TCD",142624,"/Date(1705044320000)/",7640,100,2209200,16956000000,-200,false,-2.55
"TCD",142507,"/Date(1705044242000)/",7650,100,2209100,16955000000,-190,false,-2.42
"TCD",142507,"/Date(1705044242000)/",7650,4700,2209000,16955000000,-190,false,-2.42
"TCD",142451,"/Date(1705044228000)/",7650,300,2204300,16919000000,-190,true,-2.42
"TCD",142451,"/Date(1705044228000)/",7650,500,2204000,16916000000,-190,true,-2.42
"TCD",142451,"/Date(1705044228000)/",7650,200,2203500,16913000000,-190,true,-2.42
"TCD",142438,"/Date(1705044214000)/",7650,600,2203300,16911000000,-190,true,-2.42
"TCD",142429,"/Date(1705044206000)/",7650,400,2202700,16906000000,-190,false,-2.42
"TCD",142429,"/Date(1705044206000)/",7650,600,2202300,16903000000,-190,false,-2.42
"TCD",142426,"/Date(1705044202000)/",7650,2100,2201700,16899000000,-190,false,-2.42
"TCD",142416,"/Date(1705044192000)/",7650,2000,2199600,16883000000,-190,false,-2.42
"TCD",142321,"/Date(1705044136000)/",7610,4500,2197600,16867000000,-230,false,-2.93
"TCD",142312,"/Date(1705044128000)/",7610,13800,2193100,16833000000,-230,false,-2.93
"TCD",142312,"/Date(1705044127000)/",7650,300,2179300,16728000000,-190,false,-2.42
"TCD",142312,"/Date(1705044127000)/",7630,200,2179000,16726000000,-210,false,-2.68
"TCD",142302,"/Date(1705044118000)/",7610,2900,2178800,16724000000,-230,true,-2.93
"TCD",142253,"/Date(1705044107000)/",7600,1500,2175900,16702000000,-240,false,-3.06
"TCD",142253,"/Date(1705044107000)/",7600,1800,2174400,16691000000,-240,false,-3.06
"TCD",142243,"/Date(1705044100000)/",7600,8200,2172600,16677000000,-240,false,-3.06
"TCD",142243,"/Date(1705044100000)/",7600,5000,2164400,16615000000,-240,false,-3.06
"TCD",142243,"/Date(1705044100000)/",7600,1800,2159400,16577000000,-240,false,-3.06
"TCD",142233,"/Date(1705044089000)/",7580,100,2157600,16563000000,-260,true,-3.32
"TCD",142205,"/Date(1705044059000)/",7550,1200,2157500,16562000000,-290,true,-3.7
"TCD",142201,"/Date(1705044059000)/",7550,5000,2156300,16553000000,-290,false,-3.7
"TCD",142155,"/Date(1705044052000)/",7550,1500,2151300,16516000000,-290,true,-3.7
"TCD",142155,"/Date(1705044052000)/",7550,900,2149800,16504000000,-290,true,-3.7
"TCD",142155,"/Date(1705044051000)/",7580,500,2148900,16498000000,-260,false,-3.32
"TCD",142142,"/Date(1705044037000)/",7550,100,2148400,16494000000,-290,false,-3.7
"TCD",142123,"/Date(1705044019000)/",7540,200,2148300,16493000000,-300,false,-3.83
"TCD",142120,"/Date(1705044016000)/",7520,500,2148100,16491000000,-320,true,-4.08
"TCD",142110,"/Date(1705044007000)/",7520,1000,2147600,16488000000,-320,true,-4.08
"TCD",142035,"/Date(1705043972000)/",7510,2400,2146600,16480000000,-330,true,-4.21
"TCD",142035,"/Date(1705043970000)/",7510,1300,2144200,16462000000,-330,true,-4.21
"TCD",142035,"/Date(1705043970000)/",7510,700,2142900,16452000000,-330,true,-4.21
"TCD",142019,"/Date(1705043954000)/",7500,500,2142200,16447000000,-340,true,-4.34
"TCD",142019,"/Date(1705043954000)/",7500,500,2141700,16443000000,-340,true,-4.34
"TCD",142019,"/Date(1705043954000)/",7500,300,2141200,16440000000,-340,true,-4.34
"TCD",142019,"/Date(1705043954000)/",7500,300,2140900,16437000000,-340,true,-4.34
"TCD",142019,"/Date(1705043954000)/",7510,500,2140600,16435000000,-330,false,-4.21
"TCD",142019,"/Date(1705043954000)/",7510,2900,2140100,16431000000,-330,false,-4.21
"TCD",142015,"/Date(1705043950000)/",7510,2100,2137200,16410000000,-330,true,-4.21
"TCD",142012,"/Date(1705043948000)/",7510,1000,2135100,16394000000,-330,false,-4.21
"TCD",142009,"/Date(1705043947000)/",7510,100,2134100,16386000000,-330,false,-4.21
"TCD",142006,"/Date(1705043942000)/",7510,1000,2134000,16386000000,-330,true,-4.21
"TCD",142006,"/Date(1705043942000)/",7510,600,2133000,16378000000,-330,true,-4.21
"TCD",142006,"/Date(1705043942000)/",7510,3200,2132400,16374000000,-330,true,-4.21
"TCD",141959,"/Date(1705043935000)/",7520,200,2129200,16350000000,-320,false,-4.08
"TCD",141956,"/Date(1705043933000)/",7510,1000,2129000,16348000000,-330,true,-4.21
"TCD",141953,"/Date(1705043928000)/",7520,300,2128000,16341000000,-320,false,-4.08
"TCD",141943,"/Date(1705043920000)/",7520,300,2127700,16338000000,-320,true,-4.08
"TCD",141943,"/Date(1705043918000)/",7510,800,2127400,16336000000,-330,true,-4.21
"TCD",141943,"/Date(1705043918000)/",7510,5000,2126600,16330000000,-330,true,-4.21
"TCD",141943,"/Date(1705043918000)/",7510,5000,2121600,16292000000,-330,true,-4.21
"TCD",141943,"/Date(1705043918000)/",7510,10000,2116600,16255000000,-330,true,-4.21
"TCD",141943,"/Date(1705043918000)/",7510,3000,2106600,16180000000,-330,true,-4.21
"TCD",141943,"/Date(1705043918000)/",7520,3000,2103600,16157000000,-320,true,-4.08
"TCD",141943,"/Date(1705043918000)/",7520,200,2100600,16135000000,-320,true,-4.08
"TCD",141943,"/Date(1705043918000)/",7520,1000,2100400,16133000000,-320,true,-4.08
"TCD",141943,"/Date(1705043918000)/",7520,100,2099400,16126000000,-320,true,-4.08
"TCD",141943,"/Date(1705043918000)/",7530,1000,2099300,16125000000,-310,true,-3.95
"TCD",141943,"/Date(1705043918000)/",7530,1000,2098300,16117000000,-310,true,-3.95
"TCD",141934,"/Date(1705043909000)/",7540,300,2097300,16110000000,-300,false,-3.83
"TCD",141927,"/Date(1705043902000)/",7540,300,2097000,16108000000,-300,false,-3.83
"TCD",141924,"/Date(1705043902000)/",7540,1700,2096700,16105000000,-300,true,-3.83
"TCD",141924,"/Date(1705043902000)/",7540,1000,2095000,16093000000,-300,true,-3.83
"TCD",141924,"/Date(1705043902000)/",7540,7300,2094000,16085000000,-300,true,-3.83
"TCD",141921,"/Date(1705043898000)/",7540,300,2086700,16030000000,-300,true,-3.83
"TCD",141921,"/Date(1705043897000)/",7540,100,2086400,16028000000,-300,true,-3.83
"TCD",141855,"/Date(1705043873000)/",7540,15000,2086300,16027000000,-300,true,-3.83
"TCD",141855,"/Date(1705043872000)/",7540,7300,2071300,15914000000,-300,true,-3.83
"TCD",141855,"/Date(1705043872000)/",7540,2700,2064000,15859000000,-300,true,-3.83
"TCD",141852,"/Date(1705043870000)/",7540,7300,2061300,15838000000,-300,true,-3.83
"TCD",141852,"/Date(1705043870000)/",7540,100,2054000,15783000000,-300,true,-3.83
"TCD",141839,"/Date(1705043857000)/",7550,100,2053900,15783000000,-290,true,-3.7
"TCD",141839,"/Date(1705043857000)/",7550,1000,2053800,15782000000,-290,true,-3.7
"TCD",141839,"/Date(1705043857000)/",7550,1000,2052800,15774000000,-290,true,-3.7
"TCD",141839,"/Date(1705043857000)/",7550,100,2051800,15767000000,-290,true,-3.7
"TCD",141836,"/Date(1705043853000)/",7550,100,2051700,15766000000,-290,true,-3.7
"TCD",141836,"/Date(1705043853000)/",7550,1700,2051600,15765000000,-290,true,-3.7
"TCD",141836,"/Date(1705043853000)/",7550,200,2049900,15752000000,-290,true,-3.7
"TCD",141823,"/Date(1705043839000)/",7550,800,2049700,15751000000,-290,true,-3.7
"TCD",141823,"/Date(1705043839000)/",7550,100,2048900,15745000000,-290,true,-3.7
"TCD",141823,"/Date(1705043839000)/",7550,500,2048800,15744000000,-290,true,-3.7
"TCD",141823,"/Date(1705043839000)/",7550,100,2048300,15740000000,-290,true,-3.7
"TCD",141823,"/Date(1705043839000)/",7550,500,2048200,15740000000,-290,true,-3.7
"TCD",141814,"/Date(1705043828000)/",7560,100,2047700,15736000000,-280,true,-3.57
"TCD",141814,"/Date(1705043828000)/",7560,1000,2047600,15735000000,-280,true,-3.57
"TCD",141814,"/Date(1705043828000)/",7560,1000,2046600,15728000000,-280,true,-3.57
"TCD",141814,"/Date(1705043828000)/",7560,20000,2045600,15720000000,-280,true,-3.57
"TCD",141814,"/Date(1705043828000)/",7570,200,2025600,15569000000,-270,true,-3.44
"TCD",141814,"/Date(1705043828000)/",7570,1000,2025400,15567000000,-270,true,-3.44
"TCD",141814,"/Date(1705043828000)/",7570,22400,2024400,15560000000,-270,true,-3.44
"TCD",141810,"/Date(1705043825000)/",7580,200,2002000,15390000000,-260,false,-3.32
"TCD",141807,"/Date(1705043824000)/",7570,2000,2001800,15389000000,-270,true,-3.44
"TCD",141807,"/Date(1705043824000)/",7580,3300,1999800,15373000000,-260,false,-3.32
"TCD",141807,"/Date(1705043824000)/",7580,1700,1996500,15348000000,-260,false,-3.32
"TCD",141801,"/Date(1705043818000)/",7570,5600,1994800,15336000000,-270,true,-3.44
"TCD",141748,"/Date(1705043803000)/",7580,5000,1989200,15293000000,-260,false,-3.32
"TCD",141742,"/Date(1705043797000)/",7580,5000,1984200,15255000000,-260,false,-3.32
"TCD",141735,"/Date(1705043791000)/",7580,100,1979200,15217000000,-260,false,-3.32
"TCD",141716,"/Date(1705043772000)/",7580,1800,1979100,15217000000,-260,true,-3.32
"TCD",141716,"/Date(1705043772000)/",7580,1000,1977300,15203000000,-260,true,-3.32
"TCD",141716,"/Date(1705043772000)/",7580,100,1976300,15195000000,-260,true,-3.32
"TCD",141716,"/Date(1705043772000)/",7580,4000,1976200,15195000000,-260,true,-3.32
"TCD",141716,"/Date(1705043772000)/",7580,300,1972200,15164000000,-260,true,-3.32
"TCD",141716,"/Date(1705043772000)/",7590,1000,1971900,15162000000,-250,true,-3.19
"TCD",141650,"/Date(1705043746000)/",7590,1000,1970900,15154000000,-250,true,-3.19
"TCD",141650,"/Date(1705043745000)/",7600,100,1969900,15147000000,-240,false,-3.06
"TCD",141641,"/Date(1705043738000)/",7600,800,1969800,15146000000,-240,false,-3.06
"TCD",141634,"/Date(1705043731000)/",7600,3000,1969000,15140000000,-240,true,-3.06
"TCD",141634,"/Date(1705043731000)/",7600,200,1966000,15117000000,-240,true,-3.06
"TCD",141634,"/Date(1705043731000)/",7600,1400,1965800,15116000000,-240,true,-3.06
"TCD",141634,"/Date(1705043731000)/",7600,1000,1964400,15105000000,-240,true,-3.06
"TCD",141634,"/Date(1705043731000)/",7600,1000,1963400,15097000000,-240,true,-3.06
"TCD",141634,"/Date(1705043731000)/",7600,300,1962400,15090000000,-240,true,-3.06
"TCD",141634,"/Date(1705043731000)/",7600,1000,1962100,15088000000,-240,true,-3.06
"TCD",141634,"/Date(1705043731000)/",7600,1000,1961100,15080000000,-240,true,-3.06
"TCD",141634,"/Date(1705043731000)/",7600,500,1960100,15072000000,-240,true,-3.06
"TCD",141634,"/Date(1705043731000)/",7600,400,1959600,15069000000,-240,true,-3.06
"TCD",141634,"/Date(1705043731000)/",7600,1000,1959200,15066000000,-240,true,-3.06
"TCD",141634,"/Date(1705043731000)/",7600,100,1958200,15058000000,-240,true,-3.06
"TCD",141634,"/Date(1705043731000)/",7600,500,1958100,15057000000,-240,true,-3.06
"TCD",141634,"/Date(1705043731000)/",7600,100,1957600,15053000000,-240,true,-3.06
"TCD",141634,"/Date(1705043731000)/",7600,200,1957500,15053000000,-240,true,-3.06
"TCD",141634,"/Date(1705043731000)/",7600,600,1957300,15051000000,-240,true,-3.06
"TCD",141634,"/Date(1705043731000)/",7600,100,1956700,15047000000,-240,true,-3.06
"TCD",141634,"/Date(1705043731000)/",7600,500,1956600,15046000000,-240,true,-3.06
"TCD",141634,"/Date(1705043731000)/",7600,15000,1956100,15042000000,-240,true,-3.06
"TCD",141634,"/Date(1705043731000)/",7600,3000,1941100,14928000000,-240,true,-3.06
"TCD",141634,"/Date(1705043731000)/",7600,1000,1938100,14905000000,-240,true,-3.06
"TCD",141634,"/Date(1705043731000)/",7600,100,1937100,14898000000,-240,true,-3.06
"TCD",141634,"/Date(1705043731000)/",7600,500,1937000,14897000000,-240,true,-3.06
"TCD",141634,"/Date(1705043731000)/",7600,1000,1936500,14893000000,-240,true,-3.06
"TCD",141634,"/Date(1705043731000)/",7600,100,1935500,14885000000,-240,true,-3.06
"TCD",141634,"/Date(1705043731000)/",7600,20000,1935400,14885000000,-240,true,-3.06
"TCD",141634,"/Date(1705043731000)/",7600,500,1915400,14733000000,-240,true,-3.06
"TCD",141634,"/Date(1705043731000)/",7600,1000,1914900,14729000000,-240,true,-3.06
"TCD",141634,"/Date(1705043731000)/",7600,10000,1913900,14721000000,-240,true,-3.06
"TCD",141634,"/Date(1705043731000)/",7600,100,1903900,14645000000,-240,true,-3.06
"TCD",141634,"/Date(1705043731000)/",7600,100,1903800,14644000000,-240,true,-3.06
"TCD",141634,"/Date(1705043731000)/",7600,1000,1903700,14644000000,-240,true,-3.06
"TCD",141634,"/Date(1705043731000)/",7600,1000,1902700,14636000000,-240,true,-3.06
"TCD",141625,"/Date(1705043722000)/",7610,1300,1901700,14629000000,-230,false,-2.93
"TCD",141622,"/Date(1705043718000)/",7610,100,1900400,14619000000,-230,false,-2.93
"TCD",141615,"/Date(1705043711000)/",7610,4000,1900300,14618000000,-230,false,-2.93
"TCD",141612,"/Date(1705043710000)/",7610,300,1896300,14587000000,-230,false,-2.93
"TCD",141612,"/Date(1705043708000)/",7610,200,1896000,14585000000,-230,false,-2.93
"TCD",141553,"/Date(1705043690000)/",7610,500,1895800,14584000000,-230,false,-2.93
"TCD",141543,"/Date(1705043681000)/",7610,300,1895300,14580000000,-230,true,-2.93
"TCD",141543,"/Date(1705043681000)/",7610,400,1895000,14578000000,-230,true,-2.93
"TCD",141543,"/Date(1705043681000)/",7610,10000,1894600,14574000000,-230,true,-2.93
"TCD",141540,"/Date(1705043678000)/",7620,200,1884600,14498000000,-220,false,-2.81
"TCD",141521,"/Date(1705043657000)/",7620,200,1884400,14497000000,-220,false,-2.81
"TCD",141521,"/Date(1705043657000)/",7620,10000,1884200,14495000000,-220,false,-2.81
"TCD",141521,"/Date(1705043657000)/",7620,800,1874200,14419000000,-220,false,-2.81
"TCD",141521,"/Date(1705043657000)/",7630,200,1873400,14413000000,-210,false,-2.68
"TCD",141401,"/Date(1705043576000)/",7620,1200,1873200,14412000000,-220,false,-2.81
"TCD",141401,"/Date(1705043576000)/",7620,1000,1872000,14402000000,-220,false,-2.81
"TCD",141401,"/Date(1705043576000)/",7620,400,1871000,14395000000,-220,false,-2.81
"TCD",141401,"/Date(1705043576000)/",7630,100,1870600,14392000000,-210,true,-2.68
"TCD",141401,"/Date(1705043576000)/",7630,3000,1870500,14391000000,-210,true,-2.68
"TCD",141401,"/Date(1705043576000)/",7630,1000,1867500,14368000000,-210,true,-2.68
"TCD",141401,"/Date(1705043576000)/",7630,100,1866500,14360000000,-210,true,-2.68
"TCD",141401,"/Date(1705043576000)/",7640,1000,1866400,14360000000,-200,true,-2.55
"TCD",141401,"/Date(1705043576000)/",7640,300,1865400,14352000000,-200,true,-2.55
"TCD",141401,"/Date(1705043576000)/",7640,100,1865100,14350000000,-200,true,-2.55
"TCD",141401,"/Date(1705043576000)/",7640,1000,1865000,14349000000,-200,true,-2.55
"TCD",141401,"/Date(1705043576000)/",7650,800,1864000,14341000000,-190,true,-2.42
"TCD",141342,"/Date(1705043558000)/",7660,100,1863200,14335000000,-180,false,-2.3
"TCD",141332,"/Date(1705043547000)/",7650,200,1863100,14334000000,-190,true,-2.42
"TCD",141332,"/Date(1705043547000)/",7650,600,1862900,14333000000,-190,true,-2.42
"TCD",141332,"/Date(1705043547000)/",7650,200,1862300,14328000000,-190,true,-2.42
"TCD",141225,"/Date(1705043481000)/",7660,500,1862100,14327000000,-180,false,-2.3
"TCD",141225,"/Date(1705043481000)/",7660,400,1861600,14323000000,-180,false,-2.3
"TCD",141140,"/Date(1705043435000)/",7660,100,1861200,14320000000,-180,false,-2.3
"TCD",141140,"/Date(1705043435000)/",7660,10000,1861100,14319000000,-180,false,-2.3
"TCD",141140,"/Date(1705043435000)/",7660,1000,1851100,14243000000,-180,false,-2.3
"TCD",141140,"/Date(1705043435000)/",7660,300,1850100,14235000000,-180,false,-2.3
"TCD",141140,"/Date(1705043435000)/",7660,700,1849800,14233000000,-180,false,-2.3
"TCD",141140,"/Date(1705043435000)/",7670,500,1849100,14227000000,-170,false,-2.17
"TCD",141133,"/Date(1705043430000)/",7690,200,1848600,14223000000,-150,false,-1.91
"TCD",141130,"/Date(1705043425000)/",7690,1200,1848400,14222000000,-150,false,-1.91
"TCD",141124,"/Date(1705043421000)/",7690,2000,1847200,14213000000,-150,false,-1.91
"TCD",141121,"/Date(1705043416000)/",7690,1000,1845200,14197000000,-150,false,-1.91
"TCD",140954,"/Date(1705043331000)/",7660,300,1844200,14190000000,-180,true,-2.3
"TCD",140941,"/Date(1705043319000)/",7660,200,1843900,14187000000,-180,true,-2.3
"TCD",140941,"/Date(1705043318000)/",7660,400,1843700,14186000000,-180,true,-2.3
"TCD",140802,"/Date(1705043218000)/",7700,100,1843300,14183000000,-140,false,-1.79
"TCD",140802,"/Date(1705043217000)/",7660,500,1843200,14182000000,-180,false,-2.3
"TCD",140802,"/Date(1705043217000)/",7660,100,1842700,14178000000,-180,false,-2.3
"TCD",140733,"/Date(1705043188000)/",7660,2000,1842600,14177000000,-180,false,-2.3
"TCD",140720,"/Date(1705043178000)/",7660,2600,1840600,14162000000,-180,false,-2.3
"TCD",140711,"/Date(1705043167000)/",7660,1000,1838000,14142000000,-180,false,-2.3
"TCD",140701,"/Date(1705043158000)/",7660,400,1837000,14134000000,-180,false,-2.3
"TCD",140658,"/Date(1705043153000)/",7660,500,1836600,14131000000,-180,false,-2.3
"TCD",140632,"/Date(1705043130000)/",7660,200,1836100,14127000000,-180,false,-2.3
"TCD",140626,"/Date(1705043122000)/",7660,300,1835900,14126000000,-180,true,-2.3
"TCD",140626,"/Date(1705043122000)/",7660,1000,1835600,14124000000,-180,true,-2.3
"TCD",140626,"/Date(1705043122000)/",7660,1900,1834600,14116000000,-180,true,-2.3
"TCD",140623,"/Date(1705043119000)/",7660,100,1832700,14101000000,-180,true,-2.3
"TCD",140623,"/Date(1705043119000)/",7660,200,1832600,14101000000,-180,true,-2.3
"TCD",140623,"/Date(1705043119000)/",7660,200,1832400,14099000000,-180,true,-2.3
"TCD",140623,"/Date(1705043119000)/",7660,5000,1832200,14098000000,-180,true,-2.3
"TCD",140623,"/Date(1705043119000)/",7660,2000,1827200,14059000000,-180,true,-2.3
"TCD",140623,"/Date(1705043119000)/",7660,500,1825200,14044000000,-180,true,-2.3
"TCD",140623,"/Date(1705043119000)/",7660,100,1824700,14040000000,-180,true,-2.3
"TCD",140600,"/Date(1705043097000)/",7680,500,1824600,14039000000,-160,false,-2.04
"TCD",140557,"/Date(1705043093000)/",7690,3200,1824100,14036000000,-150,false,-1.91
"TCD",140516,"/Date(1705043052000)/",7700,500,1820900,14011000000,-140,false,-1.79
"TCD",140509,"/Date(1705043040000)/",7690,800,1820400,14007000000,-150,true,-1.91
"TCD",140434,"/Date(1705043010000)/",7700,100,1819600,14001000000,-140,true,-1.79
"TCD",140409,"/Date(1705042984000)/",7700,100,1819500,14000000000,-140,true,-1.79
"TCD",140409,"/Date(1705042984000)/",7700,100,1819400,13999000000,-140,true,-1.79
"TCD",140409,"/Date(1705042984000)/",7700,10300,1819300,13999000000,-140,true,-1.79
"TCD",140353,"/Date(1705042967000)/",7700,6800,1809000,13919000000,-140,true,-1.79
"TCD",140327,"/Date(1705042943000)/",7700,100,1802200,13867000000,-140,true,-1.79
"TCD",140301,"/Date(1705042919000)/",7720,1400,1802100,13866000000,-120,false,-1.53
"TCD",140213,"/Date(1705042871000)/",7720,100,1800700,13855000000,-120,false,-1.53
"TCD",140151,"/Date(1705042846000)/",7720,400,1800600,13855000000,-120,false,-1.53
"TCD",140135,"/Date(1705042832000)/",7710,100,1800200,13852000000,-130,true,-1.66
"TCD",140034,"/Date(1705042770000)/",7700,100,1800100,13851000000,-140,true,-1.79
"TCD",135823,"/Date(1705042638000)/",7700,100,1800000,13850000000,-140,true,-1.79
"TCD",135804,"/Date(1705042622000)/",7700,1800,1799900,13849000000,-140,true,-1.79
"TCD",135713,"/Date(1705042568000)/",7700,800,1798100,13835000000,-140,true,-1.79
"TCD",135713,"/Date(1705042568000)/",7700,100,1797300,13829000000,-140,true,-1.79
"TCD",135713,"/Date(1705042568000)/",7700,100,1797200,13828000000,-140,true,-1.79
"TCD",135647,"/Date(1705042545000)/",7700,100,1797100,13828000000,-140,true,-1.79
"TCD",135351,"/Date(1705042367000)/",7740,100,1797000,13827000000,-100,false,-1.28
"TCD",135309,"/Date(1705042325000)/",7700,2000,1796900,13826000000,-140,false,-1.79
"TCD",135159,"/Date(1705042256000)/",7700,2000,1794900,13811000000,-140,false,-1.79
"TCD",135146,"/Date(1705042242000)/",7700,1000,1792900,13795000000,-140,false,-1.79
"TCD",135130,"/Date(1705042225000)/",7670,5900,1791900,13788000000,-170,true,-2.17
"TCD",135124,"/Date(1705042219000)/",7670,100,1786000,13742000000,-170,false,-2.17
"TCD",135124,"/Date(1705042219000)/",7680,4000,1785900,13742000000,-160,false,-2.04
"TCD",135105,"/Date(1705042202000)/",7700,100,1781900,13711000000,-140,false,-1.79
"TCD",135049,"/Date(1705042183000)/",7700,100,1781800,13710000000,-140,false,-1.79
"TCD",135026,"/Date(1705042163000)/",7700,2800,1781700,13709000000,-140,false,-1.79
"TCD",135026,"/Date(1705042163000)/",7700,2000,1778900,13688000000,-140,false,-1.79
"TCD",135026,"/Date(1705042163000)/",7700,600,1776900,13672000000,-140,false,-1.79
"TCD",134948,"/Date(1705042124000)/",7680,3000,1776300,13668000000,-160,false,-2.04
"TCD",134948,"/Date(1705042124000)/",7680,2000,1773300,13645000000,-160,false,-2.04
"TCD",134941,"/Date(1705042119000)/",7680,1000,1771300,13629000000,-160,false,-2.04
"TCD",134938,"/Date(1705042114000)/",7680,9600,1770300,13622000000,-160,false,-2.04
"TCD",134938,"/Date(1705042114000)/",7670,2100,1760700,13548000000,-170,true,-2.17
"TCD",134938,"/Date(1705042114000)/",7670,1000,1758600,13532000000,-170,true,-2.17
"TCD",134938,"/Date(1705042114000)/",7670,4000,1757600,13524000000,-170,true,-2.17
"TCD",134938,"/Date(1705042114000)/",7670,100,1753600,13494000000,-170,true,-2.17
"TCD",134938,"/Date(1705042114000)/",7670,1000,1753500,13493000000,-170,true,-2.17
"TCD",134938,"/Date(1705042114000)/",7670,1000,1752500,13485000000,-170,true,-2.17
"TCD",134938,"/Date(1705042114000)/",7670,100,1751500,13477000000,-170,true,-2.17
"TCD",134938,"/Date(1705042114000)/",7670,700,1751400,13477000000,-170,true,-2.17
"TCD",134913,"/Date(1705042090000)/",7680,5000,1750700,13471000000,-160,false,-2.04
"TCD",134749,"/Date(1705042006000)/",7680,100,1745700,13433000000,-160,false,-2.04
"TCD",134717,"/Date(1705041974000)/",7680,300,1745600,13432000000,-160,false,-2.04
"TCD",134717,"/Date(1705041974000)/",7680,4700,1745300,13430000000,-160,false,-2.04
"TCD",134717,"/Date(1705041972000)/",7680,300,1740600,13394000000,-160,false,-2.04
"TCD",134717,"/Date(1705041972000)/",7680,400,1740300,13391000000,-160,false,-2.04
"TCD",134600,"/Date(1705041895000)/",7680,100,1739900,13388000000,-160,true,-2.04
"TCD",134600,"/Date(1705041895000)/",7680,300,1739800,13388000000,-160,true,-2.04
"TCD",134528,"/Date(1705041865000)/",7680,5400,1739500,13385000000,-160,true,-2.04
"TCD",134528,"/Date(1705041865000)/",7680,100,1734100,13344000000,-160,true,-2.04
"TCD",134528,"/Date(1705041865000)/",7680,1700,1734000,13343000000,-160,true,-2.04
"TCD",134512,"/Date(1705041849000)/",7680,1900,1732300,13330000000,-160,true,-2.04
"TCD",134506,"/Date(1705041841000)/",7680,2500,1730400,13315000000,-160,true,-2.04
"TCD",134450,"/Date(1705041827000)/",7680,43900,1727900,13296000000,-160,true,-2.04
"TCD",134450,"/Date(1705041827000)/",7680,400,1684000,12959000000,-160,true,-2.04
"TCD",134450,"/Date(1705041827000)/",7680,2000,1683600,12956000000,-160,true,-2.04
"TCD",134450,"/Date(1705041827000)/",7680,3000,1681600,12941000000,-160,true,-2.04
"TCD",134450,"/Date(1705041827000)/",7690,5000,1678600,12918000000,-150,false,-1.91
"TCD",134450,"/Date(1705041827000)/",7690,100,1673600,12879000000,-150,false,-1.91
"TCD",134450,"/Date(1705041827000)/",7690,500,1673500,12878000000,-150,false,-1.91
"TCD",134450,"/Date(1705041827000)/",7690,100,1673000,12874000000,-150,false,-1.91
"TCD",134428,"/Date(1705041803000)/",7700,500,1672900,12874000000,-140,false,-1.79
"TCD",134428,"/Date(1705041803000)/",7700,800,1672400,12870000000,-140,false,-1.79
"TCD",134428,"/Date(1705041803000)/",7700,100,1671600,12864000000,-140,false,-1.79
"TCD",134330,"/Date(1705041748000)/",7700,1000,1671500,12863000000,-140,true,-1.79
"TCD",134327,"/Date(1705041742000)/",7700,3000,1670500,12855000000,-140,true,-1.79
"TCD",134301,"/Date(1705041719000)/",7710,5400,1667500,12832000000,-130,true,-1.66
"TCD",134301,"/Date(1705041719000)/",7710,2900,1662100,12790000000,-130,true,-1.66
"TCD",134245,"/Date(1705041702000)/",7710,100,1659200,12768000000,-130,true,-1.66
"TCD",134229,"/Date(1705041686000)/",7720,5000,1659100,12767000000,-120,true,-1.53
"TCD",134229,"/Date(1705041686000)/",7720,100,1654100,12729000000,-120,true,-1.53
"TCD",134229,"/Date(1705041686000)/",7720,100,1654000,12728000000,-120,true,-1.53
"TCD",134151,"/Date(1705041648000)/",7720,300,1653900,12727000000,-120,true,-1.53
"TCD",133934,"/Date(1705041510000)/",7720,600,1653600,12725000000,-120,true,-1.53
"TCD",133934,"/Date(1705041510000)/",7720,100,1653000,12720000000,-120,true,-1.53
"TCD",133927,"/Date(1705041502000)/",7740,25300,1652900,12719000000,-100,false,-1.28
"TCD",133855,"/Date(1705041472000)/",7740,500,1627600,12524000000,-100,true,-1.28
"TCD",133631,"/Date(1705041328000)/",7740,13000,1627100,12520000000,-100,true,-1.28
"TCD",133622,"/Date(1705041317000)/",7770,2000,1614100,12419000000,-70,true,-0.89
"TCD",133622,"/Date(1705041317000)/",7770,3100,1612100,12404000000,-70,true,-0.89
"TCD",133609,"/Date(1705041307000)/",7790,100,1609000,12380000000,-50,false,-0.64
"TCD",133609,"/Date(1705041307000)/",7780,100,1608900,12379000000,-60,false,-0.77
"TCD",133518,"/Date(1705041255000)/",7770,200,1608800,12378000000,-70,true,-0.89
"TCD",133459,"/Date(1705041236000)/",7770,100,1608600,12376000000,-70,true,-0.89
"TCD",133401,"/Date(1705041176000)/",7770,1600,1608500,12376000000,-70,true,-0.89
"TCD",133401,"/Date(1705041176000)/",7770,100,1606900,12363000000,-70,true,-0.89
"TCD",133401,"/Date(1705041176000)/",7770,1000,1606800,12362000000,-70,true,-0.89
"TCD",133401,"/Date(1705041176000)/",7770,7300,1605800,12355000000,-70,true,-0.89
"TCD",133323,"/Date(1705041140000)/",7770,1000,1598500,12298000000,-70,true,-0.89
"TCD",133319,"/Date(1705041135000)/",7770,10000,1597500,12290000000,-70,true,-0.89
"TCD",133316,"/Date(1705041131000)/",7770,700,1587500,12212000000,-70,true,-0.89
"TCD",133310,"/Date(1705041126000)/",7770,2600,1586800,12207000000,-70,true,-0.89
"TCD",133244,"/Date(1705041100000)/",7770,10000,1584200,12187000000,-70,true,-0.89
"TCD",133215,"/Date(1705041070000)/",7770,3000,1574200,12109000000,-70,true,-0.89
"TCD",133206,"/Date(1705041063000)/",7770,2000,1571200,12086000000,-70,true,-0.89
"TCD",133156,"/Date(1705041051000)/",7770,20000,1569200,12070000000,-70,true,-0.89
"TCD",133033,"/Date(1705040969000)/",7800,1500,1549200,11915000000,-40,false,-0.51
"TCD",133033,"/Date(1705040969000)/",7790,1500,1547700,11903000000,-50,false,-0.64
"TCD",132957,"/Date(1705040932000)/",7770,400,1546200,11892000000,-70,true,-0.89
"TCD",132954,"/Date(1705040930000)/",7770,100,1545800,11888000000,-70,true,-0.89
"TCD",132951,"/Date(1705040928000)/",7780,300,1545700,11888000000,-60,false,-0.77
"TCD",132837,"/Date(1705040854000)/",7770,2000,1545400,11885000000,-70,true,-0.89
"TCD",132837,"/Date(1705040854000)/",7770,900,1543400,11870000000,-70,true,-0.89
"TCD",132828,"/Date(1705040843000)/",7740,8000,1542500,11863000000,-100,false,-1.28
"TCD",132828,"/Date(1705040843000)/",7740,200,1534500,11801000000,-100,false,-1.28
"TCD",132828,"/Date(1705040843000)/",7740,3000,1534300,11799000000,-100,false,-1.28
"TCD",132746,"/Date(1705040804000)/",7740,1700,1531300,11776000000,-100,false,-1.28
"TCD",132704,"/Date(1705040760000)/",7740,300,1529600,11763000000,-100,false,-1.28
"TCD",132704,"/Date(1705040760000)/",7710,300,1529300,11761000000,-130,true,-1.66
"TCD",132701,"/Date(1705040757000)/",7710,2000,1529000,11758000000,-130,false,-1.66
"TCD",132639,"/Date(1705040736000)/",7710,600,1527000,11743000000,-130,false,-1.66
"TCD",132636,"/Date(1705040730000)/",7700,6000,1526400,11738000000,-140,true,-1.79
"TCD",132626,"/Date(1705040724000)/",7700,100,1520400,11692000000,-140,false,-1.79
"TCD",132544,"/Date(1705040681000)/",7700,200,1520300,11691000000,-140,false,-1.79
"TCD",132447,"/Date(1705040624000)/",7700,200,1520100,11690000000,-140,false,-1.79
"TCD",132421,"/Date(1705040597000)/",7700,900,1519900,11688000000,-140,false,-1.79
"TCD",132421,"/Date(1705040597000)/",7700,1000,1519000,11681000000,-140,false,-1.79
"TCD",132421,"/Date(1705040597000)/",7700,1600,1518000,11674000000,-140,false,-1.79
"TCD",132346,"/Date(1705040562000)/",7700,400,1516400,11661000000,-140,true,-1.79
"TCD",132346,"/Date(1705040562000)/",7700,300,1516000,11658000000,-140,true,-1.79
"TCD",132346,"/Date(1705040562000)/",7700,100,1515700,11656000000,-140,true,-1.79
"TCD",132346,"/Date(1705040562000)/",7700,2700,1515600,11655000000,-140,true,-1.79
"TCD",132346,"/Date(1705040562000)/",7700,500,1512900,11634000000,-140,true,-1.79
"TCD",132346,"/Date(1705040562000)/",7700,200,1512400,11630000000,-140,true,-1.79
"TCD",132346,"/Date(1705040562000)/",7700,2800,1512200,11629000000,-140,true,-1.79
"TCD",132346,"/Date(1705040562000)/",7700,100,1509400,11607000000,-140,true,-1.79
"TCD",132346,"/Date(1705040562000)/",7700,500,1509300,11607000000,-140,true,-1.79
"TCD",132346,"/Date(1705040562000)/",7700,2400,1508800,11603000000,-140,true,-1.79
"TCD",132343,"/Date(1705040558000)/",7710,100,1506400,11584000000,-130,false,-1.66
"TCD",132321,"/Date(1705040535000)/",7700,1600,1506300,11583000000,-140,true,-1.79
"TCD",132321,"/Date(1705040535000)/",7700,500,1504700,11571000000,-140,true,-1.79
"TCD",132321,"/Date(1705040535000)/",7700,1000,1504200,11567000000,-140,true,-1.79
"TCD",132321,"/Date(1705040535000)/",7700,500,1503200,11560000000,-140,true,-1.79
"TCD",132321,"/Date(1705040535000)/",7700,100,1502700,11556000000,-140,true,-1.79
"TCD",132321,"/Date(1705040535000)/",7700,5000,1502600,11555000000,-140,true,-1.79
"TCD",132321,"/Date(1705040535000)/",7700,2000,1497600,11516000000,-140,true,-1.79
"TCD",132321,"/Date(1705040535000)/",7700,1500,1495600,11501000000,-140,true,-1.79
"TCD",132321,"/Date(1705040535000)/",7700,700,1494100,11490000000,-140,true,-1.79
"TCD",132213,"/Date(1705040468000)/",7700,300,1493400,11484000000,-140,true,-1.79
"TCD",132157,"/Date(1705040454000)/",7710,1000,1493100,11482000000,-130,false,-1.66
"TCD",132145,"/Date(1705040440000)/",7710,1000,1492100,11474000000,-130,true,-1.66
"TCD",132119,"/Date(1705040417000)/",7710,200,1491100,11466000000,-130,false,-1.66
"TCD",132119,"/Date(1705040417000)/",7710,800,1490900,11465000000,-130,false,-1.66
"TCD",132116,"/Date(1705040413000)/",7710,500,1490100,11459000000,-130,false,-1.66
"TCD",132106,"/Date(1705040402000)/",7710,1000,1489600,11455000000,-130,true,-1.66
"TCD",132106,"/Date(1705040402000)/",7710,100,1488600,11447000000,-130,true,-1.66
"TCD",132106,"/Date(1705040402000)/",7710,1000,1488500,11446000000,-130,true,-1.66
"TCD",132106,"/Date(1705040402000)/",7710,1600,1487500,11439000000,-130,true,-1.66
"TCD",132047,"/Date(1705040383000)/",7710,100,1485900,11426000000,-130,true,-1.66
"TCD",132025,"/Date(1705040361000)/",7720,200,1485800,11426000000,-120,false,-1.53
"TCD",131911,"/Date(1705040288000)/",7720,200,1485600,11424000000,-120,false,-1.53
"TCD",131858,"/Date(1705040275000)/",7720,2900,1485400,11422000000,-120,false,-1.53
"TCD",131858,"/Date(1705040275000)/",7720,2000,1482500,11400000000,-120,false,-1.53
"TCD",131852,"/Date(1705040270000)/",7720,1000,1480500,11385000000,-120,false,-1.53
"TCD",131843,"/Date(1705040260000)/",7720,2000,1479500,11377000000,-120,false,-1.53
"TCD",131839,"/Date(1705040255000)/",7710,2200,1477500,11361000000,-130,true,-1.66
"TCD",131839,"/Date(1705040255000)/",7710,4100,1475300,11345000000,-130,true,-1.66
"TCD",131735,"/Date(1705040190000)/",7720,500,1471200,11313000000,-120,false,-1.53
"TCD",131732,"/Date(1705040189000)/",7720,1500,1470700,11309000000,-120,true,-1.53
"TCD",131707,"/Date(1705040162000)/",7720,500,1469200,11297000000,-120,false,-1.53
"TCD",131704,"/Date(1705040160000)/",7720,400,1468700,11294000000,-120,true,-1.53
"TCD",131704,"/Date(1705040160000)/",7720,100,1468300,11291000000,-120,true,-1.53
"TCD",131648,"/Date(1705040143000)/",7730,300,1468200,11290000000,-110,false,-1.4
"TCD",131648,"/Date(1705040143000)/",7720,100,1467900,11287000000,-120,false,-1.53
"TCD",131349,"/Date(1705039965000)/",7720,300,1467800,11287000000,-120,false,-1.53
"TCD",131339,"/Date(1705039954000)/",7720,200,1467500,11284000000,-120,false,-1.53
"TCD",131216,"/Date(1705039871000)/",7710,900,1467300,11283000000,-130,true,-1.66
"TCD",131216,"/Date(1705039871000)/",7710,100,1466400,11276000000,-130,true,-1.66
"TCD",131138,"/Date(1705039835000)/",7710,1000,1466300,11275000000,-130,true,-1.66
"TCD",131138,"/Date(1705039835000)/",7710,1000,1465300,11267000000,-130,true,-1.66
"TCD",131138,"/Date(1705039835000)/",7710,1000,1464300,11260000000,-130,true,-1.66
"TCD",131138,"/Date(1705039835000)/",7710,500,1463300,11252000000,-130,true,-1.66
"TCD",131138,"/Date(1705039835000)/",7710,100,1462800,11248000000,-130,true,-1.66
"TCD",131138,"/Date(1705039835000)/",7710,100,1462700,11247000000,-130,true,-1.66
"TCD",131138,"/Date(1705039835000)/",7710,300,1462600,11247000000,-130,true,-1.66
"TCD",131138,"/Date(1705039834000)/",7720,2000,1462300,11244000000,-120,true,-1.53
"TCD",131005,"/Date(1705039741000)/",7710,700,1460300,11229000000,-130,true,-1.66
"TCD",130904,"/Date(1705039680000)/",7730,2200,1459600,11223000000,-110,false,-1.4
"TCD",130904,"/Date(1705039680000)/",7730,300,1457400,11206000000,-110,false,-1.4
"TCD",130904,"/Date(1705039680000)/",7730,100,1457100,11204000000,-110,false,-1.4
"TCD",130904,"/Date(1705039680000)/",7730,600,1457000,11203000000,-110,false,-1.4
"TCD",130839,"/Date(1705039654000)/",7740,800,1456400,11199000000,-100,true,-1.28
"TCD",130839,"/Date(1705039654000)/",7740,900,1455600,11192000000,-100,true,-1.28
"TCD",130839,"/Date(1705039654000)/",7740,5100,1454700,11186000000,-100,true,-1.28
"TCD",130839,"/Date(1705039654000)/",7740,400,1449600,11146000000,-100,true,-1.28
"TCD",130839,"/Date(1705039654000)/",7740,4500,1449200,11143000000,-100,true,-1.28
"TCD",130832,"/Date(1705039648000)/",7740,500,1444700,11108000000,-100,true,-1.28
"TCD",130829,"/Date(1705039646000)/",7740,10000,1444200,11104000000,-100,true,-1.28
"TCD",130829,"/Date(1705039645000)/",7750,100,1434200,11027000000,-90,false,-1.15
"TCD",130810,"/Date(1705039627000)/",7740,5000,1434100,11026000000,-100,true,-1.28
"TCD",130800,"/Date(1705039616000)/",7740,25000,1429100,10987000000,-100,true,-1.28
"TCD",130625,"/Date(1705039521000)/",7750,100,1404100,10794000000,-90,false,-1.15
"TCD",130625,"/Date(1705039521000)/",7750,1800,1404000,10793000000,-90,false,-1.15
"TCD",130530,"/Date(1705039466000)/",7750,1400,1402200,10779000000,-90,true,-1.15
"TCD",130452,"/Date(1705039428000)/",7750,500,1400800,10768000000,-90,true,-1.15
"TCD",130452,"/Date(1705039427000)/",7750,1300,1400300,10764000000,-90,true,-1.15
"TCD",130452,"/Date(1705039427000)/",7750,1700,1399000,10754000000,-90,true,-1.15
"TCD",130247,"/Date(1705039304000)/",7740,200,1397300,10741000000,-100,true,-1.28
"TCD",130231,"/Date(1705039287000)/",7740,200,1397100,10740000000,-100,true,-1.28
"TCD",130147,"/Date(1705039243000)/",7740,100,1396900,10738000000,-100,true,-1.28
"TCD",130140,"/Date(1705039225000)/",7740,2200,1396800,10737000000,-100,true,-1.28
"TCD",130140,"/Date(1705039225000)/",7750,300,1394600,10720000000,-90,false,-1.15
"TCD",130127,"/Date(1705039205000)/",7740,1000,1394300,10718000000,-100,true,-1.28
"TCD",130127,"/Date(1705039205000)/",7750,500,1393300,10710000000,-90,true,-1.15
"TCD",130118,"/Date(1705039201000)/",7760,1800,1392800,10706000000,-80,false,-1.02
"TCD",130115,"/Date(1705039201000)/",7760,3000,1391000,10692000000,-80,true,-1.02
"TCD",112731,"/Date(1705033655000)/",7760,200,1388000,10669000000,-80,false,-1.02
"TCD",112718,"/Date(1705033643000)/",7740,7200,1387800,10668000000,-100,true,-1.28
"TCD",112705,"/Date(1705033630000)/",7740,5000,1380600,10612000000,-100,true,-1.28
"TCD",112639,"/Date(1705033605000)/",7740,39100,1375600,10573000000,-100,true,-1.28
"TCD",112639,"/Date(1705033605000)/",7750,500,1336500,10270000000,-90,false,-1.15
"TCD",112605,"/Date(1705033572000)/",7760,400,1336000,10267000000,-80,true,-1.02
"TCD",112444,"/Date(1705033498000)/",7760,9600,1335600,10263000000,-80,true,-1.02
"TCD",112444,"/Date(1705033498000)/",7760,100,1326000,10189000000,-80,true,-1.02
"TCD",112444,"/Date(1705033498000)/",7760,100,1325900,10188000000,-80,true,-1.02
"TCD",112444,"/Date(1705033498000)/",7760,200,1325800,10187000000,-80,true,-1.02
"TCD",112237,"/Date(1705033370000)/",7760,100,1325600,10186000000,-80,true,-1.02
"TCD",112237,"/Date(1705033370000)/",7760,1200,1325500,10185000000,-80,true,-1.02
"TCD",112140,"/Date(1705033316000)/",7770,100,1324300,10176000000,-70,false,-0.89
"TCD",112140,"/Date(1705033315000)/",7760,100,1324200,10175000000,-80,true,-1.02
"TCD",112039,"/Date(1705033254000)/",7760,1000,1324100,10174000000,-80,true,-1.02
"TCD",111942,"/Date(1705033196000)/",7760,1000,1323100,10166000000,-80,true,-1.02
"TCD",111939,"/Date(1705033193000)/",7760,1500,1322100,10159000000,-80,true,-1.02
"TCD",111904,"/Date(1705033159000)/",7760,3000,1320600,10147000000,-80,true,-1.02
"TCD",111832,"/Date(1705033126000)/",7760,5000,1317600,10124000000,-80,true,-1.02
"TCD",111825,"/Date(1705033121000)/",7760,5000,1312600,10085000000,-80,true,-1.02
"TCD",111816,"/Date(1705033108000)/",7760,1700,1307600,10046000000,-80,true,-1.02
"TCD",111809,"/Date(1705033103000)/",7760,10000,1305900,10033000000,-80,true,-1.02
"TCD",111803,"/Date(1705033098000)/",7760,5000,1295900,9955000000,-80,true,-1.02
"TCD",111643,"/Date(1705033019000)/",7760,500,1290900,9917000000,-80,true,-1.02
"TCD",111602,"/Date(1705032976000)/",7770,300,1290400,9913000000,-70,false,-0.89
"TCD",111511,"/Date(1705032924000)/",7770,2200,1290100,9910000000,-70,true,-0.89
"TCD",111511,"/Date(1705032924000)/",7770,1000,1287900,9893000000,-70,true,-0.89
"TCD",111511,"/Date(1705032924000)/",7770,1800,1286900,9886000000,-70,true,-0.89
"TCD",111054,"/Date(1705032667000)/",7780,3100,1285100,9872000000,-60,true,-0.77
"TCD",111054,"/Date(1705032667000)/",7780,100,1282000,9847000000,-60,true,-0.77
"TCD",111051,"/Date(1705032662000)/",7780,300,1281900,9847000000,-60,true,-0.77
"TCD",111038,"/Date(1705032651000)/",7780,9600,1281600,9844000000,-60,true,-0.77
"TCD",111038,"/Date(1705032651000)/",7780,25400,1272000,9770000000,-60,true,-0.77
"TCD",111025,"/Date(1705032637000)/",7780,200,1246600,9572000000,-60,true,-0.77
"TCD",110954,"/Date(1705032604000)/",7780,10000,1246400,9570000000,-60,true,-0.77
"TCD",110945,"/Date(1705032597000)/",7780,2000,1236400,9493000000,-60,true,-0.77
"TCD",110935,"/Date(1705032586000)/",7780,1500,1234400,9477000000,-60,true,-0.77
"TCD",110540,"/Date(1705032340000)/",7790,1900,1232900,9465000000,-50,false,-0.64
"TCD",110540,"/Date(1705032340000)/",7790,5000,1231000,9451000000,-50,false,-0.64
"TCD",110511,"/Date(1705032311000)/",7780,100,1226000,9412000000,-60,true,-0.77
"TCD",110415,"/Date(1705032255000)/",7780,300,1225900,9411000000,-60,true,-0.77
"TCD",110359,"/Date(1705032238000)/",7780,1300,1225600,9409000000,-60,true,-0.77
"TCD",110341,"/Date(1705032219000)/",7790,5000,1224300,9398000000,-50,false,-0.64
"TCD",110331,"/Date(1705032210000)/",7790,3000,1219300,9360000000,-50,true,-0.64
"TCD",110331,"/Date(1705032208000)/",7790,5000,1216300,9336000000,-50,true,-0.64
"TCD",110322,"/Date(1705032198000)/",7790,1700,1211300,9297000000,-50,true,-0.64
"TCD",110239,"/Date(1705032156000)/",7790,5000,1209600,9284000000,-50,true,-0.64
"TCD",110233,"/Date(1705032148000)/",7790,40000,1204600,9245000000,-50,true,-0.64
"TCD",105915,"/Date(1705031943000)/",7800,3300,1164600,8933000000,-40,false,-0.51
"TCD",105909,"/Date(1705031938000)/",7800,1700,1161300,8908000000,-40,true,-0.51
"TCD",105909,"/Date(1705031938000)/",7800,500,1159600,8894000000,-40,true,-0.51
"TCD",105902,"/Date(1705031932000)/",7800,1000,1159100,8890000000,-40,true,-0.51
"TCD",105902,"/Date(1705031932000)/",7800,3000,1158100,8883000000,-40,true,-0.51
"TCD",105749,"/Date(1705031859000)/",7810,800,1155100,8859000000,-30,false,-0.38
"TCD",105743,"/Date(1705031852000)/",7820,100,1154300,8853000000,-20,false,-0.26
"TCD",105743,"/Date(1705031852000)/",7820,900,1154200,8852000000,-20,false,-0.26
"TCD",105733,"/Date(1705031843000)/",7810,1000,1153300,8845000000,-30,true,-0.38
"TCD",105639,"/Date(1705031789000)/",7820,500,1152300,8837000000,-20,false,-0.26
"TCD",105613,"/Date(1705031761000)/",7810,2400,1151800,8833000000,-30,false,-0.38
"TCD",105613,"/Date(1705031761000)/",7810,200,1149400,8815000000,-30,false,-0.38
"TCD",105425,"/Date(1705031654000)/",7810,100,1149200,8813000000,-30,false,-0.38
"TCD",105415,"/Date(1705031644000)/",7800,800,1149100,8812000000,-40,true,-0.51
"TCD",105405,"/Date(1705031635000)/",7800,300,1148300,8806000000,-40,false,-0.51
"TCD",105346,"/Date(1705031616000)/",7800,100,1148000,8804000000,-40,true,-0.51
"TCD",105346,"/Date(1705031616000)/",7800,400,1147900,8803000000,-40,true,-0.51
"TCD",105346,"/Date(1705031616000)/",7800,1000,1147500,8800000000,-40,true,-0.51
"TCD",105346,"/Date(1705031616000)/",7800,2000,1146500,8792000000,-40,true,-0.51
"TCD",105346,"/Date(1705031616000)/",7800,4200,1144500,8777000000,-40,true,-0.51
"TCD",105129,"/Date(1705031477000)/",7810,100,1140300,8744000000,-30,true,-0.38
"TCD",105129,"/Date(1705031477000)/",7810,1000,1140200,8743000000,-30,true,-0.38
"TCD",105129,"/Date(1705031477000)/",7810,200,1139200,8735000000,-30,true,-0.38
"TCD",105126,"/Date(1705031476000)/",7820,1200,1139000,8734000000,-20,false,-0.26
"TCD",105022,"/Date(1705031412000)/",7810,200,1137800,8724000000,-30,true,-0.38
"TCD",104807,"/Date(1705031276000)/",7820,100,1137600,8723000000,-20,false,-0.26
"TCD",104807,"/Date(1705031276000)/",7820,900,1137500,8722000000,-20,false,-0.26
"TCD",104750,"/Date(1705031261000)/",7810,500,1136600,8715000000,-30,true,-0.38
"TCD",104750,"/Date(1705031261000)/",7810,2000,1136100,8711000000,-30,true,-0.38
"TCD",104744,"/Date(1705031255000)/",7810,1000,1134100,8695000000,-30,false,-0.38
"TCD",104321,"/Date(1705031002000)/",7810,1000,1133100,8688000000,-30,false,-0.38
"TCD",103959,"/Date(1705030799000)/",7800,200,1132100,8680000000,-40,true,-0.51
"TCD",103844,"/Date(1705030728000)/",7820,100,1131900,8678000000,-20,false,-0.26
"TCD",103844,"/Date(1705030728000)/",7810,100,1131800,8677000000,-30,false,-0.38
"TCD",103844,"/Date(1705030728000)/",7800,300,1131700,8677000000,-40,true,-0.51
"TCD",103844,"/Date(1705030728000)/",7800,3300,1131400,8674000000,-40,true,-0.51
"TCD",103834,"/Date(1705030718000)/",7800,900,1128100,8649000000,-40,false,-0.51
"TCD",103834,"/Date(1705030718000)/",7800,200,1127200,8641000000,-40,false,-0.51
"TCD",103824,"/Date(1705030708000)/",7800,600,1127000,8640000000,-40,false,-0.51
"TCD",103748,"/Date(1705030675000)/",7790,300,1126400,8635000000,-50,true,-0.64
"TCD",103728,"/Date(1705030653000)/",7790,5000,1126100,8633000000,-50,false,-0.64
"TCD",103718,"/Date(1705030644000)/",7780,9200,1121100,8594000000,-60,true,-0.77
"TCD",103718,"/Date(1705030644000)/",7780,1600,1111900,8522000000,-60,true,-0.77
"TCD",103704,"/Date(1705030633000)/",7780,2000,1110300,8510000000,-60,false,-0.77
"TCD",103704,"/Date(1705030633000)/",7780,1300,1108300,8494000000,-60,false,-0.77
"TCD",103704,"/Date(1705030633000)/",7780,100,1107000,8484000000,-60,false,-0.77
"TCD",103634,"/Date(1705030603000)/",7780,1500,1106900,8483000000,-60,false,-0.77
"TCD",103548,"/Date(1705030559000)/",7740,200,1105400,8472000000,-100,true,-1.28
"TCD",103121,"/Date(1705030291000)/",7730,3400,1105200,8470000000,-110,false,-1.4
"TCD",102942,"/Date(1705030190000)/",7710,8300,1101800,8444000000,-130,true,-1.66
"TCD",102942,"/Date(1705030190000)/",7720,3700,1093500,8380000000,-120,false,-1.53
"TCD",102929,"/Date(1705030179000)/",7730,20000,1089800,8351000000,-110,false,-1.4
"TCD",102929,"/Date(1705030179000)/",7740,500,1069800,8197000000,-100,false,-1.28
"TCD",102929,"/Date(1705030179000)/",7740,300,1069300,8193000000,-100,false,-1.28
"TCD",102929,"/Date(1705030179000)/",7740,300,1069000,8191000000,-100,false,-1.28
"TCD",102929,"/Date(1705030179000)/",7740,500,1068700,8188000000,-100,false,-1.28
"TCD",102725,"/Date(1705030053000)/",7770,200,1068200,8184000000,-70,true,-0.89
"TCD",102719,"/Date(1705030049000)/",7770,500,1068000,8183000000,-70,true,-0.89
"TCD",102716,"/Date(1705030044000)/",7770,2800,1067500,8179000000,-70,true,-0.89
"TCD",102716,"/Date(1705030044000)/",7770,4000,1064700,8157000000,-70,true,-0.89
"TCD",102716,"/Date(1705030044000)/",7770,100,1060700,8126000000,-70,true,-0.89
"TCD",102716,"/Date(1705030044000)/",7770,8100,1060600,8125000000,-70,true,-0.89
"TCD",102440,"/Date(1705029890000)/",7770,1900,1052500,8062000000,-70,true,-0.89
"TCD",102440,"/Date(1705029890000)/",7770,1000,1050600,8048000000,-70,true,-0.89
"TCD",102440,"/Date(1705029890000)/",7770,100,1049600,8040000000,-70,true,-0.89
"TCD",101712,"/Date(1705029432000)/",7800,100,1049500,8039000000,-40,true,-0.51
"TCD",101540,"/Date(1705029338000)/",7770,16300,1049400,8038000000,-70,true,-0.89
"TCD",101540,"/Date(1705029338000)/",7780,200,1033100,7912000000,-60,true,-0.77
"TCD",101540,"/Date(1705029338000)/",7780,400,1032900,7910000000,-60,true,-0.77
"TCD",101540,"/Date(1705029338000)/",7780,5000,1032500,7907000000,-60,true,-0.77
"TCD",101540,"/Date(1705029338000)/",7780,100,1027500,7868000000,-60,true,-0.77
"TCD",101540,"/Date(1705029338000)/",7780,400,1027400,7867000000,-60,true,-0.77
"TCD",101540,"/Date(1705029338000)/",7800,100,1027000,7864000000,-40,true,-0.51
"TCD",101533,"/Date(1705029334000)/",7800,100,1026900,7863000000,-40,true,-0.51
"TCD",101527,"/Date(1705029327000)/",7820,100,1026800,7863000000,-20,false,-0.26
"TCD",101347,"/Date(1705029229000)/",7820,200,1026700,7862000000,-20,false,-0.26
"TCD",101347,"/Date(1705029227000)/",7800,100,1026500,7860000000,-40,true,-0.51
"TCD",101208,"/Date(1705029133000)/",7840,500,1026400,7860000000,0,false,0
"TCD",101137,"/Date(1705029103000)/",7840,100,1025900,7856000000,0,false,0
"TCD",101137,"/Date(1705029103000)/",7830,100,1025800,7855000000,-10,false,-0.13
"TCD",101113,"/Date(1705029083000)/",7830,3100,1025700,7854000000,-10,false,-0.13
"TCD",101113,"/Date(1705029083000)/",7830,5000,1022600,7830000000,-10,false,-0.13
"TCD",101113,"/Date(1705029083000)/",7830,1900,1017600,7791000000,-10,false,-0.13
"TCD",101033,"/Date(1705029044000)/",7830,1100,1015700,7776000000,-10,false,-0.13
"TCD",101033,"/Date(1705029044000)/",7830,900,1014600,7767000000,-10,false,-0.13
"TCD",101010,"/Date(1705029021000)/",7830,100,1013700,7760000000,-10,false,-0.13
"TCD",101007,"/Date(1705029017000)/",7830,1000,1013600,7759000000,-10,false,-0.13
"TCD",101001,"/Date(1705029010000)/",7830,10000,1012600,7752000000,-10,true,-0.13
"TCD",101001,"/Date(1705029010000)/",7820,900,1002600,7673000000,-20,false,-0.26
"TCD",101001,"/Date(1705029010000)/",7820,500,1001700,7666000000,-20,false,-0.26
"TCD",101001,"/Date(1705029010000)/",7810,2000,1001200,7662000000,-30,false,-0.38
"TCD",101001,"/Date(1705029010000)/",7800,100,999200,7647000000,-40,false,-0.51
"TCD",101001,"/Date(1705029010000)/",7800,3000,999100,7646000000,-40,false,-0.51
"TCD",101001,"/Date(1705029010000)/",7800,100,996100,7622000000,-40,false,-0.51
"TCD",101001,"/Date(1705029010000)/",7800,1000,996000,7622000000,-40,false,-0.51
"TCD",101001,"/Date(1705029010000)/",7800,300,995000,7614000000,-40,false,-0.51
"TCD",101001,"/Date(1705029010000)/",7790,1100,994700,7612000000,-50,false,-0.64
"TCD",100954,"/Date(1705029004000)/",7790,1000,993600,7603000000,-50,false,-0.64
"TCD",100938,"/Date(1705028989000)/",7790,100,992600,7595000000,-50,false,-0.64
"TCD",100929,"/Date(1705028980000)/",7790,100,992500,7594000000,-50,false,-0.64
"TCD",100903,"/Date(1705028956000)/",7800,700,992400,7594000000,-40,false,-0.51
"TCD",100903,"/Date(1705028956000)/",7800,600,991700,7588000000,-40,false,-0.51
"TCD",100903,"/Date(1705028956000)/",7800,100,991100,7583000000,-40,false,-0.51
"TCD",100903,"/Date(1705028956000)/",7800,500,991000,7583000000,-40,false,-0.51
"TCD",100903,"/Date(1705028956000)/",7800,100,990500,7579000000,-40,false,-0.51
"TCD",100851,"/Date(1705028940000)/",7780,5000,990400,7578000000,-60,true,-0.77
"TCD",100828,"/Date(1705028919000)/",7780,100,985400,7539000000,-60,false,-0.77
"TCD",100828,"/Date(1705028919000)/",7770,400,985300,7538000000,-70,false,-0.89
"TCD",100828,"/Date(1705028919000)/",7770,100,984900,7535000000,-70,false,-0.89
"TCD",100828,"/Date(1705028919000)/",7770,4000,984800,7534000000,-70,false,-0.89
"TCD",100815,"/Date(1705028907000)/",7750,500,980800,7503000000,-90,true,-1.15
"TCD",100815,"/Date(1705028907000)/",7750,100,980300,7500000000,-90,true,-1.15
"TCD",100815,"/Date(1705028907000)/",7750,100,980200,7499000000,-90,true,-1.15
"TCD",100815,"/Date(1705028907000)/",7750,100,980100,7498000000,-90,true,-1.15
"TCD",100815,"/Date(1705028907000)/",7750,2900,980000,7497000000,-90,true,-1.15
"TCD",100715,"/Date(1705028845000)/",7730,100,977100,7475000000,-110,false,-1.4
"TCD",100715,"/Date(1705028845000)/",7730,400,977000,7474000000,-110,false,-1.4
"TCD",100715,"/Date(1705028845000)/",7730,400,976600,7471000000,-110,false,-1.4
"TCD",100708,"/Date(1705028840000)/",7730,800,976200,7468000000,-110,false,-1.4
"TCD",100643,"/Date(1705028812000)/",7730,400,975400,7462000000,-110,false,-1.4
"TCD",100555,"/Date(1705028766000)/",7720,800,975000,7458000000,-120,false,-1.53
"TCD",100552,"/Date(1705028763000)/",7720,200,974200,7452000000,-120,false,-1.53
"TCD",100542,"/Date(1705028751000)/",7710,90000,974000,7451000000,-130,true,-1.66
"TCD",100536,"/Date(1705028745000)/",7720,9600,884000,6757000000,-120,false,-1.53
"TCD",100536,"/Date(1705028745000)/",7720,300,874400,6683000000,-120,false,-1.53
"TCD",100536,"/Date(1705028745000)/",7720,100,874100,6680000000,-120,false,-1.53
"TCD",100526,"/Date(1705028735000)/",7710,700,874000,6680000000,-130,false,-1.66
"TCD",100504,"/Date(1705028715000)/",7710,2300,873300,6674000000,-130,false,-1.66
"TCD",100504,"/Date(1705028715000)/",7710,500,871000,6657000000,-130,false,-1.66
"TCD",100504,"/Date(1705028715000)/",7710,400,870500,6653000000,-130,false,-1.66
"TCD",100501,"/Date(1705028713000)/",7710,1600,870100,6650000000,-130,false,-1.66
"TCD",100501,"/Date(1705028713000)/",7710,1400,868500,6637000000,-130,false,-1.66
"TCD",100445,"/Date(1705028697000)/",7710,100,867100,6626000000,-130,false,-1.66
"TCD",100426,"/Date(1705028675000)/",7710,100,867000,6626000000,-130,false,-1.66
"TCD",100407,"/Date(1705028657000)/",7710,300,866900,6625000000,-130,false,-1.66
"TCD",100328,"/Date(1705028620000)/",7700,200,866600,6623000000,-140,false,-1.79
"TCD",100328,"/Date(1705028620000)/",7700,1000,866400,6621000000,-140,false,-1.79
"TCD",100328,"/Date(1705028620000)/",7700,10000,865400,6613000000,-140,false,-1.79
"TCD",100328,"/Date(1705028620000)/",7690,1100,855400,6536000000,-150,false,-1.91
"TCD",100328,"/Date(1705028620000)/",7690,2000,854300,6528000000,-150,false,-1.91
"TCD",100328,"/Date(1705028620000)/",7690,5000,852300,6513000000,-150,false,-1.91
"TCD",100328,"/Date(1705028620000)/",7690,7000,847300,6474000000,-150,false,-1.91
"TCD",100328,"/Date(1705028620000)/",7690,500,840300,6420000000,-150,false,-1.91
"TCD",100328,"/Date(1705028620000)/",7690,1400,839800,6416000000,-150,false,-1.91
"TCD",100328,"/Date(1705028620000)/",7690,1700,838400,6406000000,-150,false,-1.91
"TCD",100328,"/Date(1705028618000)/",7680,500,836700,6393000000,-160,false,-2.04
"TCD",100325,"/Date(1705028615000)/",7680,200,836200,6389000000,-160,false,-2.04
"TCD",100309,"/Date(1705028600000)/",7680,200,836000,6387000000,-160,false,-2.04
"TCD",100221,"/Date(1705028552000)/",7680,1700,835800,6386000000,-160,false,-2.04
"TCD",100212,"/Date(1705028543000)/",7670,300,834100,6373000000,-170,true,-2.17
"TCD",100156,"/Date(1705028527000)/",7680,300,833800,6370000000,-160,false,-2.04
"TCD",100156,"/Date(1705028527000)/",7680,600,833500,6368000000,-160,false,-2.04
"TCD",100156,"/Date(1705028527000)/",7680,500,832900,6363000000,-160,false,-2.04
"TCD",100033,"/Date(1705028445000)/",7690,100,832400,6360000000,-150,false,-1.91
"TCD",95845,"/Date(1705028334000)/",7680,1000,832300,6359000000,-160,true,-2.04
"TCD",95820,"/Date(1705028309000)/",7680,500,831300,6351000000,-160,true,-2.04
"TCD",95726,"/Date(1705028256000)/",7680,1000,830800,6347000000,-160,false,-2.04
"TCD",95623,"/Date(1705028193000)/",7680,100,829800,6340000000,-160,true,-2.04
"TCD",95623,"/Date(1705028193000)/",7680,100,829700,6339000000,-160,true,-2.04
"TCD",95623,"/Date(1705028193000)/",7680,3300,829600,6338000000,-160,true,-2.04
"TCD",95552,"/Date(1705028161000)/",7680,2000,826300,6313000000,-160,true,-2.04
"TCD",95521,"/Date(1705028127000)/",7680,2700,824300,6297000000,-160,true,-2.04
"TCD",95512,"/Date(1705028119000)/",7690,200,821600,6277000000,-150,false,-1.91
"TCD",95512,"/Date(1705028119000)/",7690,1800,821400,6275000000,-150,false,-1.91
"TCD",95338,"/Date(1705028020000)/",7690,100,819600,6261000000,-150,false,-1.91
"TCD",95335,"/Date(1705028018000)/",7690,100,819500,6260000000,-150,true,-1.91
"TCD",95335,"/Date(1705028016000)/",7710,100,819400,6260000000,-130,false,-1.66
"TCD",95134,"/Date(1705027892000)/",7690,300,819300,6259000000,-150,true,-1.91
"TCD",95109,"/Date(1705027867000)/",7690,700,819000,6257000000,-150,true,-1.91
"TCD",95109,"/Date(1705027867000)/",7690,2300,818300,6251000000,-150,true,-1.91
"TCD",95050,"/Date(1705027847000)/",7690,600,816000,6234000000,-150,true,-1.91
"TCD",95050,"/Date(1705027847000)/",7690,800,815400,6229000000,-150,true,-1.91
"TCD",95050,"/Date(1705027847000)/",7690,100,814600,6223000000,-150,true,-1.91
"TCD",94949,"/Date(1705027787000)/",7710,500,814500,6222000000,-130,true,-1.66
"TCD",94923,"/Date(1705027761000)/",7720,200,814000,6218000000,-120,false,-1.53
"TCD",94920,"/Date(1705027757000)/",7690,100,813800,6217000000,-150,true,-1.91
"TCD",94845,"/Date(1705027723000)/",7720,200,813700,6216000000,-120,false,-1.53
"TCD",94845,"/Date(1705027722000)/",7690,500,813500,6214000000,-150,true,-1.91
"TCD",94839,"/Date(1705027717000)/",7720,4000,813000,6210000000,-120,false,-1.53
"TCD",94813,"/Date(1705027691000)/",7700,100,809000,6180000000,-140,false,-1.79
"TCD",94751,"/Date(1705027671000)/",7700,300,808900,6179000000,-140,false,-1.79
"TCD",94751,"/Date(1705027669000)/",7700,100,808600,6176000000,-140,false,-1.79
"TCD",94738,"/Date(1705027658000)/",7700,100,808500,6176000000,-140,false,-1.79
"TCD",94729,"/Date(1705027647000)/",7700,100,808400,6175000000,-140,false,-1.79
"TCD",94644,"/Date(1705027604000)/",7690,1000,808300,6174000000,-150,true,-1.91
"TCD",94622,"/Date(1705027579000)/",7730,600,807300,6166000000,-110,false,-1.4
"TCD",94443,"/Date(1705027480000)/",7730,100,806700,6162000000,-110,false,-1.4
"TCD",94346,"/Date(1705027423000)/",7750,100,806600,6161000000,-90,false,-1.15
"TCD",94346,"/Date(1705027423000)/",7700,100,806500,6160000000,-140,false,-1.79
"TCD",94223,"/Date(1705027342000)/",7680,100,806400,6160000000,-160,false,-2.04
"TCD",94154,"/Date(1705027311000)/",7670,3000,806300,6159000000,-170,false,-2.17
"TCD",94154,"/Date(1705027311000)/",7660,200,803300,6136000000,-180,true,-2.3
"TCD",94154,"/Date(1705027311000)/",7660,200,803100,6134000000,-180,true,-2.3
"TCD",94154,"/Date(1705027311000)/",7660,500,802900,6133000000,-180,true,-2.3
"TCD",94135,"/Date(1705027294000)/",7660,500,802400,6129000000,-180,false,-2.3
"TCD",94132,"/Date(1705027290000)/",7660,500,801900,6125000000,-180,false,-2.3
"TCD",94122,"/Date(1705027280000)/",7660,1000,801400,6121000000,-180,false,-2.3
"TCD",94122,"/Date(1705027280000)/",7660,500,800400,6114000000,-180,false,-2.3
"TCD",94113,"/Date(1705027270000)/",7660,600,799900,6110000000,-180,false,-2.3
"TCD",94041,"/Date(1705027241000)/",7660,900,799300,6105000000,-180,false,-2.3
"TCD",94035,"/Date(1705027234000)/",7640,5700,798400,6098000000,-200,true,-2.55
"TCD",94035,"/Date(1705027234000)/",7650,1000,792700,6055000000,-190,true,-2.42
"TCD",94035,"/Date(1705027234000)/",7650,100,791700,6047000000,-190,true,-2.42
"TCD",94035,"/Date(1705027234000)/",7650,100,791600,6046000000,-190,true,-2.42
"TCD",94035,"/Date(1705027234000)/",7650,100,791500,6045000000,-190,true,-2.42
"TCD",94035,"/Date(1705027234000)/",7650,3000,791400,6045000000,-190,true,-2.42
"TCD",94012,"/Date(1705027210000)/",7660,100,788400,6022000000,-180,true,-2.3
"TCD",94012,"/Date(1705027210000)/",7660,500,788300,6021000000,-180,true,-2.3
"TCD",94012,"/Date(1705027210000)/",7660,200,787800,6017000000,-180,true,-2.3
"TCD",94012,"/Date(1705027210000)/",7660,400,787600,6016000000,-180,true,-2.3
"TCD",94012,"/Date(1705027210000)/",7660,200,787200,6013000000,-180,true,-2.3
"TCD",94012,"/Date(1705027210000)/",7660,100,787000,6011000000,-180,true,-2.3
"TCD",93921,"/Date(1705027158000)/",7660,9000,786900,6010000000,-180,true,-2.3
"TCD",93856,"/Date(1705027133000)/",7660,1000,777900,5941000000,-180,true,-2.3
"TCD",93834,"/Date(1705027113000)/",7660,100,776900,5934000000,-180,true,-2.3
"TCD",93834,"/Date(1705027112000)/",7660,100,776800,5933000000,-180,true,-2.3
"TCD",93830,"/Date(1705027109000)/",7660,7600,776700,5932000000,-180,false,-2.3
"TCD",93830,"/Date(1705027109000)/",7640,15100,769100,5874000000,-200,true,-2.55
"TCD",93830,"/Date(1705027109000)/",7640,100,754000,5759000000,-200,true,-2.55
"TCD",93830,"/Date(1705027109000)/",7640,3000,753900,5758000000,-200,true,-2.55
"TCD",93830,"/Date(1705027109000)/",7640,100,750900,5735000000,-200,true,-2.55
"TCD",93830,"/Date(1705027109000)/",7640,5100,750800,5734000000,-200,true,-2.55
"TCD",93830,"/Date(1705027109000)/",7640,300,745700,5695000000,-200,true,-2.55
"TCD",93830,"/Date(1705027109000)/",7650,500,745400,5693000000,-190,true,-2.42
"TCD",93830,"/Date(1705027109000)/",7650,800,744900,5689000000,-190,true,-2.42
"TCD",93814,"/Date(1705027092000)/",7650,1200,744100,5683000000,-190,true,-2.42
"TCD",93814,"/Date(1705027092000)/",7650,500,742900,5674000000,-190,true,-2.42
"TCD",93814,"/Date(1705027092000)/",7650,500,742400,5670000000,-190,true,-2.42
"TCD",93814,"/Date(1705027092000)/",7650,200,741900,5666000000,-190,true,-2.42
"TCD",93814,"/Date(1705027092000)/",7650,100,741700,5665000000,-190,true,-2.42
"TCD",93814,"/Date(1705027092000)/",7650,500,741600,5664000000,-190,true,-2.42
"TCD",93814,"/Date(1705027092000)/",7650,100,741100,5660000000,-190,true,-2.42
"TCD",93814,"/Date(1705027092000)/",7650,3900,741000,5659000000,-190,true,-2.42
"TCD",93739,"/Date(1705027057000)/",7650,600,737100,5629000000,-190,true,-2.42
"TCD",93723,"/Date(1705027040000)/",7650,15000,736500,5625000000,-190,true,-2.42
"TCD",93717,"/Date(1705027035000)/",7660,200,721500,5510000000,-180,false,-2.3
"TCD",93717,"/Date(1705027034000)/",7660,5000,721300,5508000000,-180,false,-2.3
"TCD",93701,"/Date(1705027019000)/",7660,100,716300,5470000000,-180,false,-2.3
"TCD",93652,"/Date(1705027008000)/",7660,500,716200,5469000000,-180,false,-2.3
"TCD",93613,"/Date(1705026972000)/",7660,200,715700,5466000000,-180,false,-2.3
"TCD",93545,"/Date(1705026942000)/",7660,2000,715500,5464000000,-180,false,-2.3
"TCD",93513,"/Date(1705026912000)/",7660,3900,713500,5449000000,-180,true,-2.3
"TCD",93503,"/Date(1705026900000)/",7660,1100,709600,5419000000,-180,false,-2.3
"TCD",93500,"/Date(1705026897000)/",7650,15500,708500,5410000000,-190,true,-2.42
"TCD",93500,"/Date(1705026897000)/",7650,200,693000,5292000000,-190,true,-2.42
"TCD",93500,"/Date(1705026897000)/",7650,6200,692800,5290000000,-190,true,-2.42
"TCD",93500,"/Date(1705026897000)/",7650,300,686600,5243000000,-190,true,-2.42
"TCD",93500,"/Date(1705026897000)/",7650,100,686300,5241000000,-190,true,-2.42
"TCD",93500,"/Date(1705026897000)/",7650,500,686200,5240000000,-190,true,-2.42
"TCD",93500,"/Date(1705026897000)/",7650,200,685700,5236000000,-190,true,-2.42
"TCD",93500,"/Date(1705026897000)/",7650,1000,685500,5234000000,-190,true,-2.42
"TCD",93457,"/Date(1705026896000)/",7660,2500,684500,5227000000,-180,false,-2.3
"TCD",93432,"/Date(1705026871000)/",7660,300,682000,5208000000,-180,false,-2.3
"TCD",93432,"/Date(1705026870000)/",7660,500,681700,5205000000,-180,false,-2.3
"TCD",93425,"/Date(1705026863000)/",7660,1000,681200,5202000000,-180,false,-2.3
"TCD",93419,"/Date(1705026855000)/",7660,1000,680200,5194000000,-180,false,-2.3
"TCD",93416,"/Date(1705026855000)/",7660,1000,679200,5186000000,-180,false,-2.3
"TCD",93409,"/Date(1705026846000)/",7660,500,678200,5179000000,-180,true,-2.3
"TCD",93409,"/Date(1705026846000)/",7660,4100,677700,5175000000,-180,true,-2.3
"TCD",93406,"/Date(1705026843000)/",7660,12000,673600,5143000000,-180,true,-2.3
"TCD",93403,"/Date(1705026839000)/",7660,3900,661600,5051000000,-180,false,-2.3
"TCD",93400,"/Date(1705026838000)/",7660,700,657700,5022000000,-180,false,-2.3
"TCD",93400,"/Date(1705026838000)/",7700,400,657000,5016000000,-140,false,-1.79
"TCD",93400,"/Date(1705026837000)/",7700,2600,656600,5013000000,-140,false,-1.79
"TCD",93400,"/Date(1705026837000)/",7700,3000,654000,4993000000,-140,false,-1.79
"TCD",93400,"/Date(1705026837000)/",7700,2000,651000,4970000000,-140,false,-1.79
"TCD",93356,"/Date(1705026835000)/",7660,1300,649000,4955000000,-180,true,-2.3
"TCD",93356,"/Date(1705026834000)/",7660,2100,647700,4945000000,-180,true,-2.3
"TCD",93353,"/Date(1705026831000)/",7660,500,645600,4929000000,-180,false,-2.3
"TCD",93347,"/Date(1705026826000)/",7660,800,645100,4925000000,-180,false,-2.3
"TCD",93347,"/Date(1705026826000)/",7660,7300,644300,4919000000,-180,false,-2.3
"TCD",93334,"/Date(1705026811000)/",7700,1000,637000,4863000000,-140,false,-1.79
"TCD",93334,"/Date(1705026811000)/",7660,2700,636000,4855000000,-180,false,-2.3
"TCD",93328,"/Date(1705026806000)/",7660,100,633300,4834000000,-180,false,-2.3
"TCD",93250,"/Date(1705026767000)/",7660,100,633200,4834000000,-180,false,-2.3
"TCD",93246,"/Date(1705026765000)/",7660,1000,633100,4833000000,-180,false,-2.3
"TCD",93237,"/Date(1705026755000)/",7660,2000,632100,4825000000,-180,false,-2.3
"TCD",93231,"/Date(1705026749000)/",7660,500,630100,4810000000,-180,false,-2.3
"TCD",93227,"/Date(1705026744000)/",7660,500,629600,4806000000,-180,false,-2.3
"TCD",93218,"/Date(1705026735000)/",7650,10000,629100,4802000000,-190,true,-2.42
"TCD",93215,"/Date(1705026733000)/",7660,100,619100,4726000000,-180,false,-2.3
"TCD",93152,"/Date(1705026711000)/",7660,1000,619000,4725000000,-180,false,-2.3
"TCD",93149,"/Date(1705026706000)/",7660,20000,618000,4717000000,-180,false,-2.3
"TCD",93146,"/Date(1705026706000)/",7660,1000,598000,4564000000,-180,true,-2.3
"TCD",93146,"/Date(1705026706000)/",7660,1000,597000,4556000000,-180,true,-2.3
"TCD",93133,"/Date(1705026692000)/",7660,1000,596000,4549000000,-180,true,-2.3
"TCD",93130,"/Date(1705026688000)/",7660,900,595000,4541000000,-180,false,-2.3
"TCD",93130,"/Date(1705026688000)/",7660,3000,594100,4534000000,-180,false,-2.3
"TCD",93130,"/Date(1705026688000)/",7660,2900,591100,4511000000,-180,false,-2.3
"TCD",93130,"/Date(1705026688000)/",7660,14000,588200,4489000000,-180,false,-2.3
"TCD",93130,"/Date(1705026688000)/",7650,200,574200,4382000000,-190,false,-2.42
"TCD",93130,"/Date(1705026688000)/",7650,7000,574000,4380000000,-190,false,-2.42
"TCD",93118,"/Date(1705026677000)/",7650,5000,567000,4327000000,-190,false,-2.42
"TCD",93114,"/Date(1705026673000)/",7640,100,562000,4288000000,-200,true,-2.55
"TCD",93114,"/Date(1705026673000)/",7640,300,561900,4288000000,-200,true,-2.55
"TCD",93114,"/Date(1705026673000)/",7640,200,561600,4285000000,-200,true,-2.55
"TCD",93114,"/Date(1705026673000)/",7640,300,561400,4284000000,-200,true,-2.55
"TCD",93102,"/Date(1705026658000)/",7620,100,561100,4281000000,-220,true,-2.81
"TCD",93102,"/Date(1705026658000)/",7620,200,561000,4281000000,-220,true,-2.81
"TCD",93102,"/Date(1705026658000)/",7620,500,560800,4279000000,-220,true,-2.81
"TCD",93052,"/Date(1705026648000)/",7640,300,560300,4275000000,-200,false,-2.55
"TCD",93014,"/Date(1705026613000)/",7640,500,560000,4273000000,-200,false,-2.55
"TCD",93007,"/Date(1705026605000)/",7640,1000,559500,4269000000,-200,false,-2.55
"TCD",93004,"/Date(1705026602000)/",7640,2000,558500,4262000000,-200,false,-2.55
"TCD",92958,"/Date(1705026596000)/",7640,900,556500,4246000000,-200,false,-2.55
"TCD",92955,"/Date(1705026592000)/",7640,600,555600,4239000000,-200,false,-2.55
"TCD",92938,"/Date(1705026578000)/",7640,3000,555000,4235000000,-200,true,-2.55
"TCD",92938,"/Date(1705026578000)/",7640,300,552000,4212000000,-200,true,-2.55
"TCD",92938,"/Date(1705026578000)/",7640,600,551700,4210000000,-200,true,-2.55
"TCD",92916,"/Date(1705026556000)/",7640,200,551100,4205000000,-200,true,-2.55
"TCD",92913,"/Date(1705026551000)/",7650,1000,550900,4204000000,-190,false,-2.42
"TCD",92844,"/Date(1705026524000)/",7640,200,549900,4196000000,-200,true,-2.55
"TCD",92803,"/Date(1705026482000)/",7640,100,549700,4194000000,-200,true,-2.55
"TCD",92800,"/Date(1705026479000)/",7650,100,549600,4194000000,-190,false,-2.42
"TCD",92738,"/Date(1705026457000)/",7650,300,549500,4193000000,-190,false,-2.42
"TCD",92725,"/Date(1705026444000)/",7650,100,549200,4191000000,-190,true,-2.42
"TCD",92719,"/Date(1705026438000)/",7660,13900,549100,4190000000,-180,false,-2.3
"TCD",92719,"/Date(1705026438000)/",7660,10000,535200,4083000000,-180,false,-2.3
"TCD",92719,"/Date(1705026438000)/",7660,1100,525200,4007000000,-180,false,-2.3
"TCD",92634,"/Date(1705026393000)/",7660,900,524100,3998000000,-180,false,-2.3
"TCD",92634,"/Date(1705026393000)/",7660,100,523200,3991000000,-180,false,-2.3
"TCD",92543,"/Date(1705026342000)/",7660,15600,523100,3991000000,-180,false,-2.3
"TCD",92543,"/Date(1705026342000)/",7650,4400,507500,3871000000,-190,false,-2.42
"TCD",92540,"/Date(1705026337000)/",7580,4200,503100,3837000000,-260,true,-3.32
"TCD",92540,"/Date(1705026337000)/",7580,200,498900,3806000000,-260,true,-3.32
"TCD",92540,"/Date(1705026337000)/",7580,500,498700,3804000000,-260,true,-3.32
"TCD",92540,"/Date(1705026337000)/",7580,1000,498200,3800000000,-260,true,-3.32
"TCD",92540,"/Date(1705026337000)/",7580,500,497200,3793000000,-260,true,-3.32
"TCD",92540,"/Date(1705026337000)/",7580,1100,496700,3789000000,-260,true,-3.32
"TCD",92533,"/Date(1705026333000)/",7660,4300,495600,3781000000,-180,false,-2.3
"TCD",92533,"/Date(1705026333000)/",7660,1000,491300,3748000000,-180,false,-2.3
"TCD",92533,"/Date(1705026333000)/",7660,5700,490300,3740000000,-180,false,-2.3
"TCD",92533,"/Date(1705026333000)/",7650,500,484600,3696000000,-190,false,-2.42
"TCD",92533,"/Date(1705026333000)/",7610,3000,484100,3693000000,-230,false,-2.93
"TCD",92533,"/Date(1705026333000)/",7600,500,481100,3670000000,-240,false,-3.06
"TCD",92533,"/Date(1705026333000)/",7590,5000,480600,3666000000,-250,false,-3.19
"TCD",92527,"/Date(1705026324000)/",7590,10000,475600,3628000000,-250,false,-3.19
"TCD",92527,"/Date(1705026324000)/",7590,5000,465600,3552000000,-250,false,-3.19
"TCD",92527,"/Date(1705026324000)/",7590,10000,460600,3514000000,-250,false,-3.19
"TCD",92518,"/Date(1705026314000)/",7600,200,450600,3438000000,-240,false,-3.06
"TCD",92518,"/Date(1705026314000)/",7600,3000,450400,3437000000,-240,false,-3.06
"TCD",92518,"/Date(1705026314000)/",7600,16200,447400,3414000000,-240,false,-3.06
"TCD",92514,"/Date(1705026314000)/",7620,100,431200,3291000000,-220,true,-2.81
"TCD",92508,"/Date(1705026305000)/",7600,12300,431100,3290000000,-240,true,-3.06
"TCD",92508,"/Date(1705026305000)/",7610,1000,418800,3197000000,-230,true,-2.93
"TCD",92508,"/Date(1705026305000)/",7610,16700,417800,3189000000,-230,true,-2.93
"TCD",92459,"/Date(1705026297000)/",7610,1400,401100,3062000000,-230,false,-2.93
"TCD",92459,"/Date(1705026295000)/",7610,5000,399700,3051000000,-230,false,-2.93
"TCD",92459,"/Date(1705026295000)/",7610,2000,394700,3013000000,-230,false,-2.93
"TCD",92459,"/Date(1705026295000)/",7610,9900,392700,2998000000,-230,false,-2.93
"TCD",92452,"/Date(1705026292000)/",7600,1500,382800,2923000000,-240,true,-3.06
"TCD",92452,"/Date(1705026292000)/",7600,3000,381300,2911000000,-240,true,-3.06
"TCD",92452,"/Date(1705026292000)/",7600,3000,378300,2888000000,-240,true,-3.06
"TCD",92452,"/Date(1705026290000)/",7600,1500,375300,2866000000,-240,true,-3.06
"TCD",92443,"/Date(1705026281000)/",7610,100,373800,2854000000,-230,false,-2.93
"TCD",92436,"/Date(1705026274000)/",7600,500,373700,2853000000,-240,false,-3.06
"TCD",92430,"/Date(1705026268000)/",7600,100,373200,2850000000,-240,true,-3.06
"TCD",92427,"/Date(1705026264000)/",7600,19000,373100,2849000000,-240,true,-3.06
"TCD",92417,"/Date(1705026255000)/",7600,100,354100,2704000000,-240,true,-3.06
"TCD",92417,"/Date(1705026254000)/",7600,20000,354000,2704000000,-240,true,-3.06
"TCD",92414,"/Date(1705026253000)/",7600,3000,334000,2552000000,-240,true,-3.06
"TCD",92414,"/Date(1705026251000)/",7600,7200,331000,2529000000,-240,true,-3.06
"TCD",92414,"/Date(1705026251000)/",7590,600,323800,2474000000,-250,false,-3.19
"TCD",92411,"/Date(1705026247000)/",7590,200,323200,2470000000,-250,false,-3.19
"TCD",92411,"/Date(1705026247000)/",7590,1800,323000,2468000000,-250,false,-3.19
"TCD",92408,"/Date(1705026244000)/",7600,800,321200,2454000000,-240,false,-3.06
"TCD",92404,"/Date(1705026243000)/",7600,1000,320400,2448000000,-240,false,-3.06
"TCD",92401,"/Date(1705026238000)/",7600,8700,319400,2441000000,-240,true,-3.06
"TCD",92358,"/Date(1705026236000)/",7600,1000,310700,2375000000,-240,true,-3.06
"TCD",92345,"/Date(1705026224000)/",7600,700,309700,2367000000,-240,true,-3.06
"TCD",92345,"/Date(1705026224000)/",7600,1000,309000,2362000000,-240,true,-3.06
"TCD",92345,"/Date(1705026224000)/",7600,7800,308000,2354000000,-240,true,-3.06
"TCD",92345,"/Date(1705026224000)/",7590,800,300200,2295000000,-250,false,-3.19
"TCD",92342,"/Date(1705026220000)/",7600,6100,299400,2289000000,-240,false,-3.06
"TCD",92342,"/Date(1705026220000)/",7590,700,293300,2242000000,-250,false,-3.19
"TCD",92339,"/Date(1705026218000)/",7590,3300,292600,2237000000,-250,false,-3.19
"TCD",92336,"/Date(1705026214000)/",7590,200,289300,2212000000,-250,true,-3.19
"TCD",92313,"/Date(1705026192000)/",7580,400,289100,2211000000,-260,true,-3.32
"TCD",92313,"/Date(1705026192000)/",7590,100,288700,2207000000,-250,true,-3.19
"TCD",92304,"/Date(1705026182000)/",7580,3000,288600,2207000000,-260,true,-3.32
"TCD",92257,"/Date(1705026176000)/",7600,15400,285600,2184000000,-240,false,-3.06
"TCD",92257,"/Date(1705026176000)/",7590,1600,270200,2067000000,-250,false,-3.19
"TCD",92254,"/Date(1705026171000)/",7590,100,268600,2055000000,-250,false,-3.19
"TCD",92248,"/Date(1705026164000)/",7590,1000,268500,2054000000,-250,true,-3.19
"TCD",92248,"/Date(1705026164000)/",7590,1000,267500,2046000000,-250,true,-3.19
"TCD",92248,"/Date(1705026164000)/",7590,300,266500,2039000000,-250,true,-3.19
"TCD",92248,"/Date(1705026164000)/",7590,1000,266200,2037000000,-250,true,-3.19
"TCD",92245,"/Date(1705026164000)/",7600,600,265200,2029000000,-240,false,-3.06
"TCD",92242,"/Date(1705026160000)/",7590,1000,264600,2024000000,-250,true,-3.19
"TCD",92235,"/Date(1705026153000)/",7590,200,263600,2017000000,-250,true,-3.19
"TCD",92235,"/Date(1705026152000)/",7600,100,263400,2015000000,-240,false,-3.06
"TCD",92235,"/Date(1705026152000)/",7600,2000,263300,2015000000,-240,false,-3.06
"TCD",92235,"/Date(1705026152000)/",7600,2900,261300,1999000000,-240,false,-3.06
"TCD",92203,"/Date(1705026120000)/",7600,100,258400,1977000000,-240,false,-3.06
"TCD",92200,"/Date(1705026119000)/",7590,800,258300,1977000000,-250,true,-3.19
"TCD",92147,"/Date(1705026107000)/",7600,200,257500,1971000000,-240,true,-3.06
"TCD",92147,"/Date(1705026107000)/",7600,400,257300,1969000000,-240,true,-3.06
"TCD",92147,"/Date(1705026107000)/",7600,200,256900,1966000000,-240,true,-3.06
"TCD",92147,"/Date(1705026107000)/",7600,100,256700,1964000000,-240,true,-3.06
"TCD",92147,"/Date(1705026107000)/",7600,500,256600,1964000000,-240,true,-3.06
"TCD",92147,"/Date(1705026107000)/",7600,600,256100,1960000000,-240,true,-3.06
"TCD",92147,"/Date(1705026106000)/",7600,9400,255500,1955000000,-240,true,-3.06
"TCD",92147,"/Date(1705026106000)/",7600,1600,246100,1884000000,-240,true,-3.06
"TCD",92147,"/Date(1705026105000)/",7600,400,244500,1872000000,-240,true,-3.06
"TCD",92147,"/Date(1705026105000)/",7600,1000,244100,1869000000,-240,true,-3.06
"TCD",92147,"/Date(1705026105000)/",7600,1000,243100,1861000000,-240,true,-3.06
"TCD",92147,"/Date(1705026105000)/",7600,2600,242100,1853000000,-240,true,-3.06
"TCD",92144,"/Date(1705026104000)/",7610,100,239500,1834000000,-230,false,-2.93
"TCD",92141,"/Date(1705026099000)/",7600,1400,239400,1833000000,-240,true,-3.06
"TCD",92132,"/Date(1705026090000)/",7600,3200,238000,1822000000,-240,true,-3.06
"TCD",92132,"/Date(1705026089000)/",7610,500,234800,1798000000,-230,false,-2.93
"TCD",92132,"/Date(1705026089000)/",7600,1300,234300,1794000000,-240,true,-3.06
"TCD",92132,"/Date(1705026089000)/",7600,100,233000,1784000000,-240,true,-3.06
"TCD",92132,"/Date(1705026089000)/",7600,100,232900,1784000000,-240,true,-3.06
"TCD",92132,"/Date(1705026089000)/",7600,100,232800,1783000000,-240,true,-3.06
"TCD",92125,"/Date(1705026082000)/",7610,100,232700,1782000000,-230,false,-2.93
"TCD",92122,"/Date(1705026080000)/",7610,400,232600,1781000000,-230,false,-2.93
"TCD",92119,"/Date(1705026077000)/",7610,100,232200,1778000000,-230,true,-2.93
"TCD",92116,"/Date(1705026075000)/",7610,1500,232100,1777000000,-230,true,-2.93
"TCD",92116,"/Date(1705026074000)/",7610,100,230600,1766000000,-230,true,-2.93
"TCD",92116,"/Date(1705026074000)/",7610,2000,230500,1765000000,-230,true,-2.93
"TCD",92116,"/Date(1705026074000)/",7610,200,228500,1750000000,-230,true,-2.93
"TCD",92116,"/Date(1705026074000)/",7610,100,228300,1749000000,-230,true,-2.93
"TCD",92116,"/Date(1705026074000)/",7610,100,228200,1748000000,-230,true,-2.93
"TCD",92116,"/Date(1705026074000)/",7610,500,228100,1747000000,-230,true,-2.93
"TCD",92116,"/Date(1705026074000)/",7610,300,227600,1743000000,-230,true,-2.93
"TCD",92116,"/Date(1705026074000)/",7610,100,227300,1741000000,-230,true,-2.93
"TCD",92100,"/Date(1705026057000)/",7610,5500,227200,1740000000,-230,true,-2.93
"TCD",92100,"/Date(1705026057000)/",7610,100,221700,1698000000,-230,true,-2.93
"TCD",92100,"/Date(1705026057000)/",7610,5000,221600,1698000000,-230,true,-2.93
"TCD",92100,"/Date(1705026057000)/",7610,100,216600,1659000000,-230,true,-2.93
"TCD",92100,"/Date(1705026057000)/",7610,4800,216500,1659000000,-230,true,-2.93
"TCD",92100,"/Date(1705026057000)/",7620,4500,211700,1622000000,-220,true,-2.81
"TCD",92057,"/Date(1705026053000)/",7620,1000,207200,1588000000,-220,false,-2.81
"TCD",92035,"/Date(1705026034000)/",7610,5000,206200,1580000000,-230,true,-2.93
"TCD",91931,"/Date(1705025969000)/",7610,200,201200,1542000000,-230,true,-2.93
"TCD",91931,"/Date(1705025969000)/",7650,300,201000,1541000000,-190,false,-2.42
"TCD",91928,"/Date(1705025965000)/",7660,300,200700,1538000000,-180,false,-2.3
"TCD",91925,"/Date(1705025963000)/",7660,21900,200400,1536000000,-180,false,-2.3
"TCD",91925,"/Date(1705025963000)/",7650,1100,178500,1368000000,-190,true,-2.42
"TCD",91925,"/Date(1705025962000)/",7650,1100,177400,1360000000,-190,true,-2.42
"TCD",91915,"/Date(1705025954000)/",7650,1000,176300,1352000000,-190,true,-2.42
"TCD",91912,"/Date(1705025951000)/",7650,900,175300,1344000000,-190,true,-2.42
"TCD",91912,"/Date(1705025951000)/",7650,200,174400,1337000000,-190,true,-2.42
"TCD",91912,"/Date(1705025951000)/",7650,100,174200,1335000000,-190,true,-2.42
"TCD",91912,"/Date(1705025951000)/",7650,10000,174100,1335000000,-190,true,-2.42
"TCD",91912,"/Date(1705025950000)/",7660,100,164100,1258000000,-180,false,-2.3
"TCD",91859,"/Date(1705025937000)/",7660,200,164000,1257000000,-180,false,-2.3
"TCD",91850,"/Date(1705025929000)/",7660,400,163800,1256000000,-180,false,-2.3
"TCD",91850,"/Date(1705025929000)/",7660,40000,163400,1253000000,-180,false,-2.3
"TCD",91850,"/Date(1705025929000)/",7660,200,123400,946000000,-180,false,-2.3
"TCD",91850,"/Date(1705025929000)/",7660,200,123200,945000000,-180,false,-2.3
"TCD",91850,"/Date(1705025929000)/",7660,500,123000,943000000,-180,false,-2.3
"TCD",91850,"/Date(1705025929000)/",7660,500,122500,940000000,-180,false,-2.3
"TCD",91850,"/Date(1705025929000)/",7660,100,122000,936000000,-180,false,-2.3
"TCD",91850,"/Date(1705025929000)/",7660,400,121900,935000000,-180,false,-2.3
"TCD",91850,"/Date(1705025929000)/",7660,3000,121500,932000000,-180,false,-2.3
"TCD",91850,"/Date(1705025929000)/",7660,2000,118500,909000000,-180,false,-2.3
"TCD",91850,"/Date(1705025929000)/",7660,20000,116500,894000000,-180,false,-2.3
"TCD",91850,"/Date(1705025929000)/",7670,400,96500,740000000,-170,false,-2.17
"TCD",91850,"/Date(1705025929000)/",7670,2500,96100,737000000,-170,false,-2.17
"TCD",91847,"/Date(1705025924000)/",7670,1700,93600,718000000,-170,true,-2.17
"TCD",91847,"/Date(1705025924000)/",7690,2300,91900,705000000,-150,false,-1.91
"TCD",91847,"/Date(1705025924000)/",7690,1000,89600,687000000,-150,false,-1.91
"TCD",91831,"/Date(1705025908000)/",7690,500,88600,680000000,-150,false,-1.91
"TCD",91831,"/Date(1705025908000)/",7680,3500,88100,676000000,-160,false,-2.04
"TCD",91828,"/Date(1705025904000)/",7670,4500,84600,649000000,-170,true,-2.17
"TCD",91828,"/Date(1705025904000)/",7670,5000,80100,615000000,-170,true,-2.17
"TCD",91828,"/Date(1705025904000)/",7670,500,75100,576000000,-170,true,-2.17
"TCD",91828,"/Date(1705025904000)/",7670,4000,74600,572000000,-170,true,-2.17
"TCD",91828,"/Date(1705025904000)/",7670,10000,70600,542000000,-170,true,-2.17
"TCD",91828,"/Date(1705025904000)/",7670,5000,60600,465000000,-170,true,-2.17
"TCD",91828,"/Date(1705025904000)/",7670,500,55600,427000000,-170,true,-2.17
"TCD",91828,"/Date(1705025904000)/",7670,500,55100,423000000,-170,true,-2.17
"TCD",91821,"/Date(1705025900000)/",7680,500,54600,419000000,-160,true,-2.04
"TCD",91821,"/Date(1705025900000)/",7690,500,54100,415000000,-150,true,-1.91
"TCD",91802,"/Date(1705025881000)/",7680,1000,53600,411000000,-160,true,-2.04
"TCD",91759,"/Date(1705025877000)/",7680,3500,52600,404000000,-160,true,-2.04
"TCD",91759,"/Date(1705025877000)/",7680,5000,49100,377000000,-160,true,-2.04
"TCD",91759,"/Date(1705025877000)/",7680,1000,44100,338000000,-160,true,-2.04
"TCD",91759,"/Date(1705025877000)/",7680,600,43100,331000000,-160,true,-2.04
"TCD",91759,"/Date(1705025877000)/",7680,2000,42500,326000000,-160,true,-2.04
"TCD",91759,"/Date(1705025877000)/",7680,1000,40500,311000000,-160,true,-2.04
"TCD",91759,"/Date(1705025877000)/",7680,900,39500,303000000,-160,true,-2.04
"TCD",91759,"/Date(1705025877000)/",7690,3000,38600,296000000,-150,true,-1.91
"TCD",91759,"/Date(1705025877000)/",7690,200,35600,273000000,-150,true,-1.91
"TCD",91759,"/Date(1705025877000)/",7700,2800,35400,271000000,-140,true,-1.79
"TCD",91553,"/Date(1705025752000)/",7680,4100,32600,250000000,-160,true,-2.04
"TCD",91553,"/Date(1705025752000)/",7680,900,28500,218000000,-160,true,-2.04
"TCD",91505,"/Date(1705025700000)/",7680,27600,27600,211000000,-160,false,-2.04
