"Stockcode","Package","TradingDate","Price","Vol","TotalVol","TotalVal","Change","IsBuy","PerChange"
"VND",144610,"/Date(1705045501000)/",21800,1146700,20644300,449083000000,-150,false,-0.68
"VND",143059,"/Date(1705044596000)/",21800,300,19497600,424085000000,-150,false,-0.68
"VND",143059,"/Date(1705044594000)/",21800,200,19497300,424079000000,-150,false,-0.68
"VND",143053,"/Date(1705044590000)/",21800,100,19497100,424074000000,-150,false,-0.68
"VND",143053,"/Date(1705044590000)/",21800,100,19497000,424072000000,-150,false,-0.68
"VND",143053,"/Date(1705044590000)/",21800,300,19496900,424070000000,-150,false,-0.68
"VND",143053,"/Date(1705044590000)/",21800,1000,19496600,424063000000,-150,false,-0.68
"VND",143053,"/Date(1705044590000)/",21800,500,19495600,424041000000,-150,false,-0.68
"VND",143053,"/Date(1705044590000)/",21800,300,19495100,424031000000,-150,false,-0.68
"VND",143053,"/Date(1705044590000)/",21800,2700,19494800,424024000000,-150,false,-0.68
"VND",143046,"/Date(1705044583000)/",21800,1000,19492100,423965000000,-150,false,-0.68
"VND",143046,"/Date(1705044583000)/",21800,1000,19491100,423943000000,-150,false,-0.68
"VND",143043,"/Date(1705044579000)/",21800,300,19490100,423922000000,-150,false,-0.68
"VND",143043,"/Date(1705044579000)/",21800,700,19489800,423915000000,-150,false,-0.68
"VND",143040,"/Date(1705044578000)/",21800,400,19489100,423900000000,-150,true,-0.68
"VND",143040,"/Date(1705044578000)/",21800,500,19488700,423891000000,-150,true,-0.68
"VND",143040,"/Date(1705044578000)/",21800,2000,19488200,423880000000,-150,true,-0.68
"VND",143040,"/Date(1705044578000)/",21800,1000,19486200,423837000000,-150,true,-0.68
"VND",143040,"/Date(1705044578000)/",21800,1400,19485200,423815000000,-150,true,-0.68
"VND",143040,"/Date(1705044577000)/",21800,1000,19483800,423784000000,-150,true,-0.68
"VND",143040,"/Date(1705044576000)/",21800,2000,19482800,423762000000,-150,true,-0.68
"VND",143040,"/Date(1705044575000)/",21800,600,19480800,423719000000,-150,true,-0.68
"VND",143040,"/Date(1705044575000)/",21800,400,19480200,423706000000,-150,true,-0.68
"VND",143037,"/Date(1705044574000)/",21800,1600,19479800,423697000000,-150,true,-0.68
"VND",143037,"/Date(1705044574000)/",21800,1000,19478200,423662000000,-150,true,-0.68
"VND",143037,"/Date(1705044574000)/",21800,100,19477200,423640000000,-150,true,-0.68
"VND",143037,"/Date(1705044574000)/",21800,3000,19477100,423638000000,-150,true,-0.68
"VND",143037,"/Date(1705044574000)/",21800,200,19474100,423573000000,-150,true,-0.68
"VND",143037,"/Date(1705044574000)/",21800,100,19473900,423568000000,-150,true,-0.68
"VND",143037,"/Date(1705044574000)/",21800,1000,19473800,423566000000,-150,true,-0.68
"VND",143037,"/Date(1705044574000)/",21800,400,19472800,423544000000,-150,true,-0.68
"VND",143037,"/Date(1705044574000)/",21800,2000,19472400,423536000000,-150,true,-0.68
"VND",143037,"/Date(1705044574000)/",21800,600,19470400,423492000000,-150,true,-0.68
"VND",143037,"/Date(1705044574000)/",21800,400,19469800,423479000000,-150,true,-0.68
"VND",143037,"/Date(1705044574000)/",21800,600,19469400,423470000000,-150,true,-0.68
"VND",143037,"/Date(1705044574000)/",21800,200,19468800,423457000000,-150,true,-0.68
"VND",143037,"/Date(1705044574000)/",21800,200,19468600,423453000000,-150,true,-0.68
"VND",143037,"/Date(1705044574000)/",21800,1000,19468400,423448000000,-150,true,-0.68
"VND",143037,"/Date(1705044574000)/",21800,200,19467400,423427000000,-150,true,-0.68
"VND",143037,"/Date(1705044574000)/",21800,100,19467200,423422000000,-150,true,-0.68
"VND",143037,"/Date(1705044574000)/",21800,100,19467100,423420000000,-150,true,-0.68
"VND",143037,"/Date(1705044574000)/",21800,300,19467000,423418000000,-150,true,-0.68
"VND",143037,"/Date(1705044574000)/",21800,500,19466700,423411000000,-150,true,-0.68
"VND",143037,"/Date(1705044574000)/",21800,1000,19466200,423401000000,-150,true,-0.68
"VND",143037,"/Date(1705044574000)/",21800,400,19465200,423379000000,-150,true,-0.68
"VND",143037,"/Date(1705044573000)/",21800,100,19464800,423370000000,-150,true,-0.68
"VND",143037,"/Date(1705044573000)/",21800,200,19464700,423368000000,-150,true,-0.68
"VND",143037,"/Date(1705044573000)/",21800,4700,19464500,423363000000,-150,true,-0.68
"VND",143037,"/Date(1705044571000)/",21800,1600,19459800,423261000000,-150,true,-0.68
"VND",143030,"/Date(1705044566000)/",21800,1000,19458200,423226000000,-150,true,-0.68
"VND",143030,"/Date(1705044566000)/",21800,100,19457200,423204000000,-150,true,-0.68
"VND",143027,"/Date(1705044564000)/",21850,100,19457100,423202000000,-100,false,-0.46
"VND",143027,"/Date(1705044564000)/",21850,500,19457000,423200000000,-100,false,-0.46
"VND",143027,"/Date(1705044564000)/",21850,200,19456500,423189000000,-100,false,-0.46
"VND",143027,"/Date(1705044564000)/",21850,500,19456300,423185000000,-100,false,-0.46
"VND",143027,"/Date(1705044564000)/",21850,500,19455800,423174000000,-100,false,-0.46
"VND",143027,"/Date(1705044564000)/",21850,1800,19455300,423163000000,-100,false,-0.46
"VND",143027,"/Date(1705044564000)/",21850,1400,19453500,423123000000,-100,false,-0.46
"VND",143027,"/Date(1705044563000)/",21800,200,19452100,423093000000,-150,true,-0.68
"VND",143027,"/Date(1705044563000)/",21800,100,19451900,423089000000,-150,true,-0.68
"VND",143024,"/Date(1705044561000)/",21800,700,19451800,423086000000,-150,true,-0.68
"VND",143024,"/Date(1705044561000)/",21800,500,19451100,423071000000,-150,true,-0.68
"VND",143024,"/Date(1705044561000)/",21800,1000,19450600,423060000000,-150,true,-0.68
"VND",143024,"/Date(1705044561000)/",21800,100,19449600,423038000000,-150,true,-0.68
"VND",143024,"/Date(1705044561000)/",21800,100,19449500,423036000000,-150,true,-0.68
"VND",143024,"/Date(1705044561000)/",21800,100,19449400,423034000000,-150,true,-0.68
"VND",143024,"/Date(1705044561000)/",21800,700,19449300,423032000000,-150,true,-0.68
"VND",143024,"/Date(1705044560000)/",21800,400,19448600,423017000000,-150,true,-0.68
"VND",143021,"/Date(1705044558000)/",21800,900,19448200,423008000000,-150,true,-0.68
"VND",143021,"/Date(1705044558000)/",21800,100,19447300,422988000000,-150,true,-0.68
"VND",143021,"/Date(1705044558000)/",21800,5000,19447200,422986000000,-150,true,-0.68
"VND",143021,"/Date(1705044558000)/",21800,10000,19442200,422877000000,-150,true,-0.68
"VND",143021,"/Date(1705044558000)/",21800,500,19432200,422659000000,-150,true,-0.68
"VND",143021,"/Date(1705044558000)/",21800,100,19431700,422648000000,-150,true,-0.68
"VND",143021,"/Date(1705044558000)/",21800,200,19431600,422646000000,-150,true,-0.68
"VND",143021,"/Date(1705044558000)/",21800,1000,19431400,422642000000,-150,true,-0.68
"VND",143021,"/Date(1705044558000)/",21800,1500,19430400,422620000000,-150,true,-0.68
"VND",143021,"/Date(1705044558000)/",21800,30700,19428900,422587000000,-150,true,-0.68
"VND",143021,"/Date(1705044557000)/",21800,300,19398200,421918000000,-150,true,-0.68
"VND",143021,"/Date(1705044557000)/",21800,9000,19397900,421911000000,-150,true,-0.68
"VND",143021,"/Date(1705044557000)/",21800,600,19388900,421715000000,-150,true,-0.68
"VND",143021,"/Date(1705044557000)/",21800,400,19388300,421702000000,-150,true,-0.68
"VND",143021,"/Date(1705044557000)/",21800,1000,19387900,421693000000,-150,true,-0.68
"VND",143021,"/Date(1705044557000)/",21800,1100,19386900,421672000000,-150,true,-0.68
"VND",143017,"/Date(1705044553000)/",21800,600,19385800,421648000000,-150,true,-0.68
"VND",143017,"/Date(1705044553000)/",21800,100,19385200,421634000000,-150,true,-0.68
"VND",143017,"/Date(1705044553000)/",21800,5000,19385100,421632000000,-150,true,-0.68
"VND",143017,"/Date(1705044553000)/",21800,1000,19380100,421523000000,-150,true,-0.68
"VND",143017,"/Date(1705044553000)/",21800,400,19379100,421502000000,-150,true,-0.68
"VND",143017,"/Date(1705044553000)/",21800,500,19378700,421493000000,-150,true,-0.68
"VND",143017,"/Date(1705044553000)/",21800,2400,19378200,421482000000,-150,true,-0.68
"VND",143017,"/Date(1705044552000)/",21800,200,19375800,421430000000,-150,true,-0.68
"VND",143017,"/Date(1705044552000)/",21800,1000,19375600,421425000000,-150,true,-0.68
"VND",143017,"/Date(1705044552000)/",21800,1400,19374600,421403000000,-150,true,-0.68
"VND",143014,"/Date(1705044551000)/",21800,2000,19373200,421373000000,-150,true,-0.68
"VND",143011,"/Date(1705044547000)/",21800,400,19371200,421329000000,-150,true,-0.68
"VND",143008,"/Date(1705044544000)/",21800,1200,19370800,421321000000,-150,true,-0.68
"VND",143008,"/Date(1705044544000)/",21800,300,19369600,421294000000,-150,true,-0.68
"VND",143008,"/Date(1705044544000)/",21800,300,19369300,421288000000,-150,true,-0.68
"VND",143008,"/Date(1705044544000)/",21800,3500,19369000,421281000000,-150,true,-0.68
"VND",143008,"/Date(1705044543000)/",21800,1200,19365500,421205000000,-150,true,-0.68
"VND",143005,"/Date(1705044542000)/",21850,3600,19364300,421179000000,-100,false,-0.46
"VND",143005,"/Date(1705044542000)/",21850,5000,19360700,421100000000,-100,false,-0.46
"VND",143005,"/Date(1705044542000)/",21850,200,19355700,420991000000,-100,false,-0.46
"VND",143005,"/Date(1705044542000)/",21850,100,19355500,420987000000,-100,false,-0.46
"VND",143005,"/Date(1705044542000)/",21850,2000,19355400,420984000000,-100,false,-0.46
"VND",143005,"/Date(1705044542000)/",21850,100,19353400,420941000000,-100,false,-0.46
"VND",143005,"/Date(1705044540000)/",21850,900,19353300,420939000000,-100,false,-0.46
"VND",143005,"/Date(1705044540000)/",21850,100,19352400,420919000000,-100,false,-0.46
"VND",143005,"/Date(1705044540000)/",21800,3400,19352300,420917000000,-150,true,-0.68
"VND",142958,"/Date(1705044535000)/",21850,500,19348900,420843000000,-100,false,-0.46
"VND",142958,"/Date(1705044533000)/",21800,500,19348400,420832000000,-150,true,-0.68
"VND",142955,"/Date(1705044532000)/",21800,2000,19347900,420821000000,-150,true,-0.68
"VND",142952,"/Date(1705044529000)/",21800,1000,19345900,420777000000,-150,true,-0.68
"VND",142952,"/Date(1705044529000)/",21800,500,19344900,420755000000,-150,true,-0.68
"VND",142952,"/Date(1705044529000)/",21800,500,19344400,420744000000,-150,true,-0.68
"VND",142952,"/Date(1705044529000)/",21800,1000,19343900,420734000000,-150,true,-0.68
"VND",142952,"/Date(1705044529000)/",21850,900,19342900,420712000000,-100,false,-0.46
"VND",142952,"/Date(1705044528000)/",21800,9000,19342000,420692000000,-150,true,-0.68
"VND",142952,"/Date(1705044528000)/",21800,1000,19333000,420496000000,-150,true,-0.68
"VND",142952,"/Date(1705044528000)/",21850,200,19332000,420474000000,-100,false,-0.46
"VND",142952,"/Date(1705044527000)/",21850,100,19331800,420470000000,-100,false,-0.46
"VND",142952,"/Date(1705044527000)/",21850,900,19331700,420468000000,-100,false,-0.46
"VND",142949,"/Date(1705044526000)/",21800,300,19330800,420448000000,-150,true,-0.68
"VND",142949,"/Date(1705044524000)/",21800,300,19330500,420441000000,-150,true,-0.68
"VND",142946,"/Date(1705044520000)/",21800,100,19330200,420435000000,-150,true,-0.68
"VND",142946,"/Date(1705044520000)/",21800,100,19330100,420433000000,-150,true,-0.68
"VND",142946,"/Date(1705044520000)/",21800,2000,19330000,420430000000,-150,true,-0.68
"VND",142946,"/Date(1705044520000)/",21800,1000,19328000,420387000000,-150,true,-0.68
"VND",142946,"/Date(1705044520000)/",21800,1100,19327000,420365000000,-150,true,-0.68
"VND",142946,"/Date(1705044520000)/",21800,1700,19325900,420341000000,-150,true,-0.68
"VND",142942,"/Date(1705044520000)/",21850,100,19324200,420304000000,-100,false,-0.46
"VND",142942,"/Date(1705044520000)/",21850,400,19324100,420302000000,-100,false,-0.46
"VND",142933,"/Date(1705044511000)/",21850,100,19323700,420293000000,-100,false,-0.46
"VND",142923,"/Date(1705044498000)/",21800,700,19323600,420291000000,-150,true,-0.68
"VND",142920,"/Date(1705044495000)/",21850,500,19322900,420276000000,-100,false,-0.46
"VND",142917,"/Date(1705044494000)/",21800,2600,19322400,420265000000,-150,true,-0.68
"VND",142917,"/Date(1705044494000)/",21800,3400,19319800,420208000000,-150,true,-0.68
"VND",142917,"/Date(1705044493000)/",21800,100,19316400,420134000000,-150,true,-0.68
"VND",142914,"/Date(1705044488000)/",21800,1000,19316300,420132000000,-150,true,-0.68
"VND",142907,"/Date(1705044484000)/",21800,2000,19315300,420110000000,-150,true,-0.68
"VND",142907,"/Date(1705044484000)/",21800,10000,19313300,420066000000,-150,true,-0.68
"VND",142907,"/Date(1705044482000)/",21800,200,19303300,419848000000,-150,true,-0.68
"VND",142904,"/Date(1705044481000)/",21800,1000,19303100,419844000000,-150,true,-0.68
"VND",142904,"/Date(1705044479000)/",21800,4000,19302100,419822000000,-150,true,-0.68
"VND",142857,"/Date(1705044474000)/",21850,1000,19298100,419735000000,-100,false,-0.46
"VND",142857,"/Date(1705044473000)/",21800,700,19297100,419713000000,-150,true,-0.68
"VND",142854,"/Date(1705044470000)/",21800,10000,19296400,419698000000,-150,true,-0.68
"VND",142851,"/Date(1705044468000)/",21800,1000,19286400,419480000000,-150,true,-0.68
"VND",142848,"/Date(1705044465000)/",21800,100,19285400,419458000000,-150,true,-0.68
"VND",142845,"/Date(1705044460000)/",21800,1500,19285300,419456000000,-150,true,-0.68
"VND",142845,"/Date(1705044460000)/",21850,500,19283800,419423000000,-100,false,-0.46
"VND",142841,"/Date(1705044457000)/",21850,500,19283300,419412000000,-100,false,-0.46
"VND",142835,"/Date(1705044452000)/",21800,2000,19282800,419401000000,-150,true,-0.68
"VND",142835,"/Date(1705044450000)/",21800,5000,19280800,419358000000,-150,true,-0.68
"VND",142835,"/Date(1705044450000)/",21800,2500,19275800,419249000000,-150,true,-0.68
"VND",142832,"/Date(1705044448000)/",21850,1000,19273300,419194000000,-100,false,-0.46
"VND",142825,"/Date(1705044441000)/",21800,3700,19272300,419172000000,-150,true,-0.68
"VND",142819,"/Date(1705044434000)/",21800,500,19268600,419092000000,-150,true,-0.68
"VND",142816,"/Date(1705044433000)/",21800,2000,19268100,419081000000,-150,true,-0.68
"VND",142816,"/Date(1705044431000)/",21800,300,19266100,419037000000,-150,true,-0.68
"VND",142813,"/Date(1705044430000)/",21800,3000,19265800,419031000000,-150,true,-0.68
"VND",142813,"/Date(1705044429000)/",21800,200,19262800,418965000000,-150,true,-0.68
"VND",142813,"/Date(1705044428000)/",21800,5000,19262600,418961000000,-150,true,-0.68
"VND",142809,"/Date(1705044425000)/",21800,10000,19257600,418852000000,-150,true,-0.68
"VND",142809,"/Date(1705044425000)/",21800,1000,19247600,418634000000,-150,true,-0.68
"VND",142806,"/Date(1705044423000)/",21800,100,19246600,418612000000,-150,true,-0.68
"VND",142806,"/Date(1705044421000)/",21800,5000,19246500,418610000000,-150,true,-0.68
"VND",142800,"/Date(1705044417000)/",21800,200,19241500,418501000000,-150,true,-0.68
"VND",142800,"/Date(1705044416000)/",21800,1000,19241300,418497000000,-150,true,-0.68
"VND",142800,"/Date(1705044415000)/",21800,100,19240300,418475000000,-150,true,-0.68
"VND",142757,"/Date(1705044414000)/",21800,1000,19240200,418473000000,-150,true,-0.68
"VND",142757,"/Date(1705044414000)/",21800,1000,19239200,418451000000,-150,true,-0.68
"VND",142757,"/Date(1705044414000)/",21800,1100,19238200,418429000000,-150,true,-0.68
"VND",142757,"/Date(1705044414000)/",21800,100,19237100,418405000000,-150,true,-0.68
"VND",142757,"/Date(1705044414000)/",21800,100,19237000,418403000000,-150,true,-0.68
"VND",142757,"/Date(1705044414000)/",21800,10000,19236900,418401000000,-150,true,-0.68
"VND",142757,"/Date(1705044414000)/",21800,1400,19226900,418183000000,-150,true,-0.68
"VND",142757,"/Date(1705044414000)/",21800,100,19225500,418152000000,-150,true,-0.68
"VND",142757,"/Date(1705044414000)/",21800,8600,19225400,418150000000,-150,true,-0.68
"VND",142757,"/Date(1705044414000)/",21800,5000,19216800,417962000000,-150,true,-0.68
"VND",142757,"/Date(1705044414000)/",21800,900,19211800,417853000000,-150,true,-0.68
"VND",142757,"/Date(1705044413000)/",21800,5000,19210900,417834000000,-150,true,-0.68
"VND",142757,"/Date(1705044413000)/",21800,500,19205900,417725000000,-150,true,-0.68
"VND",142757,"/Date(1705044413000)/",21800,1500,19205400,417714000000,-150,true,-0.68
"VND",142757,"/Date(1705044412000)/",21800,1000,19203900,417681000000,-150,true,-0.68
"VND",142757,"/Date(1705044412000)/",21800,1300,19202900,417659000000,-150,true,-0.68
"VND",142753,"/Date(1705044411000)/",21750,1000,19201600,417631000000,-200,true,-0.91
"VND",142750,"/Date(1705044406000)/",21800,200,19200600,417609000000,-150,false,-0.68
"VND",142750,"/Date(1705044406000)/",21800,300,19200400,417605000000,-150,false,-0.68
"VND",142750,"/Date(1705044405000)/",21750,100,19200100,417598000000,-200,true,-0.91
"VND",142747,"/Date(1705044404000)/",21800,600,19200000,417596000000,-150,false,-0.68
"VND",142744,"/Date(1705044401000)/",21750,1000,19199400,417583000000,-200,true,-0.91
"VND",142744,"/Date(1705044399000)/",21800,100,19198400,417561000000,-150,false,-0.68
"VND",142744,"/Date(1705044399000)/",21800,700,19198300,417559000000,-150,false,-0.68
"VND",142744,"/Date(1705044399000)/",21800,5300,19197600,417544000000,-150,false,-0.68
"VND",142741,"/Date(1705044398000)/",21800,100,19192300,417428000000,-150,false,-0.68
"VND",142737,"/Date(1705044389000)/",21800,1000,19192200,417426000000,-150,true,-0.68
"VND",142737,"/Date(1705044389000)/",21800,2000,19191200,417404000000,-150,true,-0.68
"VND",142737,"/Date(1705044389000)/",21800,900,19189200,417361000000,-150,true,-0.68
"VND",142737,"/Date(1705044388000)/",21800,200,19188300,417341000000,-150,true,-0.68
"VND",142737,"/Date(1705044385000)/",21800,200,19188100,417337000000,-150,true,-0.68
"VND",142737,"/Date(1705044384000)/",21800,100,19187900,417333000000,-150,true,-0.68
"VND",142734,"/Date(1705044382000)/",21800,1600,19187800,417330000000,-150,true,-0.68
"VND",142734,"/Date(1705044382000)/",21800,300,19186200,417295000000,-150,true,-0.68
"VND",142725,"/Date(1705044381000)/",21800,700,19185900,417289000000,-150,true,-0.68
"VND",142725,"/Date(1705044381000)/",21800,200,19185200,417274000000,-150,true,-0.68
"VND",142725,"/Date(1705044381000)/",21800,500,19185000,417269000000,-150,true,-0.68
"VND",142725,"/Date(1705044381000)/",21800,200,19184500,417258000000,-150,true,-0.68
"VND",142725,"/Date(1705044381000)/",21800,3400,19184300,417254000000,-150,true,-0.68
"VND",142725,"/Date(1705044381000)/",21800,1000,19180900,417180000000,-150,true,-0.68
"VND",142721,"/Date(1705044376000)/",21800,600,19179900,417158000000,-150,true,-0.68
"VND",142721,"/Date(1705044376000)/",21800,1000,19179300,417145000000,-150,true,-0.68
"VND",142721,"/Date(1705044376000)/",21800,400,19178300,417123000000,-150,true,-0.68
"VND",142718,"/Date(1705044375000)/",21800,700,19177900,417115000000,-150,true,-0.68
"VND",142712,"/Date(1705044368000)/",21800,900,19177200,417099000000,-150,true,-0.68
"VND",142712,"/Date(1705044368000)/",21800,200,19176300,417080000000,-150,true,-0.68
"VND",142712,"/Date(1705044368000)/",21800,900,19176100,417075000000,-150,true,-0.68
"VND",142712,"/Date(1705044367000)/",21800,100,19175200,417056000000,-150,true,-0.68
"VND",142709,"/Date(1705044366000)/",21800,500,19175100,417053000000,-150,false,-0.68
"VND",142709,"/Date(1705044365000)/",21800,500,19174600,417043000000,-150,false,-0.68
"VND",142709,"/Date(1705044365000)/",21800,500,19174100,417032000000,-150,false,-0.68
"VND",142709,"/Date(1705044365000)/",21800,100,19173600,417021000000,-150,false,-0.68
"VND",142709,"/Date(1705044365000)/",21800,500,19173500,417019000000,-150,false,-0.68
"VND",142709,"/Date(1705044365000)/",21800,1900,19173000,417008000000,-150,false,-0.68
"VND",142705,"/Date(1705044363000)/",21800,3000,19171100,416966000000,-150,false,-0.68
"VND",142705,"/Date(1705044362000)/",21800,2000,19168100,416901000000,-150,false,-0.68
"VND",142705,"/Date(1705044361000)/",21800,600,19166100,416857000000,-150,false,-0.68
"VND",142705,"/Date(1705044361000)/",21800,100,19165500,416844000000,-150,false,-0.68
"VND",142705,"/Date(1705044360000)/",21800,100,19165400,416842000000,-150,false,-0.68
"VND",142659,"/Date(1705044357000)/",21800,300,19165300,416840000000,-150,false,-0.68
"VND",142659,"/Date(1705044357000)/",21800,700,19165000,416833000000,-150,false,-0.68
"VND",142659,"/Date(1705044355000)/",21800,200,19164300,416818000000,-150,false,-0.68
"VND",142659,"/Date(1705044354000)/",21800,300,19164100,416814000000,-150,false,-0.68
"VND",142659,"/Date(1705044354000)/",21800,100,19163800,416807000000,-150,false,-0.68
"VND",142656,"/Date(1705044354000)/",21800,500,19163700,416805000000,-150,false,-0.68
"VND",142656,"/Date(1705044351000)/",21800,100,19163200,416794000000,-150,false,-0.68
"VND",142656,"/Date(1705044351000)/",21800,600,19163100,416792000000,-150,false,-0.68
"VND",142656,"/Date(1705044351000)/",21800,800,19162500,416779000000,-150,false,-0.68
"VND",142656,"/Date(1705044350000)/",21800,200,19161700,416761000000,-150,false,-0.68
"VND",142656,"/Date(1705044350000)/",21800,500,19161500,416757000000,-150,false,-0.68
"VND",142656,"/Date(1705044350000)/",21800,4300,19161000,416746000000,-150,false,-0.68
"VND",142653,"/Date(1705044349000)/",21800,1000,19156700,416652000000,-150,false,-0.68
"VND",142646,"/Date(1705044341000)/",21800,4700,19155700,416631000000,-150,true,-0.68
"VND",142643,"/Date(1705044340000)/",21800,100,19151000,416528000000,-150,false,-0.68
"VND",142643,"/Date(1705044340000)/",21800,5000,19150900,416526000000,-150,false,-0.68
"VND",142643,"/Date(1705044340000)/",21800,7300,19145900,416417000000,-150,false,-0.68
"VND",142643,"/Date(1705044340000)/",21800,100,19138600,416258000000,-150,false,-0.68
"VND",142643,"/Date(1705044340000)/",21800,10000,19138500,416256000000,-150,false,-0.68
"VND",142643,"/Date(1705044340000)/",21800,3500,19128500,416038000000,-150,false,-0.68
"VND",142643,"/Date(1705044340000)/",21800,1000,19125000,415961000000,-150,false,-0.68
"VND",142643,"/Date(1705044340000)/",21800,7600,19124000,415939000000,-150,false,-0.68
"VND",142643,"/Date(1705044340000)/",21800,3500,19116400,415774000000,-150,false,-0.68
"VND",142643,"/Date(1705044340000)/",21800,4400,19112900,415698000000,-150,false,-0.68
"VND",142643,"/Date(1705044340000)/",21800,100,19108500,415602000000,-150,false,-0.68
"VND",142643,"/Date(1705044340000)/",21800,500,19108400,415599000000,-150,false,-0.68
"VND",142643,"/Date(1705044340000)/",21800,100,19107900,415589000000,-150,false,-0.68
"VND",142643,"/Date(1705044340000)/",21800,500,19107800,415586000000,-150,false,-0.68
"VND",142643,"/Date(1705044340000)/",21800,300,19107300,415575000000,-150,false,-0.68
"VND",142643,"/Date(1705044340000)/",21800,1000,19107000,415569000000,-150,false,-0.68
"VND",142643,"/Date(1705044340000)/",21800,3000,19106000,415547000000,-150,false,-0.68
"VND",142643,"/Date(1705044340000)/",21800,100,19103000,415482000000,-150,false,-0.68
"VND",142643,"/Date(1705044340000)/",21800,2500,19102900,415480000000,-150,false,-0.68
"VND",142643,"/Date(1705044340000)/",21800,2000,19100400,415425000000,-150,false,-0.68
"VND",142643,"/Date(1705044340000)/",21800,200,19098400,415381000000,-150,false,-0.68
"VND",142643,"/Date(1705044340000)/",21800,500,19098200,415377000000,-150,false,-0.68
"VND",142643,"/Date(1705044340000)/",21800,3000,19097700,415366000000,-150,false,-0.68
"VND",142643,"/Date(1705044340000)/",21800,800,19094700,415301000000,-150,false,-0.68
"VND",142643,"/Date(1705044340000)/",21800,500,19093900,415283000000,-150,false,-0.68
"VND",142643,"/Date(1705044340000)/",21800,700,19093400,415272000000,-150,false,-0.68
"VND",142643,"/Date(1705044340000)/",21800,2000,19092700,415257000000,-150,false,-0.68
"VND",142643,"/Date(1705044340000)/",21800,100,19090700,415214000000,-150,false,-0.68
"VND",142643,"/Date(1705044340000)/",21800,800,19090600,415211000000,-150,false,-0.68
"VND",142643,"/Date(1705044340000)/",21800,1000,19089800,415194000000,-150,false,-0.68
"VND",142643,"/Date(1705044340000)/",21800,2000,19088800,415172000000,-150,false,-0.68
"VND",142643,"/Date(1705044340000)/",21800,100,19086800,415129000000,-150,false,-0.68
"VND",142643,"/Date(1705044340000)/",21800,1000,19086700,415126000000,-150,false,-0.68
"VND",142643,"/Date(1705044340000)/",21800,100,19085700,415105000000,-150,false,-0.68
"VND",142643,"/Date(1705044340000)/",21800,100,19085600,415102000000,-150,false,-0.68
"VND",142643,"/Date(1705044340000)/",21800,9500,19085500,415100000000,-150,false,-0.68
"VND",142643,"/Date(1705044340000)/",21800,500,19076000,414893000000,-150,false,-0.68
"VND",142643,"/Date(1705044340000)/",21800,2000,19075500,414882000000,-150,false,-0.68
"VND",142643,"/Date(1705044340000)/",21800,2000,19073500,414839000000,-150,false,-0.68
"VND",142643,"/Date(1705044340000)/",21800,17800,19071500,414795000000,-150,false,-0.68
"VND",142643,"/Date(1705044340000)/",21750,2800,19053700,414407000000,-200,true,-0.91
"VND",142643,"/Date(1705044340000)/",21750,400,19050900,414346000000,-200,true,-0.91
"VND",142643,"/Date(1705044340000)/",21750,300,19050500,414337000000,-200,true,-0.91
"VND",142643,"/Date(1705044339000)/",21800,200,19050200,414331000000,-150,false,-0.68
"VND",142643,"/Date(1705044339000)/",21800,500,19050000,414326000000,-150,false,-0.68
"VND",142640,"/Date(1705044336000)/",21800,100,19049500,414316000000,-150,false,-0.68
"VND",142640,"/Date(1705044334000)/",21750,700,19049400,414313000000,-200,true,-0.91
"VND",142640,"/Date(1705044334000)/",21750,4300,19048700,414298000000,-200,true,-0.91
"VND",142637,"/Date(1705044334000)/",21750,400,19044400,414205000000,-200,true,-0.91
"VND",142633,"/Date(1705044331000)/",21800,3500,19044000,414196000000,-150,false,-0.68
"VND",142633,"/Date(1705044329000)/",21750,200,19040500,414120000000,-200,true,-0.91
"VND",142627,"/Date(1705044323000)/",21800,100,19040300,414115000000,-150,false,-0.68
"VND",142624,"/Date(1705044321000)/",21800,100,19040200,414113000000,-150,false,-0.68
"VND",142624,"/Date(1705044320000)/",21800,1400,19040100,414111000000,-150,false,-0.68
"VND",142624,"/Date(1705044320000)/",21800,500,19038700,414080000000,-150,false,-0.68
"VND",142624,"/Date(1705044320000)/",21800,100,19038200,414070000000,-150,false,-0.68
"VND",142624,"/Date(1705044320000)/",21800,1000,19038100,414067000000,-150,false,-0.68
"VND",142624,"/Date(1705044320000)/",21800,500,19037100,414046000000,-150,false,-0.68
"VND",142624,"/Date(1705044320000)/",21800,3000,19036600,414035000000,-150,false,-0.68
"VND",142624,"/Date(1705044320000)/",21800,1000,19033600,413969000000,-150,false,-0.68
"VND",142621,"/Date(1705044315000)/",21750,100,19032600,413947000000,-200,true,-0.91
"VND",142621,"/Date(1705044315000)/",21750,1000,19032500,413945000000,-200,true,-0.91
"VND",142621,"/Date(1705044315000)/",21750,1000,19031500,413924000000,-200,true,-0.91
"VND",142621,"/Date(1705044315000)/",21750,2000,19030500,413902000000,-200,true,-0.91
"VND",142614,"/Date(1705044311000)/",21750,500,19028500,413858000000,-200,true,-0.91
"VND",142614,"/Date(1705044311000)/",21750,800,19028000,413847000000,-200,true,-0.91
"VND",142614,"/Date(1705044311000)/",21750,500,19027200,413830000000,-200,true,-0.91
"VND",142614,"/Date(1705044311000)/",21750,1000,19026700,413819000000,-200,true,-0.91
"VND",142614,"/Date(1705044311000)/",21750,500,19025700,413797000000,-200,true,-0.91
"VND",142614,"/Date(1705044311000)/",21750,100,19025200,413786000000,-200,true,-0.91
"VND",142614,"/Date(1705044311000)/",21750,500,19025100,413784000000,-200,true,-0.91
"VND",142614,"/Date(1705044311000)/",21750,300,19024600,413773000000,-200,true,-0.91
"VND",142614,"/Date(1705044311000)/",21750,800,19024300,413767000000,-200,true,-0.91
"VND",142611,"/Date(1705044307000)/",21800,1000,19023500,413750000000,-150,false,-0.68
"VND",142611,"/Date(1705044307000)/",21800,500,19022500,413728000000,-150,false,-0.68
"VND",142605,"/Date(1705044302000)/",21750,200,19022000,413717000000,-200,true,-0.91
"VND",142601,"/Date(1705044299000)/",21750,300,19021800,413712000000,-200,true,-0.91
"VND",142558,"/Date(1705044296000)/",21750,2100,19021500,413706000000,-200,true,-0.91
"VND",142558,"/Date(1705044294000)/",21800,200,19019400,413660000000,-150,false,-0.68
"VND",142558,"/Date(1705044293000)/",21800,300,19019200,413656000000,-150,false,-0.68
"VND",142558,"/Date(1705044293000)/",21800,200,19018900,413649000000,-150,false,-0.68
"VND",142555,"/Date(1705044292000)/",21800,500,19018700,413645000000,-150,false,-0.68
"VND",142552,"/Date(1705044290000)/",21800,300,19018200,413634000000,-150,false,-0.68
"VND",142552,"/Date(1705044290000)/",21800,200,19017900,413628000000,-150,false,-0.68
"VND",142552,"/Date(1705044287000)/",21800,3000,19017700,413623000000,-150,false,-0.68
"VND",142549,"/Date(1705044285000)/",21800,100,19014700,413558000000,-150,false,-0.68
"VND",142549,"/Date(1705044285000)/",21800,500,19014600,413556000000,-150,false,-0.68
"VND",142549,"/Date(1705044284000)/",21800,500,19014100,413545000000,-150,false,-0.68
"VND",142545,"/Date(1705044283000)/",21800,700,19013600,413534000000,-150,false,-0.68
"VND",142545,"/Date(1705044283000)/",21800,300,19012900,413519000000,-150,false,-0.68
"VND",142545,"/Date(1705044282000)/",21800,200,19012600,413512000000,-150,false,-0.68
"VND",142545,"/Date(1705044281000)/",21800,100,19012400,413508000000,-150,false,-0.68
"VND",142539,"/Date(1705044277000)/",21800,2000,19012300,413505000000,-150,false,-0.68
"VND",142539,"/Date(1705044275000)/",21800,1000,19010300,413462000000,-150,false,-0.68
"VND",142539,"/Date(1705044274000)/",21800,1000,19009300,413440000000,-150,false,-0.68
"VND",142533,"/Date(1705044267000)/",21800,100,19008300,413418000000,-150,false,-0.68
"VND",142529,"/Date(1705044265000)/",21800,100,19008200,413416000000,-150,false,-0.68
"VND",142523,"/Date(1705044260000)/",21800,300,19008100,413414000000,-150,false,-0.68
"VND",142520,"/Date(1705044256000)/",21800,500,19007800,413407000000,-150,false,-0.68
"VND",142517,"/Date(1705044254000)/",21800,2000,19007300,413396000000,-150,false,-0.68
"VND",142513,"/Date(1705044251000)/",21800,500,19005300,413353000000,-150,false,-0.68
"VND",142513,"/Date(1705044249000)/",21750,100,19004800,413342000000,-200,true,-0.91
"VND",142510,"/Date(1705044246000)/",21800,500,19004700,413340000000,-150,false,-0.68
"VND",142507,"/Date(1705044245000)/",21750,5000,19004200,413329000000,-200,true,-0.91
"VND",142507,"/Date(1705044243000)/",21800,900,18999200,413220000000,-150,false,-0.68
"VND",142507,"/Date(1705044242000)/",21750,11500,18998300,413201000000,-200,true,-0.91
"VND",142507,"/Date(1705044242000)/",21750,500,18986800,412950000000,-200,true,-0.91
"VND",142507,"/Date(1705044242000)/",21750,3000,18986300,412940000000,-200,true,-0.91
"VND",142507,"/Date(1705044242000)/",21750,500,18983300,412874000000,-200,true,-0.91
"VND",142507,"/Date(1705044242000)/",21750,500,18982800,412863000000,-200,true,-0.91
"VND",142507,"/Date(1705044242000)/",21750,500,18982300,412853000000,-200,true,-0.91
"VND",142507,"/Date(1705044242000)/",21750,2000,18981800,412842000000,-200,true,-0.91
"VND",142507,"/Date(1705044242000)/",21750,2000,18979800,412798000000,-200,true,-0.91
"VND",142507,"/Date(1705044242000)/",21750,100,18977800,412755000000,-200,true,-0.91
"VND",142507,"/Date(1705044242000)/",21750,1000,18977700,412752000000,-200,true,-0.91
"VND",142507,"/Date(1705044242000)/",21750,2400,18976700,412731000000,-200,true,-0.91
"VND",142504,"/Date(1705044240000)/",21750,1000,18974300,412679000000,-200,true,-0.91
"VND",142457,"/Date(1705044233000)/",21750,1000,18973300,412657000000,-200,true,-0.91
"VND",142451,"/Date(1705044226000)/",21750,1500,18972300,412635000000,-200,true,-0.91
"VND",142448,"/Date(1705044223000)/",21800,500,18970800,412602000000,-150,false,-0.68
"VND",142448,"/Date(1705044223000)/",21800,400,18970300,412592000000,-150,false,-0.68
"VND",142448,"/Date(1705044223000)/",21800,100,18969900,412583000000,-150,false,-0.68
"VND",142441,"/Date(1705044219000)/",21750,600,18969800,412581000000,-200,true,-0.91
"VND",142438,"/Date(1705044213000)/",21750,1000,18969200,412568000000,-200,true,-0.91
"VND",142422,"/Date(1705044198000)/",21750,500,18968200,412546000000,-200,true,-0.91
"VND",142419,"/Date(1705044194000)/",21750,1000,18967700,412535000000,-200,false,-0.91
"VND",142419,"/Date(1705044194000)/",21750,1000,18966700,412513000000,-200,false,-0.91
"VND",142416,"/Date(1705044194000)/",21750,500,18965700,412491000000,-200,false,-0.91
"VND",142416,"/Date(1705044192000)/",21750,1500,18965200,412481000000,-200,false,-0.91
"VND",142413,"/Date(1705044189000)/",21750,200,18963700,412448000000,-200,false,-0.91
"VND",142413,"/Date(1705044189000)/",21750,200,18963500,412444000000,-200,false,-0.91
"VND",142413,"/Date(1705044188000)/",21750,1000,18963300,412439000000,-200,false,-0.91
"VND",142413,"/Date(1705044188000)/",21750,1100,18962300,412417000000,-200,false,-0.91
"VND",142410,"/Date(1705044187000)/",21750,6000,18961200,412394000000,-200,false,-0.91
"VND",142410,"/Date(1705044187000)/",21750,10200,18955200,412263000000,-200,false,-0.91
"VND",142410,"/Date(1705044186000)/",21750,300,18945000,412041000000,-200,false,-0.91
"VND",142410,"/Date(1705044184000)/",21750,5000,18944700,412035000000,-200,false,-0.91
"VND",142406,"/Date(1705044183000)/",21750,15000,18939700,411926000000,-200,false,-0.91
"VND",142406,"/Date(1705044183000)/",21700,5000,18924700,411600000000,-250,true,-1.14
"VND",142406,"/Date(1705044183000)/",21750,1000,18919700,411491000000,-200,false,-0.91
"VND",142406,"/Date(1705044182000)/",21750,500,18918700,411469000000,-200,false,-0.91
"VND",142406,"/Date(1705044182000)/",21750,1500,18918200,411459000000,-200,false,-0.91
"VND",142403,"/Date(1705044179000)/",21750,100,18916700,411426000000,-200,false,-0.91
"VND",142400,"/Date(1705044177000)/",21750,1400,18916600,411424000000,-200,false,-0.91
"VND",142400,"/Date(1705044177000)/",21750,200,18915200,411393000000,-200,false,-0.91
"VND",142400,"/Date(1705044177000)/",21750,2000,18915000,411389000000,-200,false,-0.91
"VND",142400,"/Date(1705044177000)/",21750,1500,18913000,411345000000,-200,false,-0.91
"VND",142400,"/Date(1705044177000)/",21750,4900,18911500,411313000000,-200,false,-0.91
"VND",142400,"/Date(1705044176000)/",21750,100,18906600,411206000000,-200,false,-0.91
"VND",142400,"/Date(1705044176000)/",21750,400,18906500,411204000000,-200,false,-0.91
"VND",142357,"/Date(1705044173000)/",21700,1500,18906100,411195000000,-250,true,-1.14
"VND",142357,"/Date(1705044172000)/",21750,200,18904600,411163000000,-200,false,-0.91
"VND",142357,"/Date(1705044172000)/",21750,500,18904400,411158000000,-200,false,-0.91
"VND",142357,"/Date(1705044172000)/",21750,1900,18903900,411148000000,-200,false,-0.91
"VND",142357,"/Date(1705044172000)/",21750,1100,18902000,411106000000,-200,false,-0.91
"VND",142353,"/Date(1705044169000)/",21750,2000,18900900,411082000000,-200,false,-0.91
"VND",142353,"/Date(1705044169000)/",21750,3000,18898900,411039000000,-200,false,-0.91
"VND",142350,"/Date(1705044166000)/",21750,1000,18895900,410974000000,-200,false,-0.91
"VND",142347,"/Date(1705044164000)/",21750,1000,18894900,410952000000,-200,false,-0.91
"VND",142347,"/Date(1705044163000)/",21750,500,18893900,410930000000,-200,false,-0.91
"VND",142347,"/Date(1705044163000)/",21750,1900,18893400,410919000000,-200,false,-0.91
"VND",142344,"/Date(1705044162000)/",21750,1000,18891500,410878000000,-200,false,-0.91
"VND",142344,"/Date(1705044161000)/",21750,1000,18890500,410856000000,-200,false,-0.91
"VND",142344,"/Date(1705044161000)/",21750,2000,18889500,410834000000,-200,false,-0.91
"VND",142344,"/Date(1705044160000)/",21750,1000,18887500,410791000000,-200,false,-0.91
"VND",142344,"/Date(1705044160000)/",21750,200,18886500,410769000000,-200,false,-0.91
"VND",142344,"/Date(1705044159000)/",21750,900,18886300,410765000000,-200,false,-0.91
"VND",142344,"/Date(1705044159000)/",21750,9200,18885400,410745000000,-200,false,-0.91
"VND",142344,"/Date(1705044159000)/",21750,400,18876200,410545000000,-200,false,-0.91
"VND",142341,"/Date(1705044157000)/",21750,2700,18875800,410536000000,-200,false,-0.91
"VND",142331,"/Date(1705044147000)/",21750,100,18873100,410478000000,-200,true,-0.91
"VND",142331,"/Date(1705044147000)/",21750,500,18873000,410476000000,-200,true,-0.91
"VND",142331,"/Date(1705044146000)/",21750,3000,18872500,410465000000,-200,true,-0.91
"VND",142331,"/Date(1705044146000)/",21750,900,18869500,410399000000,-200,true,-0.91
"VND",142331,"/Date(1705044146000)/",21750,100,18868600,410380000000,-200,true,-0.91
"VND",142331,"/Date(1705044146000)/",21750,1300,18868500,410378000000,-200,true,-0.91
"VND",142328,"/Date(1705044145000)/",21750,500,18867200,410349000000,-200,true,-0.91
"VND",142325,"/Date(1705044142000)/",21750,3000,18866700,410339000000,-200,false,-0.91
"VND",142325,"/Date(1705044142000)/",21750,100,18863700,410273000000,-200,false,-0.91
"VND",142325,"/Date(1705044142000)/",21750,100,18863600,410271000000,-200,false,-0.91
"VND",142325,"/Date(1705044142000)/",21750,1000,18863500,410269000000,-200,false,-0.91
"VND",142325,"/Date(1705044142000)/",21700,300,18862500,410247000000,-250,true,-1.14
"VND",142325,"/Date(1705044140000)/",21750,900,18862200,410241000000,-200,false,-0.91
"VND",142325,"/Date(1705044140000)/",21750,1100,18861300,410221000000,-200,false,-0.91
"VND",142321,"/Date(1705044137000)/",21700,200,18860200,410197000000,-250,true,-1.14
"VND",142318,"/Date(1705044136000)/",21750,900,18860000,410193000000,-200,false,-0.91
"VND",142318,"/Date(1705044136000)/",21750,100,18859100,410173000000,-200,false,-0.91
"VND",142318,"/Date(1705044135000)/",21750,300,18859000,410171000000,-200,false,-0.91
"VND",142318,"/Date(1705044135000)/",21750,500,18858700,410165000000,-200,false,-0.91
"VND",142318,"/Date(1705044135000)/",21750,1600,18858200,410154000000,-200,false,-0.91
"VND",142318,"/Date(1705044135000)/",21750,500,18856600,410119000000,-200,false,-0.91
"VND",142318,"/Date(1705044135000)/",21750,100,18856100,410108000000,-200,false,-0.91
"VND",142318,"/Date(1705044134000)/",21750,400,18856000,410106000000,-200,false,-0.91
"VND",142318,"/Date(1705044134000)/",21750,100,18855600,410097000000,-200,false,-0.91
"VND",142318,"/Date(1705044134000)/",21750,200,18855500,410095000000,-200,false,-0.91
"VND",142318,"/Date(1705044134000)/",21750,300,18855300,410091000000,-200,false,-0.91
"VND",142318,"/Date(1705044133000)/",21750,500,18855000,410084000000,-200,false,-0.91
"VND",142315,"/Date(1705044131000)/",21750,700,18854500,410073000000,-200,false,-0.91
"VND",142315,"/Date(1705044131000)/",21750,300,18853800,410058000000,-200,false,-0.91
"VND",142315,"/Date(1705044131000)/",21700,7200,18853500,410051000000,-250,true,-1.14
"VND",142315,"/Date(1705044130000)/",21700,500,18846300,409895000000,-250,true,-1.14
"VND",142312,"/Date(1705044129000)/",21750,500,18845800,409884000000,-200,false,-0.91
"VND",142309,"/Date(1705044126000)/",21750,500,18845300,409873000000,-200,false,-0.91
"VND",142309,"/Date(1705044124000)/",21750,300,18844800,409863000000,-200,false,-0.91
"VND",142309,"/Date(1705044123000)/",21750,5000,18844500,409856000000,-200,false,-0.91
"VND",142305,"/Date(1705044123000)/",21750,1600,18839500,409747000000,-200,false,-0.91
"VND",142305,"/Date(1705044121000)/",21750,8600,18837900,409713000000,-200,false,-0.91
"VND",142305,"/Date(1705044121000)/",21750,500,18829300,409525000000,-200,false,-0.91
"VND",142305,"/Date(1705044121000)/",21750,100,18828800,409515000000,-200,false,-0.91
"VND",142305,"/Date(1705044121000)/",21750,200,18828700,409512000000,-200,false,-0.91
"VND",142305,"/Date(1705044121000)/",21750,2000,18828500,409508000000,-200,false,-0.91
"VND",142305,"/Date(1705044121000)/",21750,1000,18826500,409465000000,-200,false,-0.91
"VND",142305,"/Date(1705044121000)/",21750,500,18825500,409443000000,-200,false,-0.91
"VND",142305,"/Date(1705044121000)/",21750,4000,18825000,409432000000,-200,false,-0.91
"VND",142305,"/Date(1705044121000)/",21750,3100,18821000,409345000000,-200,false,-0.91
"VND",142305,"/Date(1705044120000)/",21700,500,18817900,409278000000,-250,true,-1.14
"VND",142256,"/Date(1705044111000)/",21700,100,18817400,409267000000,-250,true,-1.14
"VND",142253,"/Date(1705044110000)/",21700,1000,18817300,409264000000,-250,false,-1.14
"VND",142253,"/Date(1705044108000)/",21700,500,18816300,409243000000,-250,false,-1.14
"VND",142253,"/Date(1705044108000)/",21700,3000,18815800,409232000000,-250,false,-1.14
"VND",142253,"/Date(1705044108000)/",21700,100,18812800,409167000000,-250,false,-1.14
"VND",142249,"/Date(1705044106000)/",21700,2000,18812700,409165000000,-250,false,-1.14
"VND",142249,"/Date(1705044106000)/",21700,900,18810700,409121000000,-250,false,-1.14
"VND",142249,"/Date(1705044106000)/",21700,100,18809800,409102000000,-250,false,-1.14
"VND",142249,"/Date(1705044106000)/",21700,100,18809700,409100000000,-250,false,-1.14
"VND",142249,"/Date(1705044105000)/",21700,100,18809600,409097000000,-250,false,-1.14
"VND",142249,"/Date(1705044105000)/",21700,1000,18809500,409095000000,-250,false,-1.14
"VND",142249,"/Date(1705044104000)/",21700,3000,18808500,409074000000,-250,false,-1.14
"VND",142246,"/Date(1705044104000)/",21700,400,18805500,409008000000,-250,false,-1.14
"VND",142246,"/Date(1705044104000)/",21700,100,18805100,409000000000,-250,false,-1.14
"VND",142246,"/Date(1705044103000)/",21700,1100,18805000,408998000000,-250,false,-1.14
"VND",142246,"/Date(1705044103000)/",21700,1500,18803900,408974000000,-250,false,-1.14
"VND",142246,"/Date(1705044103000)/",21700,3500,18802400,408941000000,-250,false,-1.14
"VND",142246,"/Date(1705044102000)/",21700,600,18798900,408865000000,-250,false,-1.14
"VND",142246,"/Date(1705044102000)/",21700,500,18798300,408852000000,-250,false,-1.14
"VND",142246,"/Date(1705044102000)/",21700,100,18797800,408841000000,-250,false,-1.14
"VND",142246,"/Date(1705044102000)/",21700,500,18797700,408839000000,-250,false,-1.14
"VND",142246,"/Date(1705044101000)/",21700,500,18797200,408828000000,-250,false,-1.14
"VND",142246,"/Date(1705044101000)/",21700,500,18796700,408817000000,-250,false,-1.14
"VND",142243,"/Date(1705044101000)/",21700,1700,18796200,408807000000,-250,false,-1.14
"VND",142243,"/Date(1705044101000)/",21700,300,18794500,408770000000,-250,false,-1.14
"VND",142243,"/Date(1705044101000)/",21700,1000,18794200,408763000000,-250,false,-1.14
"VND",142243,"/Date(1705044101000)/",21700,1000,18793200,408742000000,-250,false,-1.14
"VND",142243,"/Date(1705044101000)/",21700,400,18792200,408720000000,-250,false,-1.14
"VND",142243,"/Date(1705044101000)/",21700,5000,18791800,408711000000,-250,false,-1.14
"VND",142243,"/Date(1705044101000)/",21700,2000,18786800,408603000000,-250,false,-1.14
"VND",142243,"/Date(1705044101000)/",21700,3000,18784800,408559000000,-250,false,-1.14
"VND",142243,"/Date(1705044101000)/",21700,3000,18781800,408494000000,-250,false,-1.14
"VND",142243,"/Date(1705044101000)/",21700,400,18778800,408429000000,-250,false,-1.14
"VND",142243,"/Date(1705044101000)/",21700,200,18778400,408420000000,-250,false,-1.14
"VND",142243,"/Date(1705044101000)/",21700,900,18778200,408416000000,-250,false,-1.14
"VND",142243,"/Date(1705044101000)/",21700,500,18777300,408396000000,-250,false,-1.14
"VND",142243,"/Date(1705044101000)/",21700,600,18776800,408386000000,-250,false,-1.14
"VND",142243,"/Date(1705044100000)/",21700,100,18776200,408373000000,-250,false,-1.14
"VND",142243,"/Date(1705044100000)/",21700,500,18776100,408370000000,-250,false,-1.14
"VND",142243,"/Date(1705044100000)/",21700,500,18775600,408360000000,-250,false,-1.14
"VND",142243,"/Date(1705044100000)/",21700,300,18775100,408349000000,-250,false,-1.14
"VND",142243,"/Date(1705044100000)/",21700,200,18774800,408342000000,-250,false,-1.14
"VND",142243,"/Date(1705044099000)/",21700,200,18774600,408338000000,-250,false,-1.14
"VND",142243,"/Date(1705044099000)/",21700,100,18774400,408334000000,-250,false,-1.14
"VND",142240,"/Date(1705044098000)/",21700,2700,18774300,408331000000,-250,false,-1.14
"VND",142240,"/Date(1705044098000)/",21700,2500,18771600,408273000000,-250,false,-1.14
"VND",142240,"/Date(1705044098000)/",21700,20500,18769100,408219000000,-250,false,-1.14
"VND",142240,"/Date(1705044097000)/",21700,100,18748600,407774000000,-250,false,-1.14
"VND",142240,"/Date(1705044096000)/",21700,1000,18748500,407772000000,-250,false,-1.14
"VND",142240,"/Date(1705044096000)/",21700,100,18747500,407750000000,-250,false,-1.14
"VND",142240,"/Date(1705044095000)/",21700,1000,18747400,407748000000,-250,false,-1.14
"VND",142240,"/Date(1705044095000)/",21700,1000,18746400,407726000000,-250,false,-1.14
"VND",142237,"/Date(1705044093000)/",21700,500,18745400,407704000000,-250,false,-1.14
"VND",142237,"/Date(1705044092000)/",21700,1000,18744900,407693000000,-250,false,-1.14
"VND",142237,"/Date(1705044092000)/",21700,100,18743900,407672000000,-250,false,-1.14
"VND",142237,"/Date(1705044092000)/",21700,200,18743800,407670000000,-250,false,-1.14
"VND",142237,"/Date(1705044091000)/",21700,9400,18743600,407665000000,-250,false,-1.14
"VND",142237,"/Date(1705044091000)/",21700,100,18734200,407461000000,-250,false,-1.14
"VND",142233,"/Date(1705044091000)/",21700,11900,18734100,407459000000,-250,false,-1.14
"VND",142233,"/Date(1705044090000)/",21700,5000,18722200,407201000000,-250,false,-1.14
"VND",142233,"/Date(1705044090000)/",21700,1000,18717200,407092000000,-250,false,-1.14
"VND",142233,"/Date(1705044089000)/",21700,5000,18716200,407071000000,-250,false,-1.14
"VND",142233,"/Date(1705044089000)/",21650,500,18711200,406962000000,-300,true,-1.37
"VND",142233,"/Date(1705044088000)/",21700,1000,18710700,406951000000,-250,false,-1.14
"VND",142230,"/Date(1705044085000)/",21700,68900,18709700,406930000000,-250,false,-1.14
"VND",142230,"/Date(1705044085000)/",21700,900,18640800,405434000000,-250,false,-1.14
"VND",142227,"/Date(1705044085000)/",21700,100,18639900,405415000000,-250,false,-1.14
"VND",142227,"/Date(1705044084000)/",21700,100,18639800,405413000000,-250,false,-1.14
"VND",142227,"/Date(1705044084000)/",21700,500,18639700,405411000000,-250,false,-1.14
"VND",142227,"/Date(1705044082000)/",21650,100,18639200,405400000000,-300,true,-1.37
"VND",142224,"/Date(1705044079000)/",21650,7500,18639100,405398000000,-300,true,-1.37
"VND",142217,"/Date(1705044074000)/",21700,1000,18631600,405235000000,-250,false,-1.14
"VND",142217,"/Date(1705044073000)/",21700,5000,18630600,405214000000,-250,false,-1.14
"VND",142217,"/Date(1705044072000)/",21700,100,18625600,405105000000,-250,false,-1.14
"VND",142214,"/Date(1705044072000)/",21700,300,18625500,405103000000,-250,false,-1.14
"VND",142214,"/Date(1705044071000)/",21700,100,18625200,405096000000,-250,false,-1.14
"VND",142214,"/Date(1705044069000)/",21700,1000,18625100,405094000000,-250,false,-1.14
"VND",142211,"/Date(1705044068000)/",21700,3000,18624100,405072000000,-250,false,-1.14
"VND",142211,"/Date(1705044068000)/",21700,1000,18621100,405007000000,-250,false,-1.14
"VND",142208,"/Date(1705044064000)/",21700,100,18620100,404986000000,-250,false,-1.14
"VND",142205,"/Date(1705044060000)/",21700,1000,18620000,404983000000,-250,false,-1.14
"VND",142205,"/Date(1705044059000)/",21650,400,18619000,404962000000,-300,true,-1.37
"VND",142201,"/Date(1705044059000)/",21700,10800,18618600,404953000000,-250,false,-1.14
"VND",142201,"/Date(1705044059000)/",21700,500,18607800,404719000000,-250,false,-1.14
"VND",142201,"/Date(1705044059000)/",21700,2000,18607300,404708000000,-250,false,-1.14
"VND",142201,"/Date(1705044059000)/",21700,700,18605300,404665000000,-250,false,-1.14
"VND",142201,"/Date(1705044059000)/",21700,1000,18604600,404649000000,-250,false,-1.14
"VND",142201,"/Date(1705044059000)/",21700,100,18603600,404628000000,-250,false,-1.14
"VND",142201,"/Date(1705044059000)/",21700,1000,18603500,404625000000,-250,false,-1.14
"VND",142201,"/Date(1705044059000)/",21700,500,18602500,404604000000,-250,false,-1.14
"VND",142201,"/Date(1705044059000)/",21700,2000,18602000,404593000000,-250,false,-1.14
"VND",142201,"/Date(1705044059000)/",21700,50000,18600000,404550000000,-250,false,-1.14
"VND",142201,"/Date(1705044059000)/",21700,1200,18550000,403465000000,-250,false,-1.14
"VND",142201,"/Date(1705044059000)/",21700,5000,18548800,403438000000,-250,false,-1.14
"VND",142201,"/Date(1705044059000)/",21700,3000,18543800,403330000000,-250,false,-1.14
"VND",142201,"/Date(1705044059000)/",21700,10000,18540800,403265000000,-250,false,-1.14
"VND",142201,"/Date(1705044059000)/",21700,6000,18530800,403048000000,-250,false,-1.14
"VND",142201,"/Date(1705044059000)/",21700,6200,18524800,402918000000,-250,false,-1.14
"VND",142201,"/Date(1705044057000)/",21650,10000,18518600,402783000000,-300,true,-1.37
"VND",142158,"/Date(1705044053000)/",21700,100,18508600,402567000000,-250,false,-1.14
"VND",142152,"/Date(1705044050000)/",21650,7500,18508500,402564000000,-300,true,-1.37
"VND",142152,"/Date(1705044049000)/",21700,200,18501000,402402000000,-250,false,-1.14
"VND",142152,"/Date(1705044048000)/",21650,1000,18500800,402398000000,-300,true,-1.37
"VND",142152,"/Date(1705044047000)/",21650,5000,18499800,402376000000,-300,true,-1.37
"VND",142145,"/Date(1705044042000)/",21650,5000,18494800,402268000000,-300,true,-1.37
"VND",142145,"/Date(1705044042000)/",21650,100,18489800,402160000000,-300,true,-1.37
"VND",142145,"/Date(1705044042000)/",21650,1500,18489700,402157000000,-300,true,-1.37
"VND",142145,"/Date(1705044042000)/",21650,2000,18488200,402125000000,-300,true,-1.37
"VND",142145,"/Date(1705044042000)/",21650,200,18486200,402082000000,-300,true,-1.37
"VND",142145,"/Date(1705044042000)/",21650,500,18486000,402077000000,-300,true,-1.37
"VND",142145,"/Date(1705044042000)/",21650,500,18485500,402067000000,-300,true,-1.37
"VND",142145,"/Date(1705044042000)/",21650,9400,18485000,402056000000,-300,true,-1.37
"VND",142145,"/Date(1705044042000)/",21650,1000,18475600,401852000000,-300,true,-1.37
"VND",142145,"/Date(1705044042000)/",21650,5000,18474600,401831000000,-300,true,-1.37
"VND",142145,"/Date(1705044042000)/",21650,1000,18469600,401722000000,-300,true,-1.37
"VND",142145,"/Date(1705044042000)/",21650,100,18468600,401701000000,-300,true,-1.37
"VND",142145,"/Date(1705044042000)/",21650,1000,18468500,401698000000,-300,true,-1.37
"VND",142145,"/Date(1705044042000)/",21650,100,18467500,401677000000,-300,true,-1.37
"VND",142145,"/Date(1705044042000)/",21650,500,18467400,401675000000,-300,true,-1.37
"VND",142145,"/Date(1705044042000)/",21650,700,18466900,401664000000,-300,true,-1.37
"VND",142145,"/Date(1705044042000)/",21650,100,18466200,401649000000,-300,true,-1.37
"VND",142145,"/Date(1705044042000)/",21650,300,18466100,401646000000,-300,true,-1.37
"VND",142145,"/Date(1705044042000)/",21650,2000,18465800,401640000000,-300,true,-1.37
"VND",142145,"/Date(1705044042000)/",21650,600,18463800,401597000000,-300,true,-1.37
"VND",142145,"/Date(1705044042000)/",21650,500,18463200,401584000000,-300,true,-1.37
"VND",142145,"/Date(1705044042000)/",21650,1000,18462700,401573000000,-300,true,-1.37
"VND",142145,"/Date(1705044042000)/",21650,500,18461700,401551000000,-300,true,-1.37
"VND",142145,"/Date(1705044042000)/",21650,400,18461200,401540000000,-300,true,-1.37
"VND",142145,"/Date(1705044042000)/",21650,100,18460800,401532000000,-300,true,-1.37
"VND",142145,"/Date(1705044042000)/",21650,3000,18460700,401530000000,-300,true,-1.37
"VND",142145,"/Date(1705044042000)/",21650,400,18457700,401465000000,-300,true,-1.37
"VND",142145,"/Date(1705044042000)/",21650,1000,18457300,401456000000,-300,true,-1.37
"VND",142145,"/Date(1705044042000)/",21650,1500,18456300,401434000000,-300,true,-1.37
"VND",142145,"/Date(1705044042000)/",21700,1000,18454800,401402000000,-250,false,-1.14
"VND",142142,"/Date(1705044040000)/",21650,3500,18453800,401380000000,-300,true,-1.37
"VND",142142,"/Date(1705044040000)/",21650,1100,18450300,401304000000,-300,true,-1.37
"VND",142142,"/Date(1705044040000)/",21650,300,18449200,401281000000,-300,true,-1.37
"VND",142142,"/Date(1705044040000)/",21650,1100,18448900,401274000000,-300,true,-1.37
"VND",142142,"/Date(1705044039000)/",21650,1000,18447800,401250000000,-300,true,-1.37
"VND",142142,"/Date(1705044038000)/",21650,200,18446800,401229000000,-300,true,-1.37
"VND",142129,"/Date(1705044027000)/",21650,4500,18446600,401224000000,-300,true,-1.37
"VND",142129,"/Date(1705044027000)/",21650,900,18442100,401127000000,-300,true,-1.37
"VND",142129,"/Date(1705044026000)/",21650,200,18441200,401107000000,-300,true,-1.37
"VND",142126,"/Date(1705044024000)/",21650,1000,18441000,401103000000,-300,true,-1.37
"VND",142126,"/Date(1705044021000)/",21650,1100,18440000,401081000000,-300,true,-1.37
"VND",142126,"/Date(1705044021000)/",21650,500,18438900,401058000000,-300,true,-1.37
"VND",142126,"/Date(1705044021000)/",21650,200,18438400,401047000000,-300,true,-1.37
"VND",142126,"/Date(1705044021000)/",21650,200,18438200,401042000000,-300,true,-1.37
"VND",142126,"/Date(1705044021000)/",21700,1000,18438000,401038000000,-250,false,-1.14
"VND",142123,"/Date(1705044020000)/",21650,1000,18437000,401016000000,-300,true,-1.37
"VND",142120,"/Date(1705044015000)/",21650,200,18436000,400995000000,-300,true,-1.37
"VND",142117,"/Date(1705044014000)/",21700,1000,18435800,400990000000,-250,false,-1.14
"VND",142117,"/Date(1705044014000)/",21650,8600,18434800,400969000000,-300,true,-1.37
"VND",142117,"/Date(1705044014000)/",21650,1400,18426200,400783000000,-300,true,-1.37
"VND",142117,"/Date(1705044013000)/",21650,3900,18424800,400752000000,-300,true,-1.37
"VND",142117,"/Date(1705044012000)/",21650,1100,18420900,400668000000,-300,true,-1.37
"VND",142113,"/Date(1705044011000)/",21650,3600,18419800,400644000000,-300,true,-1.37
"VND",142113,"/Date(1705044011000)/",21650,300,18416200,400566000000,-300,true,-1.37
"VND",142113,"/Date(1705044011000)/",21650,1100,18415900,400560000000,-300,true,-1.37
"VND",142113,"/Date(1705044010000)/",21700,200,18414800,400536000000,-250,false,-1.14
"VND",142113,"/Date(1705044009000)/",21650,100,18414600,400531000000,-300,true,-1.37
"VND",142110,"/Date(1705044007000)/",21650,800,18414500,400529000000,-300,true,-1.37
"VND",142110,"/Date(1705044007000)/",21650,200,18413700,400512000000,-300,true,-1.37
"VND",142107,"/Date(1705044004000)/",21650,2800,18413500,400508000000,-300,true,-1.37
"VND",142107,"/Date(1705044004000)/",21650,500,18410700,400447000000,-300,true,-1.37
"VND",142107,"/Date(1705044004000)/",21650,500,18410200,400436000000,-300,true,-1.37
"VND",142107,"/Date(1705044004000)/",21650,1200,18409700,400425000000,-300,true,-1.37
"VND",142107,"/Date(1705044004000)/",21650,1000,18408500,400399000000,-300,true,-1.37
"VND",142107,"/Date(1705044004000)/",21650,500,18407500,400378000000,-300,true,-1.37
"VND",142107,"/Date(1705044004000)/",21650,500,18407000,400367000000,-300,true,-1.37
"VND",142107,"/Date(1705044004000)/",21650,500,18406500,400356000000,-300,true,-1.37
"VND",142107,"/Date(1705044004000)/",21650,3400,18406000,400345000000,-300,true,-1.37
"VND",142107,"/Date(1705044003000)/",21650,9000,18402600,400272000000,-300,true,-1.37
"VND",142104,"/Date(1705044001000)/",21700,100,18393600,400077000000,-250,false,-1.14
"VND",142104,"/Date(1705044000000)/",21650,5000,18393500,400075000000,-300,true,-1.37
"VND",142104,"/Date(1705043999000)/",21650,5000,18388500,399966000000,-300,true,-1.37
"VND",142104,"/Date(1705043999000)/",21700,400,18383500,399858000000,-250,false,-1.14
"VND",142100,"/Date(1705043998000)/",21650,2000,18383100,399849000000,-300,true,-1.37
"VND",142100,"/Date(1705043996000)/",21650,1000,18381100,399806000000,-300,true,-1.37
"VND",142100,"/Date(1705043996000)/",21650,100,18380100,399784000000,-300,true,-1.37
"VND",142057,"/Date(1705043995000)/",21650,1000,18380000,399782000000,-300,true,-1.37
"VND",142054,"/Date(1705043991000)/",21650,1900,18379000,399761000000,-300,true,-1.37
"VND",142051,"/Date(1705043988000)/",21650,1800,18377100,399719000000,-300,true,-1.37
"VND",142051,"/Date(1705043988000)/",21650,3000,18375300,399680000000,-300,true,-1.37
"VND",142051,"/Date(1705043986000)/",21650,8000,18372300,399616000000,-300,true,-1.37
"VND",142051,"/Date(1705043986000)/",21650,5000,18364300,399442000000,-300,true,-1.37
"VND",142051,"/Date(1705043986000)/",21650,500,18359300,399334000000,-300,true,-1.37
"VND",142048,"/Date(1705043982000)/",21650,2500,18358800,399323000000,-300,true,-1.37
"VND",142044,"/Date(1705043979000)/",21650,1000,18356300,399269000000,-300,true,-1.37
"VND",142041,"/Date(1705043979000)/",21650,500,18355300,399247000000,-300,true,-1.37
"VND",142041,"/Date(1705043979000)/",21650,1900,18354800,399237000000,-300,true,-1.37
"VND",142041,"/Date(1705043978000)/",21700,5700,18352900,399196000000,-250,false,-1.14
"VND",142041,"/Date(1705043978000)/",21650,300,18347200,399072000000,-300,true,-1.37
"VND",142041,"/Date(1705043978000)/",21650,1000,18346900,399065000000,-300,true,-1.37
"VND",142041,"/Date(1705043977000)/",21650,500,18345900,399044000000,-300,true,-1.37
"VND",142038,"/Date(1705043974000)/",21650,1000,18345400,399033000000,-300,true,-1.37
"VND",142035,"/Date(1705043972000)/",21650,5000,18344400,399011000000,-300,true,-1.37
"VND",142035,"/Date(1705043971000)/",21650,700,18339400,398903000000,-300,true,-1.37
"VND",142035,"/Date(1705043970000)/",21650,11300,18338700,398888000000,-300,true,-1.37
"VND",142035,"/Date(1705043970000)/",21650,1000,18327400,398643000000,-300,true,-1.37
"VND",142035,"/Date(1705043970000)/",21650,11000,18326400,398622000000,-300,true,-1.37
"VND",142035,"/Date(1705043970000)/",21650,100,18315400,398383000000,-300,true,-1.37
"VND",142035,"/Date(1705043970000)/",21650,6500,18315300,398381000000,-300,true,-1.37
"VND",142035,"/Date(1705043970000)/",21650,2000,18308800,398240000000,-300,true,-1.37
"VND",142035,"/Date(1705043970000)/",21650,5000,18306800,398197000000,-300,true,-1.37
"VND",142035,"/Date(1705043970000)/",21650,500,18301800,398089000000,-300,true,-1.37
"VND",142035,"/Date(1705043970000)/",21650,1000,18301300,398078000000,-300,true,-1.37
"VND",142035,"/Date(1705043970000)/",21650,1000,18300300,398056000000,-300,true,-1.37
"VND",142035,"/Date(1705043970000)/",21650,1500,18299300,398035000000,-300,true,-1.37
"VND",142032,"/Date(1705043968000)/",21650,100,18297800,398002000000,-300,false,-1.37
"VND",142032,"/Date(1705043967000)/",21650,500,18297700,398000000000,-300,false,-1.37
"VND",142032,"/Date(1705043966000)/",21600,1500,18297200,397989000000,-350,true,-1.59
"VND",142028,"/Date(1705043965000)/",21600,7500,18295700,397957000000,-350,true,-1.59
"VND",142028,"/Date(1705043964000)/",21600,7500,18288200,397795000000,-350,true,-1.59
"VND",142025,"/Date(1705043962000)/",21600,1000,18280700,397633000000,-350,true,-1.59
"VND",142025,"/Date(1705043961000)/",21600,1600,18279700,397611000000,-350,true,-1.59
"VND",142025,"/Date(1705043961000)/",21650,500,18278100,397577000000,-300,false,-1.37
"VND",142025,"/Date(1705043961000)/",21650,1100,18277600,397566000000,-300,false,-1.37
"VND",142022,"/Date(1705043959000)/",21650,1900,18276500,397542000000,-300,true,-1.37
"VND",142022,"/Date(1705043959000)/",21650,1200,18274600,397501000000,-300,true,-1.37
"VND",142022,"/Date(1705043959000)/",21650,1900,18273400,397475000000,-300,true,-1.37
"VND",142022,"/Date(1705043959000)/",21650,100,18271500,397434000000,-300,true,-1.37
"VND",142022,"/Date(1705043957000)/",21650,6300,18271400,397432000000,-300,true,-1.37
"VND",142022,"/Date(1705043957000)/",21650,2000,18265100,397295000000,-300,true,-1.37
"VND",142022,"/Date(1705043957000)/",21650,500,18263100,397252000000,-300,true,-1.37
"VND",142022,"/Date(1705043957000)/",21650,4000,18262600,397241000000,-300,true,-1.37
"VND",142022,"/Date(1705043957000)/",21650,10000,18258600,397155000000,-300,true,-1.37
"VND",142022,"/Date(1705043957000)/",21650,1100,18248600,396938000000,-300,true,-1.37
"VND",142022,"/Date(1705043957000)/",21650,1600,18247500,396914000000,-300,true,-1.37
"VND",142022,"/Date(1705043957000)/",21650,100,18245900,396880000000,-300,true,-1.37
"VND",142022,"/Date(1705043957000)/",21650,500,18245800,396877000000,-300,true,-1.37
"VND",142022,"/Date(1705043957000)/",21650,600,18245300,396867000000,-300,true,-1.37
"VND",142022,"/Date(1705043957000)/",21650,10000,18244700,396854000000,-300,true,-1.37
"VND",142022,"/Date(1705043957000)/",21650,600,18234700,396637000000,-300,true,-1.37
"VND",142022,"/Date(1705043957000)/",21650,500,18234100,396624000000,-300,true,-1.37
"VND",142022,"/Date(1705043957000)/",21650,2000,18233600,396613000000,-300,true,-1.37
"VND",142022,"/Date(1705043957000)/",21650,3100,18231600,396570000000,-300,true,-1.37
"VND",142022,"/Date(1705043957000)/",21650,5000,18228500,396503000000,-300,true,-1.37
"VND",142022,"/Date(1705043957000)/",21650,100,18223500,396395000000,-300,true,-1.37
"VND",142019,"/Date(1705043956000)/",21650,400,18223400,396393000000,-300,false,-1.37
"VND",142019,"/Date(1705043956000)/",21650,1200,18223000,396384000000,-300,false,-1.37
"VND",142019,"/Date(1705043956000)/",21650,1400,18221800,396358000000,-300,false,-1.37
"VND",142019,"/Date(1705043954000)/",21650,100,18220400,396328000000,-300,false,-1.37
"VND",142019,"/Date(1705043954000)/",21650,2500,18220300,396325000000,-300,false,-1.37
"VND",142019,"/Date(1705043954000)/",21650,500,18217800,396271000000,-300,false,-1.37
"VND",142019,"/Date(1705043954000)/",21650,3000,18217300,396260000000,-300,false,-1.37
"VND",142019,"/Date(1705043953000)/",21650,1000,18214300,396196000000,-300,false,-1.37
"VND",142015,"/Date(1705043952000)/",21600,3000,18213300,396174000000,-350,true,-1.59
"VND",142015,"/Date(1705043952000)/",21650,2000,18210300,396109000000,-300,false,-1.37
"VND",142012,"/Date(1705043949000)/",21650,100,18208300,396066000000,-300,false,-1.37
"VND",142012,"/Date(1705043948000)/",21650,200,18208200,396064000000,-300,false,-1.37
"VND",142012,"/Date(1705043947000)/",21650,100,18208000,396059000000,-300,false,-1.37
"VND",142009,"/Date(1705043946000)/",21600,1500,18207900,396057000000,-350,true,-1.59
"VND",142009,"/Date(1705043945000)/",21650,1100,18206400,396025000000,-300,false,-1.37
"VND",142009,"/Date(1705043944000)/",21650,2500,18205300,396001000000,-300,false,-1.37
"VND",142009,"/Date(1705043944000)/",21650,700,18202800,395947000000,-300,false,-1.37
"VND",142009,"/Date(1705043944000)/",21650,800,18202100,395932000000,-300,false,-1.37
"VND",142009,"/Date(1705043944000)/",21650,1000,18201300,395914000000,-300,false,-1.37
"VND",142006,"/Date(1705043943000)/",21650,300,18200300,395893000000,-300,false,-1.37
"VND",142006,"/Date(1705043942000)/",21650,1300,18200000,395886000000,-300,false,-1.37
"VND",142006,"/Date(1705043941000)/",21650,200,18198700,395858000000,-300,false,-1.37
"VND",142003,"/Date(1705043939000)/",21650,2000,18198500,395854000000,-300,false,-1.37
"VND",141959,"/Date(1705043937000)/",21650,500,18196500,395810000000,-300,false,-1.37
"VND",141959,"/Date(1705043936000)/",21600,2300,18196000,395800000000,-350,true,-1.59
"VND",141959,"/Date(1705043935000)/",21650,1000,18193700,395750000000,-300,false,-1.37
"VND",141956,"/Date(1705043933000)/",21650,1000,18192700,395728000000,-300,false,-1.37
"VND",141956,"/Date(1705043932000)/",21650,100,18191700,395707000000,-300,false,-1.37
"VND",141956,"/Date(1705043932000)/",21650,1800,18191600,395704000000,-300,false,-1.37
"VND",141956,"/Date(1705043932000)/",21650,1200,18189800,395665000000,-300,false,-1.37
"VND",141956,"/Date(1705043931000)/",21650,200,18188600,395639000000,-300,false,-1.37
"VND",141956,"/Date(1705043931000)/",21650,1000,18188400,395635000000,-300,false,-1.37
"VND",141956,"/Date(1705043931000)/",21650,200,18187400,395613000000,-300,false,-1.37
"VND",141953,"/Date(1705043931000)/",21600,8300,18187200,395609000000,-350,true,-1.59
"VND",141953,"/Date(1705043931000)/",21600,300,18178900,395430000000,-350,true,-1.59
"VND",141953,"/Date(1705043931000)/",21600,100,18178600,395423000000,-350,true,-1.59
"VND",141953,"/Date(1705043931000)/",21600,200,18178500,395421000000,-350,true,-1.59
"VND",141953,"/Date(1705043931000)/",21600,400,18178300,395417000000,-350,true,-1.59
"VND",141953,"/Date(1705043931000)/",21600,100,18177900,395408000000,-350,true,-1.59
"VND",141953,"/Date(1705043931000)/",21600,100,18177800,395406000000,-350,true,-1.59
"VND",141953,"/Date(1705043931000)/",21600,100,18177700,395404000000,-350,true,-1.59
"VND",141953,"/Date(1705043931000)/",21600,1000,18177600,395402000000,-350,true,-1.59
"VND",141953,"/Date(1705043931000)/",21600,1000,18176600,395380000000,-350,true,-1.59
"VND",141953,"/Date(1705043931000)/",21600,1200,18175600,395359000000,-350,true,-1.59
"VND",141953,"/Date(1705043930000)/",21650,100,18174400,395333000000,-300,false,-1.37
"VND",141953,"/Date(1705043930000)/",21600,500,18174300,395330000000,-350,true,-1.59
"VND",141953,"/Date(1705043929000)/",21650,200,18173800,395320000000,-300,false,-1.37
"VND",141953,"/Date(1705043929000)/",21650,300,18173600,395315000000,-300,false,-1.37
"VND",141953,"/Date(1705043928000)/",21650,200,18173300,395309000000,-300,false,-1.37
"VND",141953,"/Date(1705043928000)/",21650,100,18173100,395305000000,-300,false,-1.37
"VND",141953,"/Date(1705043928000)/",21650,1500,18173000,395302000000,-300,false,-1.37
"VND",141953,"/Date(1705043928000)/",21650,12000,18171500,395270000000,-300,false,-1.37
"VND",141953,"/Date(1705043928000)/",21650,2500,18159500,395010000000,-300,false,-1.37
"VND",141953,"/Date(1705043928000)/",21650,1000,18157000,394956000000,-300,false,-1.37
"VND",141953,"/Date(1705043928000)/",21650,2700,18156000,394934000000,-300,false,-1.37
"VND",141950,"/Date(1705043927000)/",21650,1000,18153300,394876000000,-300,false,-1.37
"VND",141950,"/Date(1705043927000)/",21650,500,18152300,394854000000,-300,false,-1.37
"VND",141950,"/Date(1705043926000)/",21650,1000,18151800,394843000000,-300,false,-1.37
"VND",141950,"/Date(1705043925000)/",21600,3300,18150800,394822000000,-350,true,-1.59
"VND",141950,"/Date(1705043925000)/",21600,1000,18147500,394750000000,-350,true,-1.59
"VND",141950,"/Date(1705043925000)/",21600,100,18146500,394729000000,-350,true,-1.59
"VND",141950,"/Date(1705043925000)/",21600,100,18146400,394727000000,-350,true,-1.59
"VND",141950,"/Date(1705043925000)/",21600,300,18146300,394725000000,-350,true,-1.59
"VND",141950,"/Date(1705043925000)/",21600,200,18146000,394718000000,-350,true,-1.59
"VND",141950,"/Date(1705043925000)/",21650,200,18145800,394714000000,-300,false,-1.37
"VND",141950,"/Date(1705043925000)/",21650,100,18145600,394709000000,-300,false,-1.37
"VND",141947,"/Date(1705043924000)/",21650,4100,18145500,394707000000,-300,false,-1.37
"VND",141947,"/Date(1705043923000)/",21650,1100,18141400,394618000000,-300,false,-1.37
"VND",141947,"/Date(1705043923000)/",21600,300,18140300,394595000000,-350,true,-1.59
"VND",141947,"/Date(1705043923000)/",21600,500,18140000,394588000000,-350,true,-1.59
"VND",141947,"/Date(1705043923000)/",21600,200,18139500,394577000000,-350,true,-1.59
"VND",141943,"/Date(1705043920000)/",21650,2000,18139300,394573000000,-300,false,-1.37
"VND",141943,"/Date(1705043919000)/",21650,100,18137300,394530000000,-300,false,-1.37
"VND",141943,"/Date(1705043919000)/",21650,500,18137200,394528000000,-300,false,-1.37
"VND",141943,"/Date(1705043919000)/",21650,200,18136700,394517000000,-300,false,-1.37
"VND",141943,"/Date(1705043918000)/",21650,1200,18136500,394512000000,-300,false,-1.37
"VND",141940,"/Date(1705043918000)/",21650,2000,18135300,394486000000,-300,false,-1.37
"VND",141940,"/Date(1705043917000)/",21650,100,18133300,394443000000,-300,false,-1.37
"VND",141940,"/Date(1705043917000)/",21650,100,18133200,394441000000,-300,false,-1.37
"VND",141940,"/Date(1705043915000)/",21650,6100,18133100,394439000000,-300,false,-1.37
"VND",141940,"/Date(1705043915000)/",21650,3900,18127000,394307000000,-300,false,-1.37
"VND",141937,"/Date(1705043913000)/",21650,100,18123100,394222000000,-300,false,-1.37
"VND",141937,"/Date(1705043912000)/",21650,3900,18123000,394220000000,-300,false,-1.37
"VND",141934,"/Date(1705043909000)/",21600,100,18119100,394136000000,-350,true,-1.59
"VND",141934,"/Date(1705043909000)/",21600,100,18119000,394134000000,-350,true,-1.59
"VND",141934,"/Date(1705043909000)/",21600,2000,18118900,394131000000,-350,true,-1.59
"VND",141934,"/Date(1705043909000)/",21600,1000,18116900,394088000000,-350,true,-1.59
"VND",141934,"/Date(1705043909000)/",21600,1000,18115900,394067000000,-350,true,-1.59
"VND",141934,"/Date(1705043909000)/",21600,2000,18114900,394045000000,-350,true,-1.59
"VND",141934,"/Date(1705043909000)/",21600,1000,18112900,394002000000,-350,true,-1.59
"VND",141934,"/Date(1705043909000)/",21600,100,18111900,393980000000,-350,true,-1.59
"VND",141934,"/Date(1705043909000)/",21600,100,18111800,393978000000,-350,true,-1.59
"VND",141934,"/Date(1705043909000)/",21600,500,18111700,393976000000,-350,true,-1.59
"VND",141934,"/Date(1705043909000)/",21600,1000,18111200,393965000000,-350,true,-1.59
"VND",141934,"/Date(1705043909000)/",21600,200,18110200,393943000000,-350,true,-1.59
"VND",141934,"/Date(1705043909000)/",21600,100,18110000,393939000000,-350,true,-1.59
"VND",141934,"/Date(1705043909000)/",21600,1000,18109900,393937000000,-350,true,-1.59
"VND",141934,"/Date(1705043909000)/",21600,100,18108900,393915000000,-350,true,-1.59
"VND",141934,"/Date(1705043909000)/",21600,500,18108800,393913000000,-350,true,-1.59
"VND",141934,"/Date(1705043909000)/",21600,100,18108300,393902000000,-350,true,-1.59
"VND",141934,"/Date(1705043909000)/",21600,500,18108200,393900000000,-350,true,-1.59
"VND",141934,"/Date(1705043909000)/",21600,1800,18107700,393889000000,-350,true,-1.59
"VND",141931,"/Date(1705043908000)/",21650,100,18105900,393851000000,-300,false,-1.37
"VND",141931,"/Date(1705043908000)/",21650,500,18105800,393848000000,-300,false,-1.37
"VND",141931,"/Date(1705043908000)/",21650,9400,18105300,393838000000,-300,false,-1.37
"VND",141927,"/Date(1705043904000)/",21650,1200,18095900,393634000000,-300,false,-1.37
"VND",141927,"/Date(1705043903000)/",21600,8200,18094700,393608000000,-350,true,-1.59
"VND",141927,"/Date(1705043903000)/",21600,1700,18086500,393431000000,-350,true,-1.59
"VND",141927,"/Date(1705043903000)/",21600,100,18084800,393394000000,-350,true,-1.59
"VND",141921,"/Date(1705043898000)/",21650,300,18084700,393392000000,-300,false,-1.37
"VND",141918,"/Date(1705043895000)/",21600,2900,18084400,393386000000,-350,true,-1.59
"VND",141918,"/Date(1705043895000)/",21600,700,18081500,393323000000,-350,true,-1.59
"VND",141918,"/Date(1705043895000)/",21600,500,18080800,393308000000,-350,true,-1.59
"VND",141918,"/Date(1705043895000)/",21600,500,18080300,393297000000,-350,true,-1.59
"VND",141918,"/Date(1705043895000)/",21600,100,18079800,393286000000,-350,true,-1.59
"VND",141918,"/Date(1705043895000)/",21600,500,18079700,393284000000,-350,true,-1.59
"VND",141918,"/Date(1705043895000)/",21600,500,18079200,393273000000,-350,true,-1.59
"VND",141918,"/Date(1705043895000)/",21600,4300,18078700,393263000000,-350,true,-1.59
"VND",141915,"/Date(1705043891000)/",21650,1200,18074400,393170000000,-300,false,-1.37
"VND",141915,"/Date(1705043891000)/",21600,700,18073200,393144000000,-350,true,-1.59
"VND",141915,"/Date(1705043891000)/",21600,300,18072500,393129000000,-350,true,-1.59
"VND",141915,"/Date(1705043890000)/",21650,200,18072200,393122000000,-300,false,-1.37
"VND",141915,"/Date(1705043890000)/",21650,1000,18072000,393118000000,-300,false,-1.37
"VND",141915,"/Date(1705043890000)/",21650,1000,18071000,393096000000,-300,false,-1.37
"VND",141915,"/Date(1705043889000)/",21600,200,18070000,393074000000,-350,true,-1.59
"VND",141915,"/Date(1705043889000)/",21600,200,18069800,393070000000,-350,true,-1.59
"VND",141915,"/Date(1705043889000)/",21600,200,18069600,393066000000,-350,true,-1.59
"VND",141915,"/Date(1705043889000)/",21600,300,18069400,393061000000,-350,true,-1.59
"VND",141915,"/Date(1705043889000)/",21600,100,18069100,393055000000,-350,true,-1.59
"VND",141911,"/Date(1705043888000)/",21650,200,18069000,393053000000,-300,true,-1.37
"VND",141911,"/Date(1705043888000)/",21650,1000,18068800,393048000000,-300,true,-1.37
"VND",141911,"/Date(1705043888000)/",21650,100,18067800,393027000000,-300,true,-1.37
"VND",141911,"/Date(1705043888000)/",21650,100,18067700,393025000000,-300,true,-1.37
"VND",141911,"/Date(1705043888000)/",21650,3000,18067600,393023000000,-300,true,-1.37
"VND",141911,"/Date(1705043888000)/",21650,1000,18064600,392958000000,-300,true,-1.37
"VND",141911,"/Date(1705043888000)/",21650,600,18063600,392936000000,-300,true,-1.37
"VND",141911,"/Date(1705043888000)/",21650,300,18063000,392923000000,-300,true,-1.37
"VND",141911,"/Date(1705043888000)/",21650,300,18062700,392916000000,-300,true,-1.37
"VND",141911,"/Date(1705043888000)/",21650,200,18062400,392910000000,-300,true,-1.37
"VND",141911,"/Date(1705043888000)/",21650,1000,18062200,392906000000,-300,true,-1.37
"VND",141911,"/Date(1705043888000)/",21650,700,18061200,392884000000,-300,true,-1.37
"VND",141911,"/Date(1705043888000)/",21650,1100,18060500,392869000000,-300,true,-1.37
"VND",141911,"/Date(1705043888000)/",21650,100,18059400,392845000000,-300,true,-1.37
"VND",141911,"/Date(1705043888000)/",21650,100,18059300,392843000000,-300,true,-1.37
"VND",141911,"/Date(1705043888000)/",21650,100,18059200,392841000000,-300,true,-1.37
"VND",141911,"/Date(1705043888000)/",21650,700,18059100,392838000000,-300,true,-1.37
"VND",141911,"/Date(1705043888000)/",21650,200,18058400,392823000000,-300,true,-1.37
"VND",141911,"/Date(1705043888000)/",21650,500,18058200,392819000000,-300,true,-1.37
"VND",141911,"/Date(1705043888000)/",21650,500,18057700,392808000000,-300,true,-1.37
"VND",141911,"/Date(1705043888000)/",21650,3900,18057200,392797000000,-300,true,-1.37
"VND",141908,"/Date(1705043885000)/",21650,100,18053300,392713000000,-300,true,-1.37
"VND",141908,"/Date(1705043884000)/",21650,100,18053200,392711000000,-300,true,-1.37
"VND",141908,"/Date(1705043883000)/",21650,100000,18053100,392709000000,-300,true,-1.37
"VND",141908,"/Date(1705043883000)/",21650,2000,17953100,390544000000,-300,true,-1.37
"VND",141905,"/Date(1705043881000)/",21650,1500,17951100,390500000000,-300,true,-1.37
"VND",141902,"/Date(1705043879000)/",21650,500,17949600,390468000000,-300,true,-1.37
"VND",141902,"/Date(1705043878000)/",21650,12000,17949100,390457000000,-300,true,-1.37
"VND",141902,"/Date(1705043877000)/",21700,100,17937100,390197000000,-250,false,-1.14
"VND",141859,"/Date(1705043875000)/",21650,100,17937000,390195000000,-300,true,-1.37
"VND",141855,"/Date(1705043872000)/",21700,2000,17936900,390193000000,-250,false,-1.14
"VND",141855,"/Date(1705043870000)/",21650,70000,17934900,390149000000,-300,true,-1.37
"VND",141855,"/Date(1705043870000)/",21650,800,17864900,388634000000,-300,true,-1.37
"VND",141855,"/Date(1705043870000)/",21650,200,17864100,388617000000,-300,true,-1.37
"VND",141852,"/Date(1705043869000)/",21650,2000,17863900,388612000000,-300,false,-1.37
"VND",141852,"/Date(1705043869000)/",21650,100,17861900,388569000000,-300,false,-1.37
"VND",141852,"/Date(1705043869000)/",21650,1000,17861800,388567000000,-300,false,-1.37
"VND",141852,"/Date(1705043869000)/",21650,500,17860800,388545000000,-300,false,-1.37
"VND",141852,"/Date(1705043869000)/",21650,1000,17860300,388534000000,-300,false,-1.37
"VND",141852,"/Date(1705043869000)/",21650,100,17859300,388513000000,-300,false,-1.37
"VND",141852,"/Date(1705043869000)/",21650,1000,17859200,388511000000,-300,false,-1.37
"VND",141852,"/Date(1705043869000)/",21650,3100,17858200,388489000000,-300,false,-1.37
"VND",141852,"/Date(1705043867000)/",21650,4800,17855100,388422000000,-300,false,-1.37
"VND",141852,"/Date(1705043867000)/",21650,1000,17850300,388318000000,-300,false,-1.37
"VND",141852,"/Date(1705043867000)/",21650,1000,17849300,388296000000,-300,false,-1.37
"VND",141852,"/Date(1705043867000)/",21650,400,17848300,388275000000,-300,false,-1.37
"VND",141852,"/Date(1705043867000)/",21650,2800,17847900,388266000000,-300,false,-1.37
"VND",141849,"/Date(1705043866000)/",21600,100,17845100,388205000000,-350,true,-1.59
"VND",141849,"/Date(1705043866000)/",21600,200,17845000,388203000000,-350,true,-1.59
"VND",141849,"/Date(1705043866000)/",21600,200,17844800,388199000000,-350,true,-1.59
"VND",141849,"/Date(1705043866000)/",21600,500,17844600,388194000000,-350,true,-1.59
"VND",141849,"/Date(1705043866000)/",21600,100,17844100,388184000000,-350,true,-1.59
"VND",141849,"/Date(1705043866000)/",21600,3000,17844000,388182000000,-350,true,-1.59
"VND",141849,"/Date(1705043866000)/",21600,900,17841000,388117000000,-350,true,-1.59
"VND",141849,"/Date(1705043865000)/",21650,300,17840100,388097000000,-300,false,-1.37
"VND",141849,"/Date(1705043865000)/",21650,900,17839800,388091000000,-300,false,-1.37
"VND",141849,"/Date(1705043865000)/",21650,1000,17838900,388071000000,-300,false,-1.37
"VND",141849,"/Date(1705043865000)/",21650,100,17837900,388050000000,-300,false,-1.37
"VND",141849,"/Date(1705043865000)/",21650,100,17837800,388047000000,-300,false,-1.37
"VND",141849,"/Date(1705043865000)/",21650,100,17837700,388045000000,-300,false,-1.37
"VND",141849,"/Date(1705043865000)/",21650,1200,17837600,388043000000,-300,false,-1.37
"VND",141849,"/Date(1705043865000)/",21650,1200,17836400,388017000000,-300,false,-1.37
"VND",141849,"/Date(1705043864000)/",21600,100,17835200,387991000000,-350,true,-1.59
"VND",141849,"/Date(1705043864000)/",21600,500,17835100,387989000000,-350,true,-1.59
"VND",141849,"/Date(1705043864000)/",21600,400,17834600,387978000000,-350,true,-1.59
"VND",141849,"/Date(1705043863000)/",21650,1200,17834200,387970000000,-300,false,-1.37
"VND",141846,"/Date(1705043863000)/",21600,600,17833000,387944000000,-350,true,-1.59
"VND",141846,"/Date(1705043863000)/",21600,100,17832400,387931000000,-350,true,-1.59
"VND",141846,"/Date(1705043863000)/",21600,100,17832300,387929000000,-350,true,-1.59
"VND",141846,"/Date(1705043863000)/",21600,300,17832200,387926000000,-350,true,-1.59
"VND",141846,"/Date(1705043863000)/",21600,2000,17831900,387920000000,-350,true,-1.59
"VND",141846,"/Date(1705043863000)/",21600,100,17829900,387877000000,-350,true,-1.59
"VND",141846,"/Date(1705043863000)/",21600,100,17829800,387875000000,-350,true,-1.59
"VND",141846,"/Date(1705043863000)/",21600,300,17829700,387872000000,-350,true,-1.59
"VND",141846,"/Date(1705043863000)/",21600,500,17829400,387866000000,-350,true,-1.59
"VND",141846,"/Date(1705043863000)/",21600,1100,17828900,387855000000,-350,true,-1.59
"VND",141846,"/Date(1705043863000)/",21600,2000,17827800,387831000000,-350,true,-1.59
"VND",141846,"/Date(1705043863000)/",21600,1000,17825800,387788000000,-350,true,-1.59
"VND",141846,"/Date(1705043863000)/",21600,100,17824800,387767000000,-350,true,-1.59
"VND",141846,"/Date(1705043863000)/",21600,100,17824700,387764000000,-350,true,-1.59
"VND",141846,"/Date(1705043863000)/",21600,4000,17824600,387762000000,-350,true,-1.59
"VND",141846,"/Date(1705043863000)/",21600,200,17820600,387676000000,-350,true,-1.59
"VND",141846,"/Date(1705043863000)/",21600,100,17820400,387671000000,-350,true,-1.59
"VND",141846,"/Date(1705043863000)/",21600,100,17820300,387669000000,-350,true,-1.59
"VND",141846,"/Date(1705043863000)/",21600,1000,17820200,387667000000,-350,true,-1.59
"VND",141846,"/Date(1705043863000)/",21600,900,17819200,387646000000,-350,true,-1.59
"VND",141846,"/Date(1705043863000)/",21600,500,17818300,387626000000,-350,true,-1.59
"VND",141846,"/Date(1705043863000)/",21600,100,17817800,387615000000,-350,true,-1.59
"VND",141846,"/Date(1705043863000)/",21600,1000,17817700,387613000000,-350,true,-1.59
"VND",141846,"/Date(1705043863000)/",21600,200,17816700,387592000000,-350,true,-1.59
"VND",141846,"/Date(1705043863000)/",21600,1000,17816500,387587000000,-350,true,-1.59
"VND",141846,"/Date(1705043863000)/",21600,20000,17815500,387566000000,-350,true,-1.59
"VND",141846,"/Date(1705043863000)/",21600,800,17795500,387134000000,-350,true,-1.59
"VND",141846,"/Date(1705043863000)/",21600,200,17794700,387116000000,-350,true,-1.59
"VND",141846,"/Date(1705043863000)/",21600,200,17794500,387112000000,-350,true,-1.59
"VND",141846,"/Date(1705043863000)/",21600,100,17794300,387108000000,-350,true,-1.59
"VND",141846,"/Date(1705043863000)/",21600,6000,17794200,387106000000,-350,true,-1.59
"VND",141846,"/Date(1705043863000)/",21600,1000,17788200,386976000000,-350,true,-1.59
"VND",141846,"/Date(1705043863000)/",21600,800,17787200,386954000000,-350,true,-1.59
"VND",141846,"/Date(1705043863000)/",21600,200,17786400,386937000000,-350,true,-1.59
"VND",141846,"/Date(1705043863000)/",21600,1000,17786200,386933000000,-350,true,-1.59
"VND",141846,"/Date(1705043863000)/",21600,2200,17785200,386911000000,-350,true,-1.59
"VND",141846,"/Date(1705043862000)/",21600,900,17783000,386864000000,-350,true,-1.59
"VND",141846,"/Date(1705043862000)/",21600,500,17782100,386844000000,-350,true,-1.59
"VND",141846,"/Date(1705043862000)/",21600,200,17781600,386833000000,-350,true,-1.59
"VND",141846,"/Date(1705043862000)/",21600,100,17781400,386829000000,-350,true,-1.59
"VND",141846,"/Date(1705043862000)/",21600,300,17781300,386827000000,-350,true,-1.59
"VND",141842,"/Date(1705043860000)/",21650,2500,17781000,386820000000,-300,false,-1.37
"VND",141842,"/Date(1705043858000)/",21650,1000,17778500,386766000000,-300,false,-1.37
"VND",141842,"/Date(1705043858000)/",21650,2000,17777500,386745000000,-300,false,-1.37
"VND",141842,"/Date(1705043857000)/",21650,3000,17775500,386701000000,-300,false,-1.37
"VND",141839,"/Date(1705043857000)/",21650,100,17772500,386636000000,-300,false,-1.37
"VND",141839,"/Date(1705043855000)/",21650,200,17772400,386634000000,-300,false,-1.37
"VND",141839,"/Date(1705043855000)/",21650,100,17772200,386630000000,-300,false,-1.37
"VND",141839,"/Date(1705043854000)/",21650,1000,17772100,386628000000,-300,false,-1.37
"VND",141836,"/Date(1705043853000)/",21650,100,17771100,386606000000,-300,false,-1.37
"VND",141836,"/Date(1705043851000)/",21650,100,17771000,386604000000,-300,false,-1.37
"VND",141833,"/Date(1705043850000)/",21650,100,17770900,386602000000,-300,true,-1.37
"VND",141833,"/Date(1705043849000)/",21650,400,17770800,386600000000,-300,true,-1.37
"VND",141833,"/Date(1705043849000)/",21650,400,17770400,386591000000,-300,true,-1.37
"VND",141833,"/Date(1705043849000)/",21650,400,17770000,386582000000,-300,true,-1.37
"VND",141833,"/Date(1705043849000)/",21650,1100,17769600,386574000000,-300,true,-1.37
"VND",141833,"/Date(1705043849000)/",21650,1500,17768500,386550000000,-300,true,-1.37
"VND",141833,"/Date(1705043849000)/",21650,7400,17767000,386517000000,-300,true,-1.37
"VND",141833,"/Date(1705043848000)/",21650,200,17759600,386357000000,-300,true,-1.37
"VND",141833,"/Date(1705043848000)/",21650,500,17759400,386353000000,-300,true,-1.37
"VND",141833,"/Date(1705043848000)/",21650,100,17758900,386342000000,-300,true,-1.37
"VND",141833,"/Date(1705043848000)/",21650,100,17758800,386340000000,-300,true,-1.37
"VND",141833,"/Date(1705043848000)/",21650,500,17758700,386338000000,-300,true,-1.37
"VND",141833,"/Date(1705043848000)/",21650,200,17758200,386327000000,-300,true,-1.37
"VND",141833,"/Date(1705043848000)/",21650,100,17758000,386322000000,-300,true,-1.37
"VND",141833,"/Date(1705043848000)/",21650,10000,17757900,386320000000,-300,true,-1.37
"VND",141833,"/Date(1705043848000)/",21650,200,17747900,386104000000,-300,true,-1.37
"VND",141833,"/Date(1705043848000)/",21650,500,17747700,386099000000,-300,true,-1.37
"VND",141833,"/Date(1705043848000)/",21650,5000,17747200,386089000000,-300,true,-1.37
"VND",141833,"/Date(1705043848000)/",21650,1000,17742200,385980000000,-300,true,-1.37
"VND",141833,"/Date(1705043848000)/",21650,3900,17741200,385959000000,-300,true,-1.37
"VND",141830,"/Date(1705043848000)/",21650,1100,17737300,385874000000,-300,true,-1.37
"VND",141830,"/Date(1705043848000)/",21650,200,17736200,385851000000,-300,true,-1.37
"VND",141830,"/Date(1705043848000)/",21650,500,17736000,385846000000,-300,true,-1.37
"VND",141830,"/Date(1705043848000)/",21650,5000,17735500,385835000000,-300,true,-1.37
"VND",141830,"/Date(1705043848000)/",21650,100,17730500,385727000000,-300,true,-1.37
"VND",141830,"/Date(1705043848000)/",21650,100,17730400,385725000000,-300,true,-1.37
"VND",141830,"/Date(1705043848000)/",21650,10000,17730300,385723000000,-300,true,-1.37
"VND",141830,"/Date(1705043848000)/",21650,1000,17720300,385506000000,-300,true,-1.37
"VND",141830,"/Date(1705043848000)/",21650,2000,17719300,385485000000,-300,true,-1.37
"VND",141830,"/Date(1705043847000)/",21650,1000,17717300,385441000000,-300,true,-1.37
"VND",141830,"/Date(1705043847000)/",21650,300,17716300,385420000000,-300,true,-1.37
"VND",141830,"/Date(1705043847000)/",21650,200,17716000,385413000000,-300,true,-1.37
"VND",141830,"/Date(1705043847000)/",21650,300,17715800,385409000000,-300,true,-1.37
"VND",141830,"/Date(1705043847000)/",21650,700,17715500,385402000000,-300,true,-1.37
"VND",141830,"/Date(1705043847000)/",21650,2000,17714800,385387000000,-300,true,-1.37
"VND",141830,"/Date(1705043847000)/",21650,100,17712800,385344000000,-300,true,-1.37
"VND",141830,"/Date(1705043847000)/",21650,500,17712700,385342000000,-300,true,-1.37
"VND",141830,"/Date(1705043847000)/",21650,200,17712200,385331000000,-300,true,-1.37
"VND",141830,"/Date(1705043847000)/",21650,1500,17712000,385327000000,-300,true,-1.37
"VND",141830,"/Date(1705043847000)/",21650,1500,17710500,385294000000,-300,true,-1.37
"VND",141830,"/Date(1705043847000)/",21650,500,17709000,385262000000,-300,true,-1.37
"VND",141830,"/Date(1705043847000)/",21650,3000,17708500,385251000000,-300,true,-1.37
"VND",141830,"/Date(1705043846000)/",21650,1000,17705500,385186000000,-300,true,-1.37
"VND",141826,"/Date(1705043844000)/",21650,2600,17704500,385164000000,-300,true,-1.37
"VND",141826,"/Date(1705043844000)/",21650,3400,17701900,385108000000,-300,true,-1.37
"VND",141826,"/Date(1705043844000)/",21650,2000,17698500,385034000000,-300,true,-1.37
"VND",141826,"/Date(1705043844000)/",21650,100,17696500,384991000000,-300,true,-1.37
"VND",141826,"/Date(1705043844000)/",21650,200,17696400,384989000000,-300,true,-1.37
"VND",141826,"/Date(1705043844000)/",21650,100,17696200,384985000000,-300,true,-1.37
"VND",141826,"/Date(1705043844000)/",21650,1000,17696100,384982000000,-300,true,-1.37
"VND",141826,"/Date(1705043844000)/",21650,100,17695100,384961000000,-300,true,-1.37
"VND",141826,"/Date(1705043844000)/",21650,200,17695000,384959000000,-300,true,-1.37
"VND",141826,"/Date(1705043844000)/",21650,500,17694800,384954000000,-300,true,-1.37
"VND",141826,"/Date(1705043844000)/",21650,200,17694300,384943000000,-300,true,-1.37
"VND",141826,"/Date(1705043844000)/",21650,1000,17694100,384939000000,-300,true,-1.37
"VND",141826,"/Date(1705043844000)/",21650,2000,17693100,384917000000,-300,true,-1.37
"VND",141826,"/Date(1705043844000)/",21650,9200,17691100,384874000000,-300,true,-1.37
"VND",141826,"/Date(1705043843000)/",21650,100,17681900,384675000000,-300,true,-1.37
"VND",141826,"/Date(1705043843000)/",21650,200,17681800,384673000000,-300,true,-1.37
"VND",141826,"/Date(1705043843000)/",21650,15000,17681600,384668000000,-300,true,-1.37
"VND",141826,"/Date(1705043843000)/",21650,2300,17666600,384344000000,-300,true,-1.37
"VND",141826,"/Date(1705043842000)/",21650,4000,17664300,384294000000,-300,true,-1.37
"VND",141826,"/Date(1705043842000)/",21650,2500,17660300,384207000000,-300,true,-1.37
"VND",141826,"/Date(1705043842000)/",21650,4500,17657800,384153000000,-300,true,-1.37
"VND",141826,"/Date(1705043841000)/",21650,12200,17653300,384056000000,-300,true,-1.37
"VND",141826,"/Date(1705043841000)/",21650,100,17641100,383792000000,-300,true,-1.37
"VND",141826,"/Date(1705043841000)/",21650,100,17641000,383789000000,-300,true,-1.37
"VND",141826,"/Date(1705043841000)/",21650,100,17640900,383787000000,-300,true,-1.37
"VND",141826,"/Date(1705043841000)/",21650,200,17640800,383785000000,-300,true,-1.37
"VND",141826,"/Date(1705043841000)/",21650,100,17640600,383781000000,-300,true,-1.37
"VND",141826,"/Date(1705043841000)/",21650,600,17640500,383779000000,-300,true,-1.37
"VND",141826,"/Date(1705043841000)/",21650,100,17639900,383766000000,-300,true,-1.37
"VND",141826,"/Date(1705043841000)/",21650,3000,17639800,383763000000,-300,true,-1.37
"VND",141826,"/Date(1705043841000)/",21650,100,17636800,383698000000,-300,true,-1.37
"VND",141826,"/Date(1705043841000)/",21650,200,17636700,383696000000,-300,true,-1.37
"VND",141826,"/Date(1705043841000)/",21650,13200,17636500,383692000000,-300,true,-1.37
"VND",141826,"/Date(1705043841000)/",21650,6800,17623300,383406000000,-300,true,-1.37
"VND",141826,"/Date(1705043841000)/",21650,500,17616500,383259000000,-300,true,-1.37
"VND",141826,"/Date(1705043841000)/",21650,400,17616000,383248000000,-300,true,-1.37
"VND",141826,"/Date(1705043841000)/",21650,500,17615600,383240000000,-300,true,-1.37
"VND",141826,"/Date(1705043841000)/",21650,500,17615100,383229000000,-300,true,-1.37
"VND",141826,"/Date(1705043841000)/",21650,11300,17614600,383218000000,-300,true,-1.37
"VND",141826,"/Date(1705043841000)/",21650,3000,17603300,382973000000,-300,true,-1.37
"VND",141823,"/Date(1705043840000)/",21650,35700,17600300,382908000000,-300,true,-1.37
"VND",141823,"/Date(1705043840000)/",21650,1000,17564600,382135000000,-300,true,-1.37
"VND",141823,"/Date(1705043840000)/",21650,200,17563600,382114000000,-300,true,-1.37
"VND",141823,"/Date(1705043840000)/",21650,100,17563400,382109000000,-300,true,-1.37
"VND",141823,"/Date(1705043840000)/",21650,1300,17563300,382107000000,-300,true,-1.37
"VND",141823,"/Date(1705043840000)/",21650,100,17562000,382079000000,-300,true,-1.37
"VND",141823,"/Date(1705043840000)/",21650,2000,17561900,382077000000,-300,true,-1.37
"VND",141823,"/Date(1705043840000)/",21650,500,17559900,382034000000,-300,true,-1.37
"VND",141823,"/Date(1705043840000)/",21650,100,17559400,382023000000,-300,true,-1.37
"VND",141823,"/Date(1705043840000)/",21650,500,17559300,382021000000,-300,true,-1.37
"VND",141823,"/Date(1705043840000)/",21650,200,17558800,382010000000,-300,true,-1.37
"VND",141823,"/Date(1705043840000)/",21650,800,17558600,382005000000,-300,true,-1.37
"VND",141823,"/Date(1705043840000)/",21650,200,17557800,381988000000,-300,true,-1.37
"VND",141823,"/Date(1705043840000)/",21650,200,17557600,381984000000,-300,true,-1.37
"VND",141823,"/Date(1705043840000)/",21650,100,17557400,381979000000,-300,true,-1.37
"VND",141823,"/Date(1705043840000)/",21650,300,17557300,381977000000,-300,true,-1.37
"VND",141823,"/Date(1705043840000)/",21650,46700,17557000,381971000000,-300,true,-1.37
"VND",141823,"/Date(1705043839000)/",21650,3000,17510300,380960000000,-300,true,-1.37
"VND",141823,"/Date(1705043838000)/",21650,300,17507300,380895000000,-300,true,-1.37
"VND",141823,"/Date(1705043838000)/",21650,500,17507000,380888000000,-300,true,-1.37
"VND",141823,"/Date(1705043838000)/",21650,500,17506500,380877000000,-300,true,-1.37
"VND",141823,"/Date(1705043838000)/",21650,1000,17506000,380867000000,-300,true,-1.37
"VND",141823,"/Date(1705043838000)/",21650,5000,17505000,380845000000,-300,true,-1.37
"VND",141823,"/Date(1705043838000)/",21650,400,17500000,380737000000,-300,true,-1.37
"VND",141823,"/Date(1705043838000)/",21650,300,17499600,380728000000,-300,true,-1.37
"VND",141823,"/Date(1705043838000)/",21650,200,17499300,380722000000,-300,true,-1.37
"VND",141823,"/Date(1705043838000)/",21650,3800,17499100,380717000000,-300,true,-1.37
"VND",141823,"/Date(1705043838000)/",21650,200,17495300,380635000000,-300,true,-1.37
"VND",141823,"/Date(1705043838000)/",21650,500,17495100,380631000000,-300,true,-1.37
"VND",141823,"/Date(1705043838000)/",21650,2300,17494600,380620000000,-300,true,-1.37
"VND",141823,"/Date(1705043838000)/",21650,4000,17492300,380570000000,-300,true,-1.37
"VND",141823,"/Date(1705043838000)/",21650,16200,17488300,380483000000,-300,true,-1.37
"VND",141823,"/Date(1705043838000)/",21650,200,17472100,380133000000,-300,true,-1.37
"VND",141823,"/Date(1705043838000)/",21650,400,17471900,380128000000,-300,true,-1.37
"VND",141823,"/Date(1705043838000)/",21650,100,17471500,380120000000,-300,true,-1.37
"VND",141823,"/Date(1705043838000)/",21650,200,17471400,380118000000,-300,true,-1.37
"VND",141823,"/Date(1705043838000)/",21650,6000,17471200,380113000000,-300,true,-1.37
"VND",141823,"/Date(1705043838000)/",21650,500,17465200,379983000000,-300,true,-1.37
"VND",141823,"/Date(1705043838000)/",21650,300,17464700,379973000000,-300,true,-1.37
"VND",141823,"/Date(1705043838000)/",21650,2000,17464400,379966000000,-300,true,-1.37
"VND",141823,"/Date(1705043838000)/",21650,500,17462400,379923000000,-300,true,-1.37
"VND",141823,"/Date(1705043838000)/",21650,300,17461900,379912000000,-300,true,-1.37
"VND",141823,"/Date(1705043838000)/",21650,100,17461600,379905000000,-300,true,-1.37
"VND",141823,"/Date(1705043838000)/",21650,1000,17461500,379903000000,-300,true,-1.37
"VND",141823,"/Date(1705043838000)/",21650,500,17460500,379882000000,-300,true,-1.37
"VND",141823,"/Date(1705043838000)/",21650,100,17460000,379871000000,-300,true,-1.37
"VND",141823,"/Date(1705043838000)/",21650,500,17459900,379869000000,-300,true,-1.37
"VND",141823,"/Date(1705043838000)/",21650,1100,17459400,379858000000,-300,true,-1.37
"VND",141820,"/Date(1705043837000)/",21650,900,17458300,379834000000,-300,true,-1.37
"VND",141820,"/Date(1705043837000)/",21650,1000,17457400,379814000000,-300,true,-1.37
"VND",141820,"/Date(1705043837000)/",21650,1000,17456400,379793000000,-300,true,-1.37
"VND",141820,"/Date(1705043837000)/",21650,3000,17455400,379771000000,-300,true,-1.37
"VND",141820,"/Date(1705043837000)/",21650,200,17452400,379706000000,-300,true,-1.37
"VND",141820,"/Date(1705043837000)/",21650,400,17452200,379702000000,-300,true,-1.37
"VND",141820,"/Date(1705043837000)/",21650,500,17451800,379693000000,-300,true,-1.37
"VND",141820,"/Date(1705043837000)/",21650,3000,17451300,379682000000,-300,true,-1.37
"VND",141820,"/Date(1705043837000)/",21650,200,17448300,379617000000,-300,true,-1.37
"VND",141820,"/Date(1705043837000)/",21650,4600,17448100,379613000000,-300,true,-1.37
"VND",141820,"/Date(1705043837000)/",21650,3000,17443500,379514000000,-300,true,-1.37
"VND",141820,"/Date(1705043837000)/",21650,2200,17440500,379449000000,-300,true,-1.37
"VND",141820,"/Date(1705043836000)/",21700,2000,17438300,379401000000,-250,false,-1.14
"VND",141820,"/Date(1705043836000)/",21650,3800,17436300,379358000000,-300,true,-1.37
"VND",141820,"/Date(1705043836000)/",21650,500,17432500,379275000000,-300,true,-1.37
"VND",141820,"/Date(1705043836000)/",21650,200,17432000,379264000000,-300,true,-1.37
"VND",141820,"/Date(1705043836000)/",21650,100,17431800,379260000000,-300,true,-1.37
"VND",141820,"/Date(1705043836000)/",21650,500,17431700,379258000000,-300,true,-1.37
"VND",141820,"/Date(1705043836000)/",21650,500,17431200,379247000000,-300,true,-1.37
"VND",141820,"/Date(1705043836000)/",21650,200,17430700,379236000000,-300,true,-1.37
"VND",141820,"/Date(1705043836000)/",21650,800,17430500,379232000000,-300,true,-1.37
"VND",141820,"/Date(1705043836000)/",21650,200,17429700,379215000000,-300,true,-1.37
"VND",141820,"/Date(1705043836000)/",21650,1000,17429500,379210000000,-300,true,-1.37
"VND",141820,"/Date(1705043836000)/",21650,2000,17428500,379189000000,-300,true,-1.37
"VND",141820,"/Date(1705043836000)/",21650,200,17426500,379145000000,-300,true,-1.37
"VND",141820,"/Date(1705043836000)/",21650,500,17426300,379141000000,-300,true,-1.37
"VND",141820,"/Date(1705043836000)/",21650,100,17425800,379130000000,-300,true,-1.37
"VND",141820,"/Date(1705043836000)/",21650,200,17425700,379128000000,-300,true,-1.37
"VND",141820,"/Date(1705043836000)/",21650,10000,17425500,379124000000,-300,true,-1.37
"VND",141820,"/Date(1705043836000)/",21650,300,17415500,378907000000,-300,true,-1.37
"VND",141820,"/Date(1705043836000)/",21650,200,17415200,378901000000,-300,true,-1.37
"VND",141820,"/Date(1705043836000)/",21650,2000,17415000,378896000000,-300,true,-1.37
"VND",141820,"/Date(1705043836000)/",21650,300,17413000,378853000000,-300,true,-1.37
"VND",141820,"/Date(1705043836000)/",21650,200,17412700,378847000000,-300,true,-1.37
"VND",141820,"/Date(1705043836000)/",21650,100,17412500,378842000000,-300,true,-1.37
"VND",141820,"/Date(1705043836000)/",21650,300,17412400,378840000000,-300,true,-1.37
"VND",141820,"/Date(1705043836000)/",21650,100,17412100,378834000000,-300,true,-1.37
"VND",141820,"/Date(1705043836000)/",21650,2300,17412000,378831000000,-300,true,-1.37
"VND",141820,"/Date(1705043835000)/",21700,1200,17409700,378782000000,-250,false,-1.14
"VND",141817,"/Date(1705043834000)/",21700,900,17408500,378756000000,-250,false,-1.14
"VND",141817,"/Date(1705043834000)/",21700,100,17407600,378736000000,-250,false,-1.14
"VND",141817,"/Date(1705043833000)/",21650,500,17407500,378734000000,-300,true,-1.37
"VND",141817,"/Date(1705043833000)/",21650,500,17407000,378723000000,-300,true,-1.37
"VND",141814,"/Date(1705043830000)/",21650,900,17406500,378712000000,-300,true,-1.37
"VND",141814,"/Date(1705043829000)/",21650,2600,17405600,378693000000,-300,true,-1.37
"VND",141814,"/Date(1705043829000)/",21650,2200,17403000,378637000000,-300,true,-1.37
"VND",141814,"/Date(1705043829000)/",21650,200,17400800,378589000000,-300,true,-1.37
"VND",141814,"/Date(1705043829000)/",21650,700,17400600,378585000000,-300,true,-1.37
"VND",141814,"/Date(1705043829000)/",21650,500,17399900,378569000000,-300,true,-1.37
"VND",141814,"/Date(1705043829000)/",21650,200,17399400,378559000000,-300,true,-1.37
"VND",141814,"/Date(1705043829000)/",21650,500,17399200,378554000000,-300,true,-1.37
"VND",141814,"/Date(1705043829000)/",21650,100,17398700,378543000000,-300,true,-1.37
"VND",141814,"/Date(1705043829000)/",21650,300,17398600,378541000000,-300,true,-1.37
"VND",141814,"/Date(1705043829000)/",21650,500,17398300,378535000000,-300,true,-1.37
"VND",141814,"/Date(1705043829000)/",21650,500,17397800,378524000000,-300,true,-1.37
"VND",141814,"/Date(1705043829000)/",21650,600,17397300,378513000000,-300,true,-1.37
"VND",141814,"/Date(1705043829000)/",21650,500,17396700,378500000000,-300,true,-1.37
"VND",141814,"/Date(1705043829000)/",21650,200,17396200,378489000000,-300,true,-1.37
"VND",141814,"/Date(1705043829000)/",21650,2000,17396000,378485000000,-300,true,-1.37
"VND",141814,"/Date(1705043829000)/",21650,500,17394000,378442000000,-300,true,-1.37
"VND",141814,"/Date(1705043829000)/",21650,500,17393500,378431000000,-300,true,-1.37
"VND",141814,"/Date(1705043829000)/",21650,1000,17393000,378420000000,-300,true,-1.37
"VND",141814,"/Date(1705043829000)/",21650,3000,17392000,378398000000,-300,true,-1.37
"VND",141814,"/Date(1705043829000)/",21650,1500,17389000,378333000000,-300,true,-1.37
"VND",141814,"/Date(1705043829000)/",21650,100,17387500,378301000000,-300,true,-1.37
"VND",141814,"/Date(1705043829000)/",21650,500,17387400,378299000000,-300,true,-1.37
"VND",141814,"/Date(1705043829000)/",21650,500,17386900,378288000000,-300,true,-1.37
"VND",141814,"/Date(1705043829000)/",21650,100,17386400,378277000000,-300,true,-1.37
"VND",141814,"/Date(1705043829000)/",21650,100,17386300,378275000000,-300,true,-1.37
"VND",141814,"/Date(1705043829000)/",21650,4000,17386200,378273000000,-300,true,-1.37
"VND",141814,"/Date(1705043829000)/",21650,200,17382200,378186000000,-300,true,-1.37
"VND",141814,"/Date(1705043829000)/",21650,1000,17382000,378182000000,-300,true,-1.37
"VND",141814,"/Date(1705043829000)/",21650,100,17381000,378160000000,-300,true,-1.37
"VND",141814,"/Date(1705043829000)/",21650,1600,17380900,378158000000,-300,true,-1.37
"VND",141814,"/Date(1705043829000)/",21650,2700,17379300,378123000000,-300,true,-1.37
"VND",141814,"/Date(1705043829000)/",21650,200,17376600,378065000000,-300,true,-1.37
"VND",141814,"/Date(1705043829000)/",21650,4000,17376400,378061000000,-300,true,-1.37
"VND",141814,"/Date(1705043829000)/",21650,4600,17372400,377974000000,-300,true,-1.37
"VND",141814,"/Date(1705043829000)/",21650,300,17367800,377874000000,-300,true,-1.37
"VND",141814,"/Date(1705043829000)/",21650,5000,17367500,377868000000,-300,true,-1.37
"VND",141814,"/Date(1705043829000)/",21650,700,17362500,377760000000,-300,true,-1.37
"VND",141814,"/Date(1705043829000)/",21650,100,17361800,377745000000,-300,true,-1.37
"VND",141814,"/Date(1705043829000)/",21650,4700,17361700,377742000000,-300,true,-1.37
"VND",141810,"/Date(1705043828000)/",21650,300,17357000,377641000000,-300,true,-1.37
"VND",141810,"/Date(1705043828000)/",21650,100,17356700,377634000000,-300,true,-1.37
"VND",141810,"/Date(1705043828000)/",21650,100,17356600,377632000000,-300,true,-1.37
"VND",141810,"/Date(1705043828000)/",21650,2000,17356500,377630000000,-300,true,-1.37
