"Stockcode","Package","TradingDate","Price","Vol","TotalVol","TotalVal","Change","IsBuy","PerChange"
"VPG",144610,"/Date(1705045501000)/",17450,101900,2060600,36348000000,-700,false,-3.86
"VPG",143030,"/Date(1705044568000)/",17500,5700,1958700,34570000000,-650,false,-3.58
"VPG",143024,"/Date(1705044562000)/",17500,2000,1953000,34470000000,-650,true,-3.58
"VPG",143014,"/Date(1705044549000)/",17500,2300,1951000,34435000000,-650,false,-3.58
"VPG",143011,"/Date(1705044547000)/",17500,1000,1948700,34395000000,-650,true,-3.58
"VPG",143002,"/Date(1705044539000)/",17450,300,1947700,34377000000,-700,true,-3.86
"VPG",143002,"/Date(1705044539000)/",17450,1000,1947400,34372000000,-700,true,-3.86
"VPG",143002,"/Date(1705044539000)/",17450,2000,1946400,34355000000,-700,true,-3.86
"VPG",143002,"/Date(1705044539000)/",17500,3700,1944400,34320000000,-650,true,-3.58
"VPG",142955,"/Date(1705044532000)/",17500,9000,1940700,34255000000,-650,true,-3.58
"VPG",142926,"/Date(1705044502000)/",17500,100,1931700,34097000000,-650,true,-3.58
"VPG",142926,"/Date(1705044502000)/",17500,900,1931600,34096000000,-650,true,-3.58
"VPG",142907,"/Date(1705044484000)/",17550,8000,1930700,34080000000,-600,false,-3.31
"VPG",142851,"/Date(1705044466000)/",17550,3000,1922700,33939000000,-600,false,-3.31
"VPG",142845,"/Date(1705044462000)/",17500,100,1919700,33887000000,-650,true,-3.58
"VPG",142845,"/Date(1705044462000)/",17500,1400,1919600,33885000000,-650,true,-3.58
"VPG",142845,"/Date(1705044462000)/",17500,1000,1918200,33861000000,-650,true,-3.58
"VPG",142845,"/Date(1705044462000)/",17500,5000,1917200,33843000000,-650,true,-3.58
"VPG",142845,"/Date(1705044462000)/",17550,2100,1912200,33756000000,-600,true,-3.31
"VPG",142845,"/Date(1705044462000)/",17550,400,1910100,33719000000,-600,true,-3.31
"VPG",142838,"/Date(1705044455000)/",17600,100,1909700,33712000000,-550,false,-3.03
"VPG",142819,"/Date(1705044437000)/",17550,500,1909600,33710000000,-600,true,-3.31
"VPG",142806,"/Date(1705044423000)/",17550,100,1909100,33701000000,-600,true,-3.31
"VPG",142806,"/Date(1705044423000)/",17550,2000,1909000,33699000000,-600,true,-3.31
"VPG",142806,"/Date(1705044423000)/",17550,100,1907000,33664000000,-600,true,-3.31
"VPG",142806,"/Date(1705044423000)/",17550,5800,1906900,33663000000,-600,true,-3.31
"VPG",142753,"/Date(1705044409000)/",17550,1000,1901100,33561000000,-600,true,-3.31
"VPG",142753,"/Date(1705044409000)/",17550,400,1900100,33543000000,-600,true,-3.31
"VPG",142741,"/Date(1705044396000)/",17550,6500,1899700,33536000000,-600,true,-3.31
"VPG",142741,"/Date(1705044396000)/",17550,3500,1893200,33422000000,-600,true,-3.31
"VPG",142737,"/Date(1705044392000)/",17550,1000,1889700,33361000000,-600,true,-3.31
"VPG",142737,"/Date(1705044392000)/",17550,1000,1888700,33343000000,-600,true,-3.31
"VPG",142737,"/Date(1705044392000)/",17550,4500,1887700,33326000000,-600,true,-3.31
"VPG",142721,"/Date(1705044376000)/",17550,100,1883200,33247000000,-600,false,-3.31
"VPG",142709,"/Date(1705044365000)/",17550,500,1883100,33245000000,-600,false,-3.31
"VPG",142649,"/Date(1705044345000)/",17500,400,1882600,33236000000,-650,true,-3.58
"VPG",142555,"/Date(1705044292000)/",17500,2000,1882200,33229000000,-650,true,-3.58
"VPG",142552,"/Date(1705044287000)/",17500,100,1880200,33194000000,-650,false,-3.58
"VPG",142545,"/Date(1705044282000)/",17500,1000,1880100,33192000000,-650,false,-3.58
"VPG",142542,"/Date(1705044280000)/",17500,1900,1879100,33175000000,-650,false,-3.58
"VPG",142542,"/Date(1705044279000)/",17500,100,1877200,33142000000,-650,false,-3.58
"VPG",142536,"/Date(1705044271000)/",17500,1900,1877100,33140000000,-650,false,-3.58
"VPG",142533,"/Date(1705044269000)/",17550,1500,1875200,33107000000,-600,false,-3.31
"VPG",142526,"/Date(1705044262000)/",17500,100,1873700,33080000000,-650,true,-3.58
"VPG",142523,"/Date(1705044260000)/",17500,1400,1873600,33079000000,-650,false,-3.58
"VPG",142523,"/Date(1705044260000)/",17500,400,1872200,33054000000,-650,false,-3.58
"VPG",142523,"/Date(1705044260000)/",17500,200,1871800,33047000000,-650,false,-3.58
"VPG",142523,"/Date(1705044260000)/",17500,1000,1871600,33044000000,-650,false,-3.58
"VPG",142517,"/Date(1705044252000)/",17450,11000,1870600,33026000000,-700,true,-3.86
"VPG",142517,"/Date(1705044252000)/",17450,5000,1859600,32834000000,-700,true,-3.86
"VPG",142517,"/Date(1705044252000)/",17450,2000,1854600,32747000000,-700,true,-3.86
"VPG",142510,"/Date(1705044246000)/",17450,1000,1852600,32712000000,-700,false,-3.86
"VPG",142501,"/Date(1705044236000)/",17400,600,1851600,32694000000,-750,true,-4.13
"VPG",142501,"/Date(1705044236000)/",17400,500,1851000,32684000000,-750,true,-4.13
"VPG",142457,"/Date(1705044235000)/",17400,500,1850500,32675000000,-750,false,-4.13
"VPG",142448,"/Date(1705044224000)/",17400,2000,1850000,32667000000,-750,false,-4.13
"VPG",142441,"/Date(1705044219000)/",17350,1000,1848000,32632000000,-800,true,-4.41
"VPG",142441,"/Date(1705044216000)/",17350,500,1847000,32614000000,-800,true,-4.41
"VPG",142432,"/Date(1705044210000)/",17400,1500,1846500,32606000000,-750,false,-4.13
"VPG",142419,"/Date(1705044197000)/",17400,1500,1845000,32580000000,-750,false,-4.13
"VPG",142419,"/Date(1705044195000)/",17350,900,1843500,32554000000,-800,false,-4.41
"VPG",142419,"/Date(1705044194000)/",17350,1000,1842600,32538000000,-800,false,-4.41
"VPG",142416,"/Date(1705044192000)/",17350,5500,1841600,32521000000,-800,false,-4.41
"VPG",142413,"/Date(1705044190000)/",17350,500,1836100,32425000000,-800,false,-4.41
"VPG",142413,"/Date(1705044189000)/",17350,2000,1835600,32417000000,-800,false,-4.41
"VPG",142413,"/Date(1705044188000)/",17350,1300,1833600,32382000000,-800,false,-4.41
"VPG",142413,"/Date(1705044188000)/",17350,200,1832300,32359000000,-800,false,-4.41
"VPG",142410,"/Date(1705044184000)/",17350,100,1832100,32356000000,-800,false,-4.41
"VPG",142410,"/Date(1705044184000)/",17350,2900,1832000,32354000000,-800,false,-4.41
"VPG",142403,"/Date(1705044179000)/",17350,2000,1829100,32304000000,-800,false,-4.41
"VPG",142403,"/Date(1705044179000)/",17350,500,1827100,32269000000,-800,false,-4.41
"VPG",142403,"/Date(1705044178000)/",17350,2500,1826600,32260000000,-800,false,-4.41
"VPG",142350,"/Date(1705044165000)/",17350,10000,1824100,32217000000,-800,false,-4.41
"VPG",142331,"/Date(1705044147000)/",17350,100,1814100,32044000000,-800,false,-4.41
"VPG",142309,"/Date(1705044125000)/",17250,400,1814000,32042000000,-900,true,-4.96
"VPG",142309,"/Date(1705044125000)/",17300,400,1813600,32035000000,-850,false,-4.68
"VPG",142305,"/Date(1705044123000)/",17300,1500,1813200,32028000000,-850,false,-4.68
"VPG",142305,"/Date(1705044123000)/",17300,100,1811700,32002000000,-850,false,-4.68
"VPG",142305,"/Date(1705044120000)/",17300,1500,1811600,32000000000,-850,false,-4.68
"VPG",142259,"/Date(1705044115000)/",17300,400,1810100,31974000000,-850,false,-4.68
"VPG",142259,"/Date(1705044115000)/",17300,5000,1809700,31967000000,-850,false,-4.68
"VPG",142259,"/Date(1705044115000)/",17300,100,1804700,31881000000,-850,false,-4.68
"VPG",142259,"/Date(1705044115000)/",17250,600,1804600,31879000000,-900,true,-4.96
"VPG",142259,"/Date(1705044115000)/",17250,300,1804000,31869000000,-900,true,-4.96
"VPG",142259,"/Date(1705044115000)/",17250,100,1803700,31864000000,-900,true,-4.96
"VPG",142256,"/Date(1705044113000)/",17300,200,1803600,31862000000,-850,false,-4.68
"VPG",142256,"/Date(1705044113000)/",17300,100,1803400,31858000000,-850,false,-4.68
"VPG",142253,"/Date(1705044110000)/",17300,600,1803300,31857000000,-850,false,-4.68
"VPG",142253,"/Date(1705044110000)/",17300,1400,1802700,31846000000,-850,false,-4.68
"VPG",142253,"/Date(1705044109000)/",17300,100,1801300,31822000000,-850,false,-4.68
"VPG",142249,"/Date(1705044105000)/",17300,8500,1801200,31820000000,-850,false,-4.68
"VPG",142249,"/Date(1705044105000)/",17300,700,1792700,31673000000,-850,false,-4.68
"VPG",142240,"/Date(1705044097000)/",17300,100,1792000,31661000000,-850,false,-4.68
"VPG",142240,"/Date(1705044096000)/",17250,400,1791900,31660000000,-900,true,-4.96
"VPG",142240,"/Date(1705044096000)/",17250,600,1791500,31653000000,-900,true,-4.96
"VPG",142240,"/Date(1705044094000)/",17250,500,1790900,31642000000,-900,true,-4.96
"VPG",142224,"/Date(1705044080000)/",17300,5000,1790400,31634000000,-850,false,-4.68
"VPG",142217,"/Date(1705044075000)/",17250,400,1785400,31547000000,-900,false,-4.96
"VPG",142214,"/Date(1705044072000)/",17250,200,1785000,31540000000,-900,false,-4.96
"VPG",142214,"/Date(1705044069000)/",17250,100,1784800,31537000000,-900,false,-4.96
"VPG",142211,"/Date(1705044067000)/",17250,500,1784700,31535000000,-900,true,-4.96
"VPG",142211,"/Date(1705044067000)/",17250,8800,1784200,31526000000,-900,true,-4.96
"VPG",142158,"/Date(1705044053000)/",17250,700,1775400,31375000000,-900,true,-4.96
"VPG",142155,"/Date(1705044051000)/",17250,1000,1774700,31363000000,-900,true,-4.96
"VPG",142152,"/Date(1705044049000)/",17250,900,1773700,31345000000,-900,true,-4.96
"VPG",142142,"/Date(1705044038000)/",17250,500,1772800,31330000000,-900,true,-4.96
"VPG",142139,"/Date(1705044036000)/",17250,8100,1772300,31321000000,-900,false,-4.96
"VPG",142129,"/Date(1705044026000)/",17150,200,1764200,31181000000,-1000,true,-5.51
"VPG",142129,"/Date(1705044026000)/",17150,4800,1764000,31178000000,-1000,true,-5.51
"VPG",142129,"/Date(1705044026000)/",17150,14200,1759200,31096000000,-1000,true,-5.51
"VPG",142129,"/Date(1705044026000)/",17150,200,1745000,30852000000,-1000,true,-5.51
"VPG",142129,"/Date(1705044026000)/",17150,3000,1744800,30849000000,-1000,true,-5.51
"VPG",142129,"/Date(1705044026000)/",17200,100,1741800,30797000000,-950,true,-5.23
"VPG",142129,"/Date(1705044026000)/",17200,500,1741700,30796000000,-950,true,-5.23
"VPG",142129,"/Date(1705044026000)/",17200,100,1741200,30787000000,-950,true,-5.23
"VPG",142129,"/Date(1705044026000)/",17200,300,1741100,30785000000,-950,true,-5.23
"VPG",142129,"/Date(1705044026000)/",17200,3800,1740800,30780000000,-950,true,-5.23
"VPG",142129,"/Date(1705044026000)/",17200,1000,1737000,30715000000,-950,true,-5.23
"VPG",142129,"/Date(1705044026000)/",17200,3500,1736000,30698000000,-950,true,-5.23
"VPG",142129,"/Date(1705044026000)/",17200,1000,1732500,30637000000,-950,true,-5.23
"VPG",142129,"/Date(1705044026000)/",17200,300,1731500,30620000000,-950,true,-5.23
"VPG",142129,"/Date(1705044026000)/",17200,1000,1731200,30615000000,-950,true,-5.23
"VPG",142129,"/Date(1705044026000)/",17200,1900,1730200,30598000000,-950,true,-5.23
"VPG",142123,"/Date(1705044019000)/",17250,500,1728300,30565000000,-900,false,-4.96
"VPG",142120,"/Date(1705044016000)/",17200,100,1727800,30556000000,-950,true,-5.23
"VPG",142120,"/Date(1705044016000)/",17200,400,1727700,30555000000,-950,true,-5.23
"VPG",142117,"/Date(1705044013000)/",17250,1000,1727300,30548000000,-900,false,-4.96
"VPG",142107,"/Date(1705044003000)/",17200,2000,1726300,30531000000,-950,true,-5.23
"VPG",142107,"/Date(1705044002000)/",17250,1000,1724300,30496000000,-900,false,-4.96
"VPG",142100,"/Date(1705043998000)/",17200,2000,1723300,30479000000,-950,true,-5.23
"VPG",142100,"/Date(1705043997000)/",17200,6000,1721300,30445000000,-950,true,-5.23
"VPG",142057,"/Date(1705043994000)/",17250,1000,1715300,30341000000,-900,false,-4.96
"VPG",142054,"/Date(1705043991000)/",17250,2000,1714300,30324000000,-900,false,-4.96
"VPG",142054,"/Date(1705043990000)/",17250,500,1712300,30290000000,-900,false,-4.96
"VPG",142054,"/Date(1705043989000)/",17250,5000,1711800,30281000000,-900,false,-4.96
"VPG",142044,"/Date(1705043980000)/",17250,1000,1706800,30195000000,-900,true,-4.96
"VPG",142044,"/Date(1705043980000)/",17250,1500,1705800,30177000000,-900,true,-4.96
"VPG",142044,"/Date(1705043980000)/",17250,300,1704300,30152000000,-900,true,-4.96
"VPG",142044,"/Date(1705043980000)/",17250,12000,1704000,30146000000,-900,true,-4.96
"VPG",142044,"/Date(1705043980000)/",17250,1000,1692000,29939000000,-900,true,-4.96
"VPG",142044,"/Date(1705043980000)/",17250,100,1691000,29922000000,-900,true,-4.96
"VPG",142035,"/Date(1705043972000)/",17300,100,1690900,29920000000,-850,false,-4.68
"VPG",142025,"/Date(1705043961000)/",17300,1100,1690800,29919000000,-850,false,-4.68
"VPG",142006,"/Date(1705043943000)/",17350,5000,1689700,29900000000,-800,false,-4.41
"VPG",142006,"/Date(1705043943000)/",17350,100,1684700,29813000000,-800,false,-4.41
"VPG",142006,"/Date(1705043941000)/",17250,200,1684600,29811000000,-900,true,-4.96
"VPG",142006,"/Date(1705043941000)/",17250,2600,1684400,29808000000,-900,true,-4.96
"VPG",142006,"/Date(1705043941000)/",17300,500,1681800,29763000000,-850,true,-4.68
"VPG",142006,"/Date(1705043941000)/",17300,1000,1681300,29754000000,-850,true,-4.68
"VPG",142006,"/Date(1705043941000)/",17300,1000,1680300,29737000000,-850,true,-4.68
"VPG",142006,"/Date(1705043941000)/",17300,100,1679300,29720000000,-850,true,-4.68
"VPG",142006,"/Date(1705043941000)/",17300,100,1679200,29718000000,-850,true,-4.68
"VPG",142006,"/Date(1705043941000)/",17300,100,1679100,29716000000,-850,true,-4.68
"VPG",142006,"/Date(1705043941000)/",17300,10800,1679000,29714000000,-850,true,-4.68
"VPG",141956,"/Date(1705043933000)/",17300,500,1668200,29528000000,-850,true,-4.68
"VPG",141947,"/Date(1705043924000)/",17350,500,1667700,29519000000,-800,false,-4.41
"VPG",141943,"/Date(1705043919000)/",17300,3000,1667200,29510000000,-850,true,-4.68
"VPG",141943,"/Date(1705043918000)/",17350,4000,1664200,29458000000,-800,false,-4.41
"VPG",141940,"/Date(1705043915000)/",17300,5700,1660200,29389000000,-850,true,-4.68
"VPG",141940,"/Date(1705043915000)/",17300,300,1654500,29290000000,-850,true,-4.68
"VPG",141940,"/Date(1705043915000)/",17300,1000,1654200,29285000000,-850,true,-4.68
"VPG",141940,"/Date(1705043915000)/",17300,500,1653200,29268000000,-850,true,-4.68
"VPG",141940,"/Date(1705043915000)/",17300,1500,1652700,29259000000,-850,true,-4.68
"VPG",141940,"/Date(1705043915000)/",17300,300,1651200,29233000000,-850,true,-4.68
"VPG",141940,"/Date(1705043915000)/",17300,200,1650900,29228000000,-850,true,-4.68
"VPG",141940,"/Date(1705043915000)/",17300,5500,1650700,29225000000,-850,true,-4.68
"VPG",141937,"/Date(1705043913000)/",17300,100,1645200,29130000000,-850,true,-4.68
"VPG",141937,"/Date(1705043913000)/",17300,4400,1645100,29128000000,-850,true,-4.68
"VPG",141937,"/Date(1705043913000)/",17300,600,1640700,29052000000,-850,true,-4.68
"VPG",141931,"/Date(1705043908000)/",17350,1000,1640100,29041000000,-800,false,-4.41
"VPG",141931,"/Date(1705043908000)/",17350,200,1639100,29024000000,-800,false,-4.41
"VPG",141931,"/Date(1705043908000)/",17350,1500,1638900,29020000000,-800,false,-4.41
"VPG",141931,"/Date(1705043908000)/",17350,700,1637400,28994000000,-800,false,-4.41
"VPG",141931,"/Date(1705043907000)/",17400,2000,1636700,28982000000,-750,false,-4.13
"VPG",141927,"/Date(1705043904000)/",17400,1000,1634700,28947000000,-750,false,-4.13
"VPG",141927,"/Date(1705043902000)/",17400,600,1633700,28930000000,-750,false,-4.13
"VPG",141927,"/Date(1705043902000)/",17400,4000,1633100,28920000000,-750,false,-4.13
"VPG",141918,"/Date(1705043893000)/",17400,1000,1629100,28850000000,-750,false,-4.13
"VPG",141915,"/Date(1705043890000)/",17350,15000,1628100,28833000000,-800,true,-4.41
"VPG",141911,"/Date(1705043888000)/",17450,200,1613100,28572000000,-700,false,-3.86
"VPG",141911,"/Date(1705043888000)/",17400,1000,1612900,28569000000,-750,false,-4.13
"VPG",141911,"/Date(1705043888000)/",17400,3800,1611900,28552000000,-750,false,-4.13
"VPG",141908,"/Date(1705043884000)/",17400,200,1608100,28485000000,-750,true,-4.13
"VPG",141908,"/Date(1705043883000)/",17350,300,1607900,28482000000,-800,true,-4.41
"VPG",141908,"/Date(1705043883000)/",17350,300,1607600,28477000000,-800,true,-4.41
"VPG",141908,"/Date(1705043883000)/",17350,500,1607300,28472000000,-800,true,-4.41
"VPG",141908,"/Date(1705043883000)/",17350,200,1606800,28463000000,-800,true,-4.41
"VPG",141908,"/Date(1705043883000)/",17400,1000,1606600,28459000000,-750,true,-4.13
"VPG",141908,"/Date(1705043883000)/",17400,500,1605600,28442000000,-750,true,-4.13
"VPG",141908,"/Date(1705043883000)/",17400,1000,1605100,28433000000,-750,true,-4.13
"VPG",141908,"/Date(1705043883000)/",17400,100,1604100,28416000000,-750,true,-4.13
"VPG",141908,"/Date(1705043883000)/",17400,100,1604000,28414000000,-750,true,-4.13
"VPG",141849,"/Date(1705043866000)/",17400,900,1603900,28412000000,-750,true,-4.13
"VPG",141849,"/Date(1705043866000)/",17400,100,1603000,28397000000,-750,true,-4.13
"VPG",141846,"/Date(1705043861000)/",17400,900,1602900,28395000000,-750,true,-4.13
"VPG",141846,"/Date(1705043861000)/",17400,100,1602000,28379000000,-750,true,-4.13
"VPG",141842,"/Date(1705043860000)/",17400,100,1601900,28378000000,-750,true,-4.13
"VPG",141842,"/Date(1705043860000)/",17400,100,1601800,28376000000,-750,true,-4.13
"VPG",141842,"/Date(1705043860000)/",17400,700,1601700,28374000000,-750,true,-4.13
"VPG",141842,"/Date(1705043858000)/",17450,3700,1601000,28362000000,-700,false,-3.86
"VPG",141842,"/Date(1705043858000)/",17450,1000,1597300,28297000000,-700,false,-3.86
"VPG",141842,"/Date(1705043858000)/",17450,800,1596300,28280000000,-700,false,-3.86
"VPG",141823,"/Date(1705043839000)/",17450,1000,1595500,28266000000,-700,false,-3.86
"VPG",141820,"/Date(1705043837000)/",17400,1800,1594500,28248000000,-750,true,-4.13
"VPG",141810,"/Date(1705043826000)/",17400,1000,1592700,28217000000,-750,true,-4.13
"VPG",141801,"/Date(1705043818000)/",17450,200,1591700,28200000000,-700,false,-3.86
"VPG",141801,"/Date(1705043818000)/",17450,800,1591500,28196000000,-700,false,-3.86
"VPG",141801,"/Date(1705043816000)/",17400,500,1590700,28182000000,-750,true,-4.13
"VPG",141801,"/Date(1705043816000)/",17400,1000,1590200,28174000000,-750,true,-4.13
"VPG",141801,"/Date(1705043816000)/",17400,100,1589200,28156000000,-750,true,-4.13
"VPG",141801,"/Date(1705043816000)/",17400,200,1589100,28154000000,-750,true,-4.13
"VPG",141801,"/Date(1705043816000)/",17400,100,1588900,28151000000,-750,true,-4.13
"VPG",141801,"/Date(1705043815000)/",17450,1100,1588800,28149000000,-700,false,-3.86
"VPG",141745,"/Date(1705043800000)/",17450,300,1587700,28130000000,-700,true,-3.86
"VPG",141745,"/Date(1705043800000)/",17450,1000,1587400,28125000000,-700,true,-3.86
"VPG",141745,"/Date(1705043800000)/",17450,100,1586400,28107000000,-700,true,-3.86
"VPG",141745,"/Date(1705043800000)/",17450,300,1586300,28106000000,-700,true,-3.86
"VPG",141745,"/Date(1705043800000)/",17450,1000,1586000,28100000000,-700,true,-3.86
"VPG",141745,"/Date(1705043800000)/",17450,900,1585000,28083000000,-700,true,-3.86
"VPG",141745,"/Date(1705043800000)/",17450,1000,1584100,28067000000,-700,true,-3.86
"VPG",141745,"/Date(1705043800000)/",17450,1500,1583100,28050000000,-700,true,-3.86
"VPG",141745,"/Date(1705043800000)/",17450,500,1581600,28024000000,-700,true,-3.86
"VPG",141745,"/Date(1705043800000)/",17450,1500,1581100,28015000000,-700,true,-3.86
"VPG",141745,"/Date(1705043799000)/",17450,500,1579600,27989000000,-700,true,-3.86
"VPG",141738,"/Date(1705043796000)/",17450,400,1579100,27980000000,-700,true,-3.86
"VPG",141732,"/Date(1705043790000)/",17500,500,1578700,27973000000,-650,false,-3.58
"VPG",141732,"/Date(1705043787000)/",17450,1600,1578200,27964000000,-700,true,-3.86
"VPG",141729,"/Date(1705043786000)/",17500,1200,1576600,27936000000,-650,false,-3.58
"VPG",141729,"/Date(1705043786000)/",17500,1800,1575400,27915000000,-650,false,-3.58
"VPG",141710,"/Date(1705043765000)/",17450,5000,1573600,27884000000,-700,true,-3.86
"VPG",141638,"/Date(1705043734000)/",17500,200,1568600,27797000000,-650,false,-3.58
"VPG",141634,"/Date(1705043730000)/",17500,400,1568400,27793000000,-650,false,-3.58
"VPG",141625,"/Date(1705043722000)/",17450,10000,1568000,27786000000,-700,true,-3.86
"VPG",141615,"/Date(1705043713000)/",17500,200,1558000,27612000000,-650,false,-3.58
"VPG",141553,"/Date(1705043690000)/",17500,400,1557800,27608000000,-650,false,-3.58
"VPG",141553,"/Date(1705043690000)/",17500,600,1557400,27601000000,-650,false,-3.58
"VPG",141524,"/Date(1705043661000)/",17500,500,1556800,27591000000,-650,false,-3.58
"VPG",141524,"/Date(1705043660000)/",17500,100,1556300,27582000000,-650,false,-3.58
"VPG",141511,"/Date(1705043646000)/",17500,200,1556200,27580000000,-650,false,-3.58
"VPG",141502,"/Date(1705043639000)/",17500,200,1556000,27577000000,-650,false,-3.58
"VPG",141439,"/Date(1705043615000)/",17500,2000,1555800,27573000000,-650,true,-3.58
"VPG",141439,"/Date(1705043615000)/",17500,1400,1553800,27538000000,-650,true,-3.58
"VPG",141436,"/Date(1705043612000)/",17500,400,1552400,27514000000,-650,true,-3.58
"VPG",141433,"/Date(1705043610000)/",17500,3200,1552000,27507000000,-650,true,-3.58
"VPG",141433,"/Date(1705043610000)/",17500,1300,1548800,27451000000,-650,true,-3.58
"VPG",141335,"/Date(1705043551000)/",17500,700,1547500,27428000000,-650,true,-3.58
"VPG",141335,"/Date(1705043551000)/",17500,4300,1546800,27416000000,-650,true,-3.58
"VPG",141316,"/Date(1705043532000)/",17550,300,1542500,27340000000,-600,true,-3.31
"VPG",141316,"/Date(1705043532000)/",17550,3100,1542200,27335000000,-600,true,-3.31
"VPG",141247,"/Date(1705043503000)/",17550,400,1539100,27281000000,-600,true,-3.31
"VPG",141244,"/Date(1705043500000)/",17600,1000,1538700,27274000000,-550,false,-3.03
"VPG",141225,"/Date(1705043482000)/",17550,100,1537700,27256000000,-600,false,-3.31
"VPG",141212,"/Date(1705043468000)/",17550,100,1537600,27254000000,-600,false,-3.31
"VPG",141146,"/Date(1705043441000)/",17550,2000,1537500,27253000000,-600,false,-3.31
"VPG",141137,"/Date(1705043432000)/",17500,1000,1535500,27217000000,-650,true,-3.58
"VPG",141137,"/Date(1705043432000)/",17500,1000,1534500,27200000000,-650,true,-3.58
"VPG",141130,"/Date(1705043426000)/",17550,2000,1533500,27182000000,-600,false,-3.31
"VPG",141045,"/Date(1705043380000)/",17500,4000,1531500,27147000000,-650,true,-3.58
"VPG",141045,"/Date(1705043380000)/",17500,2000,1527500,27077000000,-650,true,-3.58
"VPG",141007,"/Date(1705043344000)/",17550,1000,1525500,27042000000,-600,false,-3.31
"VPG",140945,"/Date(1705043321000)/",17550,900,1524500,27025000000,-600,false,-3.31
"VPG",140945,"/Date(1705043321000)/",17500,400,1523600,27009000000,-650,false,-3.58
"VPG",140938,"/Date(1705043313000)/",17500,400,1523200,27002000000,-650,false,-3.58
"VPG",140938,"/Date(1705043313000)/",17500,800,1522800,26995000000,-650,false,-3.58
"VPG",140929,"/Date(1705043305000)/",17500,100,1522000,26981000000,-650,true,-3.58
"VPG",140929,"/Date(1705043303000)/",17500,200,1521900,26979000000,-650,true,-3.58
"VPG",140909,"/Date(1705043286000)/",17500,1000,1521700,26976000000,-650,true,-3.58
"VPG",140906,"/Date(1705043283000)/",17500,2800,1520700,26958000000,-650,true,-3.58
"VPG",140906,"/Date(1705043283000)/",17500,1000,1517900,26909000000,-650,true,-3.58
"VPG",140906,"/Date(1705043283000)/",17500,1200,1516900,26892000000,-650,true,-3.58
"VPG",140900,"/Date(1705043274000)/",17500,200,1515700,26871000000,-650,true,-3.58
"VPG",140900,"/Date(1705043274000)/",17500,100,1515500,26867000000,-650,true,-3.58
"VPG",140900,"/Date(1705043274000)/",17500,200,1515400,26866000000,-650,true,-3.58
"VPG",140900,"/Date(1705043274000)/",17500,1000,1515200,26862000000,-650,true,-3.58
"VPG",140900,"/Date(1705043274000)/",17500,400,1514200,26845000000,-650,true,-3.58
"VPG",140900,"/Date(1705043274000)/",17500,100,1513800,26838000000,-650,true,-3.58
"VPG",140853,"/Date(1705043270000)/",17550,3900,1513700,26836000000,-600,false,-3.31
"VPG",140853,"/Date(1705043270000)/",17550,2700,1509800,26767000000,-600,false,-3.31
"VPG",140853,"/Date(1705043270000)/",17550,300,1507100,26720000000,-600,false,-3.31
"VPG",140850,"/Date(1705043267000)/",17500,100,1506800,26715000000,-650,true,-3.58
"VPG",140850,"/Date(1705043267000)/",17500,100,1506700,26713000000,-650,true,-3.58
"VPG",140850,"/Date(1705043267000)/",17500,1400,1506600,26711000000,-650,true,-3.58
"VPG",140840,"/Date(1705043256000)/",17500,700,1505200,26687000000,-650,true,-3.58
"VPG",140743,"/Date(1705043199000)/",17550,1000,1504500,26674000000,-600,false,-3.31
"VPG",140707,"/Date(1705043162000)/",17500,900,1503500,26657000000,-650,true,-3.58
"VPG",140707,"/Date(1705043162000)/",17500,1000,1502600,26641000000,-650,true,-3.58
"VPG",140707,"/Date(1705043162000)/",17500,200,1501600,26624000000,-650,true,-3.58
"VPG",140707,"/Date(1705043162000)/",17500,900,1501400,26620000000,-650,true,-3.58
"VPG",140707,"/Date(1705043162000)/",17500,400,1500500,26604000000,-650,true,-3.58
"VPG",140707,"/Date(1705043162000)/",17500,100,1500100,26597000000,-650,true,-3.58
"VPG",140707,"/Date(1705043162000)/",17500,100,1500000,26596000000,-650,true,-3.58
"VPG",140707,"/Date(1705043162000)/",17500,1000,1499900,26594000000,-650,true,-3.58
"VPG",140707,"/Date(1705043162000)/",17500,1400,1498900,26576000000,-650,true,-3.58
"VPG",140707,"/Date(1705043162000)/",17550,2000,1497500,26552000000,-600,true,-3.31
"VPG",140658,"/Date(1705043156000)/",17550,1000,1495500,26517000000,-600,true,-3.31
"VPG",140655,"/Date(1705043151000)/",17550,200,1494500,26499000000,-600,true,-3.31
"VPG",140655,"/Date(1705043151000)/",17550,100,1494300,26496000000,-600,true,-3.31
"VPG",140632,"/Date(1705043129000)/",17550,1300,1494200,26494000000,-600,false,-3.31
"VPG",140632,"/Date(1705043128000)/",17500,600,1492900,26471000000,-650,true,-3.58
"VPG",140632,"/Date(1705043128000)/",17500,1500,1492300,26461000000,-650,true,-3.58
"VPG",140632,"/Date(1705043128000)/",17500,2000,1490800,26434000000,-650,true,-3.58
"VPG",140632,"/Date(1705043128000)/",17500,1000,1488800,26399000000,-650,true,-3.58
"VPG",140632,"/Date(1705043128000)/",17500,200,1487800,26382000000,-650,true,-3.58
"VPG",140632,"/Date(1705043128000)/",17500,4000,1487600,26378000000,-650,true,-3.58
"VPG",140632,"/Date(1705043128000)/",17500,1000,1483600,26308000000,-650,true,-3.58
"VPG",140632,"/Date(1705043128000)/",17500,500,1482600,26291000000,-650,true,-3.58
"VPG",140632,"/Date(1705043128000)/",17500,300,1482100,26282000000,-650,true,-3.58
"VPG",140632,"/Date(1705043128000)/",17500,400,1481800,26277000000,-650,true,-3.58
"VPG",140632,"/Date(1705043128000)/",17500,500,1481400,26270000000,-650,true,-3.58
"VPG",140632,"/Date(1705043128000)/",17500,5000,1480900,26261000000,-650,true,-3.58
"VPG",140632,"/Date(1705043128000)/",17500,100,1475900,26174000000,-650,true,-3.58
"VPG",140632,"/Date(1705043128000)/",17500,500,1475800,26172000000,-650,true,-3.58
"VPG",140632,"/Date(1705043128000)/",17500,3000,1475300,26163000000,-650,true,-3.58
"VPG",140632,"/Date(1705043128000)/",17500,1100,1472300,26111000000,-650,true,-3.58
"VPG",140632,"/Date(1705043128000)/",17500,1000,1471200,26091000000,-650,true,-3.58
"VPG",140632,"/Date(1705043128000)/",17500,300,1470200,26074000000,-650,true,-3.58
"VPG",140632,"/Date(1705043128000)/",17500,500,1469900,26069000000,-650,true,-3.58
"VPG",140632,"/Date(1705043128000)/",17500,1700,1469400,26060000000,-650,true,-3.58
"VPG",140632,"/Date(1705043128000)/",17500,300,1467700,26030000000,-650,true,-3.58
"VPG",140632,"/Date(1705043128000)/",17500,300,1467400,26025000000,-650,true,-3.58
"VPG",140632,"/Date(1705043128000)/",17500,5000,1467100,26020000000,-650,true,-3.58
"VPG",140632,"/Date(1705043128000)/",17500,5000,1462100,25932000000,-650,true,-3.58
"VPG",140632,"/Date(1705043128000)/",17500,500,1457100,25845000000,-650,true,-3.58
"VPG",140632,"/Date(1705043128000)/",17500,1000,1456600,25836000000,-650,true,-3.58
"VPG",140626,"/Date(1705043123000)/",17550,700,1455600,25818000000,-600,true,-3.31
"VPG",140607,"/Date(1705043105000)/",17550,100,1454900,25806000000,-600,false,-3.31
"VPG",140600,"/Date(1705043097000)/",17550,300,1454800,25804000000,-600,false,-3.31
"VPG",140600,"/Date(1705043097000)/",17550,700,1454500,25799000000,-600,false,-3.31
"VPG",140600,"/Date(1705043097000)/",17550,200,1453800,25787000000,-600,false,-3.31
"VPG",140554,"/Date(1705043090000)/",17550,2000,1453600,25783000000,-600,false,-3.31
"VPG",140554,"/Date(1705043089000)/",17550,200,1451600,25748000000,-600,false,-3.31
"VPG",140544,"/Date(1705043081000)/",17550,400,1451400,25745000000,-600,false,-3.31
"VPG",140544,"/Date(1705043081000)/",17550,600,1451000,25738000000,-600,false,-3.31
"VPG",140535,"/Date(1705043072000)/",17550,500,1450400,25727000000,-600,false,-3.31
"VPG",140535,"/Date(1705043072000)/",17550,400,1449900,25718000000,-600,false,-3.31
"VPG",140535,"/Date(1705043072000)/",17550,1600,1449500,25711000000,-600,false,-3.31
"VPG",140535,"/Date(1705043072000)/",17550,2000,1447900,25683000000,-600,false,-3.31
"VPG",140535,"/Date(1705043072000)/",17550,4900,1445900,25648000000,-600,false,-3.31
"VPG",140535,"/Date(1705043072000)/",17550,800,1441000,25562000000,-600,false,-3.31
"VPG",140532,"/Date(1705043067000)/",17550,1600,1440200,25548000000,-600,true,-3.31
"VPG",140509,"/Date(1705043044000)/",17550,2700,1438600,25520000000,-600,true,-3.31
"VPG",140509,"/Date(1705043044000)/",17550,300,1435900,25473000000,-600,true,-3.31
"VPG",140450,"/Date(1705043027000)/",17550,700,1435600,25467000000,-600,true,-3.31
"VPG",140447,"/Date(1705043025000)/",17550,200,1434900,25455000000,-600,true,-3.31
"VPG",140447,"/Date(1705043025000)/",17550,200,1434700,25452000000,-600,true,-3.31
"VPG",140447,"/Date(1705043025000)/",17550,1000,1434500,25448000000,-600,true,-3.31
"VPG",140447,"/Date(1705043025000)/",17550,300,1433500,25431000000,-600,true,-3.31
"VPG",140447,"/Date(1705043025000)/",17550,100,1433200,25425000000,-600,true,-3.31
"VPG",140447,"/Date(1705043025000)/",17550,300,1433100,25424000000,-600,true,-3.31
"VPG",140447,"/Date(1705043025000)/",17550,300,1432800,25418000000,-600,true,-3.31
"VPG",140447,"/Date(1705043025000)/",17550,500,1432500,25413000000,-600,true,-3.31
"VPG",140447,"/Date(1705043025000)/",17550,400,1432000,25404000000,-600,true,-3.31
"VPG",140447,"/Date(1705043022000)/",17550,700,1431600,25397000000,-600,true,-3.31
"VPG",140447,"/Date(1705043022000)/",17550,300,1430900,25385000000,-600,true,-3.31
"VPG",140447,"/Date(1705043022000)/",17550,200,1430600,25380000000,-600,true,-3.31
"VPG",140447,"/Date(1705043022000)/",17550,4800,1430400,25376000000,-600,true,-3.31
"VPG",140418,"/Date(1705042994000)/",17550,2000,1425600,25292000000,-600,true,-3.31
"VPG",140415,"/Date(1705042990000)/",17550,5000,1423600,25257000000,-600,true,-3.31
"VPG",140402,"/Date(1705042979000)/",17550,8200,1418600,25169000000,-600,true,-3.31
"VPG",140402,"/Date(1705042979000)/",17550,200,1410400,25025000000,-600,true,-3.31
"VPG",140402,"/Date(1705042979000)/",17550,500,1410200,25022000000,-600,true,-3.31
"VPG",140402,"/Date(1705042979000)/",17550,1100,1409700,25013000000,-600,true,-3.31
"VPG",140356,"/Date(1705042973000)/",17600,1000,1408600,24994000000,-550,false,-3.03
"VPG",140353,"/Date(1705042968000)/",17550,7500,1407600,24976000000,-600,true,-3.31
"VPG",140353,"/Date(1705042968000)/",17550,100,1400100,24844000000,-600,true,-3.31
"VPG",140353,"/Date(1705042968000)/",17550,200,1400000,24843000000,-600,true,-3.31
"VPG",140353,"/Date(1705042968000)/",17550,1000,1399800,24839000000,-600,true,-3.31
"VPG",140353,"/Date(1705042968000)/",17550,5000,1398800,24821000000,-600,true,-3.31
"VPG",140353,"/Date(1705042968000)/",17550,1000,1393800,24734000000,-600,true,-3.31
"VPG",140353,"/Date(1705042968000)/",17550,1500,1392800,24716000000,-600,true,-3.31
"VPG",140337,"/Date(1705042952000)/",17600,1000,1391300,24690000000,-550,false,-3.03
"VPG",140327,"/Date(1705042945000)/",17550,500,1390300,24672000000,-600,true,-3.31
"VPG",140327,"/Date(1705042945000)/",17550,2500,1389800,24663000000,-600,true,-3.31
"VPG",140324,"/Date(1705042940000)/",17600,100,1387300,24620000000,-550,false,-3.03
"VPG",140308,"/Date(1705042924000)/",17600,100,1387200,24618000000,-550,false,-3.03
"VPG",140258,"/Date(1705042914000)/",17600,100,1387100,24616000000,-550,false,-3.03
"VPG",140249,"/Date(1705042904000)/",17600,1600,1387000,24614000000,-550,false,-3.03
"VPG",140249,"/Date(1705042904000)/",17600,2000,1385400,24586000000,-550,false,-3.03
"VPG",140249,"/Date(1705042904000)/",17600,10000,1383400,24551000000,-550,false,-3.03
"VPG",140249,"/Date(1705042904000)/",17600,5000,1373400,24375000000,-550,false,-3.03
"VPG",140249,"/Date(1705042904000)/",17600,300,1368400,24287000000,-550,false,-3.03
"VPG",140249,"/Date(1705042904000)/",17600,400,1368100,24282000000,-550,false,-3.03
"VPG",140249,"/Date(1705042904000)/",17600,200,1367700,24275000000,-550,false,-3.03
"VPG",140249,"/Date(1705042904000)/",17600,500,1367500,24271000000,-550,false,-3.03
"VPG",140249,"/Date(1705042904000)/",17600,100,1367000,24262000000,-550,false,-3.03
"VPG",140249,"/Date(1705042904000)/",17600,5100,1366900,24261000000,-550,false,-3.03
"VPG",140242,"/Date(1705042899000)/",17600,9900,1361800,24171000000,-550,true,-3.03
"VPG",140242,"/Date(1705042899000)/",17600,3000,1351900,23997000000,-550,true,-3.03
"VPG",140242,"/Date(1705042899000)/",17600,100,1348900,23944000000,-550,true,-3.03
"VPG",140242,"/Date(1705042899000)/",17600,100,1348800,23942000000,-550,true,-3.03
"VPG",140242,"/Date(1705042899000)/",17600,1900,1348700,23940000000,-550,true,-3.03
"VPG",140220,"/Date(1705042877000)/",17600,3100,1346800,23907000000,-550,true,-3.03
"VPG",140220,"/Date(1705042877000)/",17600,500,1343700,23852000000,-550,true,-3.03
"VPG",140220,"/Date(1705042877000)/",17600,6400,1343200,23843000000,-550,true,-3.03
"VPG",140207,"/Date(1705042863000)/",17600,1400,1336800,23731000000,-550,true,-3.03
"VPG",140207,"/Date(1705042863000)/",17600,400,1335400,23706000000,-550,true,-3.03
"VPG",140207,"/Date(1705042863000)/",17600,200,1335000,23699000000,-550,true,-3.03
"VPG",140207,"/Date(1705042863000)/",17600,300,1334800,23696000000,-550,true,-3.03
"VPG",140207,"/Date(1705042863000)/",17600,900,1334500,23690000000,-550,true,-3.03
"VPG",140103,"/Date(1705042799000)/",17600,100,1333600,23674000000,-550,true,-3.03
"VPG",140103,"/Date(1705042799000)/",17600,100,1333500,23673000000,-550,true,-3.03
"VPG",140103,"/Date(1705042799000)/",17600,800,1333400,23671000000,-550,true,-3.03
"VPG",140037,"/Date(1705042774000)/",17650,600,1332600,23657000000,-500,false,-2.75
"VPG",140037,"/Date(1705042774000)/",17650,100,1332000,23646000000,-500,false,-2.75
"VPG",140025,"/Date(1705042759000)/",17650,100,1331900,23645000000,-500,false,-2.75
"VPG",135908,"/Date(1705042683000)/",17650,100,1331800,23643000000,-500,false,-2.75
"VPG",135849,"/Date(1705042665000)/",17650,1500,1331700,23641000000,-500,false,-2.75
"VPG",135846,"/Date(1705042663000)/",17650,3300,1330200,23615000000,-500,false,-2.75
"VPG",135846,"/Date(1705042663000)/",17650,1700,1326900,23556000000,-500,false,-2.75
"VPG",135826,"/Date(1705042642000)/",17650,500,1325200,23526000000,-500,false,-2.75
"VPG",135814,"/Date(1705042629000)/",17650,2000,1324700,23517000000,-500,false,-2.75
"VPG",135810,"/Date(1705042626000)/",17650,2300,1322700,23482000000,-500,false,-2.75
"VPG",135810,"/Date(1705042626000)/",17650,700,1320400,23442000000,-500,false,-2.75
"VPG",135810,"/Date(1705042626000)/",17600,1200,1319700,23429000000,-550,true,-3.03
"VPG",135729,"/Date(1705042586000)/",17650,1000,1318500,23408000000,-500,false,-2.75
"VPG",135647,"/Date(1705042544000)/",17650,1400,1317500,23390000000,-500,false,-2.75
"VPG",135631,"/Date(1705042527000)/",17600,3200,1316100,23366000000,-550,true,-3.03
"VPG",135628,"/Date(1705042523000)/",17650,800,1312900,23309000000,-500,false,-2.75
"VPG",135605,"/Date(1705042501000)/",17600,1400,1312100,23295000000,-550,true,-3.03
"VPG",135553,"/Date(1705042488000)/",17600,2100,1310700,23271000000,-550,true,-3.03
"VPG",135540,"/Date(1705042477000)/",17650,1100,1308600,23234000000,-500,false,-2.75
"VPG",135540,"/Date(1705042477000)/",17650,900,1307500,23214000000,-500,false,-2.75
"VPG",135537,"/Date(1705042472000)/",17650,1500,1306600,23198000000,-500,false,-2.75
"VPG",135527,"/Date(1705042463000)/",17650,100,1305100,23172000000,-500,false,-2.75
"VPG",135524,"/Date(1705042459000)/",17650,100,1305000,23170000000,-500,false,-2.75
"VPG",135517,"/Date(1705042453000)/",17650,1300,1304900,23168000000,-500,false,-2.75
"VPG",135517,"/Date(1705042453000)/",17650,200,1303600,23145000000,-500,false,-2.75
"VPG",135508,"/Date(1705042443000)/",17650,3000,1303400,23142000000,-500,false,-2.75
"VPG",135407,"/Date(1705042384000)/",17600,1300,1300400,23089000000,-550,true,-3.03
"VPG",135407,"/Date(1705042384000)/",17600,100,1299100,23066000000,-550,true,-3.03
"VPG",135407,"/Date(1705042384000)/",17600,500,1299000,23064000000,-550,true,-3.03
"VPG",135407,"/Date(1705042384000)/",17600,200,1298500,23056000000,-550,true,-3.03
"VPG",135407,"/Date(1705042383000)/",17650,2900,1298300,23052000000,-500,false,-2.75
"VPG",135407,"/Date(1705042383000)/",17650,2100,1295400,23001000000,-500,false,-2.75
"VPG",135357,"/Date(1705042375000)/",17600,1200,1293300,22964000000,-550,true,-3.03
"VPG",135325,"/Date(1705042343000)/",17600,600,1292100,22943000000,-550,true,-3.03
"VPG",135325,"/Date(1705042343000)/",17600,200,1291500,22932000000,-550,true,-3.03
"VPG",135325,"/Date(1705042343000)/",17600,500,1291300,22929000000,-550,true,-3.03
"VPG",135325,"/Date(1705042343000)/",17600,100,1290800,22920000000,-550,true,-3.03
"VPG",135325,"/Date(1705042343000)/",17600,1800,1290700,22918000000,-550,true,-3.03
"VPG",135316,"/Date(1705042332000)/",17650,1200,1288900,22886000000,-500,false,-2.75
"VPG",135309,"/Date(1705042326000)/",17600,1200,1287700,22865000000,-550,true,-3.03
"VPG",135300,"/Date(1705042315000)/",17650,200,1286500,22844000000,-500,true,-2.75
"VPG",135300,"/Date(1705042315000)/",17650,1000,1286300,22840000000,-500,true,-2.75
"VPG",135300,"/Date(1705042315000)/",17650,500,1285300,22823000000,-500,true,-2.75
"VPG",135234,"/Date(1705042291000)/",17650,100,1284800,22814000000,-500,false,-2.75
"VPG",135231,"/Date(1705042287000)/",17650,400,1284700,22812000000,-500,false,-2.75
"VPG",135231,"/Date(1705042287000)/",17650,1000,1284300,22805000000,-500,false,-2.75
"VPG",135231,"/Date(1705042287000)/",17650,3600,1283300,22788000000,-500,false,-2.75
"VPG",135221,"/Date(1705042279000)/",17600,3000,1279700,22724000000,-550,true,-3.03
"VPG",135221,"/Date(1705042279000)/",17600,200,1276700,22671000000,-550,true,-3.03
"VPG",135215,"/Date(1705042271000)/",17650,2100,1276500,22668000000,-500,false,-2.75
"VPG",135205,"/Date(1705042260000)/",17600,300,1274400,22631000000,-550,true,-3.03
"VPG",135205,"/Date(1705042260000)/",17600,500,1274100,22625000000,-550,true,-3.03
"VPG",135205,"/Date(1705042260000)/",17600,500,1273600,22617000000,-550,true,-3.03
"VPG",135205,"/Date(1705042260000)/",17600,100,1273100,22608000000,-550,true,-3.03
"VPG",135205,"/Date(1705042260000)/",17600,200,1273000,22606000000,-550,true,-3.03
"VPG",135205,"/Date(1705042260000)/",17600,100,1272800,22602000000,-550,true,-3.03
"VPG",135205,"/Date(1705042260000)/",17600,1000,1272700,22601000000,-550,true,-3.03
"VPG",135205,"/Date(1705042260000)/",17600,200,1271700,22583000000,-550,true,-3.03
"VPG",135205,"/Date(1705042260000)/",17600,300,1271500,22580000000,-550,true,-3.03
"VPG",135153,"/Date(1705042248000)/",17600,1500,1271200,22574000000,-550,true,-3.03
"VPG",135146,"/Date(1705042241000)/",17600,3300,1269700,22548000000,-550,true,-3.03
"VPG",135146,"/Date(1705042241000)/",17600,1700,1266400,22490000000,-550,true,-3.03
"VPG",135130,"/Date(1705042226000)/",17600,3200,1264700,22460000000,-550,true,-3.03
"VPG",135127,"/Date(1705042224000)/",17650,100,1261500,22404000000,-500,false,-2.75
"VPG",135124,"/Date(1705042221000)/",17650,1000,1261400,22402000000,-500,false,-2.75
"VPG",135121,"/Date(1705042217000)/",17650,1300,1260400,22384000000,-500,false,-2.75
"VPG",135121,"/Date(1705042216000)/",17650,300,1259100,22361000000,-500,false,-2.75
"VPG",135114,"/Date(1705042210000)/",17600,3200,1258800,22356000000,-550,true,-3.03
"VPG",135105,"/Date(1705042202000)/",17600,2100,1255600,22300000000,-550,true,-3.03
"VPG",135058,"/Date(1705042194000)/",17600,1300,1253500,22263000000,-550,true,-3.03
"VPG",134916,"/Date(1705042091000)/",17650,1900,1252200,22240000000,-500,false,-2.75
"VPG",134916,"/Date(1705042091000)/",17650,100,1250300,22206000000,-500,false,-2.75
"VPG",134824,"/Date(1705042041000)/",17650,1000,1250200,22204000000,-500,false,-2.75
"VPG",134815,"/Date(1705042032000)/",17600,1000,1249200,22187000000,-550,true,-3.03
"VPG",134815,"/Date(1705042031000)/",17650,400,1248200,22169000000,-500,false,-2.75
"VPG",134815,"/Date(1705042031000)/",17650,300,1247800,22162000000,-500,false,-2.75
"VPG",134815,"/Date(1705042031000)/",17650,1200,1247500,22157000000,-500,false,-2.75
"VPG",134815,"/Date(1705042031000)/",17650,100,1246300,22136000000,-500,false,-2.75
"VPG",134805,"/Date(1705042021000)/",17650,900,1246200,22134000000,-500,false,-2.75
"VPG",134805,"/Date(1705042021000)/",17650,4500,1245300,22118000000,-500,false,-2.75
"VPG",134805,"/Date(1705042021000)/",17650,1000,1240800,22039000000,-500,false,-2.75
"VPG",134730,"/Date(1705041986000)/",17650,1000,1239800,22021000000,-500,false,-2.75
"VPG",134658,"/Date(1705041955000)/",17650,1000,1238800,22003000000,-500,false,-2.75
"VPG",134516,"/Date(1705041852000)/",17650,1200,1237800,21986000000,-500,false,-2.75
"VPG",134453,"/Date(1705041829000)/",17650,500,1236600,21964000000,-500,false,-2.75
"VPG",134450,"/Date(1705041826000)/",17650,300,1236100,21956000000,-500,false,-2.75
"VPG",134450,"/Date(1705041826000)/",17650,2000,1235800,21950000000,-500,false,-2.75
"VPG",134450,"/Date(1705041826000)/",17650,6600,1233800,21915000000,-500,false,-2.75
"VPG",134428,"/Date(1705041802000)/",17650,100,1227200,21799000000,-500,false,-2.75
"VPG",134340,"/Date(1705041758000)/",17600,5000,1227100,21797000000,-550,true,-3.03
"VPG",134327,"/Date(1705041744000)/",17600,2000,1222100,21709000000,-550,true,-3.03
"VPG",134321,"/Date(1705041737000)/",17600,300,1220100,21674000000,-550,true,-3.03
"VPG",134249,"/Date(1705041706000)/",17650,100,1219800,21668000000,-500,false,-2.75
"VPG",134239,"/Date(1705041695000)/",17650,100,1219700,21667000000,-500,false,-2.75
"VPG",134204,"/Date(1705041661000)/",17650,100,1219600,21665000000,-500,false,-2.75
"VPG",134158,"/Date(1705041653000)/",17650,3000,1219500,21663000000,-500,false,-2.75
"VPG",134148,"/Date(1705041644000)/",17650,2000,1216500,21610000000,-500,true,-2.75
"VPG",134145,"/Date(1705041640000)/",17600,200,1214500,21575000000,-550,true,-3.03
"VPG",134106,"/Date(1705041603000)/",17600,100,1214300,21571000000,-550,true,-3.03
"VPG",134106,"/Date(1705041603000)/",17600,100,1214200,21569000000,-550,true,-3.03
"VPG",134025,"/Date(1705041560000)/",17650,2000,1214100,21568000000,-500,false,-2.75
"VPG",134025,"/Date(1705041560000)/",17650,200,1212100,21532000000,-500,false,-2.75
"VPG",134025,"/Date(1705041560000)/",17650,500,1211900,21529000000,-500,false,-2.75
"VPG",134025,"/Date(1705041560000)/",17650,1000,1211400,21520000000,-500,false,-2.75
"VPG",134025,"/Date(1705041560000)/",17650,100,1210400,21502000000,-500,false,-2.75
"VPG",134025,"/Date(1705041560000)/",17650,1000,1210300,21501000000,-500,false,-2.75
"VPG",134025,"/Date(1705041560000)/",17650,200,1209300,21483000000,-500,false,-2.75
"VPG",134025,"/Date(1705041560000)/",17650,100,1209100,21479000000,-500,false,-2.75
"VPG",134025,"/Date(1705041560000)/",17650,1000,1209000,21478000000,-500,false,-2.75
"VPG",134025,"/Date(1705041560000)/",17650,100,1208000,21460000000,-500,false,-2.75
"VPG",134025,"/Date(1705041560000)/",17650,1200,1207900,21458000000,-500,false,-2.75
"VPG",134025,"/Date(1705041560000)/",17650,500,1206700,21437000000,-500,false,-2.75
"VPG",134025,"/Date(1705041560000)/",17650,800,1206200,21428000000,-500,false,-2.75
"VPG",134002,"/Date(1705041538000)/",17650,200,1205400,21414000000,-500,true,-2.75
"VPG",134002,"/Date(1705041538000)/",17650,200,1205200,21411000000,-500,true,-2.75
"VPG",134002,"/Date(1705041538000)/",17650,100,1205000,21407000000,-500,true,-2.75
"VPG",133911,"/Date(1705041487000)/",17650,200,1204900,21405000000,-500,true,-2.75
"VPG",133843,"/Date(1705041458000)/",17650,700,1204700,21402000000,-500,true,-2.75
"VPG",133843,"/Date(1705041458000)/",17650,500,1204000,21389000000,-500,true,-2.75
"VPG",133843,"/Date(1705041458000)/",17650,1000,1203500,21381000000,-500,true,-2.75
"VPG",133843,"/Date(1705041458000)/",17650,2000,1202500,21363000000,-500,true,-2.75
"VPG",133843,"/Date(1705041458000)/",17650,500,1200500,21328000000,-500,true,-2.75
"VPG",133843,"/Date(1705041458000)/",17650,100,1200000,21319000000,-500,true,-2.75
"VPG",133843,"/Date(1705041458000)/",17650,200,1199900,21317000000,-500,true,-2.75
"VPG",133833,"/Date(1705041449000)/",17650,800,1199700,21314000000,-500,true,-2.75
"VPG",133833,"/Date(1705041449000)/",17650,100,1198900,21299000000,-500,true,-2.75
"VPG",133833,"/Date(1705041449000)/",17650,2000,1198800,21298000000,-500,true,-2.75
"VPG",133833,"/Date(1705041449000)/",17650,500,1196800,21262000000,-500,true,-2.75
"VPG",133833,"/Date(1705041449000)/",17650,1000,1196300,21254000000,-500,true,-2.75
"VPG",133833,"/Date(1705041449000)/",17650,500,1195300,21236000000,-500,true,-2.75
"VPG",133833,"/Date(1705041449000)/",17650,100,1194800,21227000000,-500,true,-2.75
"VPG",133833,"/Date(1705041449000)/",17650,1500,1194700,21225000000,-500,true,-2.75
"VPG",133833,"/Date(1705041449000)/",17650,1000,1193200,21199000000,-500,true,-2.75
"VPG",133833,"/Date(1705041449000)/",17650,2500,1192200,21181000000,-500,true,-2.75
"VPG",133719,"/Date(1705041376000)/",17650,4000,1189700,21137000000,-500,true,-2.75
"VPG",133700,"/Date(1705041358000)/",17700,500,1185700,21066000000,-450,false,-2.48
"VPG",133654,"/Date(1705041351000)/",17700,1000,1185200,21058000000,-450,false,-2.48
"VPG",133534,"/Date(1705041270000)/",17700,1500,1184200,21040000000,-450,false,-2.48
"VPG",133534,"/Date(1705041270000)/",17700,500,1182700,21013000000,-450,false,-2.48
"VPG",133459,"/Date(1705041234000)/",17700,2000,1182200,21005000000,-450,false,-2.48
"VPG",133329,"/Date(1705041145000)/",17700,2000,1180200,20969000000,-450,false,-2.48
"VPG",133329,"/Date(1705041145000)/",17700,1000,1178200,20934000000,-450,false,-2.48
"VPG",133316,"/Date(1705041131000)/",17650,3500,1177200,20916000000,-500,true,-2.75
"VPG",133316,"/Date(1705041131000)/",17650,1500,1173700,20854000000,-500,true,-2.75
"VPG",133257,"/Date(1705041113000)/",17700,700,1172200,20828000000,-450,false,-2.48
"VPG",133251,"/Date(1705041106000)/",17700,4500,1171500,20815000000,-450,true,-2.48
"VPG",133241,"/Date(1705041098000)/",17700,2000,1167000,20736000000,-450,true,-2.48
"VPG",133241,"/Date(1705041097000)/",17700,5000,1165000,20700000000,-450,true,-2.48
"VPG",133231,"/Date(1705041088000)/",17700,3800,1160000,20612000000,-450,true,-2.48
"VPG",133219,"/Date(1705041075000)/",17700,1800,1156200,20545000000,-450,false,-2.48
"VPG",133219,"/Date(1705041075000)/",17700,3100,1154400,20513000000,-450,false,-2.48
"VPG",133219,"/Date(1705041075000)/",17700,9100,1151300,20458000000,-450,false,-2.48
"VPG",133209,"/Date(1705041064000)/",17700,100,1142200,20297000000,-450,false,-2.48
"VPG",133121,"/Date(1705041018000)/",17650,1200,1142100,20295000000,-500,true,-2.75
"VPG",133114,"/Date(1705041010000)/",17650,1000,1140900,20274000000,-500,true,-2.75
"VPG",133111,"/Date(1705041009000)/",17700,800,1139900,20256000000,-450,false,-2.48
"VPG",133111,"/Date(1705041009000)/",17700,2600,1139100,20242000000,-450,false,-2.48
"VPG",133111,"/Date(1705041009000)/",17700,1600,1136500,20196000000,-450,false,-2.48
"VPG",133042,"/Date(1705040979000)/",17700,100,1134900,20168000000,-450,false,-2.48
"VPG",133042,"/Date(1705040979000)/",17700,200,1134800,20166000000,-450,false,-2.48
"VPG",133042,"/Date(1705040979000)/",17700,100,1134600,20162000000,-450,false,-2.48
"VPG",133039,"/Date(1705040975000)/",17700,100,1134500,20161000000,-450,true,-2.48
"VPG",133039,"/Date(1705040975000)/",17700,3000,1134400,20159000000,-450,true,-2.48
"VPG",133039,"/Date(1705040975000)/",17700,5000,1131400,20106000000,-450,true,-2.48
"VPG",133039,"/Date(1705040975000)/",17700,1900,1126400,20017000000,-450,true,-2.48
"VPG",133039,"/Date(1705040975000)/",17750,100,1124500,19984000000,-400,false,-2.2
"VPG",132610,"/Date(1705040700000)/",17750,200,1124400,19982000000,-400,false,-2.2
"VPG",132535,"/Date(1705040671000)/",17750,500,1124200,19978000000,-400,false,-2.2
"VPG",132509,"/Date(1705040646000)/",17700,1000,1123700,19969000000,-450,false,-2.48
"VPG",132509,"/Date(1705040646000)/",17700,2000,1122700,19952000000,-450,false,-2.48
"VPG",132509,"/Date(1705040646000)/",17700,15100,1120700,19916000000,-450,false,-2.48
"VPG",132415,"/Date(1705040590000)/",17700,500,1105600,19649000000,-450,false,-2.48
"VPG",132333,"/Date(1705040548000)/",17700,500,1105100,19640000000,-450,false,-2.48
"VPG",132255,"/Date(1705040513000)/",17650,3000,1104600,19631000000,-500,true,-2.75
"VPG",132239,"/Date(1705040495000)/",17700,3900,1101600,19578000000,-450,false,-2.48
"VPG",132239,"/Date(1705040495000)/",17700,1100,1097700,19509000000,-450,false,-2.48
"VPG",132229,"/Date(1705040487000)/",17650,2000,1096600,19490000000,-500,true,-2.75
"VPG",132148,"/Date(1705040443000)/",17700,200,1094600,19455000000,-450,false,-2.48
"VPG",132119,"/Date(1705040415000)/",17700,100,1094400,19451000000,-450,false,-2.48
"VPG",132047,"/Date(1705040384000)/",17700,1000,1094300,19449000000,-450,false,-2.48
"VPG",132038,"/Date(1705040373000)/",17700,4600,1093300,19432000000,-450,false,-2.48
"VPG",132038,"/Date(1705040373000)/",17700,4500,1088700,19350000000,-450,false,-2.48
"VPG",132038,"/Date(1705040373000)/",17700,900,1084200,19270000000,-450,false,-2.48
"VPG",132022,"/Date(1705040358000)/",17700,300,1083300,19255000000,-450,false,-2.48
"VPG",131839,"/Date(1705040256000)/",17700,1400,1083000,19249000000,-450,false,-2.48
"VPG",131836,"/Date(1705040252000)/",17700,2400,1081600,19224000000,-450,false,-2.48
"VPG",131735,"/Date(1705040192000)/",17700,2600,1079200,19182000000,-450,false,-2.48
"VPG",131723,"/Date(1705040179000)/",17700,500,1076600,19136000000,-450,false,-2.48
"VPG",131654,"/Date(1705040152000)/",17700,1000,1076100,19127000000,-450,false,-2.48
"VPG",131654,"/Date(1705040149000)/",17700,9100,1075100,19109000000,-450,false,-2.48
"VPG",131654,"/Date(1705040149000)/",17700,3200,1066000,18948000000,-450,false,-2.48
"VPG",131654,"/Date(1705040149000)/",17700,2700,1062800,18892000000,-450,false,-2.48
"VPG",131629,"/Date(1705040123000)/",17700,1000,1060100,18844000000,-450,false,-2.48
"VPG",131553,"/Date(1705040090000)/",17700,500,1059100,18826000000,-450,false,-2.48
"VPG",131502,"/Date(1705040040000)/",17650,1300,1058600,18817000000,-500,true,-2.75
"VPG",131502,"/Date(1705040040000)/",17650,200,1057300,18794000000,-500,true,-2.75
"VPG",131502,"/Date(1705040040000)/",17650,100,1057100,18791000000,-500,true,-2.75
"VPG",131502,"/Date(1705040040000)/",17650,400,1057000,18789000000,-500,true,-2.75
"VPG",131459,"/Date(1705040034000)/",17700,1200,1056600,18782000000,-450,false,-2.48
"VPG",131427,"/Date(1705040003000)/",17700,100,1055400,18761000000,-450,false,-2.48
"VPG",131414,"/Date(1705039989000)/",17700,1400,1055300,18759000000,-450,false,-2.48
"VPG",131414,"/Date(1705039989000)/",17700,2600,1053900,18734000000,-450,false,-2.48
"VPG",131251,"/Date(1705039907000)/",17650,100,1051300,18688000000,-500,true,-2.75
"VPG",131232,"/Date(1705039889000)/",17700,12400,1051200,18686000000,-450,false,-2.48
"VPG",131232,"/Date(1705039889000)/",17700,3600,1038800,18467000000,-450,false,-2.48
"VPG",131002,"/Date(1705039739000)/",17700,600,1035200,18403000000,-450,false,-2.48
"VPG",130800,"/Date(1705039617000)/",17700,100,1034600,18393000000,-450,false,-2.48
"VPG",130741,"/Date(1705039599000)/",17700,4200,1034500,18391000000,-450,false,-2.48
"VPG",130719,"/Date(1705039576000)/",17700,200,1030300,18317000000,-450,true,-2.48
"VPG",130310,"/Date(1705039325000)/",17700,1800,1030100,18313000000,-450,true,-2.48
"VPG",130310,"/Date(1705039325000)/",17700,200,1028300,18281000000,-450,true,-2.48
"VPG",130310,"/Date(1705039325000)/",17700,3000,1028100,18278000000,-450,true,-2.48
"VPG",130310,"/Date(1705039325000)/",17700,100,1025100,18225000000,-450,true,-2.48
"VPG",130310,"/Date(1705039325000)/",17700,900,1025000,18223000000,-450,true,-2.48
"VPG",130310,"/Date(1705039325000)/",17750,100,1024100,18207000000,-400,false,-2.2
"VPG",130310,"/Date(1705039325000)/",17750,500,1024000,18205000000,-400,false,-2.2
"VPG",130206,"/Date(1705039263000)/",17750,1000,1023500,18196000000,-400,true,-2.2
"VPG",130143,"/Date(1705039230000)/",17750,500,1022500,18178000000,-400,true,-2.2
"VPG",130124,"/Date(1705039201000)/",17700,3100,1022000,18170000000,-450,true,-2.48
"VPG",130124,"/Date(1705039201000)/",17700,1000,1018900,18115000000,-450,true,-2.48
"VPG",130124,"/Date(1705039201000)/",17700,3000,1017900,18097000000,-450,true,-2.48
"VPG",130124,"/Date(1705039201000)/",17700,2400,1014900,18044000000,-450,true,-2.48
"VPG",130124,"/Date(1705039201000)/",17750,500,1012500,18001000000,-400,true,-2.2
"VPG",130121,"/Date(1705039201000)/",17750,100,1012000,17993000000,-400,true,-2.2
"VPG",130121,"/Date(1705039201000)/",17750,200,1011900,17991000000,-400,true,-2.2
"VPG",112823,"/Date(1705033707000)/",17750,4200,1011700,17987000000,-400,true,-2.2
"VPG",112807,"/Date(1705033691000)/",17750,1100,1007500,17913000000,-400,false,-2.2
"VPG",112807,"/Date(1705033691000)/",17750,500,1006400,17893000000,-400,false,-2.2
"VPG",112807,"/Date(1705033691000)/",17750,200,1005900,17884000000,-400,false,-2.2
"VPG",112744,"/Date(1705033669000)/",17750,500,1005700,17881000000,-400,false,-2.2
"VPG",112635,"/Date(1705033600000)/",17700,1600,1005200,17872000000,-450,true,-2.48
"VPG",112635,"/Date(1705033600000)/",17700,1900,1003600,17843000000,-450,true,-2.48
"VPG",112625,"/Date(1705033593000)/",17750,300,1001700,17810000000,-400,false,-2.2
"VPG",112625,"/Date(1705033593000)/",17750,700,1001400,17805000000,-400,false,-2.2
"VPG",112535,"/Date(1705033545000)/",17700,2600,1000700,17792000000,-450,true,-2.48
"VPG",112535,"/Date(1705033545000)/",17700,5000,998100,17746000000,-450,true,-2.48
"VPG",112535,"/Date(1705033545000)/",17700,400,993100,17658000000,-450,true,-2.48
"VPG",112348,"/Date(1705033442000)/",17750,100,992700,17651000000,-400,false,-2.2
"VPG",112335,"/Date(1705033428000)/",17750,1200,992600,17649000000,-400,false,-2.2
"VPG",112335,"/Date(1705033428000)/",17750,500,991400,17627000000,-400,false,-2.2
"VPG",112335,"/Date(1705033428000)/",17750,600,990900,17619000000,-400,false,-2.2
"VPG",112335,"/Date(1705033428000)/",17700,1700,990300,17608000000,-450,true,-2.48
"VPG",112332,"/Date(1705033426000)/",17700,100,988600,17578000000,-450,false,-2.48
"VPG",112332,"/Date(1705033426000)/",17700,500,988500,17576000000,-450,false,-2.48
"VPG",112332,"/Date(1705033426000)/",17700,1200,988000,17567000000,-450,false,-2.48
"VPG",112332,"/Date(1705033426000)/",17700,1000,986800,17546000000,-450,false,-2.48
"VPG",112332,"/Date(1705033426000)/",17700,500,985800,17528000000,-450,false,-2.48
"VPG",112332,"/Date(1705033426000)/",17700,500,985300,17519000000,-450,false,-2.48
"VPG",112332,"/Date(1705033426000)/",17700,200,984800,17511000000,-450,false,-2.48
"VPG",112332,"/Date(1705033426000)/",17700,100,984600,17507000000,-450,false,-2.48
"VPG",112322,"/Date(1705033417000)/",17750,100,984500,17505000000,-400,false,-2.2
"VPG",112306,"/Date(1705033401000)/",17750,100,984400,17503000000,-400,false,-2.2
"VPG",112300,"/Date(1705033395000)/",17700,400,984300,17502000000,-450,true,-2.48
"VPG",112300,"/Date(1705033395000)/",17700,400,983900,17495000000,-450,true,-2.48
"VPG",112300,"/Date(1705033395000)/",17700,1200,983500,17488000000,-450,true,-2.48
"VPG",112143,"/Date(1705033317000)/",17700,3800,982300,17466000000,-450,true,-2.48
"VPG",112143,"/Date(1705033317000)/",17700,500,978500,17399000000,-450,true,-2.48
"VPG",112143,"/Date(1705033317000)/",17700,5000,978000,17390000000,-450,true,-2.48
"VPG",112143,"/Date(1705033317000)/",17700,700,973000,17302000000,-450,true,-2.48
"VPG",112134,"/Date(1705033309000)/",17750,100,972300,17289000000,-400,false,-2.2
"VPG",112130,"/Date(1705033303000)/",17750,1200,972200,17288000000,-400,false,-2.2
"VPG",111819,"/Date(1705033113000)/",17700,1300,971000,17266000000,-450,true,-2.48
"VPG",111819,"/Date(1705033113000)/",17700,1000,969700,17243000000,-450,true,-2.48
"VPG",111819,"/Date(1705033113000)/",17700,1000,968700,17226000000,-450,true,-2.48
"VPG",111819,"/Date(1705033113000)/",17700,1900,967700,17208000000,-450,true,-2.48
"VPG",111819,"/Date(1705033113000)/",17700,700,965800,17174000000,-450,true,-2.48
"VPG",111819,"/Date(1705033113000)/",17700,3000,965100,17162000000,-450,true,-2.48
"VPG",111819,"/Date(1705033113000)/",17700,1300,962100,17109000000,-450,true,-2.48
"VPG",111819,"/Date(1705033113000)/",17700,2000,960800,17086000000,-450,true,-2.48
"VPG",111819,"/Date(1705033113000)/",17700,1500,958800,17050000000,-450,true,-2.48
"VPG",111154,"/Date(1705032726000)/",17700,3000,957300,17024000000,-450,true,-2.48
"VPG",111019,"/Date(1705032631000)/",17700,800,954300,16971000000,-450,true,-2.48
"VPG",111000,"/Date(1705032612000)/",17700,500,953500,16956000000,-450,true,-2.48
"VPG",110932,"/Date(1705032585000)/",17700,700,953000,16948000000,-450,true,-2.48
"VPG",110932,"/Date(1705032585000)/",17700,100,952300,16935000000,-450,true,-2.48
"VPG",110932,"/Date(1705032585000)/",17700,300,952200,16933000000,-450,true,-2.48
"VPG",110932,"/Date(1705032585000)/",17700,300,951900,16928000000,-450,true,-2.48
"VPG",110932,"/Date(1705032585000)/",17700,2000,951600,16923000000,-450,true,-2.48
"VPG",110932,"/Date(1705032585000)/",17700,1100,949600,16887000000,-450,true,-2.48
"VPG",110932,"/Date(1705032585000)/",17700,200,948500,16868000000,-450,true,-2.48
"VPG",110932,"/Date(1705032585000)/",17700,300,948300,16864000000,-450,true,-2.48
"VPG",110923,"/Date(1705032574000)/",17700,1000,948000,16859000000,-450,true,-2.48
"VPG",110852,"/Date(1705032542000)/",17700,5000,947000,16841000000,-450,true,-2.48
"VPG",110709,"/Date(1705032432000)/",17750,100,942000,16753000000,-400,false,-2.2
"VPG",110648,"/Date(1705032410000)/",17750,3000,941900,16751000000,-400,false,-2.2
"VPG",110331,"/Date(1705032210000)/",17750,2700,938900,16698000000,-400,false,-2.2
"VPG",110331,"/Date(1705032210000)/",17750,7300,936200,16650000000,-400,false,-2.2
"VPG",110313,"/Date(1705032188000)/",17750,200,928900,16520000000,-400,false,-2.2
"VPG",110209,"/Date(1705032122000)/",17750,10000,928700,16517000000,-400,false,-2.2
"VPG",110131,"/Date(1705032082000)/",17750,500,918700,16339000000,-400,true,-2.2
"VPG",110131,"/Date(1705032082000)/",17750,1000,918200,16330000000,-400,true,-2.2
"VPG",110131,"/Date(1705032082000)/",17750,1000,917200,16313000000,-400,true,-2.2
"VPG",110019,"/Date(1705032008000)/",17800,2000,916200,16295000000,-350,false,-1.93
"VPG",105947,"/Date(1705031977000)/",17700,10600,914200,16259000000,-450,true,-2.48
"VPG",105947,"/Date(1705031977000)/",17700,5000,903600,16072000000,-450,true,-2.48
"VPG",105947,"/Date(1705031977000)/",17700,500,898600,15983000000,-450,true,-2.48
"VPG",105947,"/Date(1705031977000)/",17700,1900,898100,15974000000,-450,true,-2.48
"VPG",105928,"/Date(1705031956000)/",17800,2000,896200,15941000000,-350,false,-1.93
"VPG",105915,"/Date(1705031942000)/",17800,2000,894200,15905000000,-350,false,-1.93
"VPG",105915,"/Date(1705031942000)/",17800,1000,892200,15870000000,-350,false,-1.93
"VPG",105912,"/Date(1705031940000)/",17800,200,891200,15852000000,-350,false,-1.93
"VPG",105850,"/Date(1705031919000)/",17800,1700,891000,15848000000,-350,false,-1.93
"VPG",105850,"/Date(1705031919000)/",17750,2200,889300,15818000000,-400,false,-2.2
"VPG",105843,"/Date(1705031911000)/",17750,1000,887100,15779000000,-400,false,-2.2
"VPG",105843,"/Date(1705031911000)/",17750,200,886100,15761000000,-400,false,-2.2
"VPG",105843,"/Date(1705031911000)/",17750,1000,885900,15758000000,-400,false,-2.2
"VPG",105843,"/Date(1705031911000)/",17750,5000,884900,15740000000,-400,false,-2.2
"VPG",105843,"/Date(1705031911000)/",17750,3500,879900,15651000000,-400,false,-2.2
"VPG",105843,"/Date(1705031911000)/",17750,2300,876400,15589000000,-400,false,-2.2
"VPG",105843,"/Date(1705031911000)/",17750,4800,874100,15548000000,-400,false,-2.2
"VPG",105805,"/Date(1705031874000)/",17800,1000,869300,15463000000,-350,false,-1.93
"VPG",105752,"/Date(1705031861000)/",17800,1200,868300,15445000000,-350,false,-1.93
"VPG",105711,"/Date(1705031820000)/",17800,100,867100,15424000000,-350,false,-1.93
"VPG",105655,"/Date(1705031803000)/",17800,100,867000,15422000000,-350,false,-1.93
"VPG",105648,"/Date(1705031797000)/",17800,500,866900,15420000000,-350,false,-1.93
"VPG",105648,"/Date(1705031796000)/",17800,2000,866400,15411000000,-350,false,-1.93
"VPG",105645,"/Date(1705031792000)/",17750,100,864400,15376000000,-400,true,-2.2
"VPG",105545,"/Date(1705031732000)/",17800,1000,864300,15374000000,-350,false,-1.93
"VPG",105529,"/Date(1705031717000)/",17800,500,863300,15356000000,-350,false,-1.93
"VPG",105513,"/Date(1705031700000)/",17800,500,862800,15347000000,-350,false,-1.93
"VPG",105409,"/Date(1705031638000)/",17750,8000,862300,15338000000,-400,true,-2.2
"VPG",105402,"/Date(1705031630000)/",17750,7000,854300,15196000000,-400,true,-2.2
"VPG",105324,"/Date(1705031592000)/",17750,100,847300,15072000000,-400,true,-2.2
"VPG",105308,"/Date(1705031576000)/",17700,6900,847200,15070000000,-450,true,-2.48
"VPG",105207,"/Date(1705031517000)/",17700,1200,840300,14948000000,-450,true,-2.48
"VPG",105207,"/Date(1705031517000)/",17700,100,839100,14927000000,-450,true,-2.48
"VPG",105207,"/Date(1705031517000)/",17700,1500,839000,14925000000,-450,true,-2.48
"VPG",105207,"/Date(1705031517000)/",17750,200,837500,14899000000,-400,false,-2.2
"VPG",105207,"/Date(1705031516000)/",17750,200,837300,14895000000,-400,false,-2.2
"VPG",105207,"/Date(1705031516000)/",17750,24600,837100,14892000000,-400,false,-2.2
"VPG",105158,"/Date(1705031508000)/",17700,500,812500,14455000000,-450,true,-2.48
"VPG",105158,"/Date(1705031508000)/",17700,1000,812000,14446000000,-450,true,-2.48
"VPG",105158,"/Date(1705031508000)/",17700,1000,811000,14428000000,-450,true,-2.48
"VPG",105158,"/Date(1705031508000)/",17700,1500,810000,14411000000,-450,true,-2.48
"VPG",105126,"/Date(1705031474000)/",17750,200,808500,14384000000,-400,false,-2.2
"VPG",105015,"/Date(1705031403000)/",17750,600,808300,14381000000,-400,false,-2.2
"VPG",104924,"/Date(1705031353000)/",17700,1000,807700,14370000000,-450,false,-2.48
"VPG",104836,"/Date(1705031304000)/",17700,100,806700,14352000000,-450,false,-2.48
"VPG",104836,"/Date(1705031304000)/",17700,1000,806600,14350000000,-450,false,-2.48
"VPG",104836,"/Date(1705031304000)/",17700,100,805600,14333000000,-450,false,-2.48
"VPG",104836,"/Date(1705031304000)/",17700,200,805500,14331000000,-450,false,-2.48
"VPG",104750,"/Date(1705031259000)/",17750,1500,805300,14327000000,-400,false,-2.2
"VPG",104737,"/Date(1705031248000)/",17700,800,803800,14301000000,-450,true,-2.48
"VPG",104737,"/Date(1705031248000)/",17700,1800,803000,14287000000,-450,true,-2.48
"VPG",104737,"/Date(1705031248000)/",17700,500,801200,14255000000,-450,true,-2.48
"VPG",104737,"/Date(1705031248000)/",17700,200,800700,14246000000,-450,true,-2.48
"VPG",104651,"/Date(1705031202000)/",17700,800,800500,14242000000,-450,true,-2.48
"VPG",104651,"/Date(1705031202000)/",17700,1000,799700,14228000000,-450,true,-2.48
"VPG",104651,"/Date(1705031202000)/",17700,1000,798700,14211000000,-450,true,-2.48
"VPG",104651,"/Date(1705031202000)/",17700,15000,797700,14193000000,-450,true,-2.48
"VPG",104651,"/Date(1705031202000)/",17700,500,782700,13927000000,-450,true,-2.48
"VPG",104651,"/Date(1705031202000)/",17700,5000,782200,13918000000,-450,true,-2.48
"VPG",104651,"/Date(1705031202000)/",17700,3000,777200,13830000000,-450,true,-2.48
"VPG",104651,"/Date(1705031202000)/",17700,2400,774200,13777000000,-450,true,-2.48
"VPG",104651,"/Date(1705031202000)/",17700,1000,771800,13734000000,-450,true,-2.48
"VPG",104651,"/Date(1705031202000)/",17700,500,770800,13717000000,-450,true,-2.48
"VPG",104625,"/Date(1705031176000)/",17750,1000,770300,13708000000,-400,true,-2.2
"VPG",104625,"/Date(1705031176000)/",17750,500,769300,13690000000,-400,true,-2.2
"VPG",104625,"/Date(1705031176000)/",17750,500,768800,13681000000,-400,true,-2.2
"VPG",104625,"/Date(1705031176000)/",17750,100,768300,13672000000,-400,true,-2.2
"VPG",104625,"/Date(1705031176000)/",17750,1000,768200,13671000000,-400,true,-2.2
"VPG",104457,"/Date(1705031095000)/",17800,1000,767200,13653000000,-350,false,-1.93
"VPG",104447,"/Date(1705031085000)/",17800,400,766200,13635000000,-350,false,-1.93
"VPG",104408,"/Date(1705031049000)/",17800,100,765800,13628000000,-350,false,-1.93
"VPG",104352,"/Date(1705031033000)/",17800,100,765700,13626000000,-350,false,-1.93
"VPG",104311,"/Date(1705030992000)/",17800,1400,765600,13624000000,-350,false,-1.93
"VPG",104311,"/Date(1705030992000)/",17800,3600,764200,13599000000,-350,false,-1.93
"VPG",104308,"/Date(1705030989000)/",17750,5000,760600,13535000000,-400,true,-2.2
"VPG",104227,"/Date(1705030947000)/",17800,400,755600,13447000000,-350,false,-1.93
"VPG",104054,"/Date(1705030855000)/",17800,1200,755200,13439000000,-350,false,-1.93
"VPG",104054,"/Date(1705030855000)/",17800,4300,754000,13418000000,-350,false,-1.93
"VPG",103956,"/Date(1705030798000)/",17800,5700,749700,13342000000,-350,false,-1.93
"VPG",103923,"/Date(1705030767000)/",17800,200,744000,13240000000,-350,false,-1.93
"VPG",103914,"/Date(1705030755000)/",17800,2000,743800,13237000000,-350,false,-1.93
"VPG",103841,"/Date(1705030725000)/",17800,2000,741800,13201000000,-350,false,-1.93
"VPG",103828,"/Date(1705030712000)/",17700,500,739800,13165000000,-450,true,-2.48
"VPG",103821,"/Date(1705030706000)/",17700,500,739300,13156000000,-450,false,-2.48
"VPG",103821,"/Date(1705030706000)/",17700,1000,738800,13148000000,-450,false,-2.48
"VPG",103821,"/Date(1705030706000)/",17700,8500,737800,13130000000,-450,false,-2.48
"VPG",103818,"/Date(1705030702000)/",17700,400,729300,12979000000,-450,false,-2.48
"VPG",103805,"/Date(1705030690000)/",17700,200,728900,12972000000,-450,false,-2.48
"VPG",103741,"/Date(1705030666000)/",17700,3000,728700,12969000000,-450,false,-2.48
"VPG",103738,"/Date(1705030663000)/",17700,200,725700,12916000000,-450,false,-2.48
"VPG",103731,"/Date(1705030657000)/",17700,1500,725500,12912000000,-450,false,-2.48
"VPG",103728,"/Date(1705030654000)/",17700,5000,724000,12886000000,-450,false,-2.48
"VPG",103725,"/Date(1705030649000)/",17700,100,719000,12797000000,-450,false,-2.48
"VPG",103718,"/Date(1705030643000)/",17700,300,718900,12795000000,-450,false,-2.48
"VPG",103644,"/Date(1705030614000)/",17700,200,718600,12790000000,-450,false,-2.48
"VPG",103637,"/Date(1705030606000)/",17700,100,718400,12787000000,-450,false,-2.48
"VPG",103614,"/Date(1705030582000)/",17700,500,718300,12785000000,-450,false,-2.48
"VPG",103558,"/Date(1705030568000)/",17700,4000,717800,12776000000,-450,false,-2.48
"VPG",103454,"/Date(1705030505000)/",17700,200,713800,12705000000,-450,false,-2.48
"VPG",103400,"/Date(1705030449000)/",17700,200,713600,12702000000,-450,false,-2.48
"VPG",103341,"/Date(1705030430000)/",17700,800,713400,12698000000,-450,false,-2.48
"VPG",103303,"/Date(1705030394000)/",17700,3000,712600,12684000000,-450,false,-2.48
"VPG",103253,"/Date(1705030382000)/",17700,500,709600,12631000000,-450,false,-2.48
"VPG",103250,"/Date(1705030381000)/",17650,200,709100,12622000000,-500,true,-2.75
"VPG",103234,"/Date(1705030366000)/",17700,100,708900,12618000000,-450,false,-2.48
"VPG",103159,"/Date(1705030328000)/",17700,2000,708800,12617000000,-450,false,-2.48
"VPG",103156,"/Date(1705030324000)/",17700,100,706800,12581000000,-450,false,-2.48
"VPG",103153,"/Date(1705030322000)/",17700,500,706700,12579000000,-450,false,-2.48
"VPG",103140,"/Date(1705030308000)/",17700,1000,706200,12571000000,-450,false,-2.48
"VPG",103102,"/Date(1705030273000)/",17650,100,705200,12553000000,-500,true,-2.75
"VPG",103059,"/Date(1705030269000)/",17700,100,705100,12551000000,-450,false,-2.48
"VPG",103049,"/Date(1705030257000)/",17650,2100,705000,12549000000,-500,true,-2.75
"VPG",102955,"/Date(1705030204000)/",17650,100,702900,12512000000,-500,true,-2.75
"VPG",102955,"/Date(1705030204000)/",17650,1000,702800,12511000000,-500,true,-2.75
"VPG",102955,"/Date(1705030204000)/",17650,900,701800,12493000000,-500,true,-2.75
"VPG",102901,"/Date(1705030150000)/",17650,200,700900,12477000000,-500,true,-2.75
"VPG",102901,"/Date(1705030150000)/",17650,500,700700,12474000000,-500,true,-2.75
"VPG",102838,"/Date(1705030129000)/",17650,500,700200,12465000000,-500,false,-2.75
"VPG",102826,"/Date(1705030115000)/",17650,8000,699700,12456000000,-500,true,-2.75
"VPG",102826,"/Date(1705030115000)/",17650,200,691700,12315000000,-500,true,-2.75
"VPG",102826,"/Date(1705030115000)/",17650,500,691500,12311000000,-500,true,-2.75
"VPG",102826,"/Date(1705030115000)/",17650,800,691000,12302000000,-500,true,-2.75
"VPG",102751,"/Date(1705030080000)/",17650,2000,690200,12288000000,-500,false,-2.75
"VPG",102751,"/Date(1705030080000)/",17650,7200,688200,12253000000,-500,false,-2.75
"VPG",102741,"/Date(1705030072000)/",17650,200,681000,12126000000,-500,false,-2.75
"VPG",102728,"/Date(1705030058000)/",17650,600,680800,12122000000,-500,false,-2.75
"VPG",102728,"/Date(1705030058000)/",17650,500,680200,12112000000,-500,false,-2.75
"VPG",102728,"/Date(1705030058000)/",17650,3000,679700,12103000000,-500,false,-2.75
"VPG",102728,"/Date(1705030058000)/",17650,1000,676700,12050000000,-500,false,-2.75
"VPG",102728,"/Date(1705030058000)/",17650,500,675700,12032000000,-500,false,-2.75
"VPG",102728,"/Date(1705030058000)/",17650,200,675200,12023000000,-500,false,-2.75
"VPG",102728,"/Date(1705030058000)/",17650,100,675000,12020000000,-500,false,-2.75
"VPG",102728,"/Date(1705030058000)/",17650,500,674900,12018000000,-500,false,-2.75
"VPG",102728,"/Date(1705030058000)/",17650,5000,674400,12009000000,-500,false,-2.75
"VPG",102728,"/Date(1705030058000)/",17650,400,669400,11921000000,-500,false,-2.75
"VPG",102728,"/Date(1705030058000)/",17650,500,669000,11914000000,-500,false,-2.75
"VPG",102728,"/Date(1705030058000)/",17650,200,668500,11905000000,-500,false,-2.75
"VPG",102728,"/Date(1705030058000)/",17650,100,668300,11902000000,-500,false,-2.75
"VPG",102719,"/Date(1705030050000)/",17650,100,668200,11900000000,-500,true,-2.75
"VPG",102709,"/Date(1705030040000)/",17650,7800,668100,11898000000,-500,true,-2.75
"VPG",102709,"/Date(1705030040000)/",17650,7200,660300,11760000000,-500,true,-2.75
"VPG",102656,"/Date(1705030025000)/",17650,1000,653100,11633000000,-500,true,-2.75
"VPG",102615,"/Date(1705029983000)/",17700,2000,652100,11616000000,-450,true,-2.48
"VPG",102615,"/Date(1705029983000)/",17700,1000,650100,11580000000,-450,true,-2.48
"VPG",102615,"/Date(1705029983000)/",17700,200,649100,11563000000,-450,true,-2.48
"VPG",102615,"/Date(1705029983000)/",17700,1000,648900,11559000000,-450,true,-2.48
"VPG",102615,"/Date(1705029983000)/",17700,1000,647900,11541000000,-450,true,-2.48
"VPG",102615,"/Date(1705029983000)/",17700,100,646900,11524000000,-450,true,-2.48
"VPG",102615,"/Date(1705029983000)/",17700,900,646800,11522000000,-450,true,-2.48
"VPG",102615,"/Date(1705029983000)/",17700,1300,645900,11506000000,-450,true,-2.48
"VPG",102559,"/Date(1705029968000)/",17700,700,644600,11483000000,-450,true,-2.48
"VPG",102559,"/Date(1705029968000)/",17700,800,643900,11471000000,-450,true,-2.48
"VPG",102559,"/Date(1705029968000)/",17700,500,643100,11456000000,-450,true,-2.48
"VPG",102559,"/Date(1705029968000)/",17700,100,642600,11448000000,-450,true,-2.48
"VPG",102559,"/Date(1705029968000)/",17700,1200,642500,11446000000,-450,true,-2.48
"VPG",102559,"/Date(1705029968000)/",17700,800,641300,11425000000,-450,true,-2.48
"VPG",102559,"/Date(1705029968000)/",17700,200,640500,11410000000,-450,true,-2.48
"VPG",102559,"/Date(1705029968000)/",17700,1000,640300,11407000000,-450,true,-2.48
"VPG",102559,"/Date(1705029968000)/",17700,300,639300,11389000000,-450,true,-2.48
"VPG",102559,"/Date(1705029968000)/",17700,2000,639000,11384000000,-450,true,-2.48
"VPG",102559,"/Date(1705029968000)/",17700,200,637000,11348000000,-450,true,-2.48
"VPG",102559,"/Date(1705029968000)/",17700,1000,636800,11345000000,-450,true,-2.48
"VPG",102559,"/Date(1705029968000)/",17700,200,635800,11327000000,-450,true,-2.48
"VPG",102559,"/Date(1705029968000)/",17700,100,635600,11324000000,-450,true,-2.48
"VPG",102559,"/Date(1705029968000)/",17700,100,635500,11322000000,-450,true,-2.48
"VPG",102559,"/Date(1705029968000)/",17700,100,635400,11320000000,-450,true,-2.48
"VPG",102559,"/Date(1705029968000)/",17700,100,635300,11318000000,-450,true,-2.48
"VPG",102559,"/Date(1705029968000)/",17700,5600,635200,11317000000,-450,true,-2.48
"VPG",102556,"/Date(1705029965000)/",17700,2700,629600,11217000000,-450,true,-2.48
"VPG",102543,"/Date(1705029951000)/",17750,100,626900,11170000000,-400,false,-2.2
"VPG",102543,"/Date(1705029951000)/",17750,2400,626800,11168000000,-400,false,-2.2
"VPG",102543,"/Date(1705029951000)/",17750,2000,624400,11125000000,-400,false,-2.2
"VPG",102543,"/Date(1705029951000)/",17750,100,622400,11090000000,-400,false,-2.2
"VPG",102543,"/Date(1705029951000)/",17750,2000,622300,11088000000,-400,false,-2.2
"VPG",102543,"/Date(1705029951000)/",17750,500,620300,11053000000,-400,false,-2.2
"VPG",102543,"/Date(1705029951000)/",17750,100,619800,11044000000,-400,false,-2.2
"VPG",102543,"/Date(1705029951000)/",17750,1000,619700,11042000000,-400,false,-2.2
"VPG",102433,"/Date(1705029881000)/",17800,100,618700,11024000000,-350,false,-1.93
"VPG",102433,"/Date(1705029881000)/",17800,1000,618600,11022000000,-350,false,-1.93
"VPG",102433,"/Date(1705029881000)/",17800,1000,617600,11005000000,-350,false,-1.93
"VPG",102433,"/Date(1705029881000)/",17800,300,616600,10987000000,-350,false,-1.93
"VPG",102433,"/Date(1705029881000)/",17800,500,616300,10981000000,-350,false,-1.93
"VPG",102352,"/Date(1705029841000)/",17800,500,615800,10973000000,-350,false,-1.93
"VPG",102352,"/Date(1705029841000)/",17800,300,615300,10964000000,-350,false,-1.93
"VPG",102352,"/Date(1705029841000)/",17800,300,615000,10958000000,-350,false,-1.93
"VPG",102208,"/Date(1705029736000)/",17800,100,614700,10953000000,-350,false,-1.93
"VPG",101930,"/Date(1705029573000)/",17800,300,614600,10951000000,-350,false,-1.93
"VPG",101758,"/Date(1705029478000)/",17750,200,614300,10946000000,-400,true,-2.2
"VPG",101640,"/Date(1705029400000)/",17700,6700,614100,10942000000,-450,true,-2.48
"VPG",101640,"/Date(1705029400000)/",17700,10000,607400,10824000000,-450,true,-2.48
"VPG",101640,"/Date(1705029400000)/",17700,100,597400,10647000000,-450,true,-2.48
"VPG",101640,"/Date(1705029400000)/",17700,200,597300,10645000000,-450,true,-2.48
"VPG",101640,"/Date(1705029400000)/",17700,300,597100,10641000000,-450,true,-2.48
"VPG",101640,"/Date(1705029400000)/",17700,500,596800,10636000000,-450,true,-2.48
"VPG",101640,"/Date(1705029400000)/",17700,100,596300,10627000000,-450,true,-2.48
"VPG",101640,"/Date(1705029400000)/",17700,500,596200,10625000000,-450,true,-2.48
"VPG",101640,"/Date(1705029400000)/",17700,100,595700,10617000000,-450,true,-2.48
"VPG",101640,"/Date(1705029400000)/",17700,900,595600,10615000000,-450,true,-2.48
"VPG",101640,"/Date(1705029400000)/",17700,600,594700,10599000000,-450,true,-2.48
"VPG",101621,"/Date(1705029380000)/",17800,100,594100,10588000000,-350,false,-1.93
"VPG",101615,"/Date(1705029376000)/",17800,1200,594000,10586000000,-350,false,-1.93
"VPG",101615,"/Date(1705029376000)/",17800,3800,592800,10565000000,-350,false,-1.93
"VPG",101559,"/Date(1705029360000)/",17800,1200,589000,10497000000,-350,false,-1.93
"VPG",101559,"/Date(1705029360000)/",17800,300,587800,10476000000,-350,false,-1.93
"VPG",101559,"/Date(1705029360000)/",17750,900,587500,10471000000,-400,true,-2.2
"VPG",101559,"/Date(1705029359000)/",17750,1000,586600,10455000000,-400,true,-2.2
"VPG",101559,"/Date(1705029359000)/",17750,200,585600,10437000000,-400,true,-2.2
"VPG",101559,"/Date(1705029359000)/",17750,100,585400,10434000000,-400,true,-2.2
"VPG",101559,"/Date(1705029359000)/",17750,200,585300,10432000000,-400,true,-2.2
"VPG",101559,"/Date(1705029359000)/",17750,200,585100,10428000000,-400,true,-2.2
"VPG",101559,"/Date(1705029359000)/",17750,1000,584900,10425000000,-400,true,-2.2
"VPG",101559,"/Date(1705029359000)/",17750,1400,583900,10407000000,-400,true,-2.2
"VPG",101543,"/Date(1705029342000)/",17750,3600,582500,10382000000,-400,true,-2.2
"VPG",101543,"/Date(1705029342000)/",17750,200,578900,10318000000,-400,true,-2.2
"VPG",101543,"/Date(1705029342000)/",17750,19000,578700,10315000000,-400,true,-2.2
"VPG",101543,"/Date(1705029342000)/",17750,1500,559700,9977000000,-400,true,-2.2
"VPG",101543,"/Date(1705029342000)/",17750,1000,558200,9951000000,-400,true,-2.2
"VPG",101543,"/Date(1705029342000)/",17750,1000,557200,9933000000,-400,true,-2.2
"VPG",101543,"/Date(1705029342000)/",17750,200,556200,9915000000,-400,true,-2.2
"VPG",101543,"/Date(1705029342000)/",17750,3000,556000,9912000000,-400,true,-2.2
"VPG",101543,"/Date(1705029342000)/",17750,500,553000,9858000000,-400,true,-2.2
"VPG",101445,"/Date(1705029287000)/",17800,800,552500,9850000000,-350,false,-1.93
"VPG",101314,"/Date(1705029197000)/",17750,1500,551700,9835000000,-400,true,-2.2
"VPG",101308,"/Date(1705029191000)/",17750,1500,550200,9809000000,-400,true,-2.2
"VPG",101254,"/Date(1705029178000)/",17800,100,548700,9782000000,-350,false,-1.93
"VPG",101254,"/Date(1705029176000)/",17800,300,548600,9780000000,-350,false,-1.93
"VPG",101234,"/Date(1705029158000)/",17800,5000,548300,9775000000,-350,false,-1.93
"VPG",101234,"/Date(1705029157000)/",17750,1500,543300,9686000000,-400,true,-2.2
"VPG",101234,"/Date(1705029157000)/",17750,500,541800,9659000000,-400,true,-2.2
"VPG",101228,"/Date(1705029150000)/",17800,800,541300,9650000000,-350,false,-1.93
"VPG",101224,"/Date(1705029150000)/",17800,3000,540500,9636000000,-350,true,-1.93
"VPG",101224,"/Date(1705029150000)/",17800,200,537500,9583000000,-350,true,-1.93
"VPG",101224,"/Date(1705029150000)/",17800,5000,537300,9579000000,-350,true,-1.93
"VPG",101224,"/Date(1705029150000)/",17800,3000,532300,9490000000,-350,true,-1.93
"VPG",101224,"/Date(1705029150000)/",17800,100,529300,9437000000,-350,true,-1.93
"VPG",101224,"/Date(1705029150000)/",17800,2500,529200,9435000000,-350,true,-1.93
"VPG",101127,"/Date(1705029093000)/",17850,2600,526700,9391000000,-300,false,-1.65
"VPG",101102,"/Date(1705029073000)/",17900,3500,524100,9344000000,-250,false,-1.38
"VPG",100948,"/Date(1705028999000)/",17800,2500,520600,9281000000,-350,true,-1.93
"VPG",100948,"/Date(1705028999000)/",17800,200,518100,9237000000,-350,true,-1.93
"VPG",100948,"/Date(1705028999000)/",17800,500,517900,9233000000,-350,true,-1.93
"VPG",100948,"/Date(1705028999000)/",17800,100,517400,9225000000,-350,true,-1.93
"VPG",100948,"/Date(1705028999000)/",17800,1700,517300,9223000000,-350,true,-1.93
"VPG",100938,"/Date(1705028990000)/",17800,1300,515600,9192000000,-350,true,-1.93
"VPG",100938,"/Date(1705028990000)/",17800,900,514300,9169000000,-350,true,-1.93
"VPG",100938,"/Date(1705028990000)/",17850,3500,513400,9153000000,-300,true,-1.65
"VPG",100932,"/Date(1705028984000)/",17850,1500,509900,9091000000,-300,true,-1.65
"VPG",100932,"/Date(1705028984000)/",17850,18000,508400,9064000000,-300,true,-1.65
"VPG",100932,"/Date(1705028984000)/",17850,500,490400,8743000000,-300,true,-1.65
"VPG",100932,"/Date(1705028982000)/",17850,1000,489900,8734000000,-300,true,-1.65
"VPG",100916,"/Date(1705028966000)/",17900,100,488900,8716000000,-250,false,-1.38
"VPG",100910,"/Date(1705028959000)/",17900,700,488800,8714000000,-250,false,-1.38
"VPG",100854,"/Date(1705028943000)/",17900,100,488100,8702000000,-250,false,-1.38
"VPG",100639,"/Date(1705028812000)/",17850,300,488000,8700000000,-300,false,-1.65
"VPG",100639,"/Date(1705028812000)/",17850,200,487700,8695000000,-300,false,-1.65
"VPG",100639,"/Date(1705028810000)/",17850,1600,487500,8691000000,-300,false,-1.65
"VPG",100601,"/Date(1705028771000)/",17850,6000,485900,8662000000,-300,false,-1.65
"VPG",100601,"/Date(1705028771000)/",17850,1000,479900,8555000000,-300,false,-1.65
"VPG",100558,"/Date(1705028770000)/",17850,100,478900,8537000000,-300,false,-1.65
"VPG",100558,"/Date(1705028770000)/",17850,200,478800,8536000000,-300,false,-1.65
"VPG",100451,"/Date(1705028702000)/",17850,200,478600,8532000000,-300,false,-1.65
"VPG",100423,"/Date(1705028673000)/",17850,100,478400,8529000000,-300,false,-1.65
"VPG",100419,"/Date(1705028671000)/",17800,100,478300,8527000000,-350,true,-1.93
"VPG",100419,"/Date(1705028671000)/",17800,1000,478200,8525000000,-350,true,-1.93
"VPG",100419,"/Date(1705028671000)/",17800,100,477200,8507000000,-350,true,-1.93
"VPG",100419,"/Date(1705028671000)/",17800,1000,477100,8505000000,-350,true,-1.93
"VPG",100419,"/Date(1705028671000)/",17800,100,476100,8488000000,-350,true,-1.93
"VPG",100419,"/Date(1705028671000)/",17800,3000,476000,8486000000,-350,true,-1.93
"VPG",100419,"/Date(1705028671000)/",17800,10000,473000,8432000000,-350,true,-1.93
"VPG",100419,"/Date(1705028671000)/",17800,3800,463000,8254000000,-350,true,-1.93
"VPG",100413,"/Date(1705028665000)/",17800,100,459200,8187000000,-350,false,-1.93
"VPG",100403,"/Date(1705028654000)/",17800,200,459100,8185000000,-350,false,-1.93
"VPG",100344,"/Date(1705028636000)/",17750,300,458900,8181000000,-400,true,-2.2
"VPG",100344,"/Date(1705028636000)/",17750,100,458600,8176000000,-400,true,-2.2
"VPG",100344,"/Date(1705028636000)/",17750,400,458500,8174000000,-400,true,-2.2
"VPG",100344,"/Date(1705028636000)/",17750,4200,458100,8167000000,-400,true,-2.2
"VPG",100212,"/Date(1705028542000)/",17750,800,453900,8093000000,-400,false,-2.2
"VPG",100202,"/Date(1705028531000)/",17750,100,453100,8078000000,-400,false,-2.2
"VPG",100156,"/Date(1705028525000)/",17750,5000,453000,8077000000,-400,false,-2.2
"VPG",100150,"/Date(1705028521000)/",17750,1000,448000,7988000000,-400,false,-2.2
"VPG",100150,"/Date(1705028521000)/",17750,400,447000,7970000000,-400,false,-2.2
"VPG",100140,"/Date(1705028511000)/",17750,300,446600,7963000000,-400,false,-2.2
"VPG",100131,"/Date(1705028500000)/",17750,1300,446300,7958000000,-400,false,-2.2
"VPG",100121,"/Date(1705028491000)/",17750,200,445000,7935000000,-400,false,-2.2
"VPG",100118,"/Date(1705028488000)/",17750,100,444800,7931000000,-400,true,-2.2
"VPG",100118,"/Date(1705028488000)/",17750,800,444700,7929000000,-400,true,-2.2
"VPG",100102,"/Date(1705028471000)/",17750,1000,443900,7915000000,-400,true,-2.2
"VPG",100102,"/Date(1705028471000)/",17750,900,442900,7897000000,-400,true,-2.2
"VPG",100052,"/Date(1705028463000)/",17750,1800,442000,7881000000,-400,false,-2.2
"VPG",100027,"/Date(1705028436000)/",17750,200,440200,7849000000,-400,false,-2.2
"VPG",100024,"/Date(1705028435000)/",17750,100,440000,7846000000,-400,false,-2.2
"VPG",100021,"/Date(1705028432000)/",17750,500,439900,7844000000,-400,false,-2.2
"VPG",95955,"/Date(1705028406000)/",17750,100,439400,7835000000,-400,false,-2.2
"VPG",95927,"/Date(1705028378000)/",17750,100,439300,7834000000,-400,false,-2.2
"VPG",95911,"/Date(1705028362000)/",17750,1000,439200,7832000000,-400,false,-2.2
"VPG",95901,"/Date(1705028350000)/",17750,300,438200,7814000000,-400,false,-2.2
"VPG",95901,"/Date(1705028350000)/",17750,1700,437900,7809000000,-400,false,-2.2
"VPG",95836,"/Date(1705028325000)/",17750,3000,436200,7778000000,-400,false,-2.2
"VPG",95829,"/Date(1705028318000)/",17750,300,433200,7725000000,-400,false,-2.2
"VPG",95829,"/Date(1705028318000)/",17750,4700,432900,7720000000,-400,false,-2.2
"VPG",95826,"/Date(1705028316000)/",17750,100,428200,7636000000,-400,false,-2.2
"VPG",95714,"/Date(1705028242000)/",17750,1000,428100,7635000000,-400,false,-2.2
"VPG",95652,"/Date(1705028219000)/",17750,500,427100,7617000000,-400,true,-2.2
"VPG",95652,"/Date(1705028219000)/",17750,3000,426600,7608000000,-400,true,-2.2
"VPG",95652,"/Date(1705028219000)/",17750,100,423600,7555000000,-400,true,-2.2
"VPG",95652,"/Date(1705028219000)/",17750,600,423500,7553000000,-400,true,-2.2
"VPG",95614,"/Date(1705028182000)/",17800,500,422900,7542000000,-350,false,-1.93
"VPG",95608,"/Date(1705028176000)/",17750,1400,422400,7534000000,-400,true,-2.2
"VPG",95608,"/Date(1705028176000)/",17750,100,421000,7509000000,-400,true,-2.2
"VPG",95608,"/Date(1705028176000)/",17750,1500,420900,7507000000,-400,true,-2.2
"VPG",95549,"/Date(1705028157000)/",17800,300,419400,7480000000,-350,false,-1.93
"VPG",95527,"/Date(1705028135000)/",17750,100,419100,7475000000,-400,true,-2.2
"VPG",95527,"/Date(1705028135000)/",17750,1400,419000,7473000000,-400,true,-2.2
"VPG",95527,"/Date(1705028135000)/",17750,3500,417600,7448000000,-400,true,-2.2
"VPG",95353,"/Date(1705028034000)/",17800,100,414100,7386000000,-350,false,-1.93
"VPG",95324,"/Date(1705028004000)/",17800,100,414000,7384000000,-350,false,-1.93
"VPG",95226,"/Date(1705027943000)/",17750,6200,413900,7383000000,-400,true,-2.2
"VPG",95223,"/Date(1705027940000)/",17750,300,407700,7273000000,-400,false,-2.2
"VPG",95219,"/Date(1705027937000)/",17750,2700,407400,7267000000,-400,false,-2.2
"VPG",95219,"/Date(1705027937000)/",17750,2000,404700,7219000000,-400,false,-2.2
"VPG",95219,"/Date(1705027937000)/",17750,300,402700,7184000000,-400,false,-2.2
"VPG",95216,"/Date(1705027934000)/",17750,300,402400,7178000000,-400,false,-2.2
"VPG",95206,"/Date(1705027923000)/",17750,1000,402100,7173000000,-400,false,-2.2
"VPG",95203,"/Date(1705027920000)/",17750,100,401100,7155000000,-400,false,-2.2
"VPG",95143,"/Date(1705027902000)/",17750,100,401000,7154000000,-400,false,-2.2
"VPG",95102,"/Date(1705027859000)/",17750,1000,400900,7152000000,-400,false,-2.2
"VPG",95021,"/Date(1705027820000)/",17700,1000,399900,7134000000,-450,true,-2.48
"VPG",95021,"/Date(1705027820000)/",17700,3200,398900,7116000000,-450,true,-2.48
"VPG",95021,"/Date(1705027820000)/",17700,200,395700,7060000000,-450,true,-2.48
"VPG",95021,"/Date(1705027820000)/",17700,100,395500,7056000000,-450,true,-2.48
"VPG",95021,"/Date(1705027820000)/",17700,5500,395400,7054000000,-450,true,-2.48
"VPG",95015,"/Date(1705027814000)/",17750,100,389900,6957000000,-400,false,-2.2
"VPG",94955,"/Date(1705027792000)/",17750,1000,389800,6955000000,-400,false,-2.2
"VPG",94930,"/Date(1705027769000)/",17750,2000,388800,6938000000,-400,false,-2.2
"VPG",94917,"/Date(1705027755000)/",17750,600,386800,6902000000,-400,false,-2.2
"VPG",94907,"/Date(1705027747000)/",17700,3000,386200,6891000000,-450,true,-2.48
"VPG",94907,"/Date(1705027747000)/",17700,3000,383200,6838000000,-450,true,-2.48
"VPG",94907,"/Date(1705027747000)/",17700,500,380200,6785000000,-450,true,-2.48
"VPG",94907,"/Date(1705027747000)/",17700,1000,379700,6776000000,-450,true,-2.48
"VPG",94907,"/Date(1705027747000)/",17700,3500,378700,6759000000,-450,true,-2.48
"VPG",94907,"/Date(1705027747000)/",17700,500,375200,6697000000,-450,true,-2.48
"VPG",94907,"/Date(1705027747000)/",17700,500,374700,6688000000,-450,true,-2.48
"VPG",94907,"/Date(1705027747000)/",17700,500,374200,6679000000,-450,true,-2.48
"VPG",94907,"/Date(1705027747000)/",17700,1000,373700,6670000000,-450,true,-2.48
"VPG",94907,"/Date(1705027747000)/",17700,2500,372700,6652000000,-450,true,-2.48
"VPG",94907,"/Date(1705027747000)/",17700,200,370200,6608000000,-450,true,-2.48
"VPG",94907,"/Date(1705027747000)/",17700,500,370000,6605000000,-450,true,-2.48
"VPG",94907,"/Date(1705027747000)/",17700,400,369500,6596000000,-450,true,-2.48
"VPG",94907,"/Date(1705027747000)/",17700,200,369100,6589000000,-450,true,-2.48
"VPG",94907,"/Date(1705027747000)/",17700,500,368900,6585000000,-450,true,-2.48
"VPG",94907,"/Date(1705027747000)/",17700,200,368400,6576000000,-450,true,-2.48
"VPG",94845,"/Date(1705027723000)/",17750,200,368200,6573000000,-400,true,-2.2
"VPG",94845,"/Date(1705027723000)/",17750,100,368000,6569000000,-400,true,-2.2
"VPG",94845,"/Date(1705027723000)/",17750,10000,367900,6568000000,-400,true,-2.2
"VPG",94845,"/Date(1705027723000)/",17750,3000,357900,6390000000,-400,true,-2.2
"VPG",94845,"/Date(1705027723000)/",17750,100,354900,6337000000,-400,true,-2.2
"VPG",94845,"/Date(1705027723000)/",17750,100,354800,6335000000,-400,true,-2.2
"VPG",94839,"/Date(1705027715000)/",17750,1000,354700,6333000000,-400,true,-2.2
"VPG",94829,"/Date(1705027709000)/",17800,100,353700,6315000000,-350,false,-1.93
"VPG",94813,"/Date(1705027690000)/",17750,1000,353600,6314000000,-400,true,-2.2
"VPG",94813,"/Date(1705027690000)/",17750,1000,352600,6296000000,-400,true,-2.2
"VPG",94813,"/Date(1705027690000)/",17750,1000,351600,6278000000,-400,true,-2.2
"VPG",94700,"/Date(1705027619000)/",17800,500,350600,6260000000,-350,false,-1.93
"VPG",94700,"/Date(1705027617000)/",17750,200,350100,6252000000,-400,true,-2.2
"VPG",94651,"/Date(1705027607000)/",17800,2000,349900,6248000000,-350,false,-1.93
"VPG",94644,"/Date(1705027601000)/",17750,800,347900,6212000000,-400,true,-2.2
"VPG",94644,"/Date(1705027601000)/",17750,200,347100,6198000000,-400,true,-2.2
"VPG",94644,"/Date(1705027601000)/",17750,1300,346900,6195000000,-400,true,-2.2
"VPG",94631,"/Date(1705027590000)/",17800,100,345600,6172000000,-350,true,-1.93
"VPG",94631,"/Date(1705027590000)/",17800,2200,345500,6170000000,-350,true,-1.93
"VPG",94544,"/Date(1705027540000)/",17800,2800,343300,6131000000,-350,true,-1.93
"VPG",94544,"/Date(1705027540000)/",17800,1000,340500,6081000000,-350,true,-1.93
"VPG",94544,"/Date(1705027540000)/",17800,1200,339500,6063000000,-350,true,-1.93
"VPG",94427,"/Date(1705027465000)/",17800,800,338300,6042000000,-350,true,-1.93
"VPG",94427,"/Date(1705027465000)/",17800,200,337500,6027000000,-350,true,-1.93
"VPG",94355,"/Date(1705027433000)/",17800,700,337300,6024000000,-350,true,-1.93
"VPG",94323,"/Date(1705027401000)/",17800,100,336600,6011000000,-350,true,-1.93
"VPG",94255,"/Date(1705027373000)/",17800,2200,336500,6010000000,-350,false,-1.93
"VPG",94255,"/Date(1705027373000)/",17800,100,334300,5970000000,-350,false,-1.93
"VPG",94248,"/Date(1705027367000)/",17800,300,334200,5969000000,-350,false,-1.93
"VPG",94239,"/Date(1705027356000)/",17800,300,333900,5963000000,-350,false,-1.93
"VPG",94226,"/Date(1705027343000)/",17800,3600,333600,5958000000,-350,false,-1.93
"VPG",94220,"/Date(1705027337000)/",17750,3700,330000,5894000000,-400,true,-2.2
"VPG",94220,"/Date(1705027337000)/",17750,500,326300,5828000000,-400,true,-2.2
"VPG",94220,"/Date(1705027337000)/",17750,500,325800,5819000000,-400,true,-2.2
"VPG",94220,"/Date(1705027337000)/",17750,100,325300,5810000000,-400,true,-2.2
"VPG",94220,"/Date(1705027337000)/",17750,300,325200,5809000000,-400,true,-2.2
"VPG",94220,"/Date(1705027337000)/",17750,1000,324900,5803000000,-400,true,-2.2
"VPG",94220,"/Date(1705027337000)/",17750,500,323900,5786000000,-400,true,-2.2
"VPG",94220,"/Date(1705027337000)/",17750,500,323400,5777000000,-400,true,-2.2
"VPG",94220,"/Date(1705027337000)/",17750,500,322900,5768000000,-400,true,-2.2
"VPG",94220,"/Date(1705027337000)/",17750,1400,322400,5759000000,-400,true,-2.2
"VPG",94154,"/Date(1705027311000)/",17800,3000,321000,5734000000,-350,false,-1.93
"VPG",94148,"/Date(1705027307000)/",17800,100,318000,5681000000,-350,false,-1.93
"VPG",94141,"/Date(1705027300000)/",17800,400,317900,5679000000,-350,false,-1.93
"VPG",94141,"/Date(1705027300000)/",17800,2600,317500,5672000000,-350,false,-1.93
"VPG",94129,"/Date(1705027287000)/",17800,1900,314900,5626000000,-350,false,-1.93
"VPG",94119,"/Date(1705027278000)/",17800,100,313000,5592000000,-350,false,-1.93
"VPG",94113,"/Date(1705027272000)/",17800,100,312900,5590000000,-350,true,-1.93
"VPG",94113,"/Date(1705027272000)/",17800,300,312800,5588000000,-350,true,-1.93
"VPG",94113,"/Date(1705027272000)/",17800,200,312500,5583000000,-350,true,-1.93
"VPG",94113,"/Date(1705027272000)/",17800,300,312300,5579000000,-350,true,-1.93
"VPG",94113,"/Date(1705027272000)/",17800,300,312000,5574000000,-350,true,-1.93
"VPG",94113,"/Date(1705027272000)/",17800,1000,311700,5569000000,-350,true,-1.93
"VPG",94113,"/Date(1705027272000)/",17800,1000,310700,5551000000,-350,true,-1.93
"VPG",94113,"/Date(1705027272000)/",17800,100,309700,5533000000,-350,true,-1.93
"VPG",94113,"/Date(1705027272000)/",17800,1000,309600,5531000000,-350,true,-1.93
"VPG",94113,"/Date(1705027272000)/",17800,100,308600,5513000000,-350,true,-1.93
"VPG",94113,"/Date(1705027272000)/",17800,100,308500,5512000000,-350,true,-1.93
"VPG",94113,"/Date(1705027272000)/",17800,900,308400,5510000000,-350,true,-1.93
"VPG",94054,"/Date(1705027253000)/",17800,10000,307500,5494000000,-350,true,-1.93
"VPG",94047,"/Date(1705027245000)/",17800,1800,297500,5316000000,-350,true,-1.93
"VPG",94044,"/Date(1705027243000)/",17800,3200,295700,5284000000,-350,true,-1.93
"VPG",94044,"/Date(1705027243000)/",17800,4000,292500,5227000000,-350,true,-1.93
"VPG",94044,"/Date(1705027243000)/",17800,600,288500,5156000000,-350,true,-1.93
"VPG",94044,"/Date(1705027243000)/",17800,2200,287900,5145000000,-350,true,-1.93
"VPG",94035,"/Date(1705027232000)/",17800,800,285700,5106000000,-350,true,-1.93
"VPG",94035,"/Date(1705027232000)/",17800,1200,284900,5092000000,-350,true,-1.93
"VPG",94012,"/Date(1705027211000)/",17800,200,283700,5070000000,-350,true,-1.93
"VPG",94012,"/Date(1705027211000)/",17850,200,283500,5067000000,-300,true,-1.65
"VPG",94012,"/Date(1705027211000)/",17850,100,283300,5063000000,-300,true,-1.65
"VPG",94012,"/Date(1705027209000)/",17850,100,283200,5061000000,-300,true,-1.65
"VPG",94012,"/Date(1705027209000)/",17850,600,283100,5059000000,-300,true,-1.65
"VPG",93956,"/Date(1705027194000)/",17850,1000,282500,5049000000,-300,true,-1.65
"VPG",93956,"/Date(1705027191000)/",17900,200,281500,5031000000,-250,false,-1.38
"VPG",93918,"/Date(1705027156000)/",17850,400,281300,5027000000,-300,true,-1.65
"VPG",93859,"/Date(1705027136000)/",17850,100,280900,5020000000,-300,false,-1.65
"VPG",93856,"/Date(1705027133000)/",17850,100,280800,5018000000,-300,false,-1.65
"VPG",93827,"/Date(1705027104000)/",17850,300,280700,5017000000,-300,false,-1.65
"VPG",93758,"/Date(1705027076000)/",17850,100,280400,5011000000,-300,true,-1.65
"VPG",93758,"/Date(1705027076000)/",17850,1000,280300,5010000000,-300,true,-1.65
"VPG",93746,"/Date(1705027063000)/",17850,600,279300,4992000000,-300,true,-1.65
"VPG",93551,"/Date(1705026948000)/",17850,200,278700,4981000000,-300,false,-1.65
"VPG",93548,"/Date(1705026947000)/",17850,14800,278500,4977000000,-300,false,-1.65
"VPG",93548,"/Date(1705026947000)/",17850,8000,263700,4713000000,-300,false,-1.65
"VPG",93548,"/Date(1705026947000)/",17850,2200,255700,4570000000,-300,false,-1.65
"VPG",93457,"/Date(1705026895000)/",17800,200,253500,4531000000,-350,true,-1.93
"VPG",93447,"/Date(1705026884000)/",17800,1000,253300,4528000000,-350,true,-1.93
"VPG",93409,"/Date(1705026847000)/",17800,5000,252300,4510000000,-350,false,-1.93
"VPG",93409,"/Date(1705026847000)/",17800,1500,247300,4421000000,-350,false,-1.93
"VPG",93409,"/Date(1705026847000)/",17800,900,245800,4394000000,-350,false,-1.93
"VPG",93403,"/Date(1705026840000)/",17800,1000,244900,4378000000,-350,false,-1.93
"VPG",93337,"/Date(1705026815000)/",17800,1000,243900,4360000000,-350,false,-1.93
"VPG",93334,"/Date(1705026813000)/",17800,1000,242900,4342000000,-350,true,-1.93
"VPG",93334,"/Date(1705026813000)/",17800,300,241900,4325000000,-350,true,-1.93
"VPG",93334,"/Date(1705026813000)/",17800,200,241600,4319000000,-350,true,-1.93
"VPG",93334,"/Date(1705026813000)/",17800,100,241400,4316000000,-350,true,-1.93
"VPG",93334,"/Date(1705026813000)/",17800,500,241300,4314000000,-350,true,-1.93
"VPG",93334,"/Date(1705026813000)/",17800,1000,240800,4305000000,-350,true,-1.93
"VPG",93334,"/Date(1705026813000)/",17800,4000,239800,4287000000,-350,true,-1.93
"VPG",93318,"/Date(1705026797000)/",17850,300,235800,4216000000,-300,false,-1.65
"VPG",93259,"/Date(1705026776000)/",17850,2500,235500,4211000000,-300,true,-1.65
"VPG",93240,"/Date(1705026758000)/",17900,2000,233000,4166000000,-250,true,-1.38
"VPG",93240,"/Date(1705026758000)/",17900,2000,231000,4130000000,-250,true,-1.38
"VPG",93240,"/Date(1705026758000)/",17900,4300,229000,4094000000,-250,true,-1.38
"VPG",93240,"/Date(1705026758000)/",17900,100,224700,4018000000,-250,true,-1.38
"VPG",93202,"/Date(1705026721000)/",17900,500,224600,4016000000,-250,true,-1.38
"VPG",93202,"/Date(1705026721000)/",17900,1000,224100,4007000000,-250,true,-1.38
"VPG",93202,"/Date(1705026721000)/",17900,900,223100,3989000000,-250,true,-1.38
"VPG",93202,"/Date(1705026719000)/",17900,500,222200,3973000000,-250,true,-1.38
"VPG",93146,"/Date(1705026705000)/",17900,1000,221700,3964000000,-250,false,-1.38
"VPG",93146,"/Date(1705026704000)/",17900,4500,220700,3946000000,-250,false,-1.38
"VPG",93105,"/Date(1705026664000)/",17850,700,216200,3865000000,-300,false,-1.65
"VPG",93105,"/Date(1705026663000)/",17850,1000,215500,3853000000,-300,false,-1.65
"VPG",93105,"/Date(1705026663000)/",17850,100,214500,3835000000,-300,false,-1.65
"VPG",93102,"/Date(1705026660000)/",17850,200,214400,3833000000,-300,false,-1.65
"VPG",93055,"/Date(1705026653000)/",17850,500,214200,3830000000,-300,false,-1.65
"VPG",93052,"/Date(1705026650000)/",17850,2500,213700,3821000000,-300,false,-1.65
"VPG",93052,"/Date(1705026650000)/",17850,500,211200,3776000000,-300,false,-1.65
"VPG",93017,"/Date(1705026616000)/",17800,3000,210700,3767000000,-350,true,-1.93
"VPG",92958,"/Date(1705026597000)/",17800,3000,207700,3714000000,-350,true,-1.93
"VPG",92955,"/Date(1705026592000)/",17800,1100,204700,3660000000,-350,false,-1.93
"VPG",92948,"/Date(1705026587000)/",17800,500,203600,3641000000,-350,false,-1.93
"VPG",92948,"/Date(1705026585000)/",17800,400,203100,3632000000,-350,false,-1.93
"VPG",92948,"/Date(1705026585000)/",17800,600,202700,3625000000,-350,false,-1.93
"VPG",92945,"/Date(1705026585000)/",17800,300,202100,3614000000,-350,false,-1.93
"VPG",92945,"/Date(1705026583000)/",17800,600,201800,3609000000,-350,false,-1.93
"VPG",92945,"/Date(1705026583000)/",17800,1000,201200,3598000000,-350,false,-1.93
"VPG",92932,"/Date(1705026570000)/",17800,1000,200200,3580000000,-350,false,-1.93
"VPG",92929,"/Date(1705026566000)/",17800,5000,199200,3562000000,-350,false,-1.93
"VPG",92854,"/Date(1705026533000)/",17800,1000,194200,3473000000,-350,false,-1.93
"VPG",92851,"/Date(1705026529000)/",17700,100,193200,3456000000,-450,true,-2.48
"VPG",92851,"/Date(1705026529000)/",17700,1000,193100,3454000000,-450,true,-2.48
"VPG",92851,"/Date(1705026529000)/",17750,400,192100,3436000000,-400,true,-2.2
"VPG",92851,"/Date(1705026529000)/",17750,500,191700,3429000000,-400,true,-2.2
"VPG",92828,"/Date(1705026507000)/",17800,2000,191200,3420000000,-350,false,-1.93
"VPG",92825,"/Date(1705026502000)/",17750,5000,189200,3385000000,-400,false,-2.2
"VPG",92822,"/Date(1705026501000)/",17750,5000,184200,3296000000,-400,false,-2.2
"VPG",92822,"/Date(1705026500000)/",17750,500,179200,3207000000,-400,false,-2.2
"VPG",92822,"/Date(1705026500000)/",17750,100,178700,3198000000,-400,false,-2.2
"VPG",92822,"/Date(1705026500000)/",17750,300,178600,3196000000,-400,false,-2.2
"VPG",92822,"/Date(1705026500000)/",17800,100,178300,3191000000,-350,false,-1.93
"VPG",92822,"/Date(1705026500000)/",17800,600,178200,3189000000,-350,false,-1.93
"VPG",92813,"/Date(1705026491000)/",17800,1400,177600,3179000000,-350,true,-1.93
"VPG",92813,"/Date(1705026490000)/",17800,400,176200,3154000000,-350,true,-1.93
"VPG",92813,"/Date(1705026490000)/",17800,100,175800,3147000000,-350,true,-1.93
"VPG",92757,"/Date(1705026475000)/",17800,200,175700,3145000000,-350,false,-1.93
"VPG",92750,"/Date(1705026467000)/",17800,200,175500,3141000000,-350,false,-1.93
"VPG",92747,"/Date(1705026465000)/",17800,100,175300,3138000000,-350,false,-1.93
"VPG",92741,"/Date(1705026460000)/",17750,200,175200,3136000000,-400,true,-2.2
"VPG",92741,"/Date(1705026460000)/",17750,5800,175000,3132000000,-400,true,-2.2
"VPG",92741,"/Date(1705026460000)/",17750,500,169200,3029000000,-400,true,-2.2
"VPG",92741,"/Date(1705026460000)/",17750,500,168700,3021000000,-400,true,-2.2
"VPG",92741,"/Date(1705026460000)/",17750,3000,168200,3012000000,-400,true,-2.2
"VPG",92722,"/Date(1705026440000)/",17800,100,165200,2958000000,-350,false,-1.93
"VPG",92722,"/Date(1705026438000)/",17800,100,165100,2957000000,-350,false,-1.93
"VPG",92715,"/Date(1705026434000)/",17800,100,165000,2955000000,-350,false,-1.93
"VPG",92709,"/Date(1705026426000)/",17800,100,164900,2953000000,-350,false,-1.93
"VPG",92706,"/Date(1705026423000)/",17800,100,164800,2951000000,-350,false,-1.93
"VPG",92706,"/Date(1705026423000)/",17800,500,164700,2950000000,-350,false,-1.93
