"price","change","match_qtty","side","time","total_vol"
32299.999999999996,50,5700,"sd","09:15:03",5700
32299.999999999996,50,1000,"bu","09:16:22",6700
32299.999999999996,50,3000,"bu","09:16:29",9700
32299.999999999996,50,1900,"sd","09:16:55",11600
32299.999999999996,50,1400,"bu","09:16:56",13000
32299.999999999996,50,300,"bu","09:16:57",13300
32250,0,2000,"sd","09:17:16",15300
32250,0,5000,"sd","09:17:26",20300
32250,0,200,"sd","09:17:28",20500
32250,0,500,"bu","09:17:30",21000
32250,0,1300,"sd","09:17:50",22300
32299.999999999996,50,500,"sd","09:17:59",22800
32250,0,300,"bu","09:18:25",23100
32250,0,2200,"sd","09:18:27",25300
32250,0,300,"sd","09:18:58",25600
32250,0,200,"sd","09:19:09",25800
32299.999999999996,50,1000,"bu","09:19:24",26800
32250,0,500,"sd","09:20:08",27300
32250,0,1300,"sd","09:20:32",28600
32250,0,200,"bu","09:21:04",28800
32250,0,100,"sd","09:21:10",28900
32250,0,200,"bu","09:21:21",29100
32250,0,500,"bu","09:22:00",29600
32200.000000000004,-50,20900,"sd","09:22:01",50500
32150,-100,10900,"sd","09:22:15",61400
32150,-100,600,"bu","09:22:16",62000
32150,-100,200,"sd","09:22:27",62200
32150,-100,300,"bu","09:22:36",62500
32150,-100,200,"sd","09:22:38",62700
32150,-100,5000,"bu","09:22:45",67700
32150,-100,300,"bu","09:22:46",68000
32100,-150,2500,"bu","09:22:48",70500
32100,-150,1200,"bu","09:22:49",71700
32150,-100,5000,"sd","09:23:14",76700
32100,-150,1000,"sd","09:23:28",77700
32150,-100,2300,"sd","09:23:51",80000
32150,-100,500,"bu","09:24:09",80500
32150,-100,1000,"bu","09:25:22",81500
32150,-100,2500,"sd","09:26:01",84000
32150,-100,4000,"sd","09:26:02",88000
32150,-100,400,"sd","09:26:03",88400
32150,-100,10500,"bu","09:26:04",98900
32150,-100,100,"sd","09:26:18",99000
32150,-100,500,"bu","09:26:19",99500
32150,-100,100,"sd","09:26:24",99600
32150,-100,800,"sd","09:26:27",100400
32100,-150,300,"sd","09:26:28",100700
32100,-150,400,"sd","09:27:05",104700
32100,-150,500,"bu","09:27:07",105200
32100,-150,3000,"bu","09:27:08",110200
32100,-150,100,"bu","09:27:12",130100
32100,-150,1000,"bu","09:27:27",131100
32049.999999999996,-200,1000,"sd","09:27:34",132100
32049.999999999996,-200,10000,"bu","09:27:49",142100
32049.999999999996,-200,300,"bu","09:27:53",142400
32049.999999999996,-200,18000,"bu","09:28:02",160400
32049.999999999996,-200,1500,"sd","09:28:04",161900
32100,-150,100,"sd","09:28:05",162000
32049.999999999996,-200,1000,"bu","09:28:06",163000
32049.999999999996,-200,3900,"sd","09:28:07",166900
32049.999999999996,-200,2600,"bu","09:28:09",169500
32049.999999999996,-200,500,"bu","09:28:13",170000
32049.999999999996,-200,2800,"sd","09:28:32",172800
32049.999999999996,-200,600,"sd","09:28:38",173400
32049.999999999996,-200,600,"sd","09:28:51",174000
32049.999999999996,-200,400,"bu","09:29:00",174400
32049.999999999996,-200,100,"sd","09:29:04",174500
32049.999999999996,-200,1000,"sd","09:29:11",175500
32049.999999999996,-200,500,"sd","09:29:15",176000
32049.999999999996,-200,800,"bu","09:29:19",176800
32100,-150,2000,"sd","09:29:50",178800
32049.999999999996,-200,3000,"bu","09:29:53",181800
32049.999999999996,-200,10900,"bu","09:29:59",192700
32049.999999999996,-200,200,"bu","09:30:08",192900
32049.999999999996,-200,600,"bu","09:30:10",193500
32049.999999999996,-200,600,"bu","09:30:25",194100
32049.999999999996,-200,1400,"bu","09:30:26",195500
32049.999999999996,-200,500,"bu","09:30:26",194600
32049.999999999996,-200,1400,"bu","09:30:29",196000
32049.999999999996,-200,1000,"sd","09:30:36",197000
32049.999999999996,-200,2100,"sd","09:30:37",199100
32049.999999999996,-200,1000,"bu","09:30:38",200100
32049.999999999996,-200,4500,"bu","09:30:40",204600
32049.999999999996,-200,100,"bu","09:30:41",204700
32049.999999999996,-200,500,"bu","09:30:53",205200
32049.999999999996,-200,100,"sd","09:30:55",205300
32049.999999999996,-200,300,"bu","09:30:55",205600
32049.999999999996,-200,700,"bu","09:30:57",206300
32049.999999999996,-200,1000,"sd","09:31:17",207300
32100,-150,7600,"bu","09:32:17",214900
32100,-150,9400,"bu","09:32:18",224300
32100,-150,100,"sd","09:32:39",224400
32049.999999999996,-200,200,"sd","09:32:40",224600
32100,-150,500,"sd","09:33:23",225100
32049.999999999996,-200,12000,"sd","09:34:12",237100
32049.999999999996,-200,3000,"sd","09:34:16",240100
32049.999999999996,-200,100,"sd","09:34:33",240200
32100,-150,3200,"bu","09:35:40",243400
32100,-150,600,"sd","09:35:44",244000
32100,-150,7200,"sd","09:36:12",251200
32100,-150,500,"sd","09:36:22",251700
32100,-150,100,"sd","09:36:39",251800
32100,-150,800,"sd","09:37:24",252600
32100,-150,200,"sd","09:37:34",252800
32049.999999999996,-200,1000,"sd","09:38:01",253800
32049.999999999996,-200,1000,"sd","09:38:03",254800
32049.999999999996,-200,100,"bu","09:38:05",254900
32049.999999999996,-200,5000,"bu","09:38:17",259900
32100,-150,100,"bu","09:38:39",260000
32049.999999999996,-200,3200,"bu","09:38:39",263200
32049.999999999996,-200,500,"bu","09:38:56",263700
32049.999999999996,-200,2000,"bu","09:39:00",265700
32049.999999999996,-200,10000,"sd","09:39:03",275700
32049.999999999996,-200,5000,"bu","09:39:35",280700
32049.999999999996,-200,1200,"sd","09:40:10",281900
32049.999999999996,-200,1000,"sd","09:40:23",282900
32049.999999999996,-200,5000,"bu","09:40:47",287900
32049.999999999996,-200,500,"sd","09:40:51",288400
32100,-150,1000,"sd","09:41:41",289400
32100,-150,10000,"sd","09:41:45",299400
32100,-150,100,"sd","09:41:46",299500
32100,-150,500,"sd","09:41:49",300000
32100,-150,200,"bu","09:41:57",300200
32100,-150,1000,"sd","09:41:59",301200
32100,-150,500,"bu","09:42:03",301700
32100,-150,300,"sd","09:42:08",302000
32100,-150,1000,"sd","09:42:15",303000
32100,-150,500,"sd","09:42:18",303500
32100,-150,3500,"bu","09:42:26",307000
32100,-150,800,"sd","09:43:07",307800
32100,-150,100,"sd","09:43:29",307900
32150,-100,1000,"sd","09:43:37",308900
32049.999999999996,-200,16300,"bu","09:43:38",325200
32100,-150,4500,"sd","09:44:09",329700
32100,-150,500,"bu","09:44:21",330200
32100,-150,200,"sd","09:44:22",330400
32100,-150,500,"sd","09:44:30",330900
32100,-150,1400,"bu","09:45:05",332300
32100,-150,4100,"sd","09:45:09",336400
32150,-100,2000,"sd","09:45:30",338400
32150,-100,200,"bu","09:45:56",338600
32150,-100,100,"sd","09:46:31",338700
32150,-100,4900,"sd","09:46:46",343600
32150,-100,400,"bu","09:46:54",344000
32150,-100,1500,"bu","09:46:55",345500
32150,-100,500,"sd","09:47:05",346000
32150,-100,300,"sd","09:47:15",346300
32100,-150,200,"sd","09:47:18",346500
32150,-100,1000,"sd","09:47:43",347500
32100,-150,1000,"bu","09:47:44",348500
32100,-150,4000,"bu","09:47:57",352500
32100,-150,5000,"bu","09:48:00",357500
32100,-150,100,"bu","09:48:10",357600
32150,-100,2600,"sd","09:48:53",360200
32150,-100,2000,"bu","09:49:11",362200
32150,-100,100,"sd","09:49:51",362300
32150,-100,3200,"bu","09:50:26",365500
32100,-150,200,"sd","09:50:57",365700
32100,-150,300,"sd","09:50:58",366000
32100,-150,100,"sd","09:52:00",366100
32150,-100,2000,"sd","09:52:02",368100
32150,-100,1200,"sd","09:52:13",369300
32150,-100,100,"sd","09:52:31",369400
32100,-150,400,"sd","09:54:34",369800
32150,-100,500,"sd","09:54:37",370300
32150,-100,300,"sd","09:54:40",370600
32150,-100,200,"bu","09:54:46",370800
32150,-100,100,"bu","09:54:59",370900
32100,-150,500,"sd","09:55:50",371400
32150,-100,1800,"bu","09:56:13",373200
32150,-100,1000,"sd","09:56:55",374200
32100,-150,50000,"sd","09:57:18",424200
32100,-150,500,"sd","09:57:28",424700
32100,-150,2500,"sd","09:57:51",427200
32100,-150,200,"bu","09:57:51",427400
32100,-150,500,"sd","09:58:13",427900
32100,-150,2000,"bu","09:58:19",429900
32100,-150,2000,"sd","09:58:24",431900
32100,-150,100,"sd","09:58:28",432000
32100,-150,1100,"sd","09:58:32",433100
32049.999999999996,-200,100,"bu","09:58:35",433200
32049.999999999996,-200,1200,"bu","09:58:39",434400
32100,-150,2400,"sd","09:58:47",436800
32100,-150,600,"bu","09:58:53",437400
32100,-150,1000,"sd","09:59:01",438400
32100,-150,2000,"bu","09:59:02",440400
32100,-150,300,"sd","09:59:07",440700
32100,-150,2000,"bu","09:59:09",442700
32049.999999999996,-200,500,"sd","09:59:16",443200
32049.999999999996,-200,20000,"bu","09:59:21",463200
32100,-150,3000,"sd","09:59:22",466200
32100,-150,900,"bu","09:59:26",467100
32100,-150,100,"bu","09:59:27",467200
32100,-150,5600,"bu","09:59:34",472800
32100,-150,5100,"sd","09:59:47",477900
32100,-150,300,"bu","10:01:39",478200
32100,-150,500,"bu","10:01:43",478700
32100,-150,1600,"sd","10:01:46",480300
32100,-150,1400,"sd","10:01:50",481700
32150,-100,300,"sd","10:01:52",482000
32150,-100,200,"bu","10:02:23",482200
32150,-100,100,"bu","10:02:35",482300
32150,-100,1100,"bu","10:02:57",483400
32100,-150,100,"sd","10:03:31",483500
32150,-100,2000,"bu","10:03:43",485500
32100,-150,500,"bu","10:03:49",486000
32100,-150,9000,"sd","10:03:53",495000
32150,-100,100,"sd","10:03:56",495100
32150,-100,1000,"sd","10:04:10",496100
32150,-100,2000,"sd","10:04:41",498100
32100,-150,1000,"bu","10:04:46",499100
32150,-100,1000,"sd","10:04:51",500100
32100,-150,600,"sd","10:07:17",500700
32100,-150,1000,"sd","10:08:01",501700
32100,-150,300,"bu","10:09:08",502000
32100,-150,20000,"sd","10:09:10",522000
32100,-150,5000,"sd","10:09:33",527000
32100,-150,500,"bu","10:09:40",527500
32100,-150,4000,"sd","10:09:46",531500
32100,-150,1000,"sd","10:09:52",532500
32100,-150,3000,"sd","10:09:56",535500
32100,-150,100,"bu","10:10:03",535600
32100,-150,4200,"sd","10:10:04",539800
32049.999999999996,-200,5000,"bu","10:11:06",544800
32100,-150,800,"bu","10:11:32",545600
32100,-150,3000,"sd","10:11:52",548600
32049.999999999996,-200,5500,"bu","10:13:10",554100
32049.999999999996,-200,100,"sd","10:13:31",554200
32100,-150,10400,"bu","10:13:44",564600
32100,-150,6600,"bu","10:13:46",571200
32049.999999999996,-200,1000,"sd","10:13:51",572200
32100,-150,1000,"bu","10:14:08",573200
32100,-150,17900,"bu","10:14:31",591100
32100,-150,2100,"sd","10:14:35",593200
32100,-150,2300,"sd","10:14:47",595500
32100,-150,1000,"sd","10:15:08",596500
32100,-150,1200,"bu","10:15:34",597700
32100,-150,2000,"bu","10:15:44",599700
32100,-150,10000,"sd","10:15:52",609700
32100,-150,1200,"sd","10:16:11",610900
32100,-150,1500,"bu","10:16:40",612400
32100,-150,1700,"sd","10:16:42",614100
32100,-150,2000,"sd","10:16:44",616100
32100,-150,300,"sd","10:17:00",616400
32100,-150,3000,"bu","10:17:01",619400
32100,-150,1000,"bu","10:17:15",620400
32100,-150,3700,"bu","10:17:39",624100
32100,-150,900,"bu","10:17:48",625000
32100,-150,2000,"bu","10:17:57",627000
32100,-150,100,"bu","10:18:03",627100
32100,-150,2600,"bu","10:18:17",629700
32100,-150,2000,"bu","10:18:47",631700
32049.999999999996,-200,500,"bu","10:18:53",632200
32100,-150,1000,"sd","10:18:54",633200
32100,-150,500,"sd","10:19:01",633700
32100,-150,300,"bu","10:19:28",634000
32100,-150,500,"sd","10:21:06",634500
32100,-150,5000,"bu","10:21:15",639500
32100,-150,100,"bu","10:21:22",639600
32100,-150,10200,"sd","10:21:40",649800
32049.999999999996,-200,1000,"bu","10:22:34",650800
32049.999999999996,-200,1200,"sd","10:22:52",652000
32049.999999999996,-200,300,"sd","10:22:57",652300
32049.999999999996,-200,2700,"sd","10:23:05",655000
32049.999999999996,-200,1000,"bu","10:23:22",656000
32049.999999999996,-200,2500,"bu","10:23:42",658500
32049.999999999996,-200,4100,"bu","10:24:34",662600
32049.999999999996,-200,1000,"bu","10:24:46",663600
32100,-150,600,"sd","10:25:12",664200
32100,-150,500,"bu","10:25:17",664700
32100,-150,5500,"sd","10:25:43",670200
32100,-150,100,"sd","10:25:57",670300
32100,-150,900,"bu","10:26:17",671200
32100,-150,200,"sd","10:26:19",671400
32049.999999999996,-200,2100,"sd","10:27:05",673500
32100,-150,500,"bu","10:27:08",674000
32100,-150,5000,"sd","10:27:12",679000
32100,-150,1000,"bu","10:27:14",680000
32100,-150,2000,"bu","10:27:22",682000
32100,-150,200,"sd","10:27:45",682200
32100,-150,300,"sd","10:27:52",682500
32100,-150,400,"bu","10:28:09",682900
32100,-150,700,"bu","10:28:16",683600
32100,-150,4000,"sd","10:28:17",687600
32100,-150,100,"bu","10:28:21",687700
32100,-150,5300,"sd","10:28:29",693000
32100,-150,100,"bu","10:28:32",693100
32100,-150,900,"bu","10:28:51",694000
32100,-150,100,"sd","10:29:05",694100
32100,-150,500,"bu","10:29:11",694600
32100,-150,3900,"bu","10:31:14",698500
32100,-150,100,"bu","10:31:39",698600
32100,-150,5200,"sd","10:33:27",703800
32100,-150,500,"bu","10:33:47",704300
32150,-100,1500,"sd","10:33:57",705800
32100,-150,1000,"bu","10:34:12",706800
32100,-150,2000,"sd","10:34:32",708800
32100,-150,500,"sd","10:34:42",709300
32150,-100,3700,"bu","10:36:08",713000
32100,-150,200,"bu","10:36:43",713200
32100,-150,1000,"bu","10:36:53",714200
32100,-150,600,"sd","10:37:13",714800
32150,-100,900,"bu","10:37:16",715700
32150,-100,100,"sd","10:37:30",715800
32100,-150,2100,"sd","10:38:22",717900
32150,-100,500,"bu","10:38:27",718400
32150,-100,600,"sd","10:39:08",719000
32100,-150,5500,"sd","10:40:13",724500
32100,-150,400,"sd","10:40:35",724900
32100,-150,100,"bu","10:41:09",725000
32100,-150,5000,"bu","10:41:16",730000
32100,-150,600,"sd","10:41:31",730600
32100,-150,600,"bu","10:43:16",731200
32049.999999999996,-200,2000,"sd","10:43:17",733200
32100,-150,500,"sd","10:43:35",733700
32100,-150,100,"sd","10:44:06",733800
32100,-150,10000,"bu","10:44:23",743800
32100,-150,400,"sd","10:44:34",744200
32049.999999999996,-200,200,"sd","10:44:44",744400
32100,-150,5000,"bu","10:45:06",749400
32100,-150,200,"bu","10:45:15",749600
32100,-150,16000,"sd","10:45:22",765600
32100,-150,200,"bu","10:45:39",765800
32100,-150,1200,"bu","10:45:55",767000
32100,-150,10000,"bu","10:46:21",777000
32100,-150,300,"sd","10:46:33",777300
32100,-150,1600,"bu","10:46:49",778900
32049.999999999996,-200,17600,"bu","10:47:03",796500
32049.999999999996,-200,200,"sd","10:47:22",796700
32100,-150,100,"bu","10:48:18",796800
32100,-150,900,"sd","10:51:34",797700
32100,-150,100,"bu","10:52:12",797800
32049.999999999996,-200,20000,"sd","10:52:31",817800
32049.999999999996,-200,21800,"sd","10:53:06",839600
32049.999999999996,-200,50000,"sd","10:53:25",889600
32049.999999999996,-200,2000,"bu","10:53:34",891600
32049.999999999996,-200,200,"sd","10:53:55",891800
32049.999999999996,-200,57500,"sd","10:54:04",949300
32049.999999999996,-200,100,"bu","10:54:12",949400
32049.999999999996,-200,300,"bu","10:54:14",949700
32049.999999999996,-200,100,"sd","10:54:18",949800
32049.999999999996,-200,600,"bu","10:54:59",950400
32049.999999999996,-200,100,"sd","10:55:04",950500
32049.999999999996,-200,1700,"bu","10:55:18",952200
32100,-150,500,"sd","10:55:27",952700
32000,-250,5000,"bu","10:55:33",957700
32000,-250,2300,"sd","10:55:34",960000
32049.999999999996,-200,400,"sd","10:56:19",960400
32049.999999999996,-200,400,"sd","10:56:29",960800
32000,-250,12600,"bu","10:57:11",973400
32049.999999999996,-200,200,"sd","10:57:20",973600
32000,-250,2000,"sd","10:57:23",975600
32049.999999999996,-200,200,"sd","10:57:29",975800
32049.999999999996,-200,100,"bu","10:57:49",975900
32049.999999999996,-200,1100,"sd","10:58:08",977000
32049.999999999996,-200,100,"bu","10:58:15",977100
32049.999999999996,-200,200,"sd","10:58:29",977300
32049.999999999996,-200,5800,"sd","10:59:12",983100
32049.999999999996,-200,10000,"bu","10:59:21",993100
32049.999999999996,-200,100,"bu","10:59:50",993200
32049.999999999996,-200,8000,"sd","10:59:53",1001200
32049.999999999996,-200,500,"bu","11:00:03",1001700
32049.999999999996,-200,100,"bu","11:00:12",1001800
32049.999999999996,-200,3000,"bu","11:00:32",1004800
32049.999999999996,-200,100,"bu","11:00:44",1004900
32049.999999999996,-200,1000,"sd","11:00:50",1005900
32000,-250,3700,"sd","11:01:27",1009600
32049.999999999996,-200,16000,"bu","11:01:28",1025600
32049.999999999996,-200,100,"bu","11:01:37",1025700
32049.999999999996,-200,2100,"sd","11:02:01",1027800
32049.999999999996,-200,10100,"bu","11:02:18",1037900
32049.999999999996,-200,700,"bu","11:02:27",1038600
32049.999999999996,-200,1000,"sd","11:02:30",1039600
32049.999999999996,-200,6000,"sd","11:02:37",1045600
32049.999999999996,-200,100,"bu","11:02:42",1045700
32049.999999999996,-200,20000,"sd","11:02:57",1065700
32049.999999999996,-200,300,"bu","11:02:59",1066000
32049.999999999996,-200,100,"sd","11:03:14",1066100
32049.999999999996,-200,400,"bu","11:03:16",1066500
32049.999999999996,-200,3400,"bu","11:03:27",1069900
32049.999999999996,-200,1100,"bu","11:03:47",1071000
32049.999999999996,-200,100,"sd","11:03:52",1071100
32049.999999999996,-200,200,"bu","11:03:58",1071300
32000,-250,10000,"bu","11:04:19",1081300
32000,-250,2500,"bu","11:04:39",1083800
32000,-250,2000,"sd","11:04:54",1085800
32049.999999999996,-200,1000,"sd","11:05:11",1086800
32049.999999999996,-200,1500,"bu","11:05:21",1088300
32000,-250,20000,"bu","11:05:26",1108300
32000,-250,600,"bu","11:05:30",1108900
32000,-250,2300,"sd","11:05:36",1111200
32000,-250,34000,"bu","11:05:40",1145200
32000,-250,16000,"sd","11:05:41",1161200
32000,-250,15000,"bu","11:05:50",1176200
32000,-250,3000,"bu","11:06:01",1179200
32000,-250,1000,"sd","11:06:06",1180200
32000,-250,1500,"bu","11:06:30",1181700
32049.999999999996,-200,1000,"sd","11:06:56",1182700
32000,-250,4000,"sd","11:06:57",1186700
32000,-250,13000,"bu","11:07:03",1199700
32000,-250,1000,"bu","11:07:10",1200700
32000,-250,1500,"sd","11:07:17",1202200
32000,-250,13500,"sd","11:07:29",1215700
32000,-250,10800,"bu","11:07:36",1226500
32000,-250,2000,"sd","11:07:40",1228500
32000,-250,200,"sd","11:07:41",1228700
32000,-250,5500,"bu","11:07:44",1234200
32000,-250,10000,"bu","11:07:48",1244200
32000,-250,10000,"bu","11:07:49",1254200
32000,-250,29500,"sd","11:07:52",1283700
32000,-250,17300,"bu","11:07:59",1301000
31950,-300,18400,"sd","11:08:01",1319400
31950,-300,1000,"sd","11:08:10",1320400
31950,-300,5000,"sd","11:08:14",1325400
31950,-300,3000,"bu","11:08:23",1328400
31950,-300,100,"sd","11:08:39",1328500
31950,-300,300,"sd","11:08:41",1328800
31950,-300,2000,"bu","11:08:48",1330800
31950,-300,19900,"bu","11:08:54",1350700
31900,-350,8100,"bu","11:09:13",1358800
31900,-350,7500,"sd","11:09:14",1366300
31950,-300,1000,"sd","11:09:25",1367300
31950,-300,1200,"bu","11:09:36",1368500
31900,-350,100,"sd","11:09:37",1368600
31900,-350,500,"sd","11:09:49",1369100
31900,-350,23600,"bu","11:10:09",1392700
31900,-350,25000,"sd","11:10:18",1417700
31900,-350,300,"bu","11:10:24",1418000
31900,-350,200,"sd","11:10:27",1418200
31900,-350,5000,"sd","11:10:28",1423200
31900,-350,800,"bu","11:10:40",1424000
31900,-350,2000,"bu","11:10:48",1426000
31950,-300,200,"bu","11:10:57",1426200
31950,-300,500,"bu","11:11:08",1426700
31900,-350,2500,"bu","11:11:13",1429200
31950,-300,100,"sd","11:11:28",1429300
31900,-350,2000,"sd","11:12:03",1431300
31950,-300,1000,"bu","11:12:11",1432300
31950,-300,4000,"bu","11:12:38",1436300
31950,-300,14000,"sd","11:12:45",1450300
32000,-250,1000,"sd","11:12:50",1451300
32000,-250,1000,"sd","11:13:12",1452300
32000,-250,2100,"bu","11:13:30",1454400
32000,-250,2000,"sd","11:13:53",1456400
32000,-250,1000,"bu","11:14:02",1457400
32000,-250,2000,"bu","11:14:14",1459400
32049.999999999996,-200,1000,"sd","11:15:26",1460400
32049.999999999996,-200,1600,"bu","11:16:41",1462000
32000,-250,8300,"sd","11:17:28",1470300
32000,-250,2000,"bu","11:17:37",1472300
32000,-250,4700,"bu","11:18:22",1477000
32000,-250,200,"sd","11:18:37",1477200
32000,-250,500,"sd","11:18:59",1477700
32000,-250,2000,"sd","11:19:03",1479700
32000,-250,200,"bu","11:19:19",1479900
32000,-250,500,"sd","11:19:35",1480400
32000,-250,1000,"bu","11:19:46",1481400
32000,-250,100,"sd","11:19:47",1481500
32000,-250,500,"bu","11:19:48",1482000
31950,-300,100,"sd","11:20:11",1482100
31950,-300,1100,"bu","11:21:37",1483200
32000,-250,1000,"bu","11:21:48",1484200
32000,-250,500,"sd","11:22:07",1484700
31950,-300,1500,"bu","11:22:35",1486200
31950,-300,800,"bu","11:23:53",1487000
31950,-300,2000,"sd","11:24:44",1489000
32000,-250,1200,"sd","11:25:16",1490200
32000,-250,100,"bu","11:26:18",1490300
31950,-300,3000,"bu","11:26:27",1493300
31950,-300,1900,"bu","11:26:53",1495200
32000,-250,200,"sd","11:27:24",1495400
32000,-250,800,"sd","11:27:51",1496200
31950,-300,1000,"sd","11:28:12",1497200
31950,-300,2000,"bu","11:28:34",1499200
31950,-300,200,"bu","11:28:49",1499400
31950,-300,4200,"sd","11:29:16",1503600
31950,-300,4000,"sd","11:29:35",1507600
31950,-300,900,"sd","11:29:41",1508500
32000,-250,5900,"sd","11:29:54",1514400
32000,-250,5000,"bu","13:00:35",1519400
31950,-300,1500,"bu","13:00:36",1520900
32000,-250,2000,"bu","13:01:00",1522900
31950,-300,2500,"sd","13:01:02",1525400
32000,-250,100,"bu","13:01:07",1525500
31950,-300,800,"bu","13:01:11",1526300
32000,-250,10200,"bu","13:01:16",1536500
31950,-300,1000,"sd","13:01:18",1537500
32000,-250,600,"sd","13:01:22",1538100
31950,-300,1400,"bu","13:01:24",1539500
31950,-300,3700,"bu","13:01:29",1543200
31950,-300,1100,"sd","13:01:41",1544300
31950,-300,500,"sd","13:01:43",1544800
31950,-300,100,"sd","13:01:45",1544900
31950,-300,5000,"sd","13:01:53",1549900
31950,-300,5400,"sd","13:02:07",1555300
31950,-300,100,"bu","13:02:15",1555400
32000,-250,500,"sd","13:02:19",1555900
32000,-250,200,"bu","13:02:45",1556100
32000,-250,4000,"bu","13:03:01",1560100
32000,-250,2500,"bu","13:03:04",1562600
32000,-250,300,"bu","13:03:23",1562900
32000,-250,100,"sd","13:03:26",1563000
32000,-250,3000,"sd","13:03:28",1566000
31950,-300,4500,"sd","13:03:42",1570500
32000,-250,1000,"bu","13:04:06",1571500
31950,-300,5000,"bu","13:04:17",1576500
31950,-300,2000,"sd","13:04:42",1578500
31950,-300,800,"sd","13:04:45",1579300
31950,-300,200,"sd","13:04:47",1579500
32000,-250,2000,"bu","13:05:35",1581500
32000,-250,500,"bu","13:05:57",1582000
32000,-250,200,"sd","13:06:41",1582200
32000,-250,5000,"sd","13:06:54",1587200
32000,-250,100,"bu","13:06:57",1587300
32000,-250,200,"bu","13:07:38",1587500
32000,-250,2000,"sd","13:07:40",1589500
31950,-300,3000,"bu","13:07:43",1592500
32000,-250,100,"bu","13:07:58",1592600
32000,-250,19600,"bu","13:08:17",1612200
32200.000000000004,-50,112600,"bu","13:08:53",1724800
32250,0,7400,"bu","13:08:55",1732200
32250,0,1000,"bu","13:09:02",1733200
32250,0,2000,"bu","13:09:21",1735200
32299.999999999996,50,25000,"sd","13:09:29",1760200
32299.999999999996,50,2000,"bu","13:09:36",1762200
32299.999999999996,50,5300,"sd","13:09:54",1767500
32250,0,200,"sd","13:09:57",1767700
32299.999999999996,50,100,"bu","13:10:08",1767800
32299.999999999996,50,200,"bu","13:10:18",1768000
32299.999999999996,50,9700,"bu","13:10:43",1777700
32299.999999999996,50,100,"sd","13:10:56",1777800
32299.999999999996,50,500,"sd","13:10:57",1778300
32299.999999999996,50,20000,"sd","13:11:00",1798300
32400,150,15000,"sd","13:11:03",1813300
32350,100,400,"sd","13:11:24",1813700
32400,150,17900,"bu","13:11:26",1831600
32400,150,500,"sd","13:11:29",1832100
32400,150,1900,"bu","13:11:30",1834000
32400,150,100,"sd","13:11:34",1834100
32350,100,20500,"sd","13:11:36",1854600
32400,150,300,"sd","13:11:39",1854900
32400,150,1100,"sd","13:11:42",1856000
32400,150,500,"bu","13:11:43",1856500
32450.000000000004,200,100,"sd","13:11:47",1856600
32450.000000000004,200,3000,"bu","13:11:51",1859600
32400,150,1000,"sd","13:11:52",1860600
32450.000000000004,200,10000,"bu","13:11:56",1870600
32450.000000000004,200,15000,"bu","13:12:00",1885600
32450.000000000004,200,4900,"sd","13:12:03",1890500
32450.000000000004,200,100,"sd","13:12:06",1890600
32500,250,4100,"sd","13:12:16",1894700
32500,250,12000,"bu","13:12:20",1906700
32500,250,3000,"sd","13:12:21",1909700
32450.000000000004,200,2400,"sd","13:12:23",1912100
32500,250,15000,"sd","13:12:25",1927100
32500,250,8200,"bu","13:12:26",1935300
32549.999999999996,300,1500,"bu","13:12:31",1936800
32549.999999999996,300,15000,"sd","13:12:33",1951800
32600,350,7200,"sd","13:12:35",1959000
32549.999999999996,300,16000,"bu","13:12:41",1975000
32549.999999999996,300,3000,"bu","13:12:44",1978000
32600,350,53600,"bu","13:12:46",2031600
32600,350,100,"sd","13:12:48",2031700
32549.999999999996,300,2000,"sd","13:12:49",2033700
32549.999999999996,300,2600,"sd","13:12:51",2036300
32549.999999999996,300,1900,"bu","13:12:54",2038200
32549.999999999996,300,300,"bu","13:12:55",2038500
32549.999999999996,300,200,"sd","13:12:57",2038700
32600,350,2000,"bu","13:13:00",2040700
32600,350,12000,"sd","13:13:05",2052700
32600,350,10100,"sd","13:13:07",2062800
32700.000000000004,450,10000,"bu","13:13:08",2072800
32600,350,1000,"sd","13:13:10",2073800
32650,400,1700,"bu","13:13:13",2075500
32600,350,500,"sd","13:13:14",2076000
32700.000000000004,450,14500,"bu","13:13:18",2090500
32700.000000000004,450,5000,"bu","13:13:21",2095500
32700.000000000004,450,200,"sd","13:13:23",2095700
32750,500,13000,"sd","13:13:25",2108700
32700.000000000004,450,500,"sd","13:13:26",2109200
32700.000000000004,450,2000,"sd","13:13:28",2111200
32800,550,50300,"bu","13:13:33",2161500
32700.000000000004,450,6700,"sd","13:13:39",2168200
32800,550,6900,"bu","13:13:40",2175100
32800,550,7500,"sd","13:13:42",2182600
32800,550,7300,"bu","13:13:43",2189900
32850,600,400,"sd","13:13:49",2190300
32850,600,1000,"sd","13:13:50",2191300
32800,550,500,"sd","13:13:52",2191800
32800,550,3000,"sd","13:13:55",2194800
32800,550,100,"sd","13:13:57",2194900
32850,600,1600,"sd","13:14:00",2196500
32800,550,100,"bu","13:14:02",2196600
32850,600,6100,"sd","13:14:04",2202700
32800,550,20900,"sd","13:14:05",2223600
32900,650,2100,"bu","13:14:07",2225700
32850,600,1500,"sd","13:14:10",2227200
32850,600,200,"bu","13:14:12",2227400
32800,550,2900,"sd","13:14:14",2230300
32800,550,20400,"bu","13:14:17",2250700
32800,550,900,"sd","13:14:21",2251600
32800,550,2000,"bu","13:14:26",2253600
32850,600,2900,"bu","13:14:33",2256500
32900,650,10000,"bu","13:14:34",2266500
32850,600,1200,"sd","13:14:36",2267700
32850,600,2000,"bu","13:14:40",2269700
32850,600,200,"sd","13:14:45",2269900
32900,650,1400,"sd","13:14:49",2271300
32900,650,15500,"bu","13:14:55",2286800
32900,650,700,"bu","13:14:56",2287500
32850,600,30100,"sd","13:15:02",2317600
32900,650,9200,"bu","13:15:07",2326800
32900,650,600,"sd","13:15:09",2327400
32900,650,11000,"bu","13:15:12",2338400
32850,600,2000,"sd","13:15:14",2340400
32900,650,11100,"sd","13:15:21",2351500
32900,650,1200,"bu","13:15:22",2352700
32900,650,3000,"sd","13:15:23",2355700
32900,650,200,"sd","13:15:25",2355900
32900,650,800,"bu","13:15:30",2356700
32900,650,800,"sd","13:15:32",2357500
32900,650,4000,"sd","13:15:33",2361500
32900,650,200,"sd","13:15:35",2361700
32900,650,1200,"bu","13:15:40",2362900
32900,650,200,"bu","13:15:42",2363100
32950,700,5000,"sd","13:15:43",2368100
32900,650,17300,"bu","13:15:46",2385400
32900,650,400,"sd","13:15:49",2385800
32900,650,200,"sd","13:15:51",2386000
32950,700,700,"sd","13:15:52",2386700
32900,650,5100,"sd","13:15:55",2391800
32900,650,1000,"bu","13:16:01",2392800
32900,650,60000,"bu","13:16:03",2452800
32900,650,2600,"bu","13:16:04",2455400
32950,700,700,"sd","13:16:06",2456100
32900,650,10000,"bu","13:16:07",2466100
32900,650,100,"bu","13:16:09",2466200
32900,650,3100,"bu","13:16:10",2469300
32950,700,1900,"bu","13:16:13",2471200
32900,650,16400,"sd","13:16:14",2487600
32900,650,500,"sd","13:16:18",2488100
32900,650,500,"bu","13:16:19",2488600
32900,650,6100,"bu","13:16:21",2494700
32900,650,500,"sd","13:16:23",2495200
32850,600,1400,"bu","13:16:32",2496600
32850,600,200,"sd","13:16:35",2496800
32850,600,2000,"bu","13:16:37",2498800
32850,600,3000,"sd","13:16:40",2501800
32850,600,12300,"bu","13:16:45",2514100
32850,600,300,"sd","13:16:46",2514400
32850,600,11500,"sd","13:16:53",2525900
32850,600,6300,"sd","13:16:58",2532200
32900,650,10000,"sd","13:16:59",2542200
32800,550,1000,"bu","13:17:07",2543200
32850,600,17000,"bu","13:17:09",2560200
32850,600,9100,"bu","13:17:13",2569300
32800,550,400,"sd","13:17:23",2569700
32800,550,100,"sd","13:17:26",2569800
32800,550,1000,"sd","13:17:29",2570800
32800,550,5000,"bu","13:17:37",2575800
32850,600,30000,"bu","13:17:40",2605800
32700.000000000004,450,200,"bu","13:17:42",2606000
32700.000000000004,450,2400,"bu","13:17:44",2608400
32850,600,18200,"bu","13:17:45",2626600
32800,550,1000,"sd","13:17:47",2627600
32800,550,4100,"bu","13:17:50",2631700
32850,600,11500,"bu","13:17:52",2643200
32850,600,1500,"sd","13:17:53",2644700
32850,600,1000,"bu","13:18:04",2645700
32850,600,1500,"sd","13:18:09",2647200
32850,600,100,"bu","13:18:11",2647300
32800,550,5600,"sd","13:18:21",2652900
32800,550,100,"bu","13:18:22",2653000
32800,550,1000,"sd","13:18:24",2654000
32800,550,11700,"bu","13:18:41",2665700
32800,550,3000,"bu","13:18:45",2668700
32800,550,3000,"sd","13:18:46",2671700
32800,550,500,"bu","13:18:53",2672200
32800,550,1000,"bu","13:18:57",2673200
32800,550,3300,"sd","13:19:02",2676500
32800,550,300,"sd","13:19:07",2676800
32800,550,100,"bu","13:19:12",2676900
32700.000000000004,450,700,"bu","13:19:14",2677600
32750,500,100,"bu","13:19:16",2677700
32800,550,200,"bu","13:19:17",2677900
32700.000000000004,450,500,"sd","13:19:21",2678400
32800,550,600,"sd","13:19:23",2679000
32800,550,4000,"sd","13:19:44",2683000
32750,500,700,"sd","13:19:46",2683700
32800,550,3000,"bu","13:19:49",2686700
32750,500,400,"bu","13:19:53",2687100
32750,500,500,"bu","13:20:01",2687600
32750,500,1100,"sd","13:20:03",2688700
32750,500,200,"bu","13:20:05",2688900
32750,500,1500,"bu","13:20:07",2690400
32750,500,6000,"bu","13:20:10",2696400
32800,550,5000,"bu","13:20:12",2701400
32750,500,200,"sd","13:20:14",2701600
32750,500,2600,"bu","13:20:17",2704200
32750,500,300,"bu","13:20:22",2704500
32750,500,1700,"bu","13:20:27",2706200
32700.000000000004,450,3000,"bu","13:20:30",2709200
32750,500,200,"bu","13:20:42",2709400
32750,500,8000,"sd","13:20:49",2717400
32750,500,600,"bu","13:20:50",2718000
32750,500,1500,"bu","13:20:53",2719500
32700.000000000004,450,1100,"bu","13:21:03",2720600
32700.000000000004,450,10000,"bu","13:21:06",2730600
32750,500,300,"sd","13:21:08",2730900
32800,550,5000,"bu","13:21:12",2735900
32750,500,200,"bu","13:21:15",2736100
32750,500,100,"sd","13:21:21",2736200
32750,500,200,"sd","13:21:25",2736400
32700.000000000004,450,100,"sd","13:21:30",2736500
32750,500,1000,"bu","13:21:32",2737500
32750,500,2600,"sd","13:21:34",2740100
32750,500,1600,"sd","13:21:39",2741700
32750,500,16600,"sd","13:21:46",2758300
32750,500,2000,"bu","13:21:51",2760300
32800,550,11200,"bu","13:21:52",2771500
32750,500,3500,"sd","13:21:54",2775000
32750,500,600,"sd","13:21:58",2775600
32700.000000000004,450,28900,"sd","13:22:01",2804500
32700.000000000004,450,2200,"bu","13:22:08",2806700
32700.000000000004,450,1900,"sd","13:22:09",2808600
32700.000000000004,450,5100,"bu","13:22:11",2813700
32700.000000000004,450,1000,"bu","13:22:15",2814700
32750,500,26300,"sd","13:22:16",2841000
32750,500,4600,"sd","13:22:21",2845600
32750,500,900,"bu","13:22:25",2846500
32750,500,400,"sd","13:22:28",2846900
32750,500,100,"bu","13:22:30",2847000
32750,500,8800,"bu","13:22:32",2855800
32750,500,100,"bu","13:22:42",2855900
32700.000000000004,450,500,"bu","13:23:07",2856400
32700.000000000004,450,200,"bu","13:23:09",2856600
32750,500,300,"sd","13:23:19",2856900
32700.000000000004,450,200,"sd","13:23:37",2857100
32700.000000000004,450,10000,"sd","13:23:42",2867100
32750,500,200,"bu","13:23:55",2867300
32700.000000000004,450,2000,"sd","13:23:58",2869300
32700.000000000004,450,12000,"sd","13:24:14",2881300
32700.000000000004,450,3000,"sd","13:24:15",2884300
32650,400,31900,"bu","13:24:49",2916200
32600,350,2000,"bu","13:25:07",2918200
32600,350,8800,"bu","13:25:09",2927000
32600,350,3000,"bu","13:25:24",2930000
32600,350,8500,"sd","13:25:30",2938500
32650,400,600,"sd","13:25:32",2939100
32650,400,5000,"bu","13:25:48",2944100
32600,350,2000,"sd","13:26:00",2946100
32650,400,1500,"bu","13:26:16",2947600
32650,400,19900,"bu","13:26:20",2967500
32650,400,2000,"bu","13:26:23",2969500
32700.000000000004,450,1500,"bu","13:26:30",2971000
32700.000000000004,450,1100,"sd","13:26:40",2972100
32650,400,100,"sd","13:26:42",2972200
32700.000000000004,450,12300,"bu","13:26:47",2984500
32700.000000000004,450,46400,"bu","13:26:54",3030900
32700.000000000004,450,2000,"bu","13:27:09",3032900
32700.000000000004,450,5000,"sd","13:27:18",3037900
32700.000000000004,450,1000,"bu","13:27:39",3038900
32700.000000000004,450,100,"bu","13:27:41",3039000
32700.000000000004,450,10000,"bu","13:27:48",3049000
32700.000000000004,450,7000,"sd","13:27:50",3056000
32700.000000000004,450,20000,"bu","13:27:55",3076000
32700.000000000004,450,100,"sd","13:27:59",3076100
32700.000000000004,450,1500,"sd","13:28:04",3077600
32700.000000000004,450,2000,"bu","13:28:08",3079600
32700.000000000004,450,200,"bu","13:28:15",3079800
32700.000000000004,450,10000,"bu","13:28:23",3089800
32700.000000000004,450,200,"sd","13:28:25",3090000
32750,500,1400,"sd","13:28:40",3091400
32700.000000000004,450,1500,"sd","13:28:41",3092900
32700.000000000004,450,2000,"bu","13:29:08",3094900
32700.000000000004,450,100,"sd","13:29:19",3095000
32700.000000000004,450,1700,"bu","13:29:40",3096700
32700.000000000004,450,2000,"sd","13:29:44",3098700
32700.000000000004,450,1000,"sd","13:29:51",3099700
32700.000000000004,450,2300,"sd","13:29:52",3102000
32700.000000000004,450,1600,"sd","13:29:58",3103600
32700.000000000004,450,1000,"sd","13:30:16",3104600
32700.000000000004,450,24500,"bu","13:30:18",3129100
32700.000000000004,450,100,"sd","13:30:22",3129200
32700.000000000004,450,11000,"sd","13:30:27",3140200
32700.000000000004,450,14300,"bu","13:30:29",3154500
32700.000000000004,450,6100,"bu","13:30:30",3160600
32700.000000000004,450,1000,"sd","13:30:32",3161600
32700.000000000004,450,1100,"bu","13:30:41",3162700
32700.000000000004,450,3000,"bu","13:30:42",3165700
32700.000000000004,450,100,"sd","13:30:46",3165800
32700.000000000004,450,1200,"bu","13:30:48",3167000
32700.000000000004,450,2000,"bu","13:30:57",3169000
32700.000000000004,450,300,"bu","13:31:05",3169300
32700.000000000004,450,10100,"sd","13:31:23",3179400
32700.000000000004,450,100,"sd","13:31:29",3179500
32700.000000000004,450,800,"sd","13:31:44",3180300
32700.000000000004,450,2000,"sd","13:31:55",3182300
32700.000000000004,450,11700,"sd","13:32:00",3194000
32700.000000000004,450,10000,"sd","13:32:14",3204000
32700.000000000004,450,2000,"sd","13:32:16",3206000
32750,500,800,"sd","13:32:27",3206800
32700.000000000004,450,1000,"bu","13:32:28",3207800
32700.000000000004,450,2500,"sd","13:32:40",3210300
32700.000000000004,450,1000,"bu","13:32:44",3211300
32700.000000000004,450,1000,"sd","13:32:46",3212300
32700.000000000004,450,500,"bu","13:32:50",3212800
32700.000000000004,450,10500,"bu","13:33:24",3223300
32700.000000000004,450,200,"bu","13:33:26",3223500
32700.000000000004,450,4000,"sd","13:33:28",3227500
32700.000000000004,450,1000,"sd","13:33:45",3228500
32700.000000000004,450,700,"bu","13:33:53",3229200
32700.000000000004,450,3000,"bu","13:33:59",3232200
32700.000000000004,450,500,"sd","13:34:06",3232700
32700.000000000004,450,1000,"bu","13:34:09",3233700
32700.000000000004,450,200,"sd","13:34:22",3233900
32650,400,1500,"sd","13:34:24",3235400
32700.000000000004,450,1000,"bu","13:34:26",3236400
32650,400,400,"sd","13:34:59",3236800
32650,400,500,"sd","13:35:17",3237300
32650,400,1100,"bu","13:35:33",3238400
32650,400,900,"bu","13:35:35",3239300
32650,400,12000,"sd","13:35:45",3251300
32700.000000000004,450,100,"sd","13:35:46",3251400
32700.000000000004,450,1000,"bu","13:35:55",3252400
32700.000000000004,450,1200,"bu","13:36:31",3253600
32700.000000000004,450,2800,"bu","13:36:59",3256400
32650,400,6000,"sd","13:37:03",3262400
32650,400,100,"sd","13:37:18",3262500
32650,400,5000,"sd","13:37:27",3267500
32650,400,1000,"bu","13:37:36",3268500
32650,400,5000,"bu","13:37:38",3273500
32650,400,1000,"bu","13:37:42",3274500
32650,400,2300,"sd","13:37:49",3276800
32700.000000000004,450,100,"bu","13:38:05",3276900
32650,400,6000,"sd","13:38:29",3282900
32650,400,5600,"bu","13:38:44",3288500
32650,400,300,"sd","13:39:30",3288800
32650,400,1600,"sd","13:39:53",3290400
32650,400,3700,"sd","13:40:07",3294100
32650,400,500,"bu","13:40:15",3294600
32650,400,100,"bu","13:40:52",3294700
32650,400,1000,"sd","13:41:16",3295700
32650,400,700,"sd","13:41:19",3296400
32600,350,600,"sd","13:41:29",3297000
32600,350,2000,"bu","13:41:49",3299000
32600,350,600,"bu","13:42:18",3299600
32600,350,100,"sd","13:42:22",3299700
32600,350,5000,"bu","13:42:41",3304700
32650,400,100,"bu","13:42:47",3304800
32600,350,3000,"bu","13:42:49",3307800
32600,350,2000,"bu","13:42:57",3309800
32650,400,7000,"bu","13:43:14",3316800
32650,400,800,"bu","13:43:44",3317600
32650,400,1000,"bu","13:43:47",3318600
32600,350,31000,"sd","13:43:58",3349600
32600,350,28700,"bu","13:44:04",3378300
32600,350,3500,"sd","13:44:15",3381800
32600,350,1000,"bu","13:44:18",3382800
32600,350,4300,"bu","13:44:40",3387100
32549.999999999996,300,1000,"sd","13:44:44",3388100
32549.999999999996,300,200,"bu","13:45:16",3388300
32549.999999999996,300,4000,"sd","13:45:21",3392300
32600,350,2000,"sd","13:45:25",3394300
32600,350,100,"sd","13:46:14",3394400
32600,350,11000,"sd","13:46:25",3405400
32600,350,2000,"sd","13:46:26",3407400
32600,350,100,"sd","13:46:30",3407500
32549.999999999996,300,10000,"sd","13:46:32",3417500
32549.999999999996,300,2000,"bu","13:46:54",3419500
32549.999999999996,300,100,"sd","13:46:59",3419600
32549.999999999996,300,1100,"bu","13:47:20",3420700
32549.999999999996,300,900,"sd","13:47:37",3421600
32549.999999999996,300,1000,"bu","13:47:41",3422600
32549.999999999996,300,300,"bu","13:48:22",3422900
32549.999999999996,300,1000,"sd","13:48:23",3423900
32549.999999999996,300,100,"bu","13:48:25",3424000
32549.999999999996,300,9200,"sd","13:49:10",3433200
32549.999999999996,300,5000,"bu","13:49:18",3438200
32549.999999999996,300,1000,"sd","13:49:27",3439200
32549.999999999996,300,500,"bu","13:49:33",3439700
32600,350,3000,"bu","13:49:35",3442700
32549.999999999996,300,2000,"bu","13:49:37",3444700
32549.999999999996,300,200,"bu","13:49:44",3444900
32549.999999999996,300,10000,"sd","13:49:46",3454900
32549.999999999996,300,3700,"sd","13:49:48",3458600
32549.999999999996,300,2300,"bu","13:49:57",3460900
32549.999999999996,300,300,"bu","13:50:05",3461200
32549.999999999996,300,5000,"sd","13:50:11",3466200
32549.999999999996,300,2000,"sd","13:50:13",3468200
32549.999999999996,300,4500,"bu","13:50:30",3472700
32549.999999999996,300,100,"bu","13:50:34",3472800
32549.999999999996,300,500,"bu","13:50:38",3473300
32549.999999999996,300,1000,"sd","13:50:40",3474300
32549.999999999996,300,6400,"bu","13:50:42",3480700
32549.999999999996,300,1300,"bu","13:50:48",3482000
32549.999999999996,300,10500,"bu","13:50:52",3492500
32549.999999999996,300,6300,"bu","13:50:56",3498800
32549.999999999996,300,3300,"bu","13:50:58",3502100
32549.999999999996,300,3900,"sd","13:51:22",3506000
32549.999999999996,300,1000,"sd","13:51:25",3507000
32549.999999999996,300,11100,"bu","13:51:41",3518100
32600,350,200,"bu","13:51:45",3518300
32600,350,5000,"sd","13:51:51",3523300
32549.999999999996,300,14000,"sd","13:51:56",3537300
32549.999999999996,300,300,"sd","13:52:00",3537600
32549.999999999996,300,1000,"bu","13:52:02",3538600
32549.999999999996,300,2200,"bu","13:52:04",3540800
32549.999999999996,300,1000,"sd","13:52:15",3541800
32549.999999999996,300,300,"bu","13:52:19",3542100
32549.999999999996,300,3100,"bu","13:52:27",3545200
32549.999999999996,300,100,"sd","13:52:36",3545300
32549.999999999996,300,2200,"sd","13:52:41",3547500
32549.999999999996,300,700,"sd","13:52:45",3548200
32500,250,2200,"bu","13:52:47",3550400
32549.999999999996,300,100,"sd","13:52:49",3550500
32549.999999999996,300,2700,"bu","13:52:51",3553200
32549.999999999996,300,1000,"sd","13:53:03",3554200
32549.999999999996,300,700,"bu","13:53:18",3554900
32549.999999999996,300,500,"sd","13:53:23",3555400
32549.999999999996,300,13500,"sd","13:53:27",3568900
32600,350,10000,"sd","13:53:28",3578900
32600,350,5000,"bu","13:53:37",3583900
32549.999999999996,300,1000,"sd","13:53:41",3584900
32549.999999999996,300,100,"bu","13:53:51",3585000
32500,250,2000,"bu","13:53:55",3587000
32549.999999999996,300,100,"sd","13:53:59",3587100
32549.999999999996,300,1500,"sd","13:54:23",3588600
32549.999999999996,300,2400,"bu","13:54:58",3591000
32549.999999999996,300,300,"sd","13:55:02",3591300
32549.999999999996,300,3000,"sd","13:55:12",3594300
32500,250,5000,"bu","13:55:14",3599300
32500,250,6000,"sd","13:55:30",3605300
32500,250,4000,"sd","13:55:43",3609300
32549.999999999996,300,100,"bu","13:55:45",3609400
32500,250,11000,"sd","13:56:07",3620400
32500,250,1000,"sd","13:56:12",3621400
32500,250,200,"sd","13:56:15",3621600
32500,250,500,"sd","13:56:23",3622100
32500,250,1000,"sd","13:56:47",3623100
32500,250,10500,"bu","13:56:57",3633600
32500,250,46000,"sd","13:56:59",3679600
32500,250,500,"sd","13:57:01",3680100
32500,250,1500,"sd","13:57:10",3681600
32500,250,1000,"sd","13:57:14",3682600
32450.000000000004,200,1000,"bu","13:57:23",3683600
32500,250,1000,"sd","13:57:27",3684600
32450.000000000004,200,18000,"sd","13:57:37",3702600
32450.000000000004,200,5000,"bu","13:57:45",3707600
32450.000000000004,200,3800,"sd","13:57:47",3711400
32500,250,1100,"sd","13:57:49",3712500
32450.000000000004,200,2500,"sd","13:57:51",3715000
32500,250,100,"bu","13:58:02",3715100
32450.000000000004,200,1000,"sd","13:58:04",3716100
32450.000000000004,200,5000,"bu","13:58:11",3721100
32450.000000000004,200,1000,"sd","13:58:15",3722100
32450.000000000004,200,100,"sd","13:58:19",3722200
32450.000000000004,200,1100,"bu","13:58:25",3723300
32450.000000000004,200,3500,"sd","13:58:40",3726800
32450.000000000004,200,4000,"bu","13:58:46",3730800
32450.000000000004,200,1000,"bu","13:58:50",3731800
32450.000000000004,200,200,"bu","13:59:01",3732000
32450.000000000004,200,3700,"sd","13:59:14",3735700
32450.000000000004,200,2000,"sd","13:59:18",3737700
32450.000000000004,200,100,"sd","13:59:25",3737800
32500,250,2000,"sd","13:59:31",3739800
32500,250,500,"sd","13:59:58",3740300
32450.000000000004,200,9200,"sd","14:00:24",3749500
32500,250,2000,"bu","14:00:31",3751500
32500,250,300,"bu","14:00:46",3751800
32500,250,5000,"bu","14:00:52",3756800
32500,250,7500,"sd","14:00:56",3764300
32500,250,11800,"bu","14:00:59",3776100
32500,250,3200,"sd","14:01:01",3779300
32500,250,19900,"bu","14:01:07",3799200
32500,250,500,"sd","14:01:11",3799700
32500,250,1000,"sd","14:01:13",3800700
32500,250,100,"sd","14:01:17",3800800
32500,250,400,"sd","14:01:20",3801200
32500,250,1100,"sd","14:01:40",3802300
32500,250,500,"sd","14:02:06",3802800
32500,250,7500,"bu","14:02:19",3810300
32500,250,200,"sd","14:02:23",3810500
32500,250,500,"sd","14:02:39",3811000
32500,250,1300,"bu","14:02:51",3812300
32500,250,2800,"sd","14:03:11",3815100
32500,250,3600,"bu","14:03:15",3818700
32450.000000000004,200,500,"bu","14:03:35",3819200
32500,250,6100,"sd","14:03:50",3825300
32500,250,100,"sd","14:03:57",3825400
32500,250,20000,"bu","14:04:08",3845400
32500,250,500,"bu","14:04:17",3845900
32500,250,3000,"sd","14:04:19",3848900
32500,250,12000,"bu","14:04:22",3860900
32500,250,21500,"sd","14:04:37",3882400
32500,250,1400,"sd","14:04:39",3883800
32500,250,11300,"bu","14:04:43",3895100
32500,250,9200,"sd","14:05:00",3904300
32500,250,800,"sd","14:05:04",3905100
32500,250,10000,"bu","14:05:45",3915100
32549.999999999996,300,4600,"sd","14:05:49",3919700
32549.999999999996,300,400,"bu","14:06:00",3920100
32549.999999999996,300,16600,"sd","14:06:22",3936700
32500,250,2000,"sd","14:06:33",3938700
32549.999999999996,300,1000,"sd","14:06:35",3939700
32500,250,10100,"bu","14:06:52",3949800
32549.999999999996,300,1500,"sd","14:07:41",3951300
32549.999999999996,300,100,"sd","14:07:43",3951400
32549.999999999996,300,15000,"bu","14:07:47",3966400
32549.999999999996,300,500,"sd","14:07:49",3966900
32500,250,10000,"bu","14:07:54",3976900
32549.999999999996,300,10000,"sd","14:07:59",3986900
32500,250,4100,"bu","14:08:01",3991000
32500,250,4300,"sd","14:08:26",3995300
32500,250,3300,"bu","14:08:31",3998600
32549.999999999996,300,17700,"sd","14:08:36",4016300
32500,250,25100,"sd","14:09:05",4041400
32600,350,1100,"bu","14:09:18",4042500
32600,350,900,"bu","14:09:37",4043400
32600,350,500,"sd","14:09:44",4043900
32600,350,100,"sd","14:09:53",4044000
32600,350,1400,"bu","14:10:06",4045400
32600,350,400,"bu","14:10:12",4045800
32600,350,100,"sd","14:10:14",4045900
32600,350,1000,"sd","14:10:25",4046900
32600,350,2000,"sd","14:10:29",4048900
32600,350,1600,"bu","14:10:34",4050500
32600,350,300,"sd","14:10:57",4050800
32600,350,100,"bu","14:11:00",4050900
32600,350,1500,"bu","14:11:49",4052400
32600,350,500,"sd","14:11:57",4052900
32600,350,5000,"bu","14:12:58",4057900
32600,350,500,"sd","14:13:03",4058400
32600,350,2000,"bu","14:13:21",4060400
32600,350,2500,"sd","14:13:23",4062900
32600,350,600,"sd","14:13:31",4063500
32600,350,10000,"bu","14:13:38",4073500
32600,350,6000,"sd","14:13:48",4079500
32600,350,1000,"sd","14:13:52",4080500
32600,350,14200,"sd","14:13:57",4094700
32650,400,2700,"bu","14:14:07",4097400
32650,400,1000,"sd","14:14:21",4098400
32650,400,300,"bu","14:14:46",4098700
32650,400,1000,"bu","14:14:56",4099700
32600,350,5500,"bu","14:15:12",4105200
32650,400,23700,"sd","14:15:14",4128900
32600,350,2500,"sd","14:15:53",4131400
32600,350,1000,"sd","14:16:00",4132400
32600,350,500,"bu","14:16:03",4132900
32600,350,1400,"sd","14:17:05",4134300
32549.999999999996,300,10000,"bu","14:17:23",4144300
32549.999999999996,300,500,"bu","14:17:49",4144800
32549.999999999996,300,2000,"sd","14:18:04",4146800
32549.999999999996,300,3000,"sd","14:18:43",4149800
32549.999999999996,300,1000,"bu","14:18:48",4150800
32549.999999999996,300,2200,"bu","14:19:03",4153000
32549.999999999996,300,1000,"bu","14:19:05",4154000
32549.999999999996,300,17700,"bu","14:19:12",4171700
32549.999999999996,300,1600,"sd","14:19:31",4173300
32549.999999999996,300,2900,"bu","14:19:56",4176200
32549.999999999996,300,1000,"sd","14:20:16",4177200
32549.999999999996,300,500,"bu","14:20:37",4177700
32549.999999999996,300,100,"sd","14:21:00",4177800
32549.999999999996,300,3000,"sd","14:21:10",4180800
32549.999999999996,300,5000,"bu","14:21:32",4185800
32549.999999999996,300,4500,"bu","14:21:45",4190300
32549.999999999996,300,1000,"sd","14:21:47",4191300
32549.999999999996,300,1500,"sd","14:22:06",4192800
32549.999999999996,300,400,"bu","14:22:08",4193200
32549.999999999996,300,100,"sd","14:22:52",4193300
32500,250,1500,"bu","14:23:09",4194800
32549.999999999996,300,2000,"sd","14:23:15",4196800
32549.999999999996,300,10000,"sd","14:23:36",4206800
32549.999999999996,300,6600,"bu","14:23:55",4213400
32549.999999999996,300,7000,"sd","14:24:08",4220400
32549.999999999996,300,1000,"sd","14:24:25",4221400
32549.999999999996,300,200,"sd","14:24:29",4221600
32549.999999999996,300,2000,"sd","14:24:31",4223600
32549.999999999996,300,1000,"bu","14:24:34",4224600
32549.999999999996,300,1400,"sd","14:24:41",4226000
32549.999999999996,300,4600,"bu","14:24:49",4230600
32549.999999999996,300,7200,"sd","14:25:04",4237800
32500,250,16500,"bu","14:25:06",4254300
32549.999999999996,300,500,"bu","14:25:09",4254800
32549.999999999996,300,3200,"sd","14:25:43",4258000
32500,250,2700,"sd","14:26:11",4260700
32549.999999999996,300,200,"sd","14:26:18",4260900
32549.999999999996,300,4000,"sd","14:26:52",4264900
32549.999999999996,300,3600,"bu","14:27:04",4268500
32549.999999999996,300,2000,"bu","14:27:09",4270500
32549.999999999996,300,1800,"sd","14:27:22",4272300
32549.999999999996,300,2600,"sd","14:27:26",4274900
32549.999999999996,300,100,"sd","14:27:46",4275000
32549.999999999996,300,500,"bu","14:27:56",4275500
32549.999999999996,300,800,"bu","14:28:01",4276300
32549.999999999996,300,2900,"bu","14:28:06",4279200
32549.999999999996,300,500,"bu","14:28:08",4279700
32549.999999999996,300,7400,"bu","14:28:27",4287100
32549.999999999996,300,1700,"sd","14:28:33",4288800
32500,250,1000,"bu","14:28:55",4289800
32549.999999999996,300,3900,"sd","14:29:20",4293700
32549.999999999996,300,1700,"sd","14:29:23",4295400
32549.999999999996,300,200,"sd","14:29:28",4295600
32500,250,12200,"sd","14:29:31",4307800
32500,250,300,"sd","14:29:34",4308100
32500,250,2500,"bu","14:29:37",4310600
32500,250,19300,"sd","14:29:40",4329900
32500,250,2700,"sd","14:29:45",4332600
32549.999999999996,300,1800,"sd","14:29:51",4334400
32600,350,235400,"bu","14:45:06",4569800
