"price","change","match_qtty","side","time","total_vol"
97300,0,32000,"bu","09:15:04",32000
97300,0,200,"bu","09:15:11",32200
97300,0,900,"bu","09:15:15",33100
97300,0,1500,"sd","09:16:58",34600
97300,0,1000,"bu","09:17:22",35600
97300,0,100,"sd","09:17:49",35700
97300,0,1000,"bu","09:18:03",36700
97300,0,100,"sd","09:18:12",36800
97000,-300,10000,"bu","09:18:16",46800
97000,-300,200,"sd","09:18:17",47000
97200,-100,300,"bu","09:18:41",47300
97300,0,100,"bu","09:18:42",47400
97300,0,1000,"sd","09:20:13",48400
97200,-100,400,"sd","09:20:45",48800
97300,0,3000,"bu","09:21:02",51800
97200,-100,1000,"bu","09:26:10",52800
97200,-100,2000,"sd","09:26:12",54800
97200,-100,200,"sd","09:26:19",55000
97100,-200,9200,"bu","09:26:41",64200
97100,-200,500,"sd","09:26:46",64700
97100,-200,100,"sd","09:26:50",64800
97100,-200,200,"bu","09:26:54",65000
97000,-300,1000,"bu","09:26:57",66000
97000,-300,2600,"sd","09:26:58",68600
97000,-300,100,"sd","09:27:26",68700
97100,-200,200,"sd","09:27:33",68900
97000,-300,100,"bu","09:28:51",69000
97000,-300,1100,"sd","09:29:19",70100
97000,-300,400,"sd","09:30:09",70500
97000,-300,200,"bu","09:30:25",70700
97100,-200,500,"bu","09:30:29",71200
97000,-300,200,"bu","09:31:02",71400
97000,-300,5200,"bu","09:31:56",76600
97100,-200,1000,"bu","09:32:07",77600
97000,-300,4000,"bu","09:32:12",81600
97000,-300,200,"bu","09:32:49",81800
97000,-300,500,"sd","09:33:53",82300
97000,-300,4900,"sd","09:34:41",87200
97000,-300,500,"sd","09:35:07",87700
97000,-300,200,"sd","09:35:09",87900
97000,-300,200,"bu","09:35:16",88100
97000,-300,300,"sd","09:35:37",88400
97100,-200,700,"bu","09:35:55",89100
97100,-200,300,"bu","09:36:20",89400
97000,-300,5600,"sd","09:36:40",95000
97100,-200,200,"sd","09:36:57",95200
97100,-200,500,"bu","09:37:10",95700
97100,-200,100,"sd","09:37:18",95800
97100,-200,200,"bu","09:37:45",96000
97100,-200,100,"sd","09:37:57",96100
97100,-200,700,"bu","09:38:05",96800
97000,-300,300,"sd","09:38:18",97100
97000,-300,2200,"bu","09:38:37",99300
97000,-300,500,"bu","09:38:46",100100
97000,-300,800,"sd","09:39:30",100900
97000,-300,400,"bu","09:39:35",101300
97000,-300,3300,"sd","09:39:45",104600
97000,-300,200,"sd","09:39:57",104800
97100,-200,10000,"bu","09:40:24",114800
97100,-200,500,"sd","09:40:56",115300
97100,-200,400,"bu","09:41:14",115700
97100,-200,100,"bu","09:41:15",115800
97100,-200,600,"bu","09:41:22",116400
97000,-300,10000,"bu","09:41:24",126400
97100,-200,200,"sd","09:41:58",126600
97100,-200,1000,"sd","09:42:04",127600
97000,-300,2600,"bu","09:42:31",130200
97000,-300,6000,"sd","09:42:53",136200
97000,-300,8000,"sd","09:43:02",144200
97000,-300,100,"bu","09:43:22",144300
97000,-300,1000,"sd","09:43:29",145300
97000,-300,100,"bu","09:43:54",145400
97000,-300,1000,"bu","09:45:13",146400
97000,-300,100,"sd","09:45:24",146500
97000,-300,700,"sd","09:46:01",147200
97100,-200,100,"bu","09:46:05",147300
97100,-200,1000,"bu","09:46:12",148300
97100,-200,100,"sd","09:46:20",148400
97000,-300,1200,"sd","09:46:58",149600
97100,-200,1900,"sd","09:47:06",151500
97100,-200,1500,"sd","09:47:25",153000
97100,-200,100,"bu","09:47:41",153100
97100,-200,200,"sd","09:48:11",153300
97100,-200,400,"bu","09:48:13",153700
97100,-200,1000,"bu","09:49:01",154700
97000,-300,10000,"bu","09:50:26",164700
97000,-300,2000,"bu","09:50:39",166700
97000,-300,4400,"bu","09:50:53",171100
97000,-300,1700,"bu","09:51:00",176100
97000,-300,1000,"sd","09:51:22",177100
97000,-300,1000,"bu","09:51:28",178100
97000,-300,100,"bu","09:51:50",178200
97000,-300,500,"sd","09:52:11",178700
97000,-300,200,"sd","09:52:35",178900
96900,-400,900,"sd","09:53:37",179800
97000,-300,200,"bu","09:54:27",180000
97000,-300,1000,"sd","09:55:44",181000
97000,-300,500,"sd","09:56:15",181500
97000,-300,1500,"sd","09:56:49",183000
97000,-300,500,"sd","09:57:06",183500
96900,-400,800,"sd","09:57:09",184300
97000,-300,100,"bu","09:57:22",184400
96900,-400,1700,"bu","09:58:29",186100
96900,-400,3000,"bu","09:58:53",189100
96900,-400,3000,"sd","09:59:03",192100
96900,-400,11000,"sd","09:59:08",203100
96900,-400,200,"bu","09:59:21",203300
96900,-400,100,"sd","09:59:45",203400
96900,-400,1000,"sd","09:59:49",204400
97000,-300,2000,"sd","09:59:51",206400
96900,-400,1000,"bu","10:00:00",207400
96900,-400,1300,"bu","10:01:05",208700
96900,-400,3500,"bu","10:01:44",212200
96900,-400,100,"sd","10:02:19",212300
96900,-400,200,"sd","10:02:58",212500
96900,-400,3000,"bu","10:03:15",215500
96900,-400,5300,"bu","10:03:21",220800
96900,-400,800,"sd","10:03:45",221600
96900,-400,5000,"sd","10:05:08",226600
96900,-400,3100,"bu","10:05:35",229700
96900,-400,300,"bu","10:05:50",230000
96900,-400,2900,"sd","10:05:57",232900
96900,-400,2300,"sd","10:06:00",235200
96900,-400,2000,"sd","10:06:17",237200
96900,-400,100,"sd","10:06:45",237300
96800,-500,900,"bu","10:07:14",238200
96900,-400,300,"bu","10:07:45",238500
96900,-400,3700,"bu","10:07:57",242200
96900,-400,400,"sd","10:08:28",242600
96900,-400,1000,"sd","10:08:58",243600
96900,-400,200,"sd","10:09:29",243800
96900,-400,1000,"bu","10:09:41",244800
96900,-400,2500,"sd","10:09:57",247300
96900,-400,100,"bu","10:10:02",247400
96900,-400,1200,"sd","10:10:14",248600
96800,-500,500,"bu","10:11:00",249100
96800,-500,200,"bu","10:11:06",249300
96900,-400,1000,"bu","10:11:29",250300
96800,-500,100,"bu","10:11:44",250400
96800,-500,4400,"bu","10:12:22",254800
96800,-500,2200,"sd","10:12:25",257000
96800,-500,100,"sd","10:12:51",257100
96800,-500,3200,"bu","10:12:53",260300
96800,-500,100,"sd","10:13:28",260400
96800,-500,400,"bu","10:14:14",260800
96800,-500,1900,"sd","10:14:19",262700
96800,-500,5000,"sd","10:14:20",267700
96800,-500,900,"bu","10:14:44",268600
96800,-500,100,"sd","10:14:51",268700
96800,-500,6100,"sd","10:15:40",274800
96800,-500,8000,"sd","10:15:44",282800
96900,-400,2400,"bu","10:16:00",285200
96900,-400,300,"sd","10:16:17",285500
96800,-500,1000,"sd","10:16:25",286500
96900,-400,100,"bu","10:16:28",286600
96800,-500,10000,"sd","10:17:26",296600
96800,-500,800,"bu","10:17:28",297400
96900,-400,300,"bu","10:17:29",297700
96900,-400,100,"bu","10:18:11",297800
96900,-400,500,"bu","10:18:34",298300
96900,-400,100,"sd","10:18:46",298400
96800,-500,500,"sd","10:19:05",298900
96800,-500,100,"bu","10:19:15",299000
96800,-500,400,"bu","10:20:01",299400
96800,-500,500,"sd","10:21:36",299900
96800,-500,4500,"sd","10:21:56",304400
96800,-500,100,"bu","10:21:57",304500
96800,-500,4500,"bu","10:22:15",309000
96800,-500,3000,"sd","10:22:19",312000
96800,-500,1200,"sd","10:22:59",313200
96800,-500,6100,"bu","10:23:12",319300
96800,-500,100,"bu","10:23:23",319400
96800,-500,3800,"sd","10:23:29",323200
96900,-400,100,"sd","10:24:04",323300
96900,-400,600,"sd","10:25:14",323900
96900,-400,100,"bu","10:26:06",324000
96900,-400,300,"bu","10:26:22",324300
96800,-500,3300,"bu","10:26:32",327600
96800,-500,500,"sd","10:26:33",328100
96900,-400,100,"bu","10:26:35",328200
96900,-400,500,"bu","10:27:15",328700
96900,-400,1400,"bu","10:27:31",330100
96800,-500,3000,"sd","10:28:23",333100
96800,-500,600,"bu","10:28:43",333700
96800,-500,200,"sd","10:28:48",333900
96700,-600,500,"bu","10:28:53",334400
96800,-500,100,"sd","10:29:37",334500
96800,-500,300,"bu","10:30:08",334800
96700,-600,2400,"bu","10:30:16",337200
96700,-600,500,"bu","10:30:18",337700
96800,-500,1200,"bu","10:30:32",338900
96700,-600,200,"bu","10:30:33",339100
96800,-500,4500,"sd","10:30:42",343600
96800,-500,2500,"bu","10:31:02",346100
96800,-500,100,"bu","10:31:20",346200
96800,-500,2800,"sd","10:31:53",349000
96800,-500,100,"bu","10:31:57",349100
96800,-500,200,"sd","10:32:05",349300
96800,-500,100,"bu","10:32:49",349400
96800,-500,1000,"sd","10:33:15",350400
96800,-500,2000,"sd","10:33:43",352400
96700,-600,100,"bu","10:33:51",352500
96800,-500,200,"sd","10:33:52",352700
96800,-500,100,"sd","10:33:53",352800
96800,-500,1400,"sd","10:34:30",354200
96800,-500,100,"bu","10:34:34",354300
96800,-500,1200,"bu","10:35:12",355500
96800,-500,100,"sd","10:35:34",355600
96800,-500,1100,"sd","10:35:39",356700
96800,-500,5000,"bu","10:35:49",361700
96700,-600,200,"bu","10:35:50",361900
96800,-500,2000,"sd","10:35:55",363900
96700,-600,100,"sd","10:35:59",364000
96700,-600,75400,"bu","10:38:08",439400
96600,-700,500,"sd","10:38:10",439900
96700,-600,2500,"bu","10:38:43",442400
96700,-600,200,"sd","10:38:46",442600
96600,-700,300,"sd","10:39:23",442900
96700,-600,2000,"sd","10:39:24",444900
96700,-600,2100,"sd","10:39:52",447000
96700,-600,1500,"bu","10:40:01",448500
96700,-600,1400,"sd","10:40:09",449900
96700,-600,1600,"bu","10:40:22",451500
96700,-600,4400,"sd","10:40:42",455900
96700,-600,1400,"sd","10:40:50",457300
96800,-500,100,"sd","10:40:56",457400
96700,-600,300,"sd","10:41:29",457700
96700,-600,100,"sd","10:41:43",457800
96700,-600,900,"bu","10:42:11",458700
96700,-600,27900,"sd","10:42:37",486600
96700,-600,1000,"bu","10:42:41",487600
96700,-600,200,"sd","10:43:02",487800
96700,-600,1300,"sd","10:43:04",489100
96800,-500,100,"sd","10:43:52",489200
96800,-500,5100,"sd","10:44:50",494300
96800,-500,1000,"bu","10:45:06",495300
96800,-500,200,"sd","10:45:45",495500
96700,-600,1500,"bu","10:45:54",497000
96700,-600,500,"bu","10:46:07",497500
96800,-500,3000,"sd","10:46:21",500500
96800,-500,2000,"bu","10:46:33",502500
96800,-500,100,"bu","10:46:55",502600
96800,-500,1200,"bu","10:49:16",503800
96700,-600,2000,"bu","10:49:34",505800
96700,-600,500,"bu","10:50:52",506300
96700,-600,100,"bu","10:52:03",506400
96800,-500,1000,"sd","10:54:06",507400
96800,-500,100,"sd","10:54:08",507500
96800,-500,10000,"bu","10:54:09",517500
96800,-500,100,"sd","10:54:46",517600
96800,-500,2500,"sd","10:55:13",520100
96800,-500,100,"bu","10:56:33",520200
96700,-600,1800,"bu","10:58:15",522000
96800,-500,400,"sd","10:58:20",522400
96800,-500,100,"bu","10:58:30",522500
96800,-500,500,"bu","10:59:11",523000
96800,-500,100,"bu","10:59:19",523100
96800,-500,500,"sd","11:02:11",523600
96800,-500,100,"sd","11:02:33",523700
96700,-600,5100,"bu","11:03:48",528800
96800,-500,1500,"bu","11:03:49",530300
96800,-500,400,"bu","11:03:59",530700
96800,-500,100,"sd","11:04:09",530800
96700,-600,2000,"bu","11:04:27",532800
96800,-500,600,"bu","11:04:29",533400
96700,-600,100,"bu","11:04:37",533500
96800,-500,200,"bu","11:04:40",533700
96800,-500,13200,"bu","11:05:20",546900
96800,-500,900,"sd","11:05:29",547800
96800,-500,200,"bu","11:05:40",548000
96700,-600,100,"bu","11:05:53",548100
96700,-600,200,"sd","11:06:27",548300
96700,-600,1000,"bu","11:06:34",549300
96800,-500,300,"sd","11:06:39",549600
96700,-600,5000,"sd","11:06:58",554600
96800,-500,1500,"bu","11:06:59",556100
96800,-500,400,"bu","11:07:10",556500
96800,-500,100,"sd","11:07:19",556600
96700,-600,1300,"sd","11:07:51",557900
96800,-500,1300,"sd","11:08:01",559200
96700,-600,500,"sd","11:08:02",559700
96700,-600,3500,"sd","11:08:15",563200
96800,-500,1000,"sd","11:08:19",564200
96700,-600,400,"bu","11:09:14",564600
96700,-600,1800,"bu","11:09:26",566400
96700,-600,600,"sd","11:09:29",567000
96800,-500,500,"sd","11:09:30",567500
96700,-600,5000,"sd","11:09:31",572500
96700,-600,500,"bu","11:09:38",573000
96800,-500,1900,"bu","11:09:39",574900
96800,-500,200,"bu","11:09:44",575100
96800,-500,600,"bu","11:09:50",575700
96800,-500,100,"bu","11:10:00",575800
96700,-600,2600,"sd","11:10:45",578400
96800,-500,700,"bu","11:10:51",579100
96700,-600,100,"bu","11:10:55",579200
96800,-500,200,"sd","11:10:59",579400
96800,-500,100,"bu","11:11:50",579500
96800,-500,3900,"bu","11:12:10",583400
96800,-500,200,"bu","11:12:20",583600
96800,-500,5400,"sd","11:12:26",589000
96800,-500,1600,"sd","11:12:29",590600
96800,-500,400,"sd","11:12:39",591000
96800,-500,100,"sd","11:12:50",591100
96800,-500,2300,"sd","11:14:48",593400
96800,-500,600,"bu","11:14:50",594000
96800,-500,100,"bu","11:15:00",594100
96800,-500,6000,"sd","11:19:00",600100
96900,-400,600,"sd","11:19:09",600700
96800,-500,1700,"bu","11:20:53",602400
96800,-500,400,"bu","11:20:59",602800
96800,-500,100,"bu","11:21:08",602900
96700,-600,1000,"sd","11:24:39",603900
96800,-500,4200,"bu","11:24:49",608100
96800,-500,1200,"sd","11:24:59",609300
96800,-500,300,"sd","11:25:08",609600
96700,-600,500,"sd","11:25:30",610100
96800,-500,100,"bu","11:25:39",610200
96700,-600,500,"bu","11:25:55",610700
96800,-500,100,"sd","11:26:00",610800
96800,-500,1400,"sd","11:26:48",612200
96700,-600,400,"sd","11:27:09",612600
96800,-500,100,"sd","11:27:18",612700
96800,-500,600,"sd","11:29:23",613300
96800,-500,100,"sd","13:00:29",613400
96800,-500,1400,"bu","13:00:42",614800
96700,-600,400,"bu","13:00:52",615200
96800,-500,500,"sd","13:00:57",615700
96800,-500,400,"bu","13:00:58",616100
96800,-500,400,"bu","13:01:06",616500
96800,-500,400,"sd","13:01:11",616900
96800,-500,500,"bu","13:01:13",617400
96700,-600,4200,"bu","13:01:20",621600
96800,-500,1500,"bu","13:01:22",623100
96700,-600,5600,"bu","13:01:25",628700
96800,-500,2100,"sd","13:01:28",630800
96800,-500,600,"bu","13:01:30",631400
96800,-500,100,"bu","13:01:33",631500
96800,-500,1800,"bu","13:01:39",633300
96800,-500,500,"bu","13:01:41",633800
96800,-500,100,"sd","13:01:43",633900
96700,-600,1100,"bu","13:02:21",635000
96800,-500,300,"bu","13:02:32",635300
96800,-500,5700,"sd","13:02:33",641000
96800,-500,1800,"sd","13:02:39",642800
96800,-500,500,"sd","13:02:49",643300
96800,-500,100,"sd","13:02:59",643400
96800,-500,5400,"bu","13:04:00",648800
96800,-500,1600,"bu","13:04:09",650400
96800,-500,400,"sd","13:04:19",650800
96800,-500,1000,"bu","13:04:23",651800
96800,-500,100,"bu","13:04:25",651900
96800,-500,400,"sd","13:04:30",652300
96800,-500,100,"bu","13:04:39",652400
96900,-400,1000,"sd","13:05:29",653400
96800,-500,100,"sd","13:05:47",653500
96800,-500,600,"bu","13:09:23",654100
96800,-500,100,"bu","13:09:29",654200
96800,-500,2000,"sd","13:10:13",656200
96800,-500,600,"sd","13:10:20",656800
96800,-500,100,"bu","13:10:29",656900
96800,-500,300,"bu","13:10:37",657200
96800,-500,100,"sd","13:10:39",657300
96800,-500,7500,"bu","13:11:34",664800
96800,-500,2200,"bu","13:11:39",667000
96700,-600,200,"sd","13:11:40",667200
96800,-500,700,"sd","13:11:49",667900
96800,-500,200,"sd","13:11:58",668100
96800,-500,300,"sd","13:12:10",668400
96800,-500,400,"bu","13:12:16",668800
96900,-400,100,"sd","13:12:20",668900
96800,-500,400,"sd","13:14:28",669300
96800,-500,1000,"bu","13:14:47",670300
96900,-400,300,"sd","13:14:49",670600
96900,-400,800,"bu","13:14:55",671400
96900,-400,400,"sd","13:14:56",671800
96900,-400,500,"bu","13:15:09",672300
96800,-500,5000,"sd","13:19:32",677300
96900,-400,1200,"sd","13:19:38",678500
96900,-400,300,"bu","13:19:49",678800
96900,-400,600,"bu","13:20:29",679400
96900,-400,300,"sd","13:21:29",679700
96800,-500,4900,"sd","13:21:49",684600
96800,-500,100,"bu","13:21:58",684700
96800,-500,600,"bu","13:22:00",685300
96800,-500,100,"bu","13:22:09",685400
96800,-500,4300,"bu","13:22:15",689700
96800,-500,200,"bu","13:22:16",689900
96900,-400,1300,"bu","13:22:19",691200
96900,-400,300,"sd","13:22:30",691500
96800,-500,1000,"bu","13:22:44",692500
96900,-400,300,"bu","13:22:50",692800
96800,-500,200,"bu","13:23:11",693000
96800,-500,700,"bu","13:23:28",693700
96800,-500,100,"sd","13:23:30",693800
96800,-500,500,"bu","13:25:49",694300
96800,-500,200,"sd","13:26:15",694500
96800,-500,500,"sd","13:27:30",695000
96800,-500,100,"sd","13:27:39",695100
96800,-500,300,"sd","13:28:15",695400
96800,-500,600,"bu","13:28:54",696000
96700,-600,100,"sd","13:28:55",696100
96800,-500,300,"sd","13:28:58",696400
96700,-600,1000,"sd","13:29:15",697400
96800,-500,300,"bu","13:29:19",697700
96800,-500,100,"sd","13:30:04",697800
96800,-500,5400,"sd","13:30:37",703200
96800,-500,1600,"bu","13:30:39",704800
96800,-500,400,"bu","13:30:49",705200
96800,-500,100,"sd","13:30:53",705300
96900,-400,900,"sd","13:31:03",706200
96900,-400,1000,"sd","13:31:10",707200
96900,-400,800,"sd","13:31:13",708000
96900,-400,1400,"sd","13:31:19",709400
96900,-400,800,"bu","13:31:25",710200
96900,-400,3900,"bu","13:31:39",714100
96900,-400,800,"bu","13:31:48",714900
96900,-400,500,"sd","13:31:49",715400
96900,-400,100,"bu","13:32:00",715500
96800,-500,3200,"sd","13:32:21",718700
96800,-500,900,"sd","13:32:30",719600
96800,-500,200,"sd","13:32:39",719800
96800,-500,100,"sd","13:32:51",719900
96700,-600,300,"bu","13:34:29",720200
96700,-600,8800,"sd","13:34:44",729000
96800,-500,2600,"bu","13:34:50",731600
96800,-500,700,"sd","13:34:59",732300
96800,-500,100,"sd","13:35:06",732400
96800,-500,200,"sd","13:35:10",732600
96800,-500,100,"sd","13:35:14",732700
96800,-500,500,"bu","13:35:37",733200
96800,-500,100,"sd","13:35:39",733300
96800,-500,700,"bu","13:36:47",734000
96800,-500,100,"sd","13:36:51",734100
96800,-500,1200,"sd","13:38:07",735300
96800,-500,300,"bu","13:38:09",735600
96800,-500,100,"bu","13:38:18",735700
96800,-500,400,"bu","13:38:19",736100
96800,-500,600,"sd","13:38:21",736700
96900,-400,300,"sd","13:38:29",737000
96800,-500,400,"sd","13:39:53",737400
96900,-400,100,"bu","13:40:00",737500
96900,-400,200,"sd","13:40:11",737700
96800,-500,600,"bu","13:40:13",738300
96900,-400,200,"sd","13:40:20",738500
96900,-400,300,"sd","13:40:29",738800
96800,-500,6200,"sd","13:40:40",745000
96800,-500,100,"sd","13:40:45",745100
96800,-500,400,"bu","13:40:49",745500
96800,-500,100,"sd","13:40:59",745600
96800,-500,200,"bu","13:41:12",745800
96800,-500,500,"bu","13:41:29",746300
96800,-500,100,"bu","13:41:40",746400
96800,-500,400,"bu","13:41:42",746800
96900,-400,100,"sd","13:41:49",746900
96900,-400,4000,"sd","13:42:05",750900
96900,-400,1200,"sd","13:42:11",752100
96900,-400,300,"bu","13:42:20",752400
96900,-400,600,"sd","13:42:30",753000
96900,-400,100,"sd","13:42:39",753100
96900,-400,1500,"bu","13:43:51",754600
96800,-500,1000,"bu","13:43:53",755600
96900,-400,1000,"sd","13:43:56",756600
96900,-400,900,"bu","13:44:00",757500
97000,-300,300,"bu","13:44:13",757800
96800,-500,1900,"sd","13:47:22",759700
97000,-300,400,"sd","13:47:29",760100
97000,-300,100,"bu","13:47:39",760200
96800,-500,1000,"sd","13:49:50",761200
97000,-300,300,"bu","13:50:07",761500
96800,-500,3000,"sd","13:50:11",764500
97000,-300,900,"bu","13:50:20",765400
97000,-300,200,"sd","13:50:30",765600
96800,-500,11300,"bu","13:51:52",776900
96800,-500,3300,"sd","13:52:00",780200
96800,-500,400,"sd","13:52:06",780600
96800,-500,1100,"bu","13:52:09",781700
96800,-500,400,"sd","13:52:19",782100
96800,-500,800,"bu","13:53:05",782900
96800,-500,200,"sd","13:53:10",783100
96900,-400,1000,"sd","13:53:14",784100
97000,-300,300,"sd","13:53:20",784400
96900,-400,200,"bu","13:53:39",784600
97000,-300,800,"sd","13:53:41",785400
96900,-400,100,"bu","13:53:43",785500
96900,-400,800,"sd","13:53:46",786300
96900,-400,500,"sd","13:53:49",786800
96900,-400,100,"bu","13:53:59",786900
96900,-400,400,"bu","13:54:45",787300
96900,-400,100,"bu","13:54:50",787400
96900,-400,500,"bu","13:55:18",787900
96900,-400,100,"sd","13:55:20",788000
96900,-400,50500,"bu","13:56:28",838500
97000,-300,15000,"sd","13:56:30",853500
97000,-300,4600,"bu","13:56:49",858100
96800,-500,1400,"bu","13:56:52",859500
96800,-500,1700,"bu","13:56:55",861200
96800,-500,500,"sd","13:56:59",861700
96800,-500,200,"bu","13:57:07",861900
96800,-500,300,"sd","13:57:31",862200
96800,-500,300,"sd","13:57:34",862500
96800,-500,100,"sd","13:57:39",862600
96800,-500,700,"bu","13:58:44",863300
96800,-500,100,"bu","13:58:50",863400
96800,-500,500,"bu","13:58:55",863900
96800,-500,100,"sd","13:59:00",864000
96800,-500,900,"bu","13:59:10",864900
96800,-500,1600,"sd","13:59:49",866500
96700,-600,600,"sd","14:00:08",867100
96800,-500,100,"bu","14:00:10",867200
96700,-600,1000,"bu","14:00:44",868200
96800,-500,300,"bu","14:00:50",868500
96800,-500,400,"sd","14:01:01",868900
96700,-600,200,"bu","14:01:28",869100
96700,-600,100,"sd","14:02:02",869200
96800,-500,400,"sd","14:02:06",869600
96800,-500,100,"sd","14:02:10",869700
96800,-500,300,"bu","14:03:13",870000
96800,-500,5300,"sd","14:04:45",875300
96800,-500,1500,"sd","14:04:50",876800
96800,-500,1000,"sd","14:04:54",877800
96800,-500,700,"sd","14:05:00",878500
96800,-500,100,"bu","14:05:06",878600
96800,-500,200,"bu","14:05:11",878800
96800,-500,500,"sd","14:05:14",879300
96800,-500,3000,"sd","14:05:18",882300
96800,-500,1200,"bu","14:05:21",883500
96800,-500,1300,"sd","14:05:27",884800
96800,-500,1200,"sd","14:05:29",886000
96800,-500,200,"sd","14:05:40",886200
96800,-500,1900,"bu","14:05:45",888100
96800,-500,900,"sd","14:05:49",889000
96800,-500,200,"sd","14:06:00",889200
96800,-500,1000,"sd","14:06:02",890200
96800,-500,400,"sd","14:06:11",890600
96800,-500,100,"sd","14:06:20",890700
96800,-500,1300,"bu","14:06:35",892000
96800,-500,400,"bu","14:06:40",892400
96800,-500,2400,"bu","14:07:16",894800
96800,-500,1700,"sd","14:07:21",896500
96800,-500,800,"bu","14:07:25",897300
96800,-500,900,"bu","14:07:30",898200
97000,-300,800,"sd","14:07:35",899000
97000,-300,1500,"bu","14:07:43",900500
96800,-500,800,"sd","14:07:45",901300
96800,-500,100,"bu","14:07:47",901400
96800,-500,1500,"bu","14:07:49",902900
96800,-500,800,"sd","14:07:52",903700
96800,-500,100,"bu","14:07:54",903800
96800,-500,400,"bu","14:08:01",904200
96800,-500,3400,"sd","14:08:05",907600
96800,-500,1200,"sd","14:08:10",908800
96800,-500,100,"bu","14:08:12",908900
96800,-500,500,"bu","14:08:14",909400
96800,-500,1300,"sd","14:08:24",910700
96800,-500,200,"bu","14:08:28",910900
96800,-500,400,"bu","14:08:31",911300
96800,-500,300,"bu","14:08:33",911600
96800,-500,600,"bu","14:08:36",912200
96800,-500,300,"bu","14:08:41",912500
96800,-500,400,"bu","14:08:53",912900
96700,-600,2000,"sd","14:08:56",914900
96800,-500,700,"bu","14:09:01",915600
96800,-500,200,"bu","14:09:10",915800
96800,-500,1100,"sd","14:09:20",916900
96800,-500,2100,"bu","14:09:29",919000
96800,-500,800,"sd","14:09:37",919800
96800,-500,1700,"sd","14:09:44",921500
96800,-500,800,"bu","14:09:46",922300
96800,-500,1400,"bu","14:09:51",923700
96800,-500,1000,"sd","14:09:53",924700
96800,-500,800,"bu","14:09:55",925500
96800,-500,100,"bu","14:09:57",925600
97000,-300,2400,"bu","14:09:59",928000
96800,-500,1200,"sd","14:10:08",929200
96800,-500,700,"sd","14:10:12",929900
96800,-500,1700,"bu","14:10:21",931600
96800,-500,800,"sd","14:10:25",932400
96800,-500,700,"bu","14:10:29",933100
96800,-500,100,"bu","14:10:31",933200
96800,-500,800,"sd","14:10:34",934000
96800,-500,1600,"sd","14:10:41",935600
96800,-500,900,"sd","14:10:43",936500
96800,-500,1200,"sd","14:10:45",937700
96800,-500,100,"bu","14:10:47",937800
97000,-300,1100,"bu","14:10:50",938900
97000,-300,1000,"sd","14:10:57",939900
97000,-300,2400,"bu","14:11:02",942300
96900,-400,4200,"bu","14:11:19",946500
96900,-400,800,"sd","14:11:26",947300
96900,-400,1400,"bu","14:11:31",948700
96900,-400,100,"sd","14:11:40",948800
96800,-500,1000,"bu","14:11:42",949800
96900,-400,300,"bu","14:11:49",950100
96800,-500,1500,"sd","14:11:51",951600
96900,-400,500,"sd","14:11:59",952100
96900,-400,100,"bu","14:12:09",952200
96800,-500,9300,"sd","14:12:17",961500
96900,-400,2800,"bu","14:12:19",964300
96800,-500,100,"sd","14:12:27",964400
96900,-400,800,"bu","14:12:29",965200
96900,-400,100,"bu","14:12:35",965300
96900,-400,200,"sd","14:12:40",965500
96800,-500,6300,"bu","14:13:11",971800
96900,-400,800,"bu","14:13:16",972600
96800,-500,300,"sd","14:13:18",972900
96900,-400,2200,"bu","14:13:21",975100
96900,-400,400,"bu","14:13:23",975500
96800,-500,100,"sd","14:13:27",975600
96900,-400,800,"bu","14:13:29",976400
96900,-400,400,"sd","14:13:33",976800
96900,-400,300,"bu","14:13:40",977100
96900,-400,400,"bu","14:13:42",977500
96900,-400,200,"sd","14:13:50",977700
96900,-400,300,"bu","14:13:52",978000
96900,-400,100,"bu","14:13:59",978100
96800,-500,1600,"bu","14:14:07",979700
96800,-500,500,"bu","14:14:10",980200
96700,-600,100,"sd","14:14:16",980300
96800,-500,700,"sd","14:14:28",981000
96800,-500,200,"sd","14:14:30",981200
96800,-500,100,"bu","14:14:37",981300
96800,-500,800,"sd","14:15:31",982100
96800,-500,300,"bu","14:15:33",982400
96800,-500,800,"bu","14:15:36",983200
96800,-500,500,"bu","14:15:41",983700
96800,-500,400,"bu","14:15:50",984100
96900,-400,900,"sd","14:16:00",985000
96700,-600,5000,"sd","14:16:05",990000
96700,-600,200,"sd","14:16:07",990200
97000,-300,1600,"sd","14:16:09",991800
97000,-300,400,"sd","14:16:22",992200
97000,-300,400,"sd","14:17:12",992600
97000,-300,100,"sd","14:17:44",992700
96900,-400,200,"bu","14:18:04",992900
96800,-500,100,"sd","14:18:06",993000
96900,-400,300,"bu","14:18:32",993300
96800,-500,100,"sd","14:19:03",993400
97000,-300,500,"sd","14:19:56",993900
96900,-400,100,"bu","14:20:06",994000
96900,-400,1200,"sd","14:21:05",995200
96900,-400,300,"sd","14:21:10",995500
96900,-400,600,"bu","14:21:20",996100
96900,-400,400,"sd","14:22:39",996500
96800,-500,1000,"bu","14:23:17",997500
96900,-400,300,"bu","14:23:20",997800
96800,-500,800,"sd","14:23:48",998600
96900,-400,200,"bu","14:23:51",998800
96900,-400,300,"sd","14:24:00",999100
96800,-500,1200,"bu","14:24:23",1000300
96800,-500,400,"sd","14:24:25",1000700
96800,-500,1200,"sd","14:24:31",1001900
96800,-500,1100,"sd","14:24:41",1003000
96800,-500,800,"sd","14:24:46",1003800
96800,-500,500,"bu","14:24:51",1004300
96800,-500,800,"sd","14:24:54",1005100
96800,-500,1400,"sd","14:25:01",1006500
96800,-500,800,"sd","14:25:04",1007300
96800,-500,1500,"sd","14:25:11",1008800
96900,-400,800,"sd","14:25:14",1009600
96800,-500,100,"sd","14:25:17",1009700
96900,-400,400,"bu","14:25:19",1010100
96900,-400,1100,"bu","14:25:22",1011200
96900,-400,800,"bu","14:25:24",1012000
96900,-400,1700,"sd","14:25:30",1013700
96900,-400,800,"sd","14:25:37",1014500
96900,-400,1500,"bu","14:25:39",1016000
96900,-400,800,"bu","14:25:49",1016800
96900,-400,400,"bu","14:25:51",1017200
96900,-400,100,"bu","14:26:00",1017300
96900,-400,4800,"bu","14:26:08",1022100
97000,-300,1400,"bu","14:26:11",1023500
96900,-400,300,"sd","14:26:18",1023800
96900,-400,900,"sd","14:26:20",1024700
96900,-400,200,"sd","14:26:30",1024900
97000,-300,300,"sd","14:26:42",1025200
97000,-300,1000,"bu","14:26:47",1026200
97000,-300,300,"bu","14:26:50",1026500
97000,-300,100,"sd","14:27:14",1026600
96900,-400,1000,"sd","14:27:22",1027600
97000,-300,1600,"sd","14:27:41",1029200
97000,-300,1000,"sd","14:27:51",1030200
97000,-300,500,"bu","14:28:01",1030700
97000,-300,400,"sd","14:28:06",1031100
97000,-300,200,"sd","14:28:11",1031300
97000,-300,100,"bu","14:28:13",1031400
96900,-400,1000,"bu","14:28:16",1032400
97000,-300,5400,"sd","14:28:19",1037800
97000,-300,2000,"bu","14:28:22",1039800
96900,-400,300,"bu","14:28:27",1040100
97000,-300,600,"bu","14:28:30",1040700
96700,-600,10300,"sd","14:28:44",1051000
96600,-700,500,"bu","14:28:47",1051500
96600,-700,36300,"bu","14:28:50",1087800
97000,-300,2600,"bu","14:28:57",1090400
97000,-300,3300,"sd","14:29:00",1093700
97000,-300,800,"sd","14:29:02",1094500
97000,-300,800,"bu","14:29:07",1095300
97000,-300,200,"sd","14:29:09",1095500
97000,-300,500,"bu","14:29:31",1096000
97000,-300,100,"bu","14:29:34",1096100
96700,-600,600,"bu","14:29:48",1096700
96600,-700,115000,"bu","14:45:09",1211700
