"price","change","match_qtty","side","time","total_vol"
72200,500,15600,"bu","09:15:03",15600
71900,200,100,"sd","09:15:10",15700
72100,400,600,"bu","09:16:41",16300
72200,500,5000,"bu","09:16:43",21300
72000,300,1500,"sd","09:16:44",22800
72000,300,6200,"bu","09:16:59",29000
72100,400,500,"sd","09:17:04",29500
72200,500,200,"sd","09:17:05",29700
72200,500,700,"bu","09:17:22",30400
72200,500,1500,"bu","09:17:25",31900
72200,500,100,"bu","09:17:34",32000
72200,500,3700,"sd","09:17:48",35700
72200,500,1400,"sd","09:17:57",37100
72200,500,7000,"bu","09:18:02",44100
72200,500,100,"bu","09:18:11",44200
72300,600,700,"sd","09:18:26",44900
72300,600,300,"bu","09:18:27",45200
72200,500,500,"bu","09:18:28",45700
72300,600,100,"sd","09:18:28",45800
72200,500,3000,"sd","09:18:33",48800
72200,500,1000,"sd","09:18:40",49800
72200,500,400,"sd","09:18:42",50200
72200,500,500,"bu","09:18:54",50700
72200,500,4100,"sd","09:18:56",54800
72100,400,300,"sd","09:18:59",55100
72200,500,2000,"sd","09:19:02",57100
72200,500,1000,"bu","09:19:06",58100
72200,500,100,"sd","09:19:12",58200
72200,500,3000,"bu","09:20:47",61200
72200,500,100,"bu","09:21:19",61300
72200,500,5200,"sd","09:21:27",66500
72100,400,1000,"sd","09:21:42",67500
72200,500,300,"sd","09:21:43",67800
72200,500,2000,"bu","09:21:46",69800
72100,400,500,"sd","09:21:58",70300
72200,500,6400,"sd","09:22:00",76700
72200,500,300,"sd","09:22:06",77000
72100,400,2300,"sd","09:22:12",79300
71900,200,2300,"sd","09:22:44",81600
71900,200,1000,"sd","09:24:05",82600
71900,200,100,"bu","09:24:22",82700
71900,200,300,"bu","09:24:35",83000
71900,200,100,"sd","09:25:01",83100
71900,200,1100,"sd","09:25:33",84200
71900,200,1000,"bu","09:26:10",85200
71900,200,500,"sd","09:26:32",85700
71900,200,100,"bu","09:27:08",85800
71900,200,1000,"bu","09:28:14",86800
71900,200,400,"sd","09:28:37",87200
71900,200,600,"sd","09:28:56",87800
71900,200,200,"sd","09:29:21",88000
71900,200,1000,"sd","09:29:41",89000
71900,200,200,"bu","09:29:48",89200
71800,100,8000,"bu","09:30:27",97200
71800,100,100,"sd","09:30:33",97300
71800,100,900,"bu","09:30:46",98200
71800,100,700,"bu","09:31:01",98900
71800,100,400,"sd","09:31:04",99300
71700,0,2000,"bu","09:32:27",101300
71700,0,10000,"sd","09:32:46",111300
71700,0,1100,"bu","09:32:57",112400
71700,0,1000,"bu","09:33:27",113400
71700,0,200,"bu","09:33:35",113600
71600,-100,5100,"sd","09:33:47",118700
71500,-200,100,"sd","09:33:51",118800
71700,0,300,"sd","09:34:25",119100
71700,0,1500,"bu","09:35:31",120600
71700,0,200,"bu","09:36:42",120800
71800,100,500,"bu","09:36:55",121300
71700,0,200,"sd","09:36:57",121500
71700,0,3400,"sd","09:37:29",124900
71700,0,100,"sd","09:39:31",125000
71400,-300,11100,"sd","09:39:35",136100
71500,-200,100,"sd","09:40:31",136200
71600,-100,3500,"bu","09:45:19",139700
71600,-100,200,"bu","09:45:29",139900
71600,-100,1500,"bu","09:45:45",141400
71600,-100,1600,"bu","09:45:58",143000
71700,0,1200,"sd","09:46:05",144200
71700,0,100,"bu","09:46:12",144300
71700,0,1000,"bu","09:46:13",145300
71700,0,4000,"sd","09:47:40",149300
71700,0,800,"sd","09:47:47",150100
71700,0,100,"bu","09:47:48",150200
71700,0,2700,"sd","09:48:37",152900
71700,0,1100,"sd","09:48:58",154000
71700,0,400,"bu","09:49:24",154400
71700,0,1000,"sd","09:49:48",155400
71700,0,600,"sd","09:49:55",156000
71700,0,3900,"sd","09:50:56",159900
71700,0,2000,"bu","09:51:35",161900
71700,0,1000,"sd","09:51:53",162900
71700,0,2000,"bu","09:53:37",164900
71700,0,200,"sd","09:53:49",165100
71700,0,900,"sd","09:54:41",166000
71700,0,1100,"bu","09:54:58",167100
71700,0,100,"sd","09:58:43",167200
71700,0,4500,"bu","09:59:07",171700
71700,0,700,"sd","09:59:18",172400
71700,0,700,"sd","09:59:26",173100
71700,0,100,"sd","09:59:46",173200
71700,0,10000,"bu","10:00:19",183200
71700,0,2000,"bu","10:02:00",185200
71600,-100,2000,"bu","10:02:52",187200
71600,-100,3500,"sd","10:03:22",190700
71500,-200,2000,"sd","10:03:44",192700
71500,-200,100,"bu","10:03:53",192800
71500,-200,5900,"sd","10:04:25",198700
71500,-200,300,"sd","10:04:49",199000
71500,-200,100,"bu","10:05:00",199100
71400,-300,4300,"sd","10:05:13",203400
71400,-300,6500,"sd","10:05:21",209900
71400,-300,1300,"bu","10:05:49",211200
71400,-300,100,"sd","10:06:04",211300
71500,-200,4600,"sd","10:12:14",215900
71600,-100,2000,"bu","10:12:58",217900
71600,-100,300,"sd","10:13:28",218200
71600,-100,3200,"bu","10:14:12",221400
71600,-100,2000,"sd","10:14:13",223400
71600,-100,900,"sd","10:14:33",224300
71600,-100,2000,"bu","10:14:46",226300
71600,-100,1000,"bu","10:15:15",227300
71600,-100,1700,"bu","10:16:59",229000
71700,0,2000,"sd","10:19:29",231000
71700,0,100,"bu","10:20:19",231100
71700,0,1100,"bu","10:20:43",232200
71700,0,3000,"sd","10:20:53",235200
71700,0,1000,"bu","10:21:15",236200
71700,0,100,"sd","10:21:16",236300
71800,100,700,"sd","10:28:29",237000
71700,0,100,"bu","10:28:54",237100
71700,0,2400,"bu","10:30:15",239500
71600,-100,4400,"sd","10:34:14",243900
71500,-200,200,"bu","10:34:20",244100
71600,-100,2000,"bu","10:36:33",246100
71600,-100,500,"sd","10:36:44",246600
71500,-200,4400,"bu","10:39:50",251000
71400,-300,2000,"sd","10:41:51",253000
71400,-300,1500,"sd","10:43:00",254500
71400,-300,700,"sd","10:45:20",255200
71400,-300,500,"bu","10:45:22",255700
71400,-300,800,"bu","10:45:55",256500
71400,-300,9000,"sd","10:47:00",265500
71400,-300,1000,"sd","10:50:32",266500
71500,-200,200,"bu","10:51:03",266700
71400,-300,1000,"bu","10:51:23",267700
71500,-200,3800,"bu","10:53:41",271500
71600,-100,3500,"bu","10:54:06",275000
71600,-100,500,"bu","10:54:36",275500
71500,-200,6500,"bu","10:57:40",282000
71500,-200,3000,"bu","10:58:20",285000
71500,-200,100,"bu","10:58:22",285100
71500,-200,2000,"bu","10:59:46",287100
71400,-300,4300,"sd","11:00:54",291400
71500,-200,1700,"bu","11:01:23",293100
71500,-200,4000,"bu","11:02:23",297100
71500,-200,1300,"bu","11:03:12",298400
71500,-200,1700,"bu","11:03:17",300100
71500,-200,1300,"bu","11:03:20",301400
71500,-200,900,"sd","11:03:38",302300
71400,-300,7300,"bu","11:06:38",309600
71400,-300,1000,"sd","11:06:43",310600
71400,-300,100,"sd","11:07:02",310700
71400,-300,1700,"sd","11:07:05",312400
71400,-300,6000,"sd","11:09:14",318400
71500,-200,100,"bu","11:09:31",318500
71400,-300,200,"bu","11:09:37",318700
71400,-300,8000,"sd","11:10:32",326700
71400,-300,100,"sd","11:11:13",326800
71400,-300,2100,"bu","11:11:28",328900
71400,-300,1600,"sd","11:11:57",330500
71400,-300,1000,"sd","11:12:22",331500
71400,-300,2000,"sd","11:12:42",333500
71400,-300,1000,"bu","11:13:01",334500
71400,-300,500,"bu","11:13:24",335000
71400,-300,2000,"bu","11:13:36",337000
71400,-300,700,"bu","11:13:39",337700
71400,-300,2000,"sd","11:15:14",339700
71400,-300,800,"sd","11:17:10",340500
71400,-300,1000,"sd","11:17:32",341500
71400,-300,800,"sd","11:17:56",342300
71400,-300,200,"bu","11:18:06",342500
71400,-300,2000,"bu","11:18:23",344500
71400,-300,500,"sd","11:20:38",345000
71400,-300,500,"bu","11:21:16",345500
71400,-300,1700,"sd","11:21:51",347200
71400,-300,500,"sd","11:22:30",347700
71400,-300,3500,"sd","11:23:24",351200
71400,-300,100,"bu","11:23:42",351300
71400,-300,1000,"sd","11:24:20",352300
71400,-300,2000,"bu","11:24:29",354300
71400,-300,100,"bu","11:25:02",354400
71400,-300,2000,"bu","11:26:03",356400
71400,-300,200,"bu","11:26:08",356600
71400,-300,900,"bu","11:26:56",357500
71400,-300,3000,"bu","11:27:39",360500
71400,-300,1000,"sd","11:27:48",361500
71400,-300,2000,"bu","11:27:52",363500
71400,-300,1000,"bu","11:28:40",364500
71400,-300,100,"bu","11:29:02",364600
71400,-300,1000,"bu","11:29:31",365600
71400,-300,500,"sd","13:00:36",366100
71300,-400,1200,"sd","13:01:20",367300
71400,-300,1000,"sd","13:01:21",368300
71300,-400,1500,"bu","13:01:30",369800
71300,-400,1400,"bu","13:01:33",371200
71300,-400,600,"bu","13:01:37",371800
71300,-400,600,"sd","13:01:41",372400
71300,-400,700,"sd","13:01:43",373100
71300,-400,300,"bu","13:02:00",373400
71300,-400,200,"sd","13:03:01",373600
71300,-400,100,"bu","13:03:15",373700
71300,-400,600,"bu","13:04:42",374300
71300,-400,100,"sd","13:04:56",374400
71400,-300,2000,"bu","13:05:57",376400
71400,-300,1000,"bu","13:05:59",377400
71400,-300,2000,"bu","13:06:05",379400
71400,-300,1000,"sd","13:06:15",380400
71400,-300,100,"bu","13:06:26",380500
71500,-200,400,"bu","13:08:32",380900
71400,-300,5000,"sd","13:08:42",385900
71300,-400,700,"bu","13:08:44",386600
71300,-400,600,"bu","13:09:23",387200
71400,-300,2000,"sd","13:09:57",389200
71300,-400,7000,"bu","13:10:20",396200
71400,-300,1000,"sd","13:10:35",397200
71400,-300,4000,"sd","13:12:03",401200
71400,-300,100,"bu","13:12:06",401300
71400,-300,1200,"sd","13:12:31",402500
71400,-300,1000,"sd","13:13:23",403500
71300,-400,8000,"bu","13:13:42",411500
71300,-400,200,"sd","13:14:07",411700
71300,-400,400,"bu","13:16:04",412100
71400,-300,200,"bu","13:16:19",412300
71400,-300,6300,"bu","13:16:25",418600
71400,-300,100,"bu","13:16:32",418700
71400,-300,1200,"bu","13:16:51",419900
71400,-300,2000,"bu","13:17:23",421900
71400,-300,1000,"bu","13:17:34",422900
71400,-300,2500,"bu","13:17:47",425400
71400,-300,5000,"bu","13:18:06",430400
71400,-300,200,"bu","13:19:14",430600
71400,-300,7600,"sd","13:19:47",438200
71400,-300,1000,"bu","13:20:01",439200
71400,-300,2100,"sd","13:20:33",441300
71400,-300,1000,"sd","13:21:11",442300
71400,-300,400,"bu","13:21:39",442700
71400,-300,100,"sd","13:21:49",442800
71400,-300,1000,"sd","13:22:03",443800
71400,-300,4500,"sd","13:22:55",448300
71400,-300,600,"sd","13:23:19",448900
71400,-300,5500,"bu","13:23:25",454400
71400,-300,1000,"sd","13:23:34",455400
71400,-300,4400,"bu","13:23:39",459800
71500,-200,8700,"bu","13:25:09",468500
71500,-200,300,"sd","13:26:13",468800
71500,-200,4000,"bu","13:26:42",472800
71500,-200,1100,"bu","13:26:47",473900
71500,-200,1900,"sd","13:28:13",475800
71500,-200,4000,"sd","13:28:36",479800
71500,-200,1000,"sd","13:28:57",480800
71500,-200,900,"sd","13:29:00",481700
71500,-200,100,"bu","13:29:20",481800
71400,-300,400,"bu","13:29:30",482200
71500,-200,600,"bu","13:29:52",482800
71400,-300,500,"sd","13:30:01",483300
71500,-200,600,"sd","13:30:27",483900
71500,-200,900,"sd","13:30:46",484800
71500,-200,900,"sd","13:31:34",485700
71500,-200,1500,"sd","13:32:27",487200
71500,-200,500,"sd","13:32:39",487700
71500,-200,1000,"bu","13:33:18",488700
71500,-200,4000,"sd","13:33:23",492700
71500,-200,2600,"sd","13:33:38",495300
71500,-200,500,"bu","13:33:40",495800
71500,-200,100,"bu","13:33:52",495900
71600,-100,5000,"sd","13:34:09",500900
71600,-100,5000,"sd","13:34:20",505900
71600,-100,1000,"bu","13:34:26",506900
71500,-200,2000,"sd","13:34:50",508900
71600,-100,200,"bu","13:34:57",509100
71600,-100,900,"bu","13:35:03",510000
71600,-100,1000,"bu","13:35:59",511000
71600,-100,2000,"bu","13:36:34",513000
71600,-100,10000,"sd","13:36:39",523000
71600,-100,900,"bu","13:36:47",523900
71600,-100,300,"bu","13:36:49",524200
71600,-100,300,"bu","13:38:57",524500
71600,-100,4000,"sd","13:39:17",528500
71700,0,10000,"sd","13:39:39",538500
71700,0,4000,"bu","13:39:44",542500
71700,0,10000,"sd","13:40:00",552500
71700,0,300,"sd","13:40:05",552800
71700,0,700,"bu","13:40:15",553500
71700,0,100,"sd","13:40:42",553600
71700,0,500,"sd","13:40:47",554100
71700,0,2000,"sd","13:40:52",556100
71700,0,1200,"bu","13:41:21",557300
71700,0,2700,"sd","13:41:57",560000
71700,0,1000,"sd","13:42:01",561000
71700,0,300,"bu","13:42:05",561300
71700,0,200,"bu","13:42:28",561500
71700,0,800,"sd","13:42:33",562300
71700,0,200,"sd","13:43:30",562500
71800,100,1000,"bu","13:45:04",563500
71800,100,3700,"sd","13:45:21",567200
71800,100,700,"sd","13:45:27",567900
71700,0,4000,"bu","13:45:52",571900
71700,0,12300,"bu","13:46:34",584200
71700,0,500,"bu","13:46:51",584700
71700,0,700,"bu","13:47:11",585400
71700,0,100,"bu","13:47:20",585500
71700,0,200,"bu","13:47:47",585700
71700,0,100,"sd","13:47:56",585800
71700,0,500,"bu","13:48:06",586300
71700,0,8400,"sd","13:48:36",594700
71700,0,1000,"sd","13:48:56",595700
71700,0,1500,"sd","13:48:58",597200
71700,0,700,"sd","13:49:46",597900
71700,0,600,"bu","13:50:38",598500
71600,-100,4000,"sd","13:51:08",602500
71600,-100,700,"bu","13:51:14",603200
71600,-100,2000,"bu","13:51:37",605200
71600,-100,100,"bu","13:51:41",605300
71600,-100,1100,"sd","13:51:56",606400
71600,-100,500,"sd","13:52:11",606900
71600,-100,2000,"sd","13:52:47",608900
71600,-100,900,"sd","13:52:51",609800
71500,-200,4600,"bu","13:53:43",614400
71500,-200,1500,"bu","13:54:23",615900
71600,-100,1000,"bu","13:54:24",616900
71600,-100,2000,"bu","13:54:28",618900
71600,-100,600,"bu","13:54:58",619500
71500,-200,4600,"sd","13:55:14",624100
71600,-100,3000,"sd","13:55:24",627100
71600,-100,300,"sd","13:55:49",627400
71600,-100,500,"bu","13:56:15",627900
71600,-100,500,"bu","13:56:49",628400
71500,-200,7200,"bu","13:57:29",635600
71500,-200,4200,"bu","13:57:43",639800
71600,-100,5900,"bu","13:57:58",645700
71600,-100,500,"sd","13:58:25",646200
71600,-100,200,"sd","13:58:46",646400
71500,-200,500,"bu","13:59:16",646900
71500,-200,500,"bu","13:59:18",647400
71500,-200,3000,"sd","13:59:23",650400
71500,-200,1000,"sd","13:59:47",651400
71500,-200,1800,"bu","14:01:03",653200
71500,-200,1000,"sd","14:01:25",654200
71500,-200,500,"sd","14:01:53",654700
71500,-200,300,"bu","14:02:08",655000
71500,-200,900,"sd","14:02:25",655900
71500,-200,600,"bu","14:02:37",656500
71500,-200,400,"bu","14:02:47",656900
71500,-200,1000,"sd","14:02:58",657900
71500,-200,400,"sd","14:03:37",658300
71500,-200,100,"sd","14:03:59",658400
71500,-200,4200,"bu","14:04:39",662600
71400,-300,2000,"sd","14:04:48",664600
71400,-300,200,"sd","14:08:05",664800
71400,-300,900,"bu","14:08:58",665700
71500,-200,500,"bu","14:09:08",666200
71500,-200,8000,"bu","14:09:41",674200
71600,-100,200,"sd","14:10:12",674400
71600,-100,1000,"sd","14:10:21",675400
71600,-100,1600,"sd","14:11:31",677000
71500,-200,4000,"sd","14:11:49",681000
71600,-100,100,"bu","14:12:02",681100
71600,-100,5000,"bu","14:12:19",686100
71600,-100,400,"bu","14:12:27",686500
71500,-200,4000,"sd","14:12:56",690500
71600,-100,200,"bu","14:12:58",690700
71700,0,100,"sd","14:13:03",690800
71600,-100,3100,"sd","14:13:50",693900
71600,-100,500,"bu","14:14:18",694400
71600,-100,800,"sd","14:14:21",695200
71700,0,100,"bu","14:14:37",695300
71600,-100,200,"bu","14:14:41",695500
71600,-100,100,"sd","14:14:46",695600
71700,0,500,"bu","14:15:00",696100
71600,-100,200,"bu","14:15:18",696300
71600,-100,100,"sd","14:15:38",696400
71500,-200,2500,"bu","14:16:31",698900
71500,-200,100,"bu","14:16:38",699000
71500,-200,5000,"bu","14:17:20",704000
71500,-200,200,"bu","14:17:28",704200
71500,-200,5500,"sd","14:18:51",709700
71400,-300,200,"bu","14:18:58",709900
71500,-200,500,"sd","14:20:42",710400
71500,-200,100,"sd","14:20:44",710500
71400,-300,200,"bu","14:20:49",710700
71500,-200,100,"bu","14:21:00",710800
71500,-200,400,"bu","14:21:32",711200
71500,-200,100,"sd","14:21:42",711300
71500,-200,800,"bu","14:22:25",712100
71500,-200,200,"sd","14:22:54",712300
71400,-300,7300,"bu","14:23:07",719600
71400,-300,600,"bu","14:23:31",720200
71400,-300,800,"sd","14:23:57",721000
71400,-300,1300,"sd","14:24:10",722300
71400,-300,300,"bu","14:24:17",722600
71400,-300,600,"bu","14:24:31",723200
71300,-400,400,"sd","14:24:43",723600
71700,0,600,"bu","14:24:46",724200
71700,0,100,"sd","14:24:49",724300
71400,-300,500,"bu","14:28:13",724800
71400,-300,200,"bu","14:28:19",725000
71400,-300,500,"bu","14:28:39",725500
71400,-300,1800,"sd","14:29:07",727300
71400,-300,200,"bu","14:29:09",727500
71400,-300,300,"sd","14:29:28",727800
71600,-100,600,"bu","14:29:31",728400
71600,-100,5200,"sd","14:29:45",733600
71600,-100,200,"bu","14:30:02",733800
71700,0,16700,"sd","14:45:09",750500
