"price","change","match_qtty","side","time","total_vol"
12850,0,134300,"bu","09:15:03",134300
12850,0,3300,"bu","09:15:11",137600
12850,0,200,"bu","09:15:14",137800
12850,0,800,"bu","09:15:24",138600
12900,50,5100,"bu","09:15:30",143700
12900,50,4600,"sd","09:15:44",148300
12900,50,10200,"bu","09:15:55",158500
12900,50,5000,"sd","09:15:57",163500
12850,0,7000,"sd","09:16:06",170500
12900,50,1000,"sd","09:16:09",171500
12850,0,500,"bu","09:16:13",172000
12850,0,20000,"bu","09:16:21",192000
12850,0,1000,"bu","09:16:35",193000
12850,0,10000,"bu","09:16:42",203000
12850,0,500,"sd","09:16:49",203500
12850,0,3900,"sd","09:16:51",207400
12850,0,1500,"sd","09:17:39",208900
12850,0,20000,"sd","09:17:42",228900
12850,0,1800,"sd","09:17:44",230700
12850,0,3800,"sd","09:17:49",234500
12850,0,200,"sd","09:17:50",234700
12850,0,100,"bu","09:17:51",234800
12850,0,97200,"bu","09:17:58",332000
12800,-50,200,"bu","09:17:58",235000
12850,0,147200,"bu","09:18:02",382200
12850,0,1000,"sd","09:18:03",383200
12850,0,5000,"bu","09:18:12",388200
12850,0,10000,"bu","09:18:30",398200
12850,0,19600,"bu","09:18:49",417800
12850,0,23900,"bu","09:18:49",441700
12850,0,10000,"sd","09:18:52",451700
12900,50,33800,"sd","09:18:57",485500
12900,50,26500,"bu","09:18:57",512000
12900,50,2300,"sd","09:19:01",514300
12900,50,20000,"bu","09:19:03",534300
12900,50,5000,"sd","09:19:04",539300
12900,50,500,"bu","09:19:05",539800
12900,50,2000,"sd","09:19:10",541800
12900,50,35100,"bu","09:19:16",576900
12900,50,1000,"bu","09:19:27",577900
12900,50,200,"bu","09:19:54",578100
12900,50,10200,"bu","09:19:59",588300
12900,50,4200,"sd","09:20:05",592500
12900,50,2700,"sd","09:20:07",692500
12900,50,105000,"sd","09:20:10",797500
12900,50,3600,"bu","09:20:12",801100
12900,50,26600,"sd","09:20:13",827700
12900,50,100,"bu","09:20:21",827800
12900,50,1000,"bu","09:20:31",828800
12900,50,5500,"bu","09:20:33",834300
12950,100,89900,"sd","09:20:37",924200
12950,100,1600,"bu","09:20:45",925800
12950,100,3000,"bu","09:20:46",928800
13000,150,6000,"bu","09:20:49",934800
12950,100,700,"sd","09:20:52",935500
12950,100,900,"sd","09:20:56",936400
12950,100,200,"sd","09:21:02",936600
12950,100,7200,"bu","09:21:26",943800
12950,100,200,"sd","09:21:31",944000
12950,100,1000,"bu","09:21:37",945000
13000,150,800,"sd","09:21:40",945800
13000,150,4500,"sd","09:21:42",950300
12950,100,10000,"sd","09:21:43",960300
13000,150,6800,"bu","09:21:43",967100
13000,150,5400,"bu","09:21:53",972500
13000,150,500,"bu","09:21:54",973000
13000,150,3600,"sd","09:21:55",976600
12950,100,5000,"sd","09:21:58",981600
13000,150,500,"sd","09:22:06",982100
13000,150,5000,"sd","09:22:07",987100
13000,150,12200,"bu","09:22:10",999300
13000,150,400,"sd","09:22:19",999700
13000,150,200,"sd","09:22:29",999900
13000,150,500,"bu","09:22:31",1000400
13000,150,163000,"sd","09:22:38",1163400
13000,150,37000,"bu","09:22:38",1200400
13000,150,1000,"sd","09:22:40",1201400
13000,150,1700,"bu","09:22:41",1203100
13000,150,5000,"bu","09:22:45",1227700
13000,150,2000,"sd","09:22:58",1229700
13000,150,20000,"sd","09:22:59",1249700
13000,150,1000,"sd","09:23:05",1250700
13000,150,5000,"sd","09:23:11",1255700
13050,200,3800,"sd","09:23:11",1259500
13000,150,5000,"sd","09:23:12",1264500
13000,150,20000,"bu","09:23:17",1284500
12950,100,100000,"sd","09:23:20",1384500
13000,150,5500,"bu","09:23:25",1390000
13000,150,200,"sd","09:23:29",1390200
13000,150,1100,"sd","09:23:35",1391300
13000,150,500,"sd","09:23:45",1391800
13000,150,50000,"sd","09:23:46",1441800
13000,150,1000,"bu","09:23:49",1442800
13000,150,3000,"bu","09:23:52",1445800
13000,150,5000,"sd","09:23:54",1450800
13000,150,10200,"bu","09:23:54",1461000
13000,150,1000,"sd","09:23:55",1462000
13050,200,3600,"bu","09:23:56",1465600
13000,150,10000,"sd","09:23:58",1475600
13000,150,3000,"sd","09:24:00",1478600
13000,150,5000,"bu","09:24:01",1483600
13050,200,200,"bu","09:24:04",1483800
13050,200,4300,"sd","09:24:05",1488100
13000,150,1000,"bu","09:24:06",1489100
13000,150,1200,"sd","09:24:07",1490300
13000,150,1000,"bu","09:24:08",1491300
13000,150,500,"sd","09:24:09",1491800
13000,150,1500,"bu","09:24:15",1493300
13000,150,300,"sd","09:24:20",1493600
13000,150,200,"bu","09:24:24",1493800
13000,150,21000,"bu","09:24:38",1514800
13000,150,2300,"bu","09:24:55",1517100
13000,150,1000,"sd","09:25:30",1518100
12950,100,3000,"bu","09:25:39",1521100
12950,100,100,"bu","09:25:44",1521200
12950,100,700,"bu","09:25:45",1521900
12950,100,800,"bu","09:25:55",1522700
13000,150,100,"sd","09:26:14",1522800
12950,100,400,"sd","09:26:19",1523200
13000,150,1000,"sd","09:26:39",1524200
12950,100,5000,"bu","09:26:53",1529200
12950,100,10000,"sd","09:27:16",1539200
12950,100,200,"sd","09:27:23",1539400
12950,100,400,"bu","09:27:37",1539800
12950,100,500,"sd","09:27:41",1540300
12950,100,5000,"sd","09:27:41",1545300
12950,100,25000,"sd","09:27:46",1570300
12950,100,1000,"sd","09:27:50",1571300
12950,100,2300,"sd","09:27:57",1573600
12950,100,5000,"sd","09:28:02",1578600
12950,100,2000,"bu","09:28:04",1580600
12950,100,14300,"bu","09:28:17",1594900
12950,100,10000,"bu","09:28:19",1604900
12950,100,4000,"bu","09:28:27",1608900
12950,100,200,"bu","09:28:29",1609100
12950,100,3000,"bu","09:28:44",1612100
12950,100,100,"bu","09:29:02",1612200
12900,50,10000,"sd","09:29:33",1622200
12900,50,100,"sd","09:29:47",1622300
12950,100,500,"bu","09:30:07",1622800
12950,100,3700,"sd","09:30:31",1626500
12950,100,4400,"bu","09:30:32",1630900
12900,50,5700,"bu","09:30:45",1636600
12900,50,500,"sd","09:30:48",1637100
12950,100,62600,"sd","09:30:59",1699700
12950,100,37400,"bu","09:31:00",1737100
12900,50,800,"sd","09:31:10",1737900
12950,100,500,"sd","09:31:10",1738400
12950,100,12800,"bu","09:31:13",1751200
12950,100,500,"bu","09:31:18",1751700
12950,100,1000,"bu","09:31:19",1752700
12950,100,2000,"bu","09:31:25",1754700
12950,100,100,"sd","09:31:28",1754800
13000,150,5200,"bu","09:31:33",1760000
12950,100,10000,"bu","09:31:34",1770000
13000,150,3600,"bu","09:31:38",1773600
12950,100,100,"bu","09:31:39",1773700
13000,150,6200,"sd","09:31:43",1779900
12950,100,2400,"bu","09:31:43",1782300
12950,100,1000,"sd","09:31:44",1783300
12950,100,300,"bu","09:31:46",1783600
12950,100,1000,"bu","09:31:48",1784600
13000,150,8800,"sd","09:31:55",1793400
13000,150,325200,"sd","09:32:00",2118600
13000,150,1000,"bu","09:32:02",2119600
13000,150,200,"sd","09:32:10",2119800
13000,150,2100,"sd","09:32:14",2121900
13000,150,300,"sd","09:32:16",2122200
13050,200,500,"bu","09:32:22",2122700
13050,200,5100,"bu","09:32:22",2127800
13050,200,1000,"sd","09:32:25",2128800
13050,200,4500,"bu","09:32:30",2133300
13000,150,500,"sd","09:32:41",2133800
13050,200,700,"sd","09:32:57",2134500
13000,150,500,"sd","09:33:02",2135000
13000,150,1000,"sd","09:33:06",2136000
13050,200,3500,"bu","09:33:16",2139500
13000,150,5000,"sd","09:33:23",2144500
13050,200,8900,"sd","09:33:23",2153400
13050,200,100,"sd","09:33:25",2153500
13050,200,1000,"bu","09:33:26",2154500
13050,200,100,"bu","09:33:30",2154600
13000,150,600,"sd","09:33:33",2155200
13050,200,2000,"sd","09:33:34",2157200
13050,200,10000,"bu","09:33:36",2167200
13050,200,100,"bu","09:33:46",2167300
13050,200,200,"sd","09:33:47",2167500
13050,200,124000,"bu","09:33:48",2291500
13050,200,37600,"sd","09:33:50",2329100
13050,200,800,"sd","09:33:51",2340100
13050,200,2400,"sd","09:33:52",2342500
13050,200,3000,"bu","09:33:55",2345500
13100,250,6600,"sd","09:33:56",2352100
13100,250,31700,"sd","09:34:02",2383800
13100,250,300,"sd","09:34:05",2384100
13100,250,100,"sd","09:34:10",2384200
13100,250,10000,"bu","09:34:16",2394200
13100,250,2000,"sd","09:34:19",2396200
13100,250,500,"bu","09:34:27",2396700
13100,250,100,"bu","09:34:29",2396800
13050,200,10000,"bu","09:34:37",2406800
13100,250,1000,"sd","09:34:45",2407800
13050,200,7800,"sd","09:34:54",2415600
13050,200,200,"sd","09:34:56",2415800
13050,200,7000,"sd","09:34:56",2422800
13050,200,300,"bu","09:34:59",2423100
13100,250,1000,"sd","09:35:07",2424100
13100,250,100,"sd","09:35:26",2424200
13100,250,500,"bu","09:35:31",2424700
13100,250,100,"bu","09:35:37",2424800
13100,250,2000,"sd","09:35:55",2426800
13100,250,10000,"sd","09:35:58",2436800
13100,250,700,"bu","09:36:07",2437500
13100,250,3200,"sd","09:36:15",2440700
13100,250,500,"bu","09:36:20",2441200
13050,200,200,"bu","09:36:24",2441400
13100,250,115000,"bu","09:36:32",2556400
13100,250,500,"sd","09:36:35",2556900
13100,250,8000,"sd","09:36:36",2564900
13100,250,24300,"sd","09:36:37",2589200
13100,250,2000,"sd","09:36:38",2591200
13100,250,100,"bu","09:36:44",2591300
13100,250,15100,"bu","09:36:59",2606400
13150,300,100,"sd","09:37:06",2606500
13100,250,8600,"bu","09:37:10",2615100
13100,250,100,"sd","09:37:14",2615200
13100,250,900,"sd","09:37:15",2616100
13100,250,200,"sd","09:37:16",2616300
13100,250,100,"sd","09:37:19",2616400
13100,250,6200,"sd","09:37:23",2622600
13100,250,3000,"sd","09:37:27",2625600
13100,250,500,"sd","09:37:33",2626100
13150,300,2700,"sd","09:37:37",2628800
13100,250,2000,"bu","09:37:44",2630800
13100,250,1000,"bu","09:37:46",2631800
13100,250,2000,"sd","09:37:52",2633800
13100,250,800,"bu","09:37:55",2634600
13100,250,100,"bu","09:37:57",2634700
13100,250,12000,"sd","09:37:59",2646700
13100,250,100,"bu","09:38:00",2646800
13100,250,4100,"sd","09:38:02",2650900
13100,250,100,"sd","09:38:08",2651000
13100,250,1000,"bu","09:38:09",2652000
13150,300,11000,"bu","09:38:10",2663000
13100,250,200,"bu","09:38:18",2663200
13150,300,900,"sd","09:38:19",2664100
13150,300,100,"sd","09:38:30",2664200
13100,250,10200,"sd","09:38:39",2674400
13100,250,500,"bu","09:38:42",2674900
13100,250,10000,"sd","09:38:54",2684900
13100,250,1000,"bu","09:39:01",2685900
13100,250,3300,"bu","09:39:08",2689200
13100,250,2000,"sd","09:39:09",2691200
13100,250,3000,"sd","09:39:13",2694200
13100,250,2000,"sd","09:39:14",2696200
13100,250,30000,"sd","09:39:15",2726200
13100,250,9700,"sd","09:39:16",2735900
13100,250,200,"bu","09:39:19",2736100
13100,250,1100,"bu","09:39:21",2737200
13100,250,300,"bu","09:39:22",2737500
13100,250,400,"bu","09:39:22",2737900
13100,250,500,"bu","09:39:24",2738400
13100,250,5700,"sd","09:39:25",2744100
13100,250,100000,"bu","09:39:32",2844100
13100,250,4300,"bu","09:39:41",2848400
13100,250,500,"sd","09:39:49",2848900
13100,250,100,"bu","09:39:50",2849000
13100,250,20000,"sd","09:39:51",2869000
13100,250,1000,"bu","09:39:52",2870000
13050,200,123700,"bu","09:39:52",2993700
13050,200,5000,"sd","09:39:53",2998700
13100,250,100000,"sd","09:39:56",3098700
13100,250,4400,"bu","09:39:57",3103100
13050,200,15200,"bu","09:40:02",3118300
13100,250,600,"bu","09:40:07",3118900
13100,250,100,"sd","09:40:08",3119000
13100,250,500,"bu","09:40:25",3119500
13100,250,100,"sd","09:40:39",3119600
13050,200,300,"bu","09:40:52",3119900
13100,250,100000,"sd","09:41:06",3219900
13100,250,100,"bu","09:41:09",3220000
13100,250,10000,"sd","09:41:17",3230000
13100,250,4700,"sd","09:41:34",3234700
13100,250,600,"sd","09:41:35",3235300
13100,250,1000,"sd","09:41:59",3236300
13050,200,50000,"bu","09:42:00",3286300
13100,250,16500,"sd","09:42:03",3302800
13100,250,200,"sd","09:42:05",3303000
13100,250,1500,"bu","09:42:16",3304500
13100,250,11100,"sd","09:42:22",3315600
13100,250,500,"bu","09:42:31",3316100
13100,250,200,"bu","09:42:34",3316300
13100,250,20500,"sd","09:42:35",3336800
13100,250,1000,"bu","09:42:59",3337800
13100,250,400,"sd","09:43:02",3338200
13050,200,20500,"bu","09:43:24",3358700
13100,250,600,"sd","09:43:37",3359300
13050,200,10000,"sd","09:43:45",3369300
13100,250,200,"sd","09:43:52",3369500
13100,250,500,"bu","09:43:53",3370000
13100,250,15000,"bu","09:44:03",3385000
13100,250,2500,"sd","09:44:22",3387500
13100,250,37100,"sd","09:45:02",3424600
13100,250,2000,"bu","09:45:15",3426600
13100,250,500,"sd","09:45:16",3427100
13100,250,10000,"bu","09:45:17",3437100
13100,250,300,"bu","09:45:19",3437400
13100,250,2000,"sd","09:45:23",3439400
13100,250,6000,"bu","09:45:25",3445400
13100,250,4200,"sd","09:45:26",3449600
13100,250,2000,"sd","09:45:46",3451600
13100,250,10000,"bu","09:45:49",3461600
13100,250,11400,"sd","09:46:05",3473000
13100,250,1000,"sd","09:46:09",3474000
13100,250,300,"sd","09:46:10",3474300
13100,250,7100,"sd","09:46:19",3481400
13100,250,1000,"sd","09:46:30",3482400
13100,250,900,"sd","09:46:54",3483300
13150,300,355700,"bu","09:46:58",3839000
13150,300,51300,"sd","09:47:18",3890300
13150,300,10000,"sd","09:47:19",3900300
13150,300,900,"bu","09:47:21",3901200
13150,300,2000,"sd","09:47:25",3903200
13150,300,5000,"bu","09:47:30",3908200
13150,300,100,"bu","09:47:34",3908300
13150,300,10000,"sd","09:47:37",3918300
13150,300,1000,"sd","09:47:40",3919300
13150,300,1500,"bu","09:47:41",3920800
13150,300,5300,"sd","09:47:53",3926100
13150,300,1000,"bu","09:48:13",3927100
13200,350,2100,"sd","09:48:19",3929200
13150,300,1200,"bu","09:48:22",3930400
13200,350,1000,"sd","09:48:23",3931400
13150,300,2000,"sd","09:48:25",3933400
13200,350,100,"bu","09:48:30",3933500
13150,300,1000,"sd","09:48:35",3934500
13150,300,3000,"bu","09:48:43",3937500
13150,300,1000,"sd","09:48:47",3938500
13200,350,100,"sd","09:48:49",3938600
13150,300,600,"bu","09:49:22",3939200
13150,300,10000,"bu","09:49:25",3949200
13150,300,1000,"bu","09:49:27",3950200
13200,350,17600,"bu","09:49:30",3967800
13150,300,100,"bu","09:49:31",3967900
13150,300,2400,"bu","09:49:41",3970300
13150,300,100,"sd","09:49:45",3970400
13200,350,200,"bu","09:49:48",3970600
13150,300,300,"sd","09:49:53",3970900
13200,350,100,"bu","09:50:04",3971000
13200,350,2000,"sd","09:50:07",3973000
13150,300,1000,"bu","09:50:11",3974000
13150,300,7100,"sd","09:50:18",3981100
13150,300,10000,"sd","09:50:19",3991100
13150,300,500,"sd","09:50:21",3991600
13150,300,1000,"bu","09:50:22",3992600
13150,300,29200,"bu","09:50:23",4021800
13150,300,9000,"bu","09:50:30",4041800
13150,300,300,"sd","09:50:36",4042100
13150,300,500,"sd","09:50:38",4042600
13150,300,100,"bu","09:50:44",4042700
13150,300,5900,"sd","09:50:47",4048600
13150,300,4900,"sd","09:52:16",4053500
13150,300,1000,"sd","09:52:17",4054500
13150,300,7000,"sd","09:52:19",4061500
13150,300,100000,"bu","09:52:26",4161500
13150,300,34400,"bu","09:52:32",4195900
13150,300,5000,"sd","09:52:36",4200900
13150,300,1000,"bu","09:52:49",4201900
13200,350,500,"sd","09:52:57",4202400
13200,350,6500,"bu","09:53:09",4208900
13150,300,7000,"bu","09:53:15",4215900
13150,300,1000,"bu","09:53:23",4216900
13150,300,12000,"bu","09:54:03",4228900
13150,300,100,"bu","09:54:35",4229000
13150,300,500,"bu","09:54:38",4229500
13150,300,5300,"bu","09:54:52",4234800
13150,300,100,"bu","09:54:55",4234900
13150,300,400,"sd","09:55:00",4235300
13150,300,1700,"bu","09:55:04",4237000
13150,300,2000,"sd","09:55:14",4239000
13150,300,300,"bu","09:55:15",4239300
13150,300,500,"sd","09:55:18",4239800
13150,300,13500,"bu","09:55:23",4253300
13150,300,100,"sd","09:55:28",4253400
13150,300,5000,"bu","09:55:29",4258400
13150,300,2300,"sd","09:55:46",4260700
13150,300,100,"bu","09:55:51",4260800
13150,300,1000,"bu","09:56:03",4261800
13150,300,4000,"bu","09:56:09",4265800
13150,300,500,"bu","09:56:21",4266300
13150,300,700,"bu","09:56:24",4267000
13150,300,7000,"sd","09:56:25",4274000
13150,300,1000,"bu","09:56:45",4275000
13150,300,3600,"sd","09:56:46",4278600
13150,300,1500,"sd","09:56:47",4280100
13150,300,200,"bu","09:56:48",4280300
13150,300,500,"sd","09:56:49",4280800
13150,300,2000,"sd","09:56:56",4282800
13150,300,5000,"sd","09:57:01",4287800
13150,300,100,"bu","09:57:05",4287900
13150,300,500,"bu","09:57:09",4288400
13150,300,100,"sd","09:57:16",4288500
13150,300,4000,"sd","09:57:17",4292500
13150,300,10100,"bu","09:57:22",4302600
13150,300,9000,"sd","09:57:28",4311600
13150,300,1000,"bu","09:57:30",4312600
13150,300,200,"sd","09:57:37",4312800
13150,300,100,"sd","09:57:38",4312900
13150,300,13800,"sd","09:57:43",4326700
13150,300,2900,"sd","09:57:56",4329600
13150,300,30300,"sd","09:58:13",4359900
13150,300,23900,"sd","09:58:26",4383800
13150,300,1700,"sd","09:58:28",4385500
13150,300,2000,"bu","09:58:36",4387500
13150,300,1000,"sd","09:58:39",4388500
13150,300,18800,"bu","09:58:46",4407300
13150,300,300,"bu","09:58:48",4407600
13150,300,900,"sd","09:58:51",4408500
13150,300,500,"bu","09:58:53",4409000
13150,300,1000,"bu","09:58:59",4410000
13150,300,3500,"bu","09:59:15",4413500
13150,300,10000,"bu","09:59:16",4423500
13150,300,20000,"sd","09:59:18",4443500
13150,300,5000,"sd","09:59:19",4448500
13150,300,500,"bu","09:59:21",4449000
13150,300,3000,"sd","09:59:33",4452000
13150,300,1000,"sd","09:59:35",4453000
13150,300,3000,"sd","09:59:39",4456000
13150,300,2200,"sd","09:59:57",4458200
13150,300,1500,"bu","10:00:04",4459700
13150,300,1600,"sd","10:00:10",4461300
13150,300,5000,"sd","10:00:20",4466300
13150,300,41700,"sd","10:01:23",4508000
13150,300,7000,"bu","10:01:27",4515000
13150,300,600,"sd","10:01:28",4515600
13150,300,5100,"bu","10:01:38",4520700
13200,350,300,"sd","10:01:40",4521000
13150,300,1400,"bu","10:01:42",4522400
13150,300,1000,"bu","10:01:52",4523400
13150,300,1400,"bu","10:02:01",4524800
13150,300,100,"bu","10:02:12",4524900
13150,300,1000,"bu","10:02:20",4525900
13150,300,10000,"bu","10:02:30",4535900
13150,300,2000,"sd","10:02:43",4537900
13150,300,300,"sd","10:02:44",4538200
13150,300,100,"sd","10:02:49",4538300
13200,350,4500,"bu","10:02:52",4542800
13150,300,200,"sd","10:02:53",4543000
13200,350,2000,"sd","10:02:55",4545000
13200,350,5000,"bu","10:03:01",4550000
13200,350,5300,"sd","10:03:04",4555300
13200,350,1500,"sd","10:03:06",4556800
13200,350,6000,"sd","10:03:13",4562800
13200,350,6800,"sd","10:03:14",4569600
13200,350,500,"sd","10:03:35",4570100
13200,350,400,"sd","10:04:03",4570500
13150,300,1800,"sd","10:04:08",4572300
13150,300,500,"bu","10:04:11",4572800
13150,300,100,"bu","10:04:23",4572900
13150,300,5000,"bu","10:04:37",4577900
13150,300,100,"sd","10:04:39",4578000
13150,300,700,"sd","10:04:44",4578700
13150,300,4000,"sd","10:04:55",4582700
13150,300,2000,"bu","10:05:05",4584700
13150,300,100,"bu","10:05:10",4584800
13150,300,1200,"sd","10:05:19",4586000
13150,300,300,"bu","10:05:21",4586300
13150,300,23000,"bu","10:05:23",4609300
13150,300,5000,"sd","10:05:29",4614300
13150,300,7000,"sd","10:05:40",4621300
13150,300,100,"bu","10:05:42",4621400
13150,300,800,"bu","10:05:48",4622200
13200,350,11000,"sd","10:05:58",4633200
13150,300,300,"bu","10:06:08",4634500
13150,300,5000,"bu","10:06:10",4639500
13150,300,100,"bu","10:06:21",4639600
13150,300,1700,"sd","10:06:32",4641300
13150,300,5400,"sd","10:06:32",4646700
13150,300,5000,"sd","10:06:49",4651700
13150,300,100,"sd","10:07:04",4651800
13150,300,84700,"bu","10:07:10",4736500
13150,300,10000,"sd","10:07:54",4746500
13150,300,24400,"bu","10:08:14",4770900
13150,300,20600,"sd","10:08:15",4791500
13150,300,8000,"bu","10:08:34",4799500
13150,300,200,"sd","10:08:36",4799700
13150,300,1500,"sd","10:08:43",4801200
13150,300,2100,"bu","10:09:01",4803300
13150,300,600,"sd","10:09:43",4803900
13150,300,800,"bu","10:09:56",4804700
13150,300,400,"bu","10:10:00",4805100
13150,300,800,"sd","10:10:05",4805900
13150,300,1500,"sd","10:10:34",4807400
13150,300,200,"sd","10:10:37",4807600
13150,300,500,"bu","10:10:43",4808100
13150,300,200,"bu","10:11:08",4808300
13150,300,300,"sd","10:11:33",4808600
13150,300,68200,"bu","10:11:34",4876800
13150,300,7100,"sd","10:11:48",4883900
13150,300,900,"sd","10:11:54",4884800
13100,250,4400,"bu","10:12:57",4889200
13100,250,2000,"sd","10:13:08",4891200
13100,250,30000,"sd","10:13:27",4921200
13100,250,300,"sd","10:14:23",4921500
13100,250,600,"bu","10:14:48",4922100
13100,250,3000,"bu","10:14:58",4925100
13100,250,100,"sd","10:15:16",4925200
13100,250,3000,"sd","10:15:20",4928200
13100,250,1000,"bu","10:15:34",4929200
13100,250,16900,"bu","10:16:04",4946100
13100,250,100,"bu","10:16:08",4946200
13100,250,300,"bu","10:16:09",4946500
13150,300,30000,"sd","10:16:22",4976500
13100,250,70000,"sd","10:16:40",5046500
13100,250,10000,"bu","10:16:55",5056500
13100,250,5000,"bu","10:17:15",5061500
13100,250,100,"sd","10:17:17",5061600
13100,250,21000,"bu","10:17:28",5082600
13100,250,100000,"bu","10:17:29",5182600
13100,250,6000,"bu","10:17:35",5188600
13150,300,700,"sd","10:17:36",5189300
13150,300,3000,"sd","10:17:51",5192300
13150,300,200,"sd","10:18:00",5192500
13150,300,2500,"sd","10:18:09",5195000
13150,300,2000,"bu","10:18:32",5197000
13150,300,200,"sd","10:18:40",5197200
13100,250,7400,"bu","10:18:46",5204600
13150,300,5000,"sd","10:18:53",5209600
13100,250,60000,"bu","10:19:12",5269600
13100,250,1000,"bu","10:19:24",5270600
13100,250,100,"bu","10:19:34",5270700
13100,250,1000,"sd","10:19:46",5271700
13100,250,100,"bu","10:19:48",5271800
13100,250,1000,"bu","10:19:51",5272800
13100,250,3200,"sd","10:20:01",5276000
13100,250,10000,"bu","10:20:04",5286000
13100,250,7900,"bu","10:20:10",5293900
13100,250,10500,"sd","10:20:14",5304400
13100,250,200,"sd","10:20:15",5304600
13100,250,1900,"bu","10:20:16",5306500
13100,250,7300,"sd","10:20:26",5313800
13100,250,100,"bu","10:20:35",5313900
13100,250,400,"bu","10:21:02",5314300
13100,250,600,"sd","10:21:13",5314900
13100,250,200,"bu","10:21:27",5315100
13100,250,700,"sd","10:21:36",5315800
13100,250,5000,"sd","10:21:41",5320800
13100,250,2000,"sd","10:21:55",5322800
13100,250,1000,"bu","10:22:05",5323800
13100,250,100,"sd","10:22:07",5323900
13100,250,5000,"sd","10:22:08",5328900
13100,250,500,"sd","10:22:09",5329400
13100,250,200,"bu","10:22:24",5329600
13100,250,300,"sd","10:22:37",5329900
13100,250,10000,"bu","10:22:46",5339900
13100,250,1000,"bu","10:22:59",5340900
13100,250,10000,"sd","10:23:04",5350900
13100,250,100,"bu","10:23:09",5351000
13100,250,4000,"bu","10:23:10",5355000
13100,250,60100,"sd","10:23:17",5415100
13100,250,1500,"bu","10:23:18",5416600
13100,250,11100,"sd","10:23:21",5427700
13100,250,5000,"sd","10:23:23",5432700
13100,250,100,"sd","10:23:25",5432800
13100,250,85100,"bu","10:23:35",5517900
13100,250,2000,"sd","10:23:45",5519900
13100,250,200,"bu","10:23:46",5520100
13100,250,500,"bu","10:23:59",5520600
13100,250,50000,"bu","10:24:00",5570600
13100,250,100,"sd","10:24:07",5570700
13100,250,50000,"sd","10:24:10",5620700
13100,250,400,"sd","10:24:10",5621100
13100,250,100000,"bu","10:24:25",5721100
13100,250,3500,"bu","10:24:29",5724600
13100,250,10000,"bu","10:24:35",5734600
13100,250,51000,"sd","10:24:37",5785600
13100,250,10000,"bu","10:24:38",5795600
13100,250,500,"bu","10:24:52",5796100
13100,250,12000,"sd","10:24:53",5808100
13100,250,5000,"sd","10:25:05",5813100
13100,250,15000,"bu","10:25:10",5828100
13100,250,300,"sd","10:25:19",5828400
13100,250,4000,"sd","10:25:22",5832400
13100,250,5000,"bu","10:25:28",5837400
13100,250,500,"sd","10:25:42",5837900
13100,250,100,"bu","10:26:29",5838000
13100,250,1100,"sd","10:26:41",5839100
13100,250,3000,"sd","10:26:42",5842100
13100,250,200,"bu","10:26:51",5842300
13100,250,1000,"sd","10:26:55",5843300
13100,250,200,"sd","10:26:58",5843500
13100,250,700,"bu","10:26:59",5844200
13100,250,100,"sd","10:27:15",5844300
13100,250,54300,"bu","10:27:31",5898600
13100,250,10000,"bu","10:27:45",5908600
13100,250,500,"sd","10:27:55",5909100
13100,250,700,"sd","10:27:59",5909800
13100,250,1000,"sd","10:28:01",5910800
13100,250,24000,"bu","10:28:01",5934800
13100,250,4300,"sd","10:28:02",5939100
13100,250,300,"sd","10:28:35",5939400
13100,250,100,"sd","10:28:48",5939500
13100,250,700,"sd","10:28:51",5940200
13100,250,9600,"sd","10:28:59",5949800
13100,250,2300,"sd","10:29:15",5952100
13150,300,1400,"sd","10:29:21",5953500
13100,250,20000,"bu","10:29:28",5973500
13100,250,26000,"bu","10:29:38",5999500
13100,250,300,"sd","10:29:56",5999800
13100,250,600,"bu","10:30:06",6000400
13100,250,5000,"bu","10:30:17",6005400
13100,250,400,"sd","10:30:18",6005800
13100,250,1000,"bu","10:30:34",6006800
13100,250,10000,"bu","10:30:42",6016800
13100,250,5500,"sd","10:30:48",6022300
13100,250,3000,"sd","10:30:52",6025300
13100,250,200,"sd","10:31:01",6025500
13100,250,800,"sd","10:31:03",6026300
13100,250,4100,"sd","10:31:21",6030400
13100,250,500,"bu","10:31:37",6030900
13100,250,4000,"sd","10:31:43",6034900
13100,250,100,"sd","10:31:45",6035000
13100,250,5000,"sd","10:32:02",6040000
13100,250,2600,"bu","10:32:06",6042600
13100,250,2000,"sd","10:32:07",6044600
13100,250,600,"bu","10:33:28",6045200
13100,250,1000,"bu","10:33:52",6046200
13100,250,1000,"bu","10:34:02",6047200
13100,250,300,"bu","10:34:34",6047500
13100,250,72900,"sd","10:35:08",6120400
13100,250,9000,"bu","10:35:18",6129400
13100,250,500,"sd","10:35:21",6129900
13100,250,1000,"sd","10:35:22",6130900
13100,250,1400,"sd","10:35:30",6132300
13100,250,100,"sd","10:35:34",6132400
13100,250,17200,"bu","10:36:12",6149600
13100,250,5000,"sd","10:36:40",6154600
13100,250,3800,"sd","10:36:53",6158400
13100,250,1200,"sd","10:36:55",6159600
13100,250,100,"bu","10:37:23",6159700
13100,250,65600,"sd","10:37:44",6225300
13100,250,1000,"bu","10:37:51",6226300
13100,250,2000,"bu","10:38:07",6228300
13100,250,100,"bu","10:38:16",6228400
13100,250,5000,"bu","10:38:18",6233400
13100,250,200,"sd","10:38:34",6233600
13100,250,5000,"bu","10:38:57",6238600
13100,250,1900,"bu","10:39:05",6240500
13100,250,400,"bu","10:39:23",6240900
13100,250,10000,"bu","10:39:31",6250900
13100,250,200,"sd","10:39:42",6251100
13100,250,3000,"sd","10:39:44",6254100
13100,250,10000,"bu","10:40:06",6264100
13100,250,700,"sd","10:40:10",6264800
13100,250,1000,"sd","10:40:22",6265800
13100,250,3000,"bu","10:40:40",6268800
13100,250,2500,"bu","10:40:44",6271300
13100,250,11000,"bu","10:40:53",6282300
13100,250,2000,"sd","10:41:16",6284300
13100,250,1000,"bu","10:41:19",6285300
13100,250,100,"sd","10:41:26",6285400
13100,250,5000,"sd","10:41:50",6290400
13100,250,20000,"sd","10:42:04",6310400
13100,250,4800,"sd","10:42:06",6315200
13150,300,100000,"bu","10:42:08",6415200
13150,300,100000,"sd","10:42:14",6515200
13150,300,52000,"bu","10:43:18",6567200
13150,300,3000,"bu","10:43:22",6570200
13150,300,200,"sd","10:43:26",6570400
13150,300,800,"bu","10:43:35",6571200
13150,300,300,"sd","10:43:40",6571500
13150,300,2000,"bu","10:43:59",6573500
13200,350,443200,"bu","10:44:09",7016700
13200,350,300,"sd","10:44:11",7017000
13200,350,500,"bu","10:44:37",7017500
13200,350,1100,"bu","10:44:51",7018600
13200,350,100,"bu","10:44:54",7018700
13200,350,500,"sd","10:45:01",7019200
13200,350,5000,"sd","10:45:09",7024200
13200,350,1000,"sd","10:45:20",7025200
13200,350,50000,"sd","10:45:32",7075200
13200,350,100,"bu","10:45:38",7075300
13200,350,300,"sd","10:45:39",7075600
13200,350,400,"sd","10:45:41",7076000
13250,400,500,"sd","10:45:53",7076500
13200,350,5000,"bu","10:45:58",7081500
13200,350,300,"sd","10:46:10",7081800
13200,350,1000,"bu","10:46:34",7082800
13200,350,5000,"bu","10:46:41",7087800
13200,350,1000,"bu","10:46:43",7088800
13200,350,6000,"bu","10:46:57",7094800
13200,350,800,"bu","10:47:47",7095600
13150,300,100,"bu","10:47:56",7095700
13150,300,1500,"bu","10:48:05",7097200
13200,350,22700,"bu","10:48:21",7119900
13200,350,900,"bu","10:49:20",7120800
13150,300,1000,"bu","10:50:39",7121800
13200,350,15000,"sd","10:52:30",7136800
13150,300,66600,"bu","10:53:04",7203400
13150,300,2000,"bu","10:53:18",7205400
13150,300,1500,"sd","10:53:30",7206900
13150,300,1000,"bu","10:53:34",7207900
13150,300,2800,"sd","10:53:50",7210700
13150,300,5000,"sd","10:54:03",7215700
13150,300,200,"bu","10:54:09",7215900
13150,300,400,"sd","10:54:13",7216300
13150,300,1600,"sd","10:54:29",7217900
13150,300,600,"sd","10:55:06",7218500
13150,300,100,"sd","10:55:07",7218600
13150,300,600,"sd","10:55:27",7219200
13100,250,200,"bu","10:55:33",7219400
13150,300,1700,"sd","10:57:45",7221100
13150,300,1800,"sd","10:59:16",7222900
13150,300,56900,"sd","10:59:32",7279800
13150,300,2000,"sd","10:59:40",7281800
13150,300,600,"bu","11:00:18",7282400
13150,300,100,"sd","11:00:42",7282500
13150,300,29000,"bu","11:01:29",7311500
13150,300,1000,"sd","11:01:30",7312500
13150,300,132000,"bu","11:01:34",7444500
13150,300,900,"sd","11:01:54",7445400
13150,300,100,"sd","11:02:04",7445500
13150,300,200,"bu","11:02:08",7445700
13150,300,5000,"sd","11:02:18",7450700
13150,300,1000,"bu","11:02:28",7451700
13150,300,1500,"bu","11:02:33",7453200
13150,300,1000,"bu","11:02:43",7454200
13150,300,5000,"bu","11:03:09",7459200
13150,300,2000,"sd","11:03:10",7461200
13150,300,300,"sd","11:03:28",7461500
13150,300,2000,"bu","11:03:32",7463500
13150,300,200,"sd","11:04:12",7463700
13150,300,5000,"sd","11:04:46",7468700
13150,300,1000,"sd","11:04:56",7469700
13150,300,1500,"sd","11:05:36",7471200
13150,300,2000,"bu","11:06:21",7473200
13150,300,500,"bu","11:06:25",7473700
13150,300,14700,"sd","11:06:30",7488400
13150,300,1000,"bu","11:06:32",7489400
13150,300,3100,"bu","11:06:48",7492500
13200,350,1000,"bu","11:07:08",7493500
13150,300,5100,"bu","11:07:28",7498600
13150,300,10000,"sd","11:07:29",7508600
13150,300,5000,"bu","11:08:17",7513600
13150,300,1000,"sd","11:08:30",7514600
13150,300,5000,"sd","11:08:37",7519600
13150,300,5000,"bu","11:08:41",7524600
13150,300,10900,"sd","11:08:44",7535500
13150,300,200,"sd","11:08:46",7535700
13150,300,4000,"bu","11:08:47",7539700
13150,300,5100,"bu","11:08:49",7544800
13150,300,31600,"bu","11:12:14",7576400
13150,300,8000,"sd","11:12:33",7584400
13100,250,200,"bu","11:12:58",7584600
13150,300,500,"bu","11:13:20",7585100
13150,300,8000,"sd","11:13:34",7593100
13150,300,300,"bu","11:15:30",7593400
13150,300,1800,"bu","11:15:41",7595200
13150,300,7000,"sd","11:15:55",7602200
13150,300,3000,"sd","11:15:56",7605200
13150,300,500,"sd","11:16:15",7605700
13150,300,1200,"sd","11:16:28",7606900
13100,250,100,"sd","11:18:29",7607000
13100,250,800,"sd","11:19:01",7607800
13100,250,2000,"bu","11:19:13",7609800
13100,250,50000,"bu","11:19:17",7659800
13100,250,500,"bu","11:19:38",7660300
13100,250,5600,"bu","11:20:02",7665900
13100,250,3000,"bu","11:20:10",7668900
13100,250,200,"bu","11:20:24",7669100
13100,250,500,"bu","11:20:30",7669600
13100,250,5000,"sd","11:20:57",7674600
13100,250,1000,"bu","11:21:06",7675600
13100,250,5000,"bu","11:21:22",7680600
13100,250,1000,"sd","11:21:37",7681600
13100,250,6500,"sd","11:22:09",7688100
13100,250,3000,"bu","11:22:43",7691100
13100,250,5000,"sd","11:22:52",7696100
13100,250,5000,"sd","11:23:41",7701100
13100,250,300,"sd","11:23:52",7701400
13100,250,200,"bu","11:24:00",7701600
13100,250,500,"sd","11:24:23",7702100
13100,250,1300,"bu","11:24:35",7703400
13100,250,35000,"sd","11:24:48",7738400
13100,250,300,"bu","11:24:56",7738700
13100,250,5000,"bu","11:24:58",7743700
13100,250,7100,"bu","11:24:59",7750800
13100,250,6300,"sd","11:25:01",7757100
13100,250,900,"sd","11:25:10",7758000
13100,250,2400,"sd","11:25:17",7760400
13100,250,3200,"sd","11:25:19",7763600
13100,250,300,"bu","11:25:47",7763900
13100,250,5800,"sd","11:26:02",7769700
13100,250,2000,"bu","11:26:32",7771700
13100,250,100,"bu","11:26:38",7771800
13100,250,1000,"sd","11:27:25",7772800
13100,250,10000,"sd","11:28:11",7782800
13100,250,5300,"sd","11:28:12",7788100
13100,250,5000,"bu","11:28:46",7793100
13100,250,300,"bu","11:28:48",7793400
13150,300,2200,"bu","11:29:02",7795600
13100,250,1000,"bu","11:29:05",7796600
13100,250,100,"bu","11:29:10",7796700
13100,250,12000,"sd","11:29:41",7808700
13100,250,300,"bu","11:29:46",7809000
13100,250,500,"sd","13:00:29",7809500
13100,250,1700,"bu","13:00:30",7811200
13100,250,400,"bu","13:00:35",7811600
13050,200,1200,"sd","13:00:38",7812800
13100,250,1800,"bu","13:00:44",7814600
13100,250,1000,"sd","13:00:49",7815600
13050,200,1700,"bu","13:00:54",7817300
13100,250,500,"sd","13:00:59",7817800
13150,300,29900,"sd","13:01:01",7847700
13050,200,200,"bu","13:01:03",7847900
13100,250,100,"sd","13:01:06",7848000
13050,200,300,"bu","13:01:16",7848300
13100,250,3000,"bu","13:01:17",7851300
13050,200,200,"sd","13:01:18",7851500
13100,250,1000,"bu","13:01:24",7852500
13050,200,50000,"sd","13:01:25",7902500
13050,200,2000,"sd","13:01:28",7904500
13050,200,10200,"bu","13:01:29",7914700
13050,200,1200,"sd","13:01:36",7915900
13100,250,59600,"sd","13:01:38",7975500
13100,250,2200,"sd","13:01:53",7977700
13100,250,1200,"bu","13:01:54",7978900
13100,250,37300,"sd","13:02:06",8016200
13100,250,23400,"bu","13:02:19",8039600
13100,250,2000,"sd","13:02:25",8041600
13100,250,20100,"sd","13:02:29",8061700
13100,250,100,"bu","13:02:32",8061800
13100,250,400,"bu","13:02:39",8062200
13100,250,200,"sd","13:02:57",8062400
13100,250,17200,"sd","13:03:08",8079600
13100,250,6000,"sd","13:03:14",8085600
13100,250,300,"sd","13:03:15",8085900
13100,250,8000,"bu","13:03:19",8093900
13100,250,500,"bu","13:03:20",8094400
13100,250,13300,"bu","13:03:26",8107700
13100,250,3000,"sd","13:03:29",8110700
13100,250,5000,"sd","13:03:31",8115700
13100,250,2600,"bu","13:03:34",8118300
13100,250,100,"sd","13:03:43",8118400
13100,250,3000,"sd","13:03:49",8121400
13100,250,1000,"sd","13:04:06",8122400
13100,250,100,"sd","13:04:19",8122500
13100,250,1000,"bu","13:04:25",8123500
13050,200,200,"bu","13:04:39",8123700
13100,250,100200,"bu","13:05:08",8223900
13100,250,78300,"bu","13:05:11",8302200
13100,250,200,"sd","13:05:12",8302400
13100,250,100,"bu","13:05:39",8302500
13100,250,200,"bu","13:05:44",8302700
13100,250,10600,"bu","13:06:04",8313300
13100,250,500,"bu","13:06:07",8313800
13100,250,12000,"bu","13:06:20",8325800
13100,250,1500,"sd","13:06:21",8327300
13100,250,100,"sd","13:06:30",8327400
13100,250,500,"bu","13:06:52",8327900
13100,250,4600,"sd","13:06:55",8332500
13050,200,300,"sd","13:07:08",8332800
13050,200,700,"sd","13:07:24",8333500
13100,250,100000,"sd","13:07:43",8433500
13100,250,36000,"sd","13:07:50",8469500
13100,250,1800,"bu","13:07:51",8471300
13100,250,5700,"bu","13:07:58",8477000
13100,250,51400,"bu","13:08:03",8528400
13100,250,500,"sd","13:08:09",8528900
13100,250,100,"bu","13:08:11",8529000
13100,250,16800,"bu","13:08:12",8545800
13100,250,3000,"sd","13:08:14",8548800
13100,250,300,"bu","13:08:20",8549100
13100,250,10000,"bu","13:08:25",8559100
13100,250,5000,"bu","13:08:34",8564100
13100,250,13100,"bu","13:08:42",8577200
13100,250,100,"bu","13:08:44",8577300
13100,250,1000,"bu","13:09:09",8578300
13100,250,100000,"bu","13:09:11",8678300
13100,250,100,"sd","13:09:13",8678400
13100,250,500,"bu","13:09:43",8678900
13100,250,41200,"bu","13:10:15",8720100
13100,250,100,"sd","13:10:17",8720200
13100,250,1800,"sd","13:10:21",8722000
13100,250,500,"bu","13:10:24",8722500
13100,250,1300,"sd","13:10:28",8723800
13100,250,500,"bu","13:10:29",8724300
13100,250,66300,"bu","13:11:00",8790600
13100,250,3500,"bu","13:11:05",8794100
13100,250,1800,"bu","13:11:15",8795900
13100,250,300,"sd","13:11:19",8796200
13100,250,1000,"sd","13:11:49",8797200
13100,250,100,"bu","13:11:51",8797300
13100,250,5000,"bu","13:11:57",8802300
13100,250,97100,"sd","13:12:03",8899400
13100,250,2900,"bu","13:12:08",8902300
13100,250,1700,"sd","13:12:15",8904000
13050,200,200,"bu","13:12:16",8904200
13100,250,500,"sd","13:12:31",8904700
13050,200,100,"sd","13:12:38",8904800
13100,250,16000,"bu","13:12:41",8920800
13100,250,1500,"bu","13:12:54",8922300
13100,250,100,"sd","13:13:05",8922400
13100,250,2000,"bu","13:13:13",8924400
13100,250,900,"bu","13:13:16",8925300
13100,250,2000,"sd","13:13:25",8927300
13100,250,2000,"sd","13:13:28",8929300
13100,250,5000,"bu","13:13:35",8934300
13100,250,500,"bu","13:13:40",8934800
13100,250,600,"bu","13:13:49",8935400
13100,250,100,"sd","13:13:59",8935500
13100,250,4000,"sd","13:14:02",8939500
13100,250,1500,"bu","13:14:17",8941000
13100,250,10000,"sd","13:14:28",8951000
13100,250,100,"sd","13:14:40",8951100
13100,250,200,"bu","13:14:47",8951300
13100,250,10000,"sd","13:15:12",8961300
13100,250,20000,"sd","13:15:40",8981300
13100,250,200,"sd","13:15:43",8981500
13100,250,10300,"sd","13:15:45",8991800
13050,200,5000,"bu","13:16:18",8996800
13050,200,200,"bu","13:16:53",8997000
13100,250,9800,"bu","13:17:01",9006800
13100,250,500,"sd","13:17:12",9007300
13100,250,1700,"sd","13:17:21",9009000
13150,300,344200,"sd","13:17:27",9353200
13150,300,4100,"sd","13:17:32",9357300
13150,300,10000,"bu","13:17:37",9367300
13150,300,1000,"bu","13:17:55",9368300
13150,300,100,"bu","13:17:58",9368400
13150,300,1000,"bu","13:18:08",9369400
13150,300,100,"sd","13:18:09",9369500
13150,300,200,"bu","13:18:14",9369700
13150,300,11900,"bu","13:18:19",9381600
13150,300,100,"bu","13:18:24",9381700
13150,300,400,"bu","13:18:34",9382100
13150,300,100,"sd","13:18:35",9382200
13150,300,1200,"bu","13:18:38",9383400
13150,300,1400,"bu","13:18:40",9384800
13150,300,500,"bu","13:18:46",9385300
13150,300,4000,"bu","13:18:52",9389300
13150,300,20000,"sd","13:19:02",9409300
13150,300,400,"sd","13:19:07",9409700
13150,300,1300,"sd","13:19:09",9411000
13150,300,1200,"bu","13:19:11",9412200
13150,300,24900,"sd","13:19:19",9437100
13150,300,5000,"bu","13:19:21",9442100
13150,300,500,"sd","13:19:24",9442600
13150,300,5900,"sd","13:19:30",9448500
13150,300,100,"bu","13:19:32",9448600
13150,300,600,"bu","13:19:37",9449200
13150,300,1500,"bu","13:19:46",9450700
13150,300,500,"sd","13:19:47",9451200
13150,300,100,"sd","13:19:49",9451300
13150,300,50000,"bu","13:19:51",9501300
13150,300,1000,"sd","13:20:01",9502300
13150,300,1500,"bu","13:20:27",9503800
13150,300,1000,"bu","13:20:45",9504800
13150,300,100,"sd","13:20:52",9504900
13200,350,5100,"sd","13:20:53",9510000
13150,300,100,"bu","13:20:55",9510100
13150,300,30000,"bu","13:20:57",9540100
13200,350,3200,"bu","13:21:10",9543300
13150,300,3000,"sd","13:21:14",9546300
13200,350,6800,"bu","13:21:19",9553100
13200,350,500,"sd","13:21:29",9553600
13200,350,3200,"bu","13:21:30",9556800
13150,300,4600,"sd","13:21:41",9561400
13200,350,7400,"sd","13:21:51",9568800
13150,300,400,"bu","13:22:15",9569200
13150,300,20000,"bu","13:22:21",9589200
13150,300,100,"bu","13:22:51",9589300
13150,300,300,"sd","13:23:01",9589600
13150,300,500,"bu","13:23:02",9590100
13150,300,2000,"sd","13:23:19",9592100
13150,300,100,"sd","13:23:43",9592200
13150,300,5900,"sd","13:23:56",9598100
13150,300,2300,"sd","13:23:58",9600400
13150,300,2700,"sd","13:24:00",9603100
13150,300,30000,"sd","13:24:07",9633100
13150,300,400,"sd","13:24:10",9633500
13150,300,200,"bu","13:24:20",9633700
13150,300,600,"sd","13:24:24",9634300
13200,350,569000,"sd","13:24:34",10203300
13200,350,30000,"sd","13:24:37",10233300
13200,350,3500,"sd","13:24:39",10236800
13200,350,100,"bu","13:24:42",10236900
13200,350,900,"bu","13:24:53",10237800
13200,350,1700,"sd","13:24:54",10239500
13200,350,1500,"bu","13:24:56",10241000
13250,400,300,"sd","13:24:57",10241300
13200,350,500,"bu","13:25:02",10241800
13200,350,3500,"sd","13:25:03",10245300
13200,350,2000,"sd","13:25:12",10247300
13200,350,100,"bu","13:25:17",10247400
13200,350,5000,"bu","13:25:21",10252400
13200,350,1000,"sd","13:25:26",10253400
13200,350,300,"bu","13:25:32",10253700
13200,350,5100,"sd","13:25:34",10258800
13200,350,200,"sd","13:25:36",10259000
13200,350,2000,"bu","13:26:05",10261000
13200,350,16000,"bu","13:26:11",10277000
13200,350,100,"sd","13:26:13",10277100
13200,350,4100,"sd","13:26:20",10281200
13200,350,11000,"sd","13:26:25",10292200
13200,350,100,"bu","13:26:37",10292300
13200,350,5200,"sd","13:26:40",10297500
13200,350,10000,"sd","13:26:45",10307500
13200,350,200,"bu","13:26:47",10307700
13200,350,500,"bu","13:27:01",10308200
13200,350,2300,"bu","13:27:02",10310500
13200,350,100,"bu","13:27:04",10310600
13200,350,1000,"bu","13:27:09",10311600
13200,350,11000,"sd","13:27:15",10322600
13200,350,300,"sd","13:27:23",10322900
13200,350,5000,"bu","13:27:30",10327900
13200,350,3200,"sd","13:27:31",10331100
13200,350,1000,"sd","13:27:38",10332100
13200,350,56000,"bu","13:27:43",10388100
13200,350,5000,"bu","13:27:48",10393100
13200,350,200,"bu","13:27:52",10393300
13200,350,400,"bu","13:27:53",10393700
13200,350,2000,"sd","13:27:59",10395700
13200,350,47600,"sd","13:28:02",10443300
13200,350,31000,"bu","13:28:04",10474300
13200,350,700,"sd","13:28:16",10475000
13200,350,6000,"sd","13:28:20",10481000
13200,350,20000,"sd","13:28:23",10501000
13200,350,1400,"sd","13:28:32",10502400
13200,350,1000,"bu","13:28:34",10503400
13200,350,4000,"bu","13:28:52",10507400
13200,350,2000,"bu","13:29:06",10509400
13150,300,100,"bu","13:29:24",10509500
13200,350,37200,"sd","13:29:34",10546700
13200,350,200,"bu","13:30:15",10546900
13200,350,27400,"bu","13:30:36",10574300
13200,350,1800,"sd","13:30:37",10576100
13200,350,8200,"bu","13:30:41",10584300
13200,350,500,"sd","13:30:44",10584800
13200,350,6100,"bu","13:30:46",10590900
13200,350,200,"sd","13:30:53",10591100
13200,350,10700,"sd","13:30:57",10601800
13200,350,400,"bu","13:30:58",10602200
13200,350,1000,"sd","13:31:02",10603200
13200,350,600,"sd","13:31:08",10603800
13200,350,5000,"sd","13:31:10",10608800
13200,350,2900,"bu","13:31:15",10611700
13200,350,100,"bu","13:31:17",10611800
13200,350,5500,"sd","13:31:21",10617300
13200,350,1400,"bu","13:31:26",10618700
13200,350,5000,"bu","13:31:28",10623700
13200,350,100,"sd","13:31:32",10623800
13200,350,300,"sd","13:31:39",10624100
13200,350,2500,"sd","13:31:48",10626600
13200,350,4000,"sd","13:31:59",10630600
13200,350,500,"sd","13:32:00",10631100
13200,350,2200,"bu","13:32:17",10633300
13200,350,5000,"sd","13:32:33",10638300
13200,350,300,"bu","13:32:35",10638600
13200,350,100,"bu","13:32:44",10638700
13200,350,2000,"sd","13:32:51",10640700
13200,350,10600,"bu","13:33:01",10651300
13200,350,100,"sd","13:33:12",10651400
13200,350,8600,"sd","13:33:20",10660000
13200,350,800,"bu","13:33:21",10660800
13200,350,1000,"sd","13:33:23",10661800
13200,350,41800,"sd","13:33:38",10703600
13200,350,8100,"sd","13:34:54",10711700
13200,350,6600,"sd","13:35:19",10718300
13200,350,1600,"sd","13:36:54",10719900
13150,300,100,"bu","13:37:18",10720000
13150,300,1000,"bu","13:37:29",10721000
13150,300,800,"sd","13:37:45",10721800
13150,300,1000,"sd","13:37:59",10722800
13150,300,3000,"sd","13:38:16",10725800
13150,300,13300,"sd","13:39:06",10739100
13150,300,1000,"sd","13:39:32",10740100
13150,300,300,"sd","13:39:49",10740400
13150,300,100,"sd","13:39:51",10740500
13150,300,1100,"bu","13:39:53",10741600
13150,300,200,"bu","13:40:03",10741800
13150,300,2000,"sd","13:40:09",10743800
13150,300,500,"bu","13:40:25",10744300
13150,300,100,"sd","13:40:36",10744400
13200,350,210000,"bu","13:40:40",10954400
13200,350,4000,"sd","13:40:57",10958400
13200,350,66300,"sd","13:41:10",11024700
13200,350,1200,"bu","13:41:21",11025900
13200,350,6000,"bu","13:41:36",11031900
13200,350,1000,"sd","13:41:50",11032900
13200,350,400,"bu","13:41:52",11033300
13200,350,100,"sd","13:41:54",11033400
13200,350,11100,"sd","13:42:11",11044500
13200,350,1500,"bu","13:42:16",11046000
13200,350,1000,"sd","13:42:20",11047000
13200,350,12100,"sd","13:42:35",11059100
13200,350,30000,"sd","13:42:39",11089100
13200,350,15000,"bu","13:42:45",11104100
13150,300,100,"sd","13:42:57",11104200
13200,350,300,"bu","13:43:03",11104500
13150,300,1000,"bu","13:43:21",11105500
13200,350,19000,"bu","13:43:24",11124500
13200,350,76600,"bu","13:43:32",11201100
13200,350,300,"bu","13:43:36",11201400
13200,350,300,"bu","13:43:50",11201700
13200,350,1000,"bu","13:43:53",11202700
13200,350,100,"sd","13:43:54",11202800
13200,350,1000,"sd","13:44:00",11203800
13200,350,3500,"bu","13:44:02",11207300
13200,350,100,"bu","13:44:11",11207400
13200,350,5000,"bu","13:44:13",11212400
13200,350,1000,"sd","13:44:15",11213400
13200,350,3000,"bu","13:44:33",11216400
13200,350,1000,"sd","13:44:36",11217400
13200,350,1500,"sd","13:44:44",11218900
13200,350,15000,"sd","13:44:47",11233900
13200,350,15800,"sd","13:44:51",11249700
13200,350,1000,"sd","13:45:04",11250700
13200,350,40500,"sd","13:45:08",11291200
13200,350,2000,"sd","13:45:12",11293200
13200,350,100,"sd","13:45:21",11293300
13200,350,500,"bu","13:45:36",11293800
13200,350,1500,"sd","13:45:38",11295300
13200,350,1300,"bu","13:45:40",11296600
13250,400,200,"sd","13:45:41",11296800
13200,350,1200,"bu","13:45:45",11298000
13200,350,200,"bu","13:45:51",11298200
13200,350,1000,"sd","13:46:03",11299200
13200,350,14000,"sd","13:46:07",11313200
13200,350,1200,"sd","13:46:26",11314400
13200,350,300,"sd","13:46:34",11314700
13200,350,3900,"bu","13:46:38",11318600
13200,350,500,"bu","13:46:49",11319100
13200,350,1000,"sd","13:46:51",11320100
13200,350,400,"bu","13:46:56",11320500
13200,350,6400,"bu","13:47:11",11326900
13200,350,3000,"bu","13:47:15",11329900
13200,350,75000,"bu","13:47:16",11404900
13200,350,600,"bu","13:47:18",11405500
13250,400,1500,"sd","13:47:22",11407000
13200,350,5100,"bu","13:47:26",11412100
13200,350,28100,"sd","13:47:28",11440200
13200,350,500,"bu","13:47:33",11440700
13200,350,24700,"sd","13:47:47",11465400
13200,350,100,"bu","13:47:50",11465500
13200,350,50200,"bu","13:47:54",11515700
13200,350,400,"bu","13:48:00",11516100
13200,350,700,"sd","13:48:27",11516800
13200,350,5000,"sd","13:48:29",11521800
13200,350,44600,"bu","13:48:33",11566400
13200,350,5000,"sd","13:48:36",11571400
13200,350,700,"sd","13:48:45",11572100
13200,350,5000,"sd","13:48:56",11577100
13200,350,10000,"bu","13:49:18",11587100
13200,350,2400,"bu","13:49:29",11589500
13200,350,2000,"sd","13:49:41",11591500
13200,350,1000,"sd","13:50:01",11592500
13200,350,83400,"bu","13:50:22",11675900
13200,350,50000,"sd","13:50:46",11725900
13200,350,100,"sd","13:50:48",11726000
13200,350,10000,"sd","13:50:50",11736000
13200,350,500,"bu","13:50:52",11736500
13200,350,1300,"bu","13:51:00",11737800
13200,350,100,"sd","13:51:04",11737900
13200,350,4600,"sd","13:51:09",11742500
13200,350,1800,"sd","13:51:28",11744300
13200,350,5000,"bu","13:51:37",11749300
13200,350,800,"sd","13:51:51",11750100
13200,350,20000,"sd","13:52:04",11770100
13150,300,2500,"sd","13:52:09",11772600
13150,300,100,"sd","13:52:55",11772700
13200,350,2000,"bu","13:53:30",11774700
13150,300,100,"bu","13:54:28",11774800
13200,350,112300,"bu","13:54:34",11887100
13200,350,1000,"bu","13:54:36",11888100
13200,350,100,"bu","13:54:41",11888200
13200,350,15000,"sd","13:54:50",11903200
13200,350,1000,"sd","13:54:52",11904200
13200,350,1700,"sd","13:54:56",11905900
13200,350,5000,"bu","13:54:58",11910900
13200,350,10000,"sd","13:55:00",11920900
13200,350,12000,"bu","13:55:20",11932900
13200,350,2000,"sd","13:55:22",11934900
13200,350,1000,"sd","13:55:24",11935900
13200,350,1100,"bu","13:55:34",11937000
13200,350,10000,"bu","13:55:38",11947000
13200,350,20000,"bu","13:55:40",11967000
13200,350,700,"bu","13:55:41",11967700
13200,350,500,"sd","13:55:45",11968200
13200,350,100,"bu","13:55:49",11968300
13200,350,1000,"sd","13:55:51",11969300
13200,350,5500,"bu","13:56:06",11974800
13200,350,2000,"bu","13:56:09",11976800
13200,350,1100,"sd","13:56:12",11977900
13200,350,3000,"sd","13:56:14",11980900
13200,350,1000,"sd","13:56:15",11981900
13200,350,1500,"sd","13:56:17",11983400
13200,350,300,"bu","13:56:19",11983700
13200,350,3400,"sd","13:56:21",11987100
13200,350,300,"bu","13:56:28",11987400
13200,350,7000,"sd","13:57:25",11994400
13200,350,300,"bu","13:57:27",11994700
13200,350,100,"sd","13:57:54",11994800
13200,350,20100,"sd","13:58:09",12014900
13200,350,1000,"sd","13:58:17",12015900
13200,350,110900,"bu","13:58:27",12126800
13250,400,400,"sd","13:58:29",12127200
13200,350,1000,"bu","13:58:35",12128200
13200,350,1600,"sd","13:58:50",12129800
13200,350,5000,"bu","13:58:55",12134800
13200,350,300,"bu","13:59:05",12135100
13200,350,1700,"bu","13:59:10",12136800
13200,350,100,"sd","13:59:18",12136900
13200,350,1000,"bu","13:59:27",12137900
13200,350,200,"bu","13:59:31",12138100
13200,350,7500,"bu","13:59:33",12145600
13200,350,2500,"sd","13:59:45",12148100
13200,350,100,"sd","13:59:54",12148200
13200,350,500,"sd","13:59:56",12148700
13200,350,300,"bu","13:59:58",12149000
13200,350,3800,"bu","14:00:06",12152800
13200,350,10000,"bu","14:00:08",12162800
13200,350,1000,"bu","14:00:12",12163800
13200,350,3000,"sd","14:00:31",12166800
13200,350,200,"bu","14:00:35",12167000
13200,350,10000,"sd","14:00:40",12177000
13200,350,300,"sd","14:00:42",12177300
13200,350,1200,"bu","14:00:48",12178500
13200,350,300,"sd","14:00:50",12178800
13200,350,500,"bu","14:00:56",12179300
13200,350,800,"bu","14:01:01",12180100
13200,350,3500,"bu","14:01:25",12183600
13200,350,1500,"sd","14:01:28",12185100
13200,350,3000,"sd","14:01:32",12188100
13200,350,2000,"bu","14:01:40",12190100
13200,350,30500,"sd","14:01:42",12220600
13200,350,400,"sd","14:01:46",12221000
13200,350,100,"sd","14:01:51",12221100
13200,350,55000,"sd","14:01:53",12276100
13200,350,6000,"bu","14:01:57",12282100
13200,350,2100,"sd","14:01:59",12284200
13200,350,100,"sd","14:02:04",12284300
13200,350,7200,"sd","14:02:06",12291500
13200,350,2000,"bu","14:02:10",12293500
13200,350,5200,"bu","14:02:12",12298700
13200,350,100,"sd","14:02:14",12298800
13200,350,2900,"sd","14:02:32",12301700
13200,350,100,"sd","14:02:34",12301800
13200,350,1700,"bu","14:02:44",12303500
13200,350,800,"sd","14:03:15",12304300
13200,350,3000,"sd","14:03:21",12307300
13200,350,25000,"sd","14:03:27",12332300
13200,350,20900,"sd","14:03:33",12353200
13250,400,1400,"sd","14:04:05",12354600
13200,350,1000,"bu","14:04:08",12355600
13200,350,1100,"bu","14:04:22",12356700
13200,350,1700,"sd","14:04:41",12358400
13200,350,400,"sd","14:04:50",12358800
13200,350,1800,"bu","14:05:02",12360600
13200,350,200,"bu","14:05:04",12360800
13200,350,100,"sd","14:05:11",12360900
13200,350,10000,"bu","14:05:29",12370900
13200,350,1200,"sd","14:05:36",12372100
13200,350,500,"sd","14:05:45",12372600
13200,350,2000,"bu","14:06:02",12374600
13200,350,5000,"bu","14:06:04",12379600
13200,350,100,"bu","14:06:09",12379700
13200,350,100000,"bu","14:06:16",12479700
13250,400,5000,"bu","14:06:20",12484700
13200,350,100,"bu","14:06:22",12484800
13200,350,1000,"bu","14:06:24",12485800
13200,350,400,"sd","14:06:35",12486200
13200,350,500,"bu","14:06:43",12486700
13200,350,7000,"bu","14:06:47",12493700
13250,400,1500,"bu","14:06:57",12495200
13250,400,26600,"bu","14:07:06",12521800
13200,350,400,"bu","14:07:09",12522200
13250,400,4800,"sd","14:07:16",12527000
13200,350,1100,"bu","14:07:21",12528100
13200,350,500,"bu","14:07:32",12528600
13200,350,200,"bu","14:07:41",12528800
13200,350,100000,"sd","14:07:49",12628800
13250,400,100,"bu","14:08:03",12628900
13250,400,2900,"sd","14:08:22",12631800
13250,400,100,"bu","14:08:24",12631900
13250,400,2000,"bu","14:08:28",12633900
13200,350,500,"sd","14:08:36",12634400
13250,400,10000,"bu","14:08:41",12644400
13250,400,5000,"bu","14:08:56",12649400
13250,400,500000,"sd","14:08:58",13149400
13250,400,5000,"sd","14:09:03",13154400
13250,400,10000,"sd","14:09:05",13164400
13250,400,10000,"bu","14:09:08",13174400
13250,400,110000,"sd","14:09:10",13284400
13250,400,12800,"sd","14:09:13",13297200
13250,400,300,"sd","14:09:20",13297500
13250,400,5000,"bu","14:09:29",13302500
13250,400,500,"bu","14:09:34",13303000
13250,400,8000,"sd","14:09:37",13311000
13300,450,10000,"sd","14:09:49",13321000
13300,450,2000,"sd","14:10:03",13323000
13300,450,10000,"bu","14:10:12",13333000
13300,450,32500,"sd","14:10:19",13365500
13300,450,40000,"sd","14:10:21",13405500
13300,450,56000,"sd","14:10:36",13461500
13300,450,15000,"bu","14:10:39",13476500
13300,450,9200,"sd","14:10:41",13485700
13300,450,66700,"bu","14:10:43",13552400
13300,450,18000,"sd","14:10:45",13570400
13300,450,6300,"sd","14:10:47",13576700
13300,450,11200,"sd","14:10:50",13587900
13300,450,151600,"bu","14:10:52",13739500
13300,450,137400,"sd","14:10:55",13876900
13300,450,130700,"sd","14:10:57",14007600
13300,450,10000,"bu","14:11:00",14017600
13350,500,28900,"sd","14:11:02",14046500
13300,450,200,"bu","14:11:04",14046700
13350,500,100,"bu","14:11:09",14046800
13300,450,700,"sd","14:11:11",14047500
13300,450,1200,"bu","14:11:17",14048700
13350,500,6000,"sd","14:11:19",14054700
13350,500,10000,"bu","14:11:26",14064700
13350,500,14100,"sd","14:11:28",14078800
13350,500,50200,"sd","14:11:31",14129000
13350,500,34000,"bu","14:11:33",14163000
13350,500,200,"sd","14:11:36",14163200
13350,500,5200,"bu","14:11:40",14168400
13350,500,15400,"bu","14:11:42",14183800
13350,500,7000,"bu","14:11:45",14190800
13350,500,1500,"bu","14:11:49",14192300
13350,500,55000,"bu","14:11:57",14247300
13350,500,10200,"sd","14:11:59",14257500
13350,500,9300,"bu","14:12:02",14266800
13350,500,30300,"bu","14:12:04",14297100
13350,500,30100,"bu","14:12:07",14327200
13350,500,18400,"sd","14:12:09",14345600
13350,500,100,"bu","14:12:14",14345700
13400,550,12100,"sd","14:12:17",14357800
13400,550,1000,"sd","14:12:32",14358800
13400,550,13100,"sd","14:12:37",14371900
13400,550,28400,"bu","14:12:42",14400300
13400,550,3500,"sd","14:12:46",14403800
13350,500,100,"sd","14:12:54",14403900
13400,550,4000,"bu","14:12:56",14407900
13350,500,1000,"sd","14:12:58",14408900
13400,550,5000,"sd","14:13:01",14413900
13400,550,3300,"bu","14:13:03",14417200
13350,500,2000,"bu","14:13:11",14419200
13350,500,2700,"sd","14:13:14",14421900
13350,500,5500,"bu","14:13:18",14427400
13350,500,30000,"sd","14:13:21",14457400
13350,500,8000,"bu","14:13:23",14465400
13350,500,5000,"bu","14:13:25",14470400
13350,500,17700,"sd","14:13:29",14488100
13400,550,1600,"bu","14:13:31",14489700
13350,500,1500,"bu","14:13:33",14491200
13400,550,44600,"bu","14:13:35",14535800
13350,500,36100,"sd","14:13:38",14571900
13300,450,4400,"bu","14:13:45",14576300
13350,500,9000,"sd","14:13:48",14585300
13350,500,1100,"bu","14:13:50",14586400
13350,500,1000,"sd","14:13:57",14587400
13350,500,5000,"sd","14:13:59",14592400
13350,500,4000,"bu","14:14:03",14596400
13300,450,1600,"sd","14:14:07",14598000
13300,450,200,"bu","14:14:10",14598200
13350,500,900,"sd","14:14:12",14599100
13300,450,100,"bu","14:14:16",14599200
13350,500,1100,"sd","14:14:26",14600300
13300,450,100,"sd","14:14:30",14600400
13350,500,24200,"sd","14:14:51",14624600
13350,500,500,"bu","14:14:58",14625100
13350,500,48600,"bu","14:15:02",14673700
13350,500,300,"bu","14:15:09",14674000
13350,500,2000,"bu","14:15:14",14676000
13350,500,20100,"sd","14:15:23",14696100
13350,500,10000,"sd","14:15:26",14706100
13350,500,300,"sd","14:15:28",14706400
13350,500,100,"bu","14:15:31",14706500
13350,500,55000,"sd","14:15:50",14761500
13350,500,2000,"bu","14:15:58",14763500
13350,500,1000,"bu","14:16:00",14764500
13350,500,300,"bu","14:16:03",14764800
13300,450,1200,"bu","14:16:09",14766000
13350,500,8000,"sd","14:16:14",14774000
13300,450,1500,"sd","14:16:17",14775500
13300,450,500,"sd","14:16:40",14776000
13300,450,1000,"sd","14:16:51",14777000
13350,500,1100,"sd","14:17:00",14778100
13350,500,3800,"sd","14:17:12",14781900
13350,500,500,"sd","14:17:30",14782400
13350,500,900,"sd","14:17:44",14783300
13300,450,1000,"sd","14:17:55",14784300
13300,450,4000,"sd","14:18:04",14788300
13350,500,100,"bu","14:18:09",14788400
13300,450,2000,"sd","14:18:11",14790400
13350,500,9100,"bu","14:18:22",14799500
13300,450,100,"sd","14:18:37",14799600
13300,450,700,"bu","14:19:05",14800300
13300,450,200,"bu","14:19:08",14800500
13300,450,100,"sd","14:19:19",14800600
13300,450,1000,"sd","14:19:22",14801600
13350,500,13100,"sd","14:19:29",14814700
13300,450,100,"bu","14:19:41",14814800
13300,450,15000,"sd","14:20:06",14829800
13300,450,100,"sd","14:20:11",14829900
13300,450,3000,"sd","14:20:16",14832900
13300,450,2500,"bu","14:20:19",14835400
13300,450,1500,"sd","14:20:21",14836900
13300,450,3000,"sd","14:20:24",14839900
13300,450,400,"bu","14:20:27",14840300
13350,500,10000,"sd","14:20:30",14850300
13300,450,8000,"bu","14:20:32",14858300
13350,500,30500,"bu","14:20:35",14888800
13300,450,26000,"bu","14:20:37",14914800
13350,500,100,"sd","14:20:42",14914900
13300,450,300,"sd","14:20:44",14915200
13300,450,6500,"sd","14:20:47",14921700
13300,450,2000,"bu","14:20:49",14923700
13300,450,5000,"bu","14:20:54",14928700
13300,450,2000,"sd","14:20:57",14930700
13300,450,200,"sd","14:21:07",14930900
13300,450,30000,"sd","14:21:10",14960900
13300,450,31100,"sd","14:21:12",14992000
13300,450,8300,"sd","14:21:15",15000300
13300,450,1400,"bu","14:21:17",15001700
13300,450,2200,"sd","14:21:20",15003900
13300,450,5100,"bu","14:21:22",15009000
13300,450,1300,"bu","14:21:47",15010300
13300,450,1500,"sd","14:21:58",15011800
13300,450,50000,"bu","14:22:11",15061800
13300,450,1000,"sd","14:22:13",15062800
13300,450,5000,"bu","14:22:16",15067800
13300,450,1000,"bu","14:22:23",15068800
13300,450,9500,"sd","14:22:28",15078300
13300,450,600,"sd","14:22:39",15078900
13300,450,1000,"sd","14:22:47",15079900
13300,450,8000,"sd","14:23:00",15087900
13300,450,6500,"sd","14:23:05",15094400
13300,450,500,"bu","14:23:07",15094900
13300,450,10600,"bu","14:23:15",15105500
13300,450,1600,"bu","14:23:17",15107100
13300,450,200,"bu","14:23:22",15107300
13300,450,500,"sd","14:23:28",15107800
13300,450,100,"sd","14:23:31",15107900
13300,450,900,"bu","14:23:36",15108800
13300,450,500,"bu","14:23:38",15109300
13300,450,2000,"bu","14:23:45",15111300
13300,450,20000,"bu","14:23:48",15131300
13300,450,4000,"sd","14:23:51",15135300
13300,450,500,"sd","14:23:53",15135800
13300,450,1000,"bu","14:23:55",15136800
13300,450,200,"bu","14:23:57",15137000
13300,450,1500,"sd","14:24:00",15138500
13300,450,3100,"sd","14:24:15",15141600
13300,450,12000,"bu","14:24:23",15153600
13250,400,300,"bu","14:24:36",15153900
13300,450,1900,"sd","14:24:43",15155800
13300,450,500,"bu","14:25:17",15156300
13250,400,1000,"bu","14:25:30",15157300
13300,450,600,"bu","14:25:51",15157900
13250,400,400,"sd","14:26:13",15158300
13300,450,5000,"sd","14:26:25",15163300
13300,450,100,"bu","14:27:07",15163400
13300,450,500,"sd","14:27:09",15163900
13300,450,600,"sd","14:27:12",15164500
13300,450,50000,"sd","14:27:51",15214500
13300,450,400,"bu","14:27:56",15214900
13250,400,300,"bu","14:27:58",15215200
13250,400,200,"bu","14:28:01",15215400
13250,400,5000,"sd","14:28:04",15220400
13300,450,9000,"bu","14:28:44",15229400
13300,450,5000,"bu","14:29:20",15234400
13250,400,1900,"sd","14:29:34",15236300
13250,400,2600,"sd","14:29:37",15238900
13250,400,5000,"bu","14:29:40",15243900
13250,400,1000,"sd","14:29:51",15244900
13350,500,754800,"bu","14:45:06",15999700
