"price","change","match_qtty","side","time","total_vol"
5120,-80,139000,"sd","09:15:06",139000
5140,-60,2500,"sd","09:15:15",141500
5140,-60,200,"sd","09:15:20",141700
5140,-60,5200,"sd","09:15:28",146900
5150,-50,1600,"bu","09:15:38",148500
5200,0,1400,"sd","09:15:38",149900
5190,-10,300,"sd","09:15:49",150200
5180,-20,1000,"bu","09:16:20",151200
5180,-20,16800,"sd","09:16:35",168000
5140,-60,18200,"sd","09:16:35",186200
5180,-20,200,"sd","09:17:04",186400
5160,-40,1000,"bu","09:17:13",187400
5160,-40,5200,"sd","09:18:16",192600
5160,-40,100,"sd","09:18:19",192700
5160,-40,5000,"bu","09:18:36",197700
5160,-40,900,"bu","09:18:42",198600
5160,-40,3900,"bu","09:18:52",202500
5180,-20,13000,"sd","09:18:54",215500
5180,-20,1000,"sd","09:19:00",216500
5190,-10,4900,"bu","09:19:07",221400
5190,-10,100,"sd","09:19:19",221500
5190,-10,1200,"sd","09:19:21",222700
5180,-20,12000,"sd","09:19:29",234700
5190,-10,100,"bu","09:19:33",234800
5190,-10,1500,"bu","09:19:42",236300
5190,-10,4100,"bu","09:19:43",240400
5180,-20,10000,"sd","09:19:45",250400
5190,-10,500,"sd","09:19:57",250900
5180,-20,300,"sd","09:19:58",251200
5180,-20,2000,"bu","09:20:31",253200
5180,-20,1900,"sd","09:20:52",255100
5180,-20,500,"sd","09:21:51",255600
5180,-20,200,"sd","09:22:12",255800
5180,-20,4500,"bu","09:22:14",260300
5180,-20,10000,"bu","09:22:19",270300
5180,-20,10100,"sd","09:22:30",280400
5180,-20,500,"bu","09:22:42",280900
5180,-20,5000,"sd","09:24:21",285900
5180,-20,100,"sd","09:24:44",286000
5180,-20,5000,"sd","09:25:02",291000
5170,-30,500,"sd","09:25:10",291500
5170,-30,600,"sd","09:25:20",292100
5170,-30,500,"sd","09:25:23",292600
5170,-30,400,"bu","09:25:26",293000
5160,-40,200,"bu","09:25:39",293200
5160,-40,5000,"sd","09:25:49",298200
5160,-40,1000,"sd","09:25:50",299200
5160,-40,2500,"sd","09:25:54",301700
5160,-40,100,"bu","09:25:55",301800
5150,-50,5100,"sd","09:26:12",306900
5150,-50,2500,"bu","09:26:30",309400
5150,-50,1500,"sd","09:26:57",310900
5150,-50,1000,"bu","09:27:36",311900
5140,-60,10000,"sd","09:27:43",321900
5140,-60,600,"bu","09:27:47",322500
5140,-60,51500,"sd","09:27:48",374000
5140,-60,200,"sd","09:28:08",374200
5140,-60,100,"bu","09:28:26",374300
5130,-70,12500,"sd","09:28:27",386800
5130,-70,3100,"bu","09:28:51",389900
5130,-70,2000,"sd","09:28:53",391900
5130,-70,700,"bu","09:28:59",392600
5130,-70,3700,"bu","09:29:00",396300
5130,-70,200,"bu","09:29:10",396500
5130,-70,5000,"sd","09:29:12",401500
5130,-70,100,"bu","09:29:13",401600
5130,-70,700,"bu","09:29:21",402300
5120,-80,10000,"sd","09:29:37",412300
5120,-80,1000,"bu","09:29:47",413300
5130,-70,100,"sd","09:29:59",413400
5120,-80,2500,"sd","09:30:07",415900
5130,-70,1000,"bu","09:30:08",416900
5130,-70,500,"bu","09:30:17",417400
5130,-70,100,"bu","09:30:31",417500
5130,-70,500,"sd","09:30:34",418000
5120,-80,100,"bu","09:30:37",418100
5130,-70,1000,"bu","09:30:38",419100
5130,-70,500,"bu","09:30:40",419600
5130,-70,10500,"bu","09:30:44",430100
5130,-70,5000,"sd","09:30:48",435100
5130,-70,200,"sd","09:30:49",435300
5130,-70,100,"sd","09:30:50",435400
5130,-70,50000,"sd","09:30:57",485400
5130,-70,100,"sd","09:31:03",485500
5130,-70,500,"sd","09:31:04",486000
5120,-80,2500,"sd","09:31:06",488500
5120,-80,100,"sd","09:31:13",488600
5120,-80,900,"bu","09:31:38",489500
5120,-80,50000,"sd","09:31:38",539500
5120,-80,2600,"bu","09:31:43",542100
5130,-70,24500,"sd","09:31:50",566600
5130,-70,2000,"sd","09:31:53",568600
5120,-80,7000,"bu","09:32:07",575600
5120,-80,500,"bu","09:32:09",595300
5120,-80,10000,"sd","09:32:17",605300
5120,-80,100,"bu","09:32:30",605400
5110,-90,5000,"bu","09:32:31",610400
5120,-80,25200,"bu","09:32:43",635600
5110,-90,4800,"bu","09:32:45",640400
5120,-80,100,"bu","09:32:47",640500
5110,-90,21900,"sd","09:32:54",662400
5110,-90,300,"sd","09:32:56",679500
5110,-90,100,"sd","09:32:59",679600
5110,-90,500,"bu","09:33:00",680100
5110,-90,1000,"sd","09:33:03",681100
5110,-90,100,"bu","09:33:07",681200
5110,-90,3400,"bu","09:33:08",684600
5110,-90,200,"sd","09:33:11",684800
5110,-90,12300,"sd","09:33:11",697100
5110,-90,1500,"sd","09:33:12",698600
5110,-90,9000,"bu","09:33:14",707600
5110,-90,1100,"bu","09:33:15",708700
5110,-90,100,"bu","09:33:22",708800
5110,-90,65500,"bu","09:33:42",774300
5110,-90,300,"bu","09:33:43",774600
5100,-100,98500,"sd","09:33:47",873100
5100,-100,1000,"sd","09:33:53",874100
5110,-90,4000,"bu","09:33:55",878100
5100,-100,1000,"bu","09:33:59",879100
5100,-100,16700,"bu","09:34:06",895800
5100,-100,10200,"bu","09:34:11",906000
5110,-90,200,"bu","09:34:16",906200
5100,-100,1600,"sd","09:34:17",907800
5090,-110,5000,"bu","09:34:23",912800
5100,-100,200,"sd","09:34:23",909600
5100,-100,5200,"bu","09:34:33",914800
5100,-100,20100,"bu","09:34:37",934900
5100,-100,900,"bu","09:34:41",935800
5100,-100,1000,"sd","09:34:42",936800
5100,-100,600,"sd","09:34:51",937400
5100,-100,500,"sd","09:34:58",937900
5100,-100,100,"bu","09:35:07",938000
5090,-110,1000,"sd","09:35:17",939000
5090,-110,600,"bu","09:35:34",939600
5100,-100,100,"sd","09:35:35",939700
5090,-110,600,"bu","09:35:47",940300
5100,-100,1200,"sd","09:35:57",941500
5100,-100,12000,"bu","09:36:08",953500
5100,-100,30000,"bu","09:36:19",983500
5090,-110,9300,"sd","09:36:23",992800
5100,-100,800,"sd","09:36:24",993600
5100,-100,500,"sd","09:36:29",994100
5100,-100,1000,"sd","09:36:31",995100
5100,-100,200,"sd","09:36:37",995300
5100,-100,1200,"bu","09:36:45",996500
5100,-100,1900,"sd","09:36:54",998400
5100,-100,500,"sd","09:37:01",998900
5100,-100,600,"bu","09:37:24",999500
5100,-100,7000,"bu","09:37:25",1006500
5100,-100,300,"bu","09:37:27",1006800
5100,-100,9100,"bu","09:37:30",1015900
5100,-100,1200,"bu","09:37:32",1017100
5110,-90,9500,"bu","09:37:33",1032100
5100,-100,200,"bu","09:37:40",1032300
5110,-90,4300,"sd","09:37:43",1036600
5110,-90,1900,"bu","09:37:44",1038500
5110,-90,3000,"bu","09:37:45",1041500
5110,-90,800,"sd","09:37:48",1042300
5120,-80,1000,"bu","09:38:01",1043300
5110,-90,15700,"bu","09:38:09",1059000
5110,-90,4600,"bu","09:38:20",1063600
5110,-90,8000,"bu","09:38:21",1071600
5110,-90,100,"sd","09:38:24",1071700
5110,-90,200,"bu","09:38:25",1071900
5110,-90,300,"bu","09:38:28",1072200
5110,-90,1800,"sd","09:38:29",1074000
5110,-90,2500,"sd","09:38:33",1076500
5110,-90,4000,"sd","09:38:37",1080500
5110,-90,500,"sd","09:38:37",1081000
5110,-90,100,"sd","09:38:39",1081100
5110,-90,200,"sd","09:38:41",1081300
5110,-90,1000,"sd","09:38:42",1082300
5110,-90,100,"bu","09:38:44",1082400
5110,-90,2000,"bu","09:38:50",1084400
5110,-90,9500,"bu","09:38:51",1093900
5110,-90,100,"sd","09:39:05",1094000
5120,-80,5000,"sd","09:39:20",1099000
5120,-80,100,"bu","09:39:22",1099100
5110,-90,2400,"sd","09:39:31",1101500
5110,-90,7000,"sd","09:39:34",1108500
5110,-90,1100,"sd","09:39:43",1109600
5110,-90,5000,"sd","09:39:56",1114600
5120,-80,100,"bu","09:39:59",1114700
5120,-80,2700,"bu","09:40:27",1117400
5120,-80,5000,"bu","09:40:30",1122400
5120,-80,200,"bu","09:40:35",1122600
5120,-80,100,"bu","09:40:51",1122700
5120,-80,2000,"sd","09:40:52",1124700
5120,-80,1000,"sd","09:40:53",1125700
5120,-80,24000,"sd","09:40:53",1149700
5120,-80,500,"sd","09:40:55",1150200
5130,-70,2000,"sd","09:41:22",1152200
5120,-80,2500,"sd","09:41:28",1154700
5130,-70,3500,"sd","09:41:48",1158200
5120,-80,500,"sd","09:41:52",1158700
5120,-80,200,"bu","09:41:54",1158900
5130,-70,127100,"bu","09:42:49",1286000
5130,-70,5000,"bu","09:43:01",1291000
5130,-70,500,"bu","09:43:11",1291500
5130,-70,1000,"bu","09:43:12",1292500
5130,-70,100,"bu","09:43:13",1292600
5130,-70,7200,"sd","09:43:24",1299800
5130,-70,2500,"bu","09:43:25",1302300
5130,-70,100,"bu","09:43:27",1302400
5130,-70,1000,"bu","09:43:29",1303400
5130,-70,3000,"bu","09:43:32",1306400
5130,-70,3000,"bu","09:43:34",1309400
5130,-70,300,"bu","09:43:45",1309700
5130,-70,2000,"sd","09:43:51",1311700
5130,-70,21000,"bu","09:43:53",1332700
5130,-70,5000,"sd","09:43:55",1337700
5140,-60,1900,"bu","09:44:16",1339600
5140,-60,100,"sd","09:44:31",1339700
5140,-60,1100,"bu","09:44:59",1340800
5140,-60,100,"bu","09:45:11",1340900
5150,-50,500,"sd","09:45:12",1341400
5150,-50,2500,"sd","09:45:19",1343900
5150,-50,500,"bu","09:45:31",1344400
5150,-50,700,"bu","09:45:35",1345100
5150,-50,200,"sd","09:45:45",1345300
5150,-50,5000,"sd","09:45:53",1350300
5150,-50,100,"bu","09:45:54",1350400
5150,-50,6000,"sd","09:45:56",1356400
5150,-50,100,"sd","09:45:57",1356500
5150,-50,500,"sd","09:46:04",1357000
5150,-50,300,"sd","09:46:10",1357300
5150,-50,200,"bu","09:46:14",1357500
5150,-50,2500,"bu","09:46:15",1360000
5150,-50,15000,"bu","09:46:19",1375000
5150,-50,100,"bu","09:46:58",1375100
5150,-50,5000,"bu","09:47:00",1380100
5150,-50,1000,"bu","09:47:11",1381100
5150,-50,5000,"bu","09:47:15",1386100
5150,-50,2400,"bu","09:47:24",1388500
5140,-60,1000,"sd","09:47:36",1389500
5150,-50,5000,"sd","09:47:38",1394500
5150,-50,3800,"sd","09:47:39",1398300
5150,-50,300,"sd","09:47:43",1398600
5150,-50,1000,"bu","09:48:10",1399600
5150,-50,400,"sd","09:48:12",1400000
5150,-50,5000,"sd","09:48:31",1405000
5150,-50,10600,"sd","09:48:51",1415600
5150,-50,100,"bu","09:49:03",1416300
5140,-60,8200,"bu","09:49:06",1424500
5140,-60,100,"bu","09:49:21",1424600
5140,-60,1700,"bu","09:49:22",1426300
5130,-70,4700,"bu","09:49:26",1431000
5150,-50,26400,"bu","09:49:59",1457400
5160,-40,100,"bu","09:50:16",1457500
5160,-40,4200,"sd","09:50:19",1461700
5150,-50,100,"sd","09:50:28",1461800
5160,-40,5700,"sd","09:50:30",1467500
5160,-40,700,"bu","09:50:39",1468200
5160,-40,200,"bu","09:50:53",1468400
5150,-50,1100,"sd","09:50:55",1469500
5160,-40,500,"sd","09:51:15",1470000
5160,-40,100,"sd","09:51:20",1470100
5160,-40,500,"bu","09:51:37",1470600
5160,-40,1600,"sd","09:51:43",1472200
5160,-40,5000,"bu","09:51:44",1477200
5160,-40,1000,"bu","09:51:45",1478200
5160,-40,5500,"bu","09:52:31",1483700
5160,-40,10000,"sd","09:52:45",1493700
5150,-50,71000,"bu","09:53:00",1564700
5160,-40,3200,"bu","09:53:01",1567900
5160,-40,1000,"bu","09:53:10",1568900
5160,-40,1000,"sd","09:53:16",1569900
5160,-40,300,"bu","09:54:14",1570200
5150,-50,2000,"bu","09:54:23",1572200
5160,-40,3500,"bu","09:54:45",1575700
5160,-40,100,"sd","09:55:04",1575800
5170,-30,22400,"sd","09:56:24",1598200
5170,-30,1000,"sd","09:56:32",1599200
5190,-10,38400,"bu","09:56:48",1637600
5190,-10,1600,"sd","09:56:58",1639200
5190,-10,100,"bu","09:57:30",1639300
5190,-10,2400,"bu","09:57:34",1641700
5190,-10,10000,"bu","09:57:50",1651700
5190,-10,200,"sd","09:57:54",1651900
5200,0,5600,"bu","09:57:58",1657500
5200,0,2000,"sd","09:58:06",1659500
5190,-10,200,"bu","09:58:07",1659700
5200,0,1500,"sd","09:58:08",1661200
5200,0,400,"sd","09:58:21",1661600
5200,0,300,"sd","09:58:25",1661900
5200,0,1700,"sd","09:58:36",1663600
5190,-10,1000,"bu","09:58:39",1664600
5200,0,81000,"bu","09:58:41",1745600
5200,0,1000,"bu","09:58:46",1746600
5200,0,20000,"sd","09:58:49",1766600
5200,0,5400,"sd","09:58:50",1772000
5200,0,5000,"sd","09:59:05",1777000
5200,0,6000,"bu","09:59:12",1783000
5200,0,200,"sd","09:59:15",1783200
5200,0,2000,"bu","09:59:17",1785200
5190,-10,100,"bu","09:59:18",1785300
5200,0,5000,"bu","09:59:32",1790300
5190,-10,3200,"bu","09:59:35",1793500
5190,-10,200,"bu","09:59:45",1793700
5190,-10,4000,"bu","09:59:51",1797700
5200,0,81000,"bu","10:00:15",1878700
5200,0,200,"bu","10:00:20",1878900
5200,0,30000,"sd","10:00:21",1908900
5200,0,600,"bu","10:00:24",1909500
5200,0,5400,"sd","10:00:25",1914900
5200,0,31300,"sd","10:00:33",1946200
5200,0,30000,"sd","10:00:35",1976200
5200,0,1000,"sd","10:00:36",1977200
5200,0,20000,"bu","10:00:37",1997200
5200,0,1000,"sd","10:00:45",1998200
5200,0,2600,"sd","10:00:48",2000800
5200,0,500,"sd","10:00:51",2001300
5200,0,100,"sd","10:00:52",2001400
5200,0,16200,"bu","10:00:56",2017600
5200,0,700,"sd","10:00:56",2018300
5200,0,500,"bu","10:00:58",2018800
5200,0,5000,"bu","10:01:05",2023800
5210,10,5600,"sd","10:01:13",2029400
5220,20,200,"sd","10:01:19",2029600
5220,20,21700,"bu","10:01:23",2051300
5220,20,5000,"sd","10:01:29",2056300
5220,20,6800,"sd","10:01:33",2063100
5230,30,1000,"bu","10:01:35",2065500
5230,30,3500,"sd","10:01:52",2069000
5230,30,5000,"bu","10:01:55",2074000
5230,30,500,"bu","10:02:05",2074500
5230,30,8800,"sd","10:02:11",2083300
5240,40,1000,"sd","10:02:12",2084300
5240,40,40000,"bu","10:02:28",2124300
5240,40,10000,"sd","10:02:33",2134300
5240,40,4000,"sd","10:02:37",2138300
5250,50,22000,"sd","10:02:41",2160300
5250,50,100,"bu","10:02:46",2160400
5250,50,300,"sd","10:02:47",2160700
5260,60,5000,"bu","10:02:51",2165700
5240,40,4400,"bu","10:02:52",2170100
5270,70,31000,"bu","10:03:02",2201100
5300,100,41000,"sd","10:03:03",2242100
5300,100,20100,"bu","10:03:11",2262200
5240,40,10000,"sd","10:03:12",2272200
5300,100,30200,"sd","10:03:18",2302400
5300,100,8500,"sd","10:03:19",2310900
5300,100,10000,"sd","10:03:22",2320900
5240,40,5000,"sd","10:03:29",2325900
5300,100,1000,"bu","10:03:37",2326900
5300,100,2000,"bu","10:03:42",2328900
5300,100,10000,"sd","10:03:43",2338900
5300,100,100,"sd","10:03:46",2339000
5300,100,5100,"sd","10:03:49",2344100
5300,100,1800,"sd","10:03:57",2345900
5300,100,7000,"sd","10:04:04",2352900
5290,90,8400,"bu","10:04:10",2361300
5260,60,1000,"sd","10:04:14",2362300
5290,90,95000,"bu","10:04:15",2457300
5280,80,10500,"bu","10:04:25",2467800
5260,60,100,"bu","10:04:26",2467900
5290,90,9900,"sd","10:04:28",2477800
5280,80,100,"bu","10:04:29",2477900
5300,100,20000,"bu","10:04:37",2497900
5300,100,5000,"sd","10:04:40",2502900
5290,90,1000,"bu","10:04:59",2503900
5280,80,5000,"sd","10:05:00",2508900
5280,80,900,"bu","10:05:03",2509800
5260,60,1000,"bu","10:05:17",2510800
5280,80,300,"sd","10:05:28",2511100
5260,60,9900,"bu","10:05:30",2521000
5260,60,1000,"sd","10:05:31",2522000
5260,60,30300,"bu","10:05:37",2552300
5250,50,23100,"bu","10:05:38",2575400
5240,40,20000,"sd","10:05:52",2595400
5250,50,11500,"sd","10:05:58",2606900
5240,40,5100,"bu","10:06:01",2612000
5250,50,22300,"sd","10:06:02",2634300
5240,40,100,"sd","10:06:06",2634400
5250,50,1500,"sd","10:06:09",2635900
5250,50,1800,"bu","10:06:11",2637700
5260,60,10000,"bu","10:06:14",2647700
5280,80,6400,"bu","10:06:23",2654100
5290,90,100,"sd","10:06:35",2654200
5290,90,20000,"bu","10:06:42",2674200
5280,80,15100,"bu","10:07:00",2689300
5280,80,10000,"bu","10:07:03",2699300
5290,90,5000,"sd","10:07:06",2704300
5280,80,8800,"sd","10:07:07",2713100
5280,80,100,"bu","10:07:08",2713200
5280,80,500,"sd","10:07:23",2713700
5280,80,500,"sd","10:07:29",2714200
5280,80,100,"bu","10:07:38",2714300
5260,60,200,"sd","10:07:40",2714500
5280,80,300,"bu","10:07:53",2714800
5280,80,25100,"sd","10:08:08",2739900
5280,80,400,"bu","10:08:11",2740300
5280,80,600,"bu","10:08:12",2740900
5280,80,8000,"sd","10:08:15",2748900
5280,80,1100,"bu","10:08:17",2750000
5290,90,1000,"bu","10:08:21",2751000
5280,80,100,"sd","10:08:27",2751100
5280,80,3100,"sd","10:08:36",2754200
5280,80,1300,"sd","10:08:41",2755500
5280,80,500,"bu","10:08:50",2756000
5280,80,1000,"sd","10:08:54",2757000
5280,80,2000,"sd","10:08:54",2759000
5280,80,5200,"bu","10:08:57",2764200
5280,80,2000,"bu","10:09:01",2766200
5280,80,3200,"bu","10:09:02",2769400
5270,70,10000,"sd","10:09:03",2779400
5280,80,100,"sd","10:09:15",2779500
5270,70,2000,"bu","10:09:19",2781500
5270,70,4600,"bu","10:09:25",2786100
5270,70,9600,"sd","10:09:29",2795700
5260,60,10000,"sd","10:09:40",2805700
5260,60,7600,"bu","10:09:47",2813300
5260,60,10000,"sd","10:09:49",2823300
5260,60,5000,"sd","10:09:57",2828300
5260,60,1500,"bu","10:10:02",2829800
5260,60,1700,"sd","10:10:03",2831500
5270,70,100,"bu","10:10:06",2831600
5260,60,3500,"sd","10:10:11",2835100
5250,50,1000,"bu","10:10:35",2836100
5250,50,50000,"bu","10:10:44",2886100
5250,50,2000,"bu","10:10:46",2888100
5260,60,500,"bu","10:10:48",2888600
5250,50,10000,"sd","10:10:49",2898600
5240,40,25000,"sd","10:10:51",2923600
5260,60,100,"sd","10:10:52",2923700
5260,60,500,"bu","10:10:53",2924200
5260,60,100,"bu","10:11:10",2924300
5250,50,1200,"bu","10:12:12",2925500
5240,40,20500,"bu","10:12:28",2946000
5240,40,11200,"sd","10:12:34",2957200
5250,50,100,"bu","10:12:39",2957300
5250,50,700,"bu","10:12:42",2958000
5240,40,4200,"sd","10:12:56",2962200
5240,40,6000,"bu","10:13:04",2968200
5240,40,1000,"sd","10:13:23",2969200
5240,40,1500,"bu","10:13:30",2970700
5240,40,2000,"sd","10:13:45",2972700
5240,40,200,"bu","10:14:03",2972900
5240,40,300,"bu","10:14:05",2973200
5250,50,4000,"bu","10:14:10",2977200
5240,40,30000,"bu","10:14:16",3007200
5250,50,10000,"bu","10:14:21",3017200
5250,50,3000,"bu","10:14:30",3020200
5240,40,200,"bu","10:14:37",3020400
5240,40,1000,"sd","10:14:45",3021400
5250,50,12500,"sd","10:15:00",3033900
5250,50,100,"sd","10:15:01",3034000
5250,50,5500,"sd","10:15:12",3039500
5250,50,4900,"bu","10:15:20",3044400
5260,60,1000,"sd","10:15:25",3045400
5250,50,2000,"sd","10:15:26",3047400
5250,50,100,"bu","10:15:27",3047500
5250,50,300,"sd","10:15:28",3047800
5250,50,2700,"bu","10:15:29",3050500
5250,50,1000,"bu","10:16:17",3051500
5250,50,700,"bu","10:16:29",3052200
5240,40,2000,"sd","10:17:31",3054200
5240,40,20000,"sd","10:17:47",3074200
5240,40,8000,"sd","10:18:17",3082200
5240,40,10000,"sd","10:18:23",3092200
5240,40,11000,"bu","10:18:40",3103200
5240,40,10000,"bu","10:18:41",3113200
5250,50,2000,"sd","10:18:44",3115200
5240,40,5000,"sd","10:18:48",3120200
5250,50,500,"bu","10:18:50",3120700
5240,40,15100,"bu","10:19:25",3135800
5240,40,1000,"bu","10:19:28",3136800
5240,40,1000,"sd","10:19:34",3137800
5240,40,600,"bu","10:19:39",3138400
5240,40,1400,"bu","10:19:42",3139800
5230,30,2000,"bu","10:20:01",3141800
5230,30,500,"sd","10:20:11",3142300
5230,30,5100,"bu","10:20:45",3147400
5230,30,25700,"sd","10:20:48",3173100
5220,20,2300,"bu","10:21:24",3175400
5220,20,1000,"sd","10:21:37",3176400
5220,20,3000,"bu","10:21:38",3179400
5220,20,2000,"bu","10:21:41",3181400
5220,20,100,"sd","10:21:47",3181500
5220,20,800,"bu","10:21:48",3182300
5220,20,200,"sd","10:21:55",3182500
5220,20,5000,"bu","10:22:08",3187500
5220,20,5000,"bu","10:22:24",3192500
5220,20,500,"bu","10:22:28",3193000
5220,20,100,"sd","10:22:53",3193100
5210,10,200,"bu","10:22:59",3193300
5220,20,3100,"bu","10:23:14",3196400
5220,20,5600,"bu","10:23:18",3202000
5220,20,100,"bu","10:23:19",3202100
5220,20,1300,"bu","10:23:23",3203400
5220,20,300,"bu","10:23:31",3203700
5220,20,500,"sd","10:23:45",3204200
5220,20,100,"sd","10:23:54",3204300
5220,20,4500,"sd","10:24:15",3208800
5220,20,10000,"bu","10:24:16",3218800
5210,10,20000,"sd","10:25:02",3238800
5210,10,10400,"bu","10:25:49",3249200
5210,10,5000,"bu","10:26:31",3254200
5210,10,4100,"sd","10:26:49",3258300
5210,10,4200,"bu","10:26:54",3262500
5210,10,7800,"sd","10:27:02",3270300
5210,10,100,"bu","10:27:18",3270400
5220,20,81300,"bu","10:27:46",3351700
5220,20,400,"sd","10:27:50",3352100
5230,30,100,"sd","10:27:52",3352200
5230,30,4800,"sd","10:28:03",3357000
5230,30,500,"bu","10:28:14",3357500
5220,20,9600,"bu","10:28:16",3367100
5230,30,4900,"bu","10:28:26",3372000
5230,30,6300,"bu","10:28:58",3378300
5230,30,3700,"bu","10:29:05",3382000
5230,30,10300,"bu","10:29:20",3392300
5230,30,1100,"sd","10:29:55",3393400
5230,30,1500,"bu","10:30:06",3394900
5230,30,1400,"sd","10:30:12",3396300
5230,30,2000,"sd","10:30:27",3398300
5230,30,37300,"bu","10:30:44",3435600
5230,30,10000,"bu","10:31:20",3445600
5230,30,3400,"sd","10:31:33",3449000
5230,30,2000,"bu","10:31:55",3451000
5220,20,10000,"sd","10:33:05",3461000
5220,20,7000,"sd","10:33:07",3468000
5220,20,2900,"bu","10:33:14",3470900
5220,20,2000,"sd","10:33:21",3472900
5210,10,300,"sd","10:34:22",3473200
5210,10,200,"sd","10:34:35",3473400
5220,20,2000,"sd","10:34:46",3475400
5220,20,300,"sd","10:35:25",3475700
5210,10,100,"sd","10:35:28",3475800
5220,20,2000,"sd","10:35:35",3477800
5210,10,600,"bu","10:35:54",3478400
5210,10,300,"sd","10:36:03",3478700
5220,20,1400,"sd","10:36:06",3480100
5220,20,4600,"sd","10:36:25",3484700
5210,10,200,"bu","10:36:41",3484900
5220,20,2000,"bu","10:36:50",3486900
5210,10,200,"sd","10:36:59",3487100
5220,20,3000,"bu","10:37:02",3490100
5220,20,3300,"sd","10:37:32",3493400
5220,20,3300,"bu","10:38:26",3496700
5220,20,9000,"sd","10:39:38",3505700
5220,20,3800,"bu","10:39:52",3509500
5210,10,22000,"sd","10:40:29",3531500
5210,10,200,"bu","10:40:49",3531700
5210,10,30000,"sd","10:41:26",3561700
5210,10,1600,"bu","10:41:36",3563300
5210,10,400,"sd","10:41:37",3563700
5210,10,1600,"sd","10:42:04",3565300
5210,10,200,"bu","10:42:36",3565500
5210,10,2200,"sd","10:43:58",3567700
5210,10,100,"bu","10:44:09",3567800
5200,0,48300,"bu","10:44:11",3616100
5200,0,2500,"sd","10:44:11",3618600
5200,0,28000,"bu","10:44:24",3646600
5200,0,200,"bu","10:44:37",3646800
5200,0,10000,"bu","10:44:47",3656800
5200,0,2200,"bu","10:44:58",3659000
5200,0,19900,"sd","10:45:08",3678900
5200,0,100,"sd","10:45:21",3679000
5200,0,1300,"bu","10:47:52",3680300
5200,0,3300,"sd","10:48:07",3683600
5210,10,500,"sd","10:48:55",3684100
5200,0,17100,"bu","10:48:59",3701200
5200,0,200,"bu","10:49:05",3701400
5200,0,2000,"sd","10:49:20",3703400
5200,0,1200,"sd","10:49:35",3704600
5200,0,900,"sd","10:49:44",3705500
5200,0,1500,"sd","10:52:02",3707000
5200,0,500,"sd","10:52:22",3707500
5200,0,8300,"sd","10:52:43",3715800
5200,0,1000,"sd","10:53:38",3716800
5200,0,31700,"bu","10:54:17",3748500
5200,0,100,"bu","10:54:22",3748600
5200,0,2600,"sd","10:54:35",3751200
5200,0,24900,"bu","10:54:42",3776100
5200,0,500,"bu","10:54:49",3776600
5200,0,3400,"sd","10:55:07",3780000
5200,0,1400,"sd","10:55:29",3781400
5190,-10,200,"bu","10:55:30",3781600
5190,-10,42800,"sd","10:56:02",3824400
5190,-10,200,"sd","10:56:24",3824600
5190,-10,300,"sd","10:56:50",3824900
5200,0,6900,"sd","10:57:01",3831800
5200,0,5000,"bu","10:57:21",3836800
5200,0,100,"sd","10:57:49",3836900
5200,0,41500,"bu","10:58:17",3878400
5200,0,2400,"sd","10:58:57",3880800
5200,0,1400,"bu","10:59:14",3882200
5180,-20,500,"sd","11:00:56",3882700
5180,-20,300,"sd","11:01:14",3883000
5180,-20,10000,"sd","11:02:30",3893000
5180,-20,3600,"sd","11:03:12",3896600
5170,-30,16800,"bu","11:04:03",3913400
5180,-20,1000,"bu","11:04:27",3914400
5160,-40,17000,"bu","11:04:37",3931400
5160,-40,900,"bu","11:05:03",3932300
5160,-40,100,"sd","11:05:59",3932400
5170,-30,500,"bu","11:06:31",3932900
5180,-20,100,"sd","11:06:32",3933000
5180,-20,500,"sd","11:07:02",3933500
5170,-30,4100,"sd","11:07:37",3937600
5170,-30,5000,"bu","11:07:49",3942600
5170,-30,5400,"sd","11:08:15",3948000
5170,-30,1700,"sd","11:08:29",3949700
5170,-30,500,"sd","11:08:51",3950200
5170,-30,2000,"bu","11:08:56",3952200
5170,-30,500,"bu","11:09:10",3952700
5160,-40,200,"bu","11:09:18",3952900
5160,-40,4300,"bu","11:09:26",3957200
5170,-30,200,"sd","11:10:27",3957400
5160,-40,10000,"bu","11:10:34",3967400
5170,-30,100,"bu","11:10:59",3967500
5170,-30,200,"bu","11:11:29",3967700
5170,-30,100,"bu","11:11:46",3967800
5160,-40,3000,"bu","11:11:55",3970800
5170,-30,100,"bu","11:11:57",3970900
5170,-30,1900,"bu","11:12:52",3972800
5170,-30,100,"bu","11:13:00",3972900
5160,-40,300,"bu","11:13:24",3973200
5160,-40,1500,"bu","11:13:34",3974700
5160,-40,8700,"sd","11:13:43",3983400
5170,-30,100,"sd","11:14:17",3983500
5160,-40,9000,"sd","11:14:46",3992500
5160,-40,200,"bu","11:15:03",3992700
5160,-40,100,"sd","11:15:14",3992800
5170,-30,200,"bu","11:15:24",3993000
5160,-40,2000,"bu","11:15:27",3995000
5160,-40,500,"bu","11:15:46",3995500
5160,-40,300,"sd","11:16:25",3995800
5170,-30,500,"sd","11:16:50",3996300
5170,-30,1300,"sd","11:16:52",3997600
5170,-30,700,"bu","11:17:04",3998300
5170,-30,700,"sd","11:17:12",3999000
5180,-20,100,"sd","11:18:59",3999100
5170,-30,2900,"sd","11:19:06",4002000
5180,-20,100,"bu","11:19:33",4002100
5180,-20,900,"bu","11:20:48",4003000
5170,-30,1000,"sd","11:21:29",4004000
5170,-30,1900,"sd","11:21:57",4005900
5160,-40,4400,"sd","11:23:02",4010300
5170,-30,2300,"bu","11:23:39",4012600
5170,-30,200,"sd","11:24:21",4012800
5170,-30,100,"sd","11:24:32",4012900
5170,-30,2100,"bu","11:26:04",4015000
5170,-30,800,"bu","11:26:31",4015800
5160,-40,300,"sd","11:26:35",4016100
5160,-40,40000,"sd","11:26:36",4056100
5170,-30,100,"bu","11:26:57",4056200
5150,-50,54200,"sd","11:27:03",4110400
5140,-60,44600,"sd","11:27:11",4155000
5140,-60,7000,"bu","11:28:02",4162000
5140,-60,4200,"bu","11:28:06",4166200
5140,-60,5000,"sd","11:28:40",4171200
5150,-50,200,"bu","11:29:21",4171400
5140,-60,20000,"sd","11:29:48",4191400
5140,-60,20000,"sd","11:29:57",4211400
5140,-60,3800,"bu","13:00:35",4215200
5140,-60,2000,"bu","13:00:37",4217200
5140,-60,200,"sd","13:00:38",4217400
5140,-60,2800,"bu","13:00:39",4220200
5140,-60,1000,"sd","13:00:40",4221200
5130,-70,2300,"sd","13:00:41",4223500
5140,-60,500,"bu","13:00:42",4224000
5140,-60,200,"bu","13:00:43",4224200
5140,-60,900,"sd","13:00:44",4225100
5130,-70,6000,"sd","13:00:49",4231100
5130,-70,600,"bu","13:00:50",4231700
5140,-60,1200,"bu","13:00:52",4232900
5140,-60,600,"bu","13:00:54",4233500
5140,-60,1600,"sd","13:00:59",4235100
5140,-60,200,"sd","13:00:59",4235300
5130,-70,5100,"sd","13:01:03",4240400
5120,-80,16200,"sd","13:01:04",4256600
5140,-60,400,"bu","13:01:20",4257000
5120,-80,200,"bu","13:01:24",4257200
5140,-60,100,"sd","13:01:26",4257300
5130,-70,3100,"bu","13:01:30",4260400
5130,-70,1400,"sd","13:01:32",4261800
5120,-80,20000,"sd","13:01:33",4281800
5120,-80,300,"bu","13:01:38",4282100
5120,-80,6000,"sd","13:01:44",4288100
5130,-70,300,"sd","13:01:45",4288400
5120,-80,100,"sd","13:01:47",4288500
5120,-80,7800,"bu","13:02:07",4296300
5120,-80,5700,"sd","13:02:08",4302000
5120,-80,1000,"sd","13:02:10",4303000
5120,-80,200,"bu","13:02:36",4303200
5120,-80,1000,"bu","13:03:06",4304200
5120,-80,10000,"sd","13:03:11",4314200
5120,-80,10300,"bu","13:03:22",4324500
5120,-80,500,"sd","13:03:42",4325000
5130,-70,3600,"sd","13:03:50",4328600
5130,-70,5000,"bu","13:03:54",4333600
5120,-80,200,"bu","13:03:57",4333800
5130,-70,4600,"bu","13:04:00",4338400
5130,-70,1800,"bu","13:04:06",4340200
5140,-60,2000,"sd","13:04:34",4342200
5140,-60,2100,"bu","13:04:40",4344300
5140,-60,10000,"bu","13:04:45",4354300
5140,-60,500,"bu","13:04:53",4354800
5140,-60,5200,"bu","13:05:05",4360000
5140,-60,5000,"sd","13:05:12",4365000
5140,-60,400,"sd","13:05:37",4365400
5140,-60,100,"bu","13:05:40",4365500
5130,-70,5500,"bu","13:05:46",4371000
5140,-60,11600,"sd","13:05:50",4382600
5140,-60,5000,"bu","13:05:54",4387600
5140,-60,7700,"sd","13:06:09",4395300
5140,-60,1000,"sd","13:06:12",4396300
5140,-60,2800,"sd","13:06:30",4399100
5140,-60,700,"sd","13:06:54",4399800
5140,-60,24000,"sd","13:07:14",4423800
5140,-60,300,"sd","13:07:31",4424100
5150,-50,500,"bu","13:07:34",4424600
5140,-60,1000,"bu","13:07:40",4425600
5150,-50,1300,"sd","13:08:03",4426900
5140,-60,10000,"sd","13:08:04",4436900
5140,-60,5000,"sd","13:08:06",4441900
5140,-60,100,"sd","13:08:09",4442000
5140,-60,1200,"sd","13:08:11",4443200
5140,-60,17600,"bu","13:08:12",4460800
5140,-60,3000,"bu","13:08:17",4463800
5140,-60,100,"sd","13:08:50",4463900
5120,-80,50000,"sd","13:08:56",4513900
5120,-80,5000,"bu","13:09:01",4518900
5120,-80,29300,"bu","13:09:07",4548200
5140,-60,2000,"bu","13:09:11",4550200
5120,-80,3400,"sd","13:09:18",4553600
5120,-80,100,"bu","13:09:50",4553700
5140,-60,10000,"sd","13:09:53",4563700
5130,-70,3100,"bu","13:10:02",4566800
5120,-80,400,"sd","13:10:28",4567200
5120,-80,13000,"bu","13:10:48",4580200
5130,-70,100,"bu","13:10:51",4580300
5120,-80,50600,"bu","13:10:59",4630900
5120,-80,1800,"bu","13:11:03",4632700
5120,-80,9000,"bu","13:11:08",4641700
5120,-80,100,"sd","13:11:11",4641800
5120,-80,1300,"sd","13:11:18",4643100
5120,-80,100,"sd","13:11:24",4643200
5120,-80,12700,"bu","13:11:26",4655900
5110,-90,50000,"sd","13:11:29",4705900
5110,-90,50000,"sd","13:11:30",4755900
5130,-70,13000,"sd","13:11:36",4768900
5120,-80,7300,"sd","13:11:37",4776200
5120,-80,100,"sd","13:12:00",4776300
5120,-80,500,"sd","13:12:03",4776800
5120,-80,1000,"sd","13:12:11",4777800
5120,-80,3000,"bu","13:12:13",4780800
5120,-80,1700,"sd","13:12:16",4782500
5120,-80,1000,"sd","13:12:18",4783500
5120,-80,1100,"sd","13:12:21",4784600
5120,-80,300,"sd","13:12:23",4784900
5120,-80,4900,"sd","13:12:25",4789800
5120,-80,1000,"bu","13:12:49",4790800
5120,-80,100,"bu","13:13:05",4790900
5130,-70,1900,"sd","13:13:14",4792800
5130,-70,500,"bu","13:13:28",4793300
5130,-70,8600,"sd","13:13:35",4801900
5130,-70,1500,"sd","13:14:17",4803400
5130,-70,1500,"sd","13:14:20",4804900
5140,-60,5000,"bu","13:15:09",4809900
5140,-60,700,"sd","13:15:14",4810600
5140,-60,200,"sd","13:15:30",4810800
5140,-60,5000,"bu","13:15:45",4815800
5130,-70,4300,"bu","13:15:49",4820100
5140,-60,1000,"sd","13:16:06",4821100
5130,-70,5000,"bu","13:16:14",4826100
5140,-60,1400,"sd","13:16:16",4827500
5120,-80,41000,"bu","13:16:19",4868500
5140,-60,100,"sd","13:16:27",4868600
5130,-70,500,"sd","13:16:35",4869100
5130,-70,500,"sd","13:16:46",4869600
5130,-70,100,"bu","13:16:48",4869700
5130,-70,1000,"sd","13:16:53",4870700
5120,-80,100,"bu","13:16:54",4870800
5130,-70,2900,"bu","13:16:58",4873700
5130,-70,2600,"sd","13:17:15",4876300
5130,-70,500,"bu","13:17:24",4876800
5130,-70,300,"bu","13:17:26",4877100
5130,-70,1000,"bu","13:17:29",4878100
5130,-70,100,"bu","13:17:35",4878200
5120,-80,900,"bu","13:17:37",4879100
5120,-80,2000,"sd","13:17:45",4881100
5130,-70,2300,"sd","13:17:48",4883400
5130,-70,1000,"sd","13:17:50",4884400
5130,-70,2000,"bu","13:17:56",4886400
5140,-60,13700,"sd","13:18:00",4900100
5140,-60,1000,"bu","13:18:09",4901100
5140,-60,100,"sd","13:18:18",4901200
5130,-70,29800,"sd","13:18:46",4931000
5140,-60,100,"sd","13:18:48",4931100
5130,-70,1500,"bu","13:19:56",4932600
5130,-70,700,"sd","13:20:12",4933300
5130,-70,6500,"bu","13:20:55",4939800
5130,-70,1800,"sd","13:21:25",4941600
5140,-60,2000,"sd","13:21:52",4943600
5140,-60,1000,"sd","13:22:16",4944600
5140,-60,5000,"bu","13:22:23",4949600
5140,-60,200,"bu","13:22:28",4949800
5140,-60,500,"bu","13:23:23",4950300
5140,-60,2300,"sd","13:23:25",4952600
5140,-60,5000,"bu","13:23:30",4957600
5140,-60,2700,"bu","13:23:34",4960300
5140,-60,3000,"sd","13:23:37",4963300
5140,-60,5000,"sd","13:23:39",4968300
5140,-60,1000,"bu","13:23:42",4969300
5140,-60,100,"bu","13:23:43",4969400
5140,-60,2200,"sd","13:23:55",4971600
5140,-60,100,"bu","13:24:00",4971700
5140,-60,10100,"sd","13:24:03",4981800
5140,-60,500,"sd","13:24:07",4982300
5140,-60,800,"bu","13:24:09",4983100
5140,-60,200,"bu","13:24:14",4983300
5140,-60,2000,"sd","13:24:17",4985300
5140,-60,3000,"sd","13:24:28",4988300
5140,-60,500,"bu","13:24:30",4988800
5140,-60,200,"sd","13:24:37",4989000
5140,-60,200,"sd","13:24:39",4989200
5140,-60,1000,"bu","13:24:42",4990200
5140,-60,4800,"bu","13:24:53",4995000
5140,-60,3400,"sd","13:25:05",4998400
5150,-50,600,"sd","13:25:07",4999000
5130,-70,10000,"bu","13:25:16",5009000
5150,-50,11200,"bu","13:25:17",5020200
5130,-70,100,"sd","13:25:21",5020300
5130,-70,35000,"bu","13:25:34",5055300
5130,-70,7300,"sd","13:25:41",5062600
5130,-70,1000,"bu","13:25:51",5063600
5130,-70,4200,"sd","13:26:32",5067800
5130,-70,7500,"bu","13:26:37",5075300
5140,-60,200,"bu","13:26:52",5075500
5140,-60,2000,"sd","13:26:59",5077500
5140,-60,500,"sd","13:27:02",5078000
5140,-60,5000,"sd","13:27:06",5083000
5140,-60,13000,"bu","13:27:09",5096000
5140,-60,1000,"bu","13:27:16",5097000
5140,-60,100,"bu","13:27:20",5097100
5140,-60,900,"sd","13:27:23",5098000
5140,-60,2000,"sd","13:27:26",5100000
5140,-60,1000,"bu","13:27:28",5101000
5140,-60,20000,"bu","13:27:31",5121000
5140,-60,800,"sd","13:27:35",5121800
5140,-60,1700,"sd","13:27:50",5123500
5140,-60,100,"sd","13:27:55",5123600
5140,-60,2100,"bu","13:28:32",5125700
5140,-60,500,"sd","13:28:38",5126200
5130,-70,20300,"sd","13:28:40",5146500
5130,-70,15000,"sd","13:28:55",5161500
5130,-70,87100,"bu","13:28:57",5248600
5130,-70,100,"bu","13:29:04",5248700
5130,-70,300,"bu","13:29:12",5249000
5120,-80,3000,"sd","13:29:13",5252000
5130,-70,1500,"sd","13:29:20",5253500
5130,-70,100,"bu","13:29:22",5253600
5130,-70,900,"sd","13:29:30",5254500
5130,-70,4200,"bu","13:29:32",5258700
5130,-70,10800,"sd","13:29:40",5269500
5130,-70,12600,"bu","13:29:45",5282100
5120,-80,1600,"sd","13:29:51",5283700
5120,-80,2000,"bu","13:29:58",5285700
5130,-70,500,"sd","13:30:13",5286200
5120,-80,400,"bu","13:30:55",5286600
5130,-70,47300,"sd","13:31:07",5333900
5130,-70,2000,"sd","13:31:12",5335900
5120,-80,52700,"sd","13:31:46",5388600
5130,-70,1600,"bu","13:32:23",5390200
5130,-70,11000,"bu","13:32:31",5401200
5130,-70,6400,"bu","13:32:33",5407600
5130,-70,3500,"bu","13:32:39",5411100
5130,-70,200,"sd","13:32:40",5411300
5130,-70,400,"bu","13:32:53",5411700
5130,-70,300,"sd","13:33:23",5412000
5130,-70,1000,"sd","13:33:24",5413000
5130,-70,200,"sd","13:33:28",5413200
5130,-70,1400,"bu","13:33:57",5414600
5130,-70,3000,"sd","13:34:35",5417600
5130,-70,2000,"bu","13:34:39",5419600
5130,-70,2500,"bu","13:34:48",5422100
5130,-70,1200,"bu","13:34:50",5423300
5130,-70,4000,"sd","13:34:57",5427300
5130,-70,400,"sd","13:35:27",5427700
5130,-70,100,"bu","13:35:39",5427800
5130,-70,20000,"bu","13:36:20",5447800
5130,-70,6000,"bu","13:36:36",5453800
5130,-70,100,"sd","13:36:49",5453900
5130,-70,1700,"sd","13:37:03",5455600
5130,-70,1800,"bu","13:37:16",5457400
5130,-70,1600,"sd","13:37:42",5459000
5140,-60,5100,"sd","13:37:52",5464100
5140,-60,4000,"bu","13:38:04",5468100
5140,-60,300,"sd","13:38:18",5468400
5140,-60,500,"sd","13:38:25",5468900
5140,-60,1000,"bu","13:38:46",5469900
5140,-60,2000,"sd","13:39:07",5471900
5140,-60,10000,"bu","13:39:15",5481900
5140,-60,3300,"sd","13:39:29",5485200
5140,-60,2000,"bu","13:39:39",5487200
5140,-60,1000,"sd","13:39:42",5488200
5140,-60,500,"bu","13:39:47",5488700
5130,-70,15000,"sd","13:39:58",5503700
5140,-60,1000,"bu","13:40:03",5504700
5140,-60,5000,"sd","13:40:25",5509700
5140,-60,300,"bu","13:40:36",5510000
5140,-60,3300,"bu","13:40:45",5513300
5140,-60,300,"sd","13:41:14",5513600
5140,-60,1000,"bu","13:41:52",5514600
5140,-60,100,"bu","13:41:57",5514700
5140,-60,500,"sd","13:42:26",5515200
5130,-70,10000,"bu","13:42:47",5525200
5140,-60,500,"sd","13:42:49",5525700
5140,-60,100,"bu","13:43:01",5525800
5140,-60,5000,"bu","13:43:30",5530800
5130,-70,68700,"sd","13:43:37",5599500
5140,-60,14500,"bu","13:43:39",5614000
5120,-80,4000,"bu","13:44:15",5618000
5130,-70,6800,"bu","13:44:24",5624800
5120,-80,200,"bu","13:44:25",5625000
5130,-70,7400,"bu","13:44:47",5632400
5130,-70,400,"sd","13:44:55",5632800
5140,-60,500,"sd","13:44:57",5633300
5130,-70,5800,"bu","13:45:16",5639100
5130,-70,9100,"sd","13:45:18",5648200
5130,-70,100,"sd","13:45:23",5648300
5130,-70,1000,"bu","13:45:27",5649300
5130,-70,100,"bu","13:45:28",5649400
5110,-90,157300,"sd","13:45:34",5806700
5130,-70,2300,"bu","13:45:36",5809000
5130,-70,6000,"bu","13:45:38",5815000
5140,-60,600,"sd","13:45:57",5815600
5130,-70,3000,"sd","13:46:05",5818600
5130,-70,800,"sd","13:46:16",5819400
5130,-70,18000,"sd","13:46:18",5837400
5130,-70,300,"sd","13:46:41",5837700
5130,-70,3000,"bu","13:46:43",5840700
5100,-100,200000,"sd","13:46:49",6040700
5110,-90,2500,"sd","13:47:09",6043200
5130,-70,1000,"bu","13:47:15",6044200
5100,-100,400000,"bu","13:47:20",6444200
5120,-80,600,"sd","13:47:29",6444800
5120,-80,100,"sd","13:47:35",6444900
5120,-80,400,"bu","13:47:41",6445300
5120,-80,200,"sd","13:47:45",6445500
5120,-80,3000,"sd","13:48:04",6448500
5120,-80,100,"sd","13:48:08",6448600
5110,-90,2500,"sd","13:48:14",6451100
5120,-80,100,"sd","13:48:16",6451200
5120,-80,10300,"bu","13:48:34",6461500
5110,-90,5500,"bu","13:48:38",6467000
5110,-90,400,"bu","13:48:41",6467400
5110,-90,4000,"sd","13:48:56",6471400
5110,-90,100,"bu","13:48:58",6471500
5130,-70,30000,"bu","13:49:02",6501500
5110,-90,2000,"sd","13:49:05",6503500
5120,-80,500,"sd","13:49:35",6504000
5110,-90,3900,"sd","13:49:37",6507900
5110,-90,500,"bu","13:49:42",6508400
5110,-90,1000,"sd","13:49:44",6509400
5110,-90,100,"sd","13:49:48",6509500
5110,-90,2100,"bu","13:50:01",6511600
5110,-90,100,"bu","13:50:03",6511700
5100,-100,16500,"bu","13:50:09",6528200
5100,-100,34900,"sd","13:50:15",6563100
5100,-100,37400,"bu","13:50:19",6600500
5100,-100,100,"bu","13:50:24",6600600
5100,-100,5000,"sd","13:50:32",6605600
5100,-100,100,"bu","13:50:36",6605700
5100,-100,200,"sd","13:50:38",6605900
5100,-100,2000,"sd","13:50:44",6607900
5090,-110,18700,"sd","13:50:52",6626600
5100,-100,2000,"sd","13:50:54",6628600
5100,-100,1500,"sd","13:50:58",6630100
5090,-110,2100,"sd","13:51:02",6632200
5100,-100,700,"sd","13:51:09",6632900
5100,-100,900,"sd","13:51:12",6633800
5100,-100,2000,"bu","13:51:14",6635800
5100,-100,200,"bu","13:51:22",6636000
5100,-100,5100,"bu","13:51:32",6641100
5100,-100,3900,"sd","13:51:45",6645000
5100,-100,37900,"sd","13:51:47",6682900
5100,-100,100,"sd","13:51:51",6683000
5090,-110,2000,"sd","13:51:52",6685000
5100,-100,2100,"sd","13:51:58",6687100
5090,-110,20700,"sd","13:52:07",6707800
5090,-110,10000,"bu","13:52:13",6717800
5090,-110,3000,"bu","13:52:17",6720800
5090,-110,12000,"bu","13:52:21",6732800
5080,-120,78000,"sd","13:52:23",6810800
5090,-110,5000,"bu","13:52:25",6815800
5090,-110,1100,"sd","13:52:27",6816900
5090,-110,2200,"bu","13:52:30",6819100
5080,-120,1000,"bu","13:52:32",6820100
5090,-110,300,"sd","13:52:38",6820400
5090,-110,1000,"bu","13:52:43",6821400
5090,-110,200,"sd","13:52:47",6821600
5090,-110,10300,"bu","13:52:51",6831900
5090,-110,10000,"bu","13:52:55",6841900
5100,-100,100000,"bu","13:52:57",6941900
5090,-110,600,"bu","13:53:01",6942500
5090,-110,1400,"bu","13:53:03",6943900
5080,-120,2000,"sd","13:53:12",6945900
5090,-110,20000,"sd","13:53:35",6965900
5100,-100,200,"sd","13:53:46",6966100
5080,-120,75600,"sd","13:53:47",7041700
5080,-120,2300,"sd","13:53:51",7044000
5080,-120,1400,"bu","13:53:55",7045400
5070,-130,2000,"bu","13:53:59",7047400
5080,-120,2200,"bu","13:54:13",7049600
5080,-120,1000,"sd","13:54:15",7050600
5080,-120,2100,"bu","13:54:23",7052700
5080,-120,3200,"sd","13:54:24",7055900
5080,-120,15600,"bu","13:54:34",7071500
5080,-120,1600,"sd","13:54:38",7073100
5090,-110,200,"bu","13:54:40",7073300
5080,-120,2600,"bu","13:54:41",7075900
5080,-120,1700,"sd","13:54:44",7077600
5080,-120,10200,"bu","13:54:45",7087800
5080,-120,600,"sd","13:54:52",7088400
5090,-110,200,"sd","13:55:00",7088600
5100,-100,1000,"bu","13:55:08",7089600
5090,-110,6000,"sd","13:55:20",7095600
5090,-110,10200,"bu","13:55:24",7105800
5090,-110,4000,"sd","13:55:38",7109800
5100,-100,7000,"sd","13:55:43",7116800
5100,-100,4000,"bu","13:55:49",7120800
5100,-100,5000,"sd","13:56:02",7125800
5100,-100,2000,"bu","13:56:07",7127800
5100,-100,1000,"bu","13:56:09",7128800
5100,-100,1000,"bu","13:56:30",7129800
5100,-100,15100,"sd","13:56:49",7144900
5110,-90,100,"bu","13:56:57",7145000
5100,-100,1700,"sd","13:56:59",7146700
5100,-100,1000,"bu","13:57:01",7147700
5100,-100,7100,"sd","13:57:05",7154800
5110,-90,2000,"bu","13:57:07",7156800
5110,-90,17800,"bu","13:57:12",7174600
5100,-100,700,"bu","13:57:16",7175300
5100,-100,10000,"sd","13:57:18",7185300
5100,-100,4300,"sd","13:57:20",7189600
5110,-90,5200,"sd","13:57:25",7194800
5110,-90,1000,"bu","13:57:37",7195800
5100,-100,900,"bu","13:57:51",7196700
5110,-90,500,"bu","13:57:54",7197200
5110,-90,400,"bu","13:57:56",7197600
5110,-90,500,"bu","13:57:58",7198100
5110,-90,1100,"bu","13:58:02",7199200
5110,-90,500,"sd","13:58:09",7199700
5100,-100,1000,"sd","13:58:13",7200700
5110,-90,100,"bu","13:58:15",7200800
5100,-100,5000,"sd","13:58:17",7205800
5100,-100,8600,"sd","13:58:19",7214400
5110,-90,1000,"sd","13:58:24",7215400
5100,-100,600,"sd","13:58:29",7216000
5100,-100,20000,"bu","13:58:31",7236000
5100,-100,1000,"sd","13:58:50",7237000
5110,-90,200,"sd","13:58:54",7237200
5100,-100,16000,"bu","13:59:01",7253200
5100,-100,100,"sd","13:59:03",7253300
5100,-100,10100,"bu","13:59:08",7263400
5100,-100,3000,"bu","13:59:10",7266400
5090,-110,1500,"bu","13:59:12",7267900
5090,-110,5000,"bu","13:59:49",7272900
5090,-110,100,"bu","14:00:04",7273000
5090,-110,6400,"bu","14:00:12",7279400
5090,-110,1000,"sd","14:00:29",7280400
5090,-110,10000,"sd","14:00:31",7290400
5090,-110,10000,"sd","14:00:40",7300400
5090,-110,1000,"bu","14:00:42",7301400
5090,-110,20000,"bu","14:00:56",7321400
5090,-110,1000,"bu","14:01:01",7322400
5090,-110,16700,"sd","14:01:05",7339100
5080,-120,20000,"bu","14:01:07",7359100
5080,-120,900,"sd","14:01:13",7360000
5090,-110,3000,"sd","14:01:25",7363000
5090,-110,3100,"sd","14:01:28",7366100
5070,-130,98600,"sd","14:01:32",7464700
5090,-110,15000,"sd","14:01:34",7479700
5090,-110,4000,"bu","14:01:40",7483700
5080,-120,100,"bu","14:01:53",7483800
5090,-110,200,"bu","14:01:57",7484000
5090,-110,1500,"sd","14:01:59",7485500
5090,-110,200,"bu","14:02:06",7485700
5090,-110,1000,"sd","14:02:10",7486700
5090,-110,100,"bu","14:02:12",7486800
5090,-110,30000,"bu","14:02:14",7516800
5090,-110,1000,"sd","14:02:16",7517800
5090,-110,600,"sd","14:02:21",7518400
5080,-120,6200,"sd","14:02:27",7524600
5090,-110,1300,"bu","14:02:32",7525900
5090,-110,200,"sd","14:02:34",7526100
5090,-110,500,"bu","14:02:39",7526600
5100,-100,200,"bu","14:02:42",7526800
5100,-100,1000,"sd","14:03:09",7527800
5100,-100,600,"sd","14:03:13",7528400
5100,-100,5000,"sd","14:03:19",7533400
5100,-100,500,"sd","14:03:27",7533900
5100,-100,1000,"sd","14:03:57",7534900
5100,-100,100,"bu","14:03:59",7535000
5100,-100,6100,"bu","14:04:03",7541100
5100,-100,1000,"sd","14:04:10",7542100
5100,-100,1100,"sd","14:04:17",7543200
5100,-100,1100,"bu","14:04:41",7544300
5100,-100,20000,"sd","14:04:45",7564300
5100,-100,100,"sd","14:04:57",7564400
5100,-100,6100,"bu","14:05:12",7570500
5100,-100,15300,"bu","14:05:16",7585800
5100,-100,20000,"sd","14:05:18",7605800
5100,-100,11000,"sd","14:05:21",7616800
5100,-100,300,"bu","14:05:23",7617100
5100,-100,10400,"sd","14:05:25",7627500
5100,-100,2100,"sd","14:05:27",7629600
5100,-100,500,"sd","14:05:29",7630100
5100,-100,5000,"bu","14:05:31",7635100
5100,-100,200,"bu","14:05:34",7635300
5100,-100,1900,"sd","14:05:36",7637200
5100,-100,2300,"sd","14:05:38",7639500
5100,-100,20100,"bu","14:05:40",7659600
5090,-110,30200,"sd","14:05:45",7689800
5090,-110,5900,"bu","14:05:47",7695700
5090,-110,200,"bu","14:05:51",7695900
5090,-110,10000,"bu","14:05:54",7705900
5090,-110,14300,"sd","14:05:56",7720200
5100,-100,100,"bu","14:06:16",7720300
5100,-100,5000,"bu","14:06:31",7725300
5100,-100,300,"bu","14:06:33",7725600
5100,-100,1500,"sd","14:06:35",7727100
5100,-100,1000,"bu","14:06:38",7728100
5090,-110,44300,"sd","14:06:43",7772400
5090,-110,38700,"bu","14:06:45",7811100
5090,-110,11300,"bu","14:06:47",7822400
5090,-110,2100,"bu","14:06:49",7824500
5090,-110,3600,"bu","14:06:57",7828100
5100,-100,2900,"bu","14:07:02",7831000
5100,-100,200,"bu","14:07:09",7831200
5100,-100,2000,"sd","14:07:25",7833200
5100,-100,3200,"sd","14:07:28",7836400
5100,-100,200,"bu","14:07:30",7836600
5100,-100,4000,"bu","14:07:45",7840600
5100,-100,1000,"bu","14:07:47",7841600
5100,-100,100,"sd","14:07:54",7841700
5090,-110,52600,"bu","14:08:01",7894300
5090,-110,100,"bu","14:08:05",7894400
5090,-110,1000,"bu","14:08:10",7895400
5090,-110,5000,"sd","14:08:17",7900400
5090,-110,100,"sd","14:08:20",7900500
5090,-110,6600,"bu","14:08:22",7907100
5090,-110,1000,"sd","14:08:24",7908100
5090,-110,1400,"bu","14:08:26",7909500
5090,-110,1000,"sd","14:08:28",7910500
5090,-110,1500,"bu","14:08:31",7912000
5090,-110,2000,"bu","14:08:33",7914000
5090,-110,10100,"sd","14:08:38",7924100
5090,-110,22700,"sd","14:08:41",7946800
5100,-100,20000,"sd","14:08:46",7966800
5100,-100,1000,"sd","14:08:51",7967800
5090,-110,400,"bu","14:08:53",7968200
5100,-100,700,"bu","14:08:56",7968900
5100,-100,1000,"sd","14:08:58",7969900
5100,-100,500,"sd","14:09:01",7970400
5110,-90,8000,"sd","14:09:03",7978400
5110,-90,100,"bu","14:09:13",7978500
5110,-90,16000,"bu","14:09:29",7994500
5110,-90,200,"bu","14:09:34",7994700
5110,-90,500,"bu","14:09:39",7995200
5110,-90,10000,"bu","14:09:44",8005200
5110,-90,1800,"sd","14:09:51",8007000
5110,-90,600,"sd","14:09:59",8007600
5110,-90,7600,"sd","14:10:01",8015200
5120,-80,10000,"sd","14:10:08",8025200
5120,-80,3300,"sd","14:10:19",8028500
5110,-90,1200,"bu","14:10:23",8029700
5130,-70,10300,"sd","14:10:31",8040000
5120,-80,50000,"bu","14:10:39",8090000
5130,-70,300,"sd","14:10:41",8090300
5130,-70,5000,"sd","14:10:47",8095300
5140,-60,10000,"sd","14:11:04",8105300
5140,-60,200,"bu","14:11:09",8105500
5140,-60,700,"sd","14:11:19",8106200
5140,-60,12400,"sd","14:11:21",8118600
5140,-60,5000,"sd","14:11:24",8123600
5140,-60,500,"bu","14:11:26",8124100
5150,-50,30400,"bu","14:11:36",8154500
5150,-50,600,"bu","14:11:45",8155100
5150,-50,900,"bu","14:11:47",8156000
5150,-50,100,"sd","14:11:49",8156100
5150,-50,18200,"sd","14:11:59",8174300
5160,-40,34100,"sd","14:12:14",8208400
5160,-40,6100,"sd","14:12:25",8214500
5160,-40,1000,"bu","14:12:27",8215500
5160,-40,6500,"bu","14:12:37",8222000
5170,-30,1000,"bu","14:12:40",8223000
5160,-40,20000,"sd","14:12:42",8243000
5170,-30,2000,"bu","14:12:49",8245000
5170,-30,4600,"sd","14:12:58",8249600
5170,-30,3000,"sd","14:13:01",8252600
5190,-10,3300,"sd","14:13:11",8255900
5180,-20,20000,"sd","14:13:27",8275900
5190,-10,11800,"sd","14:13:31",8287700
5190,-10,700,"bu","14:13:33",8288400
5200,0,27000,"bu","14:13:35",8315400
5090,-110,409100,"sd","14:13:48",8724500
5180,-20,200,"bu","14:13:50",8724700
5200,0,130000,"sd","14:13:57",8854700
5180,-20,10000,"sd","14:14:16",8864700
5200,0,1000,"sd","14:14:18",8865700
5180,-20,1000,"sd","14:14:48",8866700
5180,-20,4000,"bu","14:14:58",8870700
5180,-20,1500,"sd","14:15:07",8872200
5120,-80,5700,"bu","14:15:12",8877900
5120,-80,4000,"bu","14:15:23",8881900
5120,-80,100,"bu","14:15:28",8882000
5120,-80,500,"sd","14:15:31",8882500
5120,-80,1000,"sd","14:15:38",8883500
5120,-80,2800,"bu","14:15:45",8886300
5120,-80,6000,"sd","14:15:50",8892300
5120,-80,1400,"bu","14:15:55",8893700
5120,-80,1500,"sd","14:15:58",8895200
5120,-80,200,"bu","14:16:03",8895400
5120,-80,3000,"bu","14:16:17",8898400
5120,-80,3000,"bu","14:16:22",8901400
5120,-80,1400,"bu","14:16:24",8902800
5120,-80,4000,"sd","14:16:29",8906800
5120,-80,4000,"sd","14:16:33",8910800
5120,-80,10000,"sd","14:16:38",8920800
5120,-80,400,"bu","14:16:40",8921200
5120,-80,10200,"bu","14:16:44",8931400
5120,-80,3000,"bu","14:16:47",8934400
5120,-80,1000,"bu","14:17:07",8935400
5120,-80,21100,"bu","14:17:18",8956500
5120,-80,1000,"sd","14:17:20",8957500
5120,-80,400,"sd","14:17:23",8957900
5120,-80,1000,"sd","14:17:25",8958900
5120,-80,5000,"bu","14:17:30",8963900
5120,-80,1100,"sd","14:17:34",8965000
5120,-80,300,"sd","14:17:36",8965300
5120,-80,2000,"bu","14:17:39",8967300
5120,-80,500,"bu","14:17:52",8967800
5100,-100,104300,"bu","14:18:01",9072100
5100,-100,200,"bu","14:18:09",9072300
5100,-100,500,"bu","14:18:11",9072800
5100,-100,2400,"bu","14:18:19",9075200
5110,-90,100,"sd","14:18:32",9075300
5110,-90,300,"sd","14:18:35",9075600
5120,-80,1800,"bu","14:18:46",9077400
5110,-90,100,"sd","14:18:54",9077500
5100,-100,2000,"sd","14:19:01",9079500
5100,-100,18500,"sd","14:19:05",9098000
5100,-100,1900,"sd","14:19:08",9099900
5100,-100,2000,"sd","14:19:10",9101900
5100,-100,2100,"bu","14:19:17",9104000
5100,-100,11400,"sd","14:19:19",9115400
5100,-100,2000,"bu","14:19:31",9117400
5100,-100,17000,"bu","14:19:49",9134400
5100,-100,100,"sd","14:19:54",9134500
5090,-110,1500,"bu","14:19:58",9136000
5100,-100,10000,"bu","14:20:03",9146000
5100,-100,500,"sd","14:20:08",9146500
5100,-100,4000,"bu","14:20:19",9150500
5100,-100,5900,"sd","14:20:21",9156400
5100,-100,1500,"sd","14:20:24",9157900
5100,-100,500,"bu","14:20:27",9158400
5100,-100,20000,"sd","14:20:30",9178400
5100,-100,1000,"sd","14:20:37",9179400
5100,-100,2000,"bu","14:20:39",9181400
5100,-100,2000,"bu","14:20:44",9183400
5100,-100,1000,"bu","14:20:52",9184400
5100,-100,1700,"bu","14:20:54",9186100
5100,-100,6800,"sd","14:21:00",9192900
5100,-100,8200,"bu","14:21:02",9201100
5100,-100,1000,"sd","14:21:05",9202100
5090,-110,164200,"sd","14:21:40",9366300
5090,-110,100,"sd","14:21:45",9366400
5100,-100,3000,"sd","14:21:58",9369400
5090,-110,200,"sd","14:22:06",9369600
5100,-100,25500,"bu","14:22:11",9395100
5090,-110,5000,"bu","14:22:21",9400100
5090,-110,20700,"sd","14:22:25",9420800
5090,-110,700,"sd","14:22:28",9421500
5080,-120,8000,"sd","14:22:31",9429500
5080,-120,55000,"bu","14:22:36",9484500
5080,-120,30000,"bu","14:22:39",9514500
5080,-120,7800,"bu","14:22:44",9522300
5090,-110,40000,"sd","14:22:49",9562300
5080,-120,9000,"sd","14:22:57",9571300
5090,-110,1100,"sd","14:23:07",9572400
5090,-110,20400,"bu","14:23:15",9592800
5090,-110,400,"sd","14:23:25",9593200
5090,-110,1000,"sd","14:23:31",9594200
5090,-110,18500,"bu","14:23:38",9612700
5100,-100,2000,"bu","14:23:43",9614700
5100,-100,85000,"bu","14:23:48",9699700
5090,-110,64300,"bu","14:23:51",9764000
5090,-110,500,"sd","14:23:55",9764500
5090,-110,2000,"sd","14:24:00",9766500
5090,-110,1100,"sd","14:24:05",9767600
5090,-110,5000,"bu","14:24:10",9772600
5090,-110,300,"sd","14:24:12",9772900
5090,-110,500,"sd","14:24:15",9773400
5090,-110,30700,"bu","14:24:23",9804100
5090,-110,300,"sd","14:24:26",9804400
5090,-110,1000,"sd","14:24:29",9805400
5090,-110,1000,"sd","14:24:31",9806400
5090,-110,2000,"sd","14:24:34",9808400
5090,-110,400,"sd","14:24:41",9808800
5090,-110,100,"bu","14:24:46",9808900
5090,-110,9000,"sd","14:24:51",9817900
5100,-100,200,"bu","14:25:01",9818100
5100,-100,6300,"sd","14:25:17",9824400
5100,-100,6200,"sd","14:25:30",9830600
5090,-110,3000,"sd","14:26:03",9833600
5100,-100,3000,"sd","14:26:16",9836600
5090,-110,400,"bu","14:26:18",9837000
5100,-100,5200,"bu","14:26:20",9842200
5100,-100,200,"bu","14:26:23",9842400
5090,-110,4200,"sd","14:26:37",9846600
5100,-100,1100,"sd","14:26:50",9847700
5100,-100,2600,"sd","14:26:59",9850300
5100,-100,1000,"bu","14:27:04",9851300
5100,-100,2400,"sd","14:27:09",9853700
5090,-110,2000,"bu","14:27:12",9855700
5100,-100,5000,"bu","14:27:14",9860700
5090,-110,18000,"sd","14:27:39",9878700
5100,-100,92000,"sd","14:27:41",9970700
5100,-100,500,"bu","14:27:43",9971200
5090,-110,100,"sd","14:27:58",9971300
5090,-110,400,"sd","14:28:16",9971700
5080,-120,4000,"sd","14:28:19",9975700
5090,-110,600,"bu","14:28:22",9976300
5090,-110,100,"bu","14:28:25",9976400
5090,-110,400,"sd","14:28:33",9976800
5090,-110,5000,"bu","14:28:35",9981800
5090,-110,300,"bu","14:28:39",9982100
5090,-110,5200,"bu","14:28:44",9987300
5090,-110,2100,"bu","14:28:50",9989400
5080,-120,75000,"sd","14:28:57",10064400
5080,-120,20000,"sd","14:29:09",10084400
5070,-130,11200,"sd","14:29:15",10095600
5090,-110,3900,"sd","14:29:17",10099500
5080,-120,100,"sd","14:29:23",10099600
5080,-120,8500,"bu","14:29:25",10108100
5080,-120,2500,"sd","14:29:28",10110600
5070,-130,23900,"bu","14:29:31",10134500
5090,-110,100,"bu","14:29:34",10134600
5090,-110,500,"sd","14:29:48",10135100
5090,-110,6000,"sd","14:29:51",10141100
5090,-110,5100,"sd","14:29:54",10146200
5090,-110,5100,"bu","14:30:02",10151300
5090,-110,4100,"bu","14:30:05",10155400
5080,-120,488800,"sd","14:45:11",10644200
