"price","change","match_qtty","side","time","total_vol"
8380,-630,457300,"sd","09:15:06",457300
8380,-630,6000,"sd","09:15:12",463300
8380,-630,15000,"bu","09:15:14",478300
8380,-630,100,"bu","09:15:14",478400
8380,-630,3300,"bu","09:15:34",481700
8380,-630,100,"bu","09:15:38",481800
8380,-630,1000,"bu","09:15:38",482800
8380,-630,5000,"sd","09:15:41",487800
8380,-630,200,"sd","09:15:42",488000
8380,-630,300,"bu","09:15:43",488300
8380,-630,1000,"bu","09:15:44",489300
8380,-630,100,"bu","09:15:45",489400
8380,-630,500,"sd","09:15:46",489900
8380,-630,30000,"bu","09:15:49",519900
8380,-630,100,"bu","09:15:51",520000
8380,-630,500,"sd","09:15:52",520500
8380,-630,1400,"sd","09:15:57",521900
8380,-630,700,"bu","09:15:58",522600
8380,-630,1000,"bu","09:16:00",523600
8380,-630,500,"sd","09:16:01",524100
8380,-630,300,"sd","09:16:02",524400
8380,-630,2500,"bu","09:16:06",526900
8380,-630,10000,"sd","09:16:07",536900
8380,-630,1000,"sd","09:16:08",537900
8380,-630,1200,"bu","09:16:09",539100
8380,-630,200,"sd","09:16:11",539300
8380,-630,300,"bu","09:16:13",539600
8380,-630,300,"bu","09:16:14",539900
8380,-630,1000,"sd","09:16:15",540900
8380,-630,1100,"bu","09:16:16",542000
8380,-630,2000,"bu","09:16:19",549100
8380,-630,500,"sd","09:16:20",549600
8380,-630,1200,"sd","09:16:22",550800
8380,-630,1900,"bu","09:16:29",552700
8380,-630,1900,"bu","09:16:30",554600
8380,-630,500,"sd","09:16:32",556800
8380,-630,1000,"sd","09:16:32",555600
8380,-630,3200,"bu","09:16:33",558800
8380,-630,600,"bu","09:16:35",559400
8380,-630,2000,"bu","09:16:36",561400
8380,-630,200,"bu","09:16:37",561600
8380,-630,500,"sd","09:16:38",562100
8380,-630,200,"sd","09:16:41",562300
8380,-630,1000,"bu","09:16:51",563300
8380,-630,100,"sd","09:16:51",563400
8380,-630,200,"sd","09:16:54",563600
8380,-630,100,"sd","09:16:55",563700
8380,-630,300,"bu","09:16:57",564000
8380,-630,2600,"bu","09:17:00",566600
8380,-630,200,"bu","09:17:02",566800
8380,-630,2200,"bu","09:17:07",569000
8380,-630,400,"bu","09:17:09",569400
8380,-630,5000,"sd","09:17:16",574400
8380,-630,100,"sd","09:17:19",574500
8380,-630,2600,"sd","09:17:24",577100
8380,-630,200,"sd","09:17:25",577300
8380,-630,500,"bu","09:17:27",577800
8380,-630,300,"sd","09:17:31",578100
8380,-630,200,"sd","09:17:37",578300
8380,-630,1200,"sd","09:17:42",579500
8380,-630,10000,"sd","09:17:46",589500
8380,-630,500,"bu","09:17:48",590000
8380,-630,100,"sd","09:17:57",590100
8380,-630,300,"bu","09:18:01",590400
8380,-630,500,"bu","09:18:08",590900
8380,-630,1000,"bu","09:18:11",591900
8380,-630,300,"bu","09:18:25",592200
8380,-630,100,"sd","09:18:28",592300
8380,-630,5100,"bu","09:18:29",597400
8380,-630,1000,"bu","09:18:40",598500
8380,-630,2700,"bu","09:18:46",601200
8380,-630,2000,"bu","09:18:47",603200
8380,-630,500,"bu","09:18:52",603700
8380,-630,1500,"sd","09:18:57",605200
8380,-630,300,"sd","09:19:02",605500
8380,-630,500,"bu","09:19:16",606000
8380,-630,2400,"sd","09:19:19",608400
8380,-630,200,"sd","09:19:23",608600
8380,-630,100,"bu","09:19:25",608700
8380,-630,3400,"bu","09:19:28",612100
8380,-630,500,"bu","09:19:32",612600
8380,-630,200,"bu","09:19:33",612800
8380,-630,500,"sd","09:19:38",613300
8380,-630,1000,"sd","09:19:41",614300
8380,-630,100,"bu","09:19:43",614400
8380,-630,300,"bu","09:19:44",614700
8380,-630,6500,"sd","09:19:44",621200
8380,-630,500,"sd","09:19:52",621700
8380,-630,600,"bu","09:19:59",622300
8380,-630,200,"bu","09:20:03",622500
8380,-630,100,"sd","09:20:04",622600
8380,-630,600,"sd","09:20:13",623200
8380,-630,400,"bu","09:20:23",623600
8380,-630,1000,"sd","09:20:24",624600
8380,-630,1300,"sd","09:20:30",625900
8380,-630,100,"sd","09:20:34",626000
8380,-630,400,"sd","09:20:37",626400
8380,-630,100,"sd","09:20:51",626500
8380,-630,500,"sd","09:20:57",627000
8380,-630,1000,"sd","09:21:01",628000
8380,-630,100,"bu","09:21:06",628100
8380,-630,1000,"bu","09:21:07",629100
8380,-630,200,"bu","09:21:09",629300
8380,-630,1000,"bu","09:21:16",630300
8380,-630,1100,"sd","09:21:28",631400
8380,-630,1100,"bu","09:21:32",632500
8380,-630,600,"sd","09:21:40",633100
8380,-630,200,"sd","09:21:43",633300
8380,-630,1100,"sd","09:21:43",634400
8380,-630,1100,"bu","09:22:09",635500
8380,-630,2100,"sd","09:22:19",637600
8380,-630,500,"bu","09:22:27",638700
8380,-630,100,"sd","09:22:42",638900
8380,-630,200,"sd","09:22:46",639100
8380,-630,100,"sd","09:22:51",639200
8380,-630,300,"bu","09:23:44",639500
8380,-630,100,"sd","09:23:59",639600
8380,-630,200,"sd","09:24:24",639800
8380,-630,1000,"sd","09:24:25",640800
8380,-630,1300,"bu","09:24:49",642100
8380,-630,100,"sd","09:25:03",642200
8380,-630,1000,"bu","09:25:10",643200
8380,-630,1200,"bu","09:25:39",644400
8380,-630,1000,"sd","09:25:44",645400
8380,-630,100,"sd","09:26:01",645500
8380,-630,800,"bu","09:26:55",646300
8380,-630,300,"sd","09:27:12",646600
8380,-630,1000,"bu","09:27:15",647600
8380,-630,3000,"bu","09:27:19",650600
8380,-630,2500,"bu","09:27:22",653100
8380,-630,2000,"bu","09:27:34",655100
8380,-630,200,"bu","09:27:37",655300
8380,-630,1000,"bu","09:27:42",656300
8380,-630,400,"bu","09:27:57",656700
8380,-630,500,"sd","09:28:11",657200
8380,-630,2100,"bu","09:28:12",659300
8380,-630,3000,"bu","09:28:21",662300
8380,-630,200,"bu","09:28:27",662500
8380,-630,900,"bu","09:29:21",663400
8380,-630,2200,"bu","09:29:29",665600
8380,-630,5000,"bu","09:29:37",670600
8380,-630,2000,"bu","09:29:37",672600
8380,-630,500,"bu","09:29:41",673100
8380,-630,1000,"bu","09:29:56",674100
8380,-630,100,"sd","09:30:04",674200
8380,-630,200,"sd","09:30:05",674400
8380,-630,100,"bu","09:30:10",674500
8380,-630,1800,"sd","09:31:02",676300
8380,-630,100,"bu","09:31:20",676400
8380,-630,5000,"sd","09:31:22",681400
8380,-630,100,"sd","09:31:32",681500
8380,-630,1000,"sd","09:31:58",682500
8380,-630,1100,"sd","09:32:36",683600
8380,-630,500,"bu","09:33:46",684100
8380,-630,2500,"bu","09:33:47",686600
8380,-630,500,"bu","09:34:08",687100
8380,-630,1000,"bu","09:34:09",688100
8380,-630,200,"bu","09:34:24",688300
8380,-630,1000,"sd","09:34:31",689300
8380,-630,2000,"bu","09:34:52",691300
8380,-630,500,"bu","09:34:55",691800
8380,-630,700,"bu","09:34:56",692500
8380,-630,1000,"bu","09:35:17",693500
8380,-630,100,"sd","09:35:39",693600
8380,-630,400,"bu","09:35:42",694000
8380,-630,1000,"bu","09:35:51",695000
8380,-630,100,"sd","09:36:32",695100
8380,-630,1100,"sd","09:37:02",696200
8380,-630,1000,"bu","09:37:18",697200
8380,-630,10000,"sd","09:37:28",707200
8380,-630,100,"sd","09:37:43",707300
8380,-630,1000,"sd","09:37:43",708300
8380,-630,100,"sd","09:37:52",708400
8380,-630,1000,"bu","09:37:55",709400
8380,-630,1000,"bu","09:38:00",710400
8380,-630,1000,"bu","09:38:15",711400
8380,-630,1200,"bu","09:38:28",712600
8380,-630,100,"bu","09:38:33",712700
8380,-630,200,"bu","09:38:43",712900
8380,-630,2000,"bu","09:38:55",714900
8380,-630,200,"sd","09:38:59",715100
8380,-630,1000,"bu","09:39:25",716100
8380,-630,100,"bu","09:39:38",716200
8380,-630,500,"bu","09:39:43",716700
8380,-630,100,"bu","09:40:18",716800
8380,-630,500,"bu","09:41:04",717300
8380,-630,100,"bu","09:41:28",717400
8380,-630,1100,"bu","09:42:30",718500
8380,-630,500,"bu","09:42:38",719000
8380,-630,300,"bu","09:42:44",719300
8380,-630,100,"sd","09:42:55",719400
8380,-630,2400,"bu","09:44:15",721800
8380,-630,1000,"bu","09:44:25",722800
8380,-630,200,"sd","09:45:50",723000
8380,-630,1100,"bu","09:45:56",724100
8380,-630,4000,"sd","09:46:45",728100
8380,-630,300,"bu","09:47:37",728400
8380,-630,500,"sd","09:47:41",728900
8380,-630,1000,"sd","09:48:29",729900
8380,-630,100,"bu","09:48:43",730000
8380,-630,700,"bu","09:49:40",730700
8380,-630,1000,"bu","09:50:01",731700
8380,-630,500,"sd","09:50:45",732200
8380,-630,600,"bu","09:51:22",732800
8380,-630,800,"sd","09:51:38",733600
8380,-630,900,"sd","09:51:41",734500
8380,-630,2000,"sd","09:51:49",736500
8380,-630,200,"sd","09:52:03",736700
8380,-630,100,"bu","09:52:07",736800
8380,-630,1000,"bu","09:52:28",737800
8380,-630,500,"bu","09:53:00",738300
8380,-630,10300,"sd","09:53:01",748600
8380,-630,600,"sd","09:53:24",749200
8380,-630,100,"sd","09:53:25",749300
8380,-630,300,"sd","09:53:35",749600
8380,-630,1000,"bu","09:53:50",750600
8380,-630,1300,"bu","09:54:42",751900
8380,-630,2000,"bu","09:55:25",753900
8380,-630,3000,"sd","09:55:40",756900
8380,-630,1000,"sd","09:55:45",757900
8380,-630,500,"sd","09:56:54",758400
8380,-630,1000,"sd","09:56:55",759400
8380,-630,100,"sd","09:57:14",759500
8380,-630,1100,"bu","09:58:05",760600
8380,-630,300,"bu","09:58:23",760900
8380,-630,200,"bu","09:59:32",761100
8380,-630,100,"bu","09:59:45",761200
8380,-630,200,"sd","10:01:21",761400
8380,-630,100,"bu","10:01:35",761500
8380,-630,1100,"bu","10:02:40",762600
8380,-630,3000,"sd","10:03:06",765600
8380,-630,1000,"sd","10:03:32",766600
8380,-630,500,"bu","10:03:54",767100
8380,-630,600,"sd","10:04:07",767700
8380,-630,300,"bu","10:04:57",768000
8380,-630,500,"bu","10:04:59",768500
8380,-630,100,"bu","10:05:09",768600
8380,-630,300,"bu","10:05:37",768900
8380,-630,300,"sd","10:05:55",769200
8380,-630,100,"bu","10:06:41",769300
8380,-630,1000,"sd","10:07:29",770300
8380,-630,200,"sd","10:07:42",770500
8380,-630,300,"bu","10:09:11",770800
8380,-630,100,"bu","10:10:22",770900
8380,-630,200,"sd","10:11:10",771100
8380,-630,5000,"bu","10:12:12",776100
8380,-630,100,"bu","10:12:19",776200
8380,-630,500,"sd","10:13:02",776700
8380,-630,1300,"bu","10:14:05",778000
8380,-630,1000,"bu","10:14:15",779000
8380,-630,500,"bu","10:14:42",779500
8380,-630,300,"sd","10:14:48",779800
8380,-630,100,"bu","10:14:53",779900
8380,-630,30100,"bu","10:15:25",810000
8380,-630,100,"sd","10:16:09",810100
8380,-630,900,"bu","10:18:05",811000
8380,-630,600,"sd","10:19:22",811600
8380,-630,1300,"bu","10:22:59",812900
8380,-630,500,"bu","10:23:13",813400
8380,-630,1000,"sd","10:24:18",814400
8380,-630,4000,"sd","10:24:28",818400
8380,-630,400,"sd","10:24:37",818800
8380,-630,1000,"sd","10:25:07",819800
8380,-630,100,"sd","10:25:23",819900
8380,-630,600,"sd","10:26:56",820500
8380,-630,200,"sd","10:27:37",820700
8380,-630,300,"bu","10:27:52",821000
8380,-630,500,"bu","10:27:58",821500
8380,-630,600,"sd","10:31:59",822100
8380,-630,400,"sd","10:33:52",822500
8380,-630,500,"bu","10:35:00",823000
8380,-630,1000,"sd","10:35:18",824000
8380,-630,100,"bu","10:37:28",824100
8380,-630,1200,"bu","10:40:30",825300
8380,-630,500,"bu","10:42:22",825800
8380,-630,100,"bu","10:42:59",825900
8380,-630,300,"sd","10:43:39",826200
8380,-630,1000,"bu","10:45:01",827200
8380,-630,500,"sd","10:47:33",827700
8380,-630,100,"sd","10:50:48",827800
8380,-630,1200,"sd","10:55:25",829000
8380,-630,1000,"sd","10:56:48",830000
8380,-630,100,"sd","10:57:59",830100
8380,-630,500,"sd","11:01:02",830600
8380,-630,200,"bu","11:01:44",830800
8380,-630,2500,"sd","11:02:20",833300
8380,-630,1000,"sd","11:06:27",834300
8380,-630,200,"sd","11:06:56",834500
8380,-630,100,"bu","11:08:21",834600
8380,-630,600,"sd","11:09:36",835200
8380,-630,16700,"bu","11:10:34",851900
8380,-630,100,"sd","11:10:43",852000
8380,-630,500,"sd","11:12:14",852500
8380,-630,100,"sd","11:12:46",852600
8380,-630,500,"bu","11:14:45",853100
8380,-630,100,"sd","11:17:49",853200
8380,-630,1000,"sd","11:19:43",854200
8380,-630,100,"sd","11:22:35",854300
8380,-630,300,"sd","11:26:36",854600
8380,-630,1000,"bu","11:28:19",855600
8380,-630,500,"bu","11:29:24",856100
8380,-630,100,"bu","11:30:01",856200
8380,-630,300,"bu","13:00:40",856500
8380,-630,1000,"sd","13:00:41",857500
8380,-630,300,"sd","13:00:44",857800
8380,-630,100,"sd","13:00:56",857900
8380,-630,300,"sd","13:01:07",858200
8380,-630,1000,"bu","13:01:58",859200
8380,-630,100,"sd","13:04:06",859300
8380,-630,200,"sd","13:04:09",859500
8380,-630,900,"sd","13:09:21",860400
8380,-630,200,"bu","13:09:39",860600
8380,-630,500,"sd","13:11:13",861100
8380,-630,700,"sd","13:12:33",861800
8380,-630,2400,"bu","13:19:00",864200
8380,-630,1500,"bu","13:19:42",865700
8380,-630,8000,"bu","13:20:20",873700
8380,-630,500,"bu","13:25:19",874200
8380,-630,100,"sd","13:26:56",874300
8380,-630,5000,"sd","13:28:08",879300
8380,-630,500,"bu","13:28:16",879800
8380,-630,100,"bu","13:29:49",879900
8380,-630,400,"bu","13:29:51",880300
8380,-630,300,"bu","13:30:46",880600
8380,-630,2000,"sd","13:31:03",882600
8380,-630,500,"sd","13:31:05",883100
8380,-630,100,"bu","13:31:10",883200
8380,-630,1000,"sd","13:33:55",884200
8380,-630,100,"sd","13:36:36",884300
8380,-630,200,"sd","13:38:02",884500
8380,-630,1900,"sd","13:40:38",886400
8380,-630,3000,"bu","13:40:42",889400
8380,-630,1000,"bu","13:42:51",890400
8380,-630,200,"bu","13:45:32",890600
8380,-630,900,"sd","13:45:54",891500
8380,-630,200,"sd","13:47:05",891700
8380,-630,500,"bu","13:49:20",892200
8380,-630,100,"sd","13:58:58",892300
8380,-630,400,"sd","14:00:02",892700
8380,-630,3100,"bu","14:02:47",895800
8380,-630,1000,"bu","14:04:12",896800
8380,-630,100,"sd","14:06:02",896900
8380,-630,2100,"bu","14:11:04",899000
8380,-630,200,"bu","14:11:17",899200
8380,-630,100,"bu","14:11:28",899300
8380,-630,1000,"bu","14:11:31",900300
8380,-630,1900,"bu","14:14:51",902200
8380,-630,3500,"sd","14:14:53",905700
8380,-630,100,"sd","14:16:47",905800
8380,-630,1800,"sd","14:19:56",907600
8380,-630,200,"bu","14:22:49",907800
8380,-630,100,"bu","14:23:02",907900
8380,-630,2800,"sd","14:23:15",910700
8380,-630,100,"bu","14:23:22",910800
8380,-630,20000,"bu","14:24:36",930800
8380,-630,800,"bu","14:25:22",931600
8380,-630,200,"sd","14:25:51",931800
8380,-630,100,"sd","14:29:17",931900
8380,-630,9200,"sd","14:45:11",941100
