"price","change","match_qtty","side","time","total_vol"
26900,200,1000,"bu","09:02:27",1000
26900,200,25000,"sd","09:02:48",26000
26900,200,2000,"bu","09:03:25",28000
27200,500,8000,"sd","09:03:43",36000
27100,400,5000,"sd","09:05:10",41000
27000,300,10000,"bu","09:05:44",51000
27100,400,10000,"sd","09:05:58",61000
27100,400,10000,"bu","09:06:43",71000
27100,400,91000,"sd","09:06:50",162000
27200,500,1000,"bu","09:07:00",163000
27200,500,1000,"bu","09:07:18",164000
27200,500,1000,"bu","09:07:35",165000
27200,500,60000,"bu","09:07:40",225000
27200,500,10000,"sd","09:07:43",235000
27200,500,183000,"bu","09:07:45",418000
27300,600,20000,"bu","09:08:00",438000
27300,600,91000,"bu","09:08:12",529000
27300,600,11000,"sd","09:08:23",543000
27300,600,20000,"bu","09:08:41",563000
27400,700,20000,"sd","09:08:42",583000
27400,700,66000,"sd","09:08:43",649000
27300,600,120000,"bu","09:08:47",769000
27400,700,20000,"bu","09:08:59",789000
27400,700,82000,"bu","09:09:14",871000
27400,700,5000,"bu","09:09:16",876000
27400,700,63000,"bu","09:09:19",939000
27300,600,20000,"sd","09:09:38",959000
27300,600,35000,"sd","09:09:39",994000
27300,600,13000,"sd","09:10:09",1007000
27400,700,40000,"bu","09:10:14",1047000
27300,600,20000,"bu","09:10:18",1067000
27300,600,5000,"bu","09:10:19",1072000
27300,600,50000,"sd","09:10:25",1122000
27300,600,4000,"sd","09:10:31",1126000
27300,600,30000,"bu","09:10:34",1156000
27300,600,5000,"bu","09:10:35",1161000
27300,600,20000,"sd","09:10:36",1181000
27300,600,56000,"sd","09:10:45",1237000
27300,600,15000,"bu","09:11:09",1252000
27300,600,2000,"bu","09:11:19",1254000
27300,600,100000,"sd","09:11:37",1354000
27300,600,1000,"sd","09:11:38",1355000
27300,600,20000,"bu","09:11:41",1375000
27300,600,25000,"sd","09:12:12",1400000
27300,600,125000,"bu","09:12:28",1525000
27300,600,4000,"sd","09:12:36",1529000
27300,600,22000,"bu","09:12:42",1551000
27300,600,53000,"bu","09:12:46",1604000
27300,600,1000,"bu","09:12:47",1605000
27300,600,10000,"sd","09:12:59",1615000
27300,600,40000,"sd","09:13:02",1655000
27300,600,10000,"sd","09:13:06",1665000
27300,600,5000,"sd","09:13:10",1670000
27300,600,5000,"sd","09:13:13",1675000
27200,500,20000,"sd","09:13:14",1695000
27300,600,50000,"sd","09:13:27",1745000
27200,500,40000,"sd","09:13:37",1785000
27300,600,21000,"sd","09:13:41",1806000
27300,600,5000,"sd","09:13:47",1811000
27300,600,7000,"sd","09:13:48",1818000
27300,600,1000,"bu","09:13:54",1819000
27300,600,1000,"bu","09:14:02",1820000
27300,600,50000,"bu","09:14:10",1870000
27300,600,73000,"bu","09:14:23",1943000
27300,600,2000,"bu","09:14:31",1945000
27200,500,25000,"sd","09:14:33",1970000
27200,500,10000,"sd","09:15:15",1980000
27300,600,8000,"bu","09:15:36",1988000
27200,500,5000,"bu","09:15:55",1993000
27200,500,2000,"sd","09:16:09",1995000
27200,500,5000,"sd","09:16:26",2000000
27200,500,10000,"sd","09:16:39",2010000
27300,600,5000,"sd","09:17:03",2015000
27200,500,10000,"sd","09:17:38",2025000
27300,600,50000,"bu","09:18:24",2075000
27200,500,10000,"bu","09:18:52",2085000
27200,500,30000,"sd","09:19:36",2115000
27200,500,5000,"sd","09:19:47",2120000
27200,500,10000,"bu","09:20:27",2130000
27200,500,22000,"sd","09:20:33",2152000
27200,500,1000,"bu","09:20:53",2153000
27300,600,50000,"sd","09:20:56",2203000
27200,500,30000,"sd","09:21:04",2233000
27200,500,1000,"bu","09:21:56",2234000
27200,500,20000,"bu","09:22:13",2254000
27300,600,45000,"bu","09:22:39",2299000
27200,500,28000,"sd","09:22:41",2327000
27200,500,1000,"sd","09:22:42",2328000
27200,500,1000,"bu","09:22:57",2329000
27200,500,10000,"bu","09:23:01",2339000
27200,500,5000,"bu","09:23:08",2344000
27200,500,10000,"bu","09:23:13",2354000
27200,500,5000,"sd","09:23:43",2359000
27200,500,170000,"sd","09:23:50",2529000
27200,500,100000,"bu","09:23:53",2629000
27200,500,10000,"bu","09:24:01",2639000
27200,500,50000,"bu","09:24:03",2689000
27200,500,2000,"sd","09:24:04",2691000
27200,500,1000,"sd","09:24:16",2692000
27100,400,10000,"sd","09:24:30",2702000
27100,400,2000,"bu","09:24:37",2704000
27200,500,50000,"sd","09:26:02",2754000
27100,400,1000,"bu","09:27:42",2755000
27100,400,1000,"bu","09:27:57",2756000
27200,500,7000,"sd","09:28:13",2763000
27200,500,1000,"bu","09:28:19",2764000
27100,400,5000,"bu","09:29:12",2769000
27100,400,9000,"bu","09:29:18",2778000
27100,400,100000,"sd","09:29:23",2878000
27100,400,40000,"sd","09:29:27",2918000
27100,400,1000,"bu","09:29:46",2919000
27100,400,9000,"sd","09:29:58",2928000
27100,400,1000,"bu","09:29:59",2929000
27100,400,10000,"bu","09:30:03",2939000
27100,400,3000,"bu","09:30:05",2942000
27100,400,20000,"sd","09:30:09",2962000
27100,400,5000,"bu","09:30:10",2967000
27100,400,97000,"bu","09:30:16",3064000
27100,400,1000,"sd","09:30:59",3065000
27100,400,6000,"bu","09:31:06",3071000
27100,400,1000,"bu","09:31:30",3072000
27100,400,69000,"sd","09:31:56",3141000
27100,400,5000,"bu","09:32:10",3146000
27100,400,34000,"bu","09:33:09",3180000
27100,400,73000,"bu","09:33:10",3253000
27100,400,20000,"bu","09:33:14",3273000
27000,300,1000,"bu","09:33:30",3274000
27100,400,30000,"sd","09:33:54",3304000
27100,400,10000,"sd","09:34:16",3314000
27100,400,5000,"bu","09:34:18",3319000
27100,400,10000,"sd","09:34:30",3329000
27100,400,5000,"bu","09:34:34",3334000
27100,400,15000,"bu","09:34:45",3349000
27100,400,70000,"bu","09:35:33",3419000
27100,400,10000,"sd","09:35:38",3429000
27100,400,6000,"sd","09:35:40",3435000
27100,400,4000,"bu","09:35:55",3439000
27100,400,1000,"bu","09:36:09",3440000
27100,400,2000,"sd","09:36:38",3442000
27100,400,2000,"sd","09:37:15",3444000
27100,400,5000,"sd","09:38:13",3449000
27100,400,10000,"bu","09:38:27",3459000
27100,400,20000,"sd","09:39:00",3479000
27100,400,2000,"bu","09:39:10",3481000
27100,400,11000,"bu","09:39:39",3492000
27100,400,130000,"sd","09:40:16",3622000
27100,400,1000,"sd","09:40:18",3623000
27000,300,5000,"bu","09:40:39",3628000
27000,300,1000,"sd","09:40:58",3629000
27000,300,5000,"bu","09:41:32",3634000
27000,300,12000,"sd","09:41:38",3646000
27000,300,10000,"bu","09:42:43",3656000
27000,300,10000,"bu","09:45:02",3666000
27100,400,7000,"sd","09:48:19",3673000
27100,400,10000,"sd","09:48:58",3683000
27100,400,40000,"bu","09:49:00",3723000
27100,400,2000,"bu","09:51:08",3725000
27100,400,10000,"sd","09:51:47",3735000
27000,300,3000,"bu","09:52:08",3738000
27100,400,20000,"bu","09:53:44",3758000
27100,400,1000,"sd","09:55:30",3759000
27100,400,10000,"sd","09:57:04",3769000
27100,400,1000,"sd","09:57:05",3770000
27100,400,20000,"bu","09:57:12",3790000
27100,400,10000,"bu","09:58:00",3800000
27100,400,5000,"bu","09:59:10",3805000
27100,400,10000,"bu","10:01:51",3815000
27100,400,10000,"bu","10:01:59",3825000
27000,300,11000,"bu","10:03:05",3836000
27000,300,30000,"bu","10:03:30",3866000
27000,300,100000,"sd","10:03:57",3966000
27000,300,10000,"sd","10:06:10",3976000
27000,300,30000,"sd","10:06:27",4006000
27000,300,1000,"bu","10:06:53",4007000
27000,300,10000,"sd","10:06:54",4017000
27000,300,13000,"sd","10:07:35",4030000
27000,300,3000,"bu","10:08:08",4033000
27000,300,10000,"bu","10:08:39",4043000
27000,300,50000,"sd","10:08:53",4093000
27000,300,8000,"sd","10:09:48",4101000
27000,300,1000,"bu","10:10:19",4102000
27000,300,2000,"bu","10:10:43",4104000
27000,300,25000,"sd","10:11:17",4129000
27000,300,30000,"sd","10:11:25",4159000
27000,300,10000,"bu","10:11:28",4169000
27000,300,25000,"sd","10:11:37",4194000
27000,300,10000,"bu","10:11:42",4204000
27000,300,45000,"bu","10:11:47",4249000
27000,300,5000,"sd","10:11:54",4254000
27000,300,60000,"sd","10:11:55",4314000
27000,300,10000,"sd","10:12:23",4324000
26900,200,40000,"sd","10:12:50",4364000
26900,200,30000,"bu","10:13:26",4394000
26900,200,10000,"sd","10:14:15",4404000
26900,200,1000,"sd","10:17:30",4405000
26900,200,5000,"bu","10:18:23",4410000
26900,200,5000,"sd","10:18:59",4415000
26900,200,5000,"sd","10:19:35",4420000
26900,200,2000,"sd","10:20:00",4422000
26900,200,1000,"bu","10:24:03",4423000
26900,200,2000,"bu","10:24:18",4425000
26900,200,5000,"bu","10:25:31",4430000
26900,200,10000,"bu","10:26:20",4440000
27000,300,10000,"bu","10:27:38",4450000
27000,300,1000,"bu","10:28:12",4451000
27000,300,2000,"bu","10:33:36",4453000
27000,300,36000,"sd","10:34:22",4489000
27000,300,1000,"sd","10:35:21",4490000
27000,300,15000,"bu","10:39:11",4505000
27000,300,20000,"sd","10:42:18",4525000
27000,300,7000,"bu","10:47:14",4532000
27000,300,10000,"bu","10:47:42",4542000
26900,200,60000,"sd","10:47:49",4602000
27000,300,20000,"sd","10:48:16",4622000
26900,200,22000,"sd","10:49:16",4644000
27000,300,20000,"bu","10:49:39",4664000
27000,300,1000,"bu","10:57:31",4665000
27000,300,10000,"bu","10:57:38",4675000
27000,300,3000,"bu","10:59:39",4678000
27000,300,3000,"bu","11:00:14",4681000
27000,300,15000,"bu","11:00:57",4696000
26900,200,50000,"sd","11:01:35",4746000
26900,200,10000,"bu","11:04:36",4756000
26900,200,10000,"bu","11:04:42",4766000
26900,200,4000,"sd","11:05:05",4770000
26900,200,2000,"sd","11:09:05",4772000
26900,200,10000,"sd","11:09:28",4782000
26900,200,10000,"bu","11:09:33",4792000
26900,200,10000,"bu","11:09:36",4802000
26900,200,1000,"bu","11:13:12",4803000
27000,300,8000,"bu","11:13:25",4811000
27000,300,197000,"bu","11:16:30",5008000
27000,300,3000,"sd","11:17:38",5011000
27000,300,5000,"bu","11:18:23",5016000
27000,300,1000,"sd","11:20:34",5017000
27000,300,1000,"bu","11:22:09",5018000
27000,300,2000,"sd","11:22:12",5020000
27000,300,8000,"sd","11:23:14",5028000
27000,300,1000,"bu","11:24:05",5029000
26900,200,1000,"sd","11:28:22",5030000
26900,200,1000,"sd","11:29:02",5031000
26900,200,30000,"sd","13:00:13",5061000
26900,200,10000,"sd","13:00:14",5071000
26900,200,5000,"sd","13:00:48",5076000
26900,200,23000,"sd","13:01:35",5099000
26900,200,5000,"sd","13:01:51",5104000
27000,300,1000,"bu","13:04:24",5105000
27000,300,20000,"bu","13:06:26",5125000
26900,200,12000,"bu","13:06:28",5137000
26900,200,3000,"sd","13:06:49",5140000
26900,200,29000,"sd","13:07:31",5169000
26900,200,100000,"sd","13:07:38",5269000
26900,200,66000,"bu","13:08:27",5335000
26900,200,20000,"sd","13:08:48",5355000
26900,200,10000,"bu","13:09:09",5365000
26900,200,1000,"bu","13:09:52",5366000
26900,200,43000,"bu","13:11:45",5409000
26900,200,20000,"bu","13:11:52",5429000
26900,200,20000,"bu","13:11:54",5449000
26900,200,30000,"bu","13:12:08",5479000
26900,200,15000,"bu","13:13:39",5494000
26900,200,84000,"bu","13:15:15",5578000
26900,200,5000,"bu","13:16:15",5583000
26900,200,50000,"bu","13:16:16",5633000
27000,300,10000,"bu","13:16:25",5643000
27000,300,47000,"sd","13:16:49",5690000
27000,300,1000,"sd","13:17:11",5691000
27000,300,15000,"sd","13:17:43",5706000
27000,300,10000,"sd","13:18:28",5716000
27000,300,36000,"sd","13:18:39",5752000
27000,300,20000,"bu","13:19:54",5772000
27000,300,10000,"sd","13:20:03",5782000
27000,300,30000,"sd","13:20:15",5812000
27000,300,5000,"sd","13:20:57",5817000
27000,300,20000,"bu","13:20:59",5837000
27000,300,10000,"sd","13:21:33",5847000
27000,300,20000,"sd","13:21:49",5867000
27000,300,50000,"sd","13:23:12",5917000
27000,300,10000,"sd","13:24:15",5927000
27000,300,1000,"bu","13:24:17",5928000
27000,300,10000,"bu","13:24:44",5938000
27000,300,3000,"sd","13:25:17",5941000
27000,300,6000,"sd","13:25:58",5947000
26900,200,1000,"sd","13:26:16",5948000
27000,300,4000,"sd","13:26:22",5952000
27000,300,4000,"bu","13:26:28",5956000
27000,300,8000,"bu","13:27:03",5964000
27000,300,9000,"sd","13:27:42",5973000
27000,300,16000,"sd","13:27:54",5989000
27000,300,5000,"bu","13:27:55",5994000
27000,300,6000,"bu","13:28:47",6000000
27100,400,5000,"bu","13:28:55",6005000
27000,300,5000,"bu","13:28:57",6010000
27100,400,4000,"sd","13:29:15",6014000
26900,200,400000,"bu","13:29:41",6414000
26900,200,5000,"sd","13:36:37",6419000
26900,200,60000,"bu","13:38:27",6479000
26900,200,10000,"bu","13:40:08",6489000
26900,200,5000,"sd","13:40:42",6494000
26900,200,3000,"sd","13:45:35",6497000
26900,200,10000,"sd","13:45:48",6507000
26900,200,20000,"bu","13:48:07",6527000
26900,200,1000,"sd","13:48:08",6528000
26900,200,20000,"sd","13:49:09",6548000
26900,200,2000,"sd","13:50:04",6550000
26900,200,1000,"sd","13:52:03",6551000
26900,200,15000,"sd","13:52:27",6566000
26900,200,1000,"sd","13:52:38",6567000
26900,200,2000,"sd","13:53:49",6569000
26900,200,3000,"sd","13:54:35",6572000
26800,100,20000,"bu","13:54:58",6592000
26800,100,20000,"bu","13:54:59",6612000
26800,100,20000,"sd","13:55:53",6632000
26800,100,50000,"sd","13:56:03",6682000
26800,100,5000,"sd","13:56:26",6687000
26800,100,10000,"sd","13:56:55",6697000
26800,100,20000,"bu","13:57:03",6717000
26800,100,20000,"sd","13:57:09",6737000
26800,100,45000,"sd","13:57:45",6782000
26800,100,7000,"sd","13:58:17",6789000
26800,100,50000,"sd","13:58:31",6839000
26800,100,5000,"bu","13:58:36",6844000
26800,100,70000,"sd","13:58:47",6914000
26800,100,5000,"bu","14:00:07",6919000
26800,100,20000,"sd","14:01:01",6939000
26800,100,5000,"bu","14:02:41",6944000
26800,100,15000,"sd","14:05:21",6959000
26900,200,3000,"sd","14:05:59",6962000
26900,200,1000,"sd","14:06:35",6963000
26900,200,1000,"sd","14:06:40",6964000
26900,200,7000,"sd","14:06:47",6971000
26900,200,10000,"bu","14:07:29",6981000
26900,200,20000,"sd","14:08:00",7001000
26900,200,1000,"sd","14:08:12",7002000
26900,200,11000,"sd","14:09:29",7013000
26900,200,3000,"sd","14:09:40",7016000
26900,200,1000,"bu","14:10:00",7017000
26900,200,10000,"sd","14:10:05",7027000
26800,100,4000,"sd","14:10:24",7031000
26900,200,1000,"sd","14:10:51",7032000
26900,200,1000,"bu","14:11:40",7033000
26800,100,3000,"bu","14:18:17",7036000
26800,100,5000,"bu","14:18:25",7041000
26800,100,4000,"sd","14:18:48",7045000
26800,100,30000,"sd","14:21:29",7075000
26900,200,25000,"bu","14:23:42",7100000
26800,100,10000,"bu","14:23:59",7110000
26800,100,1000,"sd","14:25:04",7111000
26800,100,2000,"sd","14:25:16",7113000
26800,100,4000,"bu","14:25:56",7117000
26800,100,10000,"bu","14:27:36",7127000
26800,100,19000,"sd","14:27:45",7146000
26800,100,6000,"bu","14:28:06",7152000
26900,200,1000,"sd","14:28:28",7153000
26900,200,10000,"sd","14:29:45",7163000
26900,200,9000,"bu","14:30:05",7172000
26900,200,5000,"bu","14:30:56",7177000
26900,200,1000,"sd","14:31:44",7178000
26900,200,10000,"bu","14:34:20",7188000
26900,200,10000,"bu","14:35:42",7198000
26900,200,1000,"bu","14:38:04",7199000
26900,200,25000,"sd","14:41:26",7224000
26900,200,10000,"sd","14:41:34",7234000
26900,200,2000,"bu","14:41:47",7236000
26800,100,124000,"sd","14:42:09",7360000
26900,200,8000,"sd","14:44:15",7368000
26800,100,10000,"sd","14:48:14",7378000
26900,200,5000,"sd","14:48:41",7383000
26900,200,1000,"sd","14:49:11",7384000
27000,300,10000,"bu","14:50:33",7394000
27000,300,10000,"sd","14:54:49",7404000
27000,300,40000,"bu","14:56:33",7444000
26900,200,1000,"bu","14:57:39",7445000
26900,200,1000,"bu","14:58:18",7446000
27000,300,20000,"sd","14:58:29",7466000
27000,300,10000,"sd","14:58:31",7476000
27000,300,2000,"bu","14:58:36",7478000
27000,300,50000,"bu","14:59:12",7528000
27000,300,100000,"sd","14:59:19",7628000
27000,300,10000,"sd","14:59:43",7638000
27000,300,2000,"bu","14:59:48",7640000
27000,300,300000,"bu","14:59:54",7940000
26900,200,21000,"sd","14:59:55",7961000
