"price","change","match_qtty","side","time","total_vol"
15500,-200,238300,"sd","09:15:06",238300
15500,-200,3000,"sd","09:15:13",241300
15500,-200,3500,"bu","09:15:13",244800
15500,-200,1400,"sd","09:15:13",246200
15500,-200,5000,"bu","09:15:14",251200
15500,-200,10000,"bu","09:15:14",261200
15500,-200,2000,"bu","09:15:14",263200
15500,-200,400,"bu","09:15:15",263600
15500,-200,500,"sd","09:15:16",264100
15550,-150,1000,"sd","09:15:22",265100
15500,-200,500,"sd","09:15:26",265600
15500,-200,12900,"bu","09:15:31",278500
15500,-200,100,"bu","09:15:32",278600
15500,-200,5100,"bu","09:15:36",283700
15500,-200,1000,"bu","09:15:41",284700
15500,-200,100,"bu","09:15:42",284800
15450,-250,2000,"sd","09:15:45",286800
15500,-200,500,"sd","09:15:46",287300
15450,-250,800,"sd","09:15:46",288100
15500,-200,24600,"bu","09:15:46",312700
15500,-200,200,"sd","09:15:46",287800
15500,-200,25000,"bu","09:15:47",312800
15500,-200,300,"bu","09:15:51",313100
15500,-200,300,"sd","09:15:51",313400
15500,-200,500,"bu","09:15:59",313900
15500,-200,1000,"sd","09:16:00",314900
15500,-200,500,"bu","09:16:01",315400
15500,-200,100,"bu","09:16:03",315500
15500,-200,300,"bu","09:16:10",315800
15500,-200,700,"sd","09:16:12",316500
15500,-200,2500,"sd","09:16:13",319000
15500,-200,1000,"bu","09:16:15",320000
15450,-250,200,"bu","09:16:17",320200
15450,-250,1700,"sd","09:16:22",321900
15500,-200,1600,"sd","09:16:37",323500
15450,-250,5900,"sd","09:16:39",329400
15450,-250,200,"bu","09:16:45",329600
15450,-250,30000,"bu","09:16:47",359600
15500,-200,1000,"sd","09:16:49",360600
15500,-200,2000,"bu","09:17:01",362600
15500,-200,100,"bu","09:17:08",363700
15500,-200,600,"bu","09:17:20",364300
15500,-200,5000,"bu","09:17:22",369300
15500,-200,300,"bu","09:17:23",369600
15500,-200,700,"sd","09:17:23",370300
15500,-200,6700,"bu","09:17:37",377000
15500,-200,900,"sd","09:17:42",377900
15500,-200,5000,"bu","09:17:43",382900
15500,-200,6000,"bu","09:17:44",388900
15500,-200,9900,"bu","09:17:45",398800
15450,-250,1300,"sd","09:17:48",400100
15500,-200,700,"bu","09:17:53",400800
15500,-200,1000,"bu","09:17:57",401800
15500,-200,5500,"sd","09:17:58",407300
15500,-200,2500,"bu","09:17:59",410200
15450,-250,1000,"sd","09:18:03",411200
15500,-200,200,"sd","09:18:03",411400
15500,-200,1500,"sd","09:18:09",412900
15500,-200,600,"bu","09:18:14",413500
15500,-200,1000,"bu","09:18:17",414500
15500,-200,300,"bu","09:18:22",414800
15500,-200,800,"sd","09:18:22",416800
15500,-200,100,"sd","09:18:25",416900
15450,-250,600,"bu","09:18:35",417500
15450,-250,2000,"sd","09:18:36",419500
15500,-200,3400,"bu","09:18:38",422900
15500,-200,1000,"bu","09:18:47",423900
15500,-200,100,"bu","09:18:48",424000
15500,-200,300,"sd","09:18:49",424300
15500,-200,2000,"bu","09:18:50",426300
15500,-200,200,"bu","09:18:51",426500
15450,-250,500,"bu","09:18:52",427000
15500,-200,5000,"sd","09:18:56",432000
15500,-200,6000,"sd","09:19:02",438000
15500,-200,100,"sd","09:19:07",438100
15500,-200,1000,"sd","09:19:09",439100
15500,-200,3300,"sd","09:19:10",442400
15450,-250,1000,"sd","09:19:11",443400
15450,-250,30000,"sd","09:19:15",473400
15500,-200,2000,"bu","09:19:16",475400
15500,-200,3000,"bu","09:19:18",478400
15500,-200,400,"bu","09:19:22",478800
15500,-200,1000,"sd","09:19:27",479800
15500,-200,3700,"sd","09:19:29",483500
15500,-200,100,"sd","09:19:30",483600
15450,-250,5000,"sd","09:19:32",488600
15450,-250,1000,"bu","09:19:41",489600
15450,-250,800,"bu","09:19:45",490400
15450,-250,13000,"sd","09:19:50",503400
15450,-250,5000,"sd","09:19:51",508400
15500,-200,2000,"sd","09:19:53",510400
15500,-200,1000,"sd","09:19:59",511400
15450,-250,5000,"sd","09:20:09",516400
15450,-250,2000,"sd","09:20:14",518400
15500,-200,5500,"sd","09:20:15",523900
15500,-200,500,"bu","09:20:18",524400
15500,-200,10000,"sd","09:20:19",534400
15500,-200,100,"bu","09:20:24",534500
15450,-250,2500,"bu","09:20:27",537000
15450,-250,2000,"bu","09:20:33",539000
15450,-250,600,"sd","09:20:34",539600
15500,-200,1800,"bu","09:20:35",541400
15450,-250,100,"bu","09:20:54",541500
15450,-250,10000,"sd","09:20:55",551500
15450,-250,5100,"bu","09:21:01",556600
15500,-200,1000,"sd","09:21:03",557600
15450,-250,3000,"sd","09:21:08",560600
15500,-200,100,"sd","09:21:15",560700
15500,-200,300,"bu","09:21:20",561000
15500,-200,1600,"sd","09:21:22",562600
15450,-250,2000,"sd","09:21:26",564600
15500,-200,100,"bu","09:21:28",564700
15450,-250,1000,"bu","09:21:30",565700
15450,-250,10000,"bu","09:21:34",575700
15450,-250,2800,"sd","09:21:36",578500
15450,-250,300,"sd","09:21:39",578800
15450,-250,1900,"bu","09:21:41",580700
15450,-250,23300,"sd","09:21:45",604000
15450,-250,5000,"bu","09:21:46",609000
15450,-250,100,"bu","09:21:47",609100
15450,-250,15000,"sd","09:21:49",624100
15450,-250,5000,"sd","09:21:50",629100
15450,-250,43800,"sd","09:21:54",672900
15450,-250,32100,"bu","09:21:55",705000
15450,-250,800,"sd","09:21:55",705800
15450,-250,300,"sd","09:21:58",706100
15450,-250,100,"sd","09:22:00",706200
15450,-250,700,"bu","09:22:08",706900
15450,-250,1000,"sd","09:22:09",707900
15400,-300,1300,"bu","09:22:13",709200
15450,-250,1900,"sd","09:22:14",711100
15400,-300,5000,"sd","09:22:15",716100
15450,-250,6000,"sd","09:22:16",722100
15450,-250,300,"bu","09:22:19",722400
15450,-250,1000,"bu","09:22:24",723400
15400,-300,1500,"bu","09:22:25",724900
15400,-300,100000,"sd","09:22:27",824900
15400,-300,500,"bu","09:22:32",825400
15400,-300,10000,"sd","09:22:37",835400
15400,-300,32600,"bu","09:22:38",868000
15400,-300,200,"bu","09:22:40",868200
15400,-300,100,"sd","09:22:45",868300
15400,-300,200,"bu","09:22:46",868500
15400,-300,4300,"sd","09:22:49",872800
15350,-350,2400,"sd","09:22:49",877800
15400,-300,35000,"bu","09:22:50",912800
15400,-300,4700,"sd","09:22:52",920800
15350,-350,300,"bu","09:22:58",921100
15350,-350,30000,"bu","09:23:02",951100
15350,-350,4400,"bu","09:23:03",955500
15400,-300,100,"bu","09:23:05",955600
15350,-350,2800,"sd","09:23:11",958400
15350,-350,1000,"sd","09:23:12",959400
15350,-350,1900,"sd","09:23:12",961300
15400,-300,200,"sd","09:23:14",961500
15350,-350,500,"bu","09:23:15",962000
15350,-350,200,"bu","09:23:16",962200
15350,-350,5900,"sd","09:23:21",968100
15350,-350,8000,"sd","09:23:26",976100
15350,-350,500,"sd","09:23:29",977600
15350,-350,200,"sd","09:23:30",977800
15350,-350,300,"sd","09:23:32",978100
15350,-350,9000,"bu","09:23:35",987100
15300,-400,800,"bu","09:23:36",987900
15350,-350,2600,"bu","09:23:38",990500
15350,-350,20400,"bu","09:23:42",1010900
15350,-350,1400,"sd","09:23:45",1012300
15350,-350,100,"sd","09:23:46",1012400
15350,-350,1500,"sd","09:23:48",1013900
15350,-350,100,"bu","09:23:52",1014000
15350,-350,1000,"sd","09:23:54",1015000
15350,-350,4000,"bu","09:23:55",1019000
15350,-350,1400,"bu","09:23:55",1018400
15350,-350,2600,"sd","09:23:57",1021000
15350,-350,5200,"bu","09:23:58",1026200
15350,-350,200,"bu","09:23:58",1026400
15350,-350,800,"bu","09:24:01",1027200
15350,-350,900,"bu","09:24:03",1028100
15350,-350,500,"bu","09:24:06",1028600
15350,-350,1600,"bu","09:24:10",1030200
15350,-350,1000,"bu","09:24:13",1031200
15350,-350,100,"bu","09:24:15",1031300
15350,-350,600,"bu","09:24:16",1031900
15350,-350,200,"sd","09:24:17",1032100
15300,-400,30100,"sd","09:24:19",1062200
15350,-350,100,"sd","09:24:20",1062300
15300,-400,110900,"bu","09:24:20",1173200
15350,-350,1000,"bu","09:24:22",1174200
15350,-350,4600,"bu","09:24:22",1178800
15350,-350,1000,"sd","09:24:23",1179800
15350,-350,17900,"bu","09:24:24",1197700
15300,-400,8300,"bu","09:24:27",1219500
15350,-350,100,"sd","09:24:30",1219600
15350,-350,14100,"sd","09:24:33",1233700
15300,-400,500,"sd","09:24:34",1234200
15300,-400,1400,"sd","09:24:35",1235600
15300,-400,15100,"sd","09:24:40",1250700
15300,-400,2400,"sd","09:24:49",1253100
15300,-400,700,"sd","09:24:49",1253800
15300,-400,23200,"sd","09:24:57",1277000
15350,-350,3000,"sd","09:24:58",1288000
15300,-400,10000,"bu","09:25:00",1298000
15350,-350,98100,"bu","09:25:02",1396100
15300,-400,55700,"sd","09:25:06",1451800
15250,-450,900,"bu","09:25:07",1452700
15300,-400,6600,"bu","09:25:07",1460300
15300,-400,200,"sd","09:25:08",1460500
15300,-400,900,"bu","09:25:10",1461400
15300,-400,500,"sd","09:25:11",1461900
15300,-400,1000,"bu","09:25:13",1462900
15300,-400,3000,"bu","09:25:15",1465900
15300,-400,10100,"sd","09:25:16",1476000
15300,-400,100,"sd","09:25:17",1476100
15300,-400,1000,"bu","09:25:17",1477100
15300,-400,1000,"sd","09:25:17",1478100
15300,-400,2900,"bu","09:25:19",1481000
15300,-400,500,"sd","09:25:20",1481500
15300,-400,10600,"bu","09:25:21",1492100
15300,-400,1000,"sd","09:25:23",1493100
15300,-400,500,"bu","09:25:25",1493600
15300,-400,5900,"sd","09:25:26",1499500
15300,-400,300,"bu","09:25:27",1499800
15300,-400,6000,"bu","09:25:27",1505800
15300,-400,6500,"bu","09:25:29",1512300
15300,-400,200,"sd","09:25:31",1513100
15300,-400,5100,"sd","09:25:32",1518200
15300,-400,34200,"bu","09:25:33",1552400
15350,-350,500,"bu","09:25:33",1552900
15300,-400,300,"bu","09:25:33",1553200
15300,-400,2000,"sd","09:25:37",1555200
15300,-400,4600,"bu","09:25:38",1559800
15300,-400,500,"sd","09:25:39",1560300
15300,-400,1500,"bu","09:25:40",1561800
15300,-400,1100,"bu","09:25:42",1562900
15250,-450,5000,"bu","09:25:43",1567900
15300,-400,2900,"bu","09:25:43",1570800
15300,-400,2000,"sd","09:25:45",1572800
15300,-400,4400,"bu","09:25:46",1577200
15300,-400,6600,"bu","09:25:49",1583800
15300,-400,2500,"bu","09:25:52",1587300
15300,-400,100,"bu","09:25:53",1587400
15350,-350,400,"bu","09:25:58",1587800
15300,-400,700,"bu","09:26:02",1588500
15350,-350,1000,"bu","09:26:08",1589500
15350,-350,1500,"sd","09:26:15",1591000
15350,-350,200,"sd","09:26:18",1591200
15350,-350,3000,"bu","09:26:19",1594200
15300,-400,5000,"bu","09:26:20",1599200
15350,-350,1000,"sd","09:26:21",1600200
15350,-350,1500,"sd","09:26:23",1601700
15350,-350,4600,"bu","09:26:34",1606300
15350,-350,4600,"sd","09:26:36",1610900
15350,-350,9300,"bu","09:26:44",1623500
15400,-300,300,"bu","09:26:46",1623800
15350,-350,3000,"sd","09:26:50",1626800
15300,-400,8000,"bu","09:26:55",1634800
15350,-350,200,"bu","09:26:58",1635000
15350,-350,1300,"sd","09:26:59",1636300
15350,-350,1000,"sd","09:27:00",1637300
15350,-350,2400,"bu","09:27:02",1639700
15300,-400,100,"bu","09:27:03",1639800
15350,-350,3100,"sd","09:27:06",1642900
15350,-350,300,"sd","09:27:10",1643200
15400,-300,1000,"sd","09:27:12",1644200
15400,-300,200,"bu","09:27:28",1644400
15400,-300,100,"bu","09:27:32",1644500
15400,-300,22100,"bu","09:27:34",1666600
15400,-300,1000,"sd","09:27:37",1667600
15400,-300,1200,"sd","09:27:39",1668800
15400,-300,900,"sd","09:27:40",1669700
15400,-300,1300,"sd","09:27:40",1671000
15400,-300,7000,"sd","09:27:41",1678000
15400,-300,100,"sd","09:27:42",1679600
15400,-300,400,"bu","09:27:43",1680000
15400,-300,1000,"bu","09:27:44",1681000
15400,-300,7900,"bu","09:27:46",1688900
15400,-300,2600,"bu","09:27:48",1691500
15400,-300,2000,"bu","09:27:50",1693500
15400,-300,200,"bu","09:27:53",1693700
15400,-300,2000,"bu","09:27:54",1695700
15400,-300,200,"sd","09:28:00",1695900
15400,-300,300,"bu","09:28:04",1696200
15400,-300,200,"bu","09:28:07",1696400
15400,-300,500,"bu","09:28:11",1696900
15400,-300,200,"bu","09:28:11",1697100
15400,-300,1000,"sd","09:28:12",1698100
15400,-300,5000,"sd","09:28:19",1703100
15400,-300,1500,"sd","09:28:20",1704600
15400,-300,200,"bu","09:28:24",1705200
15400,-300,2000,"bu","09:28:26",1707200
15400,-300,1700,"bu","09:28:27",1708900
15400,-300,500,"sd","09:28:28",1709400
15400,-300,400,"bu","09:28:33",1709800
15400,-300,300,"sd","09:28:34",1710100
15400,-300,1000,"bu","09:28:36",1711100
15400,-300,5000,"bu","09:28:36",1716100
15400,-300,20200,"bu","09:28:39",1736300
15400,-300,1100,"bu","09:28:40",1737400
15400,-300,1400,"sd","09:28:47",1738800
15400,-300,1000,"sd","09:28:48",1739800
15400,-300,100,"bu","09:28:49",1739900
15400,-300,2000,"sd","09:28:51",1741900
15400,-300,3100,"sd","09:28:52",1745000
15400,-300,700,"sd","09:29:04",1745700
15400,-300,200,"bu","09:29:08",1745900
15450,-250,100,"sd","09:29:11",1746000
15400,-300,1000,"sd","09:29:14",1747000
15450,-250,5000,"sd","09:29:20",1752000
15450,-250,1000,"sd","09:29:23",1753000
15450,-250,100,"sd","09:29:26",1753100
15450,-250,200,"sd","09:29:27",1753300
15450,-250,100,"sd","09:29:28",1753400
15450,-250,4000,"bu","09:29:31",1757400
15450,-250,200,"bu","09:29:34",1757600
15450,-250,100,"sd","09:29:37",1757700
15450,-250,500,"sd","09:29:40",1758200
15400,-300,3000,"bu","09:29:44",1761200
15450,-250,500,"bu","09:29:44",1761700
15450,-250,2000,"bu","09:29:45",1763700
15450,-250,300,"bu","09:29:48",1764000
15450,-250,200,"sd","09:29:50",1764200
15450,-250,600,"sd","09:29:52",1764800
15450,-250,200,"bu","09:29:56",1765000
15450,-250,2000,"bu","09:29:57",1767000
15450,-250,100,"sd","09:30:05",1767100
15450,-250,23000,"sd","09:30:08",1790100
15450,-250,2400,"bu","09:30:09",1792500
15450,-250,500,"bu","09:30:35",1793000
15450,-250,1100,"sd","09:30:38",1794100
15450,-250,2000,"sd","09:30:42",1796100
15450,-250,900,"sd","09:30:57",1797000
15450,-250,5000,"bu","09:31:00",1802000
15450,-250,20000,"bu","09:31:16",1822000
15450,-250,500,"sd","09:31:17",1822500
15500,-200,2000,"bu","09:31:27",1824500
15500,-200,100,"bu","09:31:35",1824600
15500,-200,3400,"sd","09:31:35",1828000
15500,-200,3000,"bu","09:31:40",1831000
15500,-200,8100,"bu","09:31:41",1839100
15450,-250,33900,"sd","09:31:42",1873000
15450,-250,3500,"sd","09:31:43",1876500
15500,-200,200,"sd","09:31:47",1876700
15500,-200,300,"bu","09:31:52",1877000
15500,-200,100,"bu","09:31:54",1877100
15450,-250,2000,"sd","09:31:58",1879100
15450,-250,2000,"bu","09:32:07",1881100
15500,-200,12700,"sd","09:32:10",1893800
15500,-200,100,"bu","09:32:11",1893900
15500,-200,5000,"bu","09:32:14",1898900
15500,-200,2900,"sd","09:32:14",1901800
15500,-200,2000,"bu","09:32:15",1903800
15500,-200,3000,"sd","09:32:19",1906800
15500,-200,100,"sd","09:32:27",1906900
15500,-200,200,"bu","09:32:30",1907100
15500,-200,15000,"sd","09:32:32",1922100
15500,-200,500,"sd","09:32:34",1922600
15500,-200,5000,"bu","09:32:35",1927600
15500,-200,700,"bu","09:32:39",1928300
15500,-200,9800,"sd","09:32:44",1938100
15500,-200,500,"bu","09:32:45",1938600
15500,-200,1000,"sd","09:32:46",1939600
15500,-200,200,"sd","09:32:47",1939800
15500,-200,2000,"sd","09:32:48",1941800
15500,-200,1000,"bu","09:32:50",1942800
15500,-200,3000,"sd","09:32:51",1945800
15500,-200,5100,"bu","09:32:53",1950900
15500,-200,100,"bu","09:33:05",1951000
15500,-200,1900,"bu","09:33:06",1952900
15500,-200,400,"sd","09:33:07",1953300
15500,-200,8200,"bu","09:33:08",1961500
15500,-200,2000,"bu","09:33:09",1963500
15500,-200,6200,"bu","09:33:10",1969700
15500,-200,1400,"sd","09:33:24",1971100
15500,-200,5600,"bu","09:33:27",1976700
15550,-150,1000,"bu","09:33:34",1977700
15550,-150,100,"bu","09:33:48",1977800
15550,-150,10200,"bu","09:34:03",1988000
15500,-200,10000,"sd","09:34:05",1998000
15500,-200,1000,"bu","09:34:09",1999000
15550,-150,100,"bu","09:34:11",1999100
15500,-200,500,"sd","09:34:12",1999600
15500,-200,10000,"bu","09:34:22",2009600
15500,-200,6000,"bu","09:34:30",2015600
15500,-200,18000,"bu","09:34:37",2033600
15500,-200,4200,"bu","09:34:43",2037800
15500,-200,600,"sd","09:34:45",2038400
15500,-200,1100,"sd","09:34:46",2039500
15500,-200,200,"bu","09:34:47",2039700
15500,-200,1000,"bu","09:34:48",2040700
15500,-200,600,"sd","09:34:52",2041300
15500,-200,3000,"sd","09:34:59",2044300
15500,-200,100,"bu","09:35:02",2044400
15500,-200,700,"bu","09:35:07",2045100
15500,-200,1000,"sd","09:35:10",2046100
15450,-250,200,"bu","09:35:14",2046300
15500,-200,1000,"bu","09:35:17",2047300
15500,-200,300,"sd","09:35:21",2047600
15500,-200,200,"sd","09:35:23",2047800
15500,-200,30000,"bu","09:35:24",2077800
15500,-200,27000,"sd","09:35:26",2104800
15500,-200,1000,"bu","09:35:28",2105800
15500,-200,1000,"sd","09:35:29",2106800
15500,-200,400,"bu","09:35:32",2107200
15500,-200,500,"bu","09:35:36",2107700
15500,-200,6200,"sd","09:35:39",2113900
15500,-200,1000,"bu","09:35:44",2114900
15500,-200,7000,"bu","09:35:55",2121900
15500,-200,1000,"bu","09:35:57",2122900
15500,-200,100,"sd","09:36:00",2123000
15500,-200,200,"sd","09:36:05",2123200
15500,-200,300,"sd","09:36:07",2123500
15500,-200,11200,"bu","09:36:09",2134700
15500,-200,1000,"sd","09:36:11",2135700
15500,-200,2100,"bu","09:36:12",2137800
15450,-250,18000,"sd","09:36:19",2155800
15500,-200,600,"sd","09:36:20",2156400
15500,-200,3200,"bu","09:36:22",2159600
15500,-200,1000,"bu","09:36:32",2160600
15500,-200,200,"sd","09:36:36",2160800
15500,-200,500,"bu","09:36:37",2161300
15500,-200,2000,"bu","09:36:42",2163300
15500,-200,3000,"sd","09:36:46",2166300
15500,-200,11400,"bu","09:36:53",2177700
15500,-200,300,"bu","09:36:58",2178000
15500,-200,200,"bu","09:37:00",2178200
15500,-200,1000,"bu","09:37:10",2179200
15500,-200,10000,"sd","09:37:21",2189200
15500,-200,100,"sd","09:37:25",2189300
15500,-200,1100,"sd","09:37:38",2190400
15450,-250,1000,"bu","09:37:45",2193400
15450,-250,1200,"sd","09:37:53",2195600
15500,-200,10000,"bu","09:37:55",2205600
15450,-250,5000,"sd","09:37:59",2210600
15500,-200,100,"sd","09:38:08",2210700
15450,-250,5300,"sd","09:38:13",2216000
15500,-200,200,"bu","09:38:25",2216200
15500,-200,100,"sd","09:38:31",2216300
15500,-200,2100,"sd","09:38:48",2218400
15500,-200,5200,"bu","09:38:56",2223600
15500,-200,1000,"bu","09:39:01",2224600
15500,-200,200,"sd","09:39:09",2224800
15500,-200,500,"bu","09:39:10",2225300
15500,-200,200,"bu","09:39:11",2225500
15500,-200,1000,"bu","09:39:14",2226500
15500,-200,3500,"sd","09:39:19",2230000
15500,-200,500,"bu","09:39:23",2230500
15500,-200,700,"bu","09:39:33",2231200
15500,-200,200,"bu","09:39:36",2231400
15500,-200,500,"bu","09:39:39",2231900
15500,-200,200,"sd","09:39:41",2232100
15500,-200,500,"sd","09:39:47",2232600
15500,-200,2000,"sd","09:39:50",2234600
15500,-200,500,"bu","09:39:54",2235100
15500,-200,100,"bu","09:39:55",2235200
15500,-200,600,"sd","09:40:02",2235800
15500,-200,400,"sd","09:40:04",2236200
15500,-200,16000,"sd","09:40:08",2252200
15500,-200,3000,"bu","09:40:13",2255200
15500,-200,19000,"sd","09:40:19",2274200
15500,-200,14600,"sd","09:40:20",2288800
15500,-200,1100,"sd","09:40:21",2289900
15500,-200,8800,"bu","09:40:32",2298700
15500,-200,1800,"bu","09:40:39",2300500
15550,-150,1000,"sd","09:40:42",2301500
15500,-200,500,"bu","09:40:43",2302000
15500,-200,5000,"sd","09:40:49",2307000
15500,-200,5000,"bu","09:41:00",2312000
15500,-200,7700,"bu","09:41:01",2319700
15500,-200,800,"sd","09:41:16",2320500
15500,-200,200,"sd","09:41:24",2320700
15500,-200,5000,"bu","09:41:25",2325700
15500,-200,200,"sd","09:41:27",2325900
15500,-200,12000,"bu","09:41:40",2337900
15500,-200,10000,"bu","09:41:41",2347900
15500,-200,500,"sd","09:41:42",2348400
15500,-200,200,"bu","09:41:43",2348600
15500,-200,5000,"bu","09:41:46",2353600
15500,-200,100,"sd","09:41:49",2353700
15500,-200,500,"bu","09:41:54",2354200
15500,-200,400,"sd","09:41:54",2354600
15500,-200,2000,"bu","09:42:03",2356600
15500,-200,100,"bu","09:42:06",2356700
15500,-200,1000,"sd","09:42:08",2357700
15500,-200,100,"bu","09:42:12",2357800
15450,-250,1000,"bu","09:42:17",2358800
15500,-200,1000,"sd","09:42:25",2359800
15500,-200,300,"bu","09:42:28",2360100
15500,-200,1000,"sd","09:42:32",2361100
15450,-250,5000,"bu","09:42:41",2366100
15500,-200,6000,"bu","09:42:43",2372100
15500,-200,100,"sd","09:42:49",2372200
15500,-200,1000,"sd","09:43:07",2373200
15500,-200,100,"bu","09:43:10",2373300
15500,-200,24600,"bu","09:43:12",2397900
15500,-200,5000,"bu","09:43:29",2402900
15500,-200,1300,"sd","09:43:31",2404200
15500,-200,10000,"bu","09:43:34",2414200
15500,-200,200,"bu","09:43:45",2414400
15500,-200,1000,"bu","09:43:53",2415400
15500,-200,1000,"bu","09:44:04",2416400
15500,-200,10000,"bu","09:44:05",2426400
15500,-200,200,"bu","09:44:19",2426600
15500,-200,100,"sd","09:44:22",2426700
15500,-200,800,"bu","09:44:23",2427500
15500,-200,500,"bu","09:44:25",2428000
15450,-250,200,"sd","09:44:33",2428200
15450,-250,2000,"sd","09:44:46",2430200
15450,-250,100,"bu","09:45:04",2430300
15500,-200,1000,"sd","09:45:16",2431300
15450,-250,100,"sd","09:45:20",2431400
15450,-250,2200,"bu","09:45:31",2433600
15450,-250,1300,"bu","09:45:40",2434900
15500,-200,1200,"bu","09:45:51",2436100
15450,-250,10000,"bu","09:45:54",2446100
15450,-250,1000,"bu","09:45:57",2447100
15450,-250,700,"sd","09:46:01",2447800
15500,-200,1000,"bu","09:46:03",2448800
15500,-200,400,"sd","09:46:14",2449200
15450,-250,700,"sd","09:46:31",2449900
15450,-250,500,"bu","09:46:56",2450400
15450,-250,6500,"bu","09:47:14",2456900
15450,-250,100,"sd","09:47:21",2457000
15450,-250,1000,"sd","09:47:30",2458000
15450,-250,36100,"sd","09:47:40",2494100
15450,-250,6000,"sd","09:47:43",2500100
15500,-200,5000,"sd","09:47:46",2505100
15450,-250,40000,"sd","09:47:51",2545100
15450,-250,1500,"sd","09:48:02",2546600
15450,-250,500,"bu","09:48:07",2547100
15450,-250,2100,"sd","09:48:08",2549200
15500,-200,400,"bu","09:48:09",2549600
15450,-250,500,"sd","09:48:13",2550100
15450,-250,2200,"sd","09:48:23",2552300
15450,-250,10000,"bu","09:48:43",2562300
15450,-250,3000,"bu","09:48:51",2565300
15450,-250,20000,"sd","09:48:59",2585300
15450,-250,19200,"bu","09:49:08",2604500
15450,-250,6000,"sd","09:49:15",2610500
15450,-250,10000,"bu","09:49:18",2620500
15450,-250,100,"bu","09:49:21",2620600
15450,-250,5400,"bu","09:49:25",2626000
15450,-250,3000,"bu","09:49:26",2629000
15450,-250,200,"sd","09:49:33",2629200
15450,-250,1000,"bu","09:49:55",2630200
15450,-250,5500,"sd","09:50:19",2635700
15500,-200,1000,"bu","09:50:34",2636700
15500,-200,100,"sd","09:50:49",2636800
15500,-200,500,"bu","09:50:56",2637300
15450,-250,2000,"bu","09:51:12",2639300
15500,-200,400,"sd","09:51:13",2639700
15500,-200,2000,"sd","09:51:14",2641700
15450,-250,90000,"bu","09:51:15",2731700
15450,-250,800,"bu","09:51:35",2732500
15450,-250,10000,"bu","09:52:13",2742500
15450,-250,800,"bu","09:52:15",2743300
15450,-250,1300,"bu","09:52:17",2744600
15450,-250,10200,"sd","09:52:20",2754800
15450,-250,200,"sd","09:52:26",2755000
15450,-250,300,"sd","09:52:49",2755300
15450,-250,1000,"sd","09:52:52",2756300
15400,-300,5000,"bu","09:52:57",2761300
15450,-250,1500,"sd","09:53:02",2762800
15450,-250,1000,"bu","09:53:04",2763800
15450,-250,4500,"sd","09:53:10",2768300
15450,-250,100,"bu","09:53:22",2768900
15450,-250,4700,"sd","09:53:37",2773600
15450,-250,300,"bu","09:53:42",2773900
15450,-250,100,"bu","09:53:44",2774000
15450,-250,1000,"bu","09:54:01",2775000
15450,-250,500,"bu","09:54:02",2775500
15400,-300,2000,"sd","09:54:04",2777500
15450,-250,1000,"bu","09:54:08",2778500
15450,-250,200,"sd","09:54:13",2778700
15450,-250,11200,"sd","09:54:42",2789900
15450,-250,10000,"sd","09:54:49",2799900
15450,-250,500,"bu","09:54:50",2800400
15450,-250,2900,"sd","09:54:56",2803300
15450,-250,1700,"sd","09:54:58",2805000
15400,-300,3900,"sd","09:54:59",2808900
15450,-250,100,"bu","09:55:01",2809000
15450,-250,2600,"bu","09:55:14",2811600
15450,-250,3100,"sd","09:55:49",2814700
15450,-250,500,"bu","09:56:04",2815200
15450,-250,100,"bu","09:56:06",2815300
15450,-250,2000,"bu","09:56:07",2817300
15450,-250,1000,"sd","09:56:08",2818300
15450,-250,3100,"bu","09:56:15",2821400
15450,-250,2000,"sd","09:56:18",2823400
15450,-250,100,"bu","09:56:21",2823500
15450,-250,1000,"bu","09:56:22",2824500
15450,-250,500,"sd","09:56:29",2825000
15450,-250,9900,"bu","09:56:30",2834900
15450,-250,2200,"bu","09:56:32",2837100
15450,-250,500,"sd","09:56:34",2837600
15450,-250,500,"sd","09:56:37",2838100
15450,-250,900,"bu","09:56:38",2839000
15450,-250,200,"bu","09:56:44",2839200
15450,-250,3300,"sd","09:56:47",2842500
15450,-250,1000,"bu","09:56:49",2843500
15450,-250,5000,"bu","09:56:51",2848500
15450,-250,700,"bu","09:56:54",2849200
15450,-250,1200,"bu","09:56:59",2850400
15450,-250,1800,"sd","09:57:04",2852200
15450,-250,1000,"sd","09:57:20",2853200
15450,-250,700,"sd","09:57:48",2853900
15500,-200,600,"sd","09:57:57",2854500
15450,-250,300,"sd","09:57:58",2854800
15500,-200,100,"sd","09:58:00",2854900
15500,-200,500,"bu","09:58:24",2855400
15500,-200,1000,"sd","09:58:30",2856400
15500,-200,200,"sd","09:58:39",2856600
15500,-200,100,"bu","09:59:34",2856700
15500,-200,500,"sd","09:59:50",2857200
15500,-200,100,"bu","09:59:51",2857300
15500,-200,10500,"bu","10:00:05",2867800
15500,-200,100,"bu","10:00:16",2867900
15500,-200,1000,"bu","10:00:29",2868900
15500,-200,600,"bu","10:00:32",2869500
15450,-250,15000,"bu","10:00:39",2884500
15450,-250,3000,"sd","10:00:56",2887500
15450,-250,100,"bu","10:01:03",2887600
15450,-250,1000,"bu","10:01:21",2888600
15450,-250,2000,"sd","10:01:40",2890600
15450,-250,200,"sd","10:01:55",2890800
15500,-200,600,"bu","10:02:01",2891400
15450,-250,3100,"sd","10:02:04",2894500
15500,-200,1000,"bu","10:02:08",2895500
15500,-200,1100,"sd","10:02:22",2896600
15450,-250,31000,"bu","10:02:27",2927600
15500,-200,3500,"bu","10:02:38",2931100
15500,-200,100,"sd","10:02:52",2931200
15500,-200,200,"sd","10:03:02",2931400
15500,-200,5000,"bu","10:03:03",2936400
15500,-200,100,"sd","10:03:05",2936500
15500,-200,4500,"sd","10:03:08",2941000
15450,-250,700,"bu","10:03:09",2941700
15450,-250,100,"bu","10:03:23",2941800
15450,-250,2000,"sd","10:03:31",2943800
15450,-250,5000,"sd","10:03:37",2948800
15450,-250,500,"bu","10:04:25",2949300
15500,-200,3000,"bu","10:04:51",2952300
15500,-200,1500,"sd","10:05:06",2953800
15500,-200,400,"sd","10:05:17",2954200
15500,-200,5100,"sd","10:05:18",2959300
15500,-200,3000,"sd","10:05:19",2962300
15500,-200,100,"sd","10:05:32",2962400
15500,-200,200,"sd","10:05:33",2962600
15500,-200,300,"bu","10:05:45",2962900
15500,-200,12600,"bu","10:05:52",2975500
15500,-200,37800,"bu","10:05:54",3013300
15500,-200,3000,"bu","10:05:57",3016300
15500,-200,7000,"sd","10:06:04",3023300
15500,-200,100,"sd","10:06:07",3023400
15500,-200,200,"bu","10:06:09",3023600
15500,-200,1000,"sd","10:06:11",3024600
15500,-200,100,"bu","10:06:12",3024700
15500,-200,3000,"bu","10:06:16",3027700
15500,-200,10000,"sd","10:06:20",3037700
15500,-200,1000,"sd","10:06:21",3038700
15500,-200,7700,"sd","10:06:23",3046400
15550,-150,500,"bu","10:07:00",3046900
15550,-150,2000,"bu","10:07:36",3048900
15550,-150,1200,"bu","10:07:53",3050100
15550,-150,200,"bu","10:07:54",3050300
15500,-200,500,"bu","10:07:55",3050800
15550,-150,20000,"bu","10:07:56",3070800
15550,-150,500,"sd","10:08:03",3071300
15550,-150,300,"sd","10:08:04",3071600
15550,-150,500,"bu","10:08:11",3072100
15550,-150,5800,"sd","10:08:13",3077900
15500,-200,1500,"bu","10:08:19",3079400
15550,-150,1000,"sd","10:08:20",3080400
15550,-150,100,"bu","10:08:30",3080500
15550,-150,200,"bu","10:08:36",3080700
15550,-150,700,"bu","10:09:03",3081400
15550,-150,2700,"sd","10:09:07",3084100
15550,-150,3500,"sd","10:09:08",3087600
15500,-200,100,"sd","10:09:11",3087700
15550,-150,200,"bu","10:09:14",3087900
15550,-150,300,"bu","10:09:25",3088200
15550,-150,7500,"bu","10:09:27",3095700
15550,-150,500,"sd","10:09:29",3096200
15550,-150,400,"sd","10:09:32",3096600
15550,-150,2000,"bu","10:09:36",3098600
15550,-150,200,"bu","10:09:38",3098800
15550,-150,900,"sd","10:09:58",3099700
15550,-150,2000,"bu","10:10:08",3101700
15550,-150,1000,"sd","10:10:15",3102700
15550,-150,600,"bu","10:10:18",3103300
15550,-150,500,"bu","10:10:24",3103800
15550,-150,2000,"bu","10:10:28",3105800
15550,-150,1000,"bu","10:10:39",3106800
15550,-150,5000,"sd","10:10:53",3111800
15500,-200,39000,"bu","10:10:55",3150800
15500,-200,63900,"sd","10:10:58",3214700
15500,-200,4200,"bu","10:11:02",3218900
15500,-200,200,"bu","10:11:03",3219100
15500,-200,5000,"bu","10:11:07",3224100
15500,-200,2000,"sd","10:11:10",3226100
15500,-200,100,"bu","10:11:12",3226200
15500,-200,300,"sd","10:11:15",3226500
15500,-200,100,"sd","10:11:21",3226600
15500,-200,11000,"bu","10:11:25",3237600
15500,-200,500,"bu","10:11:29",3238100
15500,-200,900,"bu","10:11:30",3239000
15500,-200,600,"bu","10:11:32",3239600
15500,-200,200,"bu","10:11:36",3239800
15500,-200,4700,"bu","10:11:48",3244500
15500,-200,100,"sd","10:11:49",3244600
15500,-200,600,"sd","10:11:51",3245200
15500,-200,300,"sd","10:11:54",3245500
15500,-200,300,"bu","10:11:58",3245800
15500,-200,1000,"bu","10:12:02",3246800
15500,-200,2000,"bu","10:12:12",3248800
15500,-200,1000,"bu","10:12:27",3249800
15500,-200,700,"bu","10:12:39",3250500
15500,-200,21000,"bu","10:12:40",3271500
15500,-200,1000,"sd","10:12:42",3272500
15500,-200,47800,"sd","10:12:47",3320300
15500,-200,1000,"bu","10:12:53",3321300
15550,-150,3100,"sd","10:13:57",3324400
15500,-200,600,"bu","10:14:03",3325000
15500,-200,200,"bu","10:14:36",3325200
15500,-200,4000,"sd","10:14:43",3329200
15500,-200,200,"bu","10:15:00",3329400
15500,-200,4500,"bu","10:15:16",3333900
15500,-200,700,"sd","10:15:22",3334600
15550,-150,100,"bu","10:15:38",3334700
15500,-200,200,"bu","10:15:57",3334900
15550,-150,100,"bu","10:16:06",3335000
15500,-200,700,"bu","10:16:07",3335700
15500,-200,200,"bu","10:16:08",3335900
15500,-200,700,"bu","10:16:22",3336600
15550,-150,200,"bu","10:16:27",3336800
15550,-150,2000,"sd","10:17:06",3338800
15550,-150,200,"bu","10:17:45",3339000
15500,-200,1000,"sd","10:17:50",3340000
15550,-150,6000,"sd","10:17:58",3346000
15550,-150,1000,"sd","10:18:01",3347000
15500,-200,1500,"bu","10:18:15",3348500
15550,-150,1100,"sd","10:18:17",3349600
15500,-200,1600,"sd","10:18:25",3351200
15550,-150,900,"bu","10:18:33",3352100
15500,-200,10000,"sd","10:18:42",3362100
15500,-200,4000,"bu","10:18:48",3366100
15500,-200,2000,"bu","10:19:09",3368100
15500,-200,2000,"bu","10:19:23",3370100
15500,-200,1000,"bu","10:19:24",3371100
15500,-200,100000,"bu","10:19:32",3471100
15500,-200,5500,"sd","10:19:35",3476600
15500,-200,4400,"sd","10:19:40",3481000
15500,-200,100,"bu","10:19:41",3481100
15500,-200,1100,"bu","10:20:00",3482200
15500,-200,20700,"sd","10:20:08",3502900
15500,-200,100,"bu","10:20:16",3503000
15500,-200,1000,"sd","10:20:39",3504000
15450,-250,1300,"sd","10:20:40",3505300
15500,-200,200,"sd","10:20:45",3505500
15500,-200,1000,"sd","10:21:24",3506500
15500,-200,3000,"bu","10:21:36",3509500
15500,-200,1700,"sd","10:21:55",3511200
15450,-250,4000,"bu","10:22:28",3515200
15450,-250,200,"bu","10:22:42",3515400
15500,-200,100,"sd","10:22:44",3515500
15500,-200,5100,"sd","10:23:17",3520600
15500,-200,1000,"bu","10:23:33",3521600
15500,-200,300,"sd","10:23:40",3521900
15500,-200,1000,"sd","10:23:46",3522900
15500,-200,200,"sd","10:23:50",3523100
15500,-200,300,"bu","10:23:56",3523400
15500,-200,500,"bu","10:24:09",3523900
15500,-200,100,"bu","10:24:31",3524000
15500,-200,3000,"bu","10:25:14",3527000
15500,-200,500,"bu","10:25:20",3527500
15500,-200,3000,"sd","10:25:21",3530500
15500,-200,5000,"bu","10:25:35",3535500
15500,-200,400,"sd","10:25:44",3535900
15500,-200,5000,"bu","10:26:01",3540900
15450,-250,500,"sd","10:26:07",3541400
15500,-200,10000,"sd","10:26:28",3551400
15500,-200,5000,"bu","10:26:30",3556400
15450,-250,5000,"sd","10:26:48",3561400
15500,-200,1000,"sd","10:26:59",3562400
15450,-250,1000,"sd","10:27:07",3563400
15500,-200,300,"sd","10:27:14",3563700
15500,-200,5000,"sd","10:27:18",3568700
15500,-200,200,"bu","10:27:23",3568900
15450,-250,2200,"sd","10:27:56",3571100
15500,-200,2000,"bu","10:28:01",3573100
15450,-250,18000,"bu","10:28:16",3591100
15450,-250,100,"bu","10:28:53",3591200
15450,-250,5000,"bu","10:28:59",3596200
15450,-250,6500,"bu","10:29:31",3602700
15450,-250,500,"sd","10:30:21",3603200
15450,-250,300,"sd","10:30:31",3603500
15450,-250,100,"bu","10:30:34",3603600
15500,-200,500,"sd","10:31:18",3604100
15500,-200,300,"bu","10:31:24",3604400
15500,-200,1000,"bu","10:31:37",3605400
15500,-200,5100,"bu","10:31:43",3610500
15500,-200,9900,"bu","10:31:53",3620400
15500,-200,5000,"sd","10:32:12",3625400
15500,-200,2000,"sd","10:32:13",3627400
15500,-200,100,"bu","10:32:17",3627500
15500,-200,1000,"sd","10:32:27",3628500
15450,-250,100,"bu","10:32:36",3628600
15500,-200,2000,"sd","10:32:41",3630600
15500,-200,500,"bu","10:32:44",3631100
15500,-200,2600,"sd","10:32:46",3633700
15500,-200,1000,"sd","10:33:06",3634700
15500,-200,4600,"bu","10:33:40",3639300
15500,-200,700,"bu","10:35:03",3640000
15550,-150,3600,"sd","10:35:09",3643600
15500,-200,100,"bu","10:35:19",3643700
15550,-150,200,"bu","10:35:42",3643900
15550,-150,2500,"bu","10:35:55",3646400
15500,-200,2000,"sd","10:36:03",3648400
15550,-150,800,"sd","10:36:29",3649200
15550,-150,200,"sd","10:36:57",3649400
15500,-200,100,"bu","10:37:03",3649500
15550,-150,1000,"bu","10:37:04",3650500
15550,-150,36100,"sd","10:37:16",3686600
15550,-150,100,"sd","10:37:33",3686700
15550,-150,1000,"sd","10:37:44",3687700
15500,-200,500,"bu","10:37:54",3688200
15550,-150,3000,"bu","10:38:10",3691200
15550,-150,8300,"sd","10:38:11",3699500
15550,-150,300,"bu","10:38:13",3699800
15550,-150,1000,"sd","10:38:50",3700800
15550,-150,7500,"bu","10:38:52",3708300
15550,-150,3600,"bu","10:39:18",3711900
15550,-150,3600,"bu","10:39:22",3715500
15550,-150,500,"sd","10:39:30",3716000
15550,-150,300,"sd","10:39:50",3716300
15550,-150,7000,"bu","10:39:52",3723300
15550,-150,5000,"bu","10:40:12",3728300
15550,-150,2000,"sd","10:40:15",3730300
15550,-150,1000,"bu","10:40:35",3731300
15550,-150,200,"bu","10:40:38",3731500
15550,-150,2000,"sd","10:40:53",3733500
15550,-150,800,"bu","10:40:54",3734300
15550,-150,400,"bu","10:41:01",3734700
15550,-150,1000,"bu","10:43:23",3735700
15550,-150,3700,"bu","10:43:24",3739400
15550,-150,300,"sd","10:43:40",3739700
15550,-150,24500,"sd","10:43:52",3764200
15550,-150,5500,"sd","10:43:55",3769700
15550,-150,2000,"bu","10:43:56",3771700
15550,-150,1700,"sd","10:44:04",3773400
15550,-150,7000,"bu","10:44:10",3780400
15550,-150,1300,"sd","10:44:24",3781700
15550,-150,500,"sd","10:44:29",3782200
15550,-150,5700,"bu","10:45:12",3787900
15550,-150,3000,"bu","10:45:30",3790900
15550,-150,900,"bu","10:45:37",3791800
15550,-150,100,"sd","10:45:41",3791900
15550,-150,1000,"sd","10:46:10",3792900
15550,-150,7000,"bu","10:46:19",3799900
15550,-150,23400,"bu","10:46:22",3823300
15550,-150,1000,"sd","10:46:33",3824300
15550,-150,29200,"bu","10:46:51",3853500
15550,-150,2000,"bu","10:46:56",3855500
15550,-150,1000,"sd","10:47:03",3856500
15550,-150,100,"sd","10:47:30",3856600
15550,-150,5200,"bu","10:47:49",3861800
15550,-150,500,"sd","10:47:51",3862300
15550,-150,2000,"bu","10:47:56",3864300
15550,-150,300,"sd","10:48:09",3864600
15550,-150,500,"sd","10:48:15",3865100
15550,-150,1000,"sd","10:48:33",3866100
15550,-150,2000,"bu","10:48:35",3868100
15550,-150,3000,"sd","10:48:41",3871100
15550,-150,100,"bu","10:48:46",3871200
15550,-150,3400,"bu","10:48:56",3874600
15550,-150,5000,"sd","10:49:14",3879600
15600,-100,100,"bu","10:49:48",3879700
15550,-150,2200,"bu","10:49:54",3881900
15550,-150,500,"sd","10:49:55",3882400
15550,-150,1000,"bu","10:50:02",3883400
15550,-150,500,"sd","10:50:03",3883900
15550,-150,100,"bu","10:50:10",3884000
15550,-150,1700,"bu","10:50:13",3885700
15600,-100,100,"bu","10:50:25",3885800
15600,-100,1200,"sd","10:52:41",3887000
15600,-100,1300,"bu","10:52:57",3888300
15550,-150,100,"sd","10:53:14",3888400
15600,-100,600,"sd","10:54:13",3889000
15600,-100,5000,"sd","10:54:23",3894000
15600,-100,200,"bu","10:54:24",3894200
15600,-100,2800,"bu","10:54:26",3897000
15600,-100,200,"sd","10:54:36",3897200
15600,-100,2000,"sd","10:54:39",3899200
15600,-100,500,"bu","10:54:47",3899700
15600,-100,200,"sd","10:54:52",3899900
15600,-100,100,"sd","10:54:58",3900000
15600,-100,11900,"sd","10:55:34",3911900
15600,-100,200,"bu","10:55:51",3912100
15600,-100,900,"sd","10:55:53",3913000
15600,-100,1000,"sd","10:55:57",3914000
15600,-100,100,"sd","10:55:58",3914100
15600,-100,8000,"bu","10:56:05",3922100
15600,-100,2700,"sd","10:56:07",3924800
15550,-150,5000,"bu","10:56:12",3929800
15600,-100,200,"sd","10:56:17",3930000
15600,-100,100,"bu","10:56:28",3930100
15600,-100,11100,"sd","10:56:38",3941200
15600,-100,3500,"bu","10:56:48",3944700
15600,-100,700,"bu","10:56:55",3945400
15550,-150,2000,"sd","10:56:58",3947400
15600,-100,2700,"sd","10:57:00",3950100
15600,-100,200,"bu","10:57:19",3950300
15600,-100,1000,"sd","10:57:57",3951300
15600,-100,12300,"bu","10:58:51",3963600
15600,-100,300,"bu","10:59:01",3963900
15600,-100,500,"bu","10:59:06",3964400
15600,-100,400,"bu","10:59:15",3964800
15600,-100,20000,"bu","10:59:23",3984800
15600,-100,1000,"sd","10:59:30",3985800
15600,-100,100,"sd","10:59:32",3985900
15550,-150,1000,"bu","10:59:51",3986900
15600,-100,200,"sd","10:59:53",3987100
15600,-100,1000,"sd","11:00:07",3988100
15600,-100,1300,"sd","11:00:29",3989400
15550,-150,56000,"bu","11:00:34",4045400
15600,-100,200,"bu","11:00:37",4045600
15550,-150,3900,"bu","11:00:44",4049500
15550,-150,100,"bu","11:00:50",4049600
15500,-200,700,"bu","11:01:24",4050300
15550,-150,100,"bu","11:01:31",4050400
15550,-150,5000,"bu","11:01:34",4055400
15550,-150,100,"sd","11:02:11",4055500
15550,-150,200,"sd","11:02:24",4055700
15550,-150,5300,"sd","11:03:00",4061000
15500,-200,20000,"sd","11:03:17",4081000
15550,-150,200,"bu","11:03:41",4081200
15500,-200,1500,"bu","11:03:56",4082700
15550,-150,5000,"bu","11:04:18",4087700
15550,-150,8100,"bu","11:04:32",4095800
15550,-150,1900,"sd","11:04:33",4097700
15550,-150,1200,"sd","11:04:56",4098900
15550,-150,100,"bu","11:05:05",4099000
15550,-150,4800,"bu","11:06:02",4103800
15550,-150,600,"bu","11:06:31",4104400
15550,-150,400,"sd","11:06:47",4104800
15550,-150,100,"bu","11:06:50",4104900
15550,-150,900,"bu","11:07:00",4105800
15550,-150,300,"sd","11:07:49",4106100
15550,-150,1800,"bu","11:08:03",4107900
15500,-200,100,"bu","11:08:22",4108000
15500,-200,2000,"bu","11:08:27",4110000
15550,-150,2000,"sd","11:08:47",4112000
15500,-200,16200,"sd","11:08:54",4128200
15550,-150,200,"bu","11:09:05",4128400
15550,-150,100,"sd","11:09:07",4128500
15500,-200,2100,"bu","11:10:20",4130600
15550,-150,100,"sd","11:10:33",4130700
15550,-150,5100,"bu","11:10:46",4135800
15500,-200,8000,"sd","11:11:19",4143800
15550,-150,500,"sd","11:12:20",4144300
15550,-150,1000,"bu","11:12:25",4145300
15500,-200,500,"sd","11:12:43",4145800
15550,-150,1000,"bu","11:12:51",4146800
15500,-200,30100,"bu","11:13:14",4176900
15550,-150,500,"bu","11:13:27",4177400
15500,-200,100000,"bu","11:13:43",4277400
15550,-150,15600,"sd","11:13:55",4293000
15550,-150,100,"bu","11:14:03",4293100
15500,-200,500,"bu","11:14:12",4293600
15500,-200,1000,"bu","11:14:55",4294600
15500,-200,500,"sd","11:15:03",4295100
15500,-200,100,"bu","11:15:09",4295200
15500,-200,500,"sd","11:15:23",4295700
15500,-200,7500,"sd","11:15:26",4303200
15550,-150,1000,"sd","11:15:28",4304200
15550,-150,800,"bu","11:15:53",4305000
15500,-200,5000,"bu","11:16:40",4310000
15500,-200,15000,"bu","11:16:45",4325000
15500,-200,3100,"bu","11:17:06",4328100
15550,-150,1000,"sd","11:17:09",4329100
15500,-200,2000,"bu","11:17:30",4331100
15550,-150,2600,"sd","11:17:41",4333700
15500,-200,100,"bu","11:17:59",4333800
15500,-200,600,"sd","11:18:50",4334400
15500,-200,200,"bu","11:18:59",4334600
15500,-200,1000,"sd","11:19:02",4335600
15500,-200,200,"sd","11:19:14",4335800
15550,-150,5500,"sd","11:19:22",4341300
15500,-200,1000,"bu","11:19:55",4342300
15500,-200,1400,"sd","11:21:13",4343700
15500,-200,25000,"sd","11:21:16",4368700
15500,-200,2000,"bu","11:21:17",4370700
15500,-200,1500,"sd","11:21:34",4372200
15500,-200,500,"bu","11:21:43",4372700
15500,-200,8500,"sd","11:21:45",4381200
15500,-200,5000,"bu","11:21:55",4386200
15500,-200,500,"bu","11:22:39",4386700
15500,-200,29000,"bu","11:22:40",4415700
15500,-200,2000,"sd","11:22:54",4417700
15500,-200,100,"bu","11:23:08",4417800
15500,-200,1000,"sd","11:23:31",4418800
15500,-200,3200,"bu","11:23:36",4422000
15450,-250,10000,"sd","11:24:15",4432000
15450,-250,3500,"bu","11:24:56",4435500
15450,-250,500,"sd","11:25:02",4436000
15500,-200,200,"sd","11:25:29",4436200
15500,-200,500,"sd","11:25:34",4436700
15500,-200,300,"sd","11:25:46",4437000
15500,-200,1000,"sd","11:26:04",4438000
15500,-200,300,"sd","11:26:09",4438300
15500,-200,1000,"sd","11:26:17",4439300
15500,-200,2000,"bu","11:26:55",4441300
15500,-200,100,"sd","11:27:11",4441400
15500,-200,200,"sd","11:27:24",4441600
15500,-200,300,"bu","11:27:40",4441900
15500,-200,800,"bu","11:27:47",4442700
15500,-200,10000,"bu","11:27:58",4452700
15500,-200,1000,"sd","11:28:07",4453700
15500,-200,200,"sd","11:28:21",4453900
15500,-200,1100,"bu","11:29:23",4455000
15500,-200,4900,"bu","11:29:41",4459900
15500,-200,100,"sd","11:29:54",4460000
15500,-200,5000,"bu","11:30:04",4465000
15500,-200,100,"sd","13:00:22",4465100
15500,-200,2900,"bu","13:00:23",4468000
15500,-200,3000,"sd","13:00:28",4471000
15500,-200,500,"bu","13:00:30",4471500
15500,-200,4000,"bu","13:00:32",4475500
15500,-200,5000,"sd","13:00:41",4480500
15450,-250,2000,"sd","13:00:42",4482500
15500,-200,5000,"bu","13:00:43",4487500
15500,-200,300,"bu","13:00:44",4487800
15500,-200,300,"bu","13:00:48",4488100
15500,-200,300,"bu","13:00:49",4488400
15500,-200,100,"bu","13:00:51",4488500
15500,-200,900,"bu","13:00:55",4489400
15450,-250,1600,"sd","13:00:58",4491000
15450,-250,10100,"bu","13:01:01",4501100
15550,-150,18200,"bu","13:01:02",4519300
15500,-200,100,"bu","13:01:05",4519400
15450,-250,6000,"bu","13:01:09",4525400
15500,-200,200,"sd","13:01:14",4525600
15500,-200,100,"bu","13:01:16",4525700
15500,-200,5000,"bu","13:01:22",4530700
15500,-200,1900,"sd","13:01:26",4532600
15500,-200,500,"bu","13:01:50",4533100
15500,-200,200,"bu","13:01:59",4533300
15450,-250,500,"sd","13:02:53",4533800
15500,-200,1100,"bu","13:03:06",4534900
15500,-200,2000,"sd","13:03:12",4536900
15450,-250,1100,"bu","13:04:08",4538000
15450,-250,2000,"sd","13:05:12",4540000
15500,-200,100,"sd","13:05:27",4540100
15450,-250,17700,"bu","13:06:24",4557800
15450,-250,20000,"sd","13:06:35",4577800
15500,-200,100,"bu","13:06:55",4577900
15450,-250,2100,"bu","13:07:24",4580000
15450,-250,100,"sd","13:07:27",4580100
15450,-250,10000,"bu","13:07:54",4590100
15500,-200,500,"bu","13:08:17",4590600
15500,-200,5000,"bu","13:08:30",4595600
15500,-200,3000,"sd","13:09:03",4598600
15500,-200,500,"sd","13:09:16",4599100
15500,-200,200,"sd","13:09:50",4599300
15500,-200,300,"bu","13:10:07",4599600
15500,-200,600,"bu","13:10:31",4600200
15500,-200,3000,"bu","13:10:42",4603200
15500,-200,1000,"bu","13:10:55",4604200
15500,-200,300,"sd","13:10:58",4604500
15500,-200,1000,"sd","13:11:08",4605500
15500,-200,1500,"bu","13:11:45",4607000
15500,-200,100,"sd","13:11:47",4607100
15500,-200,400,"sd","13:11:49",4607500
15500,-200,2000,"bu","13:11:53",4609500
15500,-200,500,"bu","13:11:58",4610000
15500,-200,300,"sd","13:12:10",4610300
15500,-200,1000,"bu","13:12:30",4611300
15500,-200,1700,"sd","13:12:55",4613000
15500,-200,1000,"bu","13:12:57",4614000
15500,-200,600,"sd","13:12:59",4614600
15500,-200,3200,"bu","13:13:07",4617800
15450,-250,5000,"sd","13:13:12",4622800
15500,-200,5000,"bu","13:13:27",4627800
15500,-200,200,"sd","13:13:42",4628000
15500,-200,100,"bu","13:14:27",4628100
15500,-200,6000,"sd","13:14:41",4634100
15500,-200,2800,"sd","13:14:43",4636900
15500,-200,1000,"sd","13:14:47",4637900
15500,-200,1300,"bu","13:14:53",4639200
15450,-250,4000,"bu","13:14:55",4643200
15450,-250,500,"sd","13:15:10",4643700
15450,-250,2000,"bu","13:15:12",4645700
15500,-200,1000,"bu","13:15:22",4646700
15500,-200,100,"sd","13:15:23",4646800
15500,-200,700,"sd","13:15:35",4647500
15500,-200,400,"sd","13:15:41",4647900
15500,-200,1300,"sd","13:15:45",4649200
15500,-200,100,"bu","13:15:52",4649300
15500,-200,2300,"bu","13:16:16",4651600
15500,-200,300,"sd","13:16:18",4651900
15500,-200,9100,"sd","13:16:44",4661000
15500,-200,5100,"bu","13:16:48",4666100
15500,-200,8100,"bu","13:17:55",4674200
15500,-200,5500,"bu","13:18:21",4679700
15500,-200,500,"bu","13:18:42",4680200
15500,-200,800,"bu","13:18:57",4681000
15550,-150,15000,"sd","13:18:59",4696000
15500,-200,200,"bu","13:19:28",4696200
15500,-200,2800,"bu","13:19:30",4699000
15550,-150,1500,"bu","13:19:56",4700500
15500,-200,700,"sd","13:19:58",4701200
15500,-200,500,"sd","13:20:06",4701700
15500,-200,2000,"sd","13:20:10",4703700
15500,-200,3000,"sd","13:20:20",4706700
15500,-200,1000,"sd","13:20:25",4707700
15500,-200,2500,"bu","13:22:04",4710200
15550,-150,5000,"sd","13:22:24",4715200
15500,-200,1000,"bu","13:22:26",4716200
15500,-200,100,"sd","13:22:59",4716300
15550,-150,10000,"bu","13:23:08",4726300
15550,-150,22000,"sd","13:23:19",4748300
15500,-200,800,"bu","13:24:12",4749100
15500,-200,600,"bu","13:24:30",4749700
15550,-150,100,"bu","13:24:40",4749800
15500,-200,2100,"sd","13:24:44",4751900
15500,-200,500,"sd","13:25:28",4752400
15550,-150,1900,"bu","13:25:31",4754300
15500,-200,8000,"bu","13:25:36",4762300
15500,-200,1000,"sd","13:25:46",4763300
15500,-200,1000,"bu","13:26:11",4764300
15550,-150,6000,"bu","13:26:19",4770300
15550,-150,2000,"sd","13:26:41",4772300
15550,-150,100,"bu","13:26:43",4772400
15550,-150,1000,"sd","13:26:49",4773400
15550,-150,5000,"sd","13:27:17",4778400
15550,-150,2000,"bu","13:27:27",4780400
15550,-150,100,"sd","13:28:00",4780500
15500,-200,1000,"bu","13:28:09",4781500
15500,-200,5000,"sd","13:28:19",4786500
15500,-200,2000,"sd","13:28:53",4788500
15500,-200,500,"sd","13:29:33",4789000
15500,-200,5000,"sd","13:29:41",4794000
15500,-200,5100,"sd","13:29:47",4799100
15500,-200,40000,"bu","13:29:49",4839100
15500,-200,10000,"sd","13:29:53",4849100
15500,-200,200,"sd","13:30:01",4849300
15550,-150,9500,"sd","13:30:03",4858800
15500,-200,25300,"sd","13:30:09",4884100
15500,-200,1000,"bu","13:30:12",4885100
15500,-200,100,"sd","13:30:20",4885200
15500,-200,1000,"sd","13:30:27",4886200
15500,-200,100,"sd","13:30:31",4886300
15500,-200,500,"bu","13:30:33",4886800
15500,-200,100,"sd","13:30:49",4886900
15450,-250,800,"bu","13:31:10",4887700
15500,-200,20000,"bu","13:31:20",4907700
15500,-200,1300,"bu","13:31:33",4909000
15500,-200,3000,"bu","13:31:39",4912000
15500,-200,1000,"bu","13:31:43",4913000
15500,-200,200,"bu","13:31:47",4913200
15500,-200,4000,"sd","13:31:49",4917200
15500,-200,1000,"bu","13:31:56",4918200
15500,-200,12100,"bu","13:32:05",4930300
15500,-200,6000,"sd","13:32:11",4936300
15500,-200,100,"sd","13:32:21",4936400
15450,-250,200,"bu","13:32:28",4936600
15500,-200,17900,"bu","13:32:30",4954500
15500,-200,100,"sd","13:32:33",4954600
15500,-200,5000,"bu","13:32:43",4959600
15500,-200,4000,"sd","13:32:50",4963600
15500,-200,15000,"bu","13:33:03",4978600
15500,-200,100,"bu","13:33:05",4978700
15500,-200,2900,"sd","13:33:20",4981600
15500,-200,100,"sd","13:33:24",4981700
15500,-200,500,"bu","13:33:31",4982200
15500,-200,1000,"bu","13:33:50",4983200
15500,-200,1400,"bu","13:33:52",4984600
15450,-250,800,"sd","13:34:10",4985400
15500,-200,2800,"sd","13:34:23",4988200
15450,-250,1000,"bu","13:34:32",4989200
15450,-250,14000,"bu","13:35:00",5003200
15500,-200,1100,"bu","13:35:07",5004300
15500,-200,14800,"sd","13:35:34",5019100
15500,-200,500,"bu","13:35:42",5019600
15500,-200,400,"sd","13:35:53",5020000
15500,-200,10000,"sd","13:36:11",5030000
15500,-200,8000,"sd","13:36:15",5038000
15450,-250,500,"sd","13:36:17",5038500
15450,-250,5000,"sd","13:36:26",5043500
15450,-250,19500,"sd","13:36:32",5063000
15500,-200,102000,"sd","13:36:37",5165000
15450,-250,100000,"bu","13:36:43",5265000
15450,-250,50000,"bu","13:36:45",5315000
15450,-250,14900,"bu","13:36:58",5329900
15450,-250,23500,"bu","13:37:00",5353400
15450,-250,200,"bu","13:37:07",5353600
15450,-250,100,"bu","13:37:12",5353700
15450,-250,1100,"bu","13:37:14",5354800
15450,-250,500,"sd","13:37:22",5355300
15450,-250,200,"bu","13:37:31",5355500
15450,-250,10000,"sd","13:37:44",5365500
15450,-250,13100,"sd","13:37:48",5378600
15450,-250,1000,"bu","13:37:51",5379600
15450,-250,3300,"bu","13:37:53",5382900
15450,-250,100,"bu","13:37:57",5383000
15450,-250,300,"bu","13:37:59",5383300
15450,-250,2000,"bu","13:38:02",5385300
15450,-250,200,"sd","13:38:04",5385500
15450,-250,4000,"bu","13:38:14",5389500
15450,-250,1000,"bu","13:38:25",5390500
15450,-250,200,"sd","13:38:28",5390700
15450,-250,1600,"bu","13:38:30",5392300
15450,-250,4700,"sd","13:38:32",5397000
15450,-250,2200,"bu","13:38:35",5399200
15450,-250,3200,"sd","13:38:37",5402400
15450,-250,500,"sd","13:38:39",5402900
15450,-250,2900,"bu","13:39:04",5405800
15450,-250,2700,"sd","13:39:13",5408500
15450,-250,300,"sd","13:39:23",5408800
15450,-250,3200,"bu","13:39:30",5412000
15450,-250,6300,"sd","13:39:35",5418300
15450,-250,1000,"sd","13:39:37",5419300
15450,-250,600,"bu","13:39:39",5419900
15450,-250,19700,"bu","13:39:43",5439600
15450,-250,500,"sd","13:40:33",5440100
15500,-200,400,"bu","13:40:38",5440500
15450,-250,20000,"bu","13:40:53",5460500
15450,-250,1900,"sd","13:41:00",5462400
15450,-250,500,"sd","13:41:12",5462900
15450,-250,300,"bu","13:41:14",5463200
15450,-250,1500,"bu","13:41:18",5464700
15450,-250,500,"bu","13:41:28",5465200
15450,-250,200,"sd","13:41:31",5465400
15450,-250,2200,"bu","13:41:36",5467600
15450,-250,100,"sd","13:41:42",5467700
15450,-250,1400,"sd","13:41:52",5469100
15450,-250,1500,"sd","13:42:01",5470600
15450,-250,2000,"sd","13:42:11",5472600
15400,-300,2000,"sd","13:42:14",5474600
15400,-300,1100,"sd","13:42:36",5475700
15450,-250,27500,"bu","13:42:43",5503200
15450,-250,2000,"sd","13:42:50",5505200
15450,-250,4600,"bu","13:43:01",5509800
15450,-250,700,"sd","13:43:08",5510500
15450,-250,1400,"sd","13:43:10",5511900
15450,-250,300,"bu","13:43:13",5512200
15450,-250,4500,"bu","13:43:22",5516700
15450,-250,14700,"sd","13:43:38",5531400
15450,-250,2600,"bu","13:43:41",5534000
15450,-250,500,"bu","13:43:46",5534500
15450,-250,300,"bu","13:43:48",5534800
15450,-250,10500,"sd","13:43:58",5545300
15450,-250,1000,"bu","13:44:01",5546300
15450,-250,200,"sd","13:44:05",5546500
15450,-250,30000,"bu","13:44:09",5576500
15450,-250,100,"bu","13:44:12",5576600
15450,-250,500,"sd","13:44:14",5577100
15450,-250,600,"sd","13:44:17",5577700
15450,-250,1500,"bu","13:44:19",5579200
15450,-250,2000,"sd","13:44:23",5581200
15450,-250,100,"bu","13:44:28",5581300
15450,-250,2000,"sd","13:44:30",5583300
15450,-250,100,"sd","13:44:32",5583400
15450,-250,1100,"sd","13:44:48",5584500
15450,-250,200,"sd","13:44:53",5584700
15450,-250,3900,"bu","13:44:58",5588600
15450,-250,900,"bu","13:45:04",5589500
15450,-250,100,"sd","13:45:06",5589600
15400,-300,300,"bu","13:45:09",5589900
15450,-250,300,"sd","13:45:11",5590200
15450,-250,10100,"sd","13:45:18",5600300
15450,-250,7100,"sd","13:45:36",5607400
15450,-250,5900,"bu","13:45:38",5613300
15450,-250,100,"bu","13:45:45",5613400
15450,-250,400,"sd","13:45:49",5613800
15450,-250,800,"sd","13:45:54",5614600
15500,-200,2000,"sd","13:46:03",5616600
15450,-250,4500,"sd","13:46:05",5621100
15450,-250,2000,"bu","13:46:15",5623100
15450,-250,15000,"sd","13:46:22",5638100
15450,-250,3400,"sd","13:46:24",5641500
15450,-250,100,"sd","13:46:32",5641600
15450,-250,2100,"bu","13:46:41",5643700
15450,-250,11000,"sd","13:46:44",5654700
15450,-250,200,"sd","13:46:51",5654900
15450,-250,12000,"bu","13:47:07",5666900
15450,-250,300,"sd","13:47:15",5667200
15450,-250,500,"bu","13:47:19",5667700
15450,-250,1400,"bu","13:47:21",5669100
15450,-250,500,"sd","13:47:31",5669600
15450,-250,400,"bu","13:47:35",5670000
15450,-250,3800,"sd","13:47:42",5673800
15450,-250,1000,"sd","13:47:49",5674800
15450,-250,2000,"sd","13:47:52",5676800
15450,-250,2800,"bu","13:48:01",5679600
15450,-250,200,"bu","13:48:06",5679800
15450,-250,3000,"sd","13:48:13",5682800
15400,-300,8000,"sd","13:48:18",5690800
15450,-250,3300,"bu","13:48:23",5694100
15450,-250,3800,"sd","13:48:25",5697900
15450,-250,4000,"bu","13:48:32",5701900
15450,-250,5300,"sd","13:48:44",5707200
15450,-250,300,"bu","13:49:01",5707500
15450,-250,1000,"bu","13:49:20",5708500
15450,-250,2000,"bu","13:49:46",5710500
15500,-200,100,"sd","13:49:51",5710600
15450,-250,1500,"bu","13:50:06",5712100
15500,-200,1200,"bu","13:50:15",5713300
15450,-250,12000,"bu","13:50:17",5725300
15500,-200,900,"sd","13:50:41",5726200
15450,-250,1000,"sd","13:50:43",5727200
15450,-250,500,"sd","13:51:00",5727700
15500,-200,11800,"bu","13:51:09",5739500
15500,-200,2100,"sd","13:51:11",5741600
15500,-200,1000,"bu","13:51:15",5742600
15500,-200,500,"sd","13:51:24",5743100
15500,-200,4000,"bu","13:52:07",5747100
15500,-200,100,"sd","13:52:15",5747200
15500,-200,900,"bu","13:52:21",5748100
15500,-200,200,"bu","13:52:25",5748300
15500,-200,100,"sd","13:52:27",5748400
15450,-250,30100,"bu","13:52:36",5778500
15450,-250,15000,"sd","13:52:44",5793500
15500,-200,100,"sd","13:52:48",5793600
15500,-200,17200,"sd","13:53:09",5810800
15450,-250,200,"sd","13:53:40",5811000
15450,-250,100000,"sd","13:54:13",5911000
15450,-250,11000,"sd","13:54:23",5922000
15450,-250,1200,"sd","13:54:25",5923200
15450,-250,5000,"bu","13:54:30",5928200
15450,-250,900,"bu","13:54:33",5929100
15450,-250,100,"bu","13:54:48",5929200
15450,-250,1000,"sd","13:54:51",5930200
15450,-250,2000,"sd","13:54:54",5932200
15400,-300,172000,"bu","13:54:56",6104200
15400,-300,11000,"sd","13:55:06",6115200
15450,-250,300,"sd","13:55:15",6115500
15400,-300,5000,"bu","13:55:24",6120500
15450,-250,500,"bu","13:55:35",6121000
15450,-250,300,"bu","13:55:41",6121300
15450,-250,400,"bu","13:55:46",6121700
15450,-250,1300,"sd","13:55:54",6123000
15450,-250,22900,"bu","13:55:57",6145900
15450,-250,100,"sd","13:55:59",6146000
15450,-250,3000,"sd","13:56:12",6149000
15450,-250,500,"sd","13:56:15",6149500
15450,-250,2500,"sd","13:56:20",6152000
15450,-250,1500,"sd","13:56:31",6153500
15450,-250,500,"bu","13:56:36",6154000
15450,-250,3000,"sd","13:56:43",6157000
15400,-300,5000,"bu","13:56:48",6162000
15450,-250,10000,"sd","13:56:53",6172000
15400,-300,900,"sd","13:57:00",6172900
15450,-250,1300,"sd","13:57:03",6174200
15450,-250,20200,"bu","13:57:09",6194400
15450,-250,100,"bu","13:57:14",6194500
15500,-200,9000,"bu","13:57:22",6203500
15450,-250,1400,"bu","13:57:32",6204900
15450,-250,100,"sd","13:57:41",6205000
15450,-250,300,"bu","13:57:43",6205300
15450,-250,1200,"sd","13:57:46",6206500
15450,-250,100,"sd","13:57:53",6206600
15450,-250,1000,"bu","13:57:56",6207600
15450,-250,600,"bu","13:57:59",6208200
15450,-250,5000,"bu","13:58:01",6213200
15450,-250,1200,"sd","13:58:06",6214400
15450,-250,3200,"sd","13:58:14",6217600
15450,-250,2000,"sd","13:58:16",6219600
15450,-250,3000,"sd","13:58:47",6222600
15450,-250,300,"sd","13:58:49",6222900
15450,-250,13800,"sd","13:59:01",6236700
15450,-250,1000,"sd","13:59:06",6237700
15450,-250,1500,"sd","13:59:25",6239200
15400,-300,700,"bu","13:59:40",6239900
15450,-250,1000,"sd","13:59:50",6240900
15450,-250,500,"bu","14:00:05",6241400
15450,-250,2000,"sd","14:00:08",6243400
15450,-250,300,"bu","14:00:13",6243700
15450,-250,2800,"bu","14:00:21",6246500
15450,-250,300,"bu","14:00:23",6246800
15450,-250,200,"bu","14:00:26",6247000
15450,-250,500,"bu","14:00:36",6247500
15450,-250,1000,"bu","14:00:44",6248500
15450,-250,500,"bu","14:00:50",6249000
15450,-250,100,"bu","14:01:08",6249100
15450,-250,5200,"bu","14:01:23",6254300
15450,-250,400,"bu","14:01:38",6254700
15450,-250,300,"sd","14:01:41",6255000
15400,-300,400,"bu","14:01:46",6255400
15450,-250,300,"bu","14:02:08",6255700
15450,-250,100,"bu","14:02:24",6255800
15450,-250,1000,"bu","14:02:26",6256800
15400,-300,100,"sd","14:02:39",6256900
15450,-250,5000,"sd","14:02:41",6261900
15400,-300,200,"bu","14:02:49",6262100
15400,-300,1700,"bu","14:02:53",6263800
15400,-300,27100,"sd","14:03:01",6290900
15400,-300,100,"sd","14:03:15",6291000
15400,-300,1000,"sd","14:03:20",6292000
15450,-250,3100,"sd","14:03:23",6295100
15400,-300,9100,"bu","14:03:36",6304200
15400,-300,900,"bu","14:03:41",6305100
15400,-300,20000,"sd","14:04:02",6325100
15400,-300,600,"bu","14:04:05",6325700
15400,-300,57900,"bu","14:04:13",6383600
15400,-300,12000,"sd","14:04:26",6395600
15450,-250,12100,"bu","14:04:35",6407700
15400,-300,200,"sd","14:04:40",6407900
15400,-300,18500,"bu","14:04:42",6426400
15400,-300,5000,"sd","14:04:45",6431400
15400,-300,15100,"bu","14:04:47",6446500
15400,-300,4500,"bu","14:04:50",6451000
15400,-300,20000,"sd","14:04:53",6471000
15400,-300,11000,"bu","14:05:07",6482000
15400,-300,5000,"sd","14:05:09",6487000
15400,-300,3500,"sd","14:05:22",6490500
15400,-300,3400,"sd","14:05:24",6493900
15400,-300,10000,"bu","14:05:27",6503900
15400,-300,3000,"sd","14:05:29",6506900
15400,-300,7000,"sd","14:05:43",6513900
15400,-300,2300,"bu","14:05:46",6516200
15400,-300,10000,"sd","14:05:56",6526200
15400,-300,1500,"sd","14:06:01",6527700
15400,-300,21600,"bu","14:06:06",6549300
15400,-300,2500,"bu","14:06:09",6551800
15400,-300,24000,"bu","14:06:11",6575800
15400,-300,6100,"sd","14:06:28",6581900
15450,-250,100,"bu","14:06:41",6582000
15450,-250,500,"sd","14:06:43",6582500
15400,-300,100,"sd","14:06:50",6582600
15400,-300,2300,"sd","14:06:53",6584900
15400,-300,55500,"sd","14:07:11",6640400
15400,-300,500,"bu","14:07:14",6640900
15400,-300,11500,"sd","14:07:19",6652400
15400,-300,600,"bu","14:07:22",6653000
15400,-300,800,"bu","14:07:25",6653800
15400,-300,2800,"sd","14:07:28",6656600
15400,-300,10500,"sd","14:07:32",6667100
15400,-300,500,"bu","14:07:35",6667600
15400,-300,31500,"sd","14:07:41",6699100
15400,-300,31500,"sd","14:07:44",6730600
15400,-300,89500,"sd","14:07:46",6820100
15400,-300,41500,"sd","14:07:49",6861600
15400,-300,5800,"bu","14:07:51",6867400
15400,-300,1500,"sd","14:07:55",6868900
15400,-300,18000,"sd","14:07:57",6886900
15400,-300,1000,"sd","14:08:00",6887900
15400,-300,13200,"bu","14:08:03",6901100
15400,-300,1000,"sd","14:08:05",6902100
15400,-300,15500,"bu","14:08:08",6917600
15400,-300,7000,"bu","14:08:11",6924600
15400,-300,6000,"bu","14:08:16",6930600
15400,-300,13500,"bu","14:08:18",6944100
15400,-300,20500,"bu","14:08:20",6964600
15400,-300,33000,"bu","14:08:23",6997600
15400,-300,2900,"sd","14:08:25",7000500
15400,-300,6000,"sd","14:08:28",7006500
15350,-350,10000,"bu","14:08:30",7016500
15400,-300,1700,"sd","14:08:40",7018200
15350,-350,500,"sd","14:08:50",7018700
15400,-300,3000,"bu","14:08:53",7021700
15400,-300,100,"sd","14:09:00",7021800
15400,-300,5000,"bu","14:09:07",7026800
15400,-300,900,"bu","14:09:15",7027700
15400,-300,100,"sd","14:09:29",7027800
15350,-350,2200,"bu","14:09:39",7030000
15350,-350,4800,"sd","14:09:41",7034800
15400,-300,400,"bu","14:09:51",7035200
15400,-300,1200,"sd","14:09:54",7036400
15400,-300,5100,"sd","14:10:13",7041500
15400,-300,3000,"bu","14:10:24",7044500
15350,-350,15000,"bu","14:10:31",7059500
15350,-350,207500,"bu","14:10:43",7267000
15400,-300,20300,"sd","14:10:50",7287300
15400,-300,500,"bu","14:11:21",7287800
15400,-300,100,"bu","14:11:24",7287900
15400,-300,200,"sd","14:11:30",7288100
15400,-300,100,"sd","14:11:36",7288200
15350,-350,4000,"sd","14:11:39",7292200
15350,-350,2200,"sd","14:11:52",7294400
15400,-300,10300,"bu","14:11:58",7304700
15350,-350,500,"sd","14:12:06",7305200
15400,-300,1100,"bu","14:12:09",7306300
15400,-300,1000,"bu","14:12:28",7307300
15400,-300,200,"sd","14:12:33",7307500
15400,-300,100,"sd","14:12:46",7307600
15400,-300,6200,"sd","14:12:48",7313800
15400,-300,2000,"bu","14:13:01",7315800
15400,-300,500,"bu","14:13:06",7316300
15400,-300,200,"bu","14:13:21",7316500
15350,-350,4000,"sd","14:13:31",7320500
15350,-350,600,"sd","14:13:37",7321100
15350,-350,31000,"bu","14:13:53",7352100
15350,-350,9000,"bu","14:14:04",7361100
15350,-350,10000,"bu","14:14:12",7371100
15350,-350,200,"bu","14:14:28",7371300
15350,-350,10000,"bu","14:14:36",7381300
15350,-350,16000,"sd","14:14:42",7397300
15350,-350,8000,"bu","14:14:45",7405300
15350,-350,1200,"sd","14:14:48",7406500
15400,-300,500,"sd","14:14:50",7407000
15350,-350,5000,"sd","14:14:53",7412000
15350,-350,2000,"sd","14:15:02",7414000
15350,-350,3000,"sd","14:15:10",7417000
15350,-350,3800,"sd","14:15:13",7420800
15400,-300,9000,"bu","14:15:16",7429800
15350,-350,3000,"bu","14:15:22",7432800
15400,-300,500,"bu","14:15:31",7433300
15350,-350,5700,"bu","14:15:33",7439000
15400,-300,1500,"bu","14:15:51",7440500
15350,-350,3000,"bu","14:16:03",7443500
15350,-350,200,"bu","14:16:08",7443700
15350,-350,400,"bu","14:16:13",7444100
15350,-350,5000,"bu","14:16:23",7449100
15350,-350,16500,"bu","14:16:26",7465600
15350,-350,5000,"sd","14:16:31",7470600
15350,-350,19100,"bu","14:16:34",7489700
15350,-350,6300,"sd","14:16:36",7496000
15350,-350,4200,"sd","14:16:38",7500200
15350,-350,10500,"sd","14:16:41",7510700
15350,-350,3200,"sd","14:16:44",7513900
15350,-350,22600,"sd","14:16:46",7536500
15350,-350,10000,"bu","14:16:49",7546500
15350,-350,400,"sd","14:16:57",7546900
15350,-350,1000,"bu","14:17:02",7547900
15350,-350,33800,"bu","14:17:05",7581700
15350,-350,57000,"bu","14:17:07",7638700
15350,-350,28800,"sd","14:17:10",7667500
15350,-350,40000,"sd","14:17:15",7707500
15350,-350,7900,"bu","14:17:18",7715400
15350,-350,10200,"bu","14:17:21",7725600
15350,-350,18900,"bu","14:17:24",7744500
15350,-350,12000,"sd","14:17:27",7756500
15350,-350,51000,"bu","14:17:29",7807500
15350,-350,100,"bu","14:17:42",7807600
15350,-350,400,"sd","14:17:54",7808000
15300,-400,1300,"sd","14:17:59",7809300
15300,-400,100,"sd","14:18:01",7809400
15300,-400,800,"bu","14:18:09",7810200
15350,-350,39000,"bu","14:18:14",7849200
15350,-350,500,"sd","14:18:29",7849700
15300,-400,4300,"bu","14:18:34",7854000
15300,-400,10000,"sd","14:18:37",7864000
15300,-400,16600,"bu","14:18:46",7880600
15300,-400,5300,"bu","14:18:48",7885900
15300,-400,20000,"bu","14:18:54",7905900
15300,-400,1000,"sd","14:18:59",7906900
15300,-400,20500,"bu","14:19:07",7927400
15300,-400,7000,"bu","14:19:21",7934400
15300,-400,7000,"sd","14:19:23",7941400
15300,-400,59000,"sd","14:19:29",8000400
15300,-400,800,"bu","14:19:31",8001200
15300,-400,5000,"sd","14:19:34",8006200
15350,-350,3000,"bu","14:19:37",8009200
15300,-400,1500,"sd","14:19:40",8010700
15300,-400,3900,"sd","14:19:42",8014600
15300,-400,5000,"bu","14:19:48",8019600
15300,-400,1000,"sd","14:19:54",8020600
15300,-400,251600,"sd","14:20:03",8272200
15300,-400,1200,"bu","14:20:06",8273400
15300,-400,5000,"bu","14:20:11",8278400
15300,-400,3000,"sd","14:20:17",8281400
15300,-400,1000,"sd","14:20:23",8282400
15300,-400,5400,"bu","14:20:26",8287800
15300,-400,100,"bu","14:20:28",8287900
15300,-400,500,"sd","14:20:31",8288400
15300,-400,14000,"sd","14:20:33",8302400
15300,-400,700,"bu","14:20:40",8303100
15350,-350,4000,"sd","14:20:43",8307100
15300,-400,21700,"bu","14:20:49",8328800
15300,-400,16800,"sd","14:20:52",8345600
15350,-350,5500,"bu","14:20:56",8351100
15300,-400,100,"sd","14:20:58",8351200
15300,-400,23500,"sd","14:21:15",8374700
15300,-400,21000,"bu","14:21:18",8395700
15350,-350,500,"bu","14:21:22",8396200
15300,-400,1500,"bu","14:21:29",8397700
15300,-400,10600,"bu","14:21:37",8408300
15300,-400,3500,"sd","14:21:41",8411800
15300,-400,5000,"sd","14:21:44",8416800
15300,-400,18800,"bu","14:21:50",8435600
15300,-400,8000,"bu","14:21:53",8443600
15300,-400,2400,"sd","14:21:58",8446000
15350,-350,22500,"bu","14:22:01",8468500
15350,-350,4000,"bu","14:22:04",8472500
15350,-350,53500,"bu","14:22:07",8526000
15350,-350,1200,"sd","14:22:12",8527200
15350,-350,16600,"bu","14:22:15",8543800
15350,-350,7200,"sd","14:22:18",8551000
15350,-350,1000,"bu","14:22:20",8552000
15350,-350,2000,"sd","14:22:27",8554000
15350,-350,3000,"sd","14:22:33",8557000
15350,-350,200,"sd","14:22:39",8557200
15350,-350,700,"bu","14:22:47",8557900
15350,-350,12500,"sd","14:22:50",8570400
15350,-350,2100,"sd","14:23:00",8572500
15350,-350,500,"sd","14:23:03",8573000
15350,-350,2000,"bu","14:23:06",8575000
15400,-300,6700,"bu","14:23:09",8581700
15400,-300,2000,"bu","14:23:12",8583700
15350,-350,5300,"bu","14:23:15",8589000
15400,-300,1000,"bu","14:23:18",8590000
15400,-300,1400,"bu","14:23:21",8591400
15350,-350,1700,"sd","14:23:28",8593100
15400,-300,2000,"sd","14:23:40",8595100
15400,-300,2800,"bu","14:23:49",8597900
15400,-300,100,"bu","14:23:52",8598000
15400,-300,13200,"bu","14:23:55",8611200
15400,-300,1500,"bu","14:23:59",8612700
15400,-300,4200,"sd","14:24:01",8616900
15400,-300,2900,"sd","14:24:05",8619800
15400,-300,1000,"bu","14:24:11",8620800
15400,-300,20000,"sd","14:24:14",8640800
15400,-300,1000,"bu","14:24:17",8641800
15400,-300,700,"sd","14:24:20",8642500
15400,-300,2600,"bu","14:24:22",8645100
15400,-300,1000,"bu","14:24:28",8646100
15400,-300,500,"sd","14:24:34",8646600
15400,-300,800,"bu","14:24:37",8647400
15400,-300,100,"sd","14:24:43",8647500
15400,-300,1000,"sd","14:24:45",8648500
15400,-300,13100,"sd","14:24:57",8661600
15350,-350,1100,"sd","14:25:09",8662700
15400,-300,2000,"sd","14:25:12",8664700
15400,-300,600,"sd","14:25:15",8665300
15400,-300,3000,"bu","14:25:27",8668300
15400,-300,1000,"bu","14:25:34",8669300
15400,-300,1100,"sd","14:25:40",8670400
15400,-300,3900,"sd","14:25:51",8674300
15400,-300,4000,"sd","14:25:54",8678300
15350,-350,4400,"sd","14:26:06",8682700
15400,-300,3200,"sd","14:26:09",8685900
15400,-300,2000,"bu","14:26:11",8687900
15400,-300,1000,"bu","14:26:18",8688900
15400,-300,1000,"bu","14:26:22",8689900
15400,-300,1000,"sd","14:26:35",8690900
15400,-300,500,"sd","14:26:41",8691400
15400,-300,25700,"sd","14:26:45",8717100
15350,-350,33300,"bu","14:26:48",8750400
15350,-350,20100,"sd","14:26:51",8770500
15400,-300,4700,"bu","14:26:55",8775200
15400,-300,7200,"bu","14:26:58",8782400
15400,-300,2400,"sd","14:27:01",8784800
15400,-300,5000,"sd","14:27:08",8789800
15400,-300,7100,"sd","14:27:15",8796900
15400,-300,1000,"bu","14:27:19",8797900
15400,-300,13700,"sd","14:27:22",8811600
15400,-300,7500,"bu","14:27:26",8819100
15400,-300,1300,"sd","14:27:34",8820400
15400,-300,3400,"bu","14:27:38",8823800
15400,-300,1600,"bu","14:27:42",8825400
15400,-300,8000,"sd","14:27:55",8833400
15400,-300,4200,"bu","14:27:59",8837600
15400,-300,300,"bu","14:28:03",8837900
15400,-300,2500,"bu","14:28:06",8840400
15450,-250,12000,"sd","14:28:09",8852400
15400,-300,4000,"bu","14:28:18",8856400
15400,-300,5000,"bu","14:28:30",8861400
15400,-300,3700,"sd","14:28:33",8865100
15400,-300,1100,"bu","14:28:37",8866200
15400,-300,1300,"sd","14:28:42",8867500
15400,-300,9800,"bu","14:28:48",8877300
15350,-350,300,"bu","14:28:54",8877600
15400,-300,2900,"sd","14:28:56",8880500
15400,-300,32500,"bu","14:29:02",8913000
15400,-300,1100,"bu","14:29:10",8914100
15400,-300,40000,"sd","14:29:14",8954100
15400,-300,300,"sd","14:29:22",8954400
15400,-300,15000,"sd","14:29:31",8969400
15450,-250,5000,"bu","14:29:34",8974400
15400,-300,2000,"bu","14:29:40",8976400
15400,-300,13000,"bu","14:29:43",8989400
15400,-300,1000,"sd","14:29:46",8990400
15450,-250,200,"sd","14:29:49",8990600
15400,-300,100,"sd","14:29:59",8990700
15450,-250,3000,"bu","14:30:01",8993700
15400,-300,219500,"sd","14:45:09",9213200
