"price","change","match_qtty","side","time","total_vol"
12100,-50,118600,"sd","09:15:09",118600
12100,-50,1000,"bu","09:15:37",119600
12100,-50,5000,"bu","09:15:38",124600
12100,-50,3000,"bu","09:15:42",127600
12100,-50,300,"sd","09:15:45",127900
12050,-100,2000,"sd","09:16:03",129900
12000,-150,35000,"bu","09:16:04",164900
12000,-150,1000,"bu","09:16:29",165900
12000,-150,200,"sd","09:16:32",166100
12100,-50,5000,"bu","09:16:56",171100
12100,-50,100,"sd","09:16:57",171200
12000,-150,26000,"bu","09:17:04",197200
12050,-100,900,"sd","09:17:12",198100
12050,-100,2000,"bu","09:17:27",200100
12050,-100,200,"sd","09:17:29",200300
12050,-100,6000,"bu","09:17:34",206300
12050,-100,17300,"sd","09:18:00",223600
12050,-100,3000,"sd","09:18:05",226600
12050,-100,11000,"bu","09:18:11",237600
12050,-100,700,"sd","09:18:26",238300
12050,-100,2100,"bu","09:18:30",240400
12050,-100,1200,"bu","09:18:35",241600
12000,-150,8600,"bu","09:18:40",250200
12000,-150,11500,"bu","09:18:50",261700
12000,-150,3000,"sd","09:18:53",264700
12000,-150,400,"bu","09:19:07",276600
12000,-150,48100,"sd","09:19:08",324700
12050,-100,200,"sd","09:19:15",324900
12000,-150,3200,"bu","09:19:26",328100
12050,-100,1000,"bu","09:19:36",329100
12000,-150,300,"sd","09:19:37",329400
12000,-150,40000,"sd","09:19:38",369400
12000,-150,10000,"sd","09:20:03",379400
12000,-150,100,"bu","09:20:04",379500
12000,-150,2000,"bu","09:20:05",381500
12000,-150,8000,"bu","09:20:16",389500
12000,-150,200,"bu","09:20:32",389700
12000,-150,300,"bu","09:20:35",390000
12000,-150,6000,"bu","09:20:42",396000
12000,-150,1000,"bu","09:20:43",397000
12000,-150,100,"bu","09:20:46",397100
12000,-150,2400,"sd","09:20:48",399500
12000,-150,30000,"bu","09:20:49",429500
12000,-150,1100,"sd","09:20:54",430600
12000,-150,5300,"sd","09:20:58",435900
12000,-150,20000,"bu","09:21:08",455900
12000,-150,3000,"sd","09:21:09",458900
12000,-150,2000,"bu","09:21:14",460900
12000,-150,18500,"bu","09:21:28",479400
12000,-150,200,"sd","09:21:30",479600
12000,-150,31700,"sd","09:21:32",511300
11950,-200,8900,"sd","09:21:43",520200
12000,-150,10000,"bu","09:21:46",530200
11950,-200,500,"bu","09:22:26",530700
11950,-200,2000,"bu","09:22:36",532700
12000,-150,1000,"sd","09:22:37",533700
11950,-200,500,"bu","09:22:52",534200
12000,-150,300,"bu","09:22:53",534500
11950,-200,5000,"sd","09:23:01",539500
12000,-150,5000,"bu","09:23:09",544500
11950,-200,500,"sd","09:23:11",545000
11950,-200,2000,"sd","09:23:39",547000
11950,-200,11300,"bu","09:23:40",558300
11950,-200,47300,"bu","09:23:43",605600
11950,-200,100,"sd","09:23:57",605700
11950,-200,600,"sd","09:24:13",606300
11950,-200,2000,"bu","09:24:18",608300
11950,-200,400,"bu","09:24:33",608700
11900,-250,1700,"sd","09:24:44",610400
11900,-250,7000,"sd","09:24:51",617400
11900,-250,3000,"bu","09:25:01",620400
11900,-250,100,"sd","09:25:16",620500
11900,-250,51000,"bu","09:25:25",671500
11900,-250,200,"sd","09:25:28",671700
11900,-250,30000,"sd","09:25:32",701700
11900,-250,500,"sd","09:25:33",702200
11900,-250,1500,"bu","09:25:43",703700
11950,-200,2000,"sd","09:25:51",705700
11900,-250,1000,"bu","09:25:55",706700
11900,-250,100,"bu","09:25:58",706800
11900,-250,300,"sd","09:25:59",707100
11900,-250,8000,"bu","09:26:00",715100
11900,-250,3900,"sd","09:26:02",719000
11950,-200,5000,"sd","09:26:20",724000
11950,-200,2000,"bu","09:26:36",726000
11950,-200,300,"bu","09:26:43",726300
11950,-200,800,"bu","09:26:48",727100
11950,-200,50000,"sd","09:26:50",777100
11900,-250,11700,"bu","09:26:51",788800
11950,-200,10000,"sd","09:26:58",798800
11950,-200,5000,"sd","09:27:00",803800
11950,-200,27200,"sd","09:27:02",831000
11950,-200,5000,"bu","09:27:09",836000
11950,-200,2000,"bu","09:27:11",838000
11950,-200,9000,"sd","09:27:18",847000
12000,-150,1000,"sd","09:27:19",848000
12000,-150,5600,"sd","09:27:20",853600
12000,-150,1000,"sd","09:27:22",854600
12000,-150,400,"bu","09:27:23",855000
12000,-150,1000,"sd","09:27:39",856000
12000,-150,1500,"sd","09:27:44",857500
12000,-150,10000,"sd","09:27:47",867500
12000,-150,2000,"sd","09:27:51",869500
12000,-150,1000,"sd","09:27:53",870500
12000,-150,30000,"bu","09:27:56",900500
12000,-150,3300,"sd","09:27:57",903800
12000,-150,2000,"bu","09:28:02",905800
12000,-150,1000,"sd","09:28:11",906800
12050,-100,7000,"bu","09:28:39",913800
12050,-100,5000,"bu","09:28:44",918800
12000,-150,14000,"sd","09:28:48",932800
12000,-150,500,"sd","09:28:54",933300
12050,-100,800,"bu","09:29:03",934100
12050,-100,600,"bu","09:29:14",934700
12000,-150,500,"sd","09:29:17",935200
12050,-100,2000,"bu","09:29:48",937200
12000,-150,300,"sd","09:29:54",937500
12050,-100,500,"sd","09:30:05",938000
12050,-100,200,"bu","09:30:05",938200
12050,-100,10000,"bu","09:30:08",948200
12050,-100,1000,"bu","09:30:17",949200
12050,-100,8900,"sd","09:30:40",958100
12100,-50,1100,"bu","09:31:19",959200
12100,-50,10000,"bu","09:31:24",969200
12050,-100,25000,"sd","09:31:36",994200
12050,-100,500,"sd","09:31:52",994700
12050,-100,4000,"bu","09:32:17",998700
12050,-100,22000,"bu","09:32:35",1020700
12050,-100,400,"bu","09:32:51",1021100
12050,-100,19600,"sd","09:33:21",1040700
12000,-150,1200,"bu","09:33:42",1041900
12050,-100,1700,"sd","09:33:45",1043600
12050,-100,300,"bu","09:33:46",1043900
12050,-100,3200,"bu","09:33:49",1047100
12000,-150,100,"sd","09:34:19",1047200
12000,-150,10000,"bu","09:34:22",1057200
12000,-150,100,"bu","09:34:35",1057300
12050,-100,1000,"bu","09:35:19",1058300
12000,-150,2500,"bu","09:35:35",1060800
12000,-150,5000,"sd","09:35:40",1065800
12000,-150,6000,"sd","09:35:42",1071800
12000,-150,300,"sd","09:36:14",1072100
12000,-150,500,"bu","09:36:59",1072600
12000,-150,98400,"sd","09:37:13",1171000
12000,-150,1000,"bu","09:37:14",1172000
12000,-150,100,"sd","09:37:41",1172100
12000,-150,2500,"bu","09:38:02",1174600
12000,-150,200,"sd","09:38:04",1174800
12000,-150,1000,"sd","09:38:14",1175800
12000,-150,500,"sd","09:38:19",1176300
12000,-150,15900,"bu","09:38:44",1192200
12000,-150,100,"bu","09:38:51",1192300
12000,-150,3500,"bu","09:38:56",1195800
12000,-150,500,"sd","09:39:02",1196300
12000,-150,28900,"sd","09:39:10",1225200
12000,-150,100,"bu","09:39:53",1225300
12000,-150,3000,"bu","09:40:07",1228300
12000,-150,2000,"bu","09:40:37",1230300
12000,-150,30000,"sd","09:41:00",1260300
12000,-150,1000,"sd","09:41:58",1261300
12000,-150,8000,"bu","09:42:01",1269300
11950,-200,23000,"bu","09:42:06",1292300
12000,-150,2000,"bu","09:42:28",1294300
12000,-150,400,"sd","09:42:38",1294700
12000,-150,600,"bu","09:42:48",1295300
12000,-150,2000,"sd","09:42:51",1297300
12000,-150,1000,"bu","09:42:55",1298300
11950,-200,5000,"sd","09:43:12",1303300
11950,-200,300,"sd","09:43:23",1303600
11950,-200,4100,"sd","09:43:35",1307700
12000,-150,1000,"bu","09:43:51",1308700
11950,-200,100,"sd","09:44:19",1308800
12000,-150,700,"sd","09:44:27",1309500
12000,-150,1000,"bu","09:44:33",1310500
12000,-150,5000,"bu","09:44:40",1315500
12000,-150,1000,"sd","09:44:52",1316500
12000,-150,500,"bu","09:45:11",1317000
12000,-150,10000,"bu","09:45:26",1327000
11950,-200,1000,"bu","09:45:30",1328000
11950,-200,10000,"sd","09:46:01",1338000
12000,-150,500,"sd","09:46:21",1338500
12000,-150,47600,"sd","09:46:41",1386100
12000,-150,3000,"bu","09:46:56",1389100
12000,-150,1000,"bu","09:47:26",1390100
12000,-150,4000,"bu","09:47:31",1394100
12000,-150,5000,"bu","09:47:51",1399100
12000,-150,2000,"bu","09:48:11",1401100
12000,-150,1300,"bu","09:48:24",1402400
12000,-150,100,"bu","09:48:46",1402500
12000,-150,25000,"sd","09:49:16",1427500
12000,-150,1000,"sd","09:49:30",1428500
12000,-150,1000,"bu","09:49:41",1429500
12000,-150,1500,"bu","09:50:05",1431000
11900,-250,162000,"sd","09:50:22",1593000
11950,-200,15000,"bu","09:51:13",1608000
11950,-200,2500,"bu","09:51:14",1610500
12000,-150,500,"sd","09:51:57",1611000
12000,-150,1500,"sd","09:52:08",1612500
12000,-150,3000,"sd","09:52:32",1615500
12000,-150,100,"sd","09:53:03",1615600
12000,-150,3900,"sd","09:53:36",1619500
12000,-150,100,"sd","09:53:43",1619600
12000,-150,1000,"sd","09:54:03",1620600
12000,-150,3000,"sd","09:54:09",1623600
12000,-150,4100,"sd","09:54:14",1627700
12000,-150,300,"bu","09:55:45",1628000
12000,-150,16400,"sd","09:55:46",1644400
12000,-150,2000,"bu","09:55:47",1646400
12000,-150,1000,"bu","09:56:12",1647400
12000,-150,100,"sd","09:56:21",1647500
12000,-150,200,"sd","09:56:26",1647700
12000,-150,2000,"sd","09:56:51",1649700
12000,-150,100,"sd","09:57:02",1649800
12000,-150,13000,"sd","09:57:32",1662800
12000,-150,300,"sd","09:57:36",1663100
11950,-200,2000,"sd","09:57:42",1665100
11900,-250,310400,"sd","09:57:43",1975500
11950,-200,300,"bu","09:58:21",1975800
12000,-150,20000,"sd","09:59:13",1995800
12000,-150,1000,"bu","09:59:42",1996800
12000,-150,2000,"sd","10:00:24",1998800
12000,-150,400,"bu","10:00:59",1999200
12000,-150,2000,"bu","10:01:07",2001200
11950,-200,2200,"bu","10:02:01",2003400
11950,-200,20000,"sd","10:03:18",2023400
12000,-150,200,"sd","10:03:50",2023600
12000,-150,1000,"bu","10:04:01",2024600
12000,-150,100,"bu","10:04:16",2024700
12000,-150,3000,"bu","10:04:17",2027700
11950,-200,900,"bu","10:04:20",2028600
12000,-150,2000,"bu","10:04:40",2030600
12000,-150,600,"bu","10:04:41",2031200
12000,-150,4900,"bu","10:05:26",2036100
12000,-150,1000,"bu","10:05:37",2037100
12000,-150,5000,"sd","10:05:47",2042100
12000,-150,500,"bu","10:05:51",2042600
11950,-200,1200,"bu","10:05:55",2043800
12000,-150,2500,"bu","10:06:55",2046300
12000,-150,11000,"sd","10:07:01",2057300
12000,-150,2000,"bu","10:07:02",2059300
12000,-150,200,"sd","10:07:06",2059500
12000,-150,10000,"bu","10:07:08",2069500
12000,-150,6000,"sd","10:07:10",2075500
12000,-150,4000,"sd","10:07:11",2079500
12000,-150,700,"bu","10:07:13",2080200
12000,-150,2800,"sd","10:07:15",2083000
12050,-100,5000,"bu","10:07:34",2088000
12050,-100,5000,"bu","10:08:02",2093000
12050,-100,2300,"bu","10:08:46",2095300
12050,-100,200,"sd","10:08:50",2095500
12000,-150,20000,"sd","10:09:21",2115500
12050,-100,2000,"sd","10:09:45",2117500
12050,-100,1000,"sd","10:09:57",2118500
12000,-150,700,"bu","10:10:18",2119200
12000,-150,400,"bu","10:11:34",2119600
12000,-150,3000,"sd","10:12:39",2122600
12000,-150,900,"sd","10:12:44",2123500
12000,-150,20000,"bu","10:13:08",2143500
12000,-150,14300,"sd","10:13:30",2157800
12000,-150,5000,"sd","10:14:07",2162800
12000,-150,500,"bu","10:14:15",2163300
12000,-150,1500,"sd","10:14:22",2164800
12000,-150,300,"sd","10:14:29",2165100
12000,-150,100,"sd","10:14:55",2165200
12000,-150,13700,"bu","10:15:23",2178900
12000,-150,7600,"sd","10:16:18",2186500
12000,-150,1100,"bu","10:16:21",2187600
12000,-150,1300,"bu","10:16:35",2188900
12000,-150,14800,"bu","10:17:50",2203700
12000,-150,1000,"sd","10:18:18",2204700
12000,-150,15000,"bu","10:18:23",2219700
12050,-100,10000,"sd","10:19:09",2229700
12000,-150,1600,"sd","10:19:11",2231300
12000,-150,300,"sd","10:19:55",2231600
12000,-150,400,"bu","10:20:12",2232000
12000,-150,40000,"bu","10:20:21",2272000
12000,-150,900,"sd","10:20:40",2272900
12000,-150,3500,"sd","10:20:57",2276400
12000,-150,500,"bu","10:21:14",2276900
12000,-150,6000,"bu","10:21:16",2282900
12000,-150,1000,"bu","10:21:19",2283900
12000,-150,200,"bu","10:21:31",2284100
12000,-150,2200,"bu","10:22:28",2286300
12000,-150,3900,"sd","10:22:54",2290200
12000,-150,2000,"sd","10:24:25",2292200
12000,-150,500,"sd","10:24:31",2292700
12000,-150,300,"sd","10:24:42",2293000
12000,-150,500,"sd","10:24:59",2293500
12000,-150,20000,"bu","10:26:24",2313500
12000,-150,1000,"sd","10:27:11",2314500
12000,-150,1500,"bu","10:27:44",2316000
12000,-150,10000,"bu","10:28:11",2326000
12000,-150,5000,"bu","10:28:12",2331000
12000,-150,7000,"bu","10:28:27",2338000
12000,-150,2500,"bu","10:29:07",2340500
12000,-150,500,"bu","10:29:27",2341000
12000,-150,100,"bu","10:29:31",2341100
12000,-150,500,"sd","10:29:34",2341600
12000,-150,1000,"bu","10:29:58",2342600
12000,-150,5000,"bu","10:31:06",2347600
12000,-150,1000,"bu","10:31:14",2348600
12000,-150,1300,"bu","10:31:51",2349900
12000,-150,1500,"bu","10:32:26",2351400
12000,-150,3000,"bu","10:34:09",2354400
12050,-100,6000,"sd","10:35:44",2360400
12050,-100,1300,"bu","10:36:22",2361700
12050,-100,5000,"bu","10:36:48",2366700
12050,-100,7000,"bu","10:37:48",2373700
12050,-100,56500,"bu","10:37:58",2430200
12100,-50,100,"sd","10:39:21",2430300
12050,-100,400,"sd","10:39:30",2430700
12050,-100,200,"bu","10:39:49",2430900
12100,-50,1000,"bu","10:40:09",2431900
12100,-50,1100,"bu","10:40:35",2433000
12100,-50,1000,"bu","10:40:38",2434000
12100,-50,500,"bu","10:40:53",2434500
12100,-50,100,"sd","10:42:04",2434600
12100,-50,2100,"bu","10:43:51",2436700
12100,-50,100,"sd","10:44:28",2436800
12100,-50,1000,"sd","10:45:22",2437800
12050,-100,3600,"bu","10:45:32",2441400
12050,-100,6000,"bu","10:45:43",2447400
12050,-100,1500,"bu","10:47:39",2448900
12100,-50,1000,"bu","10:48:33",2449900
12050,-100,500,"bu","10:49:08",2450400
12050,-100,100,"sd","10:49:55",2450500
12050,-100,10000,"bu","10:50:21",2460500
12050,-100,13500,"bu","10:50:45",2474000
12050,-100,20000,"sd","10:50:58",2494000
12050,-100,1900,"sd","10:51:23",2495900
12050,-100,100,"sd","10:52:12",2496000
12100,-50,200,"sd","10:55:38",2496200
12050,-100,10000,"sd","10:57:27",2506200
12050,-100,2000,"bu","10:57:59",2508200
12050,-100,100,"sd","10:58:20",2508300
12050,-100,1100,"bu","10:58:40",2509400
12050,-100,5000,"sd","10:59:02",2514400
12050,-100,500,"sd","10:59:45",2514900
12050,-100,200,"sd","11:00:54",2515100
12050,-100,100,"sd","11:01:22",2515200
12050,-100,1000,"bu","11:01:49",2516200
12050,-100,300,"bu","11:02:29",2516500
12050,-100,11800,"sd","11:02:44",2528300
12050,-100,1000,"sd","11:02:48",2529300
12050,-100,100,"bu","11:02:58",2529400
12000,-150,22100,"bu","11:04:45",2551500
12050,-100,3000,"bu","11:06:17",2554500
12050,-100,1500,"bu","11:06:23",2556000
12000,-150,6100,"sd","11:06:42",2562100
12000,-150,500,"sd","11:08:32",2562600
12000,-150,1000,"sd","11:09:50",2563600
12000,-150,100,"sd","11:10:18",2563700
12000,-150,5000,"sd","11:10:41",2568700
12000,-150,800,"sd","11:10:47",2569500
12000,-150,30000,"bu","11:12:23",2599500
12000,-150,12500,"bu","11:12:37",2612000
12000,-150,200,"bu","11:12:41",2612200
12000,-150,500,"sd","11:13:37",2612700
12000,-150,300,"bu","11:13:41",2613000
12000,-150,5000,"sd","11:14:12",2618000
12000,-150,20000,"sd","11:14:40",2638000
12050,-100,1000,"sd","11:14:58",2639000
12000,-150,100,"sd","11:15:03",2639100
12050,-100,500,"bu","11:15:49",2639600
12050,-100,2000,"sd","11:16:02",2641600
12000,-150,200,"sd","11:17:09",2641800
12000,-150,10000,"bu","11:18:21",2651800
12000,-150,100,"bu","11:18:41",2651900
12000,-150,1000,"bu","11:18:44",2652900
12000,-150,300,"sd","11:18:59",2653200
12000,-150,100,"sd","11:19:06",2653300
12000,-150,5000,"bu","11:19:47",2658300
12000,-150,1100,"bu","11:21:08",2659400
12000,-150,600,"bu","11:23:48",2660000
12050,-100,2500,"bu","11:24:43",2662500
12000,-150,500,"sd","11:25:57",2663000
12000,-150,30000,"sd","11:26:34",2693000
12000,-150,1500,"bu","11:26:57",2694500
12000,-150,20000,"sd","11:28:14",2714500
12000,-150,8000,"bu","11:28:32",2722500
12000,-150,19900,"sd","11:28:38",2742400
12000,-150,8000,"sd","11:28:56",2750400
12000,-150,100,"bu","11:29:19",2750500
12000,-150,15000,"sd","11:29:36",2765500
12000,-150,100,"bu","11:29:59",2765600
12000,-150,400,"sd","13:00:22",2766000
12000,-150,100,"sd","13:00:23",2766100
12000,-150,5100,"sd","13:00:42",2771200
12000,-150,100,"bu","13:00:43",2771300
12000,-150,500,"bu","13:00:45",2771800
12000,-150,600,"bu","13:00:48",2772400
12000,-150,200,"sd","13:00:52",2772600
12000,-150,300,"sd","13:01:05",2772900
12000,-150,3500,"sd","13:01:14",2776400
12000,-150,100,"sd","13:01:35",2776500
12000,-150,10100,"sd","13:01:41",2786600
12000,-150,100,"bu","13:01:45",2786700
12000,-150,2000,"sd","13:01:48",2788700
12050,-100,3000,"sd","13:02:30",2791700
12000,-150,1000,"bu","13:02:40",2792700
12000,-150,900,"bu","13:03:19",2793600
12000,-150,300,"bu","13:03:34",2793900
12000,-150,1000,"sd","13:03:57",2794900
12000,-150,4000,"bu","13:04:37",2798900
12000,-150,7600,"bu","13:04:50",2806500
12000,-150,9000,"bu","13:04:55",2815500
12000,-150,1000,"sd","13:05:12",2816500
12000,-150,1400,"bu","13:05:16",2817900
12000,-150,300,"bu","13:06:24",2818200
12000,-150,500,"bu","13:06:29",2818700
12000,-150,10000,"bu","13:06:48",2828700
12000,-150,200,"bu","13:06:55",2828900
12000,-150,10000,"sd","13:06:58",2838900
12000,-150,200,"bu","13:07:20",2839100
12000,-150,2700,"sd","13:07:36",2841800
12000,-150,1000,"sd","13:08:00",2842800
12000,-150,1700,"bu","13:08:05",2844500
12000,-150,10000,"sd","13:08:23",2854500
12000,-150,4000,"sd","13:09:43",2858500
12000,-150,5000,"sd","13:10:01",2863500
12000,-150,400,"bu","13:10:09",2863900
12000,-150,2000,"bu","13:10:11",2865900
12000,-150,2600,"sd","13:10:13",2868500
12000,-150,500,"sd","13:10:39",2869000
12000,-150,100,"bu","13:11:03",2869100
12000,-150,300,"bu","13:11:23",2869400
12000,-150,2000,"sd","13:12:19",2871400
12000,-150,5000,"sd","13:12:23",2876400
12000,-150,1000,"bu","13:12:32",2877400
12000,-150,100,"sd","13:12:34",2877500
12000,-150,900,"sd","13:12:36",2878400
12000,-150,200,"sd","13:13:18",2878600
12000,-150,30000,"sd","13:13:42",2908600
12000,-150,100,"sd","13:13:46",2908700
12000,-150,2200,"sd","13:14:12",2910900
12000,-150,1200,"sd","13:14:23",2912100
12000,-150,300,"bu","13:15:03",2912400
12000,-150,1000,"bu","13:15:18",2913400
12000,-150,100,"sd","13:15:47",2913500
12000,-150,1300,"sd","13:15:58",2914800
12050,-100,5000,"sd","13:16:46",2919800
12050,-100,100,"bu","13:17:39",2919900
12000,-150,19000,"bu","13:17:41",2938900
12000,-150,12400,"sd","13:18:23",2951300
12000,-150,7100,"bu","13:19:36",2958400
12000,-150,200,"bu","13:19:44",2958600
12000,-150,2400,"sd","13:19:58",2961000
12000,-150,300,"bu","13:20:12",2961300
12000,-150,2700,"bu","13:20:16",2964000
12000,-150,1500,"bu","13:20:22",2965500
12000,-150,100,"sd","13:20:33",2965600
12000,-150,200,"bu","13:20:41",2965800
12000,-150,100,"bu","13:21:01",2965900
12000,-150,5000,"sd","13:21:11",2970900
12000,-150,400,"sd","13:21:42",2971300
12000,-150,1000,"bu","13:21:56",2972300
12000,-150,2000,"bu","13:22:39",2974300
12000,-150,200,"bu","13:23:01",2974500
12000,-150,500,"bu","13:23:04",2975000
12000,-150,100,"sd","13:23:12",2975100
12000,-150,3000,"bu","13:23:31",2978100
11950,-200,2400,"bu","13:23:41",2980500
12000,-150,8400,"sd","13:23:43",2988900
12000,-150,300,"bu","13:23:49",2989200
12000,-150,100,"bu","13:23:54",2989300
12000,-150,500,"bu","13:23:58",2989800
12000,-150,200,"bu","13:24:06",2990000
12000,-150,1000,"bu","13:24:24",2991000
12000,-150,10000,"bu","13:24:26",3001000
12000,-150,1500,"bu","13:24:36",3002500
12000,-150,10000,"bu","13:24:46",3012500
12000,-150,5100,"sd","13:24:50",3017600
12000,-150,500,"sd","13:24:52",3018100
12000,-150,3000,"sd","13:24:54",3021100
12000,-150,700,"bu","13:25:05",3021800
12000,-150,20100,"bu","13:25:06",3041900
12000,-150,200,"sd","13:25:09",3042100
12000,-150,100,"bu","13:25:24",3042200
12000,-150,1400,"sd","13:26:45",3043600
12050,-100,500,"sd","13:26:55",3044100
12050,-100,3700,"bu","13:27:10",3047800
12050,-100,600,"bu","13:27:23",3048400
12000,-150,100,"bu","13:27:41",3048500
12050,-100,10000,"sd","13:27:58",3058500
12000,-150,1000,"bu","13:28:25",3059500
12000,-150,4000,"sd","13:28:53",3063500
12000,-150,300,"sd","13:28:59",3063800
12000,-150,4000,"bu","13:29:27",3067800
12000,-150,10000,"sd","13:30:27",3077800
12000,-150,2000,"sd","13:30:31",3079800
12000,-150,1000,"sd","13:31:03",3080800
12000,-150,16000,"bu","13:31:16",3096800
12000,-150,1500,"sd","13:32:15",3098300
12000,-150,6500,"bu","13:33:09",3104800
12000,-150,800,"sd","13:33:12",3105600
12000,-150,200,"bu","13:33:24",3105800
11950,-200,1000,"bu","13:33:47",3106800
11950,-200,10000,"sd","13:34:10",3116800
11950,-200,100,"bu","13:35:27",3116900
11950,-200,400,"sd","13:36:34",3117300
11950,-200,100,"sd","13:37:48",3117400
11950,-200,1500,"bu","13:38:09",3118900
11950,-200,81000,"sd","13:38:51",3199900
11950,-200,800,"bu","13:39:51",3200700
11950,-200,1000,"sd","13:40:24",3201700
12000,-150,600,"bu","13:41:04",3202300
12000,-150,100,"bu","13:41:33",3202400
12000,-150,2000,"bu","13:42:21",3204400
11950,-200,600,"bu","13:43:41",3205000
12000,-150,200,"sd","13:43:44",3205200
11950,-200,3000,"sd","13:44:12",3208200
11950,-200,1200,"bu","13:44:19",3209400
12000,-150,10000,"sd","13:44:37",3219400
11950,-200,53000,"bu","13:44:44",3272400
11950,-200,2000,"bu","13:44:46",3274400
11950,-200,300,"sd","13:45:00",3274700
11950,-200,1000,"sd","13:45:04",3275700
11950,-200,3000,"bu","13:45:06",3278700
11950,-200,3500,"bu","13:45:09",3282200
11950,-200,20000,"sd","13:45:18",3302200
11950,-200,1000,"bu","13:45:31",3303200
11950,-200,900,"sd","13:45:38",3304100
11950,-200,2000,"sd","13:46:41",3306100
11950,-200,600,"bu","13:46:46",3306700
11950,-200,900,"sd","13:46:53",3307600
11950,-200,18800,"bu","13:47:21",3326400
11950,-200,30000,"sd","13:47:28",3356400
11950,-200,500,"sd","13:47:33",3356900
11950,-200,5000,"sd","13:48:11",3361900
11950,-200,2400,"sd","13:48:32",3364300
11950,-200,1300,"sd","13:48:49",3365600
11950,-200,400,"sd","13:49:18",3366000
11950,-200,36400,"sd","13:49:36",3402400
11950,-200,2400,"sd","13:49:46",3404800
11950,-200,100,"bu","13:49:49",3404900
11950,-200,1000,"bu","13:49:51",3405900
11950,-200,17400,"bu","13:49:59",3423300
12000,-150,100,"sd","13:50:13",3423400
12000,-150,3100,"bu","13:51:22",3426500
12000,-150,500,"bu","13:51:40",3427000
12000,-150,100,"bu","13:52:00",3427100
12000,-150,200,"sd","13:52:07",3427300
12000,-150,1000,"sd","13:52:48",3428300
12000,-150,100,"bu","13:53:16",3428400
12000,-150,3100,"bu","13:53:38",3431500
12000,-150,600,"sd","13:54:08",3432100
11950,-200,3300,"sd","13:54:13",3435400
12000,-150,100,"bu","13:54:51",3435500
12000,-150,400,"bu","13:55:46",3435900
12000,-150,1000,"sd","13:57:12",3436900
12000,-150,300,"sd","13:57:59",3437200
12000,-150,10000,"bu","13:59:20",3447200
12000,-150,2000,"bu","13:59:48",3449200
12000,-150,300,"sd","14:00:16",3449500
12000,-150,1100,"sd","14:00:26",3450600
11950,-200,500,"sd","14:00:38",3451100
11950,-200,5000,"bu","14:00:47",3456100
11950,-200,300,"bu","14:00:54",3456400
11950,-200,15000,"sd","14:01:00",3471400
11950,-200,1500,"sd","14:01:08",3472900
11950,-200,5000,"bu","14:01:18",3477900
11950,-200,500,"bu","14:01:41",3478400
11950,-200,6000,"bu","14:03:55",3484400
11950,-200,1000,"bu","14:04:02",3485400
11950,-200,50000,"bu","14:04:10",3535400
11950,-200,100,"bu","14:04:15",3535500
11950,-200,200,"bu","14:04:37",3535700
11950,-200,1200,"bu","14:04:42",3536900
11950,-200,500,"bu","14:05:09",3537400
11950,-200,800,"bu","14:05:19",3538200
12000,-150,5000,"bu","14:05:31",3543200
11950,-200,10000,"bu","14:06:16",3553200
11950,-200,2500,"sd","14:06:35",3555700
11950,-200,300,"bu","14:06:55",3556000
11950,-200,26600,"sd","14:07:44",3582600
11950,-200,500,"sd","14:07:49",3583100
11900,-250,25000,"bu","14:08:38",3608100
11900,-250,1500,"sd","14:08:53",3609600
11900,-250,20000,"sd","14:09:05",3629600
11900,-250,100,"sd","14:09:15",3629700
11900,-250,2000,"sd","14:09:31",3631700
11950,-200,100,"sd","14:10:19",3631800
11900,-250,200,"bu","14:10:24",3632000
11950,-200,500,"bu","14:10:26",3632500
11950,-200,600,"bu","14:11:24",3633100
11950,-200,400,"bu","14:11:27",3633500
11950,-200,500,"sd","14:11:55",3634000
11950,-200,700,"sd","14:12:28",3634700
11900,-250,100,"bu","14:12:36",3634800
11900,-250,5000,"sd","14:12:41",3639800
11900,-250,25800,"sd","14:12:44",3665600
11900,-250,800,"bu","14:12:53",3666400
11900,-250,20000,"sd","14:13:08",3686400
11950,-200,1000,"bu","14:13:21",3687400
11900,-250,500,"bu","14:13:24",3687900
11900,-250,2000,"bu","14:13:40",3689900
11900,-250,6100,"sd","14:13:46",3696000
11900,-250,3500,"sd","14:13:56",3699500
11900,-250,10000,"sd","14:13:59",3709500
11900,-250,3500,"bu","14:14:04",3713000
11900,-250,10000,"bu","14:14:12",3723000
11900,-250,78400,"bu","14:14:17",3801400
11900,-250,102700,"bu","14:14:20",3904100
11900,-250,100,"bu","14:14:25",3904200
11900,-250,39100,"bu","14:14:28",3943300
11900,-250,28600,"bu","14:14:30",3971900
11900,-250,1000,"sd","14:14:45",3972900
11900,-250,700,"sd","14:14:48",3973600
11850,-300,5000,"sd","14:14:53",3978600
11850,-300,6000,"bu","14:15:04",3984600
11850,-300,18900,"sd","14:15:07",4003500
11900,-250,16000,"sd","14:15:19",4019500
11900,-250,5900,"sd","14:15:33",4025400
11900,-250,1200,"bu","14:15:36",4026600
11900,-250,100,"bu","14:15:42",4026700
11900,-250,2500,"bu","14:15:45",4029200
11900,-250,1000,"sd","14:15:48",4030200
11850,-300,5400,"sd","14:16:03",4035600
11850,-300,1500,"bu","14:16:11",4037100
11850,-300,6000,"bu","14:16:26",4043100
11850,-300,9500,"sd","14:16:29",4052600
11850,-300,11200,"bu","14:16:34",4063800
11850,-300,600,"bu","14:16:46",4064400
11850,-300,50000,"bu","14:16:49",4114400
11850,-300,2000,"bu","14:16:57",4116400
11900,-250,8500,"sd","14:17:05",4124900
11850,-300,5500,"sd","14:17:07",4130400
11850,-300,14000,"sd","14:17:15",4144400
11850,-300,10100,"sd","14:17:18",4154500
11850,-300,1300,"sd","14:17:24",4155800
11850,-300,5000,"sd","14:17:29",4160800
11900,-250,500,"bu","14:17:32",4161300
11850,-300,30000,"sd","14:17:34",4191300
11850,-300,10000,"bu","14:17:40",4201300
11850,-300,7000,"bu","14:17:42",4208300
11850,-300,10000,"bu","14:17:51",4218300
11850,-300,20000,"sd","14:17:59",4238300
11850,-300,1300,"sd","14:18:01",4239600
11850,-300,43000,"sd","14:18:04",4282600
11850,-300,5000,"sd","14:18:06",4287600
11850,-300,26500,"sd","14:18:09",4314100
11850,-300,10000,"sd","14:18:19",4324100
11850,-300,8200,"bu","14:18:27",4332300
11800,-350,19400,"sd","14:18:29",4351700
11800,-350,1000,"bu","14:18:32",4352700
11800,-350,500,"bu","14:18:51",4353200
11850,-300,200,"sd","14:18:54",4353400
11800,-350,11000,"sd","14:18:56",4364400
11800,-350,18000,"bu","14:19:01",4382400
11800,-350,4400,"sd","14:19:09",4386800
11800,-350,20000,"bu","14:19:21",4406800
11800,-350,5500,"bu","14:19:23",4412300
11850,-300,2500,"bu","14:19:26",4414800
11800,-350,6000,"bu","14:19:37",4420800
11850,-300,5500,"sd","14:19:40",4426300
11850,-300,500,"bu","14:19:42",4426800
11800,-350,2000,"bu","14:19:45",4428800
11850,-300,5700,"bu","14:19:48",4434500
11800,-350,10000,"bu","14:19:54",4444500
11850,-300,300,"sd","14:20:06",4444800
11800,-350,32900,"bu","14:20:09",4477700
11800,-350,3600,"sd","14:20:11",4481300
11800,-350,24500,"sd","14:20:17",4505800
11800,-350,16500,"sd","14:20:20",4522300
11800,-350,85300,"bu","14:20:26",4607600
11800,-350,15000,"sd","14:20:28",4622600
11800,-350,10500,"bu","14:20:36",4633100
11800,-350,3500,"sd","14:20:40",4636600
11800,-350,100,"sd","14:20:43",4636700
11800,-350,500,"bu","14:20:46",4637200
11800,-350,2800,"sd","14:20:56",4640000
11800,-350,7100,"bu","14:20:58",4647100
11800,-350,3200,"bu","14:21:01",4650300
11800,-350,200,"bu","14:21:04",4650500
11800,-350,1000,"sd","14:21:12",4651500
11800,-350,100,"bu","14:21:15",4651600
11800,-350,2000,"bu","14:21:18",4653600
11800,-350,3200,"bu","14:21:22",4656800
11800,-350,14000,"bu","14:21:32",4670800
11850,-300,100,"sd","14:21:41",4670900
11800,-350,2100,"sd","14:21:55",4673000
11850,-300,100,"bu","14:22:01",4673100
11800,-350,2800,"bu","14:22:04",4675900
11850,-300,300,"bu","14:22:44",4676200
11800,-350,1000,"sd","14:22:50",4677200
11850,-300,51200,"bu","14:23:00",4728400
11850,-300,3100,"sd","14:23:03",4731500
11850,-300,48400,"sd","14:23:06",4779900
11850,-300,1100,"bu","14:23:09",4781000
11850,-300,20500,"bu","14:23:12",4801500
11900,-250,1000,"sd","14:23:15",4802500
11900,-250,500,"bu","14:23:21",4803000
11900,-250,5500,"sd","14:23:28",4808500
11900,-250,18600,"bu","14:23:31",4827100
11900,-250,1000,"sd","14:23:45",4828100
11900,-250,6500,"sd","14:23:49",4834600
11900,-250,100,"sd","14:23:52",4834700
11900,-250,10000,"bu","14:23:55",4844700
11900,-250,1000,"bu","14:23:59",4845700
11900,-250,4700,"sd","14:24:14",4850400
11950,-200,40000,"sd","14:24:17",4890400
11900,-250,1700,"bu","14:24:25",4892100
11950,-200,4900,"bu","14:24:28",4897000
11950,-200,500,"sd","14:24:45",4897500
11950,-200,5000,"sd","14:24:51",4902500
11950,-200,1000,"bu","14:25:12",4903500
11950,-200,10000,"bu","14:25:40",4913500
11950,-200,1000,"bu","14:25:43",4914500
11950,-200,1500,"bu","14:25:47",4916000
11950,-200,5000,"sd","14:26:15",4921000
11950,-200,1500,"sd","14:26:18",4922500
11950,-200,200,"bu","14:26:32",4922700
11950,-200,7100,"sd","14:26:35",4929800
11950,-200,100,"sd","14:26:38",4929900
11950,-200,6500,"bu","14:26:45",4936400
11950,-200,100,"sd","14:27:01",4936500
11950,-200,1000,"sd","14:27:12",4937500
11950,-200,13000,"bu","14:27:26",4950500
11950,-200,1000,"sd","14:27:30",4951500
11950,-200,100,"sd","14:27:49",4951600
11950,-200,8500,"bu","14:27:55",4960100
11950,-200,10700,"sd","14:27:59",4970800
11950,-200,400,"bu","14:28:12",4971200
11950,-200,700,"sd","14:28:18",4971900
11900,-250,400,"bu","14:28:37",4972300
11900,-250,3000,"bu","14:28:54",4975300
11900,-250,1500,"bu","14:29:05",4976800
11950,-200,2500,"bu","14:29:19",4979300
11900,-250,300,"sd","14:29:22",4979600
11900,-250,10700,"sd","14:29:34",4990300
11900,-250,1100,"bu","14:29:43",4991400
11950,-200,100,"sd","14:29:52",4991500
11950,-200,1000,"sd","14:30:04",4992500
11900,-250,2000,"sd","14:30:07",4994500
11850,-300,328200,"sd","14:45:13",5322700
