"price","change","match_qtty","side","time","total_vol"
14400,0,6000,"sd","09:11:49",6000
14300,-100,6000,"bu","09:14:42",12000
14200,-200,30000,"sd","09:15:00",42000
14200,-200,20000,"bu","09:16:02",62000
14200,-200,20000,"sd","09:17:15",82000
14200,-200,20000,"bu","09:17:30",102000
14200,-200,10000,"sd","09:17:31",112000
14200,-200,50000,"sd","09:17:39",162000
14200,-200,13000,"bu","09:18:02",175000
14100,-300,8000,"bu","09:18:38",183000
14100,-300,3000,"sd","09:18:49",186000
14000,-400,5000,"bu","09:19:12",191000
14000,-400,100000,"sd","09:19:14",291000
14000,-400,51000,"bu","09:19:22",342000
14000,-400,5000,"sd","09:19:25",347000
14000,-400,45000,"sd","09:19:45",392000
14000,-400,8000,"bu","09:19:58",400000
14000,-400,1000,"bu","09:20:06",401000
13900,-500,38000,"bu","09:20:07",439000
13900,-500,1000,"sd","09:20:09",440000
13900,-500,10000,"sd","09:20:10",450000
13900,-500,1000,"bu","09:20:16",451000
13900,-500,3000,"sd","09:20:17",454000
13800,-600,25000,"sd","09:20:42",479000
13800,-600,5000,"bu","09:21:00",484000
13900,-500,51000,"sd","09:21:14",535000
13900,-500,1000,"sd","09:21:18",536000
13800,-600,20000,"sd","09:21:19",556000
13900,-500,12000,"sd","09:21:20",568000
13900,-500,40000,"bu","09:21:23",608000
13900,-500,5000,"sd","09:21:29",613000
13900,-500,30000,"sd","09:21:30",643000
13900,-500,11000,"sd","09:21:31",654000
13900,-500,1000,"bu","09:21:52",655000
13900,-500,2000,"bu","09:21:59",657000
14000,-400,5000,"sd","09:22:31",662000
13900,-500,5000,"sd","09:22:34",667000
13900,-500,1000,"sd","09:22:35",668000
14000,-400,43000,"sd","09:22:45",711000
14000,-400,4000,"sd","09:23:11",715000
14000,-400,10000,"sd","09:23:50",725000
14100,-300,1000,"sd","09:24:00",726000
14000,-400,98000,"sd","09:24:11",824000
14000,-400,2000,"bu","09:24:23",826000
13900,-500,50000,"bu","09:24:37",876000
14100,-300,4000,"bu","09:25:21",880000
14100,-300,16000,"bu","09:25:27",896000
14000,-400,15000,"sd","09:26:05",911000
13900,-500,18000,"bu","09:26:50",929000
13900,-500,70000,"sd","09:27:00",999000
14000,-400,1000,"bu","09:27:02",1000000
14000,-400,10000,"bu","09:27:25",1010000
14000,-400,1000,"bu","09:27:35",1011000
14000,-400,3000,"sd","09:27:47",1014000
14000,-400,2000,"bu","09:27:50",1016000
14000,-400,20000,"bu","09:27:52",1036000
14000,-400,10000,"bu","09:28:12",1046000
14000,-400,22000,"sd","09:28:20",1068000
14100,-300,30000,"sd","09:31:05",1098000
14100,-300,50000,"sd","09:31:10",1148000
14000,-400,10000,"bu","09:31:11",1158000
14100,-300,3000,"bu","09:31:20",1161000
14200,-200,10000,"bu","09:31:46",1171000
14200,-200,1000,"bu","09:32:11",1172000
14100,-300,70000,"bu","09:33:46",1242000
14100,-300,4000,"sd","09:34:08",1246000
14100,-300,30000,"sd","09:34:18",1276000
14000,-400,5000,"bu","09:34:27",1281000
14100,-300,2000,"bu","09:35:19",1283000
14100,-300,1000,"bu","09:35:33",1284000
14100,-300,2000,"bu","09:36:49",1286000
14100,-300,1000,"sd","09:37:27",1287000
14000,-400,16000,"sd","09:39:01",1303000
14100,-300,10000,"bu","09:40:43",1313000
14100,-300,1000,"sd","09:42:05",1314000
14100,-300,2000,"sd","09:43:43",1316000
14100,-300,12000,"sd","09:44:11",1328000
14000,-400,10000,"bu","09:45:32",1338000
14100,-300,10000,"sd","09:46:35",1348000
14000,-400,27000,"bu","09:47:09",1375000
14000,-400,5000,"bu","09:47:12",1380000
14000,-400,40000,"bu","09:47:15",1420000
14000,-400,10000,"bu","09:47:19",1430000
14000,-400,7000,"sd","09:47:37",1437000
14000,-400,100000,"bu","09:48:47",1537000
14000,-400,50000,"bu","09:48:57",1587000
14000,-400,13000,"sd","09:49:24",1600000
14000,-400,10000,"sd","09:50:09",1610000
14000,-400,7000,"sd","09:51:19",1617000
14000,-400,10000,"sd","09:51:44",1627000
14000,-400,17000,"sd","09:51:52",1644000
14000,-400,6000,"bu","09:51:57",1650000
14000,-400,20000,"bu","09:52:22",1670000
14000,-400,4000,"sd","09:52:31",1674000
14000,-400,3000,"sd","09:52:42",1677000
14000,-400,4000,"bu","09:52:55",1681000
14000,-400,1000,"bu","09:53:02",1682000
14000,-400,1000,"sd","09:55:45",1683000
14000,-400,2000,"bu","09:57:02",1685000
14000,-400,5000,"bu","09:57:22",1690000
14000,-400,20000,"bu","09:58:15",1710000
14000,-400,20000,"bu","09:58:31",1730000
14000,-400,2000,"bu","09:58:47",1732000
14000,-400,5000,"bu","09:59:10",1737000
14000,-400,5000,"bu","09:59:21",1742000
14000,-400,2000,"bu","09:59:26",1744000
14000,-400,3000,"bu","09:59:33",1747000
14000,-400,10000,"sd","09:59:39",1757000
14000,-400,10000,"bu","10:00:17",1767000
14000,-400,30000,"bu","10:00:39",1797000
14000,-400,10000,"sd","10:00:43",1807000
14000,-400,2000,"sd","10:00:47",1809000
14000,-400,1000,"bu","10:01:01",1810000
14000,-400,1000,"sd","10:01:34",1811000
14000,-400,20000,"sd","10:02:31",1831000
14000,-400,15000,"bu","10:02:38",1846000
14000,-400,30000,"sd","10:02:44",1876000
14000,-400,30000,"sd","10:02:48",1906000
14000,-400,4000,"sd","10:03:02",1910000
14000,-400,9000,"sd","10:03:04",1919000
14000,-400,1000,"bu","10:03:11",1920000
14000,-400,10000,"sd","10:03:21",1930000
14000,-400,1000,"sd","10:03:26",1931000
14000,-400,6000,"bu","10:03:44",1937000
14000,-400,5000,"sd","10:07:49",1942000
14100,-300,1000,"sd","10:08:59",1943000
14000,-400,2000,"bu","10:09:39",1945000
14100,-300,10000,"bu","10:09:55",1955000
14100,-300,60000,"bu","10:11:48",2015000
14100,-300,10000,"bu","10:12:28",2025000
14100,-300,2000,"bu","10:12:55",2027000
14100,-300,20000,"bu","10:13:20",2047000
14100,-300,16000,"sd","10:13:25",2063000
14000,-400,8000,"bu","10:13:34",2071000
14100,-300,15000,"bu","10:13:40",2086000
14100,-300,10000,"bu","10:13:47",2096000
14100,-300,3000,"sd","10:14:16",2099000
14100,-300,10000,"sd","10:14:19",2109000
14100,-300,9000,"sd","10:14:42",2118000
14100,-300,5000,"sd","10:15:43",2123000
14100,-300,2000,"bu","10:16:55",2125000
14100,-300,2000,"sd","10:18:10",2127000
14100,-300,10000,"sd","10:18:59",2137000
14100,-300,1000,"bu","10:20:58",2138000
14100,-300,3000,"sd","10:24:03",2141000
14000,-400,6000,"sd","10:25:49",2147000
14000,-400,20000,"sd","10:27:59",2167000
14100,-300,76000,"sd","10:28:55",2243000
14000,-400,6000,"sd","10:31:27",2249000
14000,-400,2000,"sd","10:31:55",2251000
14100,-300,41000,"bu","10:34:36",2292000
14100,-300,1000,"sd","10:36:10",2293000
14100,-300,3000,"bu","10:37:30",2296000
14100,-300,60000,"bu","10:42:06",2356000
14100,-300,2000,"sd","10:42:43",2358000
14100,-300,1000,"bu","10:45:29",2359000
14000,-400,50000,"bu","10:46:25",2409000
14000,-400,20000,"sd","10:46:59",2429000
14000,-400,16000,"bu","10:49:56",2445000
14100,-300,20000,"sd","10:50:08",2465000
14100,-300,1000,"bu","10:50:50",2466000
14100,-300,10000,"sd","10:52:15",2476000
14100,-300,18000,"bu","10:53:21",2494000
14100,-300,35000,"sd","10:58:11",2529000
14100,-300,10000,"bu","10:58:24",2539000
14100,-300,30000,"bu","10:58:42",2569000
14100,-300,3000,"bu","10:59:24",2572000
14100,-300,1000,"sd","10:59:26",2573000
14100,-300,1000,"sd","10:59:27",2574000
14100,-300,1000,"sd","11:00:17",2575000
14100,-300,23000,"bu","11:02:38",2598000
14100,-300,10000,"bu","11:05:10",2608000
14100,-300,3000,"sd","11:05:29",2611000
14100,-300,40000,"sd","11:07:03",2651000
14100,-300,10000,"sd","11:09:45",2661000
14100,-300,1000,"bu","11:09:59",2662000
14100,-300,5000,"bu","11:10:18",2667000
14100,-300,1000,"sd","11:12:03",2668000
14100,-300,1000,"bu","11:12:49",2669000
14100,-300,5000,"bu","11:14:35",2674000
14100,-300,1000,"bu","11:15:25",2675000
14100,-300,50000,"sd","11:16:14",2725000
14100,-300,5000,"sd","11:16:51",2730000
14100,-300,17000,"sd","11:16:59",2747000
14100,-300,3000,"bu","11:18:11",2750000
14100,-300,1000,"bu","11:24:39",2751000
14100,-300,10000,"bu","11:26:03",2761000
14100,-300,1000,"sd","11:26:32",2762000
14100,-300,1000,"sd","11:29:17",2763000
14000,-400,101000,"bu","11:29:18",2864000
14000,-400,13000,"sd","13:00:04",2877000
14000,-400,1000,"sd","13:00:06",2878000
14000,-400,3000,"sd","13:00:07",2881000
14000,-400,3000,"bu","13:03:11",2884000
14000,-400,2000,"sd","13:03:31",2886000
14000,-400,7000,"sd","13:03:51",2893000
14000,-400,2000,"sd","13:03:53",2895000
14000,-400,7000,"sd","13:04:34",2902000
14000,-400,10000,"sd","13:04:56",2912000
14000,-400,100000,"bu","13:05:03",3012000
14000,-400,1000,"sd","13:05:10",3013000
14000,-400,10000,"sd","13:05:13",3023000
14000,-400,20000,"bu","13:05:28",3043000
14000,-400,4000,"sd","13:05:33",3047000
14000,-400,40000,"bu","13:05:51",3087000
14000,-400,20000,"sd","13:05:54",3107000
14000,-400,39000,"sd","13:07:29",3146000
14000,-400,3000,"bu","13:08:02",3149000
14000,-400,58000,"sd","13:08:22",3207000
14000,-400,10000,"sd","13:08:31",3217000
14000,-400,10000,"sd","13:09:20",3227000
14000,-400,100000,"bu","13:09:34",3327000
14000,-400,2000,"sd","13:09:53",3329000
14000,-400,2000,"bu","13:09:54",3331000
14000,-400,1000,"bu","13:10:08",3332000
14000,-400,1000,"sd","13:10:32",3333000
14000,-400,2000,"bu","13:10:35",3335000
14000,-400,10000,"sd","13:12:07",3345000
13900,-500,74000,"bu","13:13:14",3419000
13900,-500,5000,"bu","13:13:47",3424000
14000,-400,1000,"sd","13:13:48",3425000
13900,-500,43000,"sd","13:14:10",3468000
13900,-500,5000,"bu","13:15:59",3473000
13900,-500,100000,"sd","13:18:03",3573000
13900,-500,5000,"bu","13:18:41",3578000
13900,-500,5000,"bu","13:18:53",3583000
13900,-500,50000,"sd","13:20:15",3633000
13900,-500,241000,"bu","13:20:35",3874000
13900,-500,59000,"sd","13:20:41",3933000
13900,-500,8000,"sd","13:20:48",3941000
13900,-500,1000,"sd","13:20:49",3942000
13900,-500,5000,"bu","13:20:53",3947000
13900,-500,50000,"bu","13:21:01",3997000
13900,-500,7000,"sd","13:21:03",4004000
13900,-500,20000,"bu","13:21:23",4024000
13900,-500,28000,"sd","13:21:25",4052000
13900,-500,6000,"sd","13:21:44",4058000
13900,-500,80000,"bu","13:21:47",4138000
13900,-500,31000,"sd","13:21:48",4169000
13900,-500,1000,"bu","13:22:10",4170000
13900,-500,13000,"sd","13:22:24",4183000
13800,-600,100000,"sd","13:22:51",4283000
13800,-600,10000,"bu","13:22:52",4293000
13900,-500,20000,"bu","13:23:12",4313000
13900,-500,1000,"sd","13:23:25",4314000
13900,-500,20000,"bu","13:23:38",4334000
13900,-500,1000,"sd","13:23:41",4335000
13900,-500,16000,"sd","13:23:55",4351000
13800,-600,6000,"sd","13:23:56",4357000
13800,-600,200000,"bu","13:24:07",4557000
13800,-600,200000,"bu","13:24:15",4757000
13800,-600,23000,"sd","13:25:06",4780000
13800,-600,13000,"bu","13:25:43",4793000
13800,-600,204000,"bu","13:25:52",4997000
13800,-600,10000,"bu","13:26:01",5007000
13800,-600,29000,"bu","13:26:05",5036000
13800,-600,1000,"sd","13:26:07",5037000
13800,-600,4000,"bu","13:26:09",5041000
13800,-600,1000,"sd","13:26:14",5042000
13800,-600,1000,"sd","13:26:15",5043000
13800,-600,20000,"bu","13:26:16",5063000
13800,-600,15000,"bu","13:26:29",5078000
13800,-600,6000,"bu","13:26:35",5084000
13800,-600,10000,"bu","13:26:37",5094000
13800,-600,1000,"bu","13:26:38",5095000
13800,-600,1000,"sd","13:26:54",5096000
13800,-600,1000,"bu","13:27:00",5097000
13800,-600,50000,"sd","13:27:06",5147000
13800,-600,1000,"sd","13:27:08",5148000
13800,-600,2000,"sd","13:27:11",5150000
13800,-600,50000,"sd","13:27:12",5200000
13800,-600,20000,"sd","13:27:17",5220000
13800,-600,1000,"bu","13:27:19",5221000
13800,-600,1000,"bu","13:27:22",5222000
13800,-600,1000,"bu","13:27:23",5223000
13800,-600,30000,"sd","13:27:24",5253000
13800,-600,50000,"sd","13:27:26",5303000
13800,-600,100000,"sd","13:27:30",5403000
13800,-600,15000,"sd","13:27:31",5418000
13800,-600,1000,"sd","13:27:32",5419000
13800,-600,1000,"bu","13:27:33",5420000
13900,-500,1000,"bu","13:28:33",5421000
13900,-500,1000,"bu","13:28:39",5422000
13900,-500,1000,"sd","13:28:40",5423000
13900,-500,50000,"sd","13:30:13",5473000
13900,-500,30000,"sd","13:31:35",5503000
13900,-500,20000,"sd","13:31:47",5523000
13900,-500,9000,"bu","13:32:15",5532000
13900,-500,21000,"sd","13:32:39",5553000
13900,-500,17000,"bu","13:33:50",5570000
13900,-500,4000,"sd","13:36:25",5574000
13900,-500,1000,"sd","13:37:24",5575000
13800,-600,70000,"bu","13:38:35",5645000
13900,-500,10000,"sd","13:38:55",5655000
13900,-500,3000,"sd","13:39:31",5658000
13800,-600,76000,"sd","13:39:38",5734000
13800,-600,19000,"bu","13:39:45",5753000
13800,-600,1000,"bu","13:43:25",5754000
13800,-600,100000,"bu","13:45:13",5854000
13800,-600,156000,"sd","13:45:30",6010000
13800,-600,10000,"sd","13:46:38",6020000
13800,-600,3000,"bu","13:47:04",6023000
13700,-700,200000,"bu","13:47:15",6223000
13700,-700,22000,"bu","13:47:19",6245000
13700,-700,8000,"bu","13:47:38",6253000
13700,-700,1000,"bu","13:47:56",6254000
13700,-700,40000,"sd","13:47:58",6294000
13700,-700,4000,"sd","13:48:00",6298000
13700,-700,11000,"bu","13:48:02",6309000
13700,-700,5000,"bu","13:48:07",6314000
13700,-700,103000,"sd","13:48:10",6417000
13700,-700,3000,"bu","13:48:11",6420000
13700,-700,10000,"bu","13:48:12",6430000
13700,-700,4000,"bu","13:48:15",6434000
13700,-700,5000,"sd","13:48:22",6439000
13700,-700,1000,"sd","13:48:23",6440000
13700,-700,5000,"bu","13:48:27",6445000
13700,-700,50000,"bu","13:48:31",6495000
13700,-700,4000,"sd","13:48:32",6499000
13700,-700,1000,"bu","13:48:33",6500000
13700,-700,2000,"sd","13:49:46",6502000
13800,-600,15000,"bu","13:50:14",6517000
13700,-700,6000,"bu","13:50:50",6523000
13800,-600,20000,"bu","13:52:00",6543000
13800,-600,20000,"sd","13:52:16",6563000
13800,-600,50000,"bu","13:52:26",6613000
13800,-600,70000,"bu","13:52:35",6683000
13800,-600,100000,"sd","13:52:40",6783000
13800,-600,1000,"sd","13:52:44",6784000
13800,-600,2000,"sd","13:52:51",6786000
13800,-600,6000,"sd","13:52:54",6792000
13800,-600,1000,"bu","13:52:57",6793000
13900,-500,5000,"sd","13:53:10",6798000
13800,-600,100000,"sd","13:53:28",6898000
13900,-500,3000,"bu","13:53:32",6901000
13800,-600,66000,"bu","13:53:40",6967000
13800,-600,34000,"sd","13:53:41",7001000
13800,-600,23000,"sd","13:54:09",7024000
13700,-700,30000,"sd","13:55:47",7054000
13700,-700,5000,"sd","13:57:33",7059000
13700,-700,10000,"bu","13:57:54",7069000
13800,-600,9000,"bu","13:58:06",7078000
13800,-600,3000,"sd","13:58:36",7081000
13800,-600,10000,"sd","13:59:05",7091000
13800,-600,5000,"bu","13:59:42",7096000
13800,-600,10000,"bu","13:59:49",7106000
13700,-700,200000,"sd","14:00:05",7306000
13700,-700,74000,"bu","14:01:57",7380000
13700,-700,20000,"bu","14:02:14",7400000
13700,-700,5000,"bu","14:02:15",7405000
13600,-800,60000,"sd","14:02:25",7465000
13700,-700,3000,"sd","14:02:36",7468000
13700,-700,27000,"sd","14:02:42",7495000
13700,-700,1000,"bu","14:02:46",7496000
13700,-700,6000,"sd","14:04:26",7502000
13600,-800,20000,"sd","14:04:58",7522000
13600,-800,8000,"sd","14:05:52",7530000
13600,-800,200000,"bu","14:05:56",7730000
13700,-700,1000,"bu","14:06:00",7731000
13600,-800,5000,"sd","14:06:01",7736000
13600,-800,5000,"sd","14:06:18",7741000
13600,-800,207000,"sd","14:06:32",7948000
13600,-800,20000,"sd","14:06:44",7968000
13600,-800,2000,"sd","14:06:48",7970000
13600,-800,1000,"bu","14:06:49",7971000
13600,-800,1000,"sd","14:06:53",7972000
13500,-900,250000,"bu","14:06:57",8222000
13500,-900,50000,"bu","14:07:11",8272000
13500,-900,10000,"sd","14:07:14",8282000
13500,-900,3000,"sd","14:07:19",8285000
13500,-900,1000,"sd","14:07:20",8286000
13500,-900,1000,"bu","14:07:38",8287000
13500,-900,20000,"sd","14:07:41",8307000
13500,-900,10000,"bu","14:07:45",8317000
13500,-900,3000,"sd","14:07:52",8320000
13500,-900,5000,"bu","14:07:56",8325000
13500,-900,20000,"sd","14:08:00",8345000
13500,-900,13000,"sd","14:08:12",8358000
13600,-800,35000,"sd","14:08:39",8393000
13500,-900,50000,"bu","14:08:40",8443000
13500,-900,50000,"bu","14:08:47",8493000
13400,-1000,50000,"sd","14:08:50",8543000
13500,-900,10000,"bu","14:09:02",8553000
13500,-900,10000,"sd","14:09:09",8563000
13500,-900,10000,"bu","14:09:16",8573000
13500,-900,80000,"bu","14:09:27",8653000
13300,-1100,59000,"sd","14:09:48",8712000
13500,-900,2000,"bu","14:09:51",8714000
13500,-900,10000,"sd","14:10:27",8724000
13500,-900,77000,"sd","14:10:38",8801000
13500,-900,23000,"bu","14:11:01",8824000
13500,-900,10000,"bu","14:11:02",8834000
13500,-900,10000,"bu","14:11:07",8844000
13500,-900,1000,"sd","14:11:16",8845000
13500,-900,1000,"sd","14:11:23",8846000
13500,-900,1000,"bu","14:11:44",8847000
13500,-900,4000,"sd","14:11:54",8851000
13500,-900,6000,"bu","14:12:12",8857000
13500,-900,6000,"bu","14:12:22",8863000
13500,-900,13000,"sd","14:12:43",8876000
13500,-900,10000,"bu","14:12:53",8886000
13500,-900,10000,"bu","14:12:56",8896000
13500,-900,10000,"sd","14:13:18",8906000
13500,-900,4000,"bu","14:13:45",8910000
13500,-900,22000,"sd","14:14:11",8932000
13500,-900,2000,"bu","14:14:12",8934000
13500,-900,1000,"sd","14:14:13",8935000
13500,-900,8000,"bu","14:14:15",8943000
13500,-900,5000,"sd","14:14:39",8948000
13500,-900,2000,"bu","14:14:51",8950000
13500,-900,5000,"sd","14:14:56",8955000
13400,-1000,89000,"bu","14:14:58",9044000
13300,-1100,191000,"sd","14:15:10",9235000
13300,-1100,29000,"sd","14:15:11",9264000
13300,-1100,5000,"sd","14:15:24",9269000
13300,-1100,30000,"bu","14:15:26",9299000
13300,-1100,10000,"bu","14:15:30",9309000
13300,-1100,10000,"bu","14:15:33",9319000
13200,-1200,60000,"bu","14:15:38",9379000
13200,-1200,50000,"sd","14:15:39",9429000
13200,-1200,27000,"sd","14:15:44",9456000
13200,-1200,24000,"sd","14:15:46",9480000
13200,-1200,10000,"sd","14:15:50",9490000
13200,-1200,7000,"sd","14:15:53",9497000
13100,-1300,3000,"bu","14:16:07",9500000
13200,-1200,10000,"bu","14:16:11",9510000
13100,-1300,23000,"sd","14:16:14",9533000
13100,-1300,7000,"bu","14:16:16",9540000
13200,-1200,1000,"sd","14:16:18",9541000
13100,-1300,70000,"sd","14:16:21",9611000
13200,-1200,100000,"bu","14:16:25",9711000
13200,-1200,10000,"bu","14:16:26",9721000
13200,-1200,1000,"bu","14:16:32",9722000
13200,-1200,6000,"bu","14:16:34",9728000
13100,-1300,30000,"sd","14:16:38",9758000
13200,-1200,3000,"bu","14:16:39",9761000
13200,-1200,1000,"sd","14:16:40",9762000
13200,-1200,1000,"sd","14:16:45",9763000
13200,-1200,1000,"sd","14:16:49",9764000
13200,-1200,3000,"bu","14:16:50",9767000
13200,-1200,31000,"bu","14:17:09",9798000
13200,-1200,10000,"bu","14:17:16",9808000
13200,-1200,9000,"bu","14:17:18",9817000
13200,-1200,1000,"sd","14:17:19",9818000
13200,-1200,27000,"bu","14:17:28",9845000
13200,-1200,15000,"bu","14:17:30",9860000
13100,-1300,100000,"bu","14:17:33",9960000
13100,-1300,5000,"sd","14:17:34",9965000
13100,-1300,10000,"sd","14:17:41",9975000
13300,-1100,15000,"sd","14:17:45",9990000
13100,-1300,10000,"sd","14:17:46",10000000
13100,-1300,100000,"sd","14:17:50",10100000
13100,-1300,3000,"sd","14:18:00",10103000
13200,-1200,125000,"sd","14:18:01",10228000
13100,-1300,7000,"sd","14:18:09",10235000
13100,-1300,1000,"bu","14:18:38",10236000
13100,-1300,60000,"bu","14:18:42",10296000
13200,-1200,10000,"bu","14:18:45",10306000
13100,-1300,10000,"sd","14:18:54",10316000
13200,-1200,1000,"sd","14:18:55",10317000
13200,-1200,1000,"sd","14:19:04",10318000
13300,-1100,53000,"bu","14:19:33",10371000
13300,-1100,6000,"sd","14:19:48",10377000
13300,-1100,50000,"sd","14:20:15",10427000
13300,-1100,25000,"sd","14:20:29",10452000
13300,-1100,3000,"bu","14:20:31",10455000
13300,-1100,1000,"sd","14:20:52",10456000
13300,-1100,3000,"bu","14:21:08",10459000
13400,-1000,5000,"bu","14:21:32",10464000
13400,-1000,2000,"sd","14:21:47",10466000
13300,-1100,22000,"sd","14:22:06",10488000
13300,-1100,163000,"sd","14:22:25",10651000
13300,-1100,10000,"sd","14:22:29",10661000
13300,-1100,1000,"sd","14:22:31",10662000
13200,-1200,5000,"sd","14:22:38",10667000
13200,-1200,52000,"bu","14:23:15",10719000
13300,-1100,60000,"bu","14:23:55",10779000
13200,-1200,100000,"bu","14:24:07",10879000
13300,-1100,2000,"bu","14:24:08",10881000
13300,-1100,20000,"sd","14:24:15",10901000
13200,-1200,9000,"sd","14:24:19",10910000
13300,-1100,1000,"sd","14:24:21",10911000
13300,-1100,52000,"sd","14:24:26",10963000
13300,-1100,25000,"bu","14:24:28",10988000
13300,-1100,7000,"sd","14:24:36",10995000
13300,-1100,10000,"bu","14:24:39",11005000
13300,-1100,1000,"sd","14:24:40",11006000
13300,-1100,150000,"bu","14:24:41",11156000
13400,-1000,5000,"bu","14:25:04",11161000
13400,-1000,3000,"bu","14:25:19",11164000
13400,-1000,4000,"sd","14:25:24",11168000
13400,-1000,3000,"sd","14:25:26",11171000
13400,-1000,5000,"sd","14:25:30",11176000
13400,-1000,5000,"sd","14:25:31",11181000
13400,-1000,34000,"bu","14:25:34",11215000
13400,-1000,7000,"bu","14:25:40",11222000
13500,-900,10000,"sd","14:26:20",11232000
13500,-900,20000,"sd","14:26:44",11252000
13500,-900,50000,"sd","14:26:47",11302000
13500,-900,1000,"sd","14:26:53",11303000
13500,-900,5000,"bu","14:26:59",11308000
13600,-800,2000,"bu","14:27:21",11310000
13600,-800,10000,"sd","14:28:08",11320000
13600,-800,40000,"sd","14:28:24",11360000
13500,-900,3000,"bu","14:28:31",11363000
13500,-900,1000,"sd","14:28:40",11364000
13500,-900,30000,"bu","14:29:38",11394000
13300,-1100,648000,"sd","14:45:05",12042000
