"price","change","match_qtty","side","time","total_vol"
8410,-20,29100,"sd","09:15:02",29100
8420,-10,100,"sd","09:15:26",29200
8430,0,10000,"bu","09:16:22",39200
8430,0,1000,"sd","09:16:30",40200
8430,0,400,"sd","09:16:32",40600
8430,0,300,"bu","09:17:11",40900
8450,20,100,"bu","09:17:28",41000
8450,20,900,"bu","09:17:29",41900
8450,20,1100,"sd","09:17:29",43000
8440,10,1500,"sd","09:18:35",44500
8450,20,2400,"sd","09:18:39",48000
8450,20,500,"bu","09:18:48",48500
8440,10,600,"bu","09:19:51",49100
8440,10,400,"bu","09:19:56",49500
8440,10,200,"bu","09:20:12",49700
8450,20,5000,"bu","09:20:30",54700
8450,20,1700,"bu","09:20:35",56400
8450,20,1000,"sd","09:21:05",58300
8450,20,200,"bu","09:21:11",58500
8450,20,100,"sd","09:21:12",58600
8450,20,20100,"sd","09:21:17",78700
8450,20,400,"bu","09:21:23",79100
8450,20,1000,"bu","09:22:15",80100
8470,40,100,"sd","09:23:45",80200
8470,40,1000,"bu","09:24:01",81200
8470,40,500,"bu","09:24:02",81700
8470,40,1600,"sd","09:24:45",83300
8480,50,700,"sd","09:25:55",84000
8480,50,400,"sd","09:25:59",84400
8470,40,2600,"bu","09:26:39",87000
8480,50,700,"sd","09:26:41",87700
8470,40,200,"sd","09:26:53",87900
8470,40,2800,"bu","09:27:02",90700
8480,50,200,"bu","09:27:39",90900
8480,50,1000,"sd","09:27:49",91900
8480,50,100,"bu","09:28:01",92000
8480,50,200,"bu","09:28:16",92200
8480,50,1600,"sd","09:28:36",93800
8470,40,200,"sd","09:28:41",94000
8470,40,400,"bu","09:28:47",94400
8470,40,600,"sd","09:29:04",95000
8470,40,100,"sd","09:30:30",95100
8470,40,1000,"bu","09:30:35",96100
8480,50,5000,"sd","09:30:41",101100
8480,50,24200,"sd","09:31:10",125300
8480,50,6500,"bu","09:31:33",131800
8480,50,300,"sd","09:31:41",132100
8490,60,400,"bu","09:31:48",132500
8480,50,700,"sd","09:31:49",133200
8480,50,2000,"bu","09:31:51",135200
8480,50,5100,"bu","09:32:47",140300
8470,40,100,"bu","09:32:53",140400
8470,40,1000,"bu","09:33:29",141400
8470,40,10000,"bu","09:33:31",151400
8480,50,10000,"bu","09:33:38",161400
8480,50,100,"sd","09:33:56",161500
8480,50,300,"bu","09:34:01",161800
8480,50,100,"sd","09:34:01",161900
8480,50,200,"bu","09:34:15",162100
8480,50,1000,"bu","09:36:03",163100
8480,50,3000,"sd","09:36:05",166100
8480,50,6500,"sd","09:36:08",172600
8480,50,200,"bu","09:36:09",172800
8480,50,2100,"bu","09:36:31",174900
8480,50,500,"sd","09:36:39",175400
8480,50,200,"bu","09:36:44",175600
8480,50,11500,"sd","09:36:57",187100
8480,50,10000,"bu","09:37:15",197100
8480,50,8100,"bu","09:37:36",205200
8480,50,100,"bu","09:37:45",205300
8480,50,900,"sd","09:37:47",206200
8480,50,100,"sd","09:37:52",206300
8480,50,15000,"bu","09:39:21",221300
8470,40,200,"sd","09:39:47",221500
8470,40,6500,"sd","09:40:38",228000
8480,50,11500,"bu","09:40:59",239500
8490,60,1000,"bu","09:41:29",240500
8490,60,3000,"sd","09:42:03",243500
8490,60,3400,"sd","09:42:59",246900
8490,60,300,"sd","09:43:08",247200
8480,50,10000,"sd","09:43:27",257200
8480,50,300,"bu","09:43:48",257500
8490,60,5000,"bu","09:43:54",262500
8480,50,100,"sd","09:43:56",262600
8490,60,18900,"bu","09:44:26",281500
8490,60,1000,"bu","09:44:33",282500
8490,60,200,"sd","09:44:50",282700
8490,60,3600,"bu","09:45:10",286300
8490,60,3000,"sd","09:45:11",289300
8490,60,3400,"bu","09:45:13",292700
8490,60,100,"sd","09:45:18",292800
8490,60,500,"bu","09:45:29",293300
8490,60,6000,"bu","09:45:38",299300
8490,60,300,"bu","09:45:42",299600
8490,60,4700,"sd","09:45:54",304300
8490,60,300,"sd","09:46:13",305200
8490,60,100,"bu","09:46:50",305300
8490,60,16300,"bu","09:47:49",321600
8500,70,13700,"sd","09:47:50",335300
8500,70,200,"sd","09:49:20",335500
8500,70,1100,"bu","09:49:23",336600
8500,70,10000,"bu","09:49:26",346600
8500,70,30000,"bu","09:49:46",376600
8500,70,700,"sd","09:49:55",377300
8500,70,100,"bu","09:50:16",377400
8500,70,5000,"sd","09:50:18",382400
8500,70,100,"sd","09:50:25",382500
8500,70,800,"bu","09:51:16",383300
8490,60,1000,"sd","09:51:20",384300
8490,60,500,"bu","09:51:30",384800
8490,60,500,"sd","09:51:47",385300
8490,60,2000,"sd","09:51:49",387300
8490,60,100,"bu","09:52:01",387400
8490,60,5600,"sd","09:52:25",393000
8500,70,26000,"sd","09:52:49",419000
8500,70,10000,"bu","09:52:52",429000
8500,70,5000,"sd","09:52:53",434000
8500,70,500,"bu","09:52:58",434500
8500,70,100,"sd","09:53:00",434600
8490,60,600,"sd","09:53:17",435200
8500,70,200,"sd","09:53:19",435400
8500,70,500,"bu","09:53:23",435900
8500,70,2000,"bu","09:53:24",437900
8500,70,4200,"sd","09:53:31",442100
8500,70,300,"sd","09:53:32",442400
8500,70,500,"sd","09:53:43",442900
8500,70,100,"bu","09:53:44",443000
8510,80,400,"bu","09:54:01",443400
8510,80,400,"bu","09:54:21",443800
8510,80,11300,"bu","09:54:23",455100
8510,80,100,"bu","09:54:56",455200
8510,80,2100,"bu","09:55:15",457300
8510,80,100,"bu","09:55:19",457400
8500,70,5000,"bu","09:55:21",462400
8500,70,8700,"sd","09:55:59",471100
8500,70,1300,"sd","09:56:11",472400
8500,70,2800,"sd","09:56:42",475200
8500,70,200,"bu","09:57:00",475400
8500,70,1000,"bu","09:57:13",476400
8500,70,2000,"sd","09:57:26",478400
8500,70,100,"bu","09:57:44",478500
8500,70,1000,"sd","09:57:50",479500
8500,70,5000,"bu","09:57:51",484500
8500,70,1000,"bu","09:57:58",485500
8500,70,200,"sd","09:58:02",485700
8500,70,500,"sd","09:58:03",486200
8500,70,3500,"bu","10:00:09",489700
8510,80,7000,"bu","10:00:25",496700
8510,80,3500,"sd","10:00:38",500200
8510,80,600,"bu","10:00:46",500800
8510,80,2100,"bu","10:01:20",502900
8510,80,1000,"bu","10:01:30",503900
8510,80,300,"sd","10:01:47",504200
8520,90,1000,"sd","10:01:51",505200
8510,80,4700,"sd","10:01:53",509900
8510,80,1000,"sd","10:02:20",510900
8510,80,1500,"bu","10:02:32",512400
8510,80,20000,"bu","10:02:49",532400
8500,70,10000,"sd","10:03:10",542400
8510,80,1000,"sd","10:03:15",543400
8510,80,2000,"bu","10:03:24",545400
8500,70,100,"sd","10:03:39",545500
8510,80,1000,"bu","10:03:41",546500
8500,70,100,"sd","10:04:37",546600
8510,80,1500,"bu","10:04:44",548100
8500,70,10000,"bu","10:05:28",558100
8510,80,7000,"bu","10:05:34",565100
8510,80,9000,"sd","10:06:05",574100
8510,80,600,"sd","10:06:08",574700
8510,80,3700,"bu","10:06:43",578400
8510,80,900,"sd","10:06:59",579300
8510,80,100,"sd","10:07:39",579400
8510,80,2000,"sd","10:07:50",581400
8510,80,500,"sd","10:08:22",581900
8510,80,700,"sd","10:08:37",582600
8510,80,2500,"bu","10:11:15",585100
8500,70,16000,"sd","10:11:41",601100
8510,80,300,"sd","10:12:11",601400
8510,80,100,"sd","10:12:15",601500
8500,70,20100,"sd","10:12:49",621600
8500,70,20000,"sd","10:12:53",641600
8510,80,1300,"bu","10:13:04",642900
8500,70,1500,"sd","10:13:05",644400
8500,70,300,"bu","10:13:08",644700
8500,70,500,"sd","10:13:12",645200
8500,70,3000,"sd","10:13:16",648200
8510,80,4000,"bu","10:13:22",652200
8500,70,2000,"sd","10:13:35",654200
8510,80,300,"sd","10:13:39",654500
8510,80,500,"sd","10:13:52",655000
8500,70,3400,"bu","10:14:19",658400
8500,70,7100,"bu","10:14:37",665500
8500,70,200,"sd","10:14:54",665700
8500,70,500,"sd","10:14:55",666200
8500,70,1000,"bu","10:14:56",667200
8500,70,10300,"sd","10:15:10",677500
8490,60,300,"bu","10:15:50",677800
8490,60,5600,"sd","10:15:53",683400
8490,60,10000,"bu","10:16:09",693400
8500,70,500,"bu","10:16:31",693900
8490,60,600,"sd","10:16:40",694500
8490,60,100,"sd","10:17:51",694600
8500,70,200,"sd","10:18:09",694800
8490,60,100,"sd","10:18:16",694900
8490,60,1100,"bu","10:18:35",696000
8500,70,2500,"bu","10:18:59",698500
8490,60,2500,"sd","10:19:32",701000
8490,60,1000,"sd","10:20:00",702000
8490,60,10000,"bu","10:20:09",712000
8490,60,200,"bu","10:20:27",712200
8490,60,10000,"sd","10:20:30",722200
8490,60,500,"sd","10:20:37",722700
8490,60,1000,"sd","10:20:40",723700
8490,60,600,"sd","10:20:52",724300
8490,60,200,"bu","10:21:05",724500
8490,60,29200,"bu","10:21:57",753700
8490,60,10000,"sd","10:22:07",763700
8490,60,5000,"bu","10:22:14",768700
8490,60,1200,"bu","10:22:17",769900
8490,60,1000,"bu","10:22:31",770900
8490,60,5000,"bu","10:22:36",775900
8490,60,200,"bu","10:22:40",776100
8500,70,100,"sd","10:23:09",776200
8500,70,400,"sd","10:23:33",776600
8490,60,1000,"sd","10:23:57",777600
8490,60,19100,"bu","10:24:06",796700
8490,60,100,"sd","10:24:13",796800
8490,60,5800,"bu","10:24:19",802600
8490,60,500,"sd","10:24:21",803100
8490,60,500,"bu","10:24:26",803600
8490,60,400,"bu","10:24:49",804000
8490,60,500,"sd","10:25:06",804500
8480,50,5700,"bu","10:26:06",810200
8490,60,500,"sd","10:27:02",810700
8480,50,3500,"bu","10:27:05",814200
8490,60,3000,"bu","10:27:14",817200
8490,60,1000,"sd","10:27:23",818200
8490,60,800,"bu","10:27:36",819000
8480,50,1000,"sd","10:27:38",820000
8490,60,9300,"bu","10:28:11",829300
8490,60,300,"sd","10:28:17",829600
8490,60,2400,"bu","10:28:34",832000
8490,60,3200,"sd","10:28:41",835200
8490,60,900,"bu","10:28:54",836100
8490,60,1000,"bu","10:29:11",837100
8480,50,6000,"bu","10:29:25",843100
8490,60,2000,"bu","10:30:25",845100
8490,60,3200,"sd","10:30:43",848300
8490,60,1000,"sd","10:31:01",849300
8490,60,2000,"sd","10:31:47",851300
8490,60,300,"bu","10:32:01",851600
8490,60,3100,"sd","10:32:33",854700
8490,60,200,"bu","10:32:46",854900
8480,50,3000,"bu","10:32:56",857900
8480,50,1800,"bu","10:33:55",859700
8490,60,4300,"bu","10:34:42",864000
8490,60,100,"sd","10:35:02",864100
8490,60,5800,"sd","10:35:17",869900
8480,50,13900,"bu","10:35:58",883800
8480,50,5000,"bu","10:36:01",888800
8490,60,2000,"sd","10:36:03",890800
8490,60,300,"bu","10:36:44",891100
8490,60,2000,"bu","10:36:45",893100
8490,60,5300,"sd","10:36:58",898400
8490,60,800,"sd","10:37:20",899200
8490,60,500,"sd","10:37:30",899700
8480,50,6500,"bu","10:38:42",906200
8480,50,6500,"sd","10:38:56",912700
8470,40,19000,"sd","10:39:09",931700
8480,50,4800,"bu","10:39:23",936500
8480,50,100,"bu","10:39:53",936600
8480,50,500,"sd","10:40:05",937100
8480,50,17100,"bu","10:40:37",954200
8480,50,100,"bu","10:40:38",954300
8480,50,6900,"sd","10:41:16",961200
8480,50,3500,"sd","10:41:34",964700
8480,50,200,"bu","10:41:44",964900
8480,50,2100,"sd","10:42:22",967000
8480,50,4700,"sd","10:42:23",971700
8480,50,1000,"bu","10:43:00",972700
8480,50,3000,"sd","10:43:02",975700
8490,60,800,"bu","10:43:15",976500
8480,50,19900,"bu","10:43:26",996400
8480,50,100,"sd","10:43:27",996500
8490,60,3000,"sd","10:43:34",999500
8480,50,500,"bu","10:43:52",1000000
8480,50,500,"bu","10:44:27",1000500
8480,50,1600,"sd","10:44:32",1002100
8480,50,3000,"bu","10:45:00",1005100
8470,40,16300,"sd","10:45:25",1021400
8470,40,1000,"sd","10:45:47",1022400
8470,40,500,"bu","10:45:49",1022900
8470,40,400,"sd","10:46:05",1023300
8470,40,200,"bu","10:46:19",1023500
8470,40,3000,"sd","10:46:35",1026500
8460,30,36000,"bu","10:46:46",1062500
8460,30,100,"sd","10:46:47",1062600
8460,30,7100,"sd","10:47:01",1069700
8450,20,5000,"sd","10:47:28",1074700
8460,30,500,"sd","10:47:35",1075200
8460,30,200,"bu","10:47:40",1075400
8460,30,700,"bu","10:47:54",1076100
8460,30,5100,"sd","10:48:03",1081200
8460,30,300,"sd","10:48:15",1081500
8460,30,1000,"sd","10:48:21",1082500
8460,30,200,"bu","10:48:27",1082700
8460,30,100,"bu","10:48:31",1082800
8460,30,400,"sd","10:48:33",1083200
8460,30,200,"sd","10:48:45",1083400
8460,30,1200,"bu","10:49:40",1084600
8460,30,1100,"sd","10:50:03",1085700
8460,30,5500,"bu","10:50:08",1091200
8460,30,1700,"sd","10:50:41",1092900
8460,30,3900,"bu","10:50:49",1096800
8460,30,100,"bu","10:51:08",1096900
8460,30,4100,"bu","10:51:24",1101000
8460,30,4000,"sd","10:51:52",1105000
8460,30,100,"bu","10:52:02",1105100
8460,30,2000,"bu","10:52:12",1107100
8460,30,200,"sd","10:52:24",1107300
8450,20,1000,"sd","10:52:58",1108300
8450,20,45100,"bu","10:53:25",1153400
8450,20,500,"bu","10:54:05",1153900
8450,20,6000,"bu","10:54:10",1159900
8450,20,200,"bu","10:54:29",1160100
8450,20,100,"bu","10:54:31",1160200
8450,20,6000,"bu","10:54:53",1166200
8440,10,1500,"sd","10:55:34",1167700
8450,20,200,"bu","10:55:53",1167900
8450,20,2000,"bu","10:56:05",1169900
8450,20,500,"bu","10:56:16",1170400
8450,20,200,"bu","10:56:18",1170600
8450,20,1400,"sd","10:56:53",1172000
8450,20,200,"bu","10:57:18",1172200
8450,20,500,"bu","10:57:22",1172700
8450,20,2600,"bu","10:57:53",1175300
8450,20,200,"bu","10:57:54",1175500
8440,10,50200,"bu","10:58:15",1225700
8440,10,5000,"bu","10:59:16",1230700
8440,10,3100,"sd","10:59:17",1233800
8440,10,5000,"sd","10:59:23",1238800
8430,0,44500,"sd","10:59:41",1283300
8440,10,3000,"bu","10:59:58",1286300
8440,10,300,"sd","11:00:10",1286600
8440,10,9800,"bu","11:00:33",1296400
8450,20,2900,"bu","11:01:05",1299300
8440,10,8000,"sd","11:01:12",1307300
8440,10,6800,"sd","11:01:29",1314100
8450,20,900,"sd","11:02:19",1315000
8440,10,1700,"bu","11:02:40",1316700
8440,10,5600,"sd","11:02:43",1322300
8430,0,3000,"sd","11:03:28",1325300
8430,0,100,"bu","11:03:42",1325400
8440,10,33700,"bu","11:04:33",1359100
8440,10,1200,"sd","11:05:04",1360300
8440,10,1000,"bu","11:05:48",1361300
8440,10,1400,"sd","11:06:08",1362700
8440,10,400,"bu","11:06:42",1363100
8440,10,6000,"sd","11:06:46",1369100
8440,10,5000,"sd","11:08:19",1374100
8440,10,1000,"bu","11:08:45",1375100
8440,10,2900,"bu","11:09:19",1378000
8440,10,1000,"bu","11:09:33",1379000
8430,0,7300,"sd","11:10:58",1386300
8440,10,100,"bu","11:11:15",1386400
8440,10,1000,"sd","11:11:43",1387400
8440,10,300,"sd","11:11:44",1387700
8440,10,100,"sd","11:12:35",1387800
8440,10,24100,"sd","11:13:41",1411900
8440,10,6800,"bu","11:13:53",1418700
8440,10,300,"sd","11:13:55",1419000
8440,10,1800,"sd","11:14:18",1420800
8440,10,200,"bu","11:14:47",1421000
8450,20,100,"bu","11:15:59",1421100
8440,10,10000,"bu","11:16:37",1431100
8450,20,5000,"bu","11:16:45",1436100
8440,10,2500,"bu","11:17:54",1438600
8440,10,10000,"sd","11:18:07",1448600
8440,10,5700,"bu","11:18:18",1454300
8440,10,800,"bu","11:19:02",1455100
8450,20,50000,"bu","11:19:12",1505100
8450,20,500,"sd","11:19:27",1505600
8450,20,600,"sd","11:21:13",1506200
8450,20,200,"bu","11:21:41",1506400
8450,20,100,"sd","11:21:58",1506500
8440,10,200,"bu","11:22:10",1506700
8450,20,100,"sd","11:22:12",1506800
8440,10,1000,"sd","11:22:17",1507800
8450,20,1200,"bu","11:24:27",1509000
8450,20,400,"sd","11:24:33",1509400
8440,10,29000,"sd","11:24:41",1538400
8440,10,300,"bu","11:24:43",1538700
8440,10,4000,"sd","11:25:33",1542700
8440,10,1600,"bu","11:25:48",1544300
8450,20,500,"sd","11:25:58",1544800
8440,10,300,"bu","11:26:57",1545100
8440,10,700,"bu","11:27:36",1545800
8430,0,2000,"sd","11:27:38",1547800
8430,0,5000,"sd","11:27:53",1552800
8430,0,10000,"sd","11:28:08",1562800
8430,0,500,"bu","11:28:19",1563300
8430,0,5100,"sd","11:28:53",1568400
8430,0,5700,"sd","11:29:11",1574100
8430,0,200,"sd","13:00:16",1574300
8430,0,5000,"sd","13:00:18",1579300
8430,0,400,"sd","13:00:22",1579700
8430,0,100,"sd","13:00:26",1579800
8430,0,1700,"sd","13:00:42",1581500
8430,0,1000,"bu","13:00:44",1582500
8440,10,1000,"sd","13:00:49",1583500
8430,0,3500,"bu","13:01:05",1587000
8430,0,500,"sd","13:01:06",1587500
8430,0,300,"bu","13:01:07",1587800
8420,-10,5000,"bu","13:01:25",1592800
8420,-10,100,"bu","13:01:41",1592900
8420,-10,15300,"bu","13:02:03",1608200
8420,-10,700,"sd","13:02:10",1608900
8430,0,300,"bu","13:02:11",1609200
8420,-10,500,"bu","13:02:14",1609700
8430,0,500,"sd","13:02:25",1610200
8430,0,1000,"sd","13:02:27",1611200
8430,0,100,"bu","13:02:33",1611300
8430,0,3000,"sd","13:02:43",1614300
8430,0,100,"bu","13:02:46",1614400
8430,0,14200,"bu","13:03:27",1628600
8430,0,10000,"bu","13:03:37",1638600
8430,0,4000,"bu","13:03:56",1642600
8430,0,100,"sd","13:04:25",1642700
8430,0,2100,"bu","13:04:57",1644800
8430,0,100,"sd","13:04:58",1644900
8430,0,700,"bu","13:05:10",1645600
8430,0,500,"bu","13:05:14",1646100
8420,-10,100,"bu","13:05:31",1646200
8430,0,200,"bu","13:06:06",1646400
8420,-10,2300,"sd","13:06:18",1648700
8430,0,1000,"sd","13:06:19",1649700
8430,0,400,"sd","13:06:44",1650100
8430,0,500,"bu","13:06:49",1650600
8430,0,200,"sd","13:06:57",1650800
8430,0,2000,"sd","13:07:04",1652800
8430,0,4200,"sd","13:07:06",1657000
8430,0,1500,"bu","13:07:11",1658500
8430,0,2000,"bu","13:07:41",1660500
8430,0,3000,"sd","13:07:43",1663500
8430,0,4000,"sd","13:07:48",1667500
8430,0,200,"sd","13:09:27",1667700
8440,10,100,"bu","13:09:32",1667800
8430,0,5000,"bu","13:10:08",1672800
8440,10,2000,"bu","13:10:44",1674800
8440,10,3000,"bu","13:10:51",1677800
8440,10,1300,"bu","13:11:22",1679100
8440,10,5000,"sd","13:11:32",1684100
8440,10,300,"sd","13:11:34",1684400
8440,10,1000,"bu","13:11:42",1685400
8440,10,1100,"bu","13:11:43",1686500
8440,10,3100,"bu","13:11:45",1689600
8430,0,3800,"sd","13:12:12",1693400
8430,0,10000,"bu","13:12:37",1703400
8440,10,200,"sd","13:13:11",1703600
8430,0,1300,"sd","13:13:14",1704900
8430,0,500,"bu","13:13:26",1705400
8430,0,100,"bu","13:13:38",1705500
8440,10,1000,"sd","13:13:42",1706500
8430,0,100,"bu","13:14:28",1706600
8430,0,15000,"sd","13:15:06",1721600
8430,0,1000,"bu","13:15:12",1722600
8430,0,8000,"sd","13:15:17",1730600
8430,0,1000,"sd","13:15:27",1731600
8430,0,100,"bu","13:15:31",1731700
8430,0,2800,"sd","13:15:41",1734500
8430,0,3000,"sd","13:15:51",1737500
8430,0,1000,"bu","13:15:57",1738500
8430,0,1000,"bu","13:16:07",1739500
8440,10,1100,"sd","13:16:30",1740600
8440,10,400,"sd","13:16:56",1741000
8430,0,10600,"sd","13:17:54",1751600
8430,0,1100,"sd","13:18:18",1752700
8430,0,20000,"sd","13:18:22",1772700
8430,0,500,"sd","13:18:23",1773200
8430,0,500,"sd","13:18:25",1773700
8430,0,600,"bu","13:18:30",1774300
8430,0,100,"sd","13:19:02",1774400
8430,0,200,"sd","13:19:20",1774600
8430,0,100,"sd","13:19:30",1774700
8420,-10,200,"bu","13:19:41",1774900
8420,-10,3700,"bu","13:19:50",1778600
8430,0,500,"bu","13:20:24",1779100
8430,0,100,"bu","13:20:36",1779200
8420,-10,400,"sd","13:20:37",1779600
8420,-10,3000,"sd","13:20:43",1782600
8420,-10,9100,"bu","13:20:48",1791700
8430,0,16300,"sd","13:20:52",1808000
8420,-10,34500,"bu","13:20:58",1842500
8420,-10,2000,"sd","13:21:08",1844500
8420,-10,17800,"bu","13:21:17",1862300
8420,-10,3100,"sd","13:21:23",1865400
8420,-10,1500,"sd","13:21:34",1866900
8410,-20,100,"sd","13:21:50",1867000
8410,-20,4900,"sd","13:21:52",1871900
8410,-20,10100,"sd","13:21:54",1882000
8410,-20,600,"sd","13:21:56",1882600
8410,-20,1000,"sd","13:21:58",1883600
8410,-20,1600,"bu","13:22:00",1885200
8410,-20,7600,"sd","13:22:02",1892800
8410,-20,11000,"sd","13:22:04",1903800
8400,-30,176700,"sd","13:22:06",2080500
8410,-20,28200,"bu","13:22:08",2108700
8400,-30,10000,"sd","13:22:10",2118700
8400,-30,500,"sd","13:22:14",2119200
8400,-30,5000,"sd","13:22:20",2124200
8400,-30,4000,"bu","13:22:25",2128200
8400,-30,100,"bu","13:22:31",2128300
8390,-40,1000,"sd","13:22:33",2129300
8400,-30,100,"sd","13:22:43",2129400
8400,-30,900,"sd","13:22:58",2130300
8400,-30,200,"bu","13:23:09",2130500
8390,-40,6000,"bu","13:23:11",2136500
8390,-40,1000,"bu","13:23:15",2137500
8390,-40,500,"bu","13:23:17",2138000
8390,-40,2100,"sd","13:23:21",2140100
8390,-40,1900,"sd","13:23:30",2142000
8390,-40,500,"sd","13:23:32",2142500
8390,-40,9000,"bu","13:23:36",2151500
8390,-40,200,"bu","13:23:39",2151700
8390,-40,100,"bu","13:23:46",2151800
8380,-50,15400,"bu","13:24:01",2167200
8380,-50,1000,"sd","13:24:03",2168200
8370,-60,1000,"bu","13:24:11",2169200
8380,-50,2600,"bu","13:24:13",2171800
8360,-70,16700,"bu","13:24:15",2188500
8360,-70,300,"bu","13:24:17",2188800
8360,-70,3000,"sd","13:24:21",2191800
8360,-70,1000,"sd","13:24:27",2192800
8360,-70,2000,"bu","13:24:29",2194800
8360,-70,1000,"bu","13:24:31",2195800
8360,-70,5000,"sd","13:24:42",2200800
8360,-70,800,"sd","13:24:44",2201600
8360,-70,2200,"bu","13:24:46",2203800
8360,-70,1000,"bu","13:24:48",2204800
8360,-70,3000,"sd","13:24:53",2207800
8360,-70,500,"sd","13:24:55",2208300
8380,-50,1000,"sd","13:24:57",2209300
8380,-50,2100,"bu","13:25:01",2211400
8380,-50,1000,"bu","13:25:11",2212400
8380,-50,1700,"sd","13:25:25",2214100
8380,-50,300,"sd","13:25:27",2214400
8380,-50,100,"bu","13:25:35",2214500
8380,-50,500,"bu","13:25:39",2215000
8380,-50,10000,"sd","13:25:48",2225000
8380,-50,3800,"sd","13:25:56",2228800
8380,-50,600,"sd","13:25:59",2229400
8380,-50,6500,"bu","13:26:05",2235900
8390,-40,10100,"bu","13:26:18",2246000
8390,-40,100,"bu","13:26:26",2246100
8390,-40,600,"bu","13:26:39",2246700
8390,-40,400,"bu","13:26:42",2247100
8390,-40,300,"sd","13:26:46",2247400
8390,-40,500,"bu","13:26:52",2247900
8390,-40,100,"sd","13:26:56",2248000
8400,-30,1800,"bu","13:27:47",2249800
8400,-30,900,"sd","13:27:59",2250700
8400,-30,1400,"bu","13:28:02",2252100
8400,-30,100,"sd","13:28:08",2252200
8400,-30,2500,"sd","13:28:12",2254700
8400,-30,2500,"sd","13:28:17",2257200
8400,-30,2900,"bu","13:28:21",2260100
8400,-30,400,"sd","13:28:31",2260500
8410,-20,5000,"bu","13:28:37",2265500
8410,-20,900,"sd","13:28:42",2266400
8410,-20,100,"bu","13:28:46",2266500
8410,-20,1000,"sd","13:28:58",2267500
8400,-30,100,"bu","13:29:01",2267600
8410,-20,1000,"bu","13:29:03",2268600
8410,-20,100,"bu","13:29:07",2268700
8410,-20,4000,"sd","13:29:17",2272700
8410,-20,2100,"bu","13:29:19",2274800
8410,-20,200,"bu","13:29:21",2275000
8410,-20,1100,"bu","13:29:25",2276100
8410,-20,100,"sd","13:29:27",2276200
8420,-10,500,"sd","13:29:51",2276700
8420,-10,2000,"sd","13:30:01",2278700
8420,-10,500,"bu","13:30:11",2279200
8400,-30,10000,"bu","13:30:23",2289200
8420,-10,500,"sd","13:30:31",2289700
8410,-20,100,"sd","13:30:36",2289800
8410,-20,1500,"sd","13:30:46",2291300
8420,-10,500,"sd","13:31:25",2291800
8420,-10,700,"sd","13:31:35",2292500
8420,-10,4300,"bu","13:31:44",2296800
8420,-10,200,"sd","13:31:48",2297000
8420,-10,4100,"sd","13:31:52",2301100
8420,-10,500,"sd","13:31:56",2301600
8420,-10,1000,"sd","13:32:27",2302600
8410,-20,5100,"bu","13:32:39",2307700
8410,-20,100,"bu","13:32:41",2307800
8410,-20,900,"bu","13:32:58",2308700
8410,-20,100,"sd","13:33:02",2308800
8410,-20,200,"sd","13:33:06",2309000
8410,-20,100,"bu","13:33:11",2309100
8410,-20,500,"bu","13:33:19",2309600
8410,-20,100,"sd","13:33:21",2309700
8410,-20,500,"bu","13:33:41",2310200
8410,-20,5300,"bu","13:33:43",2315500
8410,-20,3100,"sd","13:33:50",2318600
8410,-20,700,"bu","13:33:58",2319300
8410,-20,1000,"bu","13:34:11",2320300
8410,-20,900,"sd","13:34:14",2321200
8410,-20,100,"bu","13:35:04",2321300
8410,-20,200,"bu","13:35:20",2321500
8400,-30,10000,"sd","13:35:22",2331500
8400,-30,1000,"bu","13:35:35",2332500
8400,-30,4900,"sd","13:35:46",2337400
8400,-30,300,"bu","13:35:54",2337700
8400,-30,2800,"bu","13:35:58",2340500
8400,-30,100,"bu","13:36:01",2340600
8400,-30,500,"bu","13:36:05",2341100
8400,-30,1100,"sd","13:36:13",2342200
8400,-30,1000,"bu","13:36:25",2343200
8400,-30,100,"bu","13:36:46",2343300
8400,-30,2000,"bu","13:36:50",2345300
8400,-30,300,"bu","13:37:03",2345600
8390,-40,4000,"bu","13:37:26",2349600
8390,-40,8000,"bu","13:37:34",2357600
8380,-50,10800,"bu","13:38:15",2368400
8390,-40,200,"bu","13:38:22",2368600
8390,-40,100,"bu","13:38:28",2368700
8390,-40,1500,"sd","13:38:30",2370200
8390,-40,100,"bu","13:38:41",2370300
8390,-40,500,"bu","13:38:45",2370800
8390,-40,1000,"bu","13:38:48",2371800
8390,-40,5000,"bu","13:38:50",2376800
8390,-40,1000,"bu","13:39:02",2377800
8390,-40,600,"bu","13:39:11",2378400
8400,-30,2100,"sd","13:39:31",2380500
8390,-40,500,"sd","13:39:46",2381000
8400,-30,8000,"bu","13:39:58",2389000
8400,-30,42000,"sd","13:40:07",2431000
8410,-20,20000,"sd","13:40:35",2451000
8410,-20,1200,"bu","13:40:44",2452200
8410,-20,100,"bu","13:40:46",2452300
8410,-20,2200,"bu","13:41:58",2454500
8400,-30,8600,"sd","13:42:06",2463100
8400,-30,1700,"sd","13:43:45",2464800
8400,-30,100,"sd","13:43:56",2464900
8400,-30,3000,"bu","13:44:25",2467900
8410,-20,100,"bu","13:44:27",2468000
8410,-20,1800,"sd","13:44:35",2469800
8400,-30,5000,"bu","13:44:48",2474800
8400,-30,100,"bu","13:45:07",2474900
8400,-30,3200,"sd","13:45:24",2478100
8400,-30,1400,"bu","13:45:35",2479500
8410,-20,6200,"bu","13:46:24",2485700
8410,-20,100,"sd","13:46:29",2485800
8410,-20,2600,"sd","13:46:33",2488400
8410,-20,100,"bu","13:46:38",2488500
8410,-20,200,"sd","13:46:47",2488700
8410,-20,7700,"bu","13:46:49",2496400
8410,-20,300,"bu","13:46:56",2496700
8410,-20,100,"bu","13:47:03",2496800
8410,-20,400,"bu","13:47:05",2497200
8410,-20,100,"sd","13:47:14",2497300
8410,-20,3200,"sd","13:47:52",2500500
8410,-20,1000,"bu","13:47:56",2501500
8410,-20,1500,"sd","13:48:20",2503000
8400,-30,400,"bu","13:48:25",2503400
8410,-20,100,"bu","13:48:31",2503500
8410,-20,13000,"sd","13:48:47",2516500
8410,-20,100,"sd","13:48:51",2516600
8410,-20,600,"sd","13:49:22",2517200
8410,-20,1000,"bu","13:49:31",2518200
8410,-20,1200,"bu","13:49:52",2519400
8410,-20,300,"sd","13:50:23",2519700
8410,-20,1000,"bu","13:50:36",2520700
8410,-20,2000,"bu","13:51:05",2522700
8410,-20,6000,"bu","13:51:57",2528700
8410,-20,11200,"sd","13:51:59",2539900
8410,-20,5000,"bu","13:52:18",2544900
8410,-20,2000,"bu","13:52:21",2546900
8410,-20,1000,"sd","13:52:23",2547900
8410,-20,2800,"sd","13:52:33",2550700
8410,-20,7300,"sd","13:54:15",2558000
8410,-20,500,"sd","13:54:17",2558500
8410,-20,100,"bu","13:54:31",2558600
8410,-20,1000,"bu","13:54:36",2559600
8410,-20,4000,"bu","13:54:43",2563600
8410,-20,200,"sd","13:54:45",2563800
8410,-20,1000,"sd","13:55:05",2564800
8410,-20,5000,"bu","13:55:45",2569800
8410,-20,900,"bu","13:56:16",2570700
8410,-20,100,"sd","13:56:18",2570800
8410,-20,15500,"bu","13:56:50",2586300
8410,-20,300,"bu","13:56:59",2586600
8410,-20,17800,"bu","13:57:49",2604400
8410,-20,4200,"bu","13:57:52",2608600
8410,-20,200,"bu","13:58:05",2608800
8410,-20,500,"bu","13:58:19",2609300
8410,-20,100,"bu","13:58:21",2609400
8410,-20,1000,"sd","13:58:23",2610400
8410,-20,500,"sd","13:58:25",2610900
8420,-10,3500,"bu","13:58:35",2614400
8410,-20,3200,"bu","13:58:46",2617600
8410,-20,100,"sd","13:58:48",2617700
8410,-20,700,"bu","13:59:06",2618400
8410,-20,1000,"bu","13:59:16",2619400
8410,-20,2600,"sd","13:59:56",2622000
8420,-10,100,"bu","14:00:13",2622100
8420,-10,500,"bu","14:00:25",2622600
8420,-10,100,"bu","14:00:30",2622700
8420,-10,7400,"bu","14:00:54",2630100
8420,-10,4800,"bu","14:01:01",2634900
8430,0,1000,"bu","14:01:11",2635900
8430,0,2000,"bu","14:01:15",2637900
8430,0,300,"bu","14:01:20",2638200
8420,-10,300,"bu","14:01:27",2638500
8420,-10,200,"sd","14:01:32",2638700
8420,-10,1500,"sd","14:01:52",2640200
8420,-10,10800,"bu","14:02:14",2651000
8420,-10,5000,"bu","14:02:17",2656000
8410,-20,900,"sd","14:02:24",2656900
8400,-30,50000,"bu","14:02:35",2706900
8420,-10,900,"sd","14:02:40",2707800
8420,-10,1300,"bu","14:03:25",2709100
8420,-10,700,"sd","14:03:30",2709800
8420,-10,1000,"bu","14:03:59",2710800
8420,-10,8900,"sd","14:04:13",2719700
8420,-10,500,"sd","14:04:26",2720200
8420,-10,2000,"sd","14:04:28",2722200
8420,-10,2300,"bu","14:05:10",2724500
8430,0,5000,"bu","14:05:15",2729500
8430,0,2000,"sd","14:05:29",2731500
8430,0,900,"sd","14:05:34",2732400
8430,0,4000,"bu","14:05:43",2736400
8420,-10,14100,"bu","14:06:02",2750500
8420,-10,4800,"sd","14:06:36",2755300
8420,-10,500,"sd","14:06:44",2755800
8430,0,100,"bu","14:06:49",2755900
8420,-10,800,"bu","14:06:54",2756700
8420,-10,25500,"bu","14:06:56",2782200
8420,-10,2600,"bu","14:07:02",2784800
8420,-10,300,"bu","14:07:49",2785100
8410,-20,500,"sd","14:07:59",2785600
8420,-10,2500,"sd","14:08:05",2788100
8410,-20,100,"bu","14:08:17",2788200
8420,-10,200,"bu","14:08:31",2788400
8420,-10,1500,"sd","14:08:33",2789900
8420,-10,1000,"bu","14:08:40",2790900
8420,-10,13100,"sd","14:08:44",2804000
8420,-10,500,"sd","14:08:54",2804500
8420,-10,2000,"bu","14:08:58",2806500
8420,-10,600,"bu","14:09:13",2807100
8430,0,100,"bu","14:09:25",2807200
8420,-10,1400,"sd","14:09:54",2808600
8410,-20,5400,"bu","14:10:55",2814000
8420,-10,1000,"sd","14:11:00",2815000
8420,-10,200,"sd","14:11:03",2815200
8410,-20,4000,"bu","14:11:29",2819200
8420,-10,100,"bu","14:11:36",2819300
8410,-20,4000,"bu","14:11:50",2823300
8420,-10,4100,"bu","14:12:17",2827400
8410,-20,400,"sd","14:12:50",2827800
8410,-20,2000,"sd","14:13:13",2829800
8410,-20,10000,"sd","14:13:39",2839800
8410,-20,1000,"bu","14:13:42",2840800
8410,-20,400,"sd","14:13:53",2841200
8410,-20,3000,"bu","14:13:57",2844200
8410,-20,600,"bu","14:14:05",2844800
8410,-20,5700,"bu","14:14:07",2850500
8400,-30,18000,"bu","14:14:29",2868500
8400,-30,100,"bu","14:14:36",2868600
8400,-30,11600,"bu","14:14:54",2880200
8400,-30,1000,"sd","14:14:56",2881200
8390,-40,1500,"bu","14:15:16",2882700
8390,-40,12000,"sd","14:15:40",2894700
8390,-40,4600,"bu","14:15:45",2899300
8390,-40,200,"bu","14:15:52",2899500
8390,-40,1000,"sd","14:16:12",2900500
8390,-40,100,"sd","14:16:15",2900600
8380,-50,700,"bu","14:16:22",2901300
8390,-40,600,"bu","14:16:35",2901900
8390,-40,2000,"bu","14:16:43",2903900
8390,-40,2000,"bu","14:16:48",2905900
8390,-40,1000,"bu","14:16:51",2906900
8390,-40,400,"bu","14:17:03",2907300
8380,-50,7000,"bu","14:17:11",2914300
8380,-50,1200,"sd","14:17:14",2915500
8390,-40,900,"bu","14:17:19",2916400
8390,-40,100,"sd","14:17:27",2916500
8390,-40,900,"sd","14:17:36",2917400
8390,-40,10000,"bu","14:17:40",2927400
8390,-40,400,"bu","14:17:43",2927800
8390,-40,1100,"sd","14:18:06",2928900
8380,-50,400,"sd","14:18:09",2929300
8390,-40,6000,"bu","14:18:15",2935300
8380,-50,15000,"bu","14:18:18",2950300
8380,-50,20000,"sd","14:18:33",2970300
8380,-50,3000,"bu","14:18:35",2973300
8380,-50,5000,"bu","14:18:38",2978300
8380,-50,7400,"bu","14:18:44",2985700
8380,-50,19000,"sd","14:18:47",3004700
8380,-50,1200,"sd","14:18:53",3005900
8380,-50,7700,"sd","14:19:02",3013600
8370,-60,5000,"bu","14:19:05",3018600
8380,-50,1400,"sd","14:19:10",3020000
8380,-50,100,"bu","14:19:28",3020100
8380,-50,900,"sd","14:19:32",3021000
8380,-50,3000,"bu","14:19:35",3024000
8380,-50,500,"bu","14:19:42",3024500
8380,-50,300,"bu","14:19:45",3024800
8370,-60,28300,"sd","14:19:53",3053100
8370,-60,200,"bu","14:19:56",3053300
8370,-60,100,"sd","14:19:59",3053400
8370,-60,500,"bu","14:20:04",3053900
8370,-60,1000,"bu","14:20:07",3054900
8370,-60,3900,"sd","14:20:10",3058800
8370,-60,3000,"bu","14:20:14",3061800
8380,-50,2000,"bu","14:20:16",3063800
8380,-50,1000,"sd","14:20:29",3064800
8370,-60,100,"bu","14:20:35",3064900
8380,-50,500,"sd","14:20:51",3065400
8370,-60,500,"bu","14:21:02",3065900
8380,-50,600,"bu","14:21:05",3066500
8370,-60,1200,"sd","14:21:25",3067700
8380,-50,300,"bu","14:21:33",3068000
8380,-50,1000,"bu","14:21:37",3069000
8370,-60,300,"bu","14:21:42",3069300
8380,-50,100,"bu","14:21:48",3069400
8380,-50,8300,"bu","14:22:08",3077700
8370,-60,600,"sd","14:22:11",3078300
8380,-50,500,"bu","14:22:14",3078800
8380,-50,2900,"bu","14:22:20",3081700
8380,-50,10300,"bu","14:22:22",3092000
8380,-50,100,"sd","14:22:25",3092100
8380,-50,4500,"sd","14:22:32",3096600
8380,-50,2400,"sd","14:22:35",3099000
8390,-40,5300,"sd","14:22:52",3104300
8390,-40,700,"bu","14:23:03",3105000
8390,-40,23000,"sd","14:23:06",3128000
8390,-40,100,"sd","14:23:17",3128100
8390,-40,500,"bu","14:23:30",3128600
8390,-40,1700,"bu","14:23:38",3130300
8390,-40,1000,"bu","14:23:41",3131300
8390,-40,500,"sd","14:23:44",3131800
8390,-40,100,"bu","14:23:58",3131900
8390,-40,2700,"bu","14:24:01",3134600
8390,-40,600,"bu","14:24:10",3135200
8390,-40,500,"bu","14:24:14",3135700
8390,-40,10700,"bu","14:24:19",3146400
8390,-40,3100,"bu","14:24:31",3149500
8400,-30,9700,"bu","14:24:34",3159200
8400,-30,200,"bu","14:24:46",3159400
8410,-20,7000,"bu","14:24:55",3166400
8410,-20,5000,"bu","14:25:10",3171400
8410,-20,100,"sd","14:25:13",3171500
8410,-20,2400,"sd","14:25:31",3173900
8420,-10,13700,"bu","14:25:41",3187600
8420,-10,4900,"bu","14:25:59",3192500
8420,-10,2400,"bu","14:26:01",3194900
8420,-10,600,"bu","14:26:05",3195500
8420,-10,2600,"sd","14:26:09",3198100
8420,-10,5800,"sd","14:26:12",3203900
8420,-10,4000,"sd","14:26:15",3207900
8420,-10,2000,"sd","14:26:46",3209900
8420,-10,5400,"sd","14:26:56",3215300
8420,-10,1100,"sd","14:27:19",3216400
8420,-10,500,"bu","14:27:30",3216900
8430,0,100,"bu","14:27:33",3217000
8430,0,45000,"sd","14:27:59",3262000
8420,-10,800,"sd","14:28:03",3262800
8420,-10,1200,"sd","14:28:26",3264000
8430,0,9100,"bu","14:28:53",3273100
8430,0,6000,"bu","14:29:13",3279100
8430,0,10000,"sd","14:29:19",3289100
8420,-10,30000,"sd","14:29:22",3319100
8430,0,2500,"bu","14:29:32",3321600
8430,0,1000,"bu","14:29:38",3322600
8440,10,100,"sd","14:29:46",3322700
8430,0,1500,"sd","14:29:52",3324200
8430,0,2000,"bu","14:29:54",3326200
8430,0,1000,"sd","14:29:57",3327200
8430,0,7200,"sd","14:30:00",3334400
8430,0,30000,"bu","14:30:03",3364400
8420,-10,92400,"bu","14:45:09",3456800
