"price","change","match_qtty","side","time","total_vol"
59300,-300,4000,"bu","09:15:03",4000
59300,-300,200,"bu","09:15:12",4200
59300,-300,100,"sd","09:15:31",4300
59300,-300,600,"sd","09:16:13",4900
59300,-300,100,"bu","09:16:32",5000
59300,-300,400,"sd","09:16:55",5400
59300,-300,100,"sd","09:17:01",5500
59300,-300,200,"bu","09:17:29",5700
59300,-300,100,"sd","09:17:32",5800
59300,-300,400,"bu","09:17:37",6200
59300,-300,100,"bu","09:18:02",6300
59600,0,700,"sd","09:19:01",7000
59300,-300,400,"sd","09:19:02",7400
59300,-300,1200,"sd","09:20:27",8600
59300,-300,100,"sd","09:20:32",8700
59300,-300,500,"bu","09:21:10",9200
59300,-300,100,"bu","09:21:33",9300
59300,-300,1000,"sd","09:22:35",10300
59300,-300,100,"sd","09:23:03",10400
59300,-300,1500,"sd","09:24:39",11900
59300,-300,100,"bu","09:25:03",12000
59300,-300,500,"sd","09:25:21",12500
59300,-300,100,"sd","09:25:33",12600
59300,-300,1000,"bu","09:26:48",13600
59300,-300,100,"sd","09:27:04",13700
59300,-300,500,"sd","09:27:27",14200
59300,-300,400,"bu","09:27:30",14600
59300,-300,2100,"sd","09:27:33",16700
59300,-300,400,"bu","09:28:55",17800
59300,-300,100,"bu","09:28:56",17900
59300,-300,1300,"sd","09:30:01",19200
59300,-300,100,"sd","09:30:04",19300
59300,-300,2000,"sd","09:30:21",21300
59300,-300,100,"sd","09:30:34",21400
59400,-200,400,"sd","09:31:01",21800
59300,-300,100,"bu","09:31:04",21900
59300,-300,500,"bu","09:31:43",22400
59300,-300,100,"bu","09:32:05",22500
59300,-300,1100,"bu","09:33:06",23600
59300,-300,100,"sd","09:33:35",23700
59300,-300,900,"sd","09:34:29",24600
59300,-300,100,"bu","09:34:35",24700
59300,-300,500,"bu","09:35:09",25200
59300,-300,100,"sd","09:35:35",25300
59300,-300,400,"bu","09:35:50",25700
59300,-300,100,"bu","09:36:05",25800
59400,-200,1000,"bu","09:37:15",26800
59400,-200,700,"bu","09:37:27",27500
59400,-200,100,"sd","09:37:28",27600
59500,-100,4100,"sd","09:37:57",31700
59400,-200,100,"sd","09:38:06",31800
59500,-100,600,"bu","09:38:36",32400
59500,-100,500,"bu","09:39:06",32900
59500,-100,400,"bu","09:39:20",33300
59500,-100,100,"sd","09:39:36",33400
59400,-200,500,"sd","09:40:01",33900
59400,-200,100,"bu","09:40:06",34000
59400,-200,600,"sd","09:41:23",34600
59400,-200,100,"bu","09:41:37",34700
59400,-200,400,"sd","09:42:04",35100
59400,-200,100,"sd","09:42:07",35200
59400,-200,11100,"sd","09:43:26",46300
59400,-200,100,"bu","09:43:37",46400
59400,-200,400,"sd","09:44:07",46800
59400,-200,100,"sd","09:44:07",46900
59400,-200,1000,"bu","09:45:29",47900
59400,-200,100,"bu","09:45:38",48000
59400,-200,10000,"bu","09:45:55",58000
59400,-200,100,"sd","09:46:07",58100
59400,-200,400,"bu","09:46:10",58500
59400,-200,100,"sd","09:46:38",58600
59400,-200,400,"bu","09:46:52",59000
59400,-200,3000,"bu","09:47:06",62000
59400,-200,100,"sd","09:47:08",62100
59400,-200,400,"sd","09:47:32",62500
59400,-200,100,"sd","09:47:38",62600
59300,-300,500,"bu","09:48:14",63100
59400,-200,100,"bu","09:48:38",63200
59300,-300,1400,"bu","09:49:00",64600
59300,-300,100,"bu","09:49:08",64700
59300,-300,600,"bu","09:49:40",65300
59400,-200,1000,"bu","09:50:02",66300
59300,-300,100,"bu","09:50:09",66400
59400,-200,200,"bu","09:50:12",66600
59300,-300,400,"bu","09:50:21",67000
59400,-200,100,"sd","09:50:25",67100
59300,-300,800,"sd","09:51:12",67900
59300,-300,2300,"bu","09:51:24",70200
59400,-200,100,"sd","09:51:34",70300
59300,-300,500,"sd","09:51:52",70800
59300,-300,100,"bu","09:52:09",70900
59300,-300,1300,"bu","09:52:15",72200
59300,-300,400,"bu","09:52:33",72600
59400,-200,900,"bu","09:52:55",73500
59400,-200,200,"sd","09:53:01",73700
59300,-300,500,"sd","09:53:15",74200
59300,-300,100,"sd","09:53:39",74300
59300,-300,400,"sd","09:53:57",74700
59300,-300,100,"sd","09:54:10",74800
59300,-300,800,"bu","09:55:19",75600
59400,-200,300,"bu","09:55:21",75900
59400,-200,100,"sd","09:55:40",76000
59300,-300,400,"bu","09:56:02",76400
59300,-300,100,"sd","09:56:10",76500
59300,-300,600,"bu","09:56:50",77100
59400,-200,500,"bu","09:57:05",77600
59400,-200,200,"sd","09:57:08",77800
59300,-300,100,"sd","09:57:10",77900
59300,-300,1400,"sd","09:57:31",79300
59300,-300,200,"sd","09:58:40",80200
59300,-300,200,"bu","09:59:11",80400
59300,-300,200,"sd","09:59:41",80600
59300,-300,1200,"bu","10:01:41",81800
59400,-200,400,"bu","10:02:01",82200
59300,-300,200,"bu","10:02:12",82400
59400,-200,600,"bu","10:02:30",83000
59300,-300,200,"sd","10:02:42",83200
59400,-200,100,"bu","10:02:59",83300
59300,-300,200,"bu","10:03:11",83500
59400,-200,100,"sd","10:03:21",83600
59300,-300,200,"bu","10:03:42",83800
59400,-200,300,"sd","10:04:27",84100
59300,-300,400,"bu","10:04:31",84500
59300,-300,200,"bu","10:04:42",84700
59300,-300,400,"bu","10:05:12",85100
59300,-300,800,"bu","10:05:55",85900
59300,-300,700,"bu","10:06:36",86600
59300,-300,200,"bu","10:06:43",86800
59400,-200,6000,"bu","10:06:58",92800
59300,-300,200,"bu","10:07:13",93000
59400,-200,1900,"bu","10:07:17",94900
59300,-300,400,"bu","10:07:20",95300
59300,-300,700,"bu","10:08:04",96000
59300,-300,200,"sd","10:08:13",96200
59300,-300,600,"bu","10:08:45",96800
59300,-300,200,"sd","10:09:13",97000
59300,-300,400,"sd","10:09:27",97400
59300,-300,200,"sd","10:09:43",97600
59300,-300,400,"sd","10:10:08",98000
59300,-300,200,"sd","10:10:13",98200
59300,-300,200,"sd","10:10:43",98400
59300,-300,500,"sd","10:10:57",98900
59500,-100,5000,"sd","10:10:59",103900
59300,-300,200,"sd","10:11:14",104100
59300,-300,500,"sd","10:11:38",104600
59300,-300,200,"bu","10:11:44",104800
59300,-300,600,"bu","10:12:21",105400
59300,-300,800,"sd","10:13:14",106200
59300,-300,700,"bu","10:13:46",106900
59300,-300,200,"bu","10:14:14",107100
59300,-300,400,"sd","10:14:26",107500
59400,-200,200,"sd","10:14:44",107700
59400,-200,300,"sd","10:15:11",108000
59300,-300,200,"sd","10:15:14",108200
59400,-200,100,"sd","10:15:43",108300
59300,-300,200,"bu","10:15:44",108500
59300,-300,200,"sd","10:15:47",108700
59300,-300,500,"sd","10:15:55",109200
59400,-200,500,"bu","10:15:58",109700
59400,-200,200,"bu","10:16:14",109900
59400,-200,400,"sd","10:16:36",110300
59400,-200,200,"sd","10:16:45",110500
59500,-100,300,"sd","10:17:15",110800
59400,-200,600,"sd","10:17:45",111400
59300,-300,1300,"bu","10:18:00",112700
59300,-300,700,"bu","10:18:40",113400
59300,-300,200,"sd","10:18:45",113600
59300,-300,700,"bu","10:19:18",114300
59300,-300,400,"bu","10:19:21",114700
59300,-300,500,"bu","10:19:37",115200
59400,-200,200,"bu","10:19:45",115400
59300,-300,1100,"bu","10:20:45",116500
59300,-300,200,"bu","10:20:49",116700
59300,-300,600,"bu","10:21:27",117300
59300,-300,200,"sd","10:21:45",117500
59300,-300,400,"bu","10:22:11",117900
59300,-300,200,"sd","10:22:16",118100
59400,-200,200,"sd","10:22:46",118300
59400,-200,500,"sd","10:22:52",118800
59400,-200,200,"bu","10:23:16",119000
59400,-200,400,"sd","10:23:33",119400
59400,-200,200,"bu","10:23:46",119600
59400,-200,500,"sd","10:24:05",120100
59400,-200,400,"bu","10:24:15",120500
59400,-200,200,"bu","10:24:16",120700
59400,-200,600,"sd","10:24:57",121300
59400,-200,200,"sd","10:25:16",121500
59400,-200,500,"bu","10:25:39",122000
59400,-200,200,"bu","10:25:47",122200
59400,-200,600,"bu","10:26:22",122800
59400,-200,200,"bu","10:26:47",123000
59400,-200,400,"bu","10:27:02",123400
59300,-300,600,"bu","10:27:45",124000
59300,-300,200,"bu","10:27:47",124200
59300,-300,200,"sd","10:28:17",124400
59300,-300,500,"bu","10:28:27",124900
59400,-200,600,"bu","10:29:10",125500
59400,-200,200,"sd","10:29:17",125700
59500,-100,500,"sd","10:29:47",126200
59400,-200,200,"sd","10:29:48",126400
59300,-300,500,"sd","10:29:55",126900
59400,-200,300,"sd","10:30:16",127200
59400,-200,200,"sd","10:30:17",127400
59400,-200,400,"bu","10:30:38",127800
59300,-300,200,"bu","10:30:48",128000
59300,-300,300,"bu","10:31:18",128300
59300,-300,400,"sd","10:31:19",128700
59500,-100,1000,"bu","10:31:35",129700
59400,-200,200,"sd","10:31:48",129900
59400,-200,500,"bu","10:32:02",130400
59400,-200,200,"bu","10:32:18",130600
59400,-200,400,"bu","10:32:46",131000
59400,-200,200,"sd","10:32:48",131200
59400,-200,1300,"sd","10:34:11",132500
59400,-200,200,"bu","10:34:19",132700
59400,-200,600,"sd","10:34:52",133300
59400,-200,200,"bu","10:35:19",133500
59400,-200,400,"bu","10:35:33",133900
59500,-100,200,"bu","10:35:42",134100
59400,-200,700,"bu","10:36:14",134800
59400,-200,200,"sd","10:36:19",135000
59400,-200,1000,"sd","10:36:25",136000
59400,-200,200,"sd","10:36:50",136200
59400,-200,400,"sd","10:36:57",136600
59400,-200,200,"bu","10:37:20",136800
59400,-200,1000,"bu","10:37:32",137800
59400,-200,400,"bu","10:37:37",138200
59400,-200,200,"bu","10:37:50",138400
59400,-200,400,"bu","10:38:18",138800
59400,-200,200,"bu","10:38:20",139000
59400,-200,700,"bu","10:38:59",139700
59400,-200,300,"sd","10:39:05",140000
59400,-200,200,"bu","10:39:20",140200
59400,-200,400,"sd","10:39:41",140600
59400,-200,200,"bu","10:39:50",140800
59400,-200,600,"bu","10:40:24",141400
59400,-200,200,"sd","10:40:50",141600
59400,-200,400,"bu","10:41:05",142000
59400,-200,200,"bu","10:41:20",142200
59400,-200,500,"sd","10:41:47",142700
59400,-200,200,"bu","10:41:51",142900
59400,-200,600,"sd","10:42:28",143500
59400,-200,200,"bu","10:42:51",143700
59400,-200,400,"bu","10:43:09",144100
59400,-200,200,"sd","10:43:21",144300
59400,-200,400,"bu","10:43:50",144700
59400,-200,200,"sd","10:43:51",144900
59500,-100,2000,"sd","10:44:05",146900
59400,-200,200,"bu","10:44:21",147100
59400,-200,500,"sd","10:44:32",147600
59400,-200,200,"sd","10:44:52",147800
59400,-200,400,"sd","10:45:18",148200
59400,-200,200,"bu","10:45:24",148400
59400,-200,3200,"bu","10:45:55",151600
59400,-200,500,"sd","10:46:00",152100
59400,-200,200,"sd","10:46:22",152300
59400,-200,400,"bu","10:46:40",152700
59400,-200,200,"bu","10:46:52",152900
59400,-200,1000,"bu","10:47:06",153900
59400,-200,200,"bu","10:47:22",154100
59400,-200,400,"bu","10:47:23",154500
59400,-200,200,"bu","10:47:52",154700
59400,-200,500,"sd","10:48:07",155200
59400,-200,200,"bu","10:48:22",155400
59400,-200,600,"sd","10:48:48",156000
59400,-200,200,"sd","10:48:53",156200
59400,-200,600,"sd","10:49:31",156800
59500,-100,5200,"sd","10:49:53",162000
59400,-200,600,"sd","10:50:23",162600
59400,-200,700,"bu","10:50:54",163300
59500,-100,4000,"bu","10:50:56",167300
59400,-200,1000,"bu","10:51:02",168300
59300,-300,200,"bu","10:51:23",168500
59300,-300,1000,"sd","10:52:17",169500
59300,-300,200,"bu","10:52:23",169700
59300,-300,5000,"bu","10:52:48",174700
59300,-300,200,"sd","10:52:53",174900
59400,-200,700,"sd","10:53:28",175600
59300,-300,500,"bu","10:53:39",176100
59400,-200,100,"sd","10:53:42",176200
59300,-300,600,"bu","10:54:20",176800
59300,-300,200,"sd","10:54:24",177000
59300,-300,600,"sd","10:55:01",177600
59300,-300,200,"sd","10:55:24",177800
59300,-300,1300,"bu","10:56:26",179100
59300,-300,5200,"sd","10:56:54",184300
59300,-300,100,"sd","10:56:58",184400
59300,-300,400,"bu","10:57:08",184800
59300,-300,200,"sd","10:57:27",185000
59300,-300,400,"bu","10:57:50",185400
59300,-300,200,"bu","10:57:55",185600
59300,-300,200,"bu","10:58:25",185800
59300,-300,500,"sd","10:58:32",186300
59300,-300,200,"sd","10:58:55",186500
59300,-300,400,"sd","10:59:15",186900
59300,-300,200,"sd","10:59:24",187100
59300,-300,200,"bu","10:59:55",187300
59300,-300,500,"bu","10:59:59",187800
59300,-300,200,"bu","11:00:25",188000
59300,-300,400,"bu","11:00:40",188400
59300,-300,300,"sd","11:00:43",188700
59300,-300,200,"bu","11:00:55",188900
59300,-300,400,"bu","11:01:22",189300
59300,-300,200,"bu","11:01:26",189500
59300,-300,700,"bu","11:02:10",190200
59300,-300,200,"bu","11:02:26",190400
59300,-300,300,"bu","11:02:38",190700
59300,-300,700,"bu","11:02:56",191400
59300,-300,2700,"bu","11:03:13",194100
59300,-300,200,"bu","11:03:26",194300
59300,-300,400,"bu","11:03:39",194700
59300,-300,200,"bu","11:03:57",194900
59300,-300,5000,"bu","11:04:19",199900
59300,-300,600,"bu","11:04:26",200500
59300,-300,200,"bu","11:04:56",200700
59300,-300,500,"sd","11:05:05",201200
59200,-400,200,"sd","11:05:27",201400
59300,-300,600,"bu","11:05:58",202000
59300,-300,600,"bu","11:06:28",202600
59300,-300,200,"bu","11:06:56",202800
59300,-300,500,"bu","11:07:11",203300
59300,-300,200,"bu","11:07:27",203500
59300,-300,700,"sd","11:07:58",204200
59300,-300,200,"sd","11:08:27",204400
59200,-400,1400,"bu","11:08:43",205800
59200,-400,200,"sd","11:08:58",206000
59200,-400,400,"sd","11:09:26",206400
59200,-400,200,"bu","11:09:27",206600
59200,-400,1300,"bu","11:10:49",207900
59300,-300,400,"sd","11:11:28",208300
59300,-300,800,"bu","11:11:30",209100
59200,-400,200,"bu","11:11:58",209300
59300,-300,1000,"bu","11:12:27",210300
59200,-400,200,"sd","11:12:28",210500
59300,-300,100,"sd","11:12:42",210600
59300,-300,400,"sd","11:12:57",211000
59300,-300,200,"bu","11:12:59",211200
59400,-200,800,"sd","11:13:23",212000
59300,-300,200,"bu","11:13:28",212200
59300,-300,400,"bu","11:13:38",212600
59400,-200,5900,"bu","11:13:50",218500
59300,-300,200,"sd","11:13:58",218700
59300,-300,400,"bu","11:14:19",219100
59300,-300,200,"sd","11:14:29",219300
59300,-300,500,"bu","11:15:18",219800
59200,-400,200,"sd","11:15:30",220000
59200,-400,400,"sd","11:15:45",220400
59200,-400,200,"sd","11:15:59",220600
59200,-400,500,"bu","11:16:27",221100
59200,-400,200,"bu","11:16:31",221300
59200,-400,200,"bu","11:16:59",221500
59200,-400,700,"bu","11:17:10",222200
59200,-400,200,"bu","11:17:29",222400
59200,-400,200,"sd","11:18:00",222600
59200,-400,1400,"sd","11:18:43",224000
59300,-300,100,"bu","11:18:59",224100
59200,-400,200,"sd","11:19:01",224300
59200,-400,400,"sd","11:19:24",224700
59200,-400,200,"bu","11:19:30",224900
59200,-400,200,"sd","11:20:00",225100
59200,-400,400,"bu","11:20:07",225500
59200,-400,200,"sd","11:20:30",225700
59200,-400,400,"sd","11:20:49",226100
59200,-400,200,"bu","11:21:01",226300
59200,-400,700,"bu","11:21:32",227000
59200,-400,200,"bu","11:22:01",227200
59200,-400,400,"sd","11:22:14",227600
59200,-400,200,"sd","11:22:31",227800
59200,-400,3300,"sd","11:22:52",231100
59200,-400,400,"bu","11:22:56",231500
59200,-400,200,"sd","11:23:01",231700
59200,-400,200,"sd","11:23:32",231900
59200,-400,600,"sd","11:24:22",232500
59200,-400,200,"bu","11:24:32",232700
59200,-400,600,"bu","11:25:01",233300
59200,-400,400,"bu","11:25:32",233700
59300,-300,1000,"bu","11:26:00",234700
59200,-400,200,"bu","11:26:01",234900
59200,-400,400,"bu","11:26:29",235300
59300,-300,300,"bu","11:26:39",235600
59200,-400,700,"sd","11:27:13",236300
59200,-400,1700,"bu","11:29:26",238000
59100,-500,7000,"sd","13:00:16",245000
59200,-400,2500,"bu","13:00:41",247500
59100,-500,200,"sd","13:01:12",247700
59100,-500,4800,"sd","13:01:13",252500
59200,-400,5000,"bu","13:01:16",257500
59200,-400,100,"sd","13:01:20",257600
59200,-400,500,"bu","13:01:21",258100
59200,-400,1100,"bu","13:01:29",259200
59200,-400,500,"sd","13:01:31",259700
59100,-500,300,"bu","13:01:41",260000
59100,-500,200,"sd","13:01:53",260200
59100,-500,1100,"bu","13:02:10",261300
59100,-500,200,"bu","13:02:35",261500
59100,-500,1500,"sd","13:02:53",263000
59100,-500,300,"bu","13:03:10",263300
59100,-500,300,"bu","13:03:23",263600
59100,-500,1000,"bu","13:03:37",264600
59100,-500,200,"bu","13:04:04",264800
59100,-500,500,"bu","13:04:22",265300
59100,-500,200,"sd","13:04:35",265500
59100,-500,300,"sd","13:04:52",265800
59200,-400,1000,"sd","13:05:43",266800
59100,-500,500,"bu","13:05:56",267300
59100,-500,200,"sd","13:06:04",267500
59100,-500,100,"sd","13:06:09",267600
59100,-500,200,"sd","13:06:34",267800
59100,-500,500,"bu","13:06:39",268300
59200,-400,300,"sd","13:06:43",268600
59100,-500,200,"sd","13:07:04",268800
59200,-400,5000,"sd","13:07:18",273800
59100,-500,1700,"bu","13:08:05",275500
59100,-500,500,"sd","13:08:09",276000
59100,-500,200,"bu","13:08:34",276200
59100,-500,400,"sd","13:08:52",276600
59100,-500,200,"sd","13:09:05",276800
59100,-500,2000,"sd","13:09:10",278800
59100,-500,100,"sd","13:09:25",278900
59100,-500,700,"bu","13:09:37",279600
59100,-500,2000,"bu","13:09:59",281600
59100,-500,600,"sd","13:10:22",282200
59100,-500,200,"bu","13:10:36",282400
59100,-500,700,"sd","13:11:05",283100
59100,-500,1000,"bu","13:11:31",284100
59100,-500,1800,"sd","13:11:32",285900
59100,-500,400,"sd","13:11:36",286300
59000,-600,500,"bu","13:11:54",286800
59000,-600,2000,"bu","13:12:00",288800
59000,-600,200,"sd","13:12:05",289000
59100,-500,600,"bu","13:12:37",289600
59100,-500,500,"bu","13:12:41",290100
59100,-500,2000,"sd","13:12:42",292100
59100,-500,200,"bu","13:13:06",292300
59100,-500,2000,"bu","13:13:16",294300
59200,-400,500,"bu","13:13:18",294800
59100,-500,100,"bu","13:13:27",294900
59100,-500,200,"bu","13:13:36",295100
59100,-500,400,"bu","13:14:04",295500
59100,-500,200,"sd","13:14:06",295700
59100,-500,500,"sd","13:14:41",296200
59100,-500,400,"sd","13:14:44",296600
59100,-500,200,"bu","13:15:07",296800
59100,-500,500,"bu","13:15:33",297300
59100,-500,200,"sd","13:15:36",297500
59100,-500,900,"bu","13:16:12",298400
59100,-500,100,"sd","13:16:21",298500
59100,-500,300,"sd","13:16:38",298800
59100,-500,500,"sd","13:16:56",299300
59100,-500,200,"sd","13:17:03",299500
59100,-500,300,"sd","13:17:15",299800
59100,-500,200,"bu","13:17:36",300000
59100,-500,400,"sd","13:17:38",300400
59100,-500,200,"sd","13:18:03",300600
59100,-500,200,"sd","13:18:06",300800
59100,-500,1000,"bu","13:18:15",301800
59100,-500,400,"sd","13:18:20",302200
59100,-500,200,"sd","13:18:37",302400
59100,-500,500,"bu","13:19:02",302900
59100,-500,200,"bu","13:19:07",303100
59100,-500,200,"bu","13:19:37",303300
59100,-500,400,"bu","13:19:44",303700
59100,-500,700,"bu","13:20:22",304400
59100,-500,700,"sd","13:20:37",305100
59100,-500,200,"bu","13:21:08",305300
59100,-500,500,"bu","13:21:12",305800
59100,-500,400,"sd","13:21:14",306200
59000,-600,200,"bu","13:21:38",306400
59000,-600,800,"bu","13:21:50",307200
59000,-600,200,"bu","13:22:08",307400
59000,-600,400,"bu","13:22:29",307800
59100,-500,1000,"bu","13:22:35",308800
59000,-600,200,"sd","13:22:37",309000
59000,-600,1000,"sd","13:22:41",310000
59100,-500,700,"bu","13:22:43",310700
59000,-600,12600,"bu","13:23:13",323300
59000,-600,2600,"sd","13:23:15",325900
59000,-600,5000,"bu","13:23:21",330900
59000,-600,1000,"bu","13:23:26",331900
59000,-600,200,"bu","13:23:39",332100
59000,-600,800,"sd","13:24:09",332900
59000,-600,1000,"sd","13:24:34",333900
59000,-600,200,"sd","13:24:38",334100
59000,-600,400,"sd","13:24:40",334500
59000,-600,2400,"sd","13:24:48",336900
59000,-600,1700,"sd","13:25:17",338600
58900,-700,500,"sd","13:26:10",339100
59000,-600,500,"bu","13:26:12",339600
59000,-600,600,"bu","13:26:24",340200
59000,-600,700,"bu","13:26:42",340900
59000,-600,300,"bu","13:27:08",341200
58900,-700,400,"bu","13:27:38",341600
59000,-600,300,"sd","13:28:04",341900
58900,-700,600,"bu","13:28:21",342500
59000,-600,600,"bu","13:28:23",343100
59100,-500,1600,"sd","13:29:19",344700
59000,-600,300,"bu","13:29:39",345000
59100,-500,600,"sd","13:29:59",345600
59000,-600,300,"sd","13:30:09",345900
59000,-600,400,"sd","13:30:27",346300
59000,-600,300,"bu","13:30:40",346600
59000,-600,500,"sd","13:30:46",347100
59000,-600,700,"sd","13:31:10",347800
59000,-600,300,"bu","13:31:40",348100
59000,-600,1700,"bu","13:31:58",349800
59000,-600,2000,"sd","13:32:00",351800
59000,-600,600,"bu","13:32:39",352400
59000,-600,500,"bu","13:32:41",352900
59000,-600,300,"bu","13:33:11",353200
59000,-600,400,"bu","13:33:21",353600
59000,-600,1000,"sd","13:33:29",354600
59000,-600,300,"bu","13:33:41",354900
59000,-600,400,"sd","13:34:07",355300
59000,-600,300,"sd","13:34:09",355600
59000,-600,800,"bu","13:34:49",356400
59000,-600,700,"sd","13:35:33",357100
59000,-600,300,"sd","13:35:42",357400
59000,-600,800,"bu","13:36:15",358200
59000,-600,400,"bu","13:36:40",358600
59000,-600,400,"bu","13:36:58",359000
59000,-600,1600,"bu","13:37:40",360600
59000,-600,400,"sd","13:37:42",361000
59000,-600,300,"bu","13:38:10",361300
59000,-600,3000,"bu","13:38:22",364300
59000,-600,100,"sd","13:38:41",364400
59000,-600,1100,"bu","13:39:49",365500
59000,-600,100,"sd","13:39:56",365600
59000,-600,300,"bu","13:40:19",365900
59000,-600,400,"sd","13:40:28",366300
59000,-600,400,"sd","13:40:42",366700
59000,-600,900,"sd","13:41:24",367600
59000,-600,1300,"bu","13:42:11",368900
59000,-600,800,"sd","13:42:23",369700
59000,-600,300,"bu","13:42:41",370000
59000,-600,700,"bu","13:43:19",370700
59000,-600,300,"bu","13:43:43",371000
59000,-600,400,"bu","13:44:01",371400
59000,-600,300,"bu","13:44:14",371700
59000,-600,800,"bu","13:44:45",372500
59000,-600,300,"sd","13:45:13",372800
59000,-600,400,"sd","13:45:29",373200
59100,-500,100,"sd","13:45:33",373300
59000,-600,300,"bu","13:45:42",373600
59000,-600,1000,"sd","13:45:48",374600
59000,-600,400,"sd","13:46:11",375000
59000,-600,300,"bu","13:46:16",375300
59000,-600,300,"sd","13:46:43",375600
59000,-600,1500,"sd","13:46:52",377100
59100,-500,1000,"bu","13:46:58",378100
59000,-600,300,"sd","13:47:14",378400
59000,-600,400,"bu","13:47:36",378800
59000,-600,300,"bu","13:47:43",379100
59100,-500,1000,"sd","13:48:18",380100
59100,-500,300,"sd","13:48:43",380400
59000,-600,500,"sd","13:49:00",380900
59000,-600,300,"bu","13:49:13",381200
59000,-600,3700,"sd","13:50:23",384900
59000,-600,300,"bu","13:50:45",385200
59000,-600,500,"bu","13:51:05",385700
59000,-600,300,"sd","13:51:13",386000
59100,-500,1300,"sd","13:52:01",387300
59100,-500,300,"bu","13:52:16",387600
59100,-500,400,"sd","13:52:30",388000
59100,-500,300,"sd","13:52:45",388300
59000,-600,400,"bu","13:53:16",388700
59000,-600,700,"bu","13:53:59",389400
59000,-600,300,"bu","13:54:15",389700
59100,-500,100,"sd","13:54:31",389800
59000,-600,500,"bu","13:54:38",390300
59000,-600,1000,"sd","13:55:20",391300
59000,-600,300,"bu","13:55:45",391600
59000,-600,400,"sd","13:56:04",392000
59000,-600,300,"sd","13:56:16",392300
59000,-600,1000,"sd","13:57:15",393300
59000,-600,2300,"sd","13:57:34",395600
59000,-600,400,"sd","13:57:47",396000
59000,-600,300,"sd","13:58:09",396300
59000,-600,2600,"sd","13:58:12",398900
59000,-600,2400,"sd","13:58:16",401300
59000,-600,400,"sd","13:58:46",401700
59000,-600,400,"bu","13:58:50",402100
59000,-600,400,"sd","13:59:16",402500
59000,-600,500,"sd","13:59:34",403000
59000,-600,1000,"sd","13:59:42",404000
59000,-600,400,"bu","13:59:47",404400
59000,-600,200,"bu","14:00:13",404600
59000,-600,400,"sd","14:00:15",405000
59000,-600,900,"sd","14:01:40",405900
59000,-600,400,"bu","14:02:22",406300
59000,-600,1700,"sd","14:04:55",408000
59000,-600,1400,"sd","14:06:36",409400
59200,-400,500,"bu","14:06:38",409900
59000,-600,400,"bu","14:07:18",410300
59000,-600,400,"sd","14:07:59",410700
59000,-600,500,"sd","14:08:40",411200
59000,-600,1300,"sd","14:10:45",412500
59000,-600,400,"sd","14:11:31",412900
59000,-600,100,"sd","14:12:20",413000
59100,-500,500,"sd","14:12:23",413500
59100,-500,500,"sd","14:12:57",414000
59100,-500,100,"bu","14:13:10",414100
59100,-500,500,"bu","14:13:45",414600
59100,-500,400,"bu","14:13:47",415000
59200,-400,100,"sd","14:14:05",415100
59100,-500,400,"sd","14:14:29",415500
59100,-500,1500,"bu","14:14:59",417000
59100,-500,200,"bu","14:15:10",417200
59100,-500,500,"sd","14:15:12",417700
59200,-400,500,"bu","14:15:29",418200
59000,-600,500,"bu","14:16:04",418700
59200,-400,1000,"bu","14:16:35",419700
59100,-500,400,"sd","14:16:43",420100
59100,-500,100,"bu","14:16:46",420200
59000,-600,400,"sd","14:17:27",420600
59000,-600,500,"bu","14:18:12",421100
59000,-600,100,"sd","14:18:41",421200
59200,-400,1600,"sd","14:18:50",422800
59000,-600,500,"bu","14:18:59",423300
59000,-600,400,"bu","14:19:45",423700
59000,-600,500,"sd","14:20:27",424200
59200,-400,600,"sd","14:20:32",424800
59000,-600,400,"sd","14:21:08",425200
59000,-600,500,"sd","14:22:11",425700
59000,-600,400,"sd","14:22:35",426100
59100,-500,200,"sd","14:22:41",426300
59100,-500,300,"sd","14:23:06",426600
59000,-600,500,"bu","14:23:19",427100
59100,-500,1000,"sd","14:23:44",428100
59000,-600,400,"sd","14:24:01",428500
59000,-600,400,"bu","14:24:43",428900
59000,-600,300,"sd","14:25:06",429200
59100,-500,100,"bu","14:26:26",429300
59200,-400,2500,"bu","14:27:16",431800
59200,-400,200,"sd","14:27:27",432000
59200,-400,100,"sd","14:28:53",432100
59100,-500,1000,"bu","14:29:46",433100
59200,-400,300,"bu","14:29:57",433400
59200,-400,48200,"sd","14:45:09",481600
