"price","change","match_qtty","side","time","total_vol"
34800,150,3700,"bu","09:15:04",3700
34800,150,100,"bu","09:15:24",3800
34850,200,600,"sd","09:16:55",4400
34900,250,600,"bu","09:19:41",5000
34900,250,100,"sd","09:20:16",5100
34950,300,1900,"bu","09:21:30",7000
34950,300,600,"bu","09:22:26",7800
34950,300,1400,"sd","09:22:34",9200
34950,300,100,"sd","09:23:32",9300
34900,250,400,"bu","09:24:16",9700
34900,250,500,"sd","09:24:19",10200
34900,250,200,"sd","09:24:20",10400
34850,200,1600,"bu","09:26:31",12000
34900,250,600,"sd","09:27:33",12600
34750,100,4300,"sd","09:30:18",16900
34750,100,200,"bu","09:30:38",17100
34750,100,100,"sd","09:30:46",17200
34750,100,300,"bu","09:31:46",17500
34750,100,100,"bu","09:31:56",17600
34750,100,1100,"sd","09:32:51",18700
34750,100,100,"bu","09:32:56",18800
34750,100,200,"sd","09:33:04",19000
34750,100,500,"sd","09:34:24",19500
34850,200,600,"sd","09:38:41",20100
34850,200,700,"sd","09:41:25",20800
34850,200,200,"bu","09:42:46",21000
34850,200,2500,"bu","09:46:26",23500
34850,200,300,"sd","09:46:27",23800
34850,200,3100,"sd","09:47:56",26900
34850,200,2000,"sd","09:48:05",28900
34850,200,3000,"sd","09:49:02",31900
34850,200,500,"bu","09:49:13",32400
34800,150,100,"sd","09:50:36",32500
34800,150,2000,"bu","09:51:10",34500
34800,150,2600,"bu","09:51:13",37100
34800,150,11500,"sd","09:53:26",48600
34800,150,6000,"sd","09:53:34",54600
34800,150,1700,"sd","09:53:37",56300
34800,150,100,"bu","09:55:02",56400
34750,100,1000,"bu","09:55:59",57400
34750,100,1000,"bu","09:57:06",58400
34750,100,1600,"sd","09:58:47",60000
34750,100,100,"bu","09:58:51",60100
34750,100,1800,"sd","09:59:11",61900
34700,50,100,"bu","09:59:15",62000
34750,100,4000,"bu","10:00:30",66000
34750,100,100,"sd","10:00:54",66100
34750,100,800,"bu","10:02:32",66900
34750,100,400,"bu","10:03:30",67900
34700,50,900,"sd","10:06:14",68800
34700,50,1200,"bu","10:07:10",70000
34800,150,600,"bu","10:07:38",70600
34800,150,2000,"bu","10:07:50",72600
34800,150,100,"bu","10:08:58",72700
34800,150,1000,"bu","10:09:42",73700
34800,150,300,"sd","10:12:07",74000
34750,100,100,"bu","10:15:43",74100
34750,100,300,"sd","10:15:51",74400
34750,100,500,"sd","10:15:54",74900
34750,100,2000,"sd","10:16:58",76900
34750,100,100,"sd","10:20:08",77000
34750,100,1500,"bu","10:20:09",78500
34750,100,1000,"bu","10:24:04",79500
34750,100,500,"sd","10:24:05",80000
34750,100,100,"sd","10:24:08",80100
34700,50,3100,"sd","10:26:29",83200
34750,100,100,"sd","10:27:48",83300
34750,100,300,"sd","10:28:40",83600
34700,50,100,"sd","10:29:33",83700
34750,100,1000,"sd","10:30:35",84700
34750,100,100,"sd","10:31:33",84800
34750,100,1000,"sd","10:31:56",85800
34700,50,100,"sd","10:32:22",85900
34750,100,600,"sd","10:32:28",86500
34750,100,500,"bu","10:32:44",87000
34750,100,1000,"bu","10:32:57",88000
34750,100,900,"sd","10:32:58",88900
34700,50,100,"sd","10:33:21",89000
34700,50,2400,"sd","10:34:13",91400
34700,50,100,"sd","10:34:34",91500
34700,50,200,"sd","10:34:37",91700
34700,50,100,"sd","10:35:23",91800
34700,50,700,"sd","10:35:30",92500
34700,50,2200,"bu","10:35:42",94700
34700,50,4000,"bu","10:35:45",98700
34750,100,2000,"sd","10:39:04",100700
34750,100,1500,"bu","10:40:03",102200
34750,100,1600,"bu","10:40:49",103800
34750,100,1000,"bu","10:40:50",104800
34700,50,4000,"bu","10:43:43",108800
34700,50,1800,"sd","10:43:48",110600
34750,100,10000,"sd","10:44:22",120600
34750,100,10500,"sd","10:45:11",131100
34750,100,100,"sd","10:45:14",131200
34750,100,1000,"sd","10:47:46",132200
34750,100,1800,"sd","10:48:00",134000
34750,100,100,"bu","10:48:44",134100
34700,50,19200,"sd","10:52:20",153300
34700,50,7000,"sd","10:54:10",160300
34700,50,500,"bu","10:54:15",160800
34700,50,500,"sd","10:54:25",161300
34700,50,600,"bu","10:55:30",161900
34700,50,100,"sd","10:56:49",162000
34700,50,1000,"sd","10:57:12",163000
34650,0,6200,"bu","10:57:51",169200
34700,50,600,"bu","10:58:41",169800
34700,50,5000,"sd","11:01:16",174800
34600,-50,800,"sd","11:01:22",175600
34700,50,5500,"sd","11:01:47",181100
34700,50,3900,"bu","11:02:07",185000
34700,50,1200,"bu","11:03:44",186200
34750,100,1100,"sd","11:05:16",187300
34750,100,200,"bu","11:07:13",187500
34700,50,1000,"sd","11:08:46",188500
34750,100,15700,"bu","11:09:17",204200
34800,150,11900,"bu","11:09:36",216100
34800,150,1000,"bu","11:12:49",217100
34800,150,1100,"bu","11:14:26",218200
34800,150,200,"bu","11:14:30",218400
34800,150,800,"sd","11:14:32",219200
34800,150,300,"bu","11:15:18",219500
34800,150,200,"sd","11:15:49",219700
34800,150,9500,"sd","11:16:07",229200
34800,150,13000,"sd","11:16:24",242200
34800,150,300,"bu","11:16:47",242500
34800,150,100,"bu","11:16:49",242600
34850,200,2200,"bu","11:20:59",244800
34850,200,2600,"sd","11:22:02",247400
34800,150,500,"sd","11:24:27",247900
34800,150,1000,"bu","11:26:00",248900
34800,150,200,"bu","11:26:30",249100
34850,200,5000,"sd","11:27:27",254100
34800,150,1800,"bu","11:27:39",255900
34800,150,100,"bu","11:28:33",256000
34800,150,200,"sd","13:00:17",256200
34800,150,300,"sd","13:01:31",256500
34800,150,700,"bu","13:01:47",257200
34800,150,1700,"bu","13:01:53",258900
34800,150,100,"bu","13:03:04",259000
34850,200,600,"sd","13:05:37",259600
34800,150,100,"sd","13:05:56",259700
34800,150,2000,"bu","13:06:01",261700
34800,150,3800,"bu","13:06:34",265500
34800,150,1700,"bu","13:06:52",267200
34700,50,54900,"bu","13:07:06",322100
34700,50,6000,"bu","13:08:40",328100
34700,50,100,"bu","13:10:07",328200
34700,50,400,"sd","13:10:10",328600
34700,50,4800,"bu","13:10:36",333400
34700,50,9600,"sd","13:12:36",343000
34700,50,200,"sd","13:16:30",343200
34700,50,500,"bu","13:16:56",343700
34800,150,5000,"bu","13:17:03",348700
34800,150,100,"sd","13:21:02",348800
34800,150,5000,"bu","13:22:14",353800
34800,150,5600,"bu","13:23:44",359400
34800,150,15000,"bu","13:24:03",374400
34800,150,4000,"bu","13:25:35",378400
34800,150,100,"bu","13:25:48",378500
34700,50,10300,"bu","13:26:48",388800
34800,150,600,"bu","13:28:25",389400
34800,150,1000,"sd","13:28:58",390400
34800,150,500,"bu","13:30:21",390900
34800,150,15000,"bu","13:31:25",405900
34800,150,100,"bu","13:31:40",406000
34800,150,300,"sd","13:33:13",406300
34800,150,100,"bu","13:36:03",406400
34750,100,1300,"sd","13:38:17",407700
34750,100,200,"sd","13:38:30",407900
34750,100,11000,"sd","13:40:07",418900
34750,100,100,"bu","13:42:06",419000
34750,100,2000,"bu","13:43:14",421000
34750,100,4600,"bu","13:43:17",425600
34750,100,200,"bu","13:43:19",425800
34750,100,700,"bu","13:43:41",426500
34750,100,3000,"bu","13:46:43",429500
34750,100,5000,"bu","13:47:23",434500
34750,100,2000,"sd","13:47:38",436500
34750,100,100,"bu","13:47:43",436600
34750,100,2100,"sd","13:49:09",438700
34750,100,100,"sd","13:49:11",438800
34750,100,1500,"sd","13:50:56",440300
34750,100,900,"bu","13:52:04",441200
34750,100,800,"sd","13:52:57",442000
34750,100,2700,"sd","13:54:36",444700
34750,100,400,"bu","13:55:20",445100
34800,150,15000,"bu","13:57:25",460100
34800,150,32500,"bu","13:57:42",492600
34800,150,2000,"bu","13:58:48",494600
34800,150,1000,"sd","13:58:53",495600
34800,150,100,"bu","14:00:30",495700
34750,100,2900,"sd","14:00:59",498600
34800,150,2000,"sd","14:01:27",500600
34800,150,2100,"bu","14:01:59",502700
34750,100,2100,"sd","14:04:46",504800
34800,150,800,"sd","14:06:08",505600
34800,150,2500,"bu","14:06:15",508100
34800,150,7500,"bu","14:07:25",515600
34800,150,1800,"sd","14:09:13",517400
34800,150,100,"sd","14:09:33",517500
34800,150,10200,"sd","14:13:13",527700
34800,150,1200,"bu","14:13:19",528900
34800,150,200,"bu","14:13:25",529100
34750,100,300,"sd","14:14:05",529400
34750,100,6000,"bu","14:14:26",535400
34750,100,3100,"bu","14:14:36",538500
34750,100,100,"bu","14:14:49",538600
34700,50,1100,"bu","14:16:17",539700
34700,50,100,"bu","14:16:41",539800
34700,50,1500,"bu","14:17:16",541300
34750,100,600,"bu","14:18:00",541900
34700,50,200,"bu","14:18:41",542100
34700,50,500,"sd","14:19:37",542600
34700,50,700,"bu","14:19:40",543300
34750,100,100,"sd","14:19:50",543400
34750,100,200,"bu","14:20:24",543600
34700,50,1200,"sd","14:20:37",544800
34700,50,1000,"sd","14:21:15",545800
34700,50,200,"sd","14:21:37",546000
34750,100,6900,"bu","14:23:19",552900
34800,150,400,"sd","14:25:35",553300
34800,150,3000,"bu","14:26:05",556300
34800,150,3100,"sd","14:26:29",559400
34800,150,200,"bu","14:26:58",559600
34800,150,1000,"bu","14:27:59",560600
34800,150,5000,"sd","14:28:48",565600
34800,150,4300,"bu","14:29:25",569900
34850,200,35000,"sd","14:45:13",604900
