"price","change","match_qtty","side","time","total_vol"
20500,0,3000,"sd","09:00:03",3000
20500,0,25000,"bu","09:00:12",28000
20500,0,10000,"bu","09:00:12",38000
20500,0,3000,"sd","09:00:17",41000
20500,0,50000,"sd","09:00:18",91000
20500,0,50000,"sd","09:02:23",141000
20500,0,10000,"bu","09:03:09",151000
20500,0,10000,"bu","09:07:30",161000
20500,0,7000,"sd","09:09:09",168000
20500,0,27000,"bu","09:11:00",195000
20500,0,10000,"bu","09:11:35",205000
20500,0,10000,"sd","09:12:57",215000
20500,0,12000,"sd","09:15:34",227000
20500,0,2000,"bu","09:18:05",229000
20500,0,5000,"bu","09:18:34",234000
20500,0,7000,"sd","09:20:01",241000
20500,0,7000,"sd","09:20:32",248000
20500,0,18000,"bu","09:21:44",266000
20500,0,20000,"sd","09:22:40",286000
20500,0,2000,"sd","09:23:51",288000
20500,0,35000,"bu","09:24:45",323000
20500,0,10000,"bu","09:26:58",333000
20400,-100,4000,"sd","09:27:08",337000
20400,-100,4000,"sd","09:27:44",341000
20400,-100,2000,"sd","09:28:10",343000
20400,-100,2000,"sd","09:28:11",345000
20400,-100,2000,"bu","09:28:46",347000
20400,-100,2000,"sd","09:28:47",349000
20400,-100,3000,"sd","09:28:58",352000
20400,-100,2000,"sd","09:29:22",354000
20400,-100,50000,"sd","09:30:14",404000
20400,-100,2000,"sd","09:30:16",406000
20400,-100,7000,"bu","09:33:14",413000
20400,-100,50000,"sd","09:34:54",463000
20400,-100,10000,"bu","09:35:01",473000
20400,-100,10000,"bu","09:35:15",483000
20400,-100,10000,"sd","09:35:23",493000
20400,-100,15000,"sd","09:37:29",508000
20400,-100,2000,"bu","09:38:00",510000
20400,-100,10000,"bu","09:39:30",520000
20500,0,25000,"bu","09:39:39",545000
20500,0,50000,"bu","09:41:00",595000
20500,0,1000,"bu","09:41:08",596000
20500,0,5000,"sd","09:41:36",601000
20500,0,1000,"bu","09:41:42",602000
20500,0,17000,"sd","09:42:31",619000
20500,0,8000,"bu","09:43:07",627000
20500,0,23000,"sd","09:43:30",650000
20500,0,1000,"bu","09:43:37",651000
20500,0,1000,"sd","09:43:47",652000
20500,0,2000,"sd","09:44:11",654000
20500,0,18000,"bu","09:44:17",672000
20500,0,8000,"bu","09:44:28",680000
20500,0,40000,"bu","09:44:36",720000
20500,0,51000,"bu","09:44:48",771000
20500,0,10000,"bu","09:45:22",781000
20500,0,1000,"sd","09:45:32",782000
20500,0,5000,"bu","09:45:38",787000
20500,0,12000,"sd","09:45:53",799000
20500,0,5000,"sd","09:46:41",804000
20500,0,1000,"sd","09:47:13",805000
20500,0,4000,"bu","09:47:15",809000
20500,0,14000,"sd","09:47:26",823000
20500,0,1000,"sd","09:48:22",824000
20500,0,1000,"sd","09:55:12",825000
20400,-100,89000,"sd","09:56:35",914000
20400,-100,14000,"bu","09:56:56",928000
20400,-100,50000,"bu","09:56:57",978000
20400,-100,5000,"sd","09:58:19",983000
20400,-100,5000,"bu","09:58:38",988000
20400,-100,18000,"sd","09:59:05",1006000
20400,-100,370000,"sd","09:59:07",1376000
20500,0,3000,"sd","10:00:01",1379000
20500,0,10000,"bu","10:00:15",1389000
20400,-100,2000,"bu","10:00:44",1391000
20400,-100,100000,"sd","10:00:51",1491000
20500,0,200000,"sd","10:01:11",1691000
20500,0,200000,"sd","10:01:39",1891000
20400,-100,10000,"sd","10:02:32",1901000
20500,0,250000,"sd","10:02:43",2151000
20500,0,80000,"sd","10:03:40",2231000
20500,0,1000,"bu","10:04:05",2232000
20500,0,5000,"bu","10:04:29",2237000
20500,0,1000,"sd","10:04:34",2238000
20500,0,1000,"sd","10:04:36",2239000
20500,0,1000,"sd","10:04:37",2240000
20500,0,1000,"bu","10:04:39",2241000
20500,0,1000,"sd","10:04:40",2242000
20500,0,1000,"sd","10:04:41",2243000
20500,0,1000,"sd","10:04:43",2244000
20500,0,1000,"sd","10:04:44",2245000
20500,0,1000,"bu","10:04:45",2246000
20500,0,1000,"sd","10:04:47",2247000
20500,0,1000,"sd","10:04:49",2248000
20500,0,1000,"bu","10:04:50",2249000
20500,0,1000,"sd","10:04:51",2250000
20500,0,1000,"sd","10:04:53",2251000
20500,0,1000,"sd","10:04:54",2252000
20500,0,1000,"sd","10:04:56",2253000
20500,0,1000,"bu","10:04:57",2254000
20500,0,1000,"sd","10:04:59",2255000
20500,0,1000,"bu","10:05:01",2256000
20500,0,1000,"bu","10:05:03",2257000
20500,0,1000,"sd","10:05:05",2258000
20500,0,1000,"sd","10:05:06",2259000
20500,0,1000,"bu","10:05:08",2260000
20500,0,1000,"bu","10:05:10",2261000
20500,0,1000,"bu","10:05:11",2262000
20500,0,1000,"bu","10:05:12",2263000
20500,0,1000,"bu","10:05:14",2264000
20500,0,1000,"bu","10:05:15",2265000
20500,0,1000,"bu","10:05:19",2266000
20500,0,1000,"sd","10:05:20",2267000
20500,0,1000,"sd","10:05:22",2268000
20500,0,1000,"sd","10:05:23",2269000
20500,0,1000,"bu","10:05:25",2270000
20500,0,1000,"bu","10:05:26",2271000
20500,0,1000,"bu","10:05:28",2272000
20500,0,1000,"sd","10:05:29",2273000
20500,0,1000,"sd","10:05:31",2274000
20500,0,1000,"sd","10:05:33",2275000
20500,0,1000,"sd","10:05:34",2276000
20500,0,1000,"sd","10:05:36",2277000
20500,0,1000,"bu","10:05:37",2278000
20500,0,1000,"bu","10:05:39",2279000
20500,0,5000,"sd","10:05:40",2284000
20500,0,40000,"sd","10:05:41",2324000
20500,0,10000,"bu","10:05:57",2334000
20600,100,1000,"bu","10:07:08",2335000
20600,100,18000,"sd","10:09:09",2353000
20600,100,20000,"bu","10:11:27",2373000
20600,100,8000,"bu","10:13:12",2381000
20600,100,5000,"bu","10:14:02",2386000
20600,100,2000,"sd","10:14:27",2388000
20600,100,4000,"sd","10:14:50",2392000
20600,100,2000,"sd","10:15:00",2394000
20500,0,20000,"sd","10:15:29",2414000
20500,0,15000,"bu","10:16:37",2429000
20500,0,5000,"bu","10:16:40",2434000
20500,0,200000,"bu","10:16:42",2634000
20500,0,13000,"sd","10:16:51",2647000
20500,0,2000,"bu","10:16:55",2649000
20500,0,15000,"sd","10:18:11",2664000
20500,0,67000,"bu","10:19:28",2731000
20400,-100,2000,"sd","10:20:26",2733000
20500,0,158000,"sd","10:21:28",2891000
20500,0,42000,"sd","10:21:52",2933000
20500,0,20000,"sd","10:22:54",2953000
20500,0,10000,"bu","10:23:36",2963000
20500,0,10000,"bu","10:24:38",2973000
20500,0,50000,"bu","10:25:31",3023000
20400,-100,100000,"sd","10:25:39",3123000
20500,0,27000,"bu","10:28:19",3150000
20500,0,2000,"bu","10:30:00",3152000
20400,-100,1000,"bu","10:30:09",3153000
20500,0,100000,"sd","10:31:42",3253000
20500,0,1000,"sd","10:32:17",3254000
20500,0,30000,"sd","10:32:51",3284000
20500,0,1000,"bu","10:32:57",3285000
20500,0,1000,"bu","10:32:59",3286000
20500,0,3000,"sd","10:33:00",3289000
20500,0,2000,"sd","10:33:21",3291000
20500,0,55000,"sd","10:33:27",3346000
20500,0,50000,"sd","10:33:41",3396000
20500,0,8000,"bu","10:33:50",3404000
20500,0,52000,"sd","10:34:26",3456000
20500,0,3000,"sd","10:35:27",3459000
20500,0,20000,"bu","10:35:51",3479000
20500,0,18000,"bu","10:36:02",3497000
20500,0,1000,"sd","10:36:05",3498000
20500,0,1000,"bu","10:37:18",3499000
20400,-100,1070000,"bu","10:40:30",4569000
20400,-100,1000,"bu","10:40:34",4570000
20400,-100,2000,"bu","10:40:50",4572000
20400,-100,10000,"sd","10:40:55",4582000
20400,-100,10000,"bu","10:40:58",4592000
20400,-100,10000,"sd","10:40:59",4602000
20400,-100,2000,"bu","10:41:35",4604000
20400,-100,1000,"bu","10:41:54",4605000
20300,-200,796000,"sd","10:42:47",5401000
20300,-200,2000,"sd","10:43:55",5403000
20400,-100,5000,"sd","10:45:14",5408000
20400,-100,10000,"bu","10:46:36",5418000
20400,-100,10000,"sd","10:47:07",5428000
20400,-100,5000,"sd","10:47:46",5433000
20400,-100,5000,"bu","10:48:40",5438000
20400,-100,10000,"sd","10:48:48",5448000
20400,-100,100000,"sd","10:49:04",5548000
20400,-100,5000,"bu","10:49:35",5553000
20400,-100,1000,"sd","10:50:00",5554000
20400,-100,2000,"sd","10:50:19",5556000
20400,-100,5000,"bu","10:51:54",5561000
20400,-100,50000,"sd","10:52:12",5611000
20400,-100,2000,"sd","10:55:40",5613000
20400,-100,10000,"sd","10:56:00",5623000
20400,-100,3000,"sd","10:56:52",5626000
20400,-100,3000,"sd","10:58:58",5629000
20400,-100,2000,"sd","10:59:12",5631000
20400,-100,18000,"sd","10:59:24",5649000
20400,-100,100000,"sd","11:02:05",5749000
20400,-100,10000,"sd","11:02:19",5759000
20400,-100,10000,"sd","11:05:21",5769000
20400,-100,1000,"sd","11:08:38",5770000
20400,-100,105000,"sd","11:09:01",5875000
20400,-100,10000,"sd","11:10:55",5885000
20400,-100,20000,"sd","11:13:16",5905000
20400,-100,4000,"bu","11:14:14",5909000
20300,-200,2000,"bu","11:17:14",5911000
20400,-100,1000,"sd","11:17:51",5912000
20400,-100,8000,"sd","11:18:24",5920000
20400,-100,1000,"bu","11:18:49",5921000
20400,-100,1000,"bu","11:18:53",5922000
20300,-200,2000,"bu","11:20:19",5924000
20400,-100,10000,"bu","11:20:40",5934000
20400,-100,50000,"sd","11:22:47",5984000
20400,-100,18000,"bu","11:23:32",6002000
20400,-100,11000,"sd","11:24:22",6013000
20300,-200,4000,"sd","11:25:22",6017000
20300,-200,10000,"sd","11:25:23",6027000
20300,-200,9000,"bu","11:25:28",6036000
20400,-100,10000,"bu","11:25:38",6046000
20400,-100,11000,"bu","11:25:49",6057000
20400,-100,5000,"sd","11:26:06",6062000
20400,-100,3000,"bu","11:27:25",6065000
20400,-100,24000,"sd","11:27:41",6089000
20400,-100,1000,"bu","11:27:42",6090000
20500,0,1000,"bu","11:28:24",6091000
20400,-100,10000,"bu","11:29:19",6101000
20500,0,1000,"sd","11:29:50",6102000
20400,-100,20000,"sd","13:00:02",6122000
20400,-100,8000,"bu","13:00:04",6130000
20400,-100,20000,"sd","13:00:05",6150000
20300,-200,187000,"sd","13:00:13",6337000
20400,-100,10000,"sd","13:03:18",6347000
20300,-200,5000,"sd","13:04:27",6352000
20400,-100,14000,"bu","13:04:32",6366000
20400,-100,40000,"sd","13:05:11",6406000
20300,-200,25000,"bu","13:05:16",6431000
20400,-100,6000,"bu","13:06:00",6437000
20400,-100,18000,"bu","13:06:42",6455000
20400,-100,50000,"bu","13:07:14",6505000
20400,-100,1000,"sd","13:07:47",6506000
20400,-100,1000,"bu","13:08:05",6507000
20400,-100,100000,"bu","13:09:29",6607000
20300,-200,68000,"bu","13:09:55",6675000
20400,-100,10000,"bu","13:10:22",6685000
20300,-200,80000,"sd","13:11:34",6765000
20300,-200,20000,"bu","13:11:55",6785000
20300,-200,10000,"sd","13:13:03",6795000
20300,-200,20000,"sd","13:13:32",6815000
20300,-200,5000,"bu","13:13:36",6820000
20300,-200,59000,"bu","13:15:18",6879000
20300,-200,10000,"bu","13:16:43",6889000
20300,-200,4000,"sd","13:17:34",6893000
20300,-200,50000,"bu","13:19:34",6943000
20400,-100,1000,"sd","13:19:38",6944000
20300,-200,20000,"bu","13:19:42",6964000
20300,-200,25000,"bu","13:19:53",6989000
20300,-200,10000,"sd","13:20:21",6999000
20300,-200,15000,"bu","13:20:30",7014000
20300,-200,100000,"sd","13:20:33",7114000
20300,-200,400000,"sd","13:20:35",7514000
20300,-200,100000,"bu","13:20:38",7614000
20300,-200,21000,"sd","13:20:46",7635000
20300,-200,3000,"sd","13:20:49",7638000
20300,-200,150000,"bu","13:20:51",7788000
20300,-200,7000,"sd","13:20:53",7795000
20200,-300,10000,"sd","13:21:35",7805000
20200,-300,10000,"sd","13:21:42",7815000
20200,-300,4000,"sd","13:22:46",7819000
20200,-300,10000,"bu","13:23:10",7829000
20300,-200,59000,"sd","13:23:30",7888000
20300,-200,1000,"sd","13:23:34",7889000
20200,-300,20000,"sd","13:23:39",7909000
20200,-300,65000,"sd","13:24:01",7974000
20200,-300,20000,"sd","13:24:04",7994000
20200,-300,2000,"sd","13:24:48",7996000
20200,-300,4000,"sd","13:24:54",8000000
20200,-300,2000,"bu","13:24:56",8002000
20200,-300,2000,"bu","13:24:58",8004000
20200,-300,5000,"sd","13:25:12",8009000
20200,-300,1000,"sd","13:25:25",8010000
20200,-300,3000,"bu","13:25:29",8013000
20200,-300,21000,"bu","13:26:33",8034000
20200,-300,5000,"bu","13:26:34",8039000
20200,-300,1000,"bu","13:26:55",8040000
20200,-300,20000,"sd","13:27:37",8060000
20300,-200,10000,"sd","13:27:51",8070000
20200,-300,5000,"bu","13:27:57",8075000
20300,-200,30000,"sd","13:27:59",8105000
20300,-200,5000,"bu","13:28:09",8110000
20300,-200,31000,"sd","13:28:18",8141000
20300,-200,30000,"bu","13:28:21",8171000
20300,-200,1000,"sd","13:28:29",8172000
20300,-200,89000,"sd","13:29:38",8261000
20300,-200,100000,"sd","13:30:05",8361000
20300,-200,30000,"sd","13:30:13",8391000
20300,-200,2000,"sd","13:30:44",8393000
20200,-300,1000,"bu","13:31:11",8394000
20300,-200,19000,"bu","13:32:09",8413000
20300,-200,18000,"sd","13:32:13",8431000
20200,-300,10000,"bu","13:32:14",8441000
20300,-200,3000,"sd","13:32:20",8444000
20300,-200,1000,"bu","13:32:21",8445000
20300,-200,2000,"bu","13:32:26",8447000
20300,-200,1000,"bu","13:32:28",8448000
20300,-200,50000,"sd","13:32:31",8498000
20300,-200,5000,"bu","13:32:32",8503000
20300,-200,70000,"sd","13:32:34",8573000
20300,-200,20000,"bu","13:32:40",8593000
20300,-200,32000,"sd","13:32:49",8625000
20300,-200,5000,"bu","13:32:51",8630000
20300,-200,10000,"bu","13:32:56",8640000
20300,-200,13000,"sd","13:33:01",8653000
20300,-200,2000,"sd","13:33:26",8655000
20300,-200,1000,"sd","13:33:33",8656000
20300,-200,10000,"sd","13:34:04",8666000
20300,-200,5000,"sd","13:34:05",8671000
20300,-200,1000,"sd","13:34:08",8672000
20300,-200,1000,"bu","13:34:10",8673000
20300,-200,5000,"bu","13:34:18",8678000
20300,-200,4000,"sd","13:34:21",8682000
20300,-200,97000,"bu","13:35:08",8779000
20300,-200,73000,"bu","13:35:47",8852000
20300,-200,10000,"bu","13:35:52",8862000
20300,-200,3000,"sd","13:36:06",8865000
20300,-200,3000,"sd","13:36:25",8868000
20300,-200,100000,"bu","13:36:36",8968000
20300,-200,1000,"bu","13:36:42",8969000
20300,-200,6000,"bu","13:36:54",8975000
20300,-200,4000,"sd","13:36:55",8979000
20300,-200,2000,"bu","13:37:03",8981000
20300,-200,4000,"bu","13:37:24",8985000
20300,-200,3000,"bu","13:37:55",8988000
20300,-200,1000,"sd","13:38:22",8989000
20300,-200,20000,"sd","13:38:25",9009000
20300,-200,1000,"bu","13:38:34",9010000
20300,-200,5000,"sd","13:38:57",9015000
20300,-200,1000,"sd","13:39:07",9016000
20300,-200,5000,"bu","13:39:14",9021000
20300,-200,30000,"sd","13:39:35",9051000
20300,-200,2000,"bu","13:40:16",9053000
20300,-200,20000,"sd","13:40:32",9073000
20300,-200,3000,"bu","13:40:51",9076000
20300,-200,1000,"sd","13:41:19",9077000
20300,-200,1000,"sd","13:41:42",9078000
20300,-200,1000,"bu","13:44:15",9079000
20300,-200,10000,"bu","13:44:33",9089000
20300,-200,100000,"bu","13:44:39",9189000
20300,-200,4000,"bu","13:44:47",9193000
20300,-200,164000,"bu","13:45:01",9357000
20300,-200,5000,"bu","13:45:06",9362000
20300,-200,30000,"sd","13:45:12",9392000
20300,-200,37000,"bu","13:45:35",9429000
20300,-200,10000,"bu","13:46:27",9439000
20300,-200,50000,"sd","13:46:46",9489000
20300,-200,5000,"sd","13:47:09",9494000
20300,-200,20000,"sd","13:48:06",9514000
20300,-200,40000,"bu","13:48:51",9554000
20300,-200,30000,"sd","13:49:05",9584000
20300,-200,2000,"sd","13:50:30",9586000
20300,-200,5000,"bu","13:51:06",9591000
20300,-200,89000,"sd","13:51:39",9680000
20300,-200,12000,"sd","13:52:43",9692000
20300,-200,6000,"sd","13:54:27",9698000
20300,-200,3000,"bu","13:54:35",9701000
20300,-200,3000,"sd","13:55:18",9704000
20300,-200,3000,"sd","13:55:49",9707000
20300,-200,1000,"bu","13:56:08",9708000
20300,-200,10000,"bu","13:56:56",9718000
20300,-200,3000,"bu","13:58:20",9721000
20300,-200,1000,"sd","13:59:56",9722000
20300,-200,10000,"bu","14:00:33",9732000
20300,-200,1000,"bu","14:01:39",9733000
20400,-100,1000,"sd","14:02:13",9734000
20400,-100,18000,"sd","14:03:24",9752000
20300,-200,1000,"bu","14:04:45",9753000
20400,-100,10000,"bu","14:04:49",9763000
20300,-200,20000,"sd","14:06:59",9783000
20300,-200,1000,"sd","14:07:51",9784000
20300,-200,2000,"bu","14:09:07",9786000
20300,-200,10000,"sd","14:09:37",9796000
20300,-200,2000,"sd","14:10:04",9798000
20400,-100,50000,"bu","14:11:13",9848000
20300,-200,11000,"bu","14:11:25",9859000
20300,-200,20000,"sd","14:11:43",9879000
20300,-200,2000,"bu","14:12:33",9881000
20300,-200,2000,"sd","14:12:52",9883000
20300,-200,2000,"sd","14:12:56",9885000
20300,-200,3000,"sd","14:13:01",9888000
20300,-200,24000,"sd","14:13:08",9912000
20300,-200,1000,"sd","14:13:24",9913000
20300,-200,4000,"sd","14:13:35",9917000
20300,-200,127000,"bu","14:13:37",10044000
20300,-200,10000,"sd","14:13:46",10054000
20300,-200,68000,"bu","14:13:55",10122000
20200,-300,50000,"sd","14:14:19",10172000
20300,-200,2000,"sd","14:14:21",10174000
20200,-300,10000,"bu","14:15:56",10184000
20200,-300,40000,"bu","14:16:18",10224000
20200,-300,220000,"bu","14:16:45",10444000
20200,-300,7000,"sd","14:16:51",10451000
20200,-300,30000,"sd","14:16:57",10481000
20200,-300,10000,"bu","14:17:13",10491000
20200,-300,15000,"bu","14:17:17",10506000
20200,-300,30000,"bu","14:17:40",10536000
20200,-300,15000,"bu","14:17:42",10551000
20200,-300,37000,"bu","14:17:45",10588000
20200,-300,15000,"sd","14:19:30",10603000
20200,-300,1000,"bu","14:19:44",10604000
20300,-200,50000,"sd","14:19:51",10654000
20200,-300,10000,"bu","14:20:36",10664000
20300,-200,1000,"bu","14:20:52",10665000
20200,-300,50000,"bu","14:21:07",10715000
20300,-200,280000,"bu","14:21:32",10995000
20200,-300,497000,"bu","14:21:42",11492000
20200,-300,3000,"sd","14:22:04",11495000
20200,-300,7000,"sd","14:22:35",11502000
20200,-300,3000,"bu","14:22:42",11505000
20200,-300,7000,"bu","14:22:46",11512000
20200,-300,5000,"bu","14:22:49",11517000
20200,-300,10000,"sd","14:22:52",11527000
20200,-300,10000,"sd","14:22:53",11537000
20200,-300,10000,"sd","14:22:56",11547000
20200,-300,10000,"bu","14:22:59",11557000
20200,-300,50000,"sd","14:23:01",11607000
20200,-300,1000,"sd","14:23:14",11608000
20200,-300,50000,"bu","14:23:20",11658000
20200,-300,15000,"bu","14:23:25",11673000
20200,-300,10000,"bu","14:23:27",11683000
20200,-300,32000,"sd","14:23:29",11715000
20200,-300,5000,"bu","14:23:54",11720000
20200,-300,10000,"sd","14:24:21",11730000
20300,-200,18000,"sd","14:25:27",11748000
20300,-200,8000,"bu","14:25:43",11756000
20200,-300,5000,"bu","14:26:22",11761000
20300,-200,6000,"sd","14:27:28",11767000
20300,-200,10000,"sd","14:27:46",11777000
20200,-300,25000,"bu","14:27:56",11802000
20300,-200,3000,"bu","14:28:06",11805000
20300,-200,10000,"bu","14:28:20",11815000
20200,-300,148000,"bu","14:29:19",11963000
20200,-300,10000,"sd","14:29:27",11973000
20200,-300,1000,"bu","14:29:30",11974000
20200,-300,5000,"bu","14:29:47",11979000
20200,-300,18000,"sd","14:29:49",11997000
20200,-300,2000,"bu","14:29:50",11999000
20200,-300,9000,"sd","14:29:55",12008000
20300,-200,244000,"sd","14:45:09",12252000
