"price","change","match_qtty","side","time","total_vol"
68100,0,7100,"sd","09:15:09",7100
68100,0,2800,"bu","09:15:21",9900
68100,0,300,"sd","09:15:31",10200
68100,0,1700,"sd","09:15:32",11900
68100,0,1400,"sd","09:16:01",13300
68100,0,200,"sd","09:16:02",13500
68100,0,400,"sd","09:16:32",13900
68100,0,2800,"bu","09:16:49",16700
68100,0,300,"sd","09:17:02",17000
68100,0,500,"bu","09:17:02",17500
68100,0,800,"sd","09:17:32",18300
68100,0,400,"bu","09:17:32",18000
68100,0,400,"bu","09:17:43",18400
68100,0,1500,"sd","09:18:03",19900
68100,0,2800,"bu","09:18:18",22700
68100,0,600,"bu","09:18:30",23300
68100,0,700,"bu","09:18:32",24000
68100,0,300,"bu","09:18:33",24300
68100,0,400,"bu","09:19:32",24700
68100,0,300,"sd","09:19:33",25000
68100,0,1500,"bu","09:19:35",26500
68100,0,2800,"bu","09:19:46",29300
68100,0,3800,"sd","09:19:52",33100
68100,0,100,"sd","09:19:53",33200
68000,-100,1500,"bu","09:20:02",34700
68000,-100,300,"bu","09:20:04",35000
68100,0,1100,"sd","09:20:21",36100
68000,-100,200,"bu","09:20:32",36300
68000,-100,300,"bu","09:20:34",36600
68100,0,600,"sd","09:20:50",37200
68000,-100,200,"bu","09:21:02",37400
68100,0,4800,"sd","09:21:06",42200
68000,-100,1500,"sd","09:21:09",43700
68000,-100,2800,"sd","09:21:15",46500
68100,0,400,"sd","09:21:30",46900
68000,-100,1600,"bu","09:21:32",48500
68000,-100,300,"bu","09:21:35",48800
68000,-100,100,"bu","09:22:02",48900
68000,-100,300,"sd","09:22:05",49200
68100,0,100,"sd","09:22:06",49300
68000,-100,400,"sd","09:22:35",49700
68000,-100,2800,"sd","09:22:44",52500
68100,0,100,"bu","09:22:55",52600
68000,-100,500,"bu","09:23:02",53100
68000,-100,300,"sd","09:23:05",53400
68000,-100,100,"sd","09:23:32",53500
68000,-100,800,"sd","09:24:06",54300
68000,-100,2800,"bu","09:24:13",57100
68000,-100,100,"bu","09:24:19",57200
68000,-100,900,"sd","09:24:37",58100
68100,0,100,"bu","09:24:40",58200
68000,-100,500,"bu","09:25:07",58700
68000,-100,1900,"bu","09:25:26",60600
68000,-100,400,"bu","09:25:32",61000
68100,0,1700,"bu","09:25:40",62700
68000,-100,2800,"sd","09:25:41",65500
68000,-100,100,"bu","09:25:50",65600
67800,-300,75000,"sd","09:26:01",140600
67800,-300,10300,"bu","09:26:02",150900
67800,-300,3800,"bu","09:26:03",154700
67800,-300,400,"bu","09:26:08",155100
67900,-200,100,"bu","09:26:30",155200
67800,-300,400,"bu","09:26:38",155600
68000,-100,500,"bu","09:26:52",156100
67900,-200,200,"bu","09:27:02",156300
67900,-200,400,"sd","09:27:09",156700
67900,-200,2500,"bu","09:27:11",159200
67900,-200,200,"bu","09:27:23",159400
67900,-200,100,"bu","09:27:26",159500
67900,-200,500,"bu","09:27:29",160000
67900,-200,1000,"bu","09:27:31",161000
67900,-200,100,"sd","09:27:32",161100
67800,-300,900,"bu","09:27:33",162000
67800,-300,400,"bu","09:27:39",162400
67900,-200,200,"sd","09:27:40",162600
67900,-200,100,"sd","09:27:55",162700
67900,-200,900,"sd","09:28:09",163600
67800,-300,500,"sd","09:28:09",164100
67900,-200,100,"bu","09:28:13",164200
67800,-300,300,"bu","09:28:33",164500
67900,-200,100,"sd","09:28:34",164600
67900,-200,3000,"bu","09:28:39",167600
67800,-300,400,"sd","09:28:40",168000
67900,-200,700,"sd","09:28:56",168700
67800,-300,800,"sd","09:29:02",169500
67800,-300,400,"bu","09:29:10",169900
67900,-200,300,"bu","09:29:25",170200
67800,-300,1000,"sd","09:29:30",171200
67800,-300,300,"bu","09:29:33",171500
67800,-300,400,"sd","09:29:41",171900
67800,-300,100,"bu","09:30:02",172000
67800,-300,500,"bu","09:30:14",172500
68000,-100,10000,"sd","09:30:27",182500
68000,-100,200,"bu","09:30:29",182700
67800,-300,1800,"sd","09:30:32",184500
67800,-300,400,"sd","09:30:42",184900
67900,-200,100,"bu","09:31:03",185000
67900,-200,400,"sd","09:31:13",185400
67900,-200,100,"bu","09:31:32",185500
67900,-200,400,"bu","09:31:43",185900
67900,-200,200,"sd","09:31:49",186100
67900,-200,100,"bu","09:32:03",186200
67900,-200,400,"bu","09:32:13",186600
67900,-200,1100,"sd","09:32:27",187700
67900,-200,300,"bu","09:32:33",188000
67900,-200,400,"sd","09:32:44",188400
67900,-200,500,"sd","09:33:01",188900
67900,-200,800,"sd","09:33:14",189700
67900,-200,100,"sd","09:33:33",189800
67900,-200,400,"bu","09:33:45",190200
67900,-200,100,"sd","09:34:03",190300
67900,-200,400,"bu","09:34:15",190700
67900,-200,200,"bu","09:34:32",190900
67900,-200,100,"bu","09:34:33",191000
68000,-100,10000,"sd","09:34:37",201000
67900,-200,400,"sd","09:34:46",201400
67900,-200,2000,"bu","09:35:03",203400
67900,-200,400,"bu","09:35:16",203800
68000,-100,100,"sd","09:35:27",203900
67900,-200,500,"bu","09:35:47",204400
67900,-200,100,"sd","09:36:14",204500
67900,-200,900,"sd","09:36:48",205400
67900,-200,100,"bu","09:37:03",205500
67900,-200,400,"bu","09:37:19",205900
67900,-200,100,"bu","09:37:33",206000
67900,-200,400,"sd","09:37:49",206400
68000,-100,1000,"sd","09:38:21",207400
67900,-200,400,"bu","09:38:22",207800
67900,-200,300,"sd","09:38:33",208100
67900,-200,400,"bu","09:38:51",208500
67900,-200,3000,"sd","09:39:20",211500
67900,-200,900,"sd","09:39:21",212400
67900,-200,700,"sd","09:39:33",213100
67900,-200,100,"sd","09:39:46",213200
67900,-200,400,"bu","09:39:52",213600
67900,-200,100,"sd","09:40:03",213700
67900,-200,400,"sd","09:40:22",214100
67900,-200,500,"sd","09:40:30",214600
67900,-200,200,"bu","09:40:33",214800
67900,-200,600,"sd","09:40:50",215400
68000,-100,1000,"sd","09:40:51",216400
67900,-200,400,"sd","09:40:53",216800
67900,-200,100,"sd","09:40:55",216900
67900,-200,300,"sd","09:41:03",217200
68000,-100,10000,"sd","09:41:23",227200
68000,-100,500,"bu","09:41:27",227700
67900,-200,1900,"bu","09:41:33",229600
68000,-100,100,"sd","09:41:47",229700
67900,-200,3000,"sd","09:41:53",232700
67900,-200,400,"sd","09:41:58",233100
67900,-200,600,"bu","09:42:03",233700
67900,-200,400,"bu","09:42:24",234100
67900,-200,100,"sd","09:42:33",234200
68000,-100,200,"bu","09:42:46",234400
67900,-200,400,"sd","09:42:56",234800
67900,-200,100,"bu","09:43:03",234900
68000,-100,1000,"sd","09:43:25",235900
67900,-200,400,"sd","09:43:26",236300
67900,-200,800,"bu","09:43:41",237100
68000,-100,100,"bu","09:43:45",237200
67900,-200,500,"sd","09:43:58",237700
67900,-200,300,"bu","09:44:03",238000
67900,-200,1500,"sd","09:44:12",239500
67900,-200,400,"sd","09:44:27",239900
67900,-200,1000,"bu","09:44:31",240900
67900,-200,500,"bu","09:44:33",241400
67900,-200,3000,"bu","09:44:54",244400
67900,-200,400,"bu","09:44:58",244800
67900,-200,600,"sd","09:45:03",245400
67900,-200,400,"sd","09:45:29",245800
67900,-200,500,"bu","09:46:03",246300
68000,-100,10000,"sd","09:46:17",256300
68000,-100,800,"sd","09:46:21",257100
67900,-200,400,"sd","09:46:30",257500
67900,-200,2000,"bu","09:46:34",259500
68000,-100,300,"sd","09:46:53",259800
68000,-100,700,"bu","09:46:58",260500
67900,-200,400,"sd","09:47:01",260900
67900,-200,200,"bu","09:47:04",261100
67900,-200,4200,"sd","09:47:30",265300
67900,-200,400,"sd","09:47:32",265700
67900,-200,800,"sd","09:47:33",266500
67900,-200,400,"bu","09:48:02",266900
67900,-200,100,"bu","09:48:04",267000
68000,-100,2700,"bu","09:48:17",269700
67900,-200,2500,"bu","09:48:24",272200
68000,-100,100,"sd","09:48:31",272300
67900,-200,400,"sd","09:48:33",272700
67900,-200,900,"sd","09:48:34",273600
68000,-100,100,"bu","09:48:49",273700
67900,-200,1000,"bu","09:49:05",274700
67900,-200,2000,"sd","09:49:21",276700
67900,-200,100,"bu","09:49:30",276800
68000,-100,1800,"sd","09:50:06",278600
68000,-100,2500,"sd","09:50:10",281100
67900,-200,500,"sd","09:50:33",281600
68000,-100,600,"sd","09:50:41",282200
68000,-100,9000,"bu","09:50:50",291200
67900,-200,1700,"bu","09:51:03",292900
67900,-200,500,"bu","09:51:08",293400
68000,-100,200,"sd","09:51:33",293600
67900,-200,100,"sd","09:51:34",293700
68000,-100,500,"sd","09:51:35",294200
68000,-100,1500,"sd","09:51:50",295700
68000,-100,200,"bu","09:51:56",295900
67900,-200,500,"sd","09:52:02",296400
67900,-200,1400,"sd","09:52:31",297800
67900,-200,200,"bu","09:52:34",298000
67900,-200,500,"sd","09:52:40",298500
67900,-200,1500,"bu","09:53:12",300000
67900,-200,500,"sd","09:53:31",300500
67900,-200,400,"sd","09:53:34",300900
67900,-200,500,"bu","09:53:41",301400
67900,-200,5000,"bu","09:53:51",306400
68000,-100,500,"sd","09:53:53",306900
68000,-100,600,"sd","09:53:57",307500
67900,-200,1200,"sd","09:54:04",308700
68000,-100,100,"bu","09:54:06",308800
67900,-200,500,"bu","09:54:13",309300
68000,-100,400,"sd","09:54:17",309700
67900,-200,100,"bu","09:54:34",309800
67900,-200,600,"sd","09:54:44",310400
67900,-200,100,"sd","09:55:04",310500
67900,-200,500,"sd","09:55:14",311000
67900,-200,100,"sd","09:55:34",311100
67900,-200,30000,"bu","09:55:40",341100
67900,-200,500,"sd","09:55:45",341600
67900,-200,100,"bu","09:55:57",341700
68000,-100,42600,"bu","09:56:01",384300
68000,-100,500,"sd","09:56:04",384800
68000,-100,4000,"sd","09:56:14",388800
67900,-200,1000,"sd","09:56:16",389800
67900,-200,200,"sd","09:56:43",390000
67900,-200,500,"sd","09:56:47",390500
68000,-100,300,"sd","09:57:01",390800
68000,-100,800,"bu","09:57:04",391600
67900,-200,1000,"bu","09:57:11",392600
67900,-200,600,"sd","09:57:14",393200
67900,-200,500,"sd","09:57:18",393700
67900,-200,300,"bu","09:57:44",394000
67900,-200,500,"bu","09:57:49",394500
67900,-200,3100,"sd","09:57:53",397600
67900,-200,100,"bu","09:57:59",397700
67900,-200,500,"sd","09:58:20",398200
67900,-200,5000,"sd","09:58:24",403200
67900,-200,700,"bu","09:58:35",403900
68000,-100,2700,"sd","09:58:40",406600
67900,-200,700,"sd","09:58:45",407300
67900,-200,1200,"bu","09:58:51",408500
67900,-200,700,"bu","09:58:54",409200
67900,-200,700,"bu","09:59:02",409900
67900,-200,700,"sd","09:59:08",410600
68000,-100,10000,"sd","09:59:09",420600
68000,-100,800,"sd","09:59:12",421400
67900,-200,700,"sd","09:59:15",422100
67900,-200,1500,"bu","09:59:21",423600
67900,-200,700,"bu","09:59:36",424300
68000,-100,5000,"sd","09:59:40",429300
67900,-200,700,"bu","09:59:41",430000
68000,-100,1000,"sd","09:59:50",431000
67900,-200,500,"bu","09:59:52",431500
67900,-200,1400,"bu","10:00:21",432900
67900,-200,500,"sd","10:00:23",433400
67900,-200,400,"sd","10:00:29",433800
67900,-200,700,"sd","10:00:52",434500
67900,-200,500,"bu","10:00:54",435000
68000,-100,2700,"bu","10:01:56",437700
68000,-100,200,"sd","10:02:25",438500
67900,-200,500,"bu","10:02:26",439000
68000,-100,100,"bu","10:02:27",439100
67900,-200,1200,"sd","10:03:28",440300
67900,-200,500,"sd","10:03:59",440800
67900,-200,1000,"bu","10:04:26",441800
67900,-200,500,"sd","10:04:30",442300
67900,-200,100,"sd","10:04:39",442400
67900,-200,2600,"sd","10:04:56",445000
68000,-100,100,"bu","10:05:00",445100
67900,-200,500,"bu","10:05:01",445600
68000,-100,1000,"sd","10:05:04",446600
67900,-200,300,"bu","10:05:10",446900
67900,-200,2500,"sd","10:05:31",449400
67900,-200,500,"bu","10:05:32",449900
68000,-100,1100,"sd","10:05:34",451000
68000,-100,700,"bu","10:05:38",451700
68000,-100,300,"bu","10:05:47",452000
67900,-200,500,"sd","10:06:03",452500
67900,-200,4200,"bu","10:06:09",456700
68000,-100,600,"bu","10:06:10",457300
68000,-100,200,"sd","10:06:11",457500
67900,-200,600,"sd","10:06:34",458100
67900,-200,100,"bu","10:06:35",458200
68000,-100,400,"sd","10:06:38",458600
68000,-100,800,"sd","10:06:43",459400
68000,-100,100,"bu","10:06:56",459500
67900,-200,600,"sd","10:07:05",460100
68000,-100,100,"sd","10:07:14",460200
67900,-200,5600,"sd","10:07:38",465800
68000,-100,100,"sd","10:08:10",466500
68000,-100,700,"bu","10:08:28",467200
67900,-200,800,"bu","10:08:37",468000
68000,-100,100,"sd","10:08:48",468100
68000,-100,800,"bu","10:08:50",468900
67900,-200,600,"sd","10:09:09",469500
68000,-100,1000,"bu","10:09:11",470500
68000,-100,600,"bu","10:09:17",471100
68000,-100,3000,"bu","10:09:27",474100
68000,-100,4100,"bu","10:09:32",478200
67900,-200,600,"bu","10:09:40",478800
68000,-100,1600,"bu","10:09:57",480400
67900,-200,4200,"sd","10:09:58",484600
68000,-100,1000,"bu","10:10:00",485600
67900,-200,600,"bu","10:10:11",486200
68000,-100,2000,"bu","10:10:12",488200
68000,-100,100,"sd","10:10:33",488300
68000,-100,2500,"sd","10:10:59",490800
68000,-100,100,"sd","10:11:05",490900
68000,-100,3600,"bu","10:11:51",494500
68000,-100,4900,"sd","10:11:56",499400
68000,-100,800,"bu","10:12:04",500200
67900,-200,2600,"sd","10:12:15",502800
68000,-100,6000,"sd","10:12:18",508800
68000,-100,200,"sd","10:12:21",509000
68000,-100,1000,"bu","10:12:25",510000
68000,-100,1400,"bu","10:12:46",511400
68000,-100,500,"sd","10:12:54",511900
68000,-100,100,"sd","10:13:06",512000
68000,-100,700,"bu","10:13:08",512700
67900,-200,600,"sd","10:13:17",513300
67900,-200,4800,"sd","10:13:47",518100
68000,-100,400,"sd","10:14:09",518500
68000,-100,800,"bu","10:14:13",519300
67900,-200,600,"sd","10:14:19",519900
68000,-100,1000,"bu","10:14:47",520900
67900,-200,600,"sd","10:14:50",521500
67900,-200,600,"bu","10:15:21",522100
67900,-200,600,"bu","10:15:52",522700
68000,-100,500,"bu","10:16:18",523200
68000,-100,800,"bu","10:16:20",524000
67900,-200,600,"bu","10:16:24",524600
68000,-100,5300,"bu","10:16:47",529900
68000,-100,200,"bu","10:16:53",530100
67900,-200,600,"bu","10:16:54",530700
67900,-200,1900,"bu","10:17:57",532600
67900,-200,700,"bu","10:18:28",533300
67900,-200,600,"sd","10:18:44",533900
67900,-200,4200,"sd","10:18:57",538100
68000,-100,1700,"sd","10:19:29",539800
67900,-200,700,"sd","10:19:30",540500
68000,-100,500,"bu","10:19:32",541000
68000,-100,1300,"sd","10:19:49",542300
67900,-200,700,"sd","10:20:01",543000
67900,-200,1300,"bu","10:20:57",544300
68000,-100,5000,"bu","10:20:58",549300
67900,-200,700,"bu","10:21:05",550000
67900,-200,10000,"bu","10:21:11",560000
67900,-200,7100,"bu","10:21:31",567100
67900,-200,700,"sd","10:21:35",567800
67900,-200,900,"sd","10:22:09",568700
67900,-200,700,"bu","10:22:37",569400
67900,-200,3000,"sd","10:22:47",572400
67900,-200,500,"sd","10:22:54",572900
67900,-200,700,"bu","10:23:08",573600
67900,-200,400,"bu","10:23:25",574000
68000,-100,100,"sd","10:23:27",574100
67900,-200,700,"bu","10:23:40",574800
67900,-200,500,"bu","10:23:57",575300
67900,-200,700,"bu","10:24:11",576000
67900,-200,500,"sd","10:24:27",576500
67900,-200,700,"bu","10:24:42",577200
67900,-200,400,"sd","10:25:02",577600
67900,-200,700,"sd","10:25:13",578300
67900,-200,100,"sd","10:25:18",578400
67900,-200,500,"sd","10:25:30",578900
67900,-200,700,"sd","10:25:44",579600
67900,-200,500,"bu","10:26:02",580100
67900,-200,700,"sd","10:26:15",580800
67900,-200,400,"sd","10:26:32",581200
67900,-200,100,"sd","10:26:36",581300
67900,-200,800,"bu","10:26:47",582100
67900,-200,300,"bu","10:26:59",582400
67900,-200,500,"bu","10:27:03",582900
67900,-200,800,"sd","10:27:18",583700
67900,-200,200,"sd","10:27:30",583900
67900,-200,500,"bu","10:27:35",584400
67900,-200,800,"sd","10:27:49",585200
67900,-200,400,"sd","10:28:06",585600
67900,-200,800,"bu","10:28:21",586400
67900,-200,100,"sd","10:28:30",586500
67900,-200,500,"bu","10:28:36",587000
67900,-200,3000,"sd","10:28:44",590000
67900,-200,800,"bu","10:28:52",590800
67900,-200,500,"sd","10:29:08",591300
67900,-200,800,"sd","10:29:24",592100
67900,-200,20000,"bu","10:29:25",612100
67900,-200,400,"sd","10:29:39",612500
67900,-200,20000,"sd","10:29:53",632500
67900,-200,1300,"bu","10:30:10",633800
68000,-100,300,"sd","10:30:11",634100
68000,-100,700,"bu","10:30:16",634800
67900,-200,800,"sd","10:30:27",635600
67900,-200,500,"sd","10:30:42",636100
67900,-200,800,"sd","10:30:57",636900
67900,-200,400,"bu","10:31:13",637300
68000,-100,1000,"bu","10:31:17",638300
68000,-100,800,"bu","10:31:21",639100
68000,-100,2200,"bu","10:31:38",641300
68000,-100,2000,"sd","10:31:51",643300
68000,-100,6400,"sd","10:31:53",649700
68000,-100,100,"sd","10:31:58",649800
67900,-200,800,"bu","10:32:00",650600
67900,-200,4200,"sd","10:32:04",654800
68000,-100,1000,"bu","10:32:06",655800
68000,-100,5000,"bu","10:32:10",660800
68000,-100,300,"sd","10:32:20",661100
68000,-100,700,"sd","10:32:25",661800
67900,-200,800,"bu","10:32:32",662600
68000,-100,500,"sd","10:32:46",663100
67900,-200,800,"bu","10:33:02",663900
67900,-200,500,"sd","10:33:17",664400
67900,-200,800,"sd","10:33:34",665200
67900,-200,200,"bu","10:33:37",665400
68000,-100,2000,"bu","10:33:43",667400
68000,-100,500,"bu","10:33:48",667900
68000,-100,2100,"sd","10:34:32",670000
67900,-200,1400,"sd","10:34:50",671400
68000,-100,2100,"sd","10:34:58",673500
67900,-200,900,"bu","10:35:10",674400
67900,-200,400,"bu","10:35:22",674800
68000,-100,5800,"sd","10:35:38",680600
68000,-100,2900,"sd","10:35:42",683500
68000,-100,1000,"bu","10:35:50",684500
68000,-100,100,"sd","10:35:58",684600
68000,-100,2000,"sd","10:36:07",686600
67900,-200,900,"bu","10:36:13",687500
68000,-100,2000,"sd","10:36:18",689500
68000,-100,3000,"sd","10:36:20",692500
68000,-100,6000,"bu","10:36:24",698500
68000,-100,700,"bu","10:36:42",699200
67900,-200,900,"sd","10:36:44",700100
68000,-100,3000,"sd","10:36:55",703100
68000,-100,10000,"bu","10:37:08",713100
67900,-200,900,"sd","10:37:16",714000
68000,-100,3000,"bu","10:37:26",717000
67900,-200,500,"bu","10:37:27",717500
68000,-100,3000,"sd","10:37:38",720500
68000,-100,800,"sd","10:37:46",721300
67900,-200,900,"sd","10:37:48",722200
67900,-200,500,"sd","10:37:57",722700
67900,-200,4200,"sd","10:38:00",726900
67900,-200,900,"sd","10:38:19",727800
68000,-100,200,"sd","10:38:26",728000
68000,-100,100,"bu","10:38:35",728100
67900,-200,1700,"sd","10:38:50",729800
67900,-200,500,"bu","10:39:00",730300
67900,-200,1000,"bu","10:39:21",731300
67900,-200,500,"sd","10:39:31",731800
67900,-200,1400,"bu","10:40:01",733200
68000,-100,1000,"sd","10:40:03",734200
68000,-100,1500,"sd","10:40:15",735700
67900,-200,1000,"sd","10:40:24",736700
67900,-200,500,"bu","10:40:34",737200
68000,-100,1100,"sd","10:40:46",738300
67900,-200,1000,"sd","10:40:53",739300
67900,-200,3200,"sd","10:40:54",742500
67900,-200,1000,"sd","10:40:57",743500
68000,-100,200,"bu","10:41:00",743700
67900,-200,1200,"bu","10:41:28",744900
68000,-100,1100,"bu","10:41:29",746000
68000,-100,200,"bu","10:41:40",746200
67900,-200,1000,"sd","10:41:59",747200
67900,-200,500,"sd","10:42:06",747700
68000,-100,1300,"bu","10:42:10",749000
68000,-100,200,"sd","10:42:27",749200
67900,-200,1000,"bu","10:42:31",750200
67900,-200,500,"sd","10:42:37",750700
68000,-100,1000,"sd","10:42:53",751700
67900,-200,1400,"sd","10:43:09",753100
67900,-200,1000,"bu","10:43:34",754100
68000,-100,1200,"bu","10:43:37",755300
67900,-200,7000,"sd","10:43:43",762300
67900,-200,1100,"bu","10:44:05",763400
67900,-200,500,"sd","10:44:11",763900
68000,-100,1100,"sd","10:44:21",765000
67900,-200,1100,"sd","10:44:37",766100
67900,-200,400,"bu","10:44:43",766500
68000,-100,1000,"bu","10:44:54",767500
67900,-200,2100,"bu","10:45:08",769600
67900,-200,500,"sd","10:45:14",770100
67900,-200,10000,"bu","10:45:24",780100
67900,-200,8400,"bu","10:45:42",788500
67900,-200,1600,"bu","10:45:43",790100
68000,-100,1100,"bu","10:45:44",791200
68000,-100,700,"bu","10:46:21",791900
67900,-200,1000,"sd","10:46:23",792900
68000,-100,1200,"sd","10:46:30",794100
67900,-200,200,"bu","10:46:38",794300
67900,-200,500,"bu","10:46:47",794800
67900,-200,1000,"bu","10:46:53",795800
67900,-200,300,"sd","10:46:56",796100
67900,-200,20000,"bu","10:47:00",816100
67900,-200,1400,"bu","10:47:18",817500
67900,-200,500,"sd","10:47:42",818000
67900,-200,3000,"sd","10:47:54",821000
68000,-100,1000,"bu","10:47:56",822000
68000,-100,700,"sd","10:48:29",822700
68000,-100,1100,"sd","10:48:37",823800
67900,-200,4200,"bu","10:48:49",828000
67900,-200,1400,"sd","10:48:51",829400
67900,-200,3200,"sd","10:48:52",832600
67900,-200,8000,"sd","10:48:55",840600
68000,-100,100,"bu","10:49:13",840700
67900,-200,1000,"sd","10:49:14",841700
67900,-200,500,"sd","10:49:23",842200
67900,-200,500,"bu","10:49:53",842700
68000,-100,1100,"bu","10:50:02",843800
68000,-100,300,"bu","10:50:25",844100
68000,-100,800,"bu","10:50:37",844900
68000,-100,1000,"sd","10:50:43",845900
67900,-200,200,"sd","10:50:57",846100
68000,-100,1200,"bu","10:51:27",847300
67900,-200,3000,"sd","10:51:36",850300
67900,-200,400,"bu","10:51:58",850700
68000,-100,1100,"sd","10:52:07",851800
68000,-100,1000,"sd","10:52:09",852800
68000,-100,800,"bu","10:52:47",853600
68000,-100,100,"sd","10:52:48",853700
68000,-100,1100,"sd","10:52:52",854800
68000,-100,500,"sd","10:52:56",855300
68000,-100,1100,"bu","10:53:34",856400
68000,-100,700,"bu","10:53:50",857100
68000,-100,1100,"sd","10:54:18",858200
68000,-100,100,"sd","10:54:30",858300
68000,-100,1300,"sd","10:54:47",859600
68000,-100,2500,"bu","10:54:48",862100
68000,-100,800,"sd","10:54:54",862900
68000,-100,2800,"sd","10:54:55",865700
68000,-100,1100,"bu","10:55:00",866800
68000,-100,100,"bu","10:55:02",866900
68000,-100,2100,"sd","10:55:43",869000
68000,-100,700,"bu","10:55:59",869700
68000,-100,200,"sd","10:56:05",869900
68000,-100,1200,"sd","10:56:29",871100
68000,-100,100,"bu","10:56:39",871200
68000,-100,900,"sd","10:57:03",872100
68000,-100,1100,"sd","10:57:11",873200
68000,-100,200,"bu","10:57:27",873400
68000,-100,100,"bu","10:57:44",873500
68000,-100,1100,"bu","10:57:53",874600
68000,-100,200,"bu","10:57:56",874800
68000,-100,700,"sd","10:58:07",875500
68000,-100,200,"sd","10:58:13",875700
68000,-100,100,"sd","10:58:15",875800
68000,-100,800,"sd","10:58:33",876600
68000,-100,1100,"sd","10:58:35",877700
68000,-100,100,"sd","10:58:37",877800
68000,-100,1100,"bu","10:59:11",878900
68000,-100,1100,"sd","10:59:21",880000
68000,-100,500,"sd","10:59:38",880500
68000,-100,5500,"bu","11:00:03",886000
68000,-100,1200,"sd","11:00:04",887200
68000,-100,800,"sd","11:00:16",888000
68000,-100,1100,"bu","11:00:45",889100
68000,-100,700,"bu","11:01:20",889800
68000,-100,100,"bu","11:01:30",889900
68000,-100,1100,"sd","11:01:32",891000
67900,-200,200,"sd","11:01:56",891200
68000,-100,500,"sd","11:01:58",891700
68000,-100,100,"sd","11:02:04",891800
67900,-200,400,"bu","11:02:14",892200
68000,-100,1200,"sd","11:02:16",893400
68000,-100,800,"bu","11:02:25",894200
68000,-100,1200,"bu","11:03:02",895400
68000,-100,700,"bu","11:03:29",896100
68000,-100,1200,"sd","11:03:48",897300
67900,-200,15000,"sd","11:04:01",912300
67900,-200,400,"sd","11:04:26",912700
67900,-200,600,"bu","11:05:01",913300
68000,-100,1100,"sd","11:05:14",914400
68000,-100,700,"bu","11:05:38",915100
68000,-100,2200,"sd","11:06:38",917300
68000,-100,800,"bu","11:06:41",918100
68000,-100,200,"sd","11:06:53",918300
68000,-100,500,"sd","11:06:54",918800
68000,-100,800,"bu","11:07:15",919600
68000,-100,1200,"bu","11:07:21",920800
68000,-100,700,"bu","11:07:46",921500
67900,-200,10000,"bu","11:07:56",931500
68000,-100,1700,"bu","11:08:04",933200
67900,-200,800,"bu","11:08:21",934000
67900,-200,500,"bu","11:08:24",934500
67900,-200,1000,"sd","11:08:34",935500
67900,-200,400,"bu","11:08:35",935900
68000,-100,1000,"bu","11:08:46",936900
68000,-100,700,"sd","11:08:50",937600
67900,-200,1000,"bu","11:09:04",938600
67900,-200,300,"bu","11:09:07",938900
68000,-100,1500,"bu","11:09:26",940400
68000,-100,1100,"sd","11:09:27",941500
67900,-200,100,"sd","11:09:32",941600
67900,-200,300,"bu","11:09:38",941900
67900,-200,100,"bu","11:10:04",942000
67900,-200,300,"bu","11:10:08",942300
68000,-100,1100,"sd","11:10:10",943400
68000,-100,200,"bu","11:10:28",943600
68000,-100,1000,"sd","11:10:52",944600
68000,-100,1000,"sd","11:10:54",945600
68000,-100,100,"sd","11:10:57",945700
68000,-100,700,"bu","11:10:58",946400
68000,-100,500,"sd","11:11:09",946900
67900,-200,300,"sd","11:11:35",947200
68000,-100,1200,"sd","11:11:36",948400
68000,-100,800,"sd","11:12:02",949200
68000,-100,1000,"bu","11:12:18",950200
68000,-100,3000,"sd","11:12:42",953200
67900,-200,21100,"sd","11:12:59",974300
67900,-200,300,"sd","11:13:15",974600
68000,-100,100,"sd","11:13:18",974700
68000,-100,1100,"bu","11:13:43",975800
68000,-100,100,"bu","11:13:55",975900
68000,-100,900,"bu","11:14:12",976800
68000,-100,1100,"sd","11:14:26",977900
67900,-200,7200,"sd","11:14:54",985100
68000,-100,11100,"sd","11:15:09",996200
68000,-100,1100,"sd","11:15:25",997300
68000,-100,1100,"sd","11:15:50",998400
67900,-200,500,"sd","11:16:14",998900
67900,-200,300,"bu","11:16:22",999200
68000,-100,1000,"sd","11:16:35",1000200
68000,-100,1200,"bu","11:17:19",1001400
68000,-100,700,"sd","11:17:23",1002100
67900,-200,100,"bu","11:17:37",1002200
67900,-200,300,"sd","11:17:55",1002500
68000,-100,1000,"sd","11:18:00",1003500
68000,-100,800,"sd","11:18:29",1004300
67900,-200,10000,"sd","11:18:39",1014300
68000,-100,1100,"sd","11:18:40",1015400
68000,-100,1100,"sd","11:19:23",1016500
68000,-100,800,"sd","11:19:33",1017300
68000,-100,1000,"sd","11:20:04",1018300
68000,-100,700,"bu","11:20:37",1019000
68000,-100,1600,"bu","11:20:46",1020600
67900,-200,1400,"bu","11:21:33",1022000
68000,-100,600,"bu","11:21:36",1022600
68000,-100,1300,"sd","11:21:39",1023900
68000,-100,800,"bu","11:21:41",1024700
67900,-200,300,"bu","11:21:47",1025000
68000,-100,1500,"sd","11:22:26",1026500
68000,-100,700,"bu","11:22:46",1027200
68000,-100,500,"sd","11:22:49",1027700
67900,-200,5600,"sd","11:22:57",1033300
68000,-100,1400,"sd","11:23:08",1034700
67900,-200,2000,"sd","11:23:45",1036700
68000,-100,1100,"sd","11:23:53",1037800
67900,-200,5000,"bu","11:24:19",1042800
68000,-100,1100,"sd","11:24:33",1043900
67900,-200,500,"bu","11:24:36",1044400
67900,-200,300,"bu","11:24:40",1044700
67900,-200,40000,"sd","11:25:00",1084700
67900,-200,400,"sd","11:25:11",1085100
67900,-200,1200,"sd","11:25:14",1086300
67900,-200,100,"sd","11:25:55",1086400
67900,-200,900,"sd","11:25:58",1087300
67900,-200,1200,"bu","11:26:01",1088500
67900,-200,100,"bu","11:26:07",1088600
67800,-300,400,"bu","11:26:14",1089000
67800,-300,500,"sd","11:26:23",1089500
67900,-200,1000,"bu","11:26:42",1090500
67900,-200,700,"sd","11:27:03",1091200
67900,-200,500,"bu","11:27:11",1091700
67900,-200,1100,"bu","11:27:24",1092800
67900,-200,100,"sd","11:27:47",1092900
67900,-200,3700,"sd","11:28:15",1096600
67900,-200,200,"sd","11:28:37",1096800
67900,-200,1200,"sd","11:29:00",1098000
67800,-300,2000,"sd","11:29:10",1100000
67800,-300,300,"sd","11:29:22",1100300
67900,-200,1100,"sd","11:29:41",1101400
67900,-200,100,"sd","13:00:16",1101500
67900,-200,200,"bu","13:00:23",1101700
67900,-200,100,"bu","13:00:32",1101800
67900,-200,300,"bu","13:00:33",1102100
67800,-300,900,"sd","13:00:39",1103000
67900,-200,100,"sd","13:00:44",1103100
67800,-300,2500,"bu","13:00:54",1105600
67900,-200,100,"sd","13:00:56",1105700
67900,-200,19400,"bu","13:01:02",1125100
67900,-200,2000,"bu","13:01:06",1127100
67900,-200,400,"bu","13:01:07",1127500
67900,-200,100,"bu","13:01:13",1127600
67900,-200,1500,"sd","13:01:29",1129100
67800,-300,3500,"sd","13:01:44",1132600
67900,-200,34800,"bu","13:01:47",1167400
67900,-200,800,"sd","13:01:49",1168200
67800,-300,5000,"bu","13:01:53",1173200
67800,-300,600,"sd","13:02:03",1173800
67800,-300,400,"sd","13:02:05",1174200
67800,-300,2800,"bu","13:02:06",1177000
67900,-200,2400,"bu","13:02:10",1179400
67900,-200,700,"bu","13:02:23",1180100
67800,-300,15300,"sd","13:02:44",1195400
67900,-200,1300,"bu","13:02:56",1196700
67900,-200,800,"sd","13:03:29",1197500
67900,-200,1200,"bu","13:03:41",1198700
67800,-300,2200,"sd","13:04:27",1200900
67800,-300,400,"sd","13:04:32",1201300
67800,-300,2600,"sd","13:04:35",1203900
67800,-300,9400,"sd","13:04:36",1213300
67800,-300,100,"sd","13:04:38",1213400
67800,-300,1100,"bu","13:05:01",1214500
67800,-300,500,"sd","13:05:04",1215000
67900,-200,1100,"bu","13:05:10",1216100
67900,-200,800,"bu","13:05:37",1216900
67800,-300,100,"bu","13:05:47",1217000
67900,-200,500,"sd","13:05:50",1217500
67900,-200,1200,"sd","13:06:00",1218700
67800,-300,100,"bu","13:06:18",1218800
67800,-300,500,"bu","13:06:38",1219300
67900,-200,1200,"sd","13:06:46",1220500
67900,-200,1100,"bu","13:07:28",1221600
67900,-200,100,"sd","13:07:39",1221700
67900,-200,700,"sd","13:07:44",1222400
67900,-200,2000,"bu","13:07:55",1224400
67900,-200,300,"bu","13:08:09",1224700
67900,-200,1100,"bu","13:08:11",1225800
67900,-200,1000,"bu","13:08:22",1226800
67900,-200,2000,"sd","13:08:38",1228800
67900,-200,800,"sd","13:08:50",1229600
67900,-200,3200,"bu","13:08:55",1232800
67800,-300,5000,"sd","13:09:03",1237800
67800,-300,1500,"sd","13:09:13",1239300
67800,-300,200,"sd","13:09:30",1239500
67900,-200,1300,"sd","13:09:32",1240800
67900,-200,1200,"sd","13:09:38",1242000
67900,-200,700,"sd","13:09:54",1242700
67900,-200,100,"sd","13:10:12",1242800
67900,-200,1100,"sd","13:10:24",1243900
67900,-200,500,"sd","13:10:37",1244400
67900,-200,800,"sd","13:10:58",1245200
67900,-200,200,"sd","13:11:05",1245400
67900,-200,1300,"sd","13:11:15",1246700
67800,-300,5600,"bu","13:11:25",1252300
67800,-300,100,"sd","13:11:43",1252400
67800,-300,500,"sd","13:11:48",1252900
67800,-300,400,"sd","13:11:50",1253300
67900,-200,1200,"sd","13:12:03",1254500
67900,-200,1100,"sd","13:12:49",1255600
67900,-200,400,"sd","13:12:52",1256000
67900,-200,800,"bu","13:13:06",1256800
67800,-300,300,"sd","13:13:16",1257100
67800,-300,500,"sd","13:13:22",1257600
67800,-300,300,"bu","13:13:33",1257900
67900,-200,1300,"sd","13:13:34",1259200
67800,-300,500,"sd","13:13:49",1259700
67800,-300,400,"sd","13:13:53",1260100
67900,-200,1500,"sd","13:14:18",1261600
67900,-200,200,"bu","13:14:57",1261800
67900,-200,1000,"bu","13:14:58",1262800
67900,-200,800,"bu","13:15:16",1263600
67800,-300,200,"bu","13:15:19",1263800
67800,-300,400,"sd","13:15:27",1264200
67800,-300,5000,"bu","13:15:29",1269200
67900,-200,1100,"sd","13:15:41",1270300
67900,-200,4900,"bu","13:16:00",1275200
67900,-200,3800,"sd","13:16:07",1279000
67900,-200,4300,"sd","13:16:11",1283300
67900,-200,700,"bu","13:16:19",1284000
67900,-200,1700,"sd","13:16:28",1285700
67900,-200,200,"sd","13:16:34",1285900
67900,-200,500,"sd","13:16:41",1286400
67900,-200,1100,"bu","13:17:09",1287500
67800,-300,500,"sd","13:17:20",1288000
67800,-300,500,"sd","13:17:30",1288500
67800,-300,300,"bu","13:17:34",1288800
67800,-300,1200,"sd","13:17:54",1290000
67800,-300,800,"bu","13:18:08",1290800
67900,-200,100,"sd","13:18:22",1290900
67900,-200,800,"bu","13:18:28",1291700
67900,-200,1100,"sd","13:18:35",1292800
67800,-300,2800,"bu","13:18:54",1295600
67900,-200,6800,"bu","13:19:32",1302400
67800,-300,2800,"sd","13:19:37",1305200
67800,-300,4200,"sd","13:19:41",1309400
67800,-300,100,"bu","13:19:50",1309500
67800,-300,300,"sd","13:19:52",1309800
67800,-300,10000,"sd","13:20:01",1319800
67900,-200,1200,"sd","13:20:05",1321000
67800,-300,29700,"bu","13:20:08",1350700
67800,-300,30000,"sd","13:20:10",1380700
67800,-300,5400,"sd","13:20:26",1386100
67900,-200,400,"bu","13:20:28",1386500
67800,-300,12000,"bu","13:20:36",1398500
67800,-300,400,"bu","13:20:37",1398900
67800,-300,200,"sd","13:20:41",1399100
67800,-300,2300,"bu","13:20:46",1401400
67800,-300,500,"bu","13:20:52",1401900
67800,-300,300,"bu","13:21:02",1402200
67800,-300,500,"bu","13:21:10",1402700
67800,-300,10000,"bu","13:21:12",1412700
67800,-300,600,"bu","13:21:19",1413300
67800,-300,10000,"bu","13:21:25",1423300
67800,-300,600,"sd","13:21:27",1423900
67900,-200,1100,"sd","13:21:29",1425000
67800,-300,3100,"bu","13:21:34",1428100
67800,-300,1400,"sd","13:22:06",1429500
67700,-400,100,"bu","13:22:08",1429600
67800,-300,1900,"bu","13:22:12",1431500
67700,-400,1800,"bu","13:22:14",1433300
67700,-400,1000,"sd","13:22:16",1434300
67700,-400,7000,"bu","13:22:22",1441300
67700,-400,600,"bu","13:22:41",1441900
67700,-400,600,"sd","13:22:43",1442500
67800,-300,1400,"bu","13:22:49",1443900
67800,-300,100,"bu","13:22:52",1444000
67800,-300,1200,"bu","13:22:59",1445200
67800,-300,100,"bu","13:23:17",1445300
67800,-300,400,"sd","13:23:34",1445700
67800,-300,1100,"sd","13:23:46",1446800
67800,-300,700,"sd","13:23:50",1447500
67700,-400,9000,"sd","13:24:11",1456500
67700,-400,500,"sd","13:24:17",1457000
67800,-300,100,"bu","13:24:19",1457100
67800,-300,1100,"bu","13:24:27",1458200
67800,-300,1000,"sd","13:24:33",1459200
67800,-300,6000,"sd","13:24:40",1465200
67800,-300,800,"sd","13:24:53",1466000
67800,-300,200,"sd","13:25:03",1466200
67800,-300,1100,"sd","13:25:11",1467300
67800,-300,200,"bu","13:25:13",1467500
67700,-400,1500,"bu","13:25:48",1469000
67700,-400,800,"bu","13:25:50",1469800
67700,-400,1000,"sd","13:25:54",1470800
67800,-300,1200,"sd","13:25:59",1472000
67800,-300,700,"sd","13:26:01",1472700
67700,-400,200,"bu","13:26:09",1472900
67700,-400,300,"bu","13:26:10",1473200
67800,-300,3000,"bu","13:26:18",1476200
67700,-400,1000,"bu","13:26:22",1477200
67800,-300,1100,"bu","13:26:39",1478300
67700,-400,3000,"sd","13:26:58",1481300
67800,-300,100,"bu","13:27:10",1481400
67800,-300,700,"sd","13:27:14",1482100
67800,-300,1000,"bu","13:27:20",1483100
67800,-300,2500,"sd","13:27:31",1485600
67800,-300,1100,"bu","13:28:02",1486700
67700,-400,100,"bu","13:28:04",1486800
67800,-300,300,"sd","13:28:19",1487100
67800,-300,17300,"sd","13:28:35",1504400
67800,-300,1200,"bu","13:28:56",1505600
67700,-400,800,"bu","13:28:59",1506400
67700,-400,1400,"bu","13:29:01",1507800
67700,-400,500,"sd","13:29:27",1508300
67800,-300,1200,"sd","13:29:31",1509500
67700,-400,5000,"sd","13:29:35",1514500
67700,-400,400,"bu","13:29:37",1514900
67700,-400,6500,"sd","13:29:47",1521400
67700,-400,400,"bu","13:29:59",1521800
67800,-300,100,"sd","13:30:03",1521900
67800,-300,500,"bu","13:30:11",1522400
67800,-300,1900,"bu","13:30:15",1524300
67800,-300,400,"bu","13:30:34",1524700
67700,-400,1000,"bu","13:30:42",1525700
67800,-300,100,"sd","13:30:44",1525800
67800,-300,200,"bu","13:30:50",1526000
67800,-300,300,"sd","13:30:53",1526300
67800,-300,1100,"sd","13:30:59",1527400
67800,-300,700,"sd","13:31:20",1528100
67800,-300,2500,"sd","13:31:25",1530600
67700,-400,9400,"sd","13:31:31",1540000
67800,-300,1100,"bu","13:31:40",1541100
67800,-300,5000,"bu","13:31:52",1546100
67800,-300,400,"sd","13:32:00",1546500
67800,-300,2000,"bu","13:32:02",1548500
67800,-300,2100,"bu","13:32:15",1550600
67800,-300,300,"sd","13:32:21",1550900
67800,-300,1900,"sd","13:32:23",1552800
67800,-300,1000,"sd","13:32:33",1553800
67700,-400,1000,"sd","13:32:43",1554800
67800,-300,600,"bu","13:32:56",1555400
67800,-300,1100,"sd","13:33:06",1556500
67800,-300,100,"sd","13:33:09",1556600
67800,-300,700,"sd","13:33:28",1557300
67700,-400,1000,"sd","13:33:32",1558300
67700,-400,500,"sd","13:33:36",1558800
67700,-400,300,"bu","13:33:38",1559100
67800,-300,1000,"sd","13:33:50",1560100
67800,-300,100,"bu","13:34:03",1560200
67800,-300,2200,"bu","13:34:32",1562400
67800,-300,100,"sd","13:34:34",1562500
67700,-400,1000,"sd","13:34:47",1563500
67800,-300,500,"sd","13:34:53",1564000
67700,-400,1500,"bu","13:35:09",1565500
67800,-300,100,"sd","13:35:14",1565600
67800,-300,1100,"sd","13:35:16",1566700
67700,-400,1000,"sd","13:35:24",1567700
67700,-400,2000,"sd","13:35:26",1569700
67800,-300,200,"bu","13:35:37",1569900
67700,-400,4400,"sd","13:35:48",1574300
67700,-400,400,"bu","13:35:54",1574700
67800,-300,1200,"sd","13:36:03",1575900
67800,-300,100,"bu","13:36:05",1576000
67700,-400,3300,"sd","13:36:21",1579300
67700,-400,300,"sd","13:36:31",1579600
67700,-400,1400,"bu","13:36:38",1581000
67800,-300,1400,"sd","13:36:44",1582400
67700,-400,1500,"sd","13:37:14",1583900
67700,-400,200,"bu","13:37:16",1584100
67800,-300,1200,"sd","13:37:30",1585300
67700,-400,1000,"sd","13:37:38",1586300
67700,-400,500,"bu","13:37:44",1586800
67700,-400,100,"sd","13:37:53",1586900
67800,-300,600,"sd","13:38:13",1587500
67800,-300,1100,"bu","13:38:15",1588600
67800,-300,200,"bu","13:38:26",1588800
67800,-300,100,"sd","13:38:34",1588900
67800,-300,3000,"sd","13:38:41",1591900
67800,-300,100,"bu","13:38:48",1592000
67800,-300,700,"sd","13:38:50",1592700
67800,-300,1100,"sd","13:38:57",1593800
67800,-300,300,"bu","13:39:06",1594100
67800,-300,400,"bu","13:39:08",1594500
67800,-300,300,"bu","13:39:18",1594800
67800,-300,100,"sd","13:39:35",1594900
67800,-300,1200,"bu","13:39:40",1596100
67800,-300,100,"bu","13:39:44",1596200
67800,-300,800,"bu","13:39:53",1597000
67800,-300,400,"bu","13:39:56",1597400
67800,-300,1500,"sd","13:40:10",1598900
67800,-300,100,"bu","13:40:15",1599000
67800,-300,1300,"bu","13:40:21",1600300
67800,-300,700,"sd","13:40:58",1601000
67800,-300,2200,"sd","13:41:02",1603200
67800,-300,4900,"sd","13:41:18",1608100
67800,-300,3000,"bu","13:41:26",1611100
67700,-400,5900,"sd","13:41:30",1617000
67700,-400,1000,"bu","13:41:35",1618000
67700,-400,400,"bu","13:41:41",1618400
67800,-300,1000,"sd","13:41:47",1619400
67800,-300,800,"sd","13:42:02",1620200
67800,-300,200,"sd","13:42:13",1620400
67800,-300,500,"sd","13:42:20",1620900
67800,-300,1800,"bu","13:43:06",1622700
67800,-300,1200,"bu","13:43:14",1623900
67800,-300,2500,"bu","13:43:22",1626400
67700,-400,2500,"sd","13:43:39",1628900
67700,-400,5300,"bu","13:43:52",1634200
67800,-300,2100,"bu","13:44:07",1636300
67800,-300,2000,"bu","13:44:25",1638300
67800,-300,100,"sd","13:44:27",1638400
67800,-300,10200,"sd","13:44:32",1648600
67800,-300,1400,"bu","13:44:57",1650000
67800,-300,900,"sd","13:45:02",1650900
67800,-300,1500,"bu","13:45:07",1652400
67800,-300,700,"bu","13:45:16",1653100
67700,-400,2200,"sd","13:45:26",1655300
67800,-300,200,"sd","13:45:31",1655500
67800,-300,200,"sd","13:45:35",1655700
67800,-300,600,"sd","13:45:42",1656300
67800,-300,100,"bu","13:45:46",1656400
67800,-300,1000,"bu","13:46:06",1657400
67800,-300,500,"bu","13:46:11",1657900
67800,-300,700,"bu","13:46:20",1658600
67800,-300,200,"bu","13:46:22",1658800
67700,-400,400,"sd","13:46:35",1659200
67700,-400,300,"bu","13:46:45",1659500
67800,-300,1600,"bu","13:46:49",1661100
67800,-300,1900,"bu","13:47:05",1663000
67800,-300,500,"sd","13:47:07",1663500
67800,-300,200,"sd","13:47:14",1663700
67700,-400,1000,"sd","13:47:16",1664700
67700,-400,1800,"bu","13:47:25",1666500
67700,-400,400,"sd","13:47:27",1666900
67700,-400,1000,"sd","13:47:31",1667900
67800,-300,1100,"sd","13:47:33",1669000
67700,-400,6200,"sd","13:48:00",1675200
67700,-400,500,"bu","13:48:09",1675700
67800,-300,1000,"sd","13:48:16",1676700
67700,-400,4200,"sd","13:48:22",1680900
67700,-400,300,"sd","13:48:31",1681200
67700,-400,400,"sd","13:48:40",1681600
67800,-300,4500,"bu","13:48:45",1686100
67800,-300,2000,"sd","13:48:49",1688100
67800,-300,1100,"sd","13:48:58",1689200
67700,-400,1400,"sd","13:49:00",1690600
67800,-300,100,"sd","13:49:02",1690700
67700,-400,1500,"sd","13:49:15",1692200
67800,-300,1100,"bu","13:49:41",1693300
67700,-400,2000,"bu","13:49:43",1695300
67800,-300,100,"bu","13:49:58",1695400
67800,-300,2000,"bu","13:50:01",1697400
67800,-300,100,"bu","13:50:04",1697500
67800,-300,1000,"sd","13:50:06",1698500
67800,-300,100,"sd","13:50:14",1698600
67800,-300,1100,"sd","13:50:23",1699700
67800,-300,1700,"sd","13:50:36",1701400
67800,-300,500,"bu","13:50:38",1701900
67800,-300,100,"sd","13:50:50",1702000
67800,-300,1000,"sd","13:51:01",1703000
67800,-300,200,"bu","13:51:08",1703200
67800,-300,1200,"bu","13:51:10",1704400
67800,-300,200,"bu","13:51:33",1704600
67800,-300,900,"sd","13:51:40",1705500
67700,-400,2000,"bu","13:51:54",1707500
67800,-300,1200,"sd","13:51:57",1708700
67800,-300,100,"bu","13:52:08",1708800
67800,-300,1100,"sd","13:52:37",1709900
67800,-300,700,"bu","13:52:45",1710600
67800,-300,500,"sd","13:52:47",1711100
67800,-300,1000,"sd","13:53:02",1712100
67800,-300,200,"sd","13:53:06",1712300
67800,-300,100,"sd","13:53:13",1712400
67800,-300,1100,"sd","13:53:21",1713500
67700,-400,700,"bu","13:53:23",1714200
67800,-300,1900,"bu","13:53:30",1716100
67800,-300,3000,"bu","13:53:42",1719100
67700,-400,1000,"bu","13:53:44",1720100
67700,-400,400,"bu","13:53:51",1720500
67700,-400,600,"sd","13:53:54",1721100
67800,-300,1100,"sd","13:54:08",1722200
67800,-300,300,"bu","13:54:24",1722500
67800,-300,100,"bu","13:54:29",1722600
67800,-300,1200,"sd","13:54:47",1723800
67800,-300,700,"sd","13:54:52",1724500
67800,-300,200,"bu","13:55:02",1724700
67800,-300,400,"sd","13:55:28",1725100
67800,-300,1100,"bu","13:55:30",1726200
67800,-300,100,"sd","13:55:37",1726300
67800,-300,1000,"bu","13:55:54",1727300
67800,-300,1300,"bu","13:55:57",1728600
67800,-300,200,"sd","13:56:08",1728800
67800,-300,1100,"sd","13:56:16",1729900
67800,-300,3100,"sd","13:56:18",1733000
67800,-300,1000,"sd","13:56:38",1734000
67800,-300,100,"sd","13:56:43",1734100
67800,-300,1000,"sd","13:56:50",1735100
67800,-300,1100,"sd","13:56:59",1736200
67700,-400,1100,"sd","13:57:11",1737300
67700,-400,2000,"sd","13:57:25",1739300
67700,-400,80500,"bu","13:57:29",1819800
67800,-300,100,"bu","13:57:37",1819900
67600,-500,79000,"bu","13:57:59",1898900
67600,-500,100,"sd","13:58:05",1899000
67600,-500,1000,"sd","13:58:07",1900000
67700,-400,200,"bu","13:58:09",1900200
67700,-400,500,"bu","13:58:23",1900700
67700,-400,300,"bu","13:58:50",1901000
67700,-400,200,"sd","13:58:57",1901200
67600,-500,1000,"bu","13:59:00",1902200
67600,-500,800,"bu","13:59:02",1903000
67700,-400,14200,"sd","13:59:04",1917200
67700,-400,1500,"bu","13:59:08",1918700
67700,-400,1900,"sd","13:59:11",1920600
67700,-400,100,"bu","13:59:29",1920700
67600,-500,1000,"sd","13:59:31",1921700
67600,-500,700,"sd","13:59:34",1922400
67700,-400,2000,"sd","13:59:38",1924400
67600,-500,100,"bu","13:59:45",1924500
67700,-400,600,"bu","13:59:47",1925100
67700,-400,1200,"sd","13:59:56",1926300
67700,-400,300,"sd","13:59:58",1926600
67600,-500,4000,"sd","14:00:02",1930600
67600,-500,800,"sd","14:00:04",1931400
67700,-400,100,"sd","14:00:13",1931500
67600,-500,1100,"sd","14:00:25",1932600
67700,-400,400,"sd","14:00:28",1933000
67700,-400,1200,"bu","14:00:40",1934200
67700,-400,1000,"bu","14:00:57",1935200
67600,-500,5800,"sd","14:01:13",1941000
67700,-400,1200,"bu","14:01:25",1942200
67700,-400,1300,"bu","14:01:49",1943500
67600,-500,7000,"sd","14:01:54",1950500
67700,-400,100,"sd","14:01:57",1950600
67700,-400,500,"bu","14:01:59",1951100
67700,-400,100,"bu","14:02:01",1951200
67700,-400,1000,"sd","14:02:09",1952200
67700,-400,500,"bu","14:02:12",1952700
67700,-400,200,"bu","14:02:17",1952900
67700,-400,700,"sd","14:02:24",1953600
67700,-400,500,"sd","14:02:45",1954100
67700,-400,1100,"sd","14:02:50",1955200
67700,-400,500,"sd","14:02:55",1955700
67700,-400,10000,"sd","14:03:01",1965700
67700,-400,1000,"sd","14:03:03",1966700
67700,-400,100,"bu","14:03:05",1966800
67700,-400,400,"sd","14:03:13",1967200
67700,-400,200,"sd","14:03:23",1967400
67700,-400,2000,"bu","14:03:32",1969400
67600,-500,2600,"bu","14:03:40",1972000
67700,-400,100,"bu","14:03:42",1972100
67600,-500,1800,"sd","14:03:52",1973900
67600,-500,3900,"sd","14:04:04",1977800
67600,-500,700,"sd","14:04:13",1978500
67700,-400,3100,"bu","14:04:18",1981600
67700,-400,100,"sd","14:04:23",1981700
67700,-400,200,"sd","14:04:26",1981900
67700,-400,700,"bu","14:04:31",1982600
67700,-400,3900,"sd","14:04:46",1986500
67700,-400,100,"sd","14:05:01",1986600
67700,-400,1000,"sd","14:05:03",1987600
67700,-400,1200,"sd","14:05:05",1988800
67700,-400,1300,"bu","14:05:20",1990100
67600,-500,1000,"sd","14:05:26",1991100
67700,-400,400,"bu","14:05:29",1991500
67700,-400,700,"sd","14:05:36",1992200
67600,-500,23300,"sd","14:05:48",2015500
67600,-500,19200,"sd","14:06:17",2034700
67700,-400,1100,"sd","14:06:22",2035800
67700,-400,1000,"bu","14:06:29",2036800
67600,-500,98700,"sd","14:06:38",2135500
67600,-500,900,"sd","14:06:41",2136400
67600,-500,18100,"bu","14:06:52",2154500
67600,-500,100,"bu","14:06:56",2154600
67600,-500,700,"bu","14:07:07",2155300
67600,-500,1700,"sd","14:07:10",2157000
67600,-500,300,"bu","14:07:15",2157300
67600,-500,100,"sd","14:07:18",2157400
67600,-500,1000,"sd","14:07:23",2158400
67600,-500,500,"sd","14:07:27",2158900
67600,-500,300,"bu","14:07:29",2159200
67600,-500,1000,"sd","14:07:32",2160200
67600,-500,100,"bu","14:07:40",2160300
67600,-500,1300,"bu","14:07:45",2161600
67600,-500,1400,"bu","14:07:47",2163000
67600,-500,1000,"sd","14:07:52",2164000
67600,-500,600,"sd","14:07:54",2164600
67600,-500,1200,"sd","14:08:01",2165800
67600,-500,300,"bu","14:08:08",2166100
67600,-500,600,"sd","14:08:11",2166700
67600,-500,100,"sd","14:08:17",2166800
67600,-500,200,"bu","14:08:19",2167000
67600,-500,100,"sd","14:08:21",2167100
67600,-500,200,"bu","14:08:26",2167300
67600,-500,500,"bu","14:08:28",2167800
67600,-500,5700,"bu","14:08:31",2173500
67600,-500,1600,"sd","14:08:33",2175100
67600,-500,500,"bu","14:08:40",2175600
67500,-600,1000,"sd","14:08:42",2176600
67500,-600,800,"sd","14:08:54",2177400
67600,-500,1000,"bu","14:09:06",2178400
67500,-600,4000,"bu","14:09:08",2182400
67600,-500,900,"sd","14:09:13",2183300
67600,-500,1100,"bu","14:09:15",2184400
67600,-500,5400,"sd","14:09:18",2189800
67600,-500,1900,"sd","14:09:20",2191700
67600,-500,100,"sd","14:09:33",2191800
67500,-600,5500,"sd","14:09:38",2197300
67500,-600,94500,"sd","14:09:41",2291800
67600,-500,1500,"sd","14:09:46",2293300
67600,-500,700,"bu","14:09:54",2294000
67600,-500,400,"bu","14:09:56",2294400
67600,-500,1100,"bu","14:09:59",2295500
67600,-500,100,"sd","14:10:04",2295600
67600,-500,200,"sd","14:10:06",2295800
67600,-500,600,"sd","14:10:12",2296400
67600,-500,200,"sd","14:10:14",2296600
67600,-500,300,"bu","14:10:21",2296900
67600,-500,1200,"bu","14:10:40",2298100
67600,-500,500,"bu","14:10:43",2298600
67600,-500,100,"bu","14:10:45",2298700
67600,-500,300,"sd","14:10:47",2299000
67600,-500,300,"bu","14:10:50",2299300
67600,-500,1000,"sd","14:10:58",2300300
67600,-500,1000,"sd","14:11:05",2301300
67600,-500,100,"bu","14:11:08",2301400
67500,-600,2600,"bu","14:11:13",2304000
67600,-500,2800,"sd","14:11:16",2306800
67600,-500,2500,"bu","14:11:18",2309300
67600,-500,500,"sd","14:11:21",2309800
67600,-500,1200,"sd","14:11:24",2311000
67600,-500,5000,"sd","14:11:29",2316000
67600,-500,2000,"sd","14:11:34",2318000
67500,-600,2800,"sd","14:11:42",2320800
67500,-600,7100,"sd","14:12:00",2327900
67600,-500,2500,"bu","14:12:03",2330400
67500,-600,2400,"sd","14:12:05",2332800
67500,-600,1800,"sd","14:12:08",2334600
67500,-600,1400,"sd","14:12:14",2336000
67500,-600,5600,"bu","14:12:17",2341600
67600,-500,13000,"sd","14:12:25",2354600
67600,-500,1100,"bu","14:12:50",2355700
67600,-500,900,"sd","14:13:05",2356600
67600,-500,200,"sd","14:13:10",2356800
67500,-600,700,"sd","14:13:27",2357500
67600,-500,2000,"bu","14:13:34",2359500
67600,-500,100,"bu","14:13:45",2359600
67600,-500,1800,"sd","14:14:02",2361400
67500,-600,2900,"bu","14:14:05",2364300
67500,-600,1400,"sd","14:14:07",2365700
67600,-500,500,"sd","14:14:16",2366200
67600,-500,1200,"bu","14:14:26",2367400
67500,-600,1400,"bu","14:14:29",2368800
67600,-500,800,"sd","14:14:31",2369600
67500,-600,25800,"bu","14:14:41",2395400
67500,-600,5500,"bu","14:14:49",2400900
67600,-500,300,"bu","14:14:56",2401200
67500,-600,1100,"sd","14:15:01",2402300
67600,-500,4600,"sd","14:15:04",2406900
67500,-600,5000,"bu","14:15:10",2411900
67500,-600,8700,"sd","14:15:29",2420600
67500,-600,400,"sd","14:15:32",2421000
67600,-500,3000,"sd","14:15:35",2424000
67500,-600,800,"sd","14:15:43",2424800
67600,-500,200,"sd","14:15:50",2425000
67600,-500,1200,"sd","14:15:55",2426200
67600,-500,100,"sd","14:16:04",2426300
67600,-500,5000,"bu","14:16:07",2431300
67600,-500,600,"bu","14:16:09",2431900
67500,-600,1400,"bu","14:16:15",2433300
67600,-500,1100,"sd","14:16:38",2434400
67500,-600,500,"sd","14:16:41",2434900
67500,-600,1400,"bu","14:16:48",2436300
67500,-600,2000,"bu","14:16:53",2438300
67600,-500,100,"sd","14:17:14",2438400
67500,-600,300,"bu","14:17:16",2438700
67500,-600,1400,"bu","14:17:19",2440100
67500,-600,13200,"bu","14:17:33",2453300
67600,-500,2500,"sd","14:17:36",2455800
67500,-600,10000,"sd","14:17:38",2465800
67600,-500,2000,"bu","14:17:43",2467800
67600,-500,1000,"bu","14:17:46",2468800
67600,-500,100,"sd","14:17:53",2468900
67500,-600,1400,"bu","14:17:56",2470300
67500,-600,2400,"bu","14:18:00",2472700
67600,-500,1300,"bu","14:18:03",2474000
67600,-500,1200,"bu","14:18:12",2475200
67600,-500,2700,"sd","14:18:15",2477900
67500,-600,1400,"sd","14:18:18",2479300
67500,-600,2000,"bu","14:18:21",2481300
67500,-600,1700,"bu","14:18:24",2483000
67500,-600,1400,"sd","14:18:38",2484400
67600,-500,2900,"bu","14:18:41",2487300
67600,-500,100,"sd","14:18:47",2487400
67500,-600,1400,"sd","14:18:56",2488800
67600,-500,1500,"sd","14:18:59",2490300
67500,-600,1500,"bu","14:19:05",2491800
67500,-600,3500,"sd","14:19:10",2495300
67500,-600,2400,"sd","14:19:28",2497700
67500,-600,7700,"sd","14:19:32",2505400
67500,-600,300,"sd","14:19:35",2505700
67600,-500,3100,"sd","14:19:45",2508800
67500,-600,500,"sd","14:19:48",2509300
67500,-600,51000,"sd","14:19:56",2560300
67500,-600,3200,"sd","14:19:59",2563500
67500,-600,12300,"sd","14:20:01",2575800
67500,-600,18500,"sd","14:20:10",2594300
67500,-600,800,"bu","14:20:14",2595100
67600,-500,3400,"bu","14:20:16",2598500
67500,-600,300,"bu","14:20:24",2598800
67500,-600,1400,"bu","14:20:32",2600200
67500,-600,900,"bu","14:20:35",2601100
67600,-500,300,"sd","14:20:37",2601400
67500,-600,2300,"bu","14:20:51",2603700
67600,-500,300,"sd","14:20:57",2604000
67500,-600,2000,"sd","14:21:05",2606000
67500,-600,300,"sd","14:21:20",2606300
67500,-600,3400,"bu","14:21:22",2609700
67500,-600,4100,"sd","14:21:25",2613800
67500,-600,2100,"sd","14:21:30",2615900
67400,-700,5500,"sd","14:21:42",2621400
67500,-600,300,"sd","14:21:45",2621700
67500,-600,900,"sd","14:21:51",2622600
67500,-600,100,"sd","14:21:53",2622700
67500,-600,300,"sd","14:22:00",2623000
67500,-600,100,"sd","14:22:03",2623100
67500,-600,300,"bu","14:22:08",2623400
67500,-600,2500,"bu","14:22:11",2625900
67600,-500,6900,"bu","14:22:22",2632800
67600,-500,1000,"bu","14:22:28",2633800
67600,-500,700,"bu","14:22:30",2634500
67600,-500,100,"bu","14:22:38",2634600
67500,-600,1400,"sd","14:22:44",2636000
67600,-500,1000,"bu","14:22:55",2637000
67500,-600,2500,"sd","14:23:08",2639500
67600,-500,400,"bu","14:23:11",2639900
67500,-600,1400,"bu","14:23:14",2641300
67500,-600,1000,"sd","14:23:23",2642300
67500,-600,1000,"bu","14:23:36",2643300
67600,-500,800,"bu","14:23:38",2644100
67600,-500,100,"sd","14:23:41",2644200
67500,-600,500,"bu","14:23:44",2644700
67500,-600,1300,"sd","14:23:47",2646000
67600,-500,600,"bu","14:24:04",2646600
67600,-500,100,"sd","14:24:10",2646700
67500,-600,1500,"bu","14:24:19",2648200
67600,-500,700,"sd","14:24:46",2648900
67500,-600,1300,"sd","14:24:52",2650200
67600,-500,2700,"bu","14:25:10",2652900
67600,-500,100,"sd","14:25:20",2653000
67500,-600,1700,"bu","14:25:24",2654700
67600,-500,15000,"sd","14:25:31",2669700
67500,-600,1000,"sd","14:25:35",2670700
67500,-600,8000,"bu","14:25:41",2678700
67600,-500,200,"bu","14:25:51",2678900
67600,-500,700,"bu","14:25:53",2679600
67500,-600,1300,"bu","14:25:56",2680900
67500,-600,2800,"sd","14:26:01",2683700
67600,-500,600,"sd","14:26:26",2684300
67500,-600,11400,"bu","14:26:29",2695700
67600,-500,100,"bu","14:26:31",2695800
67600,-500,1000,"sd","14:26:40",2696800
67600,-500,100,"bu","14:26:43",2696900
67600,-500,900,"bu","14:26:58",2697800
67500,-600,1500,"bu","14:27:02",2699300
67500,-600,5500,"sd","14:27:04",2704800
67600,-500,14000,"bu","14:27:13",2718800
67600,-500,3200,"bu","14:27:19",2722000
67600,-500,1000,"sd","14:27:27",2723000
67600,-500,10100,"bu","14:27:30",2733100
67500,-600,1300,"sd","14:27:33",2734400
67600,-500,300,"bu","14:27:36",2734700
67600,-500,3000,"bu","14:27:41",2737700
67600,-500,700,"sd","14:27:44",2738400
67700,-400,4500,"sd","14:27:50",2742900
67700,-400,100,"sd","14:28:03",2743000
67800,-300,4700,"bu","14:28:17",2747700
67800,-300,36100,"sd","14:28:39",2783800
67700,-400,20000,"bu","14:28:45",2803800
67800,-300,1000,"sd","14:29:16",2804800
67700,-400,800,"sd","14:29:19",2805600
67600,-500,600,"bu","14:29:25",2806200
67700,-400,300,"bu","14:29:35",2806500
67800,-300,300,"sd","14:29:52",2806800
67500,-600,199800,"bu","14:45:16",3006600
