"Stockcode","Package","TradingDate","Price","Vol","TotalVol","TotalVal","Change","IsBuy","PerChange"
"CMS",144513,"/Date(1704872701000)/",18800,8700,368029,6917198800,-300,false,-1.57
"CMS",142954,"/Date(1704871794000)/",18700,3000,359329,6753638800,-400,true,-2.09
"CMS",142951,"/Date(1704871791000)/",18800,800,356329,6697538800,-300,false,-1.57
"CMS",142950,"/Date(1704871790000)/",18800,300,355529,6682498800,-300,false,-1.57
"CMS",142818,"/Date(1704871698000)/",18700,500,355229,6676858800,-400,true,-2.09
"CMS",142639,"/Date(1704871599000)/",18700,1000,354729,6667508800,-400,true,-2.09
"CMS",142555,"/Date(1704871555000)/",18800,300,353729,6648808800,-300,false,-1.57
"CMS",142408,"/Date(1704871449000)/",18700,500,353429,6643168800,-400,true,-2.09
"CMS",142353,"/Date(1704871434000)/",18800,100,352929,6633818800,-300,false,-1.57
"CMS",142343,"/Date(1704871424000)/",18800,200,352829,6631938800,-300,false,-1.57
"CMS",142216,"/Date(1704871337000)/",18800,200,352629,6628178800,-300,false,-1.57
"CMS",141856,"/Date(1704871136000)/",18800,100,352429,6624418800,-300,false,-1.57
"CMS",141726,"/Date(1704871047000)/",18800,2100,352329,6622538800,-300,true,-1.57
"CMS",141627,"/Date(1704870988000)/",18900,100,350229,6583058800,-200,false,-1.05
"CMS",141559,"/Date(1704870960000)/",18900,100,350129,6581168800,-200,false,-1.05
"CMS",141552,"/Date(1704870953000)/",18900,100,350029,6579278800,-200,false,-1.05
"CMS",141252,"/Date(1704870772000)/",18900,700,349929,6577388800,-200,true,-1.05
"CMS",141238,"/Date(1704870758000)/",18900,300,349229,6564158800,-200,false,-1.05
"CMS",141215,"/Date(1704870735000)/",18900,100,348929,6558488800,-200,false,-1.05
"CMS",141152,"/Date(1704870712000)/",18900,1600,348829,6556598800,-200,false,-1.05
"CMS",140834,"/Date(1704870514000)/",18900,200,347229,6526358800,-200,false,-1.05
"CMS",140752,"/Date(1704870472000)/",18900,200,347029,6522578800,-200,false,-1.05
"CMS",140532,"/Date(1704870332000)/",18900,100,346829,6518798800,-200,false,-1.05
"CMS",140224,"/Date(1704870144000)/",18900,200,346729,6516908800,-200,false,-1.05
"CMS",135841,"/Date(1704869921000)/",18800,4900,346529,6513128800,-300,false,-1.57
"CMS",135616,"/Date(1704869776000)/",18800,2000,341629,6421008800,-300,false,-1.57
"CMS",135558,"/Date(1704869758000)/",18800,1000,339629,6383408800,-300,false,-1.57
"CMS",135530,"/Date(1704869730000)/",18800,1000,338629,6364608800,-300,false,-1.57
"CMS",135303,"/Date(1704869583000)/",18800,200,337629,6345808800,-300,false,-1.57
"CMS",135003,"/Date(1704869403000)/",18800,1000,337429,6342048800,-300,false,-1.57
"CMS",134950,"/Date(1704869390000)/",18800,500,336429,6323248800,-300,false,-1.57
"CMS",134757,"/Date(1704869277000)/",18800,100,335929,6313848800,-300,false,-1.57
"CMS",134747,"/Date(1704869267000)/",18800,1000,335829,6311968800,-300,false,-1.57
"CMS",134437,"/Date(1704869077000)/",18800,500,334829,6293168800,-300,false,-1.57
"CMS",134342,"/Date(1704869022000)/",18800,200,334329,6283768800,-300,false,-1.57
"CMS",134234,"/Date(1704868954000)/",18700,1500,334129,6280008800,-400,true,-2.09
"CMS",134142,"/Date(1704868902000)/",18800,400,332629,6251958800,-300,false,-1.57
"CMS",134009,"/Date(1704868809000)/",18800,100,332229,6244438800,-300,false,-1.57
"CMS",134007,"/Date(1704868807000)/",18800,47,332129,6242558800,-300,false,-1.57
"CMS",133958,"/Date(1704868798000)/",18800,100,332082,6241665800,-300,false,-1.57
"CMS",133832,"/Date(1704868712000)/",18700,1000,331982,6239785800,-400,true,-2.09
"CMS",133022,"/Date(1704868222000)/",18600,1,330982,6221085800,-500,true,-2.62
"CMS",132717,"/Date(1704868037000)/",18600,3200,330981,6221066800,-500,true,-2.62
"CMS",132710,"/Date(1704868030000)/",18700,500,327781,6161546800,-400,false,-2.09
"CMS",132632,"/Date(1704867992000)/",18700,2000,327281,6152196800,-400,false,-2.09
"CMS",132611,"/Date(1704867971000)/",18600,1100,325281,6114796800,-500,true,-2.62
"CMS",132605,"/Date(1704867965000)/",18600,16,324181,6094336800,-500,true,-2.62
"CMS",132537,"/Date(1704867937000)/",18600,100,324165,6094032800,-500,true,-2.62
"CMS",132322,"/Date(1704867802000)/",18700,1000,324065,6092172800,-400,false,-2.09
"CMS",132316,"/Date(1704867796000)/",18700,1000,323065,6073472800,-400,true,-2.09
"CMS",132307,"/Date(1704867787000)/",18700,500,322065,6054772800,-400,true,-2.09
"CMS",132207,"/Date(1704867727000)/",18700,500,321565,6045422800,-400,true,-2.09
"CMS",131934,"/Date(1704867575000)/",18700,2000,321065,6036072800,-400,true,-2.09
"CMS",131753,"/Date(1704867473000)/",18700,1000,319065,5998672800,-400,true,-2.09
"CMS",131732,"/Date(1704867452000)/",18700,1000,318065,5979972800,-400,true,-2.09
"CMS",131656,"/Date(1704867416000)/",18700,100,317065,5961272800,-400,true,-2.09
"CMS",131542,"/Date(1704867342000)/",18700,1500,316965,5959402800,-400,true,-2.09
"CMS",131418,"/Date(1704867257000)/",18700,500,315465,5931352800,-400,true,-2.09
"CMS",130804,"/Date(1704866884000)/",18700,100,314965,5922002800,-400,true,-2.09
"CMS",130744,"/Date(1704866864000)/",18700,500,314865,5920132800,-400,true,-2.09
"CMS",130644,"/Date(1704866804000)/",18700,1000,314365,5910782800,-400,true,-2.09
"CMS",130033,"/Date(1704866406000)/",18700,2000,313365,5892082800,-400,true,-2.09
"CMS",130029,"/Date(1704866405000)/",18700,4000,311365,5854682800,-400,true,-2.09
"CMS",130023,"/Date(1704866403000)/",18800,700,307365,5779882800,-300,false,-1.57
"CMS",112925,"/Date(1704860964000)/",18700,2800,306665,5766742800,-400,false,-2.09
"CMS",112912,"/Date(1704860951000)/",18700,4600,303865,5714382800,-400,false,-2.09
"CMS",112859,"/Date(1704860938000)/",18800,400,299265,5628362800,-300,false,-1.57
"CMS",112833,"/Date(1704860912000)/",18700,1500,298865,5620842800,-400,true,-2.09
"CMS",112800,"/Date(1704860878000)/",18700,3000,297365,5592792800,-400,true,-2.09
"CMS",112526,"/Date(1704860725000)/",18700,1000,294365,5536692800,-400,true,-2.09
"CMS",112347,"/Date(1704860626000)/",18800,100,293365,5517992800,-300,false,-1.57
"CMS",112243,"/Date(1704860563000)/",18800,500,293265,5516112800,-300,false,-1.57
"CMS",111548,"/Date(1704860148000)/",18900,300,292765,5506712800,-200,false,-1.05
"CMS",111437,"/Date(1704860077000)/",18500,3900,292465,5501042800,-600,true,-3.14
"CMS",111411,"/Date(1704860051000)/",18600,29600,288565,5428832800,-500,true,-2.62
"CMS",111345,"/Date(1704860025000)/",18700,300,258965,4878272800,-400,true,-2.09
"CMS",111236,"/Date(1704859956000)/",18700,40700,258665,4872662800,-400,true,-2.09
"CMS",111219,"/Date(1704859939000)/",18800,2200,217965,4111572800,-300,true,-1.57
"CMS",111015,"/Date(1704859815000)/",18800,200,215765,4070212800,-300,false,-1.57
"CMS",110902,"/Date(1704859742000)/",18800,3100,215565,4066452800,-300,false,-1.57
"CMS",110850,"/Date(1704859730000)/",18900,100,212465,4008172800,-200,false,-1.05
"CMS",110122,"/Date(1704859282000)/",18800,200,212365,4006282800,-300,true,-1.57
"CMS",110104,"/Date(1704859264000)/",18800,700,212165,4002522800,-300,false,-1.57
"CMS",110022,"/Date(1704859222000)/",18800,1600,211465,3989362800,-300,true,-1.57
"CMS",105911,"/Date(1704859151000)/",18800,500,209865,3959282800,-300,true,-1.57
"CMS",105847,"/Date(1704859127000)/",18800,8000,209365,3949882800,-300,true,-1.57
"CMS",105144,"/Date(1704858704000)/",18900,300,201365,3799482800,-200,false,-1.05
"CMS",104931,"/Date(1704858571000)/",18800,400,201065,3793812800,-300,true,-1.57
"CMS",104839,"/Date(1704858519000)/",18800,400,200665,3786292800,-300,false,-1.57
"CMS",104759,"/Date(1704858479000)/",18800,100,200265,3778772800,-300,false,-1.57
"CMS",104656,"/Date(1704858416000)/",18800,16800,200165,3776892800,-300,false,-1.57
"CMS",104655,"/Date(1704858415000)/",18800,500,183365,3461052800,-300,true,-1.57
"CMS",103937,"/Date(1704857977000)/",18900,100,182865,3451652800,-200,false,-1.05
"CMS",103741,"/Date(1704857861000)/",18900,2000,182765,3449762800,-200,false,-1.05
"CMS",103519,"/Date(1704857719000)/",18900,100,180765,3411962800,-200,false,-1.05
"CMS",103300,"/Date(1704857580000)/",18800,700,180665,3410072800,-300,true,-1.57
"CMS",103141,"/Date(1704857501000)/",18700,2000,179965,3396912800,-400,false,-2.09
"CMS",103133,"/Date(1704857494000)/",18700,200,177965,3359512800,-400,false,-2.09
"CMS",103130,"/Date(1704857491000)/",18700,200,177765,3355772800,-400,false,-2.09
"CMS",103126,"/Date(1704857486000)/",18700,2000,177565,3352032800,-400,false,-2.09
"CMS",103108,"/Date(1704857469000)/",18700,25700,175565,3314632800,-400,true,-2.09
"CMS",103100,"/Date(1704857460000)/",18700,1000,149865,2834022800,-400,true,-2.09
"CMS",103045,"/Date(1704857444000)/",18800,5200,148865,2815322800,-300,true,-1.57
"CMS",103029,"/Date(1704857428000)/",18800,100,143665,2717562800,-300,true,-1.57
"CMS",102707,"/Date(1704857226000)/",18800,100,143565,2715682800,-300,true,-1.57
"CMS",102616,"/Date(1704857176000)/",18800,2500,143465,2713802800,-300,true,-1.57
"CMS",102004,"/Date(1704856804000)/",18900,1000,140965,2666802800,-200,false,-1.05
"CMS",101933,"/Date(1704856773000)/",18800,200,139965,2647902800,-300,true,-1.57
"CMS",101917,"/Date(1704856757000)/",18800,500,139765,2644142800,-300,true,-1.57
"CMS",101833,"/Date(1704856713000)/",18900,3000,139265,2634742800,-200,false,-1.05
"CMS",101627,"/Date(1704856587000)/",18800,1100,136265,2578042800,-300,false,-1.57
"CMS",101604,"/Date(1704856564000)/",18800,100,135165,2557362800,-300,false,-1.57
"CMS",101600,"/Date(1704856560000)/",18800,1800,135065,2555482800,-300,true,-1.57
"CMS",101456,"/Date(1704856496000)/",18800,100,133265,2521642800,-300,false,-1.57
"CMS",101454,"/Date(1704856494000)/",18800,15800,133165,2519762800,-300,true,-1.57
"CMS",101322,"/Date(1704856402000)/",18900,1200,117365,2222722800,-200,false,-1.05
"CMS",101309,"/Date(1704856389000)/",18800,1500,116165,2200042800,-300,true,-1.57
"CMS",101214,"/Date(1704856334000)/",18800,2800,114665,2171842800,-300,true,-1.57
"CMS",101209,"/Date(1704856329000)/",18800,2400,111865,2119202800,-300,true,-1.57
"CMS",101058,"/Date(1704856258000)/",18800,4700,109465,2074082800,-300,false,-1.57
"CMS",100929,"/Date(1704856169000)/",18800,2000,104765,1985722800,-300,false,-1.57
"CMS",100909,"/Date(1704856149000)/",18700,4000,102765,1948122800,-400,true,-2.09
"CMS",100827,"/Date(1704856107000)/",18800,6300,98765,1873082800,-300,true,-1.57
"CMS",100804,"/Date(1704856084000)/",18900,500,92465,1754642800,-200,false,-1.05
"CMS",100803,"/Date(1704856083000)/",18900,1000,91965,1745192800,-200,false,-1.05
"CMS",100744,"/Date(1704856064000)/",18900,500,90965,1726292800,-200,false,-1.05
"CMS",100741,"/Date(1704856061000)/",18900,54,90465,1716842800,-200,false,-1.05
"CMS",100657,"/Date(1704856017000)/",18900,1700,90411,1715811400,-200,true,-1.05
"CMS",100651,"/Date(1704856011000)/",19000,500,88711,1683681400,-100,false,-0.52
"CMS",100609,"/Date(1704855969000)/",18900,2000,88211,1674181400,-200,true,-1.05
"CMS",100350,"/Date(1704855830000)/",18900,200,86211,1636381400,-200,false,-1.05
"CMS",100326,"/Date(1704855806000)/",18900,1800,86011,1632601400,-200,true,-1.05
"CMS",100208,"/Date(1704855728000)/",18900,1200,84211,1598581400,-200,true,-1.05
"CMS",100207,"/Date(1704855727000)/",18900,800,83011,1575901400,-200,false,-1.05
"CMS",100155,"/Date(1704855715000)/",18900,1200,82211,1560781400,-200,true,-1.05
"CMS",100143,"/Date(1704855703000)/",18900,100,81011,1538101400,-200,false,-1.05
"CMS",100140,"/Date(1704855700000)/",18800,4000,80911,1536211400,-300,true,-1.57
"CMS",100107,"/Date(1704855667000)/",18900,100,76911,1461011400,-200,false,-1.05
"CMS",100047,"/Date(1704855647000)/",18900,1000,76811,1459121400,-200,false,-1.05
"CMS",100025,"/Date(1704855625000)/",18900,1000,75811,1440221400,-200,false,-1.05
"CMS",95950,"/Date(1704855590000)/",18900,11500,74811,1421321400,-200,true,-1.05
"CMS",95815,"/Date(1704855495000)/",19000,1900,63311,1203971400,-100,true,-0.52
"CMS",95732,"/Date(1704855452000)/",19000,1600,61411,1167871400,-100,true,-0.52
"CMS",95618,"/Date(1704855378000)/",19000,200,59811,1137471400,-100,true,-0.52
"CMS",95446,"/Date(1704855286000)/",19000,100,59611,1133671400,-100,true,-0.52
"CMS",95359,"/Date(1704855239000)/",19000,3300,59511,1131771400,-100,true,-0.52
"CMS",95155,"/Date(1704855115000)/",19000,4000,56211,1069071400,-100,false,-0.52
"CMS",94426,"/Date(1704854667000)/",19000,400,52211,993071400,-100,false,-0.52
"CMS",94253,"/Date(1704854573000)/",19000,1000,51811,985471400,-100,false,-0.52
"CMS",94242,"/Date(1704854562000)/",19000,1000,50811,966471400,-100,false,-0.52
"CMS",94154,"/Date(1704854514000)/",19000,2000,49811,947471400,-100,false,-0.52
"CMS",94036,"/Date(1704854436000)/",18900,500,47811,909471400,-200,true,-1.05
"CMS",94029,"/Date(1704854429000)/",19000,100,47311,900021400,-100,false,-0.52
"CMS",94021,"/Date(1704854421000)/",19000,2000,47211,898121400,-100,false,-0.52
"CMS",93929,"/Date(1704854369000)/",18900,1300,45211,860121400,-200,true,-1.05
"CMS",93718,"/Date(1704854238000)/",18900,100,43911,835551400,-200,true,-1.05
"CMS",93522,"/Date(1704854122000)/",19000,100,43811,833661400,-100,false,-0.52
"CMS",93358,"/Date(1704854038000)/",19000,1000,43711,831761400,-100,false,-0.52
"CMS",93255,"/Date(1704853975000)/",19000,3000,42711,812761400,-100,false,-0.52
"CMS",93208,"/Date(1704853928000)/",19000,27000,39711,755761400,-100,false,-0.52
"CMS",92446,"/Date(1704853486000)/",19100,1500,12711,242761400,0,false,0
"CMS",92134,"/Date(1704853294000)/",19100,3600,11211,214111400,0,true,0
"CMS",92014,"/Date(1704853214000)/",19100,400,7611,145351400,0,true,0
"CMS",91913,"/Date(1704853153000)/",19100,600,7211,137711400,0,true,0
"CMS",91859,"/Date(1704853139000)/",19100,100,6611,126251400,0,true,0
"CMS",91749,"/Date(1704853069000)/",19100,11,6511,124341400,0,true,0
"CMS",91745,"/Date(1704853065000)/",19100,500,6500,124150000,0,true,0
"CMS",91739,"/Date(1704853059000)/",19100,1000,6000,114600000,0,true,0
"CMS",91042,"/Date(1704852642000)/",19100,100,5000,95500000,0,true,0
"CMS",91020,"/Date(1704852620000)/",19100,600,4900,93590000,0,true,0
"CMS",91005,"/Date(1704852605000)/",19100,1000,4300,82130000,0,true,0
"CMS",90816,"/Date(1704852497000)/",19100,200,3300,63030000,0,true,0
"CMS",90656,"/Date(1704852416000)/",19100,100,3100,59210000,0,true,0
"CMS",90531,"/Date(1704852332000)/",19100,2900,3000,57300000,0,false,0
"CMS",90247,"/Date(1704852168000)/",19100,100,100,1910000,0,false,0
