"Stockcode","Package","TradingDate","Price","Vol","TotalVol","TotalVal","Change","IsBuy","PerChange"
"GEX",144409,"/Date(1704872701000)/",22150,576900,15559600,344942000000,-300,false,-1.34
"GEX",142904,"/Date(1704871798000)/",22100,100,14982700,332164000000,-350,false,-1.56
"GEX",142904,"/Date(1704871798000)/",22050,300,14982600,332162000000,-400,true,-1.78
"GEX",142904,"/Date(1704871798000)/",22050,200,14982300,332155000000,-400,true,-1.78
"GEX",142904,"/Date(1704871798000)/",22050,5000,14982100,332151000000,-400,true,-1.78
"GEX",142904,"/Date(1704871798000)/",22050,200,14977100,332040000000,-400,true,-1.78
"GEX",142904,"/Date(1704871798000)/",22050,400,14976900,332036000000,-400,true,-1.78
"GEX",142904,"/Date(1704871798000)/",22050,5000,14976500,332027000000,-400,true,-1.78
"GEX",142904,"/Date(1704871798000)/",22050,2300,14971500,331917000000,-400,true,-1.78
"GEX",142904,"/Date(1704871798000)/",22050,100,14969200,331866000000,-400,true,-1.78
"GEX",142904,"/Date(1704871798000)/",22050,9000,14969100,331864000000,-400,true,-1.78
"GEX",142904,"/Date(1704871798000)/",22050,400,14960100,331666000000,-400,true,-1.78
"GEX",142904,"/Date(1704871798000)/",22050,500,14959700,331657000000,-400,true,-1.78
"GEX",142904,"/Date(1704871798000)/",22050,6600,14959200,331646000000,-400,true,-1.78
"GEX",142904,"/Date(1704871796000)/",22100,1000,14952600,331500000000,-350,false,-1.56
"GEX",142901,"/Date(1704871793000)/",22050,400,14951600,331478000000,-400,true,-1.78
"GEX",142901,"/Date(1704871793000)/",22050,500,14951200,331469000000,-400,true,-1.78
"GEX",142901,"/Date(1704871793000)/",22050,1000,14950700,331458000000,-400,true,-1.78
"GEX",142858,"/Date(1704871792000)/",22100,200,14949700,331436000000,-350,false,-1.56
"GEX",142855,"/Date(1704871789000)/",22100,1000,14949500,331432000000,-350,false,-1.56
"GEX",142855,"/Date(1704871789000)/",22100,1000,14948500,331410000000,-350,false,-1.56
"GEX",142855,"/Date(1704871789000)/",22050,100,14947500,331388000000,-400,true,-1.78
"GEX",142855,"/Date(1704871787000)/",22100,1800,14947400,331385000000,-350,false,-1.56
"GEX",142855,"/Date(1704871787000)/",22100,3900,14945600,331346000000,-350,false,-1.56
"GEX",142855,"/Date(1704871786000)/",22100,500,14941700,331259000000,-350,false,-1.56
"GEX",142851,"/Date(1704871786000)/",22100,5000,14941200,331248000000,-350,false,-1.56
"GEX",142845,"/Date(1704871780000)/",22100,5000,14936200,331138000000,-350,false,-1.56
"GEX",142845,"/Date(1704871778000)/",22100,800,14931200,331027000000,-350,false,-1.56
"GEX",142845,"/Date(1704871778000)/",22100,500,14930400,331010000000,-350,false,-1.56
"GEX",142842,"/Date(1704871775000)/",22100,300,14929900,330999000000,-350,false,-1.56
"GEX",142838,"/Date(1704871773000)/",22100,200,14929600,330992000000,-350,false,-1.56
"GEX",142838,"/Date(1704871771000)/",22100,2000,14929400,330988000000,-350,false,-1.56
"GEX",142835,"/Date(1704871770000)/",22100,5000,14927400,330943000000,-350,false,-1.56
"GEX",142832,"/Date(1704871764000)/",22100,1000,14922400,330833000000,-350,false,-1.56
"GEX",142829,"/Date(1704871763000)/",22100,10000,14921400,330811000000,-350,false,-1.56
"GEX",142826,"/Date(1704871759000)/",22100,2100,14911400,330590000000,-350,false,-1.56
"GEX",142822,"/Date(1704871756000)/",22100,500,14909300,330543000000,-350,false,-1.56
"GEX",142822,"/Date(1704871756000)/",22100,1200,14908800,330532000000,-350,false,-1.56
"GEX",142819,"/Date(1704871751000)/",22100,1000,14907600,330506000000,-350,false,-1.56
"GEX",142816,"/Date(1704871749000)/",22100,1000,14906600,330484000000,-350,false,-1.56
"GEX",142813,"/Date(1704871747000)/",22100,100,14905600,330462000000,-350,false,-1.56
"GEX",142810,"/Date(1704871744000)/",22100,100,14905500,330459000000,-350,false,-1.56
"GEX",142806,"/Date(1704871740000)/",22100,1000,14905400,330457000000,-350,false,-1.56
"GEX",142806,"/Date(1704871740000)/",22100,500,14904400,330435000000,-350,false,-1.56
"GEX",142806,"/Date(1704871740000)/",22100,1500,14903900,330424000000,-350,false,-1.56
"GEX",142806,"/Date(1704871740000)/",22100,500,14902400,330391000000,-350,false,-1.56
"GEX",142806,"/Date(1704871740000)/",22100,25000,14901900,330380000000,-350,false,-1.56
"GEX",142806,"/Date(1704871740000)/",22100,4800,14876900,329827000000,-350,false,-1.56
"GEX",142806,"/Date(1704871739000)/",22150,200,14872100,329721000000,-300,false,-1.34
"GEX",142803,"/Date(1704871736000)/",22100,200,14871900,329717000000,-350,true,-1.56
"GEX",142803,"/Date(1704871736000)/",22100,100,14871700,329712000000,-350,true,-1.56
"GEX",142803,"/Date(1704871736000)/",22100,200,14871600,329710000000,-350,true,-1.56
"GEX",142803,"/Date(1704871736000)/",22100,500,14871400,329706000000,-350,true,-1.56
"GEX",142741,"/Date(1704871715000)/",22100,500,14870900,329695000000,-350,true,-1.56
"GEX",142741,"/Date(1704871715000)/",22100,1000,14870400,329684000000,-350,true,-1.56
"GEX",142741,"/Date(1704871715000)/",22100,500,14869400,329662000000,-350,true,-1.56
"GEX",142741,"/Date(1704871715000)/",22100,300,14868900,329651000000,-350,true,-1.56
"GEX",142741,"/Date(1704871715000)/",22100,100,14868600,329644000000,-350,true,-1.56
"GEX",142741,"/Date(1704871715000)/",22100,300,14868500,329642000000,-350,true,-1.56
"GEX",142741,"/Date(1704871715000)/",22100,100,14868200,329635000000,-350,true,-1.56
"GEX",142738,"/Date(1704871712000)/",22150,700,14868100,329633000000,-300,false,-1.34
"GEX",142738,"/Date(1704871712000)/",22150,500,14867400,329617000000,-300,false,-1.34
"GEX",142738,"/Date(1704871712000)/",22150,300,14866900,329606000000,-300,false,-1.34
"GEX",142738,"/Date(1704871712000)/",22150,100,14866600,329600000000,-300,false,-1.34
"GEX",142738,"/Date(1704871712000)/",22150,400,14866500,329597000000,-300,false,-1.34
"GEX",142738,"/Date(1704871712000)/",22150,100,14866100,329589000000,-300,false,-1.34
"GEX",142738,"/Date(1704871710000)/",22150,500,14866000,329586000000,-300,false,-1.34
"GEX",142738,"/Date(1704871710000)/",22150,500,14865500,329575000000,-300,false,-1.34
"GEX",142738,"/Date(1704871710000)/",22150,600,14865000,329564000000,-300,false,-1.34
"GEX",142738,"/Date(1704871710000)/",22150,300,14864400,329551000000,-300,false,-1.34
"GEX",142738,"/Date(1704871710000)/",22150,100,14864100,329544000000,-300,false,-1.34
"GEX",142718,"/Date(1704871691000)/",22150,1200,14864000,329542000000,-300,false,-1.34
"GEX",142718,"/Date(1704871691000)/",22150,500,14862800,329515000000,-300,false,-1.34
"GEX",142718,"/Date(1704871691000)/",22150,300,14862300,329504000000,-300,false,-1.34
"GEX",142706,"/Date(1704871679000)/",22100,3200,14862000,329498000000,-350,true,-1.56
"GEX",142656,"/Date(1704871668000)/",22100,300,14858800,329427000000,-350,true,-1.56
"GEX",142656,"/Date(1704871668000)/",22100,4900,14858500,329420000000,-350,true,-1.56
"GEX",142656,"/Date(1704871668000)/",22100,1000,14853600,329312000000,-350,true,-1.56
"GEX",142656,"/Date(1704871668000)/",22100,5000,14852600,329290000000,-350,true,-1.56
"GEX",142656,"/Date(1704871668000)/",22100,3000,14847600,329180000000,-350,true,-1.56
"GEX",142656,"/Date(1704871668000)/",22100,400,14844600,329113000000,-350,true,-1.56
"GEX",142656,"/Date(1704871668000)/",22100,200,14844200,329104000000,-350,true,-1.56
"GEX",142656,"/Date(1704871668000)/",22100,2000,14844000,329100000000,-350,true,-1.56
"GEX",142656,"/Date(1704871668000)/",22100,3000,14842000,329056000000,-350,true,-1.56
"GEX",142656,"/Date(1704871668000)/",22100,200,14839000,328989000000,-350,true,-1.56
"GEX",142656,"/Date(1704871668000)/",22100,900,14838800,328985000000,-350,true,-1.56
"GEX",142656,"/Date(1704871668000)/",22100,3000,14837900,328965000000,-350,true,-1.56
"GEX",142656,"/Date(1704871668000)/",22100,1000,14834900,328899000000,-350,true,-1.56
"GEX",142656,"/Date(1704871668000)/",22100,500,14833900,328877000000,-350,true,-1.56
"GEX",142656,"/Date(1704871668000)/",22100,300,14833400,328866000000,-350,true,-1.56
"GEX",142656,"/Date(1704871668000)/",22100,2000,14833100,328859000000,-350,true,-1.56
"GEX",142656,"/Date(1704871668000)/",22100,2000,14831100,328815000000,-350,true,-1.56
"GEX",142656,"/Date(1704871668000)/",22100,1800,14829100,328771000000,-350,true,-1.56
"GEX",142656,"/Date(1704871668000)/",22100,30000,14827300,328731000000,-350,true,-1.56
"GEX",142656,"/Date(1704871668000)/",22100,2000,14797300,328068000000,-350,true,-1.56
"GEX",142656,"/Date(1704871668000)/",22100,4000,14795300,328024000000,-350,true,-1.56
"GEX",142656,"/Date(1704871668000)/",22100,5000,14791300,327935000000,-350,true,-1.56
"GEX",142656,"/Date(1704871668000)/",22100,40000,14786300,327825000000,-350,true,-1.56
"GEX",142656,"/Date(1704871668000)/",22100,5000,14746300,326941000000,-350,true,-1.56
"GEX",142656,"/Date(1704871668000)/",22100,100,14741300,326830000000,-350,true,-1.56
"GEX",142656,"/Date(1704871668000)/",22100,3000,14741200,326828000000,-350,true,-1.56
"GEX",142656,"/Date(1704871668000)/",22100,5000,14738200,326762000000,-350,true,-1.56
"GEX",142656,"/Date(1704871668000)/",22100,10000,14733200,326651000000,-350,true,-1.56
"GEX",142656,"/Date(1704871668000)/",22100,3100,14723200,326430000000,-350,true,-1.56
"GEX",142656,"/Date(1704871668000)/",22050,100,14720100,326362000000,-400,true,-1.78
"GEX",142656,"/Date(1704871668000)/",22050,10000,14720000,326360000000,-400,true,-1.78
"GEX",142656,"/Date(1704871668000)/",22050,4000,14710000,326139000000,-400,true,-1.78
"GEX",142656,"/Date(1704871668000)/",22050,3000,14706000,326051000000,-400,true,-1.78
"GEX",142656,"/Date(1704871668000)/",22050,14000,14703000,325985000000,-400,true,-1.78
"GEX",142653,"/Date(1704871667000)/",22050,100,14689000,325676000000,-400,false,-1.78
"GEX",142653,"/Date(1704871666000)/",22050,200,14688900,325674000000,-400,false,-1.78
"GEX",142650,"/Date(1704871664000)/",22050,10000,14688700,325669000000,-400,false,-1.78
"GEX",142650,"/Date(1704871664000)/",22050,200,14678700,325449000000,-400,false,-1.78
"GEX",142650,"/Date(1704871662000)/",22050,100,14678500,325444000000,-400,false,-1.78
"GEX",142646,"/Date(1704871661000)/",22050,200,14678400,325442000000,-400,false,-1.78
"GEX",142646,"/Date(1704871661000)/",22050,200,14678200,325438000000,-400,false,-1.78
"GEX",142646,"/Date(1704871660000)/",22050,300,14678000,325433000000,-400,false,-1.78
"GEX",142646,"/Date(1704871659000)/",22050,10000,14677700,325427000000,-400,false,-1.78
"GEX",142643,"/Date(1704871656000)/",22050,500,14667700,325206000000,-400,false,-1.78
"GEX",142640,"/Date(1704871654000)/",22050,500,14667200,325195000000,-400,false,-1.78
"GEX",142640,"/Date(1704871652000)/",22050,200,14666700,325184000000,-400,false,-1.78
"GEX",142634,"/Date(1704871648000)/",22050,600,14666500,325180000000,-400,false,-1.78
"GEX",142634,"/Date(1704871647000)/",22050,200,14665900,325167000000,-400,false,-1.78
"GEX",142634,"/Date(1704871646000)/",22050,5000,14665700,325162000000,-400,false,-1.78
"GEX",142634,"/Date(1704871646000)/",22050,1000,14660700,325052000000,-400,false,-1.78
"GEX",142630,"/Date(1704871645000)/",22050,100,14659700,325030000000,-400,false,-1.78
"GEX",142630,"/Date(1704871643000)/",22050,3000,14659600,325028000000,-400,false,-1.78
"GEX",142630,"/Date(1704871643000)/",22050,1000,14656600,324962000000,-400,false,-1.78
"GEX",142630,"/Date(1704871642000)/",22050,1000,14655600,324940000000,-400,false,-1.78
"GEX",142627,"/Date(1704871642000)/",22050,200,14654600,324917000000,-400,false,-1.78
"GEX",142627,"/Date(1704871642000)/",22050,100,14654400,324913000000,-400,false,-1.78
"GEX",142627,"/Date(1704871641000)/",22050,2000,14654300,324911000000,-400,false,-1.78
"GEX",142624,"/Date(1704871639000)/",22050,100,14652300,324867000000,-400,true,-1.78
"GEX",142624,"/Date(1704871639000)/",22050,1000,14652200,324865000000,-400,true,-1.78
"GEX",142624,"/Date(1704871639000)/",22050,1000,14651200,324843000000,-400,true,-1.78
"GEX",142624,"/Date(1704871639000)/",22050,30000,14650200,324820000000,-400,true,-1.78
"GEX",142624,"/Date(1704871639000)/",22050,1000,14620200,324159000000,-400,true,-1.78
"GEX",142624,"/Date(1704871639000)/",22050,9200,14619200,324137000000,-400,true,-1.78
"GEX",142624,"/Date(1704871639000)/",22050,2000,14610000,323934000000,-400,true,-1.78
"GEX",142624,"/Date(1704871639000)/",22050,500,14608000,323890000000,-400,true,-1.78
"GEX",142624,"/Date(1704871639000)/",22050,2000,14607500,323879000000,-400,true,-1.78
"GEX",142624,"/Date(1704871639000)/",22050,2500,14605500,323835000000,-400,true,-1.78
"GEX",142621,"/Date(1704871633000)/",22050,1000,14603000,323780000000,-400,true,-1.78
"GEX",142608,"/Date(1704871623000)/",22050,600,14602000,323758000000,-400,false,-1.78
"GEX",142608,"/Date(1704871623000)/",22050,2800,14601400,323744000000,-400,false,-1.78
"GEX",142608,"/Date(1704871623000)/",22050,3000,14598600,323683000000,-400,false,-1.78
"GEX",142608,"/Date(1704871623000)/",22050,2500,14595600,323617000000,-400,false,-1.78
"GEX",142608,"/Date(1704871623000)/",22050,7600,14593100,323561000000,-400,false,-1.78
"GEX",142608,"/Date(1704871620000)/",22050,2000,14585500,323394000000,-400,false,-1.78
"GEX",142605,"/Date(1704871620000)/",22050,200,14583500,323350000000,-400,false,-1.78
"GEX",142601,"/Date(1704871616000)/",22050,200,14583300,323345000000,-400,false,-1.78
"GEX",142601,"/Date(1704871616000)/",22050,2000,14583100,323341000000,-400,false,-1.78
"GEX",142601,"/Date(1704871615000)/",22050,500,14581100,323297000000,-400,false,-1.78
"GEX",142601,"/Date(1704871615000)/",22050,200,14580600,323286000000,-400,false,-1.78
"GEX",142601,"/Date(1704871615000)/",22050,1000,14580400,323281000000,-400,false,-1.78
"GEX",142601,"/Date(1704871615000)/",22050,300,14579400,323259000000,-400,false,-1.78
"GEX",142601,"/Date(1704871614000)/",22050,100,14579100,323253000000,-400,false,-1.78
"GEX",142601,"/Date(1704871614000)/",22050,300,14579000,323251000000,-400,false,-1.78
"GEX",142558,"/Date(1704871612000)/",22050,1000,14578700,323244000000,-400,false,-1.78
"GEX",142558,"/Date(1704871611000)/",22050,200,14577700,323222000000,-400,false,-1.78
"GEX",142558,"/Date(1704871611000)/",22050,4400,14577500,323217000000,-400,false,-1.78
"GEX",142558,"/Date(1704871611000)/",22050,600,14573100,323120000000,-400,false,-1.78
"GEX",142558,"/Date(1704871611000)/",22050,500,14572500,323107000000,-400,false,-1.78
"GEX",142558,"/Date(1704871610000)/",22050,500,14572000,323096000000,-400,false,-1.78
"GEX",142558,"/Date(1704871610000)/",22050,3400,14571500,323085000000,-400,false,-1.78
"GEX",142558,"/Date(1704871610000)/",22050,1600,14568100,323010000000,-400,false,-1.78
"GEX",142555,"/Date(1704871609000)/",22050,100,14566500,322975000000,-400,false,-1.78
"GEX",142555,"/Date(1704871609000)/",22050,1300,14566400,322973000000,-400,false,-1.78
"GEX",142555,"/Date(1704871609000)/",22050,1700,14565100,322944000000,-400,false,-1.78
"GEX",142552,"/Date(1704871607000)/",22050,500,14563400,322907000000,-400,false,-1.78
"GEX",142552,"/Date(1704871606000)/",22050,5000,14562900,322896000000,-400,false,-1.78
"GEX",142552,"/Date(1704871605000)/",22050,500,14557900,322785000000,-400,false,-1.78
"GEX",142552,"/Date(1704871605000)/",22050,100,14557400,322774000000,-400,false,-1.78
"GEX",142552,"/Date(1704871605000)/",22050,600,14557300,322772000000,-400,false,-1.78
"GEX",142552,"/Date(1704871604000)/",22050,2000,14556700,322759000000,-400,false,-1.78
"GEX",142552,"/Date(1704871604000)/",22050,300,14554700,322715000000,-400,false,-1.78
"GEX",142549,"/Date(1704871603000)/",22050,5000,14554400,322708000000,-400,false,-1.78
"GEX",142549,"/Date(1704871602000)/",22050,5000,14549400,322598000000,-400,false,-1.78
"GEX",142549,"/Date(1704871602000)/",22050,800,14544400,322488000000,-400,false,-1.78
"GEX",142546,"/Date(1704871599000)/",22050,100,14543600,322470000000,-400,false,-1.78
"GEX",142542,"/Date(1704871597000)/",22050,1000,14543500,322468000000,-400,false,-1.78
"GEX",142536,"/Date(1704871588000)/",22050,500,14542500,322446000000,-400,false,-1.78
"GEX",142533,"/Date(1704871587000)/",22050,100,14542000,322435000000,-400,false,-1.78
"GEX",142533,"/Date(1704871585000)/",22050,10000,14541900,322432000000,-400,false,-1.78
"GEX",142530,"/Date(1704871584000)/",22000,1000,14531900,322212000000,-450,true,-2
"GEX",142530,"/Date(1704871583000)/",22050,1000,14530900,322190000000,-400,false,-1.78
"GEX",142526,"/Date(1704871580000)/",22050,200,14529900,322168000000,-400,false,-1.78
"GEX",142523,"/Date(1704871577000)/",22050,100,14529700,322163000000,-400,false,-1.78
"GEX",142523,"/Date(1704871575000)/",22050,1000,14529600,322161000000,-400,false,-1.78
"GEX",142520,"/Date(1704871573000)/",22050,500,14528600,322139000000,-400,false,-1.78
"GEX",142520,"/Date(1704871573000)/",22050,2000,14528100,322128000000,-400,false,-1.78
"GEX",142520,"/Date(1704871573000)/",22050,3000,14526100,322084000000,-400,false,-1.78
"GEX",142520,"/Date(1704871572000)/",22050,5000,14523100,322018000000,-400,false,-1.78
"GEX",142517,"/Date(1704871572000)/",22050,3700,14518100,321908000000,-400,false,-1.78
"GEX",142517,"/Date(1704871571000)/",22050,300,14514400,321826000000,-400,false,-1.78
"GEX",142517,"/Date(1704871571000)/",22050,9700,14514100,321820000000,-400,false,-1.78
"GEX",142517,"/Date(1704871571000)/",22050,2000,14504400,321606000000,-400,false,-1.78
"GEX",142517,"/Date(1704871570000)/",22050,100,14502400,321562000000,-400,false,-1.78
"GEX",142517,"/Date(1704871569000)/",22050,500,14502300,321559000000,-400,false,-1.78
"GEX",142513,"/Date(1704871568000)/",22050,2000,14501800,321548000000,-400,false,-1.78
"GEX",142510,"/Date(1704871564000)/",22050,100,14499800,321504000000,-400,false,-1.78
"GEX",142510,"/Date(1704871564000)/",22050,100,14499700,321502000000,-400,false,-1.78
"GEX",142510,"/Date(1704871564000)/",22050,1000,14499600,321500000000,-400,false,-1.78
"GEX",142510,"/Date(1704871564000)/",22050,2000,14498600,321478000000,-400,false,-1.78
"GEX",142510,"/Date(1704871564000)/",22050,800,14496600,321434000000,-400,false,-1.78
"GEX",142510,"/Date(1704871564000)/",22050,500,14495800,321416000000,-400,false,-1.78
"GEX",142510,"/Date(1704871564000)/",22050,100,14495300,321405000000,-400,false,-1.78
"GEX",142510,"/Date(1704871564000)/",22050,1000,14495200,321403000000,-400,false,-1.78
"GEX",142510,"/Date(1704871564000)/",22050,1000,14494200,321381000000,-400,false,-1.78
"GEX",142510,"/Date(1704871564000)/",22050,1000,14493200,321359000000,-400,false,-1.78
"GEX",142510,"/Date(1704871564000)/",22050,1000,14492200,321337000000,-400,false,-1.78
"GEX",142510,"/Date(1704871564000)/",22050,1500,14491200,321315000000,-400,false,-1.78
"GEX",142510,"/Date(1704871564000)/",22050,5000,14489700,321281000000,-400,false,-1.78
"GEX",142510,"/Date(1704871564000)/",22050,10000,14484700,321171000000,-400,false,-1.78
"GEX",142510,"/Date(1704871564000)/",22050,2600,14474700,320951000000,-400,false,-1.78
"GEX",142510,"/Date(1704871564000)/",22050,1400,14472100,320893000000,-400,false,-1.78
"GEX",142510,"/Date(1704871564000)/",22050,100,14470700,320863000000,-400,false,-1.78
"GEX",142510,"/Date(1704871564000)/",22050,500,14470600,320860000000,-400,false,-1.78
"GEX",142510,"/Date(1704871564000)/",22050,100,14470100,320849000000,-400,false,-1.78
"GEX",142510,"/Date(1704871564000)/",22050,100,14470000,320847000000,-400,false,-1.78
"GEX",142510,"/Date(1704871564000)/",22050,4000,14469900,320845000000,-400,false,-1.78
"GEX",142510,"/Date(1704871564000)/",22050,100,14465900,320757000000,-400,false,-1.78
"GEX",142510,"/Date(1704871564000)/",22050,10000,14465800,320754000000,-400,false,-1.78
"GEX",142510,"/Date(1704871564000)/",22050,2000,14455800,320534000000,-400,false,-1.78
"GEX",142510,"/Date(1704871564000)/",22050,1100,14453800,320490000000,-400,false,-1.78
"GEX",142510,"/Date(1704871564000)/",22050,1000,14452700,320466000000,-400,false,-1.78
"GEX",142510,"/Date(1704871564000)/",22050,5000,14451700,320444000000,-400,false,-1.78
"GEX",142510,"/Date(1704871564000)/",22050,1500,14446700,320333000000,-400,false,-1.78
"GEX",142510,"/Date(1704871563000)/",22050,600,14445200,320300000000,-400,false,-1.78
"GEX",142507,"/Date(1704871562000)/",22100,100,14444600,320287000000,-350,false,-1.56
"GEX",142507,"/Date(1704871562000)/",22100,100,14444500,320285000000,-350,false,-1.56
"GEX",142504,"/Date(1704871558000)/",22050,3000,14444400,320283000000,-400,true,-1.78
"GEX",142504,"/Date(1704871558000)/",22050,100,14441400,320216000000,-400,true,-1.78
"GEX",142504,"/Date(1704871558000)/",22050,2000,14441300,320214000000,-400,true,-1.78
"GEX",142504,"/Date(1704871558000)/",22050,1000,14439300,320170000000,-400,true,-1.78
"GEX",142504,"/Date(1704871558000)/",22050,500,14438300,320148000000,-400,true,-1.78
"GEX",142504,"/Date(1704871558000)/",22050,200,14437800,320137000000,-400,true,-1.78
"GEX",142504,"/Date(1704871558000)/",22050,3100,14437600,320133000000,-400,true,-1.78
"GEX",142501,"/Date(1704871553000)/",22050,700,14434500,320064000000,-400,true,-1.78
"GEX",142501,"/Date(1704871553000)/",22050,6200,14433800,320049000000,-400,true,-1.78
"GEX",142501,"/Date(1704871553000)/",22050,100,14427600,319912000000,-400,true,-1.78
"GEX",142501,"/Date(1704871553000)/",22050,1000,14427500,319910000000,-400,true,-1.78
"GEX",142501,"/Date(1704871553000)/",22050,1700,14426500,319888000000,-400,true,-1.78
"GEX",142457,"/Date(1704871552000)/",22050,200,14424800,319850000000,-400,true,-1.78
"GEX",142457,"/Date(1704871551000)/",22050,600,14424600,319846000000,-400,true,-1.78
"GEX",142454,"/Date(1704871548000)/",22100,100,14424000,319833000000,-350,false,-1.56
"GEX",142454,"/Date(1704871547000)/",22050,10000,14423900,319831000000,-400,true,-1.78
"GEX",142451,"/Date(1704871545000)/",22050,10000,14413900,319610000000,-400,true,-1.78
"GEX",142441,"/Date(1704871536000)/",22050,200,14403900,319390000000,-400,true,-1.78
"GEX",142441,"/Date(1704871534000)/",22050,200,14403700,319385000000,-400,true,-1.78
"GEX",142438,"/Date(1704871531000)/",22050,200,14403500,319381000000,-400,true,-1.78
"GEX",142438,"/Date(1704871531000)/",22050,6900,14403300,319376000000,-400,true,-1.78
"GEX",142438,"/Date(1704871531000)/",22050,1800,14396400,319224000000,-400,true,-1.78
"GEX",142438,"/Date(1704871531000)/",22050,700,14394600,319185000000,-400,true,-1.78
"GEX",142438,"/Date(1704871531000)/",22050,600,14393900,319169000000,-400,true,-1.78
"GEX",142435,"/Date(1704871529000)/",22050,400,14393300,319156000000,-400,true,-1.78
"GEX",142435,"/Date(1704871529000)/",22050,600,14392900,319147000000,-400,true,-1.78
"GEX",142435,"/Date(1704871528000)/",22100,300,14392300,319134000000,-350,false,-1.56
"GEX",142429,"/Date(1704871523000)/",22050,4400,14392000,319127000000,-400,true,-1.78
"GEX",142429,"/Date(1704871523000)/",22050,1000,14387600,319030000000,-400,true,-1.78
"GEX",142429,"/Date(1704871523000)/",22050,4600,14386600,319008000000,-400,true,-1.78
"GEX",142425,"/Date(1704871520000)/",22050,500,14382000,318907000000,-400,true,-1.78
"GEX",142422,"/Date(1704871517000)/",22050,3700,14381500,318896000000,-400,true,-1.78
"GEX",142422,"/Date(1704871514000)/",22050,100,14377800,318814000000,-400,true,-1.78
"GEX",142419,"/Date(1704871512000)/",22050,1000,14377700,318812000000,-400,true,-1.78
"GEX",142416,"/Date(1704871508000)/",22050,100,14376700,318790000000,-400,true,-1.78
"GEX",142416,"/Date(1704871508000)/",22050,200,14376600,318788000000,-400,true,-1.78
"GEX",142413,"/Date(1704871505000)/",22050,500,14376400,318783000000,-400,true,-1.78
"GEX",142413,"/Date(1704871505000)/",22050,100,14375900,318772000000,-400,true,-1.78
"GEX",142413,"/Date(1704871505000)/",22050,1000,14375800,318770000000,-400,true,-1.78
"GEX",142413,"/Date(1704871505000)/",22050,100,14374800,318748000000,-400,true,-1.78
"GEX",142413,"/Date(1704871505000)/",22050,500,14374700,318746000000,-400,true,-1.78
"GEX",142413,"/Date(1704871505000)/",22050,500,14374200,318735000000,-400,true,-1.78
"GEX",142413,"/Date(1704871505000)/",22050,300,14373700,318724000000,-400,true,-1.78
"GEX",142413,"/Date(1704871505000)/",22050,1000,14373400,318717000000,-400,true,-1.78
"GEX",142409,"/Date(1704871503000)/",22050,900,14372400,318695000000,-400,true,-1.78
"GEX",142409,"/Date(1704871502000)/",22050,3100,14371500,318675000000,-400,true,-1.78
"GEX",142409,"/Date(1704871502000)/",22050,3000,14368400,318607000000,-400,true,-1.78
"GEX",142409,"/Date(1704871502000)/",22050,500,14365400,318541000000,-400,true,-1.78
"GEX",142409,"/Date(1704871502000)/",22050,10000,14364900,318530000000,-400,true,-1.78
"GEX",142409,"/Date(1704871502000)/",22050,500,14354900,318309000000,-400,true,-1.78
"GEX",142409,"/Date(1704871502000)/",22050,1000,14354400,318298000000,-400,true,-1.78
"GEX",142409,"/Date(1704871502000)/",22050,100,14353400,318276000000,-400,true,-1.78
"GEX",142409,"/Date(1704871502000)/",22050,2000,14353300,318274000000,-400,true,-1.78
"GEX",142409,"/Date(1704871502000)/",22050,900,14351300,318230000000,-400,true,-1.78
"GEX",142341,"/Date(1704871474000)/",22050,4100,14350400,318210000000,-400,false,-1.78
"GEX",142337,"/Date(1704871472000)/",22050,1000,14346300,318119000000,-400,false,-1.78
"GEX",142337,"/Date(1704871472000)/",22050,1900,14345300,318097000000,-400,false,-1.78
"GEX",142337,"/Date(1704871472000)/",22050,100,14343400,318056000000,-400,false,-1.78
"GEX",142337,"/Date(1704871471000)/",22050,1000,14343300,318053000000,-400,false,-1.78
"GEX",142337,"/Date(1704871471000)/",22050,30000,14342300,318031000000,-400,false,-1.78
"GEX",142334,"/Date(1704871466000)/",22050,1000,14312300,317370000000,-400,false,-1.78
"GEX",142331,"/Date(1704871466000)/",22050,10000,14311300,317348000000,-400,false,-1.78
"GEX",142331,"/Date(1704871465000)/",22050,2000,14301300,317127000000,-400,false,-1.78
"GEX",142331,"/Date(1704871465000)/",22050,4000,14299300,317083000000,-400,false,-1.78
"GEX",142331,"/Date(1704871465000)/",22050,200,14295300,316995000000,-400,false,-1.78
"GEX",142331,"/Date(1704871465000)/",22050,1000,14295100,316991000000,-400,false,-1.78
"GEX",142331,"/Date(1704871465000)/",22050,500,14294100,316968000000,-400,false,-1.78
"GEX",142331,"/Date(1704871465000)/",22050,100,14293600,316957000000,-400,false,-1.78
"GEX",142331,"/Date(1704871465000)/",22050,100,14293500,316955000000,-400,false,-1.78
"GEX",142331,"/Date(1704871465000)/",22050,1900,14293400,316953000000,-400,false,-1.78
"GEX",142331,"/Date(1704871465000)/",22050,1200,14291500,316911000000,-400,false,-1.78
"GEX",142331,"/Date(1704871464000)/",22050,800,14290300,316885000000,-400,false,-1.78
"GEX",142331,"/Date(1704871464000)/",22050,200,14289500,316867000000,-400,false,-1.78
"GEX",142328,"/Date(1704871461000)/",22050,400,14289300,316863000000,-400,true,-1.78
"GEX",142328,"/Date(1704871461000)/",22050,100,14288900,316854000000,-400,true,-1.78
"GEX",142328,"/Date(1704871461000)/",22050,100,14288800,316852000000,-400,true,-1.78
"GEX",142328,"/Date(1704871461000)/",22050,300,14288700,316849000000,-400,true,-1.78
"GEX",142328,"/Date(1704871461000)/",22050,200,14288400,316843000000,-400,true,-1.78
"GEX",142328,"/Date(1704871461000)/",22050,500,14288200,316838000000,-400,true,-1.78
"GEX",142328,"/Date(1704871461000)/",22050,3400,14287700,316827000000,-400,true,-1.78
"GEX",142328,"/Date(1704871460000)/",22050,5000,14284300,316752000000,-400,true,-1.78
"GEX",142312,"/Date(1704871446000)/",22050,100,14279300,316642000000,-400,true,-1.78
"GEX",142312,"/Date(1704871446000)/",22050,1500,14279200,316640000000,-400,true,-1.78
"GEX",142312,"/Date(1704871444000)/",22050,5000,14277700,316607000000,-400,true,-1.78
"GEX",142312,"/Date(1704871444000)/",22050,2000,14272700,316497000000,-400,true,-1.78
"GEX",142312,"/Date(1704871444000)/",22050,1500,14270700,316453000000,-400,true,-1.78
"GEX",142309,"/Date(1704871443000)/",22100,100,14269200,316419000000,-350,false,-1.56
"GEX",142309,"/Date(1704871443000)/",22050,1500,14269100,316417000000,-400,true,-1.78
"GEX",142309,"/Date(1704871443000)/",22050,2500,14267600,316384000000,-400,true,-1.78
"GEX",142309,"/Date(1704871442000)/",22050,300,14265100,316329000000,-400,true,-1.78
"GEX",142305,"/Date(1704871439000)/",22050,10000,14264800,316322000000,-400,true,-1.78
"GEX",142302,"/Date(1704871437000)/",22050,1000,14254800,316102000000,-400,true,-1.78
"GEX",142302,"/Date(1704871436000)/",22050,700,14253800,316080000000,-400,true,-1.78
"GEX",142302,"/Date(1704871434000)/",22050,200,14253100,316064000000,-400,true,-1.78
"GEX",142253,"/Date(1704871427000)/",22050,1000,14252900,316060000000,-400,true,-1.78
"GEX",142253,"/Date(1704871427000)/",22050,1000,14251900,316038000000,-400,true,-1.78
"GEX",142253,"/Date(1704871427000)/",22050,600,14250900,316016000000,-400,true,-1.78
"GEX",142253,"/Date(1704871427000)/",22050,1100,14250300,316003000000,-400,true,-1.78
"GEX",142253,"/Date(1704871427000)/",22050,20000,14249200,315978000000,-400,true,-1.78
"GEX",142253,"/Date(1704871427000)/",22050,1600,14229200,315537000000,-400,true,-1.78
"GEX",142253,"/Date(1704871426000)/",22050,100,14227600,315502000000,-400,true,-1.78
"GEX",142253,"/Date(1704871425000)/",22050,1000,14227500,315500000000,-400,true,-1.78
"GEX",142253,"/Date(1704871425000)/",22050,600,14226500,315478000000,-400,true,-1.78
"GEX",142253,"/Date(1704871425000)/",22050,300,14225900,315465000000,-400,true,-1.78
"GEX",142249,"/Date(1704871423000)/",22050,500,14225600,315458000000,-400,false,-1.78
"GEX",142246,"/Date(1704871420000)/",22000,1500,14225100,315447000000,-450,true,-2
"GEX",142246,"/Date(1704871418000)/",22050,2100,14223600,315414000000,-400,false,-1.78
"GEX",142246,"/Date(1704871418000)/",22050,10000,14221500,315368000000,-400,false,-1.78
"GEX",142246,"/Date(1704871418000)/",22050,5000,14211500,315147000000,-400,false,-1.78
"GEX",142246,"/Date(1704871418000)/",22050,22900,14206500,315037000000,-400,false,-1.78
"GEX",142243,"/Date(1704871415000)/",22050,2000,14183600,314532000000,-400,false,-1.78
"GEX",142243,"/Date(1704871415000)/",22000,100,14181600,314488000000,-450,true,-2
"GEX",142240,"/Date(1704871412000)/",22050,1000,14181500,314486000000,-400,false,-1.78
"GEX",142233,"/Date(1704871407000)/",22050,2000,14180500,314464000000,-400,false,-1.78
"GEX",142233,"/Date(1704871407000)/",22050,500,14178500,314420000000,-400,false,-1.78
"GEX",142233,"/Date(1704871406000)/",22050,3000,14178000,314409000000,-400,false,-1.78
"GEX",142233,"/Date(1704871405000)/",22050,3000,14175000,314342000000,-400,false,-1.78
"GEX",142230,"/Date(1704871404000)/",22000,500,14172000,314276000000,-450,true,-2
"GEX",142230,"/Date(1704871404000)/",22050,100,14171500,314265000000,-400,false,-1.78
"GEX",142230,"/Date(1704871403000)/",22050,400,14171400,314263000000,-400,false,-1.78
"GEX",142230,"/Date(1704871403000)/",22050,200,14171000,314254000000,-400,false,-1.78
"GEX",142227,"/Date(1704871400000)/",22050,1000,14170800,314250000000,-400,false,-1.78
"GEX",142220,"/Date(1704871394000)/",22050,1000,14169800,314228000000,-400,true,-1.78
"GEX",142220,"/Date(1704871394000)/",22050,900,14168800,314206000000,-400,true,-1.78
"GEX",142220,"/Date(1704871392000)/",22050,20000,14167900,314186000000,-400,true,-1.78
"GEX",142220,"/Date(1704871392000)/",22050,2000,14147900,313745000000,-400,true,-1.78
"GEX",142220,"/Date(1704871392000)/",22050,100,14145900,313701000000,-400,true,-1.78
"GEX",142220,"/Date(1704871392000)/",22050,2000,14145800,313699000000,-400,true,-1.78
"GEX",142220,"/Date(1704871392000)/",22050,700,14143800,313654000000,-400,true,-1.78
"GEX",142220,"/Date(1704871392000)/",22050,1000,14143100,313639000000,-400,true,-1.78
"GEX",142220,"/Date(1704871392000)/",22050,200,14142100,313617000000,-400,true,-1.78
"GEX",142220,"/Date(1704871392000)/",22050,1000,14141900,313613000000,-400,true,-1.78
"GEX",142220,"/Date(1704871392000)/",22050,5000,14140900,313591000000,-400,true,-1.78
"GEX",142220,"/Date(1704871392000)/",22050,400,14135900,313480000000,-400,true,-1.78
"GEX",142220,"/Date(1704871392000)/",22050,2000,14135500,313471000000,-400,true,-1.78
"GEX",142220,"/Date(1704871392000)/",22050,200,14133500,313427000000,-400,true,-1.78
"GEX",142220,"/Date(1704871392000)/",22050,5000,14133300,313423000000,-400,true,-1.78
"GEX",142220,"/Date(1704871392000)/",22050,1000,14128300,313313000000,-400,true,-1.78
"GEX",142220,"/Date(1704871392000)/",22050,1000,14127300,313291000000,-400,true,-1.78
"GEX",142220,"/Date(1704871392000)/",22050,1500,14126300,313269000000,-400,true,-1.78
"GEX",142220,"/Date(1704871392000)/",22050,100,14124800,313236000000,-400,true,-1.78
"GEX",142220,"/Date(1704871392000)/",22050,2000,14124700,313233000000,-400,true,-1.78
"GEX",142220,"/Date(1704871392000)/",22050,1000,14122700,313189000000,-400,true,-1.78
"GEX",142220,"/Date(1704871392000)/",22050,200,14121700,313167000000,-400,true,-1.78
"GEX",142220,"/Date(1704871392000)/",22050,600,14121500,313163000000,-400,true,-1.78
"GEX",142220,"/Date(1704871392000)/",22050,5000,14120900,313150000000,-400,true,-1.78
"GEX",142220,"/Date(1704871392000)/",22050,100,14115900,313039000000,-400,true,-1.78
"GEX",142220,"/Date(1704871392000)/",22050,2000,14115800,313037000000,-400,true,-1.78
"GEX",142214,"/Date(1704871387000)/",22050,1000,14113800,312993000000,-400,true,-1.78
"GEX",142155,"/Date(1704871369000)/",22050,100,14112800,312971000000,-400,true,-1.78
"GEX",142155,"/Date(1704871369000)/",22050,400,14112700,312969000000,-400,true,-1.78
"GEX",142155,"/Date(1704871369000)/",22050,100,14112300,312960000000,-400,true,-1.78
"GEX",142155,"/Date(1704871369000)/",22050,1000,14112200,312958000000,-400,true,-1.78
"GEX",142155,"/Date(1704871369000)/",22050,1000,14111200,312936000000,-400,true,-1.78
"GEX",142155,"/Date(1704871369000)/",22050,500,14110200,312914000000,-400,true,-1.78
"GEX",142155,"/Date(1704871369000)/",22050,2000,14109700,312903000000,-400,true,-1.78
"GEX",142155,"/Date(1704871369000)/",22050,3000,14107700,312858000000,-400,true,-1.78
"GEX",142152,"/Date(1704871365000)/",22050,100,14104700,312792000000,-400,true,-1.78
"GEX",142152,"/Date(1704871365000)/",22050,3100,14104600,312790000000,-400,true,-1.78
"GEX",142152,"/Date(1704871365000)/",22050,1800,14101500,312722000000,-400,true,-1.78
"GEX",142152,"/Date(1704871365000)/",22050,200,14099700,312682000000,-400,true,-1.78
"GEX",142152,"/Date(1704871365000)/",22050,4800,14099500,312678000000,-400,true,-1.78
"GEX",142148,"/Date(1704871363000)/",22100,100,14094700,312572000000,-350,false,-1.56
"GEX",142142,"/Date(1704871357000)/",22050,200,14094600,312570000000,-400,true,-1.78
"GEX",142139,"/Date(1704871353000)/",22050,400,14094400,312565000000,-400,true,-1.78
"GEX",142139,"/Date(1704871353000)/",22050,500,14094000,312556000000,-400,true,-1.78
"GEX",142139,"/Date(1704871353000)/",22050,100,14093500,312545000000,-400,true,-1.78
"GEX",142139,"/Date(1704871351000)/",22050,500,14093400,312543000000,-400,true,-1.78
"GEX",142136,"/Date(1704871350000)/",22050,400,14092900,312532000000,-400,true,-1.78
"GEX",142136,"/Date(1704871350000)/",22050,1100,14092500,312523000000,-400,true,-1.78
"GEX",142132,"/Date(1704871344000)/",22050,200,14091400,312499000000,-400,true,-1.78
"GEX",142129,"/Date(1704871342000)/",22050,8700,14091200,312495000000,-400,true,-1.78
"GEX",142129,"/Date(1704871342000)/",22050,1300,14082500,312303000000,-400,true,-1.78
"GEX",142126,"/Date(1704871338000)/",22050,1000,14081200,312274000000,-400,true,-1.78
"GEX",142123,"/Date(1704871336000)/",22100,2000,14080200,312252000000,-350,false,-1.56
"GEX",142123,"/Date(1704871335000)/",22050,1100,14078200,312208000000,-400,true,-1.78
"GEX",142113,"/Date(1704871326000)/",22100,100,14077100,312184000000,-350,false,-1.56
"GEX",142110,"/Date(1704871324000)/",22050,1400,14077000,312181000000,-400,true,-1.78
"GEX",142100,"/Date(1704871314000)/",22050,200,14075600,312151000000,-400,true,-1.78
"GEX",142100,"/Date(1704871314000)/",22050,3000,14075400,312146000000,-400,true,-1.78
"GEX",142100,"/Date(1704871314000)/",22050,1800,14072400,312080000000,-400,true,-1.78
"GEX",142100,"/Date(1704871314000)/",22100,500,14070600,312040000000,-350,false,-1.56
"GEX",142100,"/Date(1704871312000)/",22050,100,14070100,312029000000,-400,true,-1.78
"GEX",142057,"/Date(1704871311000)/",22100,500,14070000,312027000000,-350,false,-1.56
"GEX",142057,"/Date(1704871311000)/",22100,1000,14069500,312016000000,-350,false,-1.56
"GEX",142054,"/Date(1704871308000)/",22050,500,14068500,311994000000,-400,true,-1.78
"GEX",142054,"/Date(1704871308000)/",22050,1500,14068000,311983000000,-400,true,-1.78
"GEX",142054,"/Date(1704871306000)/",22050,200,14066500,311950000000,-400,true,-1.78
"GEX",142051,"/Date(1704871304000)/",22050,2300,14066300,311945000000,-400,true,-1.78
"GEX",142051,"/Date(1704871304000)/",22050,3700,14064000,311895000000,-400,true,-1.78
"GEX",142044,"/Date(1704871298000)/",22050,200,14060300,311813000000,-400,false,-1.78
"GEX",142044,"/Date(1704871297000)/",22050,100,14060100,311809000000,-400,false,-1.78
"GEX",142044,"/Date(1704871297000)/",22050,5000,14060000,311806000000,-400,false,-1.78
"GEX",142044,"/Date(1704871297000)/",22050,1000,14055000,311696000000,-400,false,-1.78
"GEX",142041,"/Date(1704871296000)/",22050,1000,14054000,311674000000,-400,false,-1.78
"GEX",142041,"/Date(1704871295000)/",22050,500,14053000,311652000000,-400,false,-1.78
"GEX",142041,"/Date(1704871294000)/",22050,200,14052500,311641000000,-400,false,-1.78
"GEX",142041,"/Date(1704871294000)/",22050,3000,14052300,311637000000,-400,false,-1.78
"GEX",142041,"/Date(1704871294000)/",22050,1800,14049300,311571000000,-400,false,-1.78
"GEX",142041,"/Date(1704871293000)/",22050,300,14047500,311531000000,-400,false,-1.78
"GEX",142041,"/Date(1704871293000)/",22050,600,14047200,311524000000,-400,false,-1.78
"GEX",142038,"/Date(1704871291000)/",22050,11000,14046600,311511000000,-400,false,-1.78
"GEX",142038,"/Date(1704871290000)/",22050,1000,14035600,311268000000,-400,false,-1.78
"GEX",142035,"/Date(1704871289000)/",22050,34000,14034600,311246000000,-400,false,-1.78
"GEX",142031,"/Date(1704871285000)/",22000,800,14000600,310497000000,-450,true,-2
"GEX",142028,"/Date(1704871283000)/",22050,1000,13999800,310479000000,-400,false,-1.78
"GEX",142028,"/Date(1704871282000)/",22050,300,13998800,310457000000,-400,false,-1.78
"GEX",142028,"/Date(1704871282000)/",22050,200,13998500,310450000000,-400,false,-1.78
"GEX",142028,"/Date(1704871282000)/",22050,100,13998300,310446000000,-400,false,-1.78
"GEX",142028,"/Date(1704871282000)/",22050,400,13998200,310444000000,-400,false,-1.78
"GEX",142028,"/Date(1704871282000)/",22050,200,13997800,310435000000,-400,false,-1.78
"GEX",142028,"/Date(1704871282000)/",22050,2400,13997600,310431000000,-400,false,-1.78
"GEX",142028,"/Date(1704871282000)/",22050,400,13995200,310378000000,-400,false,-1.78
"GEX",142028,"/Date(1704871282000)/",22050,500,13994800,310369000000,-400,false,-1.78
"GEX",142028,"/Date(1704871282000)/",22050,6700,13994300,310358000000,-400,false,-1.78
"GEX",142028,"/Date(1704871282000)/",22050,100,13987600,310210000000,-400,false,-1.78
"GEX",142028,"/Date(1704871281000)/",22050,500,13987500,310208000000,-400,false,-1.78
"GEX",142025,"/Date(1704871279000)/",22050,10000,13987000,310197000000,-400,false,-1.78
"GEX",142025,"/Date(1704871278000)/",22050,100,13977000,309976000000,-400,false,-1.78
"GEX",142022,"/Date(1704871276000)/",22050,12600,13976900,309974000000,-400,false,-1.78
"GEX",142022,"/Date(1704871276000)/",22050,200,13964300,309696000000,-400,false,-1.78
"GEX",142022,"/Date(1704871276000)/",22050,100,13964100,309692000000,-400,false,-1.78
"GEX",142022,"/Date(1704871276000)/",22050,21000,13964000,309690000000,-400,false,-1.78
"GEX",142022,"/Date(1704871276000)/",22050,1400,13943000,309227000000,-400,false,-1.78
"GEX",142022,"/Date(1704871276000)/",22050,500,13941600,309196000000,-400,false,-1.78
"GEX",142019,"/Date(1704871272000)/",22050,5000,13941100,309185000000,-400,false,-1.78
"GEX",142019,"/Date(1704871272000)/",22050,400,13936100,309075000000,-400,false,-1.78
"GEX",142016,"/Date(1704871270000)/",22050,10000,13935700,309066000000,-400,false,-1.78
"GEX",142016,"/Date(1704871270000)/",22050,3000,13925700,308845000000,-400,false,-1.78
"GEX",142016,"/Date(1704871268000)/",22050,200,13922700,308779000000,-400,false,-1.78
"GEX",142012,"/Date(1704871265000)/",22050,1000,13922500,308775000000,-400,false,-1.78
"GEX",142009,"/Date(1704871263000)/",22000,6300,13921500,308753000000,-450,true,-2
"GEX",142009,"/Date(1704871263000)/",22050,1500,13915200,308614000000,-400,false,-1.78
"GEX",142009,"/Date(1704871262000)/",22000,10000,13913700,308581000000,-450,true,-2
"GEX",142009,"/Date(1704871262000)/",22050,6000,13903700,308361000000,-400,false,-1.78
"GEX",141956,"/Date(1704871249000)/",22000,1700,13897700,308229000000,-450,true,-2
"GEX",141950,"/Date(1704871244000)/",22000,3000,13896000,308191000000,-450,true,-2
"GEX",141950,"/Date(1704871243000)/",22000,400,13893000,308125000000,-450,true,-2
"GEX",141950,"/Date(1704871242000)/",22000,5000,13892600,308116000000,-450,true,-2
"GEX",141947,"/Date(1704871240000)/",22000,8000,13887600,308006000000,-450,true,-2
"GEX",141940,"/Date(1704871234000)/",22000,500,13879600,307830000000,-450,false,-2
"GEX",141940,"/Date(1704871234000)/",22000,500,13879100,307819000000,-450,false,-2
"GEX",141940,"/Date(1704871234000)/",22000,1000,13878600,307808000000,-450,false,-2
"GEX",141940,"/Date(1704871234000)/",22000,3500,13877600,307786000000,-450,false,-2
"GEX",141940,"/Date(1704871234000)/",22000,5000,13874100,307709000000,-450,false,-2
"GEX",141940,"/Date(1704871234000)/",22000,8000,13869100,307599000000,-450,false,-2
"GEX",141940,"/Date(1704871234000)/",22000,1000,13861100,307423000000,-450,false,-2
"GEX",141940,"/Date(1704871234000)/",22000,1000,13860100,307401000000,-450,false,-2
"GEX",141940,"/Date(1704871234000)/",22000,1000,13859100,307379000000,-450,false,-2
"GEX",141940,"/Date(1704871234000)/",22000,1400,13858100,307357000000,-450,false,-2
"GEX",141940,"/Date(1704871234000)/",22000,20000,13856700,307327000000,-450,false,-2
"GEX",141940,"/Date(1704871234000)/",22000,500,13836700,306887000000,-450,false,-2
"GEX",141940,"/Date(1704871234000)/",22000,6900,13836200,306876000000,-450,false,-2
"GEX",141940,"/Date(1704871234000)/",22000,2000,13829300,306724000000,-450,false,-2
"GEX",141940,"/Date(1704871233000)/",22000,1000,13827300,306680000000,-450,false,-2
"GEX",141940,"/Date(1704871233000)/",22000,1000,13826300,306658000000,-450,false,-2
"GEX",141937,"/Date(1704871231000)/",22000,100,13825300,306636000000,-450,false,-2
"GEX",141937,"/Date(1704871231000)/",22000,1000,13825200,306634000000,-450,false,-2
"GEX",141937,"/Date(1704871230000)/",22000,2000,13824200,306612000000,-450,false,-2
"GEX",141937,"/Date(1704871230000)/",22000,1000,13822200,306568000000,-450,false,-2
"GEX",141934,"/Date(1704871228000)/",22000,1000,13821200,306546000000,-450,false,-2
"GEX",141934,"/Date(1704871226000)/",22000,100,13820200,306524000000,-450,false,-2
"GEX",141931,"/Date(1704871225000)/",22000,1000,13820100,306521000000,-450,false,-2
"GEX",141931,"/Date(1704871225000)/",22000,800,13819100,306499000000,-450,false,-2
"GEX",141931,"/Date(1704871223000)/",22000,500,13818300,306482000000,-450,false,-2
"GEX",141927,"/Date(1704871222000)/",22000,1400,13817800,306471000000,-450,false,-2
"GEX",141927,"/Date(1704871222000)/",22000,18600,13816400,306440000000,-450,false,-2
"GEX",141927,"/Date(1704871222000)/",22000,200,13797800,306031000000,-450,false,-2
"GEX",141924,"/Date(1704871219000)/",22000,100,13797600,306026000000,-450,false,-2
"GEX",141924,"/Date(1704871216000)/",22000,400,13797500,306024000000,-450,false,-2
"GEX",141924,"/Date(1704871216000)/",21950,100,13797100,306015000000,-500,true,-2.23
"GEX",141918,"/Date(1704871211000)/",22000,100,13797000,306013000000,-450,false,-2
"GEX",141915,"/Date(1704871208000)/",22000,500,13796900,306011000000,-450,false,-2
"GEX",141915,"/Date(1704871207000)/",22000,3000,13796400,306000000000,-450,false,-2
"GEX",141911,"/Date(1704871204000)/",22000,300,13793400,305934000000,-450,false,-2
"GEX",141911,"/Date(1704871204000)/",22000,200,13793100,305927000000,-450,false,-2
"GEX",141911,"/Date(1704871203000)/",22000,200,13792900,305923000000,-450,false,-2
"GEX",141908,"/Date(1704871202000)/",22000,1400,13792700,305919000000,-450,false,-2
"GEX",141908,"/Date(1704871202000)/",22000,8600,13791300,305888000000,-450,false,-2
"GEX",141902,"/Date(1704871196000)/",22000,5000,13782700,305699000000,-450,false,-2
"GEX",141902,"/Date(1704871195000)/",22000,1000,13777700,305589000000,-450,false,-2
"GEX",141858,"/Date(1704871193000)/",22000,300,13776700,305567000000,-450,false,-2
"GEX",141858,"/Date(1704871192000)/",22000,1000,13776400,305560000000,-450,false,-2
"GEX",141858,"/Date(1704871192000)/",22000,1000,13775400,305538000000,-450,false,-2
"GEX",141858,"/Date(1704871192000)/",22000,300,13774400,305516000000,-450,false,-2
"GEX",141855,"/Date(1704871190000)/",22000,2000,13774100,305509000000,-450,false,-2
"GEX",141855,"/Date(1704871189000)/",22000,1000,13772100,305465000000,-450,false,-2
"GEX",141855,"/Date(1704871189000)/",22000,1500,13771100,305443000000,-450,false,-2
"GEX",141855,"/Date(1704871187000)/",22000,3300,13769600,305410000000,-450,false,-2
"GEX",141855,"/Date(1704871187000)/",22000,10500,13766300,305338000000,-450,false,-2
"GEX",141855,"/Date(1704871187000)/",22000,1500,13755800,305107000000,-450,false,-2
"GEX",141855,"/Date(1704871187000)/",22000,200,13754300,305074000000,-450,false,-2
"GEX",141855,"/Date(1704871187000)/",22000,1000,13754100,305069000000,-450,false,-2
"GEX",141855,"/Date(1704871187000)/",22000,3500,13753100,305047000000,-450,false,-2
"GEX",141852,"/Date(1704871187000)/",22000,100,13749600,304970000000,-450,false,-2
"GEX",141852,"/Date(1704871186000)/",22000,1000,13749500,304968000000,-450,false,-2
"GEX",141852,"/Date(1704871184000)/",22000,100,13748500,304946000000,-450,false,-2
"GEX",141849,"/Date(1704871183000)/",22000,100,13748400,304944000000,-450,false,-2
"GEX",141849,"/Date(1704871183000)/",22000,5000,13748300,304942000000,-450,false,-2
"GEX",141849,"/Date(1704871183000)/",22000,100,13743300,304832000000,-450,false,-2
"GEX",141849,"/Date(1704871183000)/",22000,300,13743200,304830000000,-450,false,-2
"GEX",141849,"/Date(1704871182000)/",22000,100,13742900,304823000000,-450,false,-2
"GEX",141849,"/Date(1704871182000)/",22000,100,13742800,304821000000,-450,false,-2
"GEX",141849,"/Date(1704871181000)/",22000,5000,13742700,304819000000,-450,false,-2
"GEX",141846,"/Date(1704871180000)/",21950,1700,13737700,304709000000,-500,true,-2.23
"GEX",141846,"/Date(1704871179000)/",22000,2000,13736000,304671000000,-450,false,-2
"GEX",141846,"/Date(1704871178000)/",22000,3100,13734000,304627000000,-450,false,-2
"GEX",141846,"/Date(1704871178000)/",22000,1900,13730900,304559000000,-450,false,-2
"GEX",141843,"/Date(1704871177000)/",22000,500,13729000,304517000000,-450,false,-2
"GEX",141843,"/Date(1704871177000)/",22000,1000,13728500,304506000000,-450,false,-2
"GEX",141843,"/Date(1704871176000)/",22000,1000,13727500,304484000000,-450,false,-2
"GEX",141843,"/Date(1704871176000)/",22000,600,13726500,304462000000,-450,false,-2
"GEX",141843,"/Date(1704871176000)/",22000,5000,13725900,304449000000,-450,false,-2
"GEX",141843,"/Date(1704871176000)/",22000,100,13720900,304339000000,-450,false,-2
"GEX",141843,"/Date(1704871176000)/",22000,500,13720800,304337000000,-450,false,-2
"GEX",141843,"/Date(1704871176000)/",22000,200,13720300,304326000000,-450,false,-2
"GEX",141843,"/Date(1704871176000)/",22000,3600,13720100,304321000000,-450,false,-2
"GEX",141843,"/Date(1704871174000)/",22000,6400,13716500,304242000000,-450,false,-2
"GEX",141843,"/Date(1704871174000)/",22000,500,13710100,304101000000,-450,false,-2
"GEX",141843,"/Date(1704871174000)/",22000,3100,13709600,304090000000,-450,false,-2
"GEX",141839,"/Date(1704871172000)/",22000,5400,13706500,304022000000,-450,false,-2
"GEX",141839,"/Date(1704871172000)/",22000,600,13701100,303903000000,-450,false,-2
"GEX",141836,"/Date(1704871171000)/",22000,200,13700500,303890000000,-450,false,-2
"GEX",141833,"/Date(1704871167000)/",22000,19200,13700300,303886000000,-450,false,-2
"GEX",141833,"/Date(1704871167000)/",22000,200,13681100,303463000000,-450,false,-2
"GEX",141833,"/Date(1704871167000)/",22000,1000,13680900,303459000000,-450,false,-2
"GEX",141833,"/Date(1704871167000)/",22000,200,13679900,303437000000,-450,false,-2
"GEX",141833,"/Date(1704871167000)/",22000,1000,13679700,303433000000,-450,false,-2
"GEX",141833,"/Date(1704871167000)/",22000,400,13678700,303411000000,-450,false,-2
"GEX",141833,"/Date(1704871166000)/",22000,5000,13678300,303402000000,-450,false,-2
"GEX",141833,"/Date(1704871166000)/",22000,19000,13673300,303292000000,-450,false,-2
"GEX",141830,"/Date(1704871163000)/",22000,1300,13654300,302874000000,-450,false,-2
"GEX",141830,"/Date(1704871163000)/",22000,100,13653000,302845000000,-450,false,-2
"GEX",141830,"/Date(1704871162000)/",22000,100,13652900,302843000000,-450,false,-2
"GEX",141826,"/Date(1704871161000)/",22000,100,13652800,302841000000,-450,false,-2
"GEX",141826,"/Date(1704871160000)/",22000,500,13652700,302839000000,-450,false,-2
"GEX",141826,"/Date(1704871160000)/",22000,2500,13652200,302828000000,-450,false,-2
"GEX",141826,"/Date(1704871158000)/",22000,5000,13649700,302773000000,-450,false,-2
"GEX",141823,"/Date(1704871158000)/",22000,100,13644700,302663000000,-450,false,-2
"GEX",141823,"/Date(1704871157000)/",22000,100,13644600,302660000000,-450,false,-2
"GEX",141823,"/Date(1704871157000)/",22000,5000,13644500,302658000000,-450,false,-2
"GEX",141823,"/Date(1704871156000)/",22000,200,13639500,302548000000,-450,false,-2
"GEX",141823,"/Date(1704871155000)/",22000,1000,13639300,302544000000,-450,false,-2
"GEX",141820,"/Date(1704871153000)/",22000,12600,13638300,302522000000,-450,true,-2
"GEX",141817,"/Date(1704871149000)/",22000,15000,13625700,302245000000,-450,false,-2
"GEX",141817,"/Date(1704871149000)/",22000,10000,13610700,301915000000,-450,false,-2
"GEX",141817,"/Date(1704871149000)/",22000,12400,13600700,301695000000,-450,false,-2
"GEX",141814,"/Date(1704871149000)/",22000,1000,13588300,301422000000,-450,false,-2
"GEX",141814,"/Date(1704871148000)/",22000,400,13587300,301400000000,-450,false,-2
"GEX",141810,"/Date(1704871145000)/",22000,100,13586900,301391000000,-450,true,-2
"GEX",141810,"/Date(1704871145000)/",22000,200,13586800,301389000000,-450,true,-2
"GEX",141810,"/Date(1704871145000)/",22000,500,13586600,301384000000,-450,true,-2
"GEX",141810,"/Date(1704871145000)/",22000,400,13586100,301373000000,-450,true,-2
"GEX",141810,"/Date(1704871143000)/",22000,2000,13585700,301365000000,-450,true,-2
"GEX",141810,"/Date(1704871143000)/",22000,100,13583700,301321000000,-450,true,-2
"GEX",141810,"/Date(1704871143000)/",22000,300,13583600,301318000000,-450,true,-2
"GEX",141810,"/Date(1704871143000)/",22000,300,13583300,301312000000,-450,true,-2
"GEX",141810,"/Date(1704871143000)/",22000,2300,13583000,301305000000,-450,true,-2
"GEX",141807,"/Date(1704871140000)/",22000,600,13580700,301255000000,-450,false,-2
"GEX",141807,"/Date(1704871139000)/",22000,2100,13580100,301241000000,-450,false,-2
"GEX",141804,"/Date(1704871139000)/",22000,400,13578000,301195000000,-450,true,-2
"GEX",141804,"/Date(1704871138000)/",22000,300,13577600,301186000000,-450,true,-2
"GEX",141804,"/Date(1704871138000)/",22000,500,13577300,301180000000,-450,true,-2
"GEX",141804,"/Date(1704871138000)/",22000,100,13576800,301169000000,-450,true,-2
"GEX",141804,"/Date(1704871138000)/",22000,200,13576700,301167000000,-450,true,-2
"GEX",141804,"/Date(1704871138000)/",22000,100,13576500,301162000000,-450,true,-2
"GEX",141804,"/Date(1704871138000)/",22000,200,13576400,301160000000,-450,true,-2
"GEX",141804,"/Date(1704871138000)/",22000,3600,13576200,301156000000,-450,true,-2
"GEX",141804,"/Date(1704871137000)/",22000,4500,13572600,301076000000,-450,true,-2
"GEX",141758,"/Date(1704871131000)/",22000,2000,13568100,300977000000,-450,false,-2
"GEX",141758,"/Date(1704871131000)/",22000,900,13566100,300933000000,-450,false,-2
"GEX",141758,"/Date(1704871131000)/",22000,100,13565200,300914000000,-450,false,-2
"GEX",141758,"/Date(1704871130000)/",21950,2000,13565100,300911000000,-500,true,-2.23
"GEX",141758,"/Date(1704871130000)/",22000,100,13563100,300868000000,-450,false,-2
"GEX",141754,"/Date(1704871129000)/",22000,500,13563000,300865000000,-450,false,-2
"GEX",141754,"/Date(1704871129000)/",22000,400,13562500,300854000000,-450,false,-2
"GEX",141754,"/Date(1704871129000)/",22000,3000,13562100,300846000000,-450,false,-2
"GEX",141754,"/Date(1704871129000)/",22000,100,13559100,300780000000,-450,false,-2
"GEX",141754,"/Date(1704871128000)/",22000,100,13559000,300777000000,-450,false,-2
"GEX",141754,"/Date(1704871128000)/",22000,1000,13558900,300775000000,-450,false,-2
"GEX",141754,"/Date(1704871128000)/",22000,900,13557900,300753000000,-450,false,-2
"GEX",141754,"/Date(1704871127000)/",22000,2000,13557000,300733000000,-450,false,-2
"GEX",141754,"/Date(1704871127000)/",22000,800,13555000,300689000000,-450,false,-2
"GEX",141751,"/Date(1704871126000)/",22000,100,13554200,300672000000,-450,false,-2
"GEX",141751,"/Date(1704871124000)/",21950,1000,13554100,300670000000,-500,true,-2.23
"GEX",141751,"/Date(1704871123000)/",22000,1100,13553100,300648000000,-450,false,-2
"GEX",141751,"/Date(1704871123000)/",21950,50000,13552000,300623000000,-500,true,-2.23
"GEX",141745,"/Date(1704871118000)/",22000,100,13502000,299526000000,-450,false,-2
"GEX",141745,"/Date(1704871118000)/",22000,900,13501900,299524000000,-450,false,-2
"GEX",141742,"/Date(1704871115000)/",21950,1000,13501000,299504000000,-500,true,-2.23
"GEX",141742,"/Date(1704871115000)/",22000,100,13500000,299482000000,-450,false,-2
"GEX",141742,"/Date(1704871113000)/",21950,4300,13499900,299480000000,-500,true,-2.23
"GEX",141738,"/Date(1704871112000)/",21950,1100,13495600,299385000000,-500,true,-2.23
"GEX",141735,"/Date(1704871108000)/",21950,4900,13494500,299361000000,-500,true,-2.23
"GEX",141735,"/Date(1704871108000)/",21950,100,13489600,299254000000,-500,true,-2.23
"GEX",141735,"/Date(1704871107000)/",21950,700,13489500,299252000000,-500,true,-2.23
"GEX",141732,"/Date(1704871106000)/",21950,200,13488800,299236000000,-500,true,-2.23
"GEX",141732,"/Date(1704871106000)/",21950,4000,13488600,299232000000,-500,true,-2.23
"GEX",141732,"/Date(1704871106000)/",21950,1000,13484600,299144000000,-500,true,-2.23
"GEX",141729,"/Date(1704871103000)/",21900,1900,13483600,299122000000,-550,true,-2.45
"GEX",141729,"/Date(1704871103000)/",21900,500,13481700,299080000000,-550,true,-2.45
"GEX",141729,"/Date(1704871103000)/",21900,500,13481200,299069000000,-550,true,-2.45
"GEX",141729,"/Date(1704871103000)/",21900,100,13480700,299059000000,-550,true,-2.45
"GEX",141729,"/Date(1704871103000)/",21900,200,13480600,299056000000,-550,true,-2.45
"GEX",141729,"/Date(1704871103000)/",21900,100,13480400,299052000000,-550,true,-2.45
"GEX",141729,"/Date(1704871103000)/",21900,700,13480300,299050000000,-550,true,-2.45
"GEX",141729,"/Date(1704871103000)/",21950,100,13479600,299034000000,-500,false,-2.23
"GEX",141729,"/Date(1704871103000)/",21900,500,13479500,299032000000,-550,true,-2.45
"GEX",141729,"/Date(1704871103000)/",21900,800,13479000,299021000000,-550,true,-2.45
"GEX",141729,"/Date(1704871103000)/",21900,1000,13478200,299004000000,-550,true,-2.45
"GEX",141729,"/Date(1704871103000)/",21900,200,13477200,298982000000,-550,true,-2.45
"GEX",141729,"/Date(1704871103000)/",21900,1700,13477000,298977000000,-550,true,-2.45
"GEX",141729,"/Date(1704871103000)/",21950,1300,13475300,298940000000,-500,false,-2.23
"GEX",141729,"/Date(1704871101000)/",21950,5500,13474000,298912000000,-500,false,-2.23
"GEX",141729,"/Date(1704871101000)/",21950,300,13468500,298791000000,-500,false,-2.23
"GEX",141729,"/Date(1704871101000)/",21950,1000,13468200,298784000000,-500,false,-2.23
"GEX",141729,"/Date(1704871101000)/",21950,1900,13467200,298762000000,-500,false,-2.23
"GEX",141729,"/Date(1704871101000)/",21950,100,13465300,298721000000,-500,false,-2.23
"GEX",141729,"/Date(1704871101000)/",21950,1000,13465200,298719000000,-500,false,-2.23
"GEX",141729,"/Date(1704871101000)/",21950,100,13464200,298697000000,-500,false,-2.23
"GEX",141729,"/Date(1704871101000)/",21950,200,13464100,298694000000,-500,false,-2.23
"GEX",141725,"/Date(1704871100000)/",21900,700,13463900,298690000000,-550,true,-2.45
"GEX",141725,"/Date(1704871099000)/",21950,200,13463200,298675000000,-500,false,-2.23
"GEX",141725,"/Date(1704871099000)/",21950,100,13463000,298670000000,-500,false,-2.23
"GEX",141725,"/Date(1704871099000)/",21950,1000,13462900,298668000000,-500,false,-2.23
"GEX",141725,"/Date(1704871099000)/",21950,700,13461900,298646000000,-500,false,-2.23
"GEX",141725,"/Date(1704871099000)/",21900,600,13461200,298631000000,-550,true,-2.45
"GEX",141725,"/Date(1704871098000)/",21900,2000,13460600,298618000000,-550,true,-2.45
"GEX",141725,"/Date(1704871098000)/",21900,100,13458600,298574000000,-550,true,-2.45
"GEX",141725,"/Date(1704871098000)/",21900,200,13458500,298572000000,-550,true,-2.45
"GEX",141725,"/Date(1704871098000)/",21900,500,13458300,298567000000,-550,true,-2.45
"GEX",141725,"/Date(1704871098000)/",21900,200,13457800,298556000000,-550,true,-2.45
"GEX",141725,"/Date(1704871098000)/",21900,100,13457600,298552000000,-550,true,-2.45
"GEX",141725,"/Date(1704871098000)/",21900,5000,13457500,298550000000,-550,true,-2.45
"GEX",141725,"/Date(1704871098000)/",21900,500,13452500,298440000000,-550,true,-2.45
"GEX",141725,"/Date(1704871098000)/",21950,100,13452000,298429000000,-500,false,-2.23
"GEX",141725,"/Date(1704871098000)/",21950,100,13451900,298427000000,-500,false,-2.23
"GEX",141722,"/Date(1704871097000)/",21950,5100,13451800,298425000000,-500,false,-2.23
"GEX",141722,"/Date(1704871097000)/",21950,2300,13446700,298313000000,-500,false,-2.23
"GEX",141722,"/Date(1704871097000)/",21950,2000,13444400,298262000000,-500,false,-2.23
"GEX",141722,"/Date(1704871097000)/",21950,600,13442400,298219000000,-500,false,-2.23
"GEX",141722,"/Date(1704871096000)/",21950,500,13441800,298205000000,-500,false,-2.23
"GEX",141722,"/Date(1704871095000)/",21900,500,13441300,298194000000,-550,true,-2.45
"GEX",141722,"/Date(1704871095000)/",21900,100,13440800,298183000000,-550,true,-2.45
"GEX",141722,"/Date(1704871095000)/",21900,1000,13440700,298181000000,-550,true,-2.45
"GEX",141722,"/Date(1704871095000)/",21900,2000,13439700,298159000000,-550,true,-2.45
"GEX",141722,"/Date(1704871095000)/",21900,4000,13437700,298116000000,-550,true,-2.45
"GEX",141722,"/Date(1704871095000)/",21900,2000,13433700,298028000000,-550,true,-2.45
"GEX",141722,"/Date(1704871095000)/",21900,500,13431700,297984000000,-550,true,-2.45
"GEX",141722,"/Date(1704871095000)/",21900,500,13431200,297973000000,-550,true,-2.45
"GEX",141722,"/Date(1704871095000)/",21900,400,13430700,297962000000,-550,true,-2.45
"GEX",141722,"/Date(1704871095000)/",21900,300,13430300,297954000000,-550,true,-2.45
"GEX",141722,"/Date(1704871095000)/",21900,2000,13430000,297947000000,-550,true,-2.45
"GEX",141722,"/Date(1704871095000)/",21900,1000,13428000,297903000000,-550,true,-2.45
"GEX",141722,"/Date(1704871095000)/",21900,500,13427000,297881000000,-550,true,-2.45
"GEX",141722,"/Date(1704871095000)/",21900,10000,13426500,297870000000,-550,true,-2.45
"GEX",141722,"/Date(1704871095000)/",21900,1000,13416500,297651000000,-550,true,-2.45
"GEX",141722,"/Date(1704871095000)/",21900,100,13415500,297629000000,-550,true,-2.45
"GEX",141722,"/Date(1704871095000)/",21900,1000,13415400,297627000000,-550,true,-2.45
"GEX",141722,"/Date(1704871095000)/",21900,1000,13414400,297605000000,-550,true,-2.45
"GEX",141722,"/Date(1704871095000)/",21900,100,13413400,297583000000,-550,true,-2.45
"GEX",141722,"/Date(1704871095000)/",21900,11000,13413300,297581000000,-550,true,-2.45
"GEX",141722,"/Date(1704871095000)/",21900,500,13402300,297340000000,-550,true,-2.45
"GEX",141722,"/Date(1704871095000)/",21900,5000,13401800,297329000000,-550,true,-2.45
"GEX",141722,"/Date(1704871095000)/",21900,100,13396800,297220000000,-550,true,-2.45
"GEX",141722,"/Date(1704871095000)/",21900,2000,13396700,297218000000,-550,true,-2.45
"GEX",141722,"/Date(1704871095000)/",21900,2000,13394700,297174000000,-550,true,-2.45
"GEX",141722,"/Date(1704871095000)/",21900,1000,13392700,297130000000,-550,true,-2.45
"GEX",141722,"/Date(1704871095000)/",21900,26400,13391700,297108000000,-550,true,-2.45
"GEX",141722,"/Date(1704871095000)/",21950,1900,13365300,296530000000,-500,false,-2.23
"GEX",141722,"/Date(1704871095000)/",21950,2100,13363400,296488000000,-500,false,-2.23
"GEX",141722,"/Date(1704871094000)/",21950,100,13361300,296442000000,-500,false,-2.23
"GEX",141722,"/Date(1704871094000)/",21950,100,13361200,296440000000,-500,false,-2.23
"GEX",141719,"/Date(1704871094000)/",21900,1500,13361100,296438000000,-550,true,-2.45
"GEX",141719,"/Date(1704871094000)/",21950,500,13359600,296405000000,-500,false,-2.23
"GEX",141719,"/Date(1704871094000)/",21900,11100,13359100,296394000000,-550,true,-2.45
"GEX",141719,"/Date(1704871094000)/",21900,500,13348000,296151000000,-550,true,-2.45
"GEX",141719,"/Date(1704871094000)/",21900,1000,13347500,296140000000,-550,true,-2.45
"GEX",141719,"/Date(1704871094000)/",21900,100,13346500,296118000000,-550,true,-2.45
"GEX",141719,"/Date(1704871094000)/",21900,100,13346400,296116000000,-550,true,-2.45
"GEX",141719,"/Date(1704871094000)/",21900,300,13346300,296114000000,-550,true,-2.45
"GEX",141719,"/Date(1704871094000)/",21900,2000,13346000,296107000000,-550,true,-2.45
"GEX",141719,"/Date(1704871094000)/",21900,200,13344000,296063000000,-550,true,-2.45
"GEX",141719,"/Date(1704871094000)/",21900,1000,13343800,296059000000,-550,true,-2.45
"GEX",141719,"/Date(1704871094000)/",21900,1000,13342800,296037000000,-550,true,-2.45
"GEX",141719,"/Date(1704871094000)/",21900,100,13341800,296015000000,-550,true,-2.45
"GEX",141719,"/Date(1704871094000)/",21900,500,13341700,296013000000,-550,true,-2.45
"GEX",141719,"/Date(1704871094000)/",21900,500,13341200,296002000000,-550,true,-2.45
"GEX",141719,"/Date(1704871094000)/",21900,6000,13340700,295991000000,-550,true,-2.45
"GEX",141719,"/Date(1704871094000)/",21900,500,13334700,295860000000,-550,true,-2.45
"GEX",141719,"/Date(1704871094000)/",21900,1000,13334200,295849000000,-550,true,-2.45
"GEX",141719,"/Date(1704871094000)/",21900,200,13333200,295827000000,-550,true,-2.45
"GEX",141719,"/Date(1704871094000)/",21900,3000,13333000,295822000000,-550,true,-2.45
"GEX",141719,"/Date(1704871094000)/",21900,200,13330000,295757000000,-550,true,-2.45
"GEX",141719,"/Date(1704871094000)/",21900,100,13329800,295752000000,-550,true,-2.45
"GEX",141719,"/Date(1704871094000)/",21900,5000,13329700,295750000000,-550,true,-2.45
"GEX",141719,"/Date(1704871094000)/",21900,100,13324700,295641000000,-550,true,-2.45
"GEX",141719,"/Date(1704871094000)/",21900,500,13324600,295638000000,-550,true,-2.45
"GEX",141719,"/Date(1704871094000)/",21900,200,13324100,295628000000,-550,true,-2.45
"GEX",141719,"/Date(1704871094000)/",21900,600,13323900,295623000000,-550,true,-2.45
"GEX",141719,"/Date(1704871094000)/",21900,100,13323300,295610000000,-550,true,-2.45
"GEX",141719,"/Date(1704871094000)/",21900,100,13323200,295608000000,-550,true,-2.45
"GEX",141719,"/Date(1704871094000)/",21900,1000,13323100,295606000000,-550,true,-2.45
"GEX",141719,"/Date(1704871094000)/",21900,100,13322100,295584000000,-550,true,-2.45
"GEX",141719,"/Date(1704871094000)/",21900,1000,13322000,295582000000,-550,true,-2.45
"GEX",141719,"/Date(1704871094000)/",21900,100,13321000,295560000000,-550,true,-2.45
"GEX",141719,"/Date(1704871094000)/",21900,100,13320900,295557000000,-550,true,-2.45
"GEX",141719,"/Date(1704871094000)/",21900,300,13320800,295555000000,-550,true,-2.45
"GEX",141719,"/Date(1704871094000)/",21900,2000,13320500,295549000000,-550,true,-2.45
"GEX",141719,"/Date(1704871094000)/",21900,300,13318500,295505000000,-550,true,-2.45
"GEX",141719,"/Date(1704871094000)/",21900,100,13318200,295498000000,-550,true,-2.45
"GEX",141719,"/Date(1704871094000)/",21900,100,13318100,295496000000,-550,true,-2.45
"GEX",141719,"/Date(1704871094000)/",21900,100,13318000,295494000000,-550,true,-2.45
"GEX",141719,"/Date(1704871094000)/",21900,1000,13317900,295492000000,-550,true,-2.45
"GEX",141719,"/Date(1704871094000)/",21900,500,13316900,295470000000,-550,true,-2.45
"GEX",141719,"/Date(1704871094000)/",21900,1000,13316400,295459000000,-550,true,-2.45
"GEX",141719,"/Date(1704871094000)/",21900,500,13315400,295437000000,-550,true,-2.45
"GEX",141719,"/Date(1704871094000)/",21900,2000,13314900,295426000000,-550,true,-2.45
"GEX",141719,"/Date(1704871094000)/",21900,200,13312900,295382000000,-550,true,-2.45
"GEX",141719,"/Date(1704871094000)/",21900,500,13312700,295378000000,-550,true,-2.45
"GEX",141719,"/Date(1704871094000)/",21900,100,13312200,295367000000,-550,true,-2.45
"GEX",141719,"/Date(1704871094000)/",21900,100,13312100,295365000000,-550,true,-2.45
"GEX",141719,"/Date(1704871094000)/",21900,2900,13312000,295363000000,-550,true,-2.45
"GEX",141719,"/Date(1704871094000)/",21950,100,13309100,295299000000,-500,false,-2.23
"GEX",141719,"/Date(1704871093000)/",21950,500,13309000,295297000000,-500,false,-2.23
"GEX",141719,"/Date(1704871092000)/",21950,300,13308500,295286000000,-500,false,-2.23
"GEX",141716,"/Date(1704871091000)/",21950,1000,13308200,295279000000,-500,false,-2.23
"GEX",141716,"/Date(1704871088000)/",21900,16100,13307200,295257000000,-550,true,-2.45
"GEX",141716,"/Date(1704871088000)/",21900,1000,13291100,294905000000,-550,true,-2.45
"GEX",141716,"/Date(1704871088000)/",21900,2000,13290100,294883000000,-550,true,-2.45
"GEX",141716,"/Date(1704871088000)/",21900,100,13288100,294839000000,-550,true,-2.45
"GEX",141716,"/Date(1704871088000)/",21900,10000,13288000,294837000000,-550,true,-2.45
"GEX",141716,"/Date(1704871088000)/",21900,800,13278000,294618000000,-550,true,-2.45
"GEX",141713,"/Date(1704871087000)/",21950,300,13277200,294600000000,-500,false,-2.23
"GEX",141713,"/Date(1704871087000)/",21950,6600,13276900,294594000000,-500,false,-2.23
"GEX",141713,"/Date(1704871087000)/",21950,500,13270300,294449000000,-500,false,-2.23
"GEX",141713,"/Date(1704871087000)/",21950,4000,13269800,294438000000,-500,false,-2.23
"GEX",141713,"/Date(1704871087000)/",21950,200,13265800,294350000000,-500,false,-2.23
"GEX",141713,"/Date(1704871087000)/",21900,900,13265600,294346000000,-550,true,-2.45
"GEX",141713,"/Date(1704871086000)/",21950,500,13264700,294326000000,-500,false,-2.23
"GEX",141713,"/Date(1704871086000)/",21900,300,13264200,294315000000,-550,true,-2.45
"GEX",141713,"/Date(1704871086000)/",21900,1000,13263900,294308000000,-550,true,-2.45
"GEX",141713,"/Date(1704871086000)/",21900,100,13262900,294287000000,-550,true,-2.45
"GEX",141713,"/Date(1704871086000)/",21900,500,13262800,294284000000,-550,true,-2.45
"GEX",141713,"/Date(1704871086000)/",21900,5000,13262300,294273000000,-550,true,-2.45
"GEX",141713,"/Date(1704871086000)/",21900,1000,13257300,294164000000,-550,true,-2.45
"GEX",141713,"/Date(1704871086000)/",21900,1000,13256300,294142000000,-550,true,-2.45
"GEX",141713,"/Date(1704871086000)/",21900,1100,13255300,294120000000,-550,true,-2.45
"GEX",141713,"/Date(1704871085000)/",21900,10000,13254200,294096000000,-550,true,-2.45
"GEX",141709,"/Date(1704871084000)/",21950,2000,13244200,293877000000,-500,false,-2.23
"GEX",141709,"/Date(1704871081000)/",21900,23000,13242200,293833000000,-550,true,-2.45
"GEX",141706,"/Date(1704871079000)/",21900,400,13219200,293329000000,-550,true,-2.45
"GEX",141706,"/Date(1704871078000)/",21950,4000,13218800,293321000000,-500,false,-2.23
"GEX",141700,"/Date(1704871073000)/",21900,500,13214800,293233000000,-550,true,-2.45
"GEX",141700,"/Date(1704871073000)/",21950,100,13214300,293222000000,-500,false,-2.23
"GEX",141700,"/Date(1704871073000)/",21900,100,13214200,293220000000,-550,true,-2.45
"GEX",141700,"/Date(1704871073000)/",21900,5000,13214100,293218000000,-550,true,-2.45
"GEX",141700,"/Date(1704871072000)/",21950,100,13209100,293108000000,-500,false,-2.23
"GEX",141700,"/Date(1704871072000)/",21900,13000,13209000,293106000000,-550,true,-2.45
"GEX",141657,"/Date(1704871070000)/",21900,21900,13196000,292821000000,-550,true,-2.45
"GEX",141657,"/Date(1704871070000)/",21900,500,13174100,292342000000,-550,true,-2.45
"GEX",141657,"/Date(1704871070000)/",21900,300,13173600,292331000000,-550,true,-2.45
"GEX",141657,"/Date(1704871070000)/",21900,2000,13173300,292324000000,-550,true,-2.45
"GEX",141657,"/Date(1704871070000)/",21900,1000,13171300,292280000000,-550,true,-2.45
"GEX",141657,"/Date(1704871070000)/",21900,4300,13170300,292258000000,-550,true,-2.45
"GEX",141657,"/Date(1704871070000)/",21900,200,13166000,292164000000,-550,true,-2.45
"GEX",141653,"/Date(1704871068000)/",21900,500,13165800,292160000000,-550,true,-2.45
"GEX",141653,"/Date(1704871068000)/",21900,100,13165300,292149000000,-550,true,-2.45
"GEX",141653,"/Date(1704871068000)/",21900,2000,13165200,292147000000,-550,true,-2.45
"GEX",141653,"/Date(1704871068000)/",21900,100,13163200,292103000000,-550,true,-2.45
"GEX",141653,"/Date(1704871068000)/",21900,200,13163100,292101000000,-550,true,-2.45
"GEX",141653,"/Date(1704871068000)/",21900,1000,13162900,292096000000,-550,true,-2.45
"GEX",141653,"/Date(1704871068000)/",21900,100,13161900,292074000000,-550,true,-2.45
"GEX",141653,"/Date(1704871068000)/",21900,1000,13161800,292072000000,-550,true,-2.45
"GEX",141653,"/Date(1704871068000)/",21900,500,13160800,292050000000,-550,true,-2.45
"GEX",141653,"/Date(1704871068000)/",21900,4500,13160300,292039000000,-550,true,-2.45
"GEX",141653,"/Date(1704871065000)/",21900,500,13155800,291941000000,-550,true,-2.45
"GEX",141653,"/Date(1704871065000)/",21900,9500,13155300,291930000000,-550,true,-2.45
"GEX",141650,"/Date(1704871064000)/",21900,2800,13145800,291722000000,-550,true,-2.45
"GEX",141650,"/Date(1704871064000)/",21900,300,13143000,291660000000,-550,true,-2.45
"GEX",141650,"/Date(1704871064000)/",21950,2000,13142700,291654000000,-500,false,-2.23
"GEX",141650,"/Date(1704871063000)/",21900,400,13140700,291610000000,-550,true,-2.45
"GEX",141650,"/Date(1704871063000)/",21900,500,13140300,291601000000,-550,true,-2.45
"GEX",141650,"/Date(1704871063000)/",21900,100,13139800,291590000000,-550,true,-2.45
"GEX",141650,"/Date(1704871063000)/",21900,300,13139700,291588000000,-550,true,-2.45
"GEX",141650,"/Date(1704871063000)/",21900,1000,13139400,291581000000,-550,true,-2.45
"GEX",141650,"/Date(1704871063000)/",21900,100,13138400,291560000000,-550,true,-2.45
"GEX",141650,"/Date(1704871063000)/",21900,5000,13138300,291557000000,-550,true,-2.45
"GEX",141650,"/Date(1704871063000)/",21900,1000,13133300,291448000000,-550,true,-2.45
"GEX",141650,"/Date(1704871063000)/",21900,1400,13132300,291426000000,-550,true,-2.45
"GEX",141650,"/Date(1704871063000)/",21900,200,13130900,291395000000,-550,true,-2.45
"GEX",141650,"/Date(1704871063000)/",21900,100,13130700,291391000000,-550,true,-2.45
"GEX",141650,"/Date(1704871063000)/",21900,100,13130600,291389000000,-550,true,-2.45
"GEX",141650,"/Date(1704871063000)/",21900,200,13130500,291387000000,-550,true,-2.45
"GEX",141650,"/Date(1704871063000)/",21900,1000,13130300,291382000000,-550,true,-2.45
"GEX",141650,"/Date(1704871063000)/",21900,200,13129300,291360000000,-550,true,-2.45
"GEX",141650,"/Date(1704871063000)/",21900,1000,13129100,291356000000,-550,true,-2.45
"GEX",141650,"/Date(1704871063000)/",21900,500,13128100,291334000000,-550,true,-2.45
"GEX",141650,"/Date(1704871063000)/",21900,500,13127600,291323000000,-550,true,-2.45
"GEX",141650,"/Date(1704871063000)/",21900,3100,13127100,291312000000,-550,true,-2.45
"GEX",141650,"/Date(1704871063000)/",21900,500,13124000,291244000000,-550,true,-2.45
"GEX",141650,"/Date(1704871063000)/",21900,200,13123500,291233000000,-550,true,-2.45
"GEX",141650,"/Date(1704871063000)/",21900,100,13123300,291229000000,-550,true,-2.45
"GEX",141650,"/Date(1704871063000)/",21900,1100,13123200,291227000000,-550,true,-2.45
"GEX",141650,"/Date(1704871063000)/",21900,100,13122100,291203000000,-550,true,-2.45
"GEX",141650,"/Date(1704871063000)/",21900,1000,13122000,291200000000,-550,true,-2.45
"GEX",141650,"/Date(1704871063000)/",21900,300,13121000,291179000000,-550,true,-2.45
"GEX",141650,"/Date(1704871062000)/",21900,4700,13120700,291172000000,-550,true,-2.45
"GEX",141650,"/Date(1704871062000)/",21900,200,13116000,291069000000,-550,true,-2.45
"GEX",141650,"/Date(1704871062000)/",21900,100,13115800,291065000000,-550,true,-2.45
"GEX",141650,"/Date(1704871062000)/",21900,3000,13115700,291062000000,-550,true,-2.45
"GEX",141650,"/Date(1704871062000)/",21900,200,13112700,290997000000,-550,true,-2.45
"GEX",141650,"/Date(1704871062000)/",21900,6000,13112500,290992000000,-550,true,-2.45
"GEX",141650,"/Date(1704871062000)/",21900,1000,13106500,290861000000,-550,true,-2.45
"GEX",141650,"/Date(1704871062000)/",21900,3000,13105500,290839000000,-550,true,-2.45
"GEX",141650,"/Date(1704871062000)/",21900,1000,13102500,290773000000,-550,true,-2.45
"GEX",141650,"/Date(1704871062000)/",21900,2000,13101500,290751000000,-550,true,-2.45
"GEX",141650,"/Date(1704871062000)/",21900,500,13099500,290708000000,-550,true,-2.45
"GEX",141650,"/Date(1704871062000)/",21900,100,13099000,290697000000,-550,true,-2.45
"GEX",141650,"/Date(1704871062000)/",21900,500,13098900,290695000000,-550,true,-2.45
"GEX",141650,"/Date(1704871062000)/",21900,100,13098400,290684000000,-550,true,-2.45
"GEX",141650,"/Date(1704871062000)/",21900,100,13098300,290681000000,-550,true,-2.45
"GEX",141650,"/Date(1704871062000)/",21900,500,13098200,290679000000,-550,true,-2.45
"GEX",141650,"/Date(1704871062000)/",21900,500,13097700,290668000000,-550,true,-2.45
"GEX",141650,"/Date(1704871062000)/",21900,10000,13097200,290657000000,-550,true,-2.45
"GEX",141650,"/Date(1704871062000)/",21900,1800,13087200,290438000000,-550,true,-2.45
"GEX",141650,"/Date(1704871062000)/",21900,100,13085400,290399000000,-550,true,-2.45
"GEX",141650,"/Date(1704871062000)/",21900,34600,13085300,290397000000,-550,true,-2.45
"GEX",141647,"/Date(1704871060000)/",21950,5000,13050700,289639000000,-500,false,-2.23
"GEX",141643,"/Date(1704871057000)/",21900,5000,13045700,289529000000,-550,true,-2.45
"GEX",141643,"/Date(1704871057000)/",21900,14800,13040700,289420000000,-550,true,-2.45
"GEX",141643,"/Date(1704871056000)/",21950,300,13025900,289096000000,-500,false,-2.23
"GEX",141643,"/Date(1704871056000)/",21900,6100,13025600,289089000000,-550,true,-2.45
"GEX",141643,"/Date(1704871056000)/",21900,4500,13019500,288955000000,-550,true,-2.45
"GEX",141643,"/Date(1704871056000)/",21900,500,13015000,288857000000,-550,true,-2.45
"GEX",141643,"/Date(1704871056000)/",21900,3000,13014500,288846000000,-550,true,-2.45
"GEX",141643,"/Date(1704871056000)/",21900,200,13011500,288780000000,-550,true,-2.45
"GEX",141643,"/Date(1704871056000)/",21900,100,13011300,288776000000,-550,true,-2.45
"GEX",141643,"/Date(1704871056000)/",21900,500,13011200,288774000000,-550,true,-2.45
"GEX",141643,"/Date(1704871056000)/",21900,500,13010700,288763000000,-550,true,-2.45
"GEX",141643,"/Date(1704871056000)/",21900,300,13010200,288752000000,-550,true,-2.45
"GEX",141643,"/Date(1704871056000)/",21900,400,13009900,288745000000,-550,true,-2.45
"GEX",141640,"/Date(1704871055000)/",21900,800,13009500,288736000000,-550,true,-2.45
"GEX",141640,"/Date(1704871055000)/",21900,400,13008700,288719000000,-550,true,-2.45
"GEX",141634,"/Date(1704871048000)/",21900,3500,13008300,288710000000,-550,true,-2.45
"GEX",141634,"/Date(1704871048000)/",21900,4000,13004800,288633000000,-550,true,-2.45
"GEX",141634,"/Date(1704871047000)/",21900,4200,13000800,288546000000,-550,true,-2.45
"GEX",141634,"/Date(1704871046000)/",21950,200,12996600,288454000000,-500,false,-2.23
"GEX",141631,"/Date(1704871045000)/",21900,1000,12996400,288450000000,-550,true,-2.45
"GEX",141631,"/Date(1704871043000)/",21900,15700,12995400,288428000000,-550,true,-2.45
"GEX",141631,"/Date(1704871043000)/",21900,1000,12979700,288084000000,-550,true,-2.45
"GEX",141631,"/Date(1704871043000)/",21900,100,12978700,288062000000,-550,true,-2.45
"GEX",141631,"/Date(1704871043000)/",21900,1000,12978600,288060000000,-550,true,-2.45
"GEX",141631,"/Date(1704871043000)/",21900,2000,12977600,288038000000,-550,true,-2.45
"GEX",141631,"/Date(1704871043000)/",21900,5000,12975600,287994000000,-550,true,-2.45
"GEX",141631,"/Date(1704871043000)/",21900,200,12970600,287884000000,-550,true,-2.45
"GEX",141627,"/Date(1704871042000)/",21900,500,12970400,287880000000,-550,true,-2.45
"GEX",141627,"/Date(1704871042000)/",21900,1000,12969900,287869000000,-550,true,-2.45
"GEX",141627,"/Date(1704871042000)/",21900,800,12968900,287847000000,-550,true,-2.45
"GEX",141627,"/Date(1704871041000)/",21900,200,12968100,287830000000,-550,true,-2.45
"GEX",141627,"/Date(1704871041000)/",21900,1000,12967900,287825000000,-550,true,-2.45
"GEX",141627,"/Date(1704871041000)/",21900,100,12966900,287803000000,-550,true,-2.45
"GEX",141627,"/Date(1704871041000)/",21900,100,12966800,287801000000,-550,true,-2.45
"GEX",141627,"/Date(1704871041000)/",21900,600,12966700,287799000000,-550,true,-2.45
"GEX",141624,"/Date(1704871038000)/",21900,4400,12966100,287786000000,-550,true,-2.45
"GEX",141624,"/Date(1704871038000)/",21900,500,12961700,287690000000,-550,true,-2.45
"GEX",141624,"/Date(1704871038000)/",21900,100,12961200,287679000000,-550,true,-2.45
"GEX",141624,"/Date(1704871037000)/",21950,100,12961100,287676000000,-500,false,-2.23
"GEX",141621,"/Date(1704871034000)/",21950,300,12961000,287674000000,-500,false,-2.23
"GEX",141621,"/Date(1704871033000)/",21950,1100,12960700,287668000000,-500,false,-2.23
"GEX",141618,"/Date(1704871032000)/",21900,500,12959600,287644000000,-550,true,-2.45
"GEX",141618,"/Date(1704871032000)/",21900,1000,12959100,287633000000,-550,true,-2.45
"GEX",141618,"/Date(1704871032000)/",21900,2500,12958100,287611000000,-550,true,-2.45
"GEX",141618,"/Date(1704871032000)/",21900,500,12955600,287556000000,-550,true,-2.45
"GEX",141618,"/Date(1704871032000)/",21900,900,12955100,287545000000,-550,true,-2.45
"GEX",141618,"/Date(1704871032000)/",21900,1100,12954200,287525000000,-550,true,-2.45
"GEX",141618,"/Date(1704871032000)/",21900,2000,12953100,287501000000,-550,true,-2.45
"GEX",141618,"/Date(1704871032000)/",21900,200,12951100,287457000000,-550,true,-2.45
"GEX",141618,"/Date(1704871032000)/",21900,100,12950900,287453000000,-550,true,-2.45
"GEX",141618,"/Date(1704871032000)/",21900,1600,12950800,287451000000,-550,true,-2.45
"GEX",141618,"/Date(1704871032000)/",21950,1300,12949200,287416000000,-500,false,-2.23
"GEX",141618,"/Date(1704871032000)/",21900,1400,12947900,287387000000,-550,true,-2.45
"GEX",141618,"/Date(1704871032000)/",21900,100,12946500,287357000000,-550,true,-2.45
"GEX",141618,"/Date(1704871032000)/",21900,500,12946400,287354000000,-550,true,-2.45
"GEX",141618,"/Date(1704871032000)/",21900,200,12945900,287343000000,-550,true,-2.45
"GEX",141618,"/Date(1704871032000)/",21900,200,12945700,287339000000,-550,true,-2.45
"GEX",141618,"/Date(1704871032000)/",21900,2000,12945500,287335000000,-550,true,-2.45
"GEX",141618,"/Date(1704871032000)/",21900,100,12943500,287291000000,-550,true,-2.45
"GEX",141618,"/Date(1704871032000)/",21950,200,12943400,287289000000,-500,false,-2.23
"GEX",141618,"/Date(1704871031000)/",21950,100,12943200,287284000000,-500,false,-2.23
"GEX",141618,"/Date(1704871030000)/",21950,800,12943100,287282000000,-500,false,-2.23
"GEX",141615,"/Date(1704871029000)/",21950,100,12942300,287265000000,-500,true,-2.23
"GEX",141615,"/Date(1704871027000)/",21950,100,12942200,287262000000,-500,true,-2.23
"GEX",141615,"/Date(1704871027000)/",21950,400,12942100,287260000000,-500,true,-2.23
"GEX",141615,"/Date(1704871027000)/",21950,1600,12941700,287251000000,-500,true,-2.23
"GEX",141615,"/Date(1704871027000)/",21950,300,12940100,287216000000,-500,true,-2.23
"GEX",141615,"/Date(1704871027000)/",21950,100,12939800,287210000000,-500,true,-2.23
"GEX",141615,"/Date(1704871027000)/",21950,3800,12939700,287207000000,-500,true,-2.23
"GEX",141615,"/Date(1704871027000)/",21950,100,12935900,287124000000,-500,true,-2.23
"GEX",141615,"/Date(1704871027000)/",21950,200,12935800,287122000000,-500,true,-2.23
"GEX",141615,"/Date(1704871027000)/",21950,100,12935600,287117000000,-500,true,-2.23
"GEX",141615,"/Date(1704871027000)/",21950,3000,12935500,287115000000,-500,true,-2.23
"GEX",141615,"/Date(1704871027000)/",21950,100,12932500,287049000000,-500,true,-2.23
"GEX",141615,"/Date(1704871027000)/",21950,700,12932400,287047000000,-500,true,-2.23
"GEX",141615,"/Date(1704871027000)/",21950,300,12931700,287032000000,-500,true,-2.23
"GEX",141615,"/Date(1704871027000)/",21950,100,12931400,287025000000,-500,true,-2.23
"GEX",141615,"/Date(1704871027000)/",21950,100,12931300,287023000000,-500,true,-2.23
"GEX",141615,"/Date(1704871027000)/",21950,500,12931200,287021000000,-500,true,-2.23
"GEX",141615,"/Date(1704871027000)/",21950,500,12930700,287010000000,-500,true,-2.23
"GEX",141615,"/Date(1704871027000)/",21950,1100,12930200,286999000000,-500,true,-2.23
"GEX",141615,"/Date(1704871027000)/",21950,500,12929100,286975000000,-500,true,-2.23
"GEX",141615,"/Date(1704871027000)/",21950,1000,12928600,286964000000,-500,true,-2.23
"GEX",141615,"/Date(1704871027000)/",21950,400,12927600,286942000000,-500,true,-2.23
"GEX",141611,"/Date(1704871026000)/",21950,4600,12927200,286933000000,-500,true,-2.23
"GEX",141611,"/Date(1704871026000)/",21950,400,12922600,286832000000,-500,true,-2.23
"GEX",141611,"/Date(1704871026000)/",21950,600,12922200,286823000000,-500,true,-2.23
"GEX",141611,"/Date(1704871026000)/",21950,1100,12921600,286810000000,-500,true,-2.23
"GEX",141611,"/Date(1704871026000)/",21950,1700,12920500,286786000000,-500,true,-2.23
"GEX",141611,"/Date(1704871026000)/",21950,2200,12918800,286749000000,-500,true,-2.23
"GEX",141611,"/Date(1704871026000)/",21950,27800,12916600,286700000000,-500,true,-2.23
"GEX",141611,"/Date(1704871025000)/",21950,3400,12888800,286090000000,-500,true,-2.23
"GEX",141611,"/Date(1704871025000)/",21950,2000,12885400,286016000000,-500,true,-2.23
"GEX",141611,"/Date(1704871025000)/",21950,1500,12883400,285972000000,-500,true,-2.23
"GEX",141611,"/Date(1704871025000)/",21950,2000,12881900,285939000000,-500,true,-2.23
"GEX",141611,"/Date(1704871024000)/",21950,1800,12879900,285895000000,-500,true,-2.23
"GEX",141611,"/Date(1704871024000)/",21950,50000,12878100,285855000000,-500,true,-2.23
"GEX",141608,"/Date(1704871023000)/",21950,10000,12828100,284758000000,-500,true,-2.23
"GEX",141608,"/Date(1704871023000)/",21950,1500,12818100,284538000000,-500,true,-2.23
"GEX",141608,"/Date(1704871023000)/",21950,500,12816600,284505000000,-500,true,-2.23
"GEX",141608,"/Date(1704871023000)/",21950,100,12816100,284494000000,-500,true,-2.23
"GEX",141608,"/Date(1704871023000)/",21950,500,12816000,284492000000,-500,true,-2.23
"GEX",141608,"/Date(1704871023000)/",21950,300,12815500,284481000000,-500,true,-2.23
"GEX",141608,"/Date(1704871023000)/",21950,49700,12815200,284475000000,-500,true,-2.23
"GEX",141608,"/Date(1704871023000)/",21950,100,12765500,283384000000,-500,true,-2.23
"GEX",141608,"/Date(1704871023000)/",21950,500,12765400,283382000000,-500,true,-2.23
"GEX",141608,"/Date(1704871023000)/",21950,3000,12764900,283371000000,-500,true,-2.23
"GEX",141608,"/Date(1704871023000)/",21950,500,12761900,283305000000,-500,true,-2.23
"GEX",141608,"/Date(1704871023000)/",21950,200,12761400,283294000000,-500,true,-2.23
"GEX",141608,"/Date(1704871023000)/",21950,39900,12761200,283289000000,-500,true,-2.23
"GEX",141608,"/Date(1704871023000)/",21950,10000,12721300,282414000000,-500,true,-2.23
"GEX",141608,"/Date(1704871022000)/",21950,1300,12711300,282194000000,-500,true,-2.23
"GEX",141608,"/Date(1704871022000)/",21950,8800,12710000,282166000000,-500,true,-2.23
"GEX",141608,"/Date(1704871022000)/",21950,500,12701200,281972000000,-500,true,-2.23
"GEX",141608,"/Date(1704871022000)/",21950,1000,12700700,281961000000,-500,true,-2.23
"GEX",141608,"/Date(1704871022000)/",21950,100,12699700,281939000000,-500,true,-2.23
"GEX",141608,"/Date(1704871022000)/",21950,100,12699600,281937000000,-500,true,-2.23
"GEX",141608,"/Date(1704871022000)/",21950,2000,12699500,281935000000,-500,true,-2.23
"GEX",141608,"/Date(1704871022000)/",21950,10000,12697500,281891000000,-500,true,-2.23
"GEX",141608,"/Date(1704871022000)/",21950,2000,12687500,281672000000,-500,true,-2.23
"GEX",141608,"/Date(1704871022000)/",21950,200,12685500,281628000000,-500,true,-2.23
"GEX",141608,"/Date(1704871022000)/",21950,300,12685300,281623000000,-500,true,-2.23
"GEX",141608,"/Date(1704871021000)/",21950,700,12685000,281617000000,-500,true,-2.23
"GEX",141608,"/Date(1704871021000)/",21950,3000,12684300,281601000000,-500,true,-2.23
"GEX",141608,"/Date(1704871021000)/",21950,3000,12681300,281536000000,-500,true,-2.23
"GEX",141608,"/Date(1704871021000)/",21950,400,12678300,281470000000,-500,true,-2.23
"GEX",141608,"/Date(1704871021000)/",21950,100,12677900,281461000000,-500,true,-2.23
"GEX",141608,"/Date(1704871021000)/",21950,200,12677800,281459000000,-500,true,-2.23
"GEX",141608,"/Date(1704871021000)/",21950,500,12677600,281454000000,-500,true,-2.23
"GEX",141608,"/Date(1704871021000)/",21950,800,12677100,281443000000,-500,true,-2.23
"GEX",141608,"/Date(1704871021000)/",21950,10000,12676300,281426000000,-500,true,-2.23
"GEX",141608,"/Date(1704871021000)/",21950,200,12666300,281206000000,-500,true,-2.23
"GEX",141608,"/Date(1704871021000)/",21950,11100,12666100,281202000000,-500,true,-2.23
"GEX",141608,"/Date(1704871021000)/",21950,2000,12655000,280958000000,-500,true,-2.23
"GEX",141608,"/Date(1704871020000)/",21950,6700,12653000,280914000000,-500,true,-2.23
"GEX",141605,"/Date(1704871019000)/",21950,300,12646300,280767000000,-500,true,-2.23
"GEX",141605,"/Date(1704871018000)/",22000,500,12646000,280761000000,-450,false,-2
"GEX",141605,"/Date(1704871018000)/",21950,39900,12645500,280750000000,-500,true,-2.23
"GEX",141605,"/Date(1704871018000)/",21950,200,12605600,279874000000,-500,true,-2.23
"GEX",141605,"/Date(1704871018000)/",21950,100,12605400,279870000000,-500,true,-2.23
"GEX",141605,"/Date(1704871018000)/",21950,1500,12605300,279867000000,-500,true,-2.23
"GEX",141605,"/Date(1704871018000)/",21950,2000,12603800,279834000000,-500,true,-2.23
"GEX",141605,"/Date(1704871018000)/",21950,1900,12601800,279791000000,-500,true,-2.23
"GEX",141605,"/Date(1704871018000)/",21950,100,12599900,279749000000,-500,true,-2.23
"GEX",141605,"/Date(1704871018000)/",21950,1800,12599800,279747000000,-500,true,-2.23
"GEX",141605,"/Date(1704871018000)/",22000,100,12598000,279707000000,-450,false,-2
"GEX",141605,"/Date(1704871018000)/",22000,100,12597900,279705000000,-450,false,-2
"GEX",141605,"/Date(1704871017000)/",21950,200,12597800,279703000000,-500,true,-2.23
"GEX",141605,"/Date(1704871017000)/",21950,2000,12597600,279698000000,-500,true,-2.23
"GEX",141605,"/Date(1704871017000)/",21950,100,12595600,279654000000,-500,true,-2.23
"GEX",141605,"/Date(1704871017000)/",21950,300,12595500,279652000000,-500,true,-2.23
"GEX",141605,"/Date(1704871017000)/",21950,1000,12595200,279646000000,-500,true,-2.23
"GEX",141605,"/Date(1704871017000)/",21950,100,12594200,279624000000,-500,true,-2.23
"GEX",141605,"/Date(1704871017000)/",22000,100,12594100,279621000000,-450,false,-2
"GEX",141605,"/Date(1704871017000)/",21950,400,12594000,279619000000,-500,true,-2.23
"GEX",141605,"/Date(1704871017000)/",21950,1600,12593600,279611000000,-500,true,-2.23
"GEX",141605,"/Date(1704871017000)/",22000,300,12592000,279575000000,-450,false,-2
"GEX",141602,"/Date(1704871015000)/",21950,400,12591700,279569000000,-500,true,-2.23
"GEX",141602,"/Date(1704871015000)/",21950,7000,12591300,279560000000,-500,true,-2.23
"GEX",141602,"/Date(1704871015000)/",21950,4600,12584300,279406000000,-500,true,-2.23
"GEX",141602,"/Date(1704871015000)/",21950,10400,12579700,279305000000,-500,true,-2.23
"GEX",141602,"/Date(1704871015000)/",21950,300,12569300,279077000000,-500,true,-2.23
"GEX",141602,"/Date(1704871015000)/",21950,500,12569000,279071000000,-500,true,-2.23
"GEX",141602,"/Date(1704871015000)/",21950,500,12568500,279060000000,-500,true,-2.23
"GEX",141602,"/Date(1704871015000)/",21950,100,12568000,279049000000,-500,true,-2.23
"GEX",141602,"/Date(1704871015000)/",21950,200,12567900,279046000000,-500,true,-2.23
"GEX",141602,"/Date(1704871014000)/",22000,5000,12567700,279042000000,-450,false,-2
"GEX",141602,"/Date(1704871014000)/",21950,1000,12562700,278932000000,-500,true,-2.23
"GEX",141602,"/Date(1704871014000)/",21950,3000,12561700,278910000000,-500,true,-2.23
"GEX",141602,"/Date(1704871014000)/",21950,6000,12558700,278844000000,-500,true,-2.23
"GEX",141559,"/Date(1704871013000)/",22000,500,12552700,278712000000,-450,false,-2
"GEX",141559,"/Date(1704871013000)/",22000,1000,12552200,278701000000,-450,false,-2
"GEX",141559,"/Date(1704871011000)/",22000,1000,12551200,278679000000,-450,false,-2
"GEX",141559,"/Date(1704871011000)/",21950,14000,12550200,278657000000,-500,true,-2.23
"GEX",141559,"/Date(1704871011000)/",21950,100,12536200,278350000000,-500,true,-2.23
"GEX",141559,"/Date(1704871011000)/",21950,100,12536100,278348000000,-500,true,-2.23
"GEX",141559,"/Date(1704871011000)/",21950,2000,12536000,278346000000,-500,true,-2.23
"GEX",141559,"/Date(1704871011000)/",21950,100,12534000,278302000000,-500,true,-2.23
"GEX",141559,"/Date(1704871011000)/",21950,100,12533900,278300000000,-500,true,-2.23
"GEX",141559,"/Date(1704871011000)/",21950,2000,12533800,278298000000,-500,true,-2.23
"GEX",141559,"/Date(1704871011000)/",21950,6600,12531800,278254000000,-500,true,-2.23
"GEX",141555,"/Date(1704871010000)/",21950,1400,12525200,278109000000,-500,true,-2.23
"GEX",141555,"/Date(1704871010000)/",21950,100,12523800,278078000000,-500,true,-2.23
"GEX",141555,"/Date(1704871009000)/",21950,500,12523700,278076000000,-500,true,-2.23
"GEX",141555,"/Date(1704871009000)/",21950,3000,12523200,278065000000,-500,true,-2.23
"GEX",141555,"/Date(1704871009000)/",22000,100,12520200,277999000000,-450,false,-2
"GEX",141555,"/Date(1704871009000)/",21950,400,12520100,277997000000,-500,true,-2.23
"GEX",141555,"/Date(1704871008000)/",22000,100,12519700,277988000000,-450,false,-2
"GEX",141555,"/Date(1704871007000)/",22000,300,12519600,277986000000,-450,false,-2
"GEX",141555,"/Date(1704871007000)/",22000,100,12519300,277979000000,-450,false,-2
"GEX",141552,"/Date(1704871007000)/",21950,500,12519200,277977000000,-500,true,-2.23
"GEX",141552,"/Date(1704871006000)/",21950,500,12518700,277966000000,-500,true,-2.23
"GEX",141552,"/Date(1704871006000)/",22000,1000,12518200,277955000000,-450,false,-2
"GEX",141549,"/Date(1704871003000)/",22000,200,12517200,277933000000,-450,true,-2
"GEX",141549,"/Date(1704871003000)/",22000,1000,12517000,277929000000,-450,true,-2
"GEX",141549,"/Date(1704871003000)/",22000,200,12516000,277907000000,-450,true,-2
"GEX",141549,"/Date(1704871002000)/",22000,500,12515800,277902000000,-450,true,-2
"GEX",141549,"/Date(1704871000000)/",22000,1000,12515300,277891000000,-450,true,-2
"GEX",141549,"/Date(1704871000000)/",22000,100,12514300,277869000000,-450,true,-2
"GEX",141549,"/Date(1704871000000)/",22000,200,12514200,277867000000,-450,true,-2
"GEX",141549,"/Date(1704871000000)/",22000,500,12514000,277863000000,-450,true,-2
"GEX",141549,"/Date(1704871000000)/",22000,1000,12513500,277852000000,-450,true,-2
"GEX",141549,"/Date(1704871000000)/",22000,100,12512500,277830000000,-450,true,-2
"GEX",141549,"/Date(1704871000000)/",22000,2000,12512400,277827000000,-450,true,-2
"GEX",141549,"/Date(1704871000000)/",22000,4000,12510400,277783000000,-450,true,-2
"GEX",141549,"/Date(1704871000000)/",22000,1000,12506400,277695000000,-450,true,-2
"GEX",141549,"/Date(1704871000000)/",22000,100,12505400,277673000000,-450,true,-2
"GEX",141549,"/Date(1704871000000)/",22000,1000,12505300,277671000000,-450,true,-2
"GEX",141549,"/Date(1704871000000)/",22000,100,12504300,277649000000,-450,true,-2
"GEX",141549,"/Date(1704871000000)/",22000,500,12504200,277647000000,-450,true,-2
"GEX",141549,"/Date(1704871000000)/",22000,100,12503700,277636000000,-450,true,-2
"GEX",141549,"/Date(1704871000000)/",22000,100,12503600,277634000000,-450,true,-2
"GEX",141549,"/Date(1704871000000)/",22000,30000,12503500,277632000000,-450,true,-2
"GEX",141549,"/Date(1704871000000)/",22000,100,12473500,276972000000,-450,true,-2
"GEX",141549,"/Date(1704871000000)/",22000,1000,12473400,276969000000,-450,true,-2
"GEX",141549,"/Date(1704871000000)/",22000,300,12472400,276947000000,-450,true,-2
"GEX",141549,"/Date(1704871000000)/",22000,100,12472100,276941000000,-450,true,-2
"GEX",141549,"/Date(1704871000000)/",22000,100,12472000,276939000000,-450,true,-2
"GEX",141549,"/Date(1704871000000)/",22000,2000,12471900,276936000000,-450,true,-2
"GEX",141549,"/Date(1704871000000)/",22000,20000,12469900,276892000000,-450,true,-2
"GEX",141549,"/Date(1704871000000)/",22000,1000,12449900,276452000000,-450,true,-2
"GEX",141549,"/Date(1704871000000)/",22000,2000,12448900,276430000000,-450,true,-2
"GEX",141549,"/Date(1704871000000)/",22000,300,12446900,276386000000,-450,true,-2
"GEX",141549,"/Date(1704871000000)/",22000,1000,12446600,276380000000,-450,true,-2
"GEX",141549,"/Date(1704871000000)/",22000,500,12445600,276358000000,-450,true,-2
"GEX",141549,"/Date(1704871000000)/",22000,500,12445100,276347000000,-450,true,-2
"GEX",141549,"/Date(1704871000000)/",22000,1000,12444600,276336000000,-450,true,-2
"GEX",141549,"/Date(1704871000000)/",22000,4600,12443600,276314000000,-450,true,-2
"GEX",141549,"/Date(1704871000000)/",22000,400,12439000,276213000000,-450,true,-2
"GEX",141549,"/Date(1704871000000)/",22000,2000,12438600,276204000000,-450,true,-2
"GEX",141549,"/Date(1704871000000)/",22000,2000,12436600,276160000000,-450,true,-2
"GEX",141549,"/Date(1704871000000)/",22000,1000,12434600,276116000000,-450,true,-2
"GEX",141549,"/Date(1704871000000)/",22000,1000,12433600,276094000000,-450,true,-2
"GEX",141549,"/Date(1704871000000)/",22000,200,12432600,276072000000,-450,true,-2
"GEX",141549,"/Date(1704871000000)/",22000,7700,12432400,276067000000,-450,true,-2
"GEX",141549,"/Date(1704871000000)/",22000,500,12424700,275898000000,-450,true,-2
"GEX",141549,"/Date(1704871000000)/",22000,100,12424200,275887000000,-450,true,-2
"GEX",141549,"/Date(1704871000000)/",22000,100,12424100,275885000000,-450,true,-2
"GEX",141549,"/Date(1704871000000)/",22000,1000,12424000,275883000000,-450,true,-2
"GEX",141549,"/Date(1704871000000)/",22000,100,12423000,275861000000,-450,true,-2
"GEX",141549,"/Date(1704871000000)/",22000,500,12422900,275858000000,-450,true,-2
"GEX",141549,"/Date(1704871000000)/",22000,500,12422400,275847000000,-450,true,-2
"GEX",141549,"/Date(1704871000000)/",22000,1900,12421900,275836000000,-450,true,-2
"GEX",141549,"/Date(1704871000000)/",22000,100,12420000,275795000000,-450,true,-2
"GEX",141549,"/Date(1704871000000)/",22000,500,12419900,275792000000,-450,true,-2
"GEX",141549,"/Date(1704871000000)/",22000,1000,12419400,275781000000,-450,true,-2
"GEX",141549,"/Date(1704871000000)/",22000,1000,12418400,275759000000,-450,true,-2
"GEX",141549,"/Date(1704871000000)/",22000,100,12417400,275737000000,-450,true,-2
"GEX",141549,"/Date(1704871000000)/",22000,200,12417300,275735000000,-450,true,-2
"GEX",141549,"/Date(1704871000000)/",22000,100000,12417100,275731000000,-450,true,-2
"GEX",141549,"/Date(1704871000000)/",22000,300,12317100,273531000000,-450,true,-2
"GEX",141549,"/Date(1704871000000)/",22000,200,12316800,273524000000,-450,true,-2
"GEX",141549,"/Date(1704871000000)/",22000,500,12316600,273520000000,-450,true,-2
"GEX",141549,"/Date(1704871000000)/",22000,200,12316100,273509000000,-450,true,-2
"GEX",141549,"/Date(1704871000000)/",22000,200,12315900,273504000000,-450,true,-2
"GEX",141549,"/Date(1704871000000)/",22000,400,12315700,273500000000,-450,true,-2
"GEX",141549,"/Date(1704871000000)/",22000,1000,12315300,273491000000,-450,true,-2
"GEX",141549,"/Date(1704871000000)/",22000,300,12314300,273469000000,-450,true,-2
"GEX",141549,"/Date(1704871000000)/",22000,1000,12314000,273463000000,-450,true,-2
"GEX",141549,"/Date(1704871000000)/",22000,5000,12313000,273441000000,-450,true,-2
"GEX",141549,"/Date(1704871000000)/",22000,1000,12308000,273331000000,-450,true,-2
"GEX",141549,"/Date(1704871000000)/",22000,500,12307000,273309000000,-450,true,-2
"GEX",141549,"/Date(1704871000000)/",22000,200,12306500,273298000000,-450,true,-2
"GEX",141549,"/Date(1704871000000)/",22000,1000,12306300,273293000000,-450,true,-2
"GEX",141549,"/Date(1704871000000)/",22000,200,12305300,273271000000,-450,true,-2
"GEX",141549,"/Date(1704871000000)/",22000,2000,12305100,273267000000,-450,true,-2
"GEX",141549,"/Date(1704871000000)/",22000,100,12303100,273223000000,-450,true,-2
"GEX",141549,"/Date(1704871000000)/",22000,2500,12303000,273221000000,-450,true,-2
"GEX",141549,"/Date(1704871000000)/",22000,5000,12300500,273166000000,-450,true,-2
"GEX",141549,"/Date(1704871000000)/",22000,300,12295500,273056000000,-450,true,-2
"GEX",141549,"/Date(1704871000000)/",22000,200,12295200,273049000000,-450,true,-2
"GEX",141549,"/Date(1704871000000)/",22000,100,12295000,273045000000,-450,true,-2
"GEX",141549,"/Date(1704871000000)/",22000,100,12294900,273042000000,-450,true,-2
"GEX",141549,"/Date(1704871000000)/",22000,500,12294800,273040000000,-450,true,-2
"GEX",141549,"/Date(1704871000000)/",22000,1600,12294300,273029000000,-450,true,-2
"GEX",141549,"/Date(1704871000000)/",22000,200,12292700,272994000000,-450,true,-2
"GEX",141549,"/Date(1704871000000)/",22000,100,12292500,272990000000,-450,true,-2
"GEX",141549,"/Date(1704871000000)/",22000,100,12292400,272987000000,-450,true,-2
"GEX",141549,"/Date(1704871000000)/",22000,200,12292300,272985000000,-450,true,-2
"GEX",141549,"/Date(1704871000000)/",22000,300,12292100,272981000000,-450,true,-2
"GEX",141549,"/Date(1704871000000)/",22000,3000,12291800,272974000000,-450,true,-2
"GEX",141549,"/Date(1704871000000)/",22000,1000,12288800,272908000000,-450,true,-2
"GEX",141549,"/Date(1704871000000)/",22000,500,12287800,272886000000,-450,true,-2
"GEX",141549,"/Date(1704871000000)/",22000,1000,12287300,272875000000,-450,true,-2
"GEX",141549,"/Date(1704871000000)/",22000,100,12286300,272853000000,-450,true,-2
"GEX",141549,"/Date(1704871000000)/",22000,100,12286200,272851000000,-450,true,-2
"GEX",141549,"/Date(1704871000000)/",22000,1900,12286100,272849000000,-450,true,-2
"GEX",141549,"/Date(1704871000000)/",22000,1000,12284200,272807000000,-450,true,-2
"GEX",141549,"/Date(1704871000000)/",22000,5000,12283200,272785000000,-450,true,-2
"GEX",141549,"/Date(1704871000000)/",22000,300,12278200,272675000000,-450,true,-2
"GEX",141549,"/Date(1704871000000)/",22000,500,12277900,272668000000,-450,true,-2
"GEX",141549,"/Date(1704871000000)/",22000,500,12277400,272657000000,-450,true,-2
"GEX",141549,"/Date(1704871000000)/",22000,1000,12276900,272646000000,-450,true,-2
"GEX",141549,"/Date(1704871000000)/",22000,3000,12275900,272624000000,-450,true,-2
"GEX",141549,"/Date(1704871000000)/",22000,100,12272900,272558000000,-450,true,-2
"GEX",141549,"/Date(1704871000000)/",22000,100,12272800,272556000000,-450,true,-2
"GEX",141549,"/Date(1704871000000)/",22000,200,12272700,272554000000,-450,true,-2
"GEX",141549,"/Date(1704871000000)/",22000,200,12272500,272550000000,-450,true,-2
"GEX",141549,"/Date(1704871000000)/",22000,100,12272300,272545000000,-450,true,-2
"GEX",141549,"/Date(1704871000000)/",22000,500,12272200,272543000000,-450,true,-2
"GEX",141549,"/Date(1704871000000)/",22000,600,12271700,272532000000,-450,true,-2
"GEX",141549,"/Date(1704871000000)/",22000,1000,12271100,272519000000,-450,true,-2
"GEX",141549,"/Date(1704871000000)/",22000,2000,12270100,272497000000,-450,true,-2
"GEX",141549,"/Date(1704871000000)/",22000,100,12268100,272453000000,-450,true,-2
"GEX",141549,"/Date(1704871000000)/",22000,500,12268000,272451000000,-450,true,-2
"GEX",141549,"/Date(1704871000000)/",22000,300,12267500,272440000000,-450,true,-2
"GEX",141549,"/Date(1704871000000)/",22000,100,12267200,272433000000,-450,true,-2
"GEX",141549,"/Date(1704871000000)/",22000,100,12267100,272431000000,-450,true,-2
"GEX",141549,"/Date(1704871000000)/",22000,10000,12267000,272429000000,-450,true,-2
"GEX",141549,"/Date(1704871000000)/",22000,100,12257000,272209000000,-450,true,-2
"GEX",141549,"/Date(1704871000000)/",22000,5000,12256900,272206000000,-450,true,-2
"GEX",141549,"/Date(1704871000000)/",22000,1000,12251900,272096000000,-450,true,-2
"GEX",141549,"/Date(1704871000000)/",22000,1000,12250900,272074000000,-450,true,-2
