"Stockcode","Package","TradingDate","Price","Vol","TotalVol","TotalVal","Change","IsBuy","PerChange"
"HQC",144409,"/Date(1704872701000)/",4180,843900,9634000,40933000000,-140,false,-3.24
"HQC",142855,"/Date(1704871789000)/",4230,1000,8790100,37406000000,-90,false,-2.08
"HQC",142851,"/Date(1704871784000)/",4220,1000,8789100,37402000000,-100,true,-2.31
"HQC",142842,"/Date(1704871776000)/",4220,200,8788100,37397000000,-100,true,-2.31
"HQC",142842,"/Date(1704871776000)/",4220,600,8787900,37397000000,-100,true,-2.31
"HQC",142842,"/Date(1704871776000)/",4220,1300,8787300,37394000000,-100,true,-2.31
"HQC",142842,"/Date(1704871776000)/",4220,600,8786000,37389000000,-100,true,-2.31
"HQC",142842,"/Date(1704871776000)/",4220,3000,8785400,37386000000,-100,true,-2.31
"HQC",142842,"/Date(1704871776000)/",4220,16400,8782400,37373000000,-100,true,-2.31
"HQC",142835,"/Date(1704871770000)/",4230,100,8766000,37304000000,-90,false,-2.08
"HQC",142835,"/Date(1704871770000)/",4230,4900,8765900,37304000000,-90,false,-2.08
"HQC",142835,"/Date(1704871769000)/",4230,1000,8761000,37283000000,-90,false,-2.08
"HQC",142835,"/Date(1704871768000)/",4230,100,8760000,37279000000,-90,false,-2.08
"HQC",142822,"/Date(1704871756000)/",4230,300,8759900,37278000000,-90,false,-2.08
"HQC",142819,"/Date(1704871754000)/",4230,1700,8759600,37277000000,-90,false,-2.08
"HQC",142819,"/Date(1704871754000)/",4230,500,8757900,37270000000,-90,false,-2.08
"HQC",142819,"/Date(1704871753000)/",4230,1500,8757400,37268000000,-90,false,-2.08
"HQC",142816,"/Date(1704871750000)/",4230,1000,8755900,37261000000,-90,true,-2.08
"HQC",142816,"/Date(1704871750000)/",4230,6300,8754900,37257000000,-90,true,-2.08
"HQC",142813,"/Date(1704871746000)/",4230,300,8748600,37231000000,-90,false,-2.08
"HQC",142813,"/Date(1704871746000)/",4230,3400,8748300,37229000000,-90,false,-2.08
"HQC",142813,"/Date(1704871746000)/",4230,2000,8744900,37215000000,-90,false,-2.08
"HQC",142813,"/Date(1704871746000)/",4230,100,8742900,37206000000,-90,false,-2.08
"HQC",142813,"/Date(1704871746000)/",4230,4400,8742800,37206000000,-90,false,-2.08
"HQC",142810,"/Date(1704871742000)/",4230,200,8738400,37187000000,-90,false,-2.08
"HQC",142747,"/Date(1704871720000)/",4230,400,8738200,37187000000,-90,false,-2.08
"HQC",142747,"/Date(1704871720000)/",4230,800,8737800,37185000000,-90,false,-2.08
"HQC",142734,"/Date(1704871708000)/",4220,3600,8737000,37181000000,-100,true,-2.31
"HQC",142734,"/Date(1704871708000)/",4220,8400,8733400,37166000000,-100,true,-2.31
"HQC",142722,"/Date(1704871695000)/",4220,1600,8725000,37131000000,-100,true,-2.31
"HQC",142722,"/Date(1704871695000)/",4220,200,8723400,37124000000,-100,true,-2.31
"HQC",142722,"/Date(1704871695000)/",4220,3200,8723200,37123000000,-100,true,-2.31
"HQC",142722,"/Date(1704871694000)/",4220,12100,8720000,37110000000,-100,true,-2.31
"HQC",142718,"/Date(1704871691000)/",4220,2000,8707900,37059000000,-100,false,-2.31
"HQC",142718,"/Date(1704871691000)/",4220,2000,8705900,37050000000,-100,false,-2.31
"HQC",142718,"/Date(1704871691000)/",4220,600,8703900,37042000000,-100,false,-2.31
"HQC",142718,"/Date(1704871691000)/",4220,2000,8703300,37039000000,-100,false,-2.31
"HQC",142718,"/Date(1704871691000)/",4220,100,8701300,37031000000,-100,false,-2.31
"HQC",142718,"/Date(1704871691000)/",4220,2000,8701200,37030000000,-100,false,-2.31
"HQC",142718,"/Date(1704871691000)/",4220,16000,8699200,37022000000,-100,false,-2.31
"HQC",142715,"/Date(1704871690000)/",4220,100,8683200,36954000000,-100,false,-2.31
"HQC",142709,"/Date(1704871682000)/",4220,100,8683100,36954000000,-100,false,-2.31
"HQC",142646,"/Date(1704871659000)/",4220,100,8683000,36954000000,-100,false,-2.31
"HQC",142640,"/Date(1704871655000)/",4210,6100,8682900,36953000000,-110,true,-2.55
"HQC",142640,"/Date(1704871655000)/",4210,2900,8676800,36927000000,-110,true,-2.55
"HQC",142640,"/Date(1704871652000)/",4220,50000,8673900,36915000000,-100,false,-2.31
"HQC",142640,"/Date(1704871652000)/",4220,300,8623900,36704000000,-100,false,-2.31
"HQC",142640,"/Date(1704871652000)/",4220,10000,8623600,36703000000,-100,false,-2.31
"HQC",142637,"/Date(1704871652000)/",4210,2100,8613600,36661000000,-110,true,-2.55
"HQC",142637,"/Date(1704871652000)/",4210,300,8611500,36652000000,-110,true,-2.55
"HQC",142634,"/Date(1704871647000)/",4210,100,8611200,36651000000,-110,true,-2.55
"HQC",142630,"/Date(1704871643000)/",4220,300,8611100,36650000000,-100,false,-2.31
"HQC",142618,"/Date(1704871630000)/",4210,100,8610800,36649000000,-110,false,-2.55
"HQC",142618,"/Date(1704871630000)/",4210,100,8610700,36649000000,-110,false,-2.55
"HQC",142618,"/Date(1704871630000)/",4210,2000,8610600,36648000000,-110,false,-2.55
"HQC",142614,"/Date(1704871627000)/",4210,1000,8608600,36640000000,-110,false,-2.55
"HQC",142614,"/Date(1704871626000)/",4210,500,8607600,36636000000,-110,false,-2.55
"HQC",142611,"/Date(1704871626000)/",4210,2100,8607100,36633000000,-110,false,-2.55
"HQC",142611,"/Date(1704871626000)/",4210,5000,8605000,36625000000,-110,false,-2.55
"HQC",142611,"/Date(1704871626000)/",4210,2900,8600000,36604000000,-110,false,-2.55
"HQC",142611,"/Date(1704871624000)/",4210,100,8597100,36591000000,-110,false,-2.55
"HQC",142608,"/Date(1704871622000)/",4210,2000,8597000,36591000000,-110,false,-2.55
"HQC",142605,"/Date(1704871619000)/",4210,2800,8595000,36583000000,-110,false,-2.55
"HQC",142605,"/Date(1704871618000)/",4210,1000,8592200,36571000000,-110,false,-2.55
"HQC",142601,"/Date(1704871616000)/",4210,200,8591200,36567000000,-110,false,-2.55
"HQC",142555,"/Date(1704871607000)/",4210,2000,8591000,36566000000,-110,false,-2.55
"HQC",142546,"/Date(1704871598000)/",4210,1000,8589000,36557000000,-110,false,-2.55
"HQC",142542,"/Date(1704871594000)/",4210,500,8588000,36553000000,-110,false,-2.55
"HQC",142539,"/Date(1704871592000)/",4200,800,8587500,36551000000,-120,true,-2.78
"HQC",142533,"/Date(1704871587000)/",4210,5500,8586700,36548000000,-110,true,-2.55
"HQC",142530,"/Date(1704871583000)/",4210,100,8581200,36524000000,-110,false,-2.55
"HQC",142530,"/Date(1704871583000)/",4210,1700,8581100,36524000000,-110,false,-2.55
"HQC",142530,"/Date(1704871583000)/",4210,2700,8579400,36517000000,-110,false,-2.55
"HQC",142520,"/Date(1704871573000)/",4200,4100,8576700,36505000000,-120,true,-2.78
"HQC",142520,"/Date(1704871573000)/",4200,1000,8572600,36488000000,-120,true,-2.78
"HQC",142520,"/Date(1704871573000)/",4200,2100,8571600,36484000000,-120,true,-2.78
"HQC",142517,"/Date(1704871571000)/",4210,2000,8569500,36475000000,-110,false,-2.55
"HQC",142510,"/Date(1704871565000)/",4210,6300,8567500,36467000000,-110,false,-2.55
"HQC",142510,"/Date(1704871565000)/",4210,22900,8561200,36440000000,-110,false,-2.55
"HQC",142510,"/Date(1704871565000)/",4210,800,8538300,36344000000,-110,false,-2.55
"HQC",142507,"/Date(1704871562000)/",4210,1300,8537500,36341000000,-110,false,-2.55
"HQC",142507,"/Date(1704871560000)/",4210,100,8536200,36335000000,-110,false,-2.55
"HQC",142501,"/Date(1704871555000)/",4210,1000,8536100,36335000000,-110,false,-2.55
"HQC",142454,"/Date(1704871549000)/",4210,100,8535100,36330000000,-110,false,-2.55
"HQC",142454,"/Date(1704871547000)/",4200,2500,8535000,36330000000,-120,true,-2.78
"HQC",142454,"/Date(1704871547000)/",4210,5000,8532500,36319000000,-110,false,-2.55
"HQC",142451,"/Date(1704871545000)/",4210,11600,8527500,36298000000,-110,false,-2.55
"HQC",142451,"/Date(1704871545000)/",4210,10000,8515900,36250000000,-110,false,-2.55
"HQC",142451,"/Date(1704871545000)/",4210,2400,8505900,36208000000,-110,false,-2.55
"HQC",142451,"/Date(1704871543000)/",4210,100,8503500,36197000000,-110,false,-2.55
"HQC",142448,"/Date(1704871541000)/",4210,100,8503400,36197000000,-110,false,-2.55
"HQC",142435,"/Date(1704871530000)/",4210,700,8503300,36197000000,-110,false,-2.55
"HQC",142435,"/Date(1704871528000)/",4210,300,8502600,36194000000,-110,false,-2.55
"HQC",142432,"/Date(1704871525000)/",4210,3000,8502300,36192000000,-110,false,-2.55
"HQC",142425,"/Date(1704871520000)/",4210,9000,8499300,36180000000,-110,false,-2.55
"HQC",142425,"/Date(1704871520000)/",4210,2000,8490300,36142000000,-110,false,-2.55
"HQC",142425,"/Date(1704871520000)/",4210,300,8488300,36133000000,-110,false,-2.55
"HQC",142425,"/Date(1704871520000)/",4210,8700,8488000,36132000000,-110,false,-2.55
"HQC",142425,"/Date(1704871520000)/",4210,4100,8479300,36096000000,-110,false,-2.55
"HQC",142425,"/Date(1704871520000)/",4210,2000,8475200,36078000000,-110,false,-2.55
"HQC",142425,"/Date(1704871520000)/",4210,1000,8473200,36070000000,-110,false,-2.55
"HQC",142425,"/Date(1704871520000)/",4210,10600,8472200,36066000000,-110,false,-2.55
"HQC",142419,"/Date(1704871513000)/",4210,100,8461600,36021000000,-110,true,-2.55
"HQC",142419,"/Date(1704871512000)/",4220,1000,8461500,36021000000,-100,false,-2.31
"HQC",142416,"/Date(1704871509000)/",4220,500,8460500,36016000000,-100,false,-2.31
"HQC",142413,"/Date(1704871507000)/",4220,25900,8460000,36014000000,-100,false,-2.31
"HQC",142409,"/Date(1704871503000)/",4210,1100,8434100,35905000000,-110,true,-2.55
"HQC",142357,"/Date(1704871491000)/",4220,1000,8433000,35900000000,-100,false,-2.31
"HQC",142357,"/Date(1704871490000)/",4220,500,8432000,35896000000,-100,false,-2.31
"HQC",142350,"/Date(1704871483000)/",4210,8200,8431500,35894000000,-110,true,-2.55
"HQC",142350,"/Date(1704871483000)/",4210,1000,8423300,35859000000,-110,true,-2.55
"HQC",142350,"/Date(1704871483000)/",4210,6000,8422300,35855000000,-110,true,-2.55
"HQC",142337,"/Date(1704871471000)/",4210,100,8416300,35830000000,-110,true,-2.55
"HQC",142328,"/Date(1704871461000)/",4220,15000,8416200,35830000000,-100,false,-2.31
"HQC",142321,"/Date(1704871455000)/",4220,10000,8401200,35766000000,-100,false,-2.31
"HQC",142312,"/Date(1704871445000)/",4220,29200,8391200,35724000000,-100,false,-2.31
"HQC",142312,"/Date(1704871445000)/",4220,800,8362000,35601000000,-100,false,-2.31
"HQC",142312,"/Date(1704871444000)/",4220,200,8361200,35597000000,-100,false,-2.31
"HQC",142256,"/Date(1704871429000)/",4200,4000,8361000,35597000000,-120,true,-2.78
"HQC",142256,"/Date(1704871429000)/",4210,100,8357000,35580000000,-110,false,-2.55
"HQC",142256,"/Date(1704871429000)/",4210,500,8356900,35579000000,-110,false,-2.55
"HQC",142256,"/Date(1704871429000)/",4210,300,8356400,35577000000,-110,false,-2.55
"HQC",142249,"/Date(1704871422000)/",4210,100,8356100,35576000000,-110,false,-2.55
"HQC",142249,"/Date(1704871421000)/",4210,1000,8356000,35576000000,-110,false,-2.55
"HQC",142246,"/Date(1704871420000)/",4210,300,8355000,35571000000,-110,false,-2.55
"HQC",142246,"/Date(1704871419000)/",4210,500,8354700,35570000000,-110,false,-2.55
"HQC",142246,"/Date(1704871419000)/",4210,1700,8354200,35568000000,-110,false,-2.55
"HQC",142246,"/Date(1704871419000)/",4210,4000,8352500,35561000000,-110,false,-2.55
"HQC",142246,"/Date(1704871419000)/",4210,4300,8348500,35544000000,-110,false,-2.55
"HQC",142246,"/Date(1704871418000)/",4210,100,8344200,35526000000,-110,false,-2.55
"HQC",142243,"/Date(1704871417000)/",4210,100,8344100,35526000000,-110,false,-2.55
"HQC",142243,"/Date(1704871417000)/",4210,500,8344000,35525000000,-110,false,-2.55
"HQC",142243,"/Date(1704871417000)/",4210,100,8343500,35523000000,-110,false,-2.55
"HQC",142233,"/Date(1704871408000)/",4210,100,8343400,35523000000,-110,false,-2.55
"HQC",142233,"/Date(1704871407000)/",4210,1000,8343300,35522000000,-110,false,-2.55
"HQC",142230,"/Date(1704871404000)/",4210,200,8342300,35518000000,-110,false,-2.55
"HQC",142224,"/Date(1704871398000)/",4200,1400,8342100,35517000000,-120,true,-2.78
"HQC",142224,"/Date(1704871398000)/",4200,100,8340700,35511000000,-120,true,-2.78
"HQC",142224,"/Date(1704871398000)/",4200,300,8340600,35511000000,-120,true,-2.78
"HQC",142224,"/Date(1704871398000)/",4200,100,8340300,35510000000,-120,true,-2.78
"HQC",142224,"/Date(1704871398000)/",4200,300,8340200,35509000000,-120,true,-2.78
"HQC",142214,"/Date(1704871388000)/",4200,2000,8339900,35508000000,-120,true,-2.78
"HQC",142211,"/Date(1704871384000)/",4200,100,8337900,35499000000,-120,false,-2.78
"HQC",142211,"/Date(1704871384000)/",4200,100,8337800,35499000000,-120,false,-2.78
"HQC",142211,"/Date(1704871384000)/",4200,4500,8337700,35499000000,-120,false,-2.78
"HQC",142211,"/Date(1704871384000)/",4200,4000,8333200,35480000000,-120,false,-2.78
"HQC",142211,"/Date(1704871384000)/",4190,1000,8329200,35463000000,-130,true,-3.01
"HQC",142211,"/Date(1704871383000)/",4200,600,8328200,35459000000,-120,false,-2.78
"HQC",142208,"/Date(1704871381000)/",4200,3000,8327600,35456000000,-120,false,-2.78
"HQC",142208,"/Date(1704871381000)/",4200,900,8324600,35444000000,-120,false,-2.78
"HQC",142208,"/Date(1704871381000)/",4200,3200,8323700,35440000000,-120,false,-2.78
"HQC",142208,"/Date(1704871381000)/",4200,10000,8320500,35426000000,-120,false,-2.78
"HQC",142208,"/Date(1704871381000)/",4200,3000,8310500,35384000000,-120,false,-2.78
"HQC",142208,"/Date(1704871381000)/",4200,2900,8307500,35372000000,-120,false,-2.78
"HQC",142204,"/Date(1704871377000)/",4200,100,8304600,35360000000,-120,false,-2.78
"HQC",142201,"/Date(1704871376000)/",4200,10000,8304500,35359000000,-120,false,-2.78
"HQC",142155,"/Date(1704871369000)/",4200,500,8294500,35317000000,-120,false,-2.78
"HQC",142155,"/Date(1704871368000)/",4200,700,8294000,35315000000,-120,false,-2.78
"HQC",142155,"/Date(1704871368000)/",4200,500,8293300,35312000000,-120,false,-2.78
"HQC",142155,"/Date(1704871368000)/",4200,1000,8292800,35310000000,-120,false,-2.78
"HQC",142145,"/Date(1704871360000)/",4190,200,8291800,35306000000,-130,true,-3.01
"HQC",142142,"/Date(1704871357000)/",4200,2000,8291600,35305000000,-120,false,-2.78
"HQC",142142,"/Date(1704871356000)/",4190,2300,8289600,35297000000,-130,true,-3.01
"HQC",142142,"/Date(1704871356000)/",4190,2000,8287300,35287000000,-130,true,-3.01
"HQC",142142,"/Date(1704871356000)/",4190,15700,8285300,35279000000,-130,true,-3.01
"HQC",142136,"/Date(1704871350000)/",4200,200,8269600,35213000000,-120,false,-2.78
"HQC",142132,"/Date(1704871347000)/",4200,100,8269400,35212000000,-120,false,-2.78
"HQC",142132,"/Date(1704871347000)/",4200,100,8269300,35212000000,-120,false,-2.78
"HQC",142132,"/Date(1704871347000)/",4200,100,8269200,35211000000,-120,false,-2.78
"HQC",142132,"/Date(1704871347000)/",4200,1600,8269100,35211000000,-120,false,-2.78
"HQC",142132,"/Date(1704871347000)/",4200,400,8267500,35204000000,-120,false,-2.78
"HQC",142132,"/Date(1704871345000)/",4200,4500,8267100,35202000000,-120,false,-2.78
"HQC",142126,"/Date(1704871341000)/",4200,3500,8262600,35183000000,-120,false,-2.78
"HQC",142126,"/Date(1704871341000)/",4200,50000,8259100,35169000000,-120,false,-2.78
"HQC",142126,"/Date(1704871341000)/",4200,20000,8209100,34959000000,-120,false,-2.78
"HQC",142126,"/Date(1704871341000)/",4200,26500,8189100,34875000000,-120,false,-2.78
"HQC",142123,"/Date(1704871335000)/",4190,2000,8162600,34763000000,-130,true,-3.01
"HQC",142123,"/Date(1704871335000)/",4190,2300,8160600,34755000000,-130,true,-3.01
"HQC",142119,"/Date(1704871332000)/",4190,300,8158300,34745000000,-130,false,-3.01
"HQC",142116,"/Date(1704871331000)/",4190,1500,8158000,34744000000,-130,false,-3.01
"HQC",142116,"/Date(1704871331000)/",4180,600,8156500,34738000000,-140,true,-3.24
"HQC",142116,"/Date(1704871331000)/",4180,500,8155900,34735000000,-140,true,-3.24
"HQC",142116,"/Date(1704871331000)/",4180,300,8155400,34733000000,-140,true,-3.24
"HQC",142116,"/Date(1704871331000)/",4180,100,8155100,34732000000,-140,true,-3.24
"HQC",142116,"/Date(1704871331000)/",4180,800,8155000,34732000000,-140,true,-3.24
"HQC",142116,"/Date(1704871331000)/",4190,1000,8154200,34728000000,-130,false,-3.01
"HQC",142116,"/Date(1704871330000)/",4190,1000,8153200,34724000000,-130,false,-3.01
"HQC",142116,"/Date(1704871330000)/",4190,100,8152200,34720000000,-130,false,-3.01
"HQC",142113,"/Date(1704871327000)/",4190,1000,8152100,34719000000,-130,false,-3.01
"HQC",142113,"/Date(1704871327000)/",4190,600,8151100,34715000000,-130,false,-3.01
"HQC",142113,"/Date(1704871327000)/",4190,200,8150500,34713000000,-130,false,-3.01
"HQC",142113,"/Date(1704871327000)/",4190,10000,8150300,34712000000,-130,false,-3.01
"HQC",142113,"/Date(1704871327000)/",4190,4800,8140300,34670000000,-130,false,-3.01
"HQC",142113,"/Date(1704871326000)/",4190,700,8135500,34650000000,-130,false,-3.01
"HQC",142110,"/Date(1704871324000)/",4190,400,8134800,34647000000,-130,false,-3.01
"HQC",142110,"/Date(1704871324000)/",4190,300,8134400,34645000000,-130,false,-3.01
"HQC",142110,"/Date(1704871323000)/",4190,100,8134100,34644000000,-130,false,-3.01
"HQC",142110,"/Date(1704871323000)/",4190,200,8134000,34644000000,-130,false,-3.01
"HQC",142110,"/Date(1704871322000)/",4190,3000,8133800,34643000000,-130,false,-3.01
"HQC",142110,"/Date(1704871322000)/",4190,100,8130800,34630000000,-130,false,-3.01
"HQC",142110,"/Date(1704871322000)/",4190,10000,8130700,34630000000,-130,false,-3.01
"HQC",142107,"/Date(1704871320000)/",4190,100,8120700,34588000000,-130,false,-3.01
"HQC",142103,"/Date(1704871318000)/",4190,300,8120600,34587000000,-130,false,-3.01
"HQC",142100,"/Date(1704871315000)/",4180,3600,8120300,34586000000,-140,true,-3.24
"HQC",142100,"/Date(1704871313000)/",4190,4700,8116700,34571000000,-130,false,-3.01
"HQC",142057,"/Date(1704871311000)/",4190,5000,8112000,34551000000,-130,false,-3.01
"HQC",142054,"/Date(1704871308000)/",4180,600,8107000,34531000000,-140,true,-3.24
"HQC",142054,"/Date(1704871308000)/",4180,500,8106400,34528000000,-140,true,-3.24
"HQC",142054,"/Date(1704871308000)/",4180,500,8105900,34526000000,-140,true,-3.24
"HQC",142054,"/Date(1704871308000)/",4180,500,8105400,34524000000,-140,true,-3.24
"HQC",142054,"/Date(1704871308000)/",4180,500,8104900,34522000000,-140,true,-3.24
"HQC",142054,"/Date(1704871308000)/",4180,100,8104400,34520000000,-140,true,-3.24
"HQC",142054,"/Date(1704871308000)/",4180,2300,8104300,34519000000,-140,true,-3.24
"HQC",142054,"/Date(1704871308000)/",4190,200,8102000,34510000000,-130,false,-3.01
"HQC",142054,"/Date(1704871307000)/",4190,5000,8101800,34509000000,-130,false,-3.01
"HQC",142051,"/Date(1704871305000)/",4190,100,8096800,34488000000,-130,false,-3.01
"HQC",142051,"/Date(1704871305000)/",4190,6400,8096700,34487000000,-130,false,-3.01
"HQC",142051,"/Date(1704871305000)/",4190,2000,8090300,34461000000,-130,false,-3.01
"HQC",142051,"/Date(1704871305000)/",4190,1000,8088300,34452000000,-130,false,-3.01
"HQC",142051,"/Date(1704871305000)/",4190,600,8087300,34448000000,-130,false,-3.01
"HQC",142051,"/Date(1704871305000)/",4190,1000,8086700,34446000000,-130,false,-3.01
"HQC",142051,"/Date(1704871303000)/",4180,100,8085700,34441000000,-140,true,-3.24
"HQC",142047,"/Date(1704871302000)/",4190,300,8085600,34441000000,-130,false,-3.01
"HQC",142047,"/Date(1704871301000)/",4190,300,8085300,34440000000,-130,false,-3.01
"HQC",142047,"/Date(1704871301000)/",4190,200,8085000,34438000000,-130,false,-3.01
"HQC",142047,"/Date(1704871300000)/",4180,2500,8084800,34438000000,-140,true,-3.24
"HQC",142044,"/Date(1704871298000)/",4190,3000,8082300,34427000000,-130,false,-3.01
"HQC",142041,"/Date(1704871295000)/",4190,1000,8079300,34415000000,-130,false,-3.01
"HQC",142041,"/Date(1704871294000)/",4190,10000,8078300,34410000000,-130,false,-3.01
"HQC",142038,"/Date(1704871293000)/",4180,5100,8068300,34368000000,-140,true,-3.24
"HQC",142038,"/Date(1704871293000)/",4180,5000,8063200,34347000000,-140,true,-3.24
"HQC",142038,"/Date(1704871293000)/",4180,1100,8058200,34326000000,-140,true,-3.24
"HQC",142038,"/Date(1704871293000)/",4180,1000,8057100,34322000000,-140,true,-3.24
"HQC",142038,"/Date(1704871293000)/",4180,100,8056100,34317000000,-140,true,-3.24
"HQC",142038,"/Date(1704871293000)/",4180,100,8056000,34317000000,-140,true,-3.24
"HQC",142038,"/Date(1704871293000)/",4180,5000,8055900,34317000000,-140,true,-3.24
"HQC",142038,"/Date(1704871293000)/",4180,10000,8050900,34296000000,-140,true,-3.24
"HQC",142038,"/Date(1704871293000)/",4180,500,8040900,34254000000,-140,true,-3.24
"HQC",142038,"/Date(1704871293000)/",4180,500,8040400,34252000000,-140,true,-3.24
"HQC",142038,"/Date(1704871293000)/",4180,600,8039900,34250000000,-140,true,-3.24
"HQC",142035,"/Date(1704871287000)/",4190,200,8039300,34247000000,-130,false,-3.01
"HQC",142031,"/Date(1704871283000)/",4190,1700,8039100,34246000000,-130,false,-3.01
"HQC",142022,"/Date(1704871277000)/",4180,4400,8037400,34239000000,-140,true,-3.24
"HQC",142022,"/Date(1704871277000)/",4180,600,8033000,34221000000,-140,true,-3.24
"HQC",142022,"/Date(1704871276000)/",4180,10000,8032400,34218000000,-140,true,-3.24
"HQC",142016,"/Date(1704871268000)/",4190,1000,8022400,34177000000,-130,false,-3.01
"HQC",142012,"/Date(1704871264000)/",4180,34300,8021400,34172000000,-140,false,-3.24
"HQC",142009,"/Date(1704871264000)/",4180,500,7987100,34029000000,-140,true,-3.24
"HQC",142006,"/Date(1704871261000)/",4180,10000,7986600,34027000000,-140,true,-3.24
"HQC",142006,"/Date(1704871261000)/",4180,100,7976600,33985000000,-140,true,-3.24
"HQC",142006,"/Date(1704871261000)/",4180,200,7976500,33985000000,-140,true,-3.24
"HQC",142006,"/Date(1704871261000)/",4180,1000,7976300,33984000000,-140,true,-3.24
"HQC",142006,"/Date(1704871261000)/",4180,400,7975300,33980000000,-140,true,-3.24
"HQC",142006,"/Date(1704871261000)/",4180,2000,7974900,33978000000,-140,true,-3.24
"HQC",142006,"/Date(1704871261000)/",4180,300,7972900,33970000000,-140,true,-3.24
"HQC",142006,"/Date(1704871261000)/",4180,2200,7972600,33968000000,-140,true,-3.24
"HQC",142006,"/Date(1704871261000)/",4180,200,7970400,33959000000,-140,true,-3.24
"HQC",142006,"/Date(1704871261000)/",4180,5000,7970200,33958000000,-140,true,-3.24
"HQC",142006,"/Date(1704871261000)/",4180,700,7965200,33937000000,-140,true,-3.24
"HQC",142006,"/Date(1704871261000)/",4180,1000,7964500,33935000000,-140,true,-3.24
"HQC",142006,"/Date(1704871261000)/",4180,900,7963500,33930000000,-140,true,-3.24
"HQC",142006,"/Date(1704871261000)/",4180,29800,7962600,33927000000,-140,true,-3.24
"HQC",142006,"/Date(1704871260000)/",4190,2000,7932800,33802000000,-130,false,-3.01
"HQC",142006,"/Date(1704871258000)/",4180,2000,7930800,33794000000,-140,true,-3.24
"HQC",141959,"/Date(1704871254000)/",4190,100,7928800,33785000000,-130,false,-3.01
"HQC",141956,"/Date(1704871250000)/",4180,500,7928700,33785000000,-140,true,-3.24
"HQC",141956,"/Date(1704871248000)/",4180,4400,7928200,33783000000,-140,true,-3.24
"HQC",141953,"/Date(1704871247000)/",4190,2000,7923800,33764000000,-130,false,-3.01
"HQC",141950,"/Date(1704871244000)/",4180,10000,7921800,33756000000,-140,false,-3.24
"HQC",141950,"/Date(1704871241000)/",4180,13300,7911800,33714000000,-140,false,-3.24
"HQC",141947,"/Date(1704871241000)/",4170,3200,7898500,33659000000,-150,true,-3.47
"HQC",141947,"/Date(1704871241000)/",4170,300,7895300,33645000000,-150,true,-3.47
"HQC",141947,"/Date(1704871241000)/",4170,100,7895000,33644000000,-150,true,-3.47
"HQC",141947,"/Date(1704871241000)/",4170,200,7894900,33644000000,-150,true,-3.47
"HQC",141947,"/Date(1704871241000)/",4170,200,7894700,33643000000,-150,true,-3.47
"HQC",141947,"/Date(1704871241000)/",4180,200,7894500,33642000000,-140,true,-3.24
"HQC",141947,"/Date(1704871238000)/",4180,100,7894300,33641000000,-140,true,-3.24
"HQC",141947,"/Date(1704871238000)/",4180,500,7894200,33641000000,-140,true,-3.24
"HQC",141947,"/Date(1704871238000)/",4180,100,7893700,33639000000,-140,true,-3.24
"HQC",141947,"/Date(1704871238000)/",4180,100,7893600,33638000000,-140,true,-3.24
"HQC",141947,"/Date(1704871238000)/",4180,1000,7893500,33638000000,-140,true,-3.24
"HQC",141947,"/Date(1704871238000)/",4180,100,7892500,33634000000,-140,true,-3.24
"HQC",141947,"/Date(1704871238000)/",4180,1000,7892400,33633000000,-140,true,-3.24
"HQC",141947,"/Date(1704871238000)/",4180,17700,7891400,33629000000,-140,true,-3.24
"HQC",141940,"/Date(1704871234000)/",4190,1000,7873700,33555000000,-130,false,-3.01
"HQC",141940,"/Date(1704871233000)/",4180,6000,7872700,33551000000,-140,true,-3.24
"HQC",141937,"/Date(1704871231000)/",4180,1400,7866700,33526000000,-140,true,-3.24
"HQC",141937,"/Date(1704871231000)/",4180,3000,7865300,33520000000,-140,true,-3.24
"HQC",141937,"/Date(1704871231000)/",4180,100,7862300,33507000000,-140,true,-3.24
"HQC",141937,"/Date(1704871231000)/",4180,500,7862200,33507000000,-140,true,-3.24
"HQC",141937,"/Date(1704871231000)/",4180,100,7861700,33505000000,-140,true,-3.24
"HQC",141937,"/Date(1704871231000)/",4180,900,7861600,33504000000,-140,true,-3.24
"HQC",141934,"/Date(1704871226000)/",4180,100,7860700,33501000000,-140,true,-3.24
"HQC",141934,"/Date(1704871226000)/",4180,100,7860600,33500000000,-140,true,-3.24
"HQC",141934,"/Date(1704871226000)/",4180,500,7860500,33500000000,-140,true,-3.24
"HQC",141934,"/Date(1704871226000)/",4180,1000,7860000,33498000000,-140,true,-3.24
"HQC",141934,"/Date(1704871226000)/",4180,1300,7859000,33494000000,-140,true,-3.24
"HQC",141934,"/Date(1704871226000)/",4180,300,7857700,33488000000,-140,true,-3.24
"HQC",141934,"/Date(1704871226000)/",4180,2400,7857400,33487000000,-140,true,-3.24
"HQC",141934,"/Date(1704871226000)/",4180,1200,7855000,33477000000,-140,true,-3.24
"HQC",141934,"/Date(1704871226000)/",4180,1000,7853800,33472000000,-140,true,-3.24
"HQC",141934,"/Date(1704871226000)/",4180,500,7852800,33468000000,-140,true,-3.24
"HQC",141934,"/Date(1704871226000)/",4180,3800,7852300,33466000000,-140,true,-3.24
"HQC",141934,"/Date(1704871226000)/",4180,100,7848500,33450000000,-140,true,-3.24
"HQC",141934,"/Date(1704871226000)/",4180,4000,7848400,33449000000,-140,true,-3.24
"HQC",141934,"/Date(1704871226000)/",4180,400,7844400,33432000000,-140,true,-3.24
"HQC",141934,"/Date(1704871226000)/",4180,100,7844000,33431000000,-140,true,-3.24
"HQC",141934,"/Date(1704871226000)/",4180,500,7843900,33430000000,-140,true,-3.24
"HQC",141934,"/Date(1704871226000)/",4180,100,7843400,33428000000,-140,true,-3.24
"HQC",141934,"/Date(1704871226000)/",4180,1000,7843300,33428000000,-140,true,-3.24
"HQC",141934,"/Date(1704871226000)/",4180,5000,7842300,33424000000,-140,true,-3.24
"HQC",141934,"/Date(1704871226000)/",4180,13900,7837300,33403000000,-140,true,-3.24
"HQC",141927,"/Date(1704871220000)/",4200,3500,7823400,33345000000,-120,false,-2.78
"HQC",141927,"/Date(1704871220000)/",4200,4000,7819900,33330000000,-120,false,-2.78
"HQC",141927,"/Date(1704871220000)/",4190,500,7815900,33313000000,-130,false,-3.01
"HQC",141927,"/Date(1704871220000)/",4190,2000,7815400,33311000000,-130,false,-3.01
"HQC",141924,"/Date(1704871215000)/",4180,400,7813400,33303000000,-140,true,-3.24
"HQC",141921,"/Date(1704871215000)/",4200,1000,7813000,33301000000,-120,false,-2.78
"HQC",141921,"/Date(1704871215000)/",4200,1000,7812000,33297000000,-120,false,-2.78
"HQC",141921,"/Date(1704871214000)/",4180,700,7811000,33293000000,-140,true,-3.24
"HQC",141921,"/Date(1704871214000)/",4180,200,7810300,33290000000,-140,true,-3.24
"HQC",141921,"/Date(1704871214000)/",4190,100,7810100,33289000000,-130,false,-3.01
"HQC",141921,"/Date(1704871214000)/",4190,3000,7810000,33288000000,-130,false,-3.01
"HQC",141921,"/Date(1704871214000)/",4190,21000,7807000,33276000000,-130,false,-3.01
"HQC",141921,"/Date(1704871214000)/",4190,1000,7786000,33188000000,-130,false,-3.01
"HQC",141921,"/Date(1704871214000)/",4190,1000,7785000,33184000000,-130,false,-3.01
"HQC",141918,"/Date(1704871211000)/",4200,200,7784000,33180000000,-120,false,-2.78
"HQC",141918,"/Date(1704871210000)/",4190,100,7783800,33179000000,-130,true,-3.01
"HQC",141918,"/Date(1704871210000)/",4190,400,7783700,33178000000,-130,true,-3.01
"HQC",141918,"/Date(1704871210000)/",4190,4700,7783300,33177000000,-130,true,-3.01
"HQC",141915,"/Date(1704871207000)/",4190,300,7778600,33157000000,-130,true,-3.01
"HQC",141915,"/Date(1704871207000)/",4190,100,7778300,33156000000,-130,true,-3.01
"HQC",141915,"/Date(1704871207000)/",4190,100,7778200,33155000000,-130,true,-3.01
"HQC",141915,"/Date(1704871207000)/",4190,200,7778100,33155000000,-130,true,-3.01
"HQC",141915,"/Date(1704871207000)/",4190,1000,7777900,33154000000,-130,true,-3.01
"HQC",141915,"/Date(1704871207000)/",4190,100,7776900,33150000000,-130,true,-3.01
"HQC",141915,"/Date(1704871207000)/",4190,100,7776800,33149000000,-130,true,-3.01
"HQC",141915,"/Date(1704871207000)/",4190,100,7776700,33149000000,-130,true,-3.01
"HQC",141915,"/Date(1704871206000)/",4200,20000,7776600,33149000000,-120,false,-2.78
"HQC",141915,"/Date(1704871206000)/",4190,100,7756600,33065000000,-130,true,-3.01
"HQC",141911,"/Date(1704871206000)/",4190,100,7756500,33064000000,-130,true,-3.01
"HQC",141911,"/Date(1704871206000)/",4190,100,7756400,33064000000,-130,true,-3.01
"HQC",141911,"/Date(1704871206000)/",4190,100,7756300,33063000000,-130,true,-3.01
"HQC",141911,"/Date(1704871206000)/",4190,100,7756200,33063000000,-130,true,-3.01
"HQC",141911,"/Date(1704871206000)/",4200,100,7756100,33062000000,-120,false,-2.78
"HQC",141911,"/Date(1704871205000)/",4200,100,7756000,33062000000,-120,false,-2.78
"HQC",141858,"/Date(1704871193000)/",4200,1400,7755900,33062000000,-120,true,-2.78
"HQC",141858,"/Date(1704871192000)/",4200,500,7754500,33056000000,-120,true,-2.78
"HQC",141858,"/Date(1704871191000)/",4200,1100,7754000,33054000000,-120,true,-2.78
"HQC",141858,"/Date(1704871190000)/",4200,100,7752900,33049000000,-120,true,-2.78
"HQC",141858,"/Date(1704871190000)/",4200,300,7752800,33049000000,-120,true,-2.78
"HQC",141858,"/Date(1704871190000)/",4200,100,7752500,33047000000,-120,true,-2.78
"HQC",141858,"/Date(1704871190000)/",4200,100,7752400,33047000000,-120,true,-2.78
"HQC",141858,"/Date(1704871190000)/",4200,100,7752300,33046000000,-120,true,-2.78
"HQC",141858,"/Date(1704871190000)/",4200,200,7752200,33046000000,-120,true,-2.78
"HQC",141858,"/Date(1704871190000)/",4200,300,7752000,33045000000,-120,true,-2.78
"HQC",141858,"/Date(1704871190000)/",4200,2000,7751700,33044000000,-120,true,-2.78
"HQC",141858,"/Date(1704871190000)/",4200,200,7749700,33036000000,-120,true,-2.78
"HQC",141858,"/Date(1704871190000)/",4200,500,7749500,33035000000,-120,true,-2.78
"HQC",141858,"/Date(1704871190000)/",4200,500,7749000,33033000000,-120,true,-2.78
"HQC",141858,"/Date(1704871190000)/",4200,200,7748500,33031000000,-120,true,-2.78
"HQC",141858,"/Date(1704871190000)/",4200,100,7748300,33030000000,-120,true,-2.78
"HQC",141858,"/Date(1704871190000)/",4200,300,7748200,33029000000,-120,true,-2.78
"HQC",141858,"/Date(1704871190000)/",4200,2700,7747900,33028000000,-120,true,-2.78
"HQC",141858,"/Date(1704871190000)/",4200,200,7745200,33017000000,-120,true,-2.78
"HQC",141858,"/Date(1704871190000)/",4200,1000,7745000,33016000000,-120,true,-2.78
"HQC",141858,"/Date(1704871190000)/",4200,3100,7744000,33012000000,-120,true,-2.78
"HQC",141858,"/Date(1704871190000)/",4200,3000,7740900,32999000000,-120,true,-2.78
"HQC",141858,"/Date(1704871190000)/",4200,300,7737900,32986000000,-120,true,-2.78
"HQC",141858,"/Date(1704871190000)/",4200,100,7737600,32985000000,-120,true,-2.78
"HQC",141858,"/Date(1704871190000)/",4200,700,7737500,32984000000,-120,true,-2.78
"HQC",141858,"/Date(1704871190000)/",4200,3000,7736800,32981000000,-120,true,-2.78
"HQC",141858,"/Date(1704871190000)/",4200,300,7733800,32969000000,-120,true,-2.78
"HQC",141858,"/Date(1704871190000)/",4200,100,7733500,32968000000,-120,true,-2.78
"HQC",141858,"/Date(1704871190000)/",4200,1000,7733400,32967000000,-120,true,-2.78
"HQC",141858,"/Date(1704871190000)/",4200,2000,7732400,32963000000,-120,true,-2.78
"HQC",141858,"/Date(1704871190000)/",4200,500,7730400,32955000000,-120,true,-2.78
"HQC",141858,"/Date(1704871190000)/",4200,100,7729900,32952000000,-120,true,-2.78
"HQC",141858,"/Date(1704871190000)/",4200,2000,7729800,32952000000,-120,true,-2.78
"HQC",141858,"/Date(1704871190000)/",4200,10000,7727800,32944000000,-120,true,-2.78
"HQC",141858,"/Date(1704871190000)/",4200,500,7717800,32902000000,-120,true,-2.78
"HQC",141858,"/Date(1704871190000)/",4200,10000,7717300,32899000000,-120,true,-2.78
"HQC",141858,"/Date(1704871190000)/",4200,10000,7707300,32857000000,-120,true,-2.78
"HQC",141858,"/Date(1704871190000)/",4200,2000,7697300,32815000000,-120,true,-2.78
"HQC",141858,"/Date(1704871190000)/",4200,2000,7695300,32807000000,-120,true,-2.78
"HQC",141858,"/Date(1704871190000)/",4200,200,7693300,32799000000,-120,true,-2.78
"HQC",141858,"/Date(1704871190000)/",4200,48500,7693100,32798000000,-120,true,-2.78
"HQC",141858,"/Date(1704871190000)/",4200,2700,7644600,32594000000,-120,true,-2.78
"HQC",141858,"/Date(1704871190000)/",4200,1000,7641900,32583000000,-120,true,-2.78
"HQC",141858,"/Date(1704871190000)/",4200,1000,7640900,32579000000,-120,true,-2.78
"HQC",141858,"/Date(1704871190000)/",4200,300,7639900,32574000000,-120,true,-2.78
"HQC",141858,"/Date(1704871190000)/",4200,100,7639600,32573000000,-120,true,-2.78
"HQC",141858,"/Date(1704871190000)/",4200,100,7639500,32573000000,-120,true,-2.78
"HQC",141858,"/Date(1704871190000)/",4200,500,7639400,32572000000,-120,true,-2.78
"HQC",141858,"/Date(1704871190000)/",4200,10000,7638900,32570000000,-120,true,-2.78
"HQC",141858,"/Date(1704871190000)/",4200,30000,7628900,32528000000,-120,true,-2.78
"HQC",141858,"/Date(1704871190000)/",4200,1000,7598900,32402000000,-120,true,-2.78
"HQC",141858,"/Date(1704871190000)/",4200,200,7597900,32398000000,-120,true,-2.78
"HQC",141858,"/Date(1704871190000)/",4200,100,7597700,32397000000,-120,true,-2.78
"HQC",141858,"/Date(1704871190000)/",4200,300,7597600,32397000000,-120,true,-2.78
"HQC",141858,"/Date(1704871190000)/",4200,1000,7597300,32395000000,-120,true,-2.78
"HQC",141858,"/Date(1704871190000)/",4200,2000,7596300,32391000000,-120,true,-2.78
"HQC",141858,"/Date(1704871190000)/",4200,500,7594300,32383000000,-120,true,-2.78
"HQC",141858,"/Date(1704871190000)/",4200,200,7593800,32381000000,-120,true,-2.78
"HQC",141858,"/Date(1704871190000)/",4200,500,7593600,32380000000,-120,true,-2.78
"HQC",141858,"/Date(1704871190000)/",4200,100,7593100,32378000000,-120,true,-2.78
"HQC",141858,"/Date(1704871190000)/",4200,1500,7593000,32377000000,-120,true,-2.78
"HQC",141858,"/Date(1704871190000)/",4200,100,7591500,32371000000,-120,true,-2.78
"HQC",141858,"/Date(1704871190000)/",4200,14100,7591400,32371000000,-120,true,-2.78
"HQC",141855,"/Date(1704871189000)/",4200,5900,7577300,32311000000,-120,true,-2.78
"HQC",141855,"/Date(1704871189000)/",4200,300,7571400,32287000000,-120,true,-2.78
"HQC",141855,"/Date(1704871189000)/",4200,300,7571100,32285000000,-120,true,-2.78
"HQC",141855,"/Date(1704871189000)/",4200,10000,7570800,32284000000,-120,true,-2.78
"HQC",141855,"/Date(1704871189000)/",4200,500,7560800,32242000000,-120,true,-2.78
"HQC",141855,"/Date(1704871189000)/",4200,500,7560300,32240000000,-120,true,-2.78
"HQC",141855,"/Date(1704871189000)/",4200,5000,7559800,32238000000,-120,true,-2.78
"HQC",141855,"/Date(1704871189000)/",4200,3000,7554800,32217000000,-120,true,-2.78
"HQC",141855,"/Date(1704871189000)/",4200,2000,7551800,32204000000,-120,true,-2.78
"HQC",141855,"/Date(1704871189000)/",4200,2500,7549800,32196000000,-120,true,-2.78
"HQC",141855,"/Date(1704871188000)/",4200,300,7547300,32185000000,-120,true,-2.78
"HQC",141852,"/Date(1704871186000)/",4200,6000,7547000,32184000000,-120,true,-2.78
"HQC",141852,"/Date(1704871186000)/",4210,100,7541000,32159000000,-110,false,-2.55
"HQC",141852,"/Date(1704871185000)/",4200,300,7540900,32159000000,-120,true,-2.78
"HQC",141849,"/Date(1704871183000)/",4200,900,7540600,32157000000,-120,true,-2.78
"HQC",141849,"/Date(1704871183000)/",4200,100,7539700,32154000000,-120,true,-2.78
"HQC",141849,"/Date(1704871182000)/",4200,29000,7539600,32153000000,-120,true,-2.78
"HQC",141849,"/Date(1704871181000)/",4200,300,7510600,32031000000,-120,true,-2.78
"HQC",141846,"/Date(1704871178000)/",4200,2000,7510300,32030000000,-120,true,-2.78
"HQC",141843,"/Date(1704871177000)/",4200,3600,7508300,32022000000,-120,true,-2.78
"HQC",141843,"/Date(1704871177000)/",4200,100,7504700,32007000000,-120,true,-2.78
"HQC",141843,"/Date(1704871177000)/",4200,800,7504600,32006000000,-120,true,-2.78
"HQC",141843,"/Date(1704871177000)/",4200,10000,7503800,32003000000,-120,true,-2.78
"HQC",141843,"/Date(1704871177000)/",4200,3000,7493800,31961000000,-120,true,-2.78
"HQC",141843,"/Date(1704871177000)/",4200,500,7490800,31948000000,-120,true,-2.78
"HQC",141843,"/Date(1704871177000)/",4200,100,7490300,31946000000,-120,true,-2.78
"HQC",141843,"/Date(1704871177000)/",4200,5400,7490200,31946000000,-120,true,-2.78
"HQC",141843,"/Date(1704871177000)/",4200,500,7484800,31923000000,-120,true,-2.78
"HQC",141843,"/Date(1704871177000)/",4200,100,7484300,31921000000,-120,true,-2.78
"HQC",141843,"/Date(1704871177000)/",4200,500,7484200,31920000000,-120,true,-2.78
"HQC",141843,"/Date(1704871177000)/",4200,200,7483700,31918000000,-120,true,-2.78
"HQC",141843,"/Date(1704871177000)/",4200,2000,7483500,31918000000,-120,true,-2.78
"HQC",141843,"/Date(1704871177000)/",4200,400,7481500,31909000000,-120,true,-2.78
"HQC",141843,"/Date(1704871177000)/",4200,2800,7481100,31907000000,-120,true,-2.78
"HQC",141843,"/Date(1704871176000)/",4200,7200,7478300,31896000000,-120,true,-2.78
"HQC",141843,"/Date(1704871176000)/",4200,200,7471100,31865000000,-120,true,-2.78
"HQC",141843,"/Date(1704871176000)/",4200,100,7470900,31865000000,-120,true,-2.78
"HQC",141843,"/Date(1704871176000)/",4200,100,7470800,31864000000,-120,true,-2.78
"HQC",141843,"/Date(1704871176000)/",4200,100,7470700,31864000000,-120,true,-2.78
"HQC",141843,"/Date(1704871176000)/",4200,800,7470600,31863000000,-120,true,-2.78
"HQC",141843,"/Date(1704871176000)/",4200,1000,7469800,31860000000,-120,true,-2.78
"HQC",141843,"/Date(1704871176000)/",4200,400,7468800,31856000000,-120,true,-2.78
"HQC",141843,"/Date(1704871176000)/",4200,5000,7468400,31854000000,-120,true,-2.78
"HQC",141843,"/Date(1704871176000)/",4200,5000,7463400,31833000000,-120,true,-2.78
"HQC",141843,"/Date(1704871176000)/",4200,1700,7458400,31812000000,-120,true,-2.78
"HQC",141843,"/Date(1704871176000)/",4200,1000,7456700,31805000000,-120,true,-2.78
"HQC",141843,"/Date(1704871176000)/",4200,300,7455700,31801000000,-120,true,-2.78
"HQC",141843,"/Date(1704871176000)/",4200,1000,7455400,31800000000,-120,true,-2.78
"HQC",141843,"/Date(1704871176000)/",4200,200,7454400,31795000000,-120,true,-2.78
"HQC",141843,"/Date(1704871176000)/",4200,1000,7454200,31794000000,-120,true,-2.78
"HQC",141843,"/Date(1704871176000)/",4200,500,7453200,31790000000,-120,true,-2.78
"HQC",141843,"/Date(1704871176000)/",4200,500,7452700,31788000000,-120,true,-2.78
"HQC",141843,"/Date(1704871176000)/",4200,100,7452200,31786000000,-120,true,-2.78
"HQC",141843,"/Date(1704871176000)/",4200,500,7452100,31786000000,-120,true,-2.78
"HQC",141843,"/Date(1704871176000)/",4200,500,7451600,31784000000,-120,true,-2.78
"HQC",141843,"/Date(1704871176000)/",4200,500,7451100,31781000000,-120,true,-2.78
"HQC",141843,"/Date(1704871176000)/",4200,500,7450600,31779000000,-120,true,-2.78
"HQC",141843,"/Date(1704871176000)/",4200,1800,7450100,31777000000,-120,true,-2.78
"HQC",141843,"/Date(1704871175000)/",4200,3200,7448300,31770000000,-120,true,-2.78
"HQC",141843,"/Date(1704871175000)/",4200,100,7445100,31756000000,-120,true,-2.78
"HQC",141843,"/Date(1704871175000)/",4200,100,7445000,31756000000,-120,true,-2.78
"HQC",141843,"/Date(1704871175000)/",4200,1000,7444900,31755000000,-120,true,-2.78
"HQC",141843,"/Date(1704871175000)/",4200,2000,7443900,31751000000,-120,true,-2.78
"HQC",141843,"/Date(1704871175000)/",4200,100,7441900,31743000000,-120,true,-2.78
"HQC",141843,"/Date(1704871175000)/",4200,200,7441800,31742000000,-120,true,-2.78
"HQC",141843,"/Date(1704871175000)/",4200,500,7441600,31742000000,-120,true,-2.78
"HQC",141843,"/Date(1704871175000)/",4200,4000,7441100,31739000000,-120,true,-2.78
"HQC",141843,"/Date(1704871175000)/",4200,1000,7437100,31723000000,-120,true,-2.78
"HQC",141843,"/Date(1704871175000)/",4200,100,7436100,31718000000,-120,true,-2.78
"HQC",141843,"/Date(1704871175000)/",4200,1000,7436000,31718000000,-120,true,-2.78
"HQC",141843,"/Date(1704871175000)/",4200,100,7435000,31714000000,-120,true,-2.78
"HQC",141843,"/Date(1704871175000)/",4200,3600,7434900,31713000000,-120,true,-2.78
"HQC",141839,"/Date(1704871171000)/",4200,2400,7431300,31698000000,-120,true,-2.78
"HQC",141839,"/Date(1704871171000)/",4200,1000,7428900,31688000000,-120,true,-2.78
"HQC",141839,"/Date(1704871171000)/",4200,1000,7427900,31684000000,-120,true,-2.78
"HQC",141839,"/Date(1704871171000)/",4200,300,7426900,31680000000,-120,true,-2.78
"HQC",141839,"/Date(1704871171000)/",4200,1000,7426600,31679000000,-120,true,-2.78
"HQC",141839,"/Date(1704871171000)/",4200,1000,7425600,31674000000,-120,true,-2.78
"HQC",141839,"/Date(1704871171000)/",4200,200,7424600,31670000000,-120,true,-2.78
"HQC",141839,"/Date(1704871171000)/",4200,2000,7424400,31669000000,-120,true,-2.78
"HQC",141839,"/Date(1704871171000)/",4200,500,7422400,31661000000,-120,true,-2.78
"HQC",141839,"/Date(1704871171000)/",4200,5000,7421900,31659000000,-120,true,-2.78
"HQC",141839,"/Date(1704871171000)/",4200,500,7416900,31638000000,-120,true,-2.78
"HQC",141839,"/Date(1704871171000)/",4200,2000,7416400,31636000000,-120,true,-2.78
"HQC",141839,"/Date(1704871171000)/",4200,5000,7414400,31627000000,-120,true,-2.78
"HQC",141839,"/Date(1704871171000)/",4200,8100,7409400,31606000000,-120,true,-2.78
"HQC",141836,"/Date(1704871170000)/",4200,500,7401300,31572000000,-120,true,-2.78
"HQC",141833,"/Date(1704871168000)/",4210,800,7400800,31570000000,-110,false,-2.55
"HQC",141833,"/Date(1704871167000)/",4210,500,7400000,31567000000,-110,false,-2.55
"HQC",141833,"/Date(1704871166000)/",4200,26600,7399500,31565000000,-120,true,-2.78
"HQC",141833,"/Date(1704871166000)/",4200,10000,7372900,31453000000,-120,true,-2.78
"HQC",141830,"/Date(1704871164000)/",4200,2000,7362900,31411000000,-120,true,-2.78
"HQC",141830,"/Date(1704871163000)/",4220,600,7360900,31403000000,-100,false,-2.31
"HQC",141830,"/Date(1704871163000)/",4220,1000,7360300,31400000000,-100,false,-2.31
"HQC",141830,"/Date(1704871163000)/",4220,500,7359300,31396000000,-100,false,-2.31
"HQC",141830,"/Date(1704871163000)/",4220,7400,7358800,31394000000,-100,false,-2.31
"HQC",141830,"/Date(1704871163000)/",4210,500,7351400,31362000000,-110,false,-2.55
"HQC",141826,"/Date(1704871159000)/",4200,600,7350900,31360000000,-120,true,-2.78
"HQC",141826,"/Date(1704871159000)/",4200,1000,7350300,31358000000,-120,true,-2.78
"HQC",141826,"/Date(1704871159000)/",4200,1200,7349300,31354000000,-120,true,-2.78
"HQC",141826,"/Date(1704871159000)/",4200,500,7348100,31349000000,-120,true,-2.78
"HQC",141826,"/Date(1704871159000)/",4200,400,7347600,31347000000,-120,true,-2.78
"HQC",141826,"/Date(1704871159000)/",4200,1000,7347200,31345000000,-120,true,-2.78
"HQC",141826,"/Date(1704871159000)/",4200,1000,7346200,31341000000,-120,true,-2.78
"HQC",141826,"/Date(1704871159000)/",4200,300,7345200,31336000000,-120,true,-2.78
"HQC",141826,"/Date(1704871159000)/",4200,1000,7344900,31335000000,-120,true,-2.78
"HQC",141826,"/Date(1704871159000)/",4200,1000,7343900,31331000000,-120,true,-2.78
"HQC",141826,"/Date(1704871159000)/",4200,100,7342900,31327000000,-120,true,-2.78
"HQC",141826,"/Date(1704871159000)/",4200,500,7342800,31326000000,-120,true,-2.78
"HQC",141826,"/Date(1704871159000)/",4200,100,7342300,31324000000,-120,true,-2.78
"HQC",141826,"/Date(1704871159000)/",4200,1000,7342200,31324000000,-120,true,-2.78
"HQC",141826,"/Date(1704871159000)/",4200,5000,7341200,31320000000,-120,true,-2.78
"HQC",141826,"/Date(1704871159000)/",4200,10000,7336200,31299000000,-120,true,-2.78
"HQC",141826,"/Date(1704871159000)/",4200,1000,7326200,31257000000,-120,true,-2.78
"HQC",141826,"/Date(1704871159000)/",4200,100,7325200,31252000000,-120,true,-2.78
"HQC",141826,"/Date(1704871159000)/",4200,100,7325100,31252000000,-120,true,-2.78
"HQC",141826,"/Date(1704871159000)/",4200,2000,7325000,31252000000,-120,true,-2.78
"HQC",141826,"/Date(1704871159000)/",4200,1000,7323000,31243000000,-120,true,-2.78
"HQC",141826,"/Date(1704871159000)/",4200,500,7322000,31239000000,-120,true,-2.78
"HQC",141826,"/Date(1704871159000)/",4200,500,7321500,31237000000,-120,true,-2.78
"HQC",141826,"/Date(1704871159000)/",4200,2000,7321000,31235000000,-120,true,-2.78
"HQC",141826,"/Date(1704871159000)/",4200,4500,7319000,31226000000,-120,true,-2.78
"HQC",141826,"/Date(1704871159000)/",4200,100,7314500,31208000000,-120,true,-2.78
"HQC",141826,"/Date(1704871159000)/",4200,500,7314400,31207000000,-120,true,-2.78
"HQC",141826,"/Date(1704871159000)/",4200,15000,7313900,31205000000,-120,true,-2.78
"HQC",141826,"/Date(1704871159000)/",4200,3000,7298900,31142000000,-120,true,-2.78
"HQC",141826,"/Date(1704871159000)/",4200,2000,7295900,31129000000,-120,true,-2.78
"HQC",141826,"/Date(1704871159000)/",4200,1000,7293900,31121000000,-120,true,-2.78
"HQC",141826,"/Date(1704871159000)/",4200,10000,7292900,31117000000,-120,true,-2.78
"HQC",141826,"/Date(1704871159000)/",4200,20000,7282900,31075000000,-120,true,-2.78
"HQC",141826,"/Date(1704871159000)/",4200,5000,7262900,30991000000,-120,true,-2.78
"HQC",141826,"/Date(1704871159000)/",4200,200,7257900,30970000000,-120,true,-2.78
"HQC",141826,"/Date(1704871159000)/",4200,3000,7257700,30969000000,-120,true,-2.78
"HQC",141826,"/Date(1704871159000)/",4200,2000,7254700,30956000000,-120,true,-2.78
"HQC",141826,"/Date(1704871159000)/",4200,10000,7252700,30948000000,-120,true,-2.78
"HQC",141826,"/Date(1704871159000)/",4200,1500,7242700,30906000000,-120,true,-2.78
"HQC",141826,"/Date(1704871159000)/",4200,1000,7241200,30900000000,-120,true,-2.78
"HQC",141826,"/Date(1704871159000)/",4200,600,7240200,30895000000,-120,true,-2.78
"HQC",141826,"/Date(1704871159000)/",4200,100,7239600,30893000000,-120,true,-2.78
"HQC",141826,"/Date(1704871159000)/",4200,100,7239500,30893000000,-120,true,-2.78
"HQC",141826,"/Date(1704871159000)/",4210,1000,7239400,30892000000,-110,false,-2.55
"HQC",141826,"/Date(1704871159000)/",4210,500,7238400,30888000000,-110,false,-2.55
"HQC",141826,"/Date(1704871159000)/",4210,1000,7237900,30886000000,-110,false,-2.55
"HQC",141826,"/Date(1704871159000)/",4210,1000,7236900,30882000000,-110,false,-2.55
"HQC",141826,"/Date(1704871159000)/",4210,100,7235900,30877000000,-110,false,-2.55
"HQC",141826,"/Date(1704871159000)/",4210,100,7235800,30877000000,-110,false,-2.55
"HQC",141826,"/Date(1704871159000)/",4210,100,7235700,30877000000,-110,false,-2.55
"HQC",141826,"/Date(1704871159000)/",4210,400,7235600,30876000000,-110,false,-2.55
"HQC",141826,"/Date(1704871159000)/",4210,500,7235200,30874000000,-110,false,-2.55
"HQC",141826,"/Date(1704871159000)/",4210,100,7234700,30872000000,-110,false,-2.55
"HQC",141826,"/Date(1704871159000)/",4210,3000,7234600,30872000000,-110,false,-2.55
"HQC",141826,"/Date(1704871159000)/",4210,100,7231600,30859000000,-110,false,-2.55
"HQC",141826,"/Date(1704871159000)/",4210,1000,7231500,30859000000,-110,false,-2.55
"HQC",141826,"/Date(1704871159000)/",4210,500,7230500,30855000000,-110,false,-2.55
"HQC",141826,"/Date(1704871159000)/",4210,500,7230000,30853000000,-110,false,-2.55
"HQC",141826,"/Date(1704871159000)/",4210,1000,7229500,30850000000,-110,false,-2.55
"HQC",141826,"/Date(1704871159000)/",4210,2000,7228500,30846000000,-110,false,-2.55
"HQC",141826,"/Date(1704871159000)/",4210,100,7226500,30838000000,-110,false,-2.55
"HQC",141826,"/Date(1704871159000)/",4210,500,7226400,30837000000,-110,false,-2.55
"HQC",141826,"/Date(1704871159000)/",4210,5000,7225900,30835000000,-110,false,-2.55
"HQC",141826,"/Date(1704871159000)/",4210,100,7220900,30814000000,-110,false,-2.55
"HQC",141826,"/Date(1704871159000)/",4210,100,7220800,30814000000,-110,false,-2.55
"HQC",141826,"/Date(1704871159000)/",4210,10100,7220700,30813000000,-110,false,-2.55
"HQC",141826,"/Date(1704871159000)/",4210,500,7210600,30771000000,-110,false,-2.55
"HQC",141826,"/Date(1704871159000)/",4210,10000,7210100,30769000000,-110,false,-2.55
"HQC",141826,"/Date(1704871159000)/",4210,3000,7200100,30727000000,-110,false,-2.55
"HQC",141826,"/Date(1704871159000)/",4210,5000,7197100,30714000000,-110,false,-2.55
"HQC",141826,"/Date(1704871159000)/",4210,500,7192100,30693000000,-110,false,-2.55
"HQC",141826,"/Date(1704871159000)/",4210,200,7191600,30691000000,-110,false,-2.55
"HQC",141826,"/Date(1704871159000)/",4210,2000,7191400,30690000000,-110,false,-2.55
"HQC",141826,"/Date(1704871159000)/",4210,300,7189400,30682000000,-110,false,-2.55
"HQC",141826,"/Date(1704871159000)/",4210,100,7189100,30680000000,-110,false,-2.55
"HQC",141826,"/Date(1704871159000)/",4210,100,7189000,30680000000,-110,false,-2.55
"HQC",141826,"/Date(1704871159000)/",4210,800,7188900,30679000000,-110,false,-2.55
"HQC",141826,"/Date(1704871159000)/",4210,18800,7188100,30676000000,-110,false,-2.55
"HQC",141820,"/Date(1704871154000)/",4210,2000,7169300,30597000000,-110,true,-2.55
"HQC",141820,"/Date(1704871152000)/",4210,9800,7167300,30589000000,-110,true,-2.55
"HQC",141817,"/Date(1704871150000)/",4210,7100,7157500,30547000000,-110,true,-2.55
"HQC",141817,"/Date(1704871150000)/",4210,900,7150400,30517000000,-110,true,-2.55
"HQC",141814,"/Date(1704871146000)/",4210,100,7149500,30514000000,-110,true,-2.55
"HQC",141814,"/Date(1704871146000)/",4210,1000,7149400,30513000000,-110,true,-2.55
"HQC",141810,"/Date(1704871144000)/",4210,100,7148400,30509000000,-110,true,-2.55
"HQC",141801,"/Date(1704871135000)/",4210,900,7148300,30509000000,-110,true,-2.55
"HQC",141801,"/Date(1704871135000)/",4210,500,7147400,30505000000,-110,true,-2.55
"HQC",141801,"/Date(1704871135000)/",4210,500,7146900,30503000000,-110,true,-2.55
"HQC",141801,"/Date(1704871135000)/",4210,5000,7146400,30501000000,-110,true,-2.55
"HQC",141801,"/Date(1704871135000)/",4210,1100,7141400,30480000000,-110,true,-2.55
"HQC",141801,"/Date(1704871135000)/",4210,500,7140300,30475000000,-110,true,-2.55
"HQC",141801,"/Date(1704871135000)/",4210,100,7139800,30473000000,-110,true,-2.55
"HQC",141801,"/Date(1704871135000)/",4210,100,7139700,30472000000,-110,true,-2.55
"HQC",141801,"/Date(1704871135000)/",4210,1000,7139600,30472000000,-110,true,-2.55
"HQC",141801,"/Date(1704871135000)/",4210,300,7138600,30468000000,-110,true,-2.55
"HQC",141801,"/Date(1704871135000)/",4210,100,7138300,30466000000,-110,true,-2.55
"HQC",141801,"/Date(1704871135000)/",4210,300,7138200,30466000000,-110,true,-2.55
"HQC",141801,"/Date(1704871135000)/",4210,100,7137900,30465000000,-110,true,-2.55
"HQC",141801,"/Date(1704871135000)/",4210,500,7137800,30464000000,-110,true,-2.55
"HQC",141801,"/Date(1704871135000)/",4210,7500,7137300,30462000000,-110,true,-2.55
"HQC",141754,"/Date(1704871128000)/",4210,500,7129800,30431000000,-110,true,-2.55
"HQC",141754,"/Date(1704871127000)/",4220,1300,7129300,30429000000,-100,false,-2.31
"HQC",141745,"/Date(1704871120000)/",4220,3000,7128000,30423000000,-100,false,-2.31
"HQC",141745,"/Date(1704871119000)/",4220,3000,7125000,30410000000,-100,false,-2.31
"HQC",141745,"/Date(1704871118000)/",4220,500,7122000,30398000000,-100,false,-2.31
"HQC",141742,"/Date(1704871116000)/",4210,2000,7121500,30396000000,-110,true,-2.55
"HQC",141742,"/Date(1704871116000)/",4210,200,7119500,30387000000,-110,true,-2.55
"HQC",141742,"/Date(1704871116000)/",4220,200,7119300,30386000000,-100,true,-2.31
"HQC",141742,"/Date(1704871116000)/",4220,200,7119100,30386000000,-100,true,-2.31
"HQC",141742,"/Date(1704871116000)/",4220,100,7118900,30385000000,-100,true,-2.31
"HQC",141742,"/Date(1704871116000)/",4220,2000,7118800,30384000000,-100,true,-2.31
"HQC",141742,"/Date(1704871116000)/",4220,100,7116800,30376000000,-100,true,-2.31
"HQC",141742,"/Date(1704871116000)/",4220,4000,7116700,30375000000,-100,true,-2.31
"HQC",141742,"/Date(1704871116000)/",4220,1000,7112700,30359000000,-100,true,-2.31
"HQC",141742,"/Date(1704871116000)/",4220,1000,7111700,30354000000,-100,true,-2.31
"HQC",141742,"/Date(1704871116000)/",4220,200,7110700,30350000000,-100,true,-2.31
"HQC",141742,"/Date(1704871114000)/",4220,2800,7110500,30349000000,-100,true,-2.31
"HQC",141742,"/Date(1704871114000)/",4220,200,7107700,30337000000,-100,true,-2.31
"HQC",141742,"/Date(1704871114000)/",4220,10000,7107500,30337000000,-100,true,-2.31
"HQC",141742,"/Date(1704871114000)/",4220,100,7097500,30294000000,-100,true,-2.31
"HQC",141742,"/Date(1704871114000)/",4220,100,7097400,30294000000,-100,true,-2.31
"HQC",141742,"/Date(1704871114000)/",4220,300,7097300,30294000000,-100,true,-2.31
"HQC",141742,"/Date(1704871114000)/",4220,5100,7097000,30292000000,-100,true,-2.31
"HQC",141742,"/Date(1704871113000)/",4220,4900,7091900,30271000000,-100,true,-2.31
"HQC",141742,"/Date(1704871113000)/",4220,100,7087000,30250000000,-100,true,-2.31
"HQC",141742,"/Date(1704871113000)/",4220,4900,7086900,30250000000,-100,true,-2.31
"HQC",141742,"/Date(1704871113000)/",4220,1000,7082000,30229000000,-100,true,-2.31
"HQC",141742,"/Date(1704871113000)/",4220,100,7081000,30225000000,-100,true,-2.31
"HQC",141742,"/Date(1704871113000)/",4220,100,7080900,30224000000,-100,true,-2.31
"HQC",141742,"/Date(1704871113000)/",4220,1000,7080800,30224000000,-100,true,-2.31
"HQC",141742,"/Date(1704871113000)/",4220,2000,7079800,30220000000,-100,true,-2.31
"HQC",141742,"/Date(1704871113000)/",4220,10000,7077800,30211000000,-100,true,-2.31
"HQC",141742,"/Date(1704871113000)/",4220,1000,7067800,30169000000,-100,true,-2.31
"HQC",141742,"/Date(1704871113000)/",4220,600,7066800,30165000000,-100,true,-2.31
"HQC",141742,"/Date(1704871113000)/",4220,9300,7066200,30162000000,-100,true,-2.31
"HQC",141738,"/Date(1704871111000)/",4220,1200,7056900,30123000000,-100,true,-2.31
"HQC",141735,"/Date(1704871107000)/",4220,1500,7055700,30118000000,-100,true,-2.31
"HQC",141735,"/Date(1704871107000)/",4220,500,7054200,30112000000,-100,true,-2.31
"HQC",141735,"/Date(1704871107000)/",4220,10000,7053700,30110000000,-100,true,-2.31
"HQC",141735,"/Date(1704871107000)/",4220,500,7043700,30067000000,-100,true,-2.31
"HQC",141735,"/Date(1704871107000)/",4220,2700,7043200,30065000000,-100,true,-2.31
"HQC",141732,"/Date(1704871104000)/",4220,2300,7040500,30054000000,-100,true,-2.31
"HQC",141732,"/Date(1704871104000)/",4220,5000,7038200,30044000000,-100,true,-2.31
"HQC",141732,"/Date(1704871104000)/",4220,100,7033200,30023000000,-100,true,-2.31
"HQC",141732,"/Date(1704871104000)/",4220,100,7033100,30023000000,-100,true,-2.31
"HQC",141732,"/Date(1704871104000)/",4220,500,7033000,30022000000,-100,true,-2.31
"HQC",141732,"/Date(1704871104000)/",4220,2000,7032500,30020000000,-100,true,-2.31
"HQC",141732,"/Date(1704871104000)/",4220,500,7030500,30012000000,-100,true,-2.31
"HQC",141732,"/Date(1704871104000)/",4220,200,7030000,30010000000,-100,true,-2.31
"HQC",141732,"/Date(1704871104000)/",4220,5000,7029800,30009000000,-100,true,-2.31
"HQC",141732,"/Date(1704871104000)/",4220,1000,7024800,29988000000,-100,true,-2.31
"HQC",141732,"/Date(1704871104000)/",4220,5000,7023800,29983000000,-100,true,-2.31
"HQC",141732,"/Date(1704871104000)/",4220,100,7018800,29962000000,-100,true,-2.31
"HQC",141732,"/Date(1704871104000)/",4220,2000,7018700,29962000000,-100,true,-2.31
"HQC",141732,"/Date(1704871104000)/",4220,19000,7016700,29953000000,-100,true,-2.31
"HQC",141732,"/Date(1704871104000)/",4220,200,6997700,29873000000,-100,true,-2.31
"HQC",141732,"/Date(1704871104000)/",4220,500,6997500,29872000000,-100,true,-2.31
"HQC",141732,"/Date(1704871104000)/",4220,10000,6997000,29870000000,-100,true,-2.31
"HQC",141732,"/Date(1704871104000)/",4220,200,6987000,29828000000,-100,true,-2.31
"HQC",141732,"/Date(1704871104000)/",4220,100,6986800,29827000000,-100,true,-2.31
"HQC",141732,"/Date(1704871104000)/",4220,200,6986700,29827000000,-100,true,-2.31
"HQC",141732,"/Date(1704871104000)/",4220,29000,6986500,29826000000,-100,true,-2.31
"HQC",141729,"/Date(1704871103000)/",4220,400,6957500,29704000000,-100,true,-2.31
"HQC",141729,"/Date(1704871101000)/",4220,3200,6957100,29702000000,-100,true,-2.31
"HQC",141725,"/Date(1704871098000)/",4230,400,6953900,29688000000,-90,false,-2.08
"HQC",141725,"/Date(1704871098000)/",4220,2000,6953500,29687000000,-100,true,-2.31
"HQC",141722,"/Date(1704871095000)/",4230,100,6951500,29678000000,-90,false,-2.08
"HQC",141713,"/Date(1704871087000)/",4220,5000,6951400,29678000000,-100,true,-2.31
"HQC",141713,"/Date(1704871086000)/",4220,4900,6946400,29657000000,-100,true,-2.31
"HQC",141709,"/Date(1704871084000)/",4220,500,6941500,29636000000,-100,true,-2.31
"HQC",141709,"/Date(1704871084000)/",4220,1000,6941000,29634000000,-100,true,-2.31
"HQC",141709,"/Date(1704871084000)/",4220,100,6940000,29630000000,-100,true,-2.31
"HQC",141709,"/Date(1704871084000)/",4220,400,6939900,29629000000,-100,true,-2.31
"HQC",141709,"/Date(1704871082000)/",4230,500,6939500,29628000000,-90,false,-2.08
"HQC",141700,"/Date(1704871073000)/",4230,100,6939000,29626000000,-90,false,-2.08
"HQC",141700,"/Date(1704871072000)/",4230,900,6938900,29625000000,-90,false,-2.08
"HQC",141657,"/Date(1704871069000)/",4230,200,6938000,29621000000,-90,false,-2.08
"HQC",141640,"/Date(1704871053000)/",4230,300,6937800,29620000000,-90,false,-2.08
"HQC",141627,"/Date(1704871041000)/",4220,2000,6937500,29619000000,-100,true,-2.31
"HQC",141624,"/Date(1704871036000)/",4230,3200,6935500,29611000000,-90,false,-2.08
"HQC",141624,"/Date(1704871036000)/",4230,6800,6932300,29597000000,-90,false,-2.08
"HQC",141621,"/Date(1704871034000)/",4220,60000,6925500,29568000000,-100,true,-2.31
"HQC",141618,"/Date(1704871031000)/",4230,100,6865500,29315000000,-90,false,-2.08
"HQC",141618,"/Date(1704871030000)/",4220,5000,6865400,29315000000,-100,true,-2.31
"HQC",141605,"/Date(1704871018000)/",4230,100,6860400,29294000000,-90,false,-2.08
"HQC",141602,"/Date(1704871016000)/",4230,5000,6860300,29293000000,-90,true,-2.08
"HQC",141602,"/Date(1704871016000)/",4230,1000,6855300,29272000000,-90,true,-2.08
"HQC",141602,"/Date(1704871016000)/",4230,100,6854300,29268000000,-90,true,-2.08
"HQC",141602,"/Date(1704871016000)/",4230,500,6854200,29267000000,-90,true,-2.08
"HQC",141602,"/Date(1704871016000)/",4230,700,6853700,29265000000,-90,true,-2.08
"HQC",141602,"/Date(1704871016000)/",4230,200,6853000,29262000000,-90,true,-2.08
"HQC",141602,"/Date(1704871016000)/",4230,3000,6852800,29262000000,-90,true,-2.08
"HQC",141602,"/Date(1704871016000)/",4230,2500,6849800,29249000000,-90,true,-2.08
"HQC",141559,"/Date(1704871012000)/",4230,500,6847300,29238000000,-90,true,-2.08
"HQC",141559,"/Date(1704871012000)/",4230,1500,6846800,29236000000,-90,true,-2.08
"HQC",141559,"/Date(1704871012000)/",4230,5000,6845300,29230000000,-90,true,-2.08
"HQC",141559,"/Date(1704871012000)/",4230,100,6840300,29209000000,-90,true,-2.08
"HQC",141559,"/Date(1704871012000)/",4230,5000,6840200,29208000000,-90,true,-2.08
"HQC",141559,"/Date(1704871012000)/",4230,12600,6835200,29187000000,-90,true,-2.08
"HQC",141552,"/Date(1704871007000)/",4230,13400,6822600,29134000000,-90,true,-2.08
"HQC",141552,"/Date(1704871007000)/",4230,46600,6809200,29077000000,-90,true,-2.08
"HQC",141539,"/Date(1704870993000)/",4230,3000,6762600,28880000000,-90,true,-2.08
"HQC",141539,"/Date(1704870992000)/",4230,100,6759600,28867000000,-90,true,-2.08
"HQC",141539,"/Date(1704870992000)/",4230,10400,6759500,28867000000,-90,true,-2.08
"HQC",141536,"/Date(1704870989000)/",4230,39900,6749100,28823000000,-90,true,-2.08
"HQC",141536,"/Date(1704870989000)/",4230,300,6709200,28654000000,-90,true,-2.08
"HQC",141536,"/Date(1704870989000)/",4230,100,6708900,28653000000,-90,true,-2.08
"HQC",141536,"/Date(1704870989000)/",4230,100,6708800,28652000000,-90,true,-2.08
"HQC",141536,"/Date(1704870989000)/",4230,100,6708700,28652000000,-90,true,-2.08
"HQC",141536,"/Date(1704870989000)/",4230,100,6708600,28652000000,-90,true,-2.08
"HQC",141536,"/Date(1704870989000)/",4230,9000,6708500,28651000000,-90,true,-2.08
"HQC",141536,"/Date(1704870989000)/",4230,400,6699500,28613000000,-90,true,-2.08
"HQC",141520,"/Date(1704870972000)/",4230,200,6699100,28611000000,-90,true,-2.08
"HQC",141511,"/Date(1704870965000)/",4230,400,6698900,28611000000,-90,true,-2.08
"HQC",141511,"/Date(1704870965000)/",4230,600,6698500,28609000000,-90,true,-2.08
"HQC",141511,"/Date(1704870964000)/",4230,400,6697900,28606000000,-90,true,-2.08
"HQC",141511,"/Date(1704870964000)/",4230,100,6697500,28605000000,-90,true,-2.08
"HQC",141511,"/Date(1704870964000)/",4230,100,6697400,28604000000,-90,true,-2.08
"HQC",141511,"/Date(1704870964000)/",4230,2000,6697300,28604000000,-90,true,-2.08
"HQC",141511,"/Date(1704870964000)/",4230,600,6695300,28595000000,-90,true,-2.08
"HQC",141504,"/Date(1704870957000)/",4230,100,6694700,28593000000,-90,true,-2.08
"HQC",141445,"/Date(1704870937000)/",4230,400,6694600,28592000000,-90,true,-2.08
"HQC",141435,"/Date(1704870930000)/",4240,2700,6694200,28591000000,-80,false,-1.85
"HQC",141435,"/Date(1704870930000)/",4240,1800,6691500,28579000000,-80,false,-1.85
"HQC",141435,"/Date(1704870930000)/",4240,2700,6689700,28572000000,-80,false,-1.85
"HQC",141435,"/Date(1704870930000)/",4240,500,6687000,28560000000,-80,false,-1.85
"HQC",141435,"/Date(1704870930000)/",4240,12300,6686500,28558000000,-80,false,-1.85
"HQC",141432,"/Date(1704870927000)/",4240,1000,6674200,28506000000,-80,false,-1.85
"HQC",141432,"/Date(1704870924000)/",4240,5000,6673200,28502000000,-80,false,-1.85
"HQC",141429,"/Date(1704870923000)/",4230,18900,6668200,28480000000,-90,true,-2.08
"HQC",141429,"/Date(1704870923000)/",4230,1000,6649300,28400000000,-90,true,-2.08
"HQC",141429,"/Date(1704870923000)/",4230,100,6648300,28396000000,-90,true,-2.08
"HQC",141426,"/Date(1704870919000)/",4230,100,6648200,28396000000,-90,true,-2.08
"HQC",141426,"/Date(1704870919000)/",4230,3000,6648100,28395000000,-90,true,-2.08
"HQC",141426,"/Date(1704870919000)/",4230,500,6645100,28383000000,-90,true,-2.08
"HQC",141426,"/Date(1704870919000)/",4230,100,6644600,28381000000,-90,true,-2.08
"HQC",141426,"/Date(1704870919000)/",4230,3000,6644500,28380000000,-90,true,-2.08
"HQC",141426,"/Date(1704870919000)/",4230,2000,6641500,28368000000,-90,true,-2.08
"HQC",141426,"/Date(1704870919000)/",4230,500,6639500,28359000000,-90,true,-2.08
"HQC",141426,"/Date(1704870919000)/",4230,800,6639000,28357000000,-90,true,-2.08
"HQC",141422,"/Date(1704870917000)/",4240,1000,6638200,28354000000,-80,false,-1.85
"HQC",141403,"/Date(1704870897000)/",4240,500,6637200,28349000000,-80,false,-1.85
"HQC",141403,"/Date(1704870895000)/",4230,200,6636700,28347000000,-90,true,-2.08
"HQC",141403,"/Date(1704870895000)/",4230,10000,6636500,28346000000,-90,true,-2.08
"HQC",141403,"/Date(1704870895000)/",4230,100,6626500,28304000000,-90,true,-2.08
"HQC",141403,"/Date(1704870895000)/",4230,2000,6626400,28304000000,-90,true,-2.08
"HQC",141403,"/Date(1704870895000)/",4230,100,6624400,28295000000,-90,true,-2.08
"HQC",141403,"/Date(1704870895000)/",4230,100,6624300,28295000000,-90,true,-2.08
"HQC",141403,"/Date(1704870895000)/",4230,30000,6624200,28294000000,-90,true,-2.08
"HQC",141403,"/Date(1704870895000)/",4230,1000,6594200,28167000000,-90,true,-2.08
"HQC",141403,"/Date(1704870895000)/",4230,100,6593200,28163000000,-90,true,-2.08
"HQC",141403,"/Date(1704870895000)/",4230,500,6593100,28163000000,-90,true,-2.08
"HQC",141403,"/Date(1704870895000)/",4230,7400,6592600,28161000000,-90,true,-2.08
"HQC",141403,"/Date(1704870895000)/",4230,500,6585200,28129000000,-90,true,-2.08
"HQC",141403,"/Date(1704870895000)/",4230,3500,6584700,28127000000,-90,true,-2.08
"HQC",141403,"/Date(1704870895000)/",4230,21900,6581200,28112000000,-90,true,-2.08
"HQC",141403,"/Date(1704870895000)/",4230,200,6559300,28020000000,-90,true,-2.08
"HQC",141403,"/Date(1704870895000)/",4230,300,6559100,28019000000,-90,true,-2.08
"HQC",141403,"/Date(1704870895000)/",4230,100,6558800,28018000000,-90,true,-2.08
"HQC",141403,"/Date(1704870895000)/",4230,20000,6558700,28017000000,-90,true,-2.08
"HQC",141403,"/Date(1704870895000)/",4230,100,6538700,27933000000,-90,true,-2.08
"HQC",141403,"/Date(1704870895000)/",4230,1900,6538600,27932000000,-90,true,-2.08
"HQC",141357,"/Date(1704870891000)/",4240,300,6536700,27924000000,-80,false,-1.85
"HQC",141354,"/Date(1704870886000)/",4240,100,6536400,27923000000,-80,false,-1.85
"HQC",141341,"/Date(1704870873000)/",4240,1000,6536300,27922000000,-80,false,-1.85
"HQC",141334,"/Date(1704870868000)/",4240,2000,6535300,27918000000,-80,false,-1.85
"HQC",141328,"/Date(1704870862000)/",4240,200,6533300,27910000000,-80,false,-1.85
"HQC",141318,"/Date(1704870851000)/",4240,1000,6533100,27909000000,-80,false,-1.85
"HQC",141253,"/Date(1704870825000)/",4240,1200,6532100,27905000000,-80,false,-1.85
"HQC",141246,"/Date(1704870820000)/",4240,1000,6530900,27900000000,-80,false,-1.85
"HQC",141243,"/Date(1704870817000)/",4240,1200,6529900,27895000000,-80,false,-1.85
"HQC",141237,"/Date(1704870809000)/",4240,100,6528700,27890000000,-80,false,-1.85
"HQC",141230,"/Date(1704870804000)/",4240,100,6528600,27890000000,-80,false,-1.85
"HQC",141224,"/Date(1704870799000)/",4240,1000,6528500,27889000000,-80,false,-1.85
"HQC",141221,"/Date(1704870795000)/",4240,2000,6527500,27885000000,-80,true,-1.85
"HQC",141221,"/Date(1704870795000)/",4240,8000,6525500,27877000000,-80,true,-1.85
"HQC",141221,"/Date(1704870793000)/",4240,2000,6517500,27843000000,-80,true,-1.85
"HQC",141218,"/Date(1704870789000)/",4240,1000,6515500,27834000000,-80,true,-1.85
"HQC",141202,"/Date(1704870774000)/",4240,15000,6514500,27830000000,-80,true,-1.85
"HQC",141202,"/Date(1704870774000)/",4240,3000,6499500,27766000000,-80,true,-1.85
"HQC",141158,"/Date(1704870772000)/",4240,2000,6496500,27754000000,-80,false,-1.85
"HQC",141158,"/Date(1704870772000)/",4240,100,6494500,27745000000,-80,false,-1.85
"HQC",141158,"/Date(1704870772000)/",4240,2000,6494400,27745000000,-80,false,-1.85
"HQC",141158,"/Date(1704870772000)/",4240,500,6492400,27736000000,-80,false,-1.85
"HQC",141158,"/Date(1704870772000)/",4240,2100,6491900,27734000000,-80,false,-1.85
"HQC",141158,"/Date(1704870772000)/",4240,3100,6489800,27725000000,-80,false,-1.85
"HQC",141158,"/Date(1704870772000)/",4240,200,6486700,27712000000,-80,false,-1.85
"HQC",141158,"/Date(1704870772000)/",4240,200,6486500,27711000000,-80,false,-1.85
"HQC",141158,"/Date(1704870772000)/",4240,1000,6486300,27710000000,-80,false,-1.85
"HQC",141158,"/Date(1704870772000)/",4240,200,6485300,27706000000,-80,false,-1.85
"HQC",141158,"/Date(1704870772000)/",4240,100,6485100,27705000000,-80,false,-1.85
"HQC",141158,"/Date(1704870772000)/",4240,2000,6485000,27705000000,-80,false,-1.85
"HQC",141158,"/Date(1704870772000)/",4240,100,6483000,27696000000,-80,false,-1.85
"HQC",141158,"/Date(1704870772000)/",4240,1000,6482900,27696000000,-80,false,-1.85
"HQC",141158,"/Date(1704870772000)/",4240,7400,6481900,27692000000,-80,false,-1.85
"HQC",141152,"/Date(1704870764000)/",4240,12600,6474500,27660000000,-80,true,-1.85
"HQC",141152,"/Date(1704870764000)/",4240,2000,6461900,27607000000,-80,true,-1.85
"HQC",141152,"/Date(1704870764000)/",4240,3800,6459900,27599000000,-80,true,-1.85
"HQC",141152,"/Date(1704870764000)/",4240,1000,6456100,27582000000,-80,true,-1.85
"HQC",141152,"/Date(1704870764000)/",4240,1000,6455100,27578000000,-80,true,-1.85
"HQC",141152,"/Date(1704870764000)/",4240,1500,6454100,27574000000,-80,true,-1.85
"HQC",141152,"/Date(1704870764000)/",4240,300,6452600,27568000000,-80,true,-1.85
"HQC",141152,"/Date(1704870764000)/",4240,100,6452300,27566000000,-80,true,-1.85
"HQC",141152,"/Date(1704870764000)/",4240,17700,6452200,27566000000,-80,true,-1.85
"HQC",141149,"/Date(1704870761000)/",4250,500,6434500,27491000000,-70,false,-1.62
"HQC",141149,"/Date(1704870761000)/",4250,500,6434000,27489000000,-70,false,-1.62
"HQC",141139,"/Date(1704870751000)/",4250,6200,6433500,27487000000,-70,false,-1.62
"HQC",141139,"/Date(1704870751000)/",4250,3000,6427300,27460000000,-70,false,-1.62
"HQC",141139,"/Date(1704870751000)/",4250,900,6424300,27448000000,-70,false,-1.62
"HQC",141129,"/Date(1704870744000)/",4240,5000,6423400,27444000000,-80,true,-1.85
"HQC",141101,"/Date(1704870714000)/",4250,3200,6418400,27422000000,-70,false,-1.62
"HQC",141101,"/Date(1704870714000)/",4250,100,6415200,27409000000,-70,false,-1.62
"HQC",141101,"/Date(1704870714000)/",4250,1700,6415100,27408000000,-70,false,-1.62
"HQC",141048,"/Date(1704870701000)/",4240,1000,6413400,27401000000,-80,true,-1.85
"HQC",141019,"/Date(1704870673000)/",4250,100,6412400,27397000000,-70,false,-1.62
"HQC",140950,"/Date(1704870643000)/",4250,1200,6412300,27397000000,-70,false,-1.62
"HQC",140950,"/Date(1704870643000)/",4250,1000,6411100,27391000000,-70,false,-1.62
"HQC",140950,"/Date(1704870643000)/",4250,6000,6410100,27387000000,-70,false,-1.62
"HQC",140950,"/Date(1704870643000)/",4250,1200,6404100,27362000000,-70,false,-1.62
"HQC",140950,"/Date(1704870643000)/",4250,200,6402900,27357000000,-70,false,-1.62
"HQC",140928,"/Date(1704870623000)/",4240,3000,6402700,27356000000,-80,true,-1.85
"HQC",140908,"/Date(1704870602000)/",4250,100,6399700,27343000000,-70,false,-1.62
"HQC",140849,"/Date(1704870581000)/",4250,700,6399600,27343000000,-70,false,-1.62
"HQC",140849,"/Date(1704870581000)/",4250,300,6398900,27340000000,-70,false,-1.62
"HQC",140830,"/Date(1704870564000)/",4250,500,6398600,27338000000,-70,false,-1.62
"HQC",140830,"/Date(1704870563000)/",4250,100,6398100,27336000000,-70,false,-1.62
"HQC",140811,"/Date(1704870544000)/",4250,1000,6398000,27336000000,-70,false,-1.62
"HQC",140758,"/Date(1704870533000)/",4250,100,6397000,27332000000,-70,false,-1.62
"HQC",140729,"/Date(1704870502000)/",4250,500,6396900,27331000000,-70,false,-1.62
"HQC",140729,"/Date(1704870501000)/",4250,2700,6396400,27329000000,-70,false,-1.62
"HQC",140654,"/Date(1704870468000)/",4250,100,6393700,27318000000,-70,false,-1.62
"HQC",140644,"/Date(1704870457000)/",4240,200,6393600,27317000000,-80,true,-1.85
"HQC",140544,"/Date(1704870396000)/",4240,4500,6393400,27316000000,-80,true,-1.85
"HQC",140537,"/Date(1704870389000)/",4250,10000,6388900,27297000000,-70,false,-1.62
"HQC",140521,"/Date(1704870375000)/",4250,500,6378900,27255000000,-70,false,-1.62
"HQC",140508,"/Date(1704870363000)/",4240,1500,6378400,27253000000,-80,true,-1.85
"HQC",140508,"/Date(1704870363000)/",4240,100,6376900,27246000000,-80,true,-1.85
"HQC",140449,"/Date(1704870342000)/",4230,100,6376800,27246000000,-90,true,-2.08
"HQC",140446,"/Date(1704870340000)/",4240,2000,6376700,27245000000,-80,false,-1.85
"HQC",140446,"/Date(1704870340000)/",4240,25000,6374700,27237000000,-80,false,-1.85
"HQC",140446,"/Date(1704870340000)/",4240,2000,6349700,27131000000,-80,false,-1.85
"HQC",140446,"/Date(1704870340000)/",4240,3000,6347700,27122000000,-80,false,-1.85
"HQC",140446,"/Date(1704870340000)/",4240,12600,6344700,27110000000,-80,false,-1.85
"HQC",140446,"/Date(1704870340000)/",4240,55400,6332100,27056000000,-80,false,-1.85
"HQC",140443,"/Date(1704870336000)/",4240,200,6276700,26821000000,-80,false,-1.85
"HQC",140427,"/Date(1704870319000)/",4240,300,6276500,26821000000,-80,false,-1.85
"HQC",140420,"/Date(1704870314000)/",4240,1000,6276200,26819000000,-80,false,-1.85
"HQC",140417,"/Date(1704870312000)/",4240,100,6275200,26815000000,-80,false,-1.85
"HQC",140414,"/Date(1704870307000)/",4240,1000,6275100,26815000000,-80,false,-1.85
"HQC",140411,"/Date(1704870305000)/",4240,4000,6274100,26810000000,-80,false,-1.85
"HQC",140358,"/Date(1704870292000)/",4240,400,6270100,26793000000,-80,false,-1.85
"HQC",140355,"/Date(1704870287000)/",4240,1000,6269700,26792000000,-80,false,-1.85
"HQC",140355,"/Date(1704870287000)/",4240,500,6268700,26787000000,-80,false,-1.85
"HQC",140351,"/Date(1704870286000)/",4240,2300,6268200,26785000000,-80,false,-1.85
"HQC",140348,"/Date(1704870283000)/",4240,1000,6265900,26776000000,-80,false,-1.85
"HQC",140348,"/Date(1704870282000)/",4240,500,6264900,26771000000,-80,false,-1.85
"HQC",140348,"/Date(1704870281000)/",4240,100,6264400,26769000000,-80,false,-1.85
"HQC",140339,"/Date(1704870273000)/",4240,100,6264300,26769000000,-80,false,-1.85
"HQC",140329,"/Date(1704870262000)/",4240,100,6264200,26768000000,-80,false,-1.85
"HQC",140319,"/Date(1704870253000)/",4240,100,6264100,26768000000,-80,false,-1.85
"HQC",140313,"/Date(1704870247000)/",4240,100,6264000,26768000000,-80,false,-1.85
"HQC",140303,"/Date(1704870236000)/",4240,500,6263900,26767000000,-80,false,-1.85
"HQC",140257,"/Date(1704870231000)/",4240,500,6263400,26765000000,-80,false,-1.85
"HQC",140254,"/Date(1704870228000)/",4240,17000,6262900,26763000000,-80,true,-1.85
"HQC",140254,"/Date(1704870226000)/",4240,300,6245900,26691000000,-80,true,-1.85
"HQC",140254,"/Date(1704870226000)/",4240,200,6245600,26689000000,-80,true,-1.85
"HQC",140254,"/Date(1704870226000)/",4240,1600,6245400,26689000000,-80,true,-1.85
"HQC",140254,"/Date(1704870226000)/",4240,100,6243800,26682000000,-80,true,-1.85
"HQC",140254,"/Date(1704870226000)/",4240,400,6243700,26681000000,-80,true,-1.85
"HQC",140254,"/Date(1704870226000)/",4240,10000,6243300,26680000000,-80,true,-1.85
"HQC",140254,"/Date(1704870226000)/",4240,200,6233300,26637000000,-80,true,-1.85
"HQC",140254,"/Date(1704870226000)/",4240,1000,6233100,26636000000,-80,true,-1.85
"HQC",140254,"/Date(1704870226000)/",4240,100,6232100,26632000000,-80,true,-1.85
"HQC",140254,"/Date(1704870226000)/",4240,100,6232000,26632000000,-80,true,-1.85
"HQC",140254,"/Date(1704870226000)/",4240,500,6231900,26631000000,-80,true,-1.85
"HQC",140254,"/Date(1704870226000)/",4240,800,6231400,26629000000,-80,true,-1.85
"HQC",140254,"/Date(1704870226000)/",4240,2600,6230600,26626000000,-80,true,-1.85
"HQC",140254,"/Date(1704870226000)/",4240,5000,6228000,26615000000,-80,true,-1.85
"HQC",140254,"/Date(1704870226000)/",4240,5000,6223000,26594000000,-80,true,-1.85
"HQC",140254,"/Date(1704870226000)/",4240,8600,6218000,26572000000,-80,true,-1.85
"HQC",140254,"/Date(1704870226000)/",4240,1000,6209400,26536000000,-80,true,-1.85
"HQC",140254,"/Date(1704870226000)/",4240,200,6208400,26532000000,-80,true,-1.85
"HQC",140254,"/Date(1704870226000)/",4240,500,6208200,26531000000,-80,true,-1.85
"HQC",140254,"/Date(1704870226000)/",4240,1400,6207700,26529000000,-80,true,-1.85
"HQC",140235,"/Date(1704870207000)/",4240,200,6206300,26523000000,-80,true,-1.85
"HQC",140156,"/Date(1704870170000)/",4240,3400,6206100,26522000000,-80,true,-1.85
"HQC",140156,"/Date(1704870170000)/",4240,500,6202700,26508000000,-80,true,-1.85
"HQC",140156,"/Date(1704870170000)/",4240,4500,6202200,26505000000,-80,true,-1.85
"HQC",140131,"/Date(1704870143000)/",4240,200,6197700,26486000000,-80,true,-1.85
"HQC",140049,"/Date(1704870103000)/",4240,100,6197500,26486000000,-80,true,-1.85
"HQC",140030,"/Date(1704870083000)/",4240,5200,6197400,26485000000,-80,true,-1.85
"HQC",140027,"/Date(1704870081000)/",4240,5000,6192200,26463000000,-80,false,-1.85
"HQC",140027,"/Date(1704870079000)/",4240,100,6187200,26442000000,-80,false,-1.85
"HQC",140007,"/Date(1704870061000)/",4240,100,6187100,26441000000,-80,false,-1.85
"HQC",140001,"/Date(1704870053000)/",4240,100,6187000,26441000000,-80,false,-1.85
"HQC",135954,"/Date(1704870049000)/",4240,100,6186900,26441000000,-80,false,-1.85
"HQC",135951,"/Date(1704870045000)/",4240,100,6186800,26440000000,-80,false,-1.85
"HQC",135942,"/Date(1704870035000)/",4240,100,6186700,26440000000,-80,false,-1.85
"HQC",135926,"/Date(1704870019000)/",4240,2500,6186600,26439000000,-80,false,-1.85
"HQC",135922,"/Date(1704870017000)/",4240,100,6184100,26429000000,-80,false,-1.85
"HQC",135922,"/Date(1704870015000)/",4240,10000,6184000,26428000000,-80,false,-1.85
"HQC",135916,"/Date(1704870009000)/",4240,2000,6174000,26386000000,-80,false,-1.85
"HQC",135912,"/Date(1704870005000)/",4240,100,6172000,26377000000,-80,true,-1.85
"HQC",135912,"/Date(1704870005000)/",4240,100,6171900,26377000000,-80,true,-1.85
"HQC",135912,"/Date(1704870005000)/",4240,4400,6171800,26377000000,-80,true,-1.85
"HQC",135912,"/Date(1704870005000)/",4240,600,6167400,26358000000,-80,true,-1.85
"HQC",135912,"/Date(1704870005000)/",4240,500,6166800,26355000000,-80,true,-1.85
"HQC",135912,"/Date(1704870005000)/",4240,1000,6166300,26353000000,-80,true,-1.85
"HQC",135912,"/Date(1704870005000)/",4240,100,6165300,26349000000,-80,true,-1.85
"HQC",135912,"/Date(1704870005000)/",4240,500,6165200,26349000000,-80,true,-1.85
"HQC",135912,"/Date(1704870005000)/",4240,7300,6164700,26346000000,-80,true,-1.85
"HQC",135853,"/Date(1704869986000)/",4240,32400,6157400,26316000000,-80,true,-1.85
"HQC",135853,"/Date(1704869986000)/",4240,100,6125000,26178000000,-80,true,-1.85
"HQC",135853,"/Date(1704869986000)/",4240,100,6124900,26178000000,-80,true,-1.85
"HQC",135853,"/Date(1704869986000)/",4240,900,6124800,26177000000,-80,true,-1.85
"HQC",135853,"/Date(1704869986000)/",4240,500,6123900,26173000000,-80,true,-1.85
"HQC",135853,"/Date(1704869986000)/",4240,900,6123400,26171000000,-80,true,-1.85
"HQC",135853,"/Date(1704869986000)/",4240,29000,6122500,26168000000,-80,true,-1.85
"HQC",135853,"/Date(1704869986000)/",4240,500,6093500,26045000000,-80,true,-1.85
"HQC",135853,"/Date(1704869986000)/",4240,1000,6093000,26042000000,-80,true,-1.85
"HQC",135853,"/Date(1704869986000)/",4240,100,6092000,26038000000,-80,true,-1.85
"HQC",135853,"/Date(1704869986000)/",4240,1000,6091900,26038000000,-80,true,-1.85
"HQC",135853,"/Date(1704869986000)/",4240,100,6090900,26034000000,-80,true,-1.85
"HQC",135853,"/Date(1704869986000)/",4240,600,6090800,26033000000,-80,true,-1.85
"HQC",135853,"/Date(1704869986000)/",4240,1000,6090200,26031000000,-80,true,-1.85
"HQC",135853,"/Date(1704869986000)/",4240,1000,6089200,26026000000,-80,true,-1.85
"HQC",135853,"/Date(1704869986000)/",4240,500,6088200,26022000000,-80,true,-1.85
"HQC",135853,"/Date(1704869986000)/",4240,1000,6087700,26020000000,-80,true,-1.85
"HQC",135853,"/Date(1704869986000)/",4240,500,6086700,26016000000,-80,true,-1.85
"HQC",135853,"/Date(1704869986000)/",4240,1000,6086200,26014000000,-80,true,-1.85
"HQC",135853,"/Date(1704869986000)/",4240,20000,6085200,26009000000,-80,true,-1.85
"HQC",135853,"/Date(1704869986000)/",4240,200,6065200,25925000000,-80,true,-1.85
"HQC",135853,"/Date(1704869986000)/",4240,1000,6065000,25924000000,-80,true,-1.85
"HQC",135853,"/Date(1704869986000)/",4240,6700,6064000,25920000000,-80,true,-1.85
"HQC",135831,"/Date(1704869964000)/",4250,100,6057300,25891000000,-70,false,-1.62
"HQC",135831,"/Date(1704869963000)/",4250,300,6057200,25891000000,-70,false,-1.62
"HQC",135812,"/Date(1704869945000)/",4250,8600,6056900,25889000000,-70,false,-1.62
"HQC",135759,"/Date(1704869934000)/",4250,200,6048300,25853000000,-70,false,-1.62
"HQC",135759,"/Date(1704869934000)/",4250,100,6048100,25852000000,-70,false,-1.62
"HQC",135759,"/Date(1704869934000)/",4250,2200,6048000,25852000000,-70,false,-1.62
"HQC",135752,"/Date(1704869924000)/",4240,1500,6045800,25842000000,-80,true,-1.85
"HQC",135746,"/Date(1704869921000)/",4250,200,6044300,25836000000,-70,false,-1.62
"HQC",135733,"/Date(1704869905000)/",4240,2000,6044100,25835000000,-80,true,-1.85
"HQC",135708,"/Date(1704869882000)/",4240,3800,6042100,25827000000,-80,true,-1.85
"HQC",135708,"/Date(1704869882000)/",4240,38900,6038300,25810000000,-80,true,-1.85
"HQC",135708,"/Date(1704869882000)/",4240,900,5999400,25645000000,-80,true,-1.85
"HQC",135708,"/Date(1704869882000)/",4240,100,5998500,25642000000,-80,true,-1.85
"HQC",135708,"/Date(1704869882000)/",4240,100,5998400,25641000000,-80,true,-1.85
"HQC",135658,"/Date(1704869870000)/",4250,100,5998300,25641000000,-70,false,-1.62
"HQC",135652,"/Date(1704869865000)/",4250,100,5998200,25640000000,-70,false,-1.62
"HQC",135652,"/Date(1704869865000)/",4250,100,5998100,25640000000,-70,false,-1.62
"HQC",135652,"/Date(1704869865000)/",4250,300,5998000,25640000000,-70,false,-1.62
"HQC",135652,"/Date(1704869865000)/",4250,100,5997700,25638000000,-70,false,-1.62
"HQC",135648,"/Date(1704869861000)/",4250,900,5997600,25638000000,-70,false,-1.62
"HQC",135648,"/Date(1704869861000)/",4250,100,5996700,25634000000,-70,false,-1.62
"HQC",135645,"/Date(1704869857000)/",4250,900,5996600,25634000000,-70,false,-1.62
"HQC",135645,"/Date(1704869857000)/",4250,100,5995700,25630000000,-70,false,-1.62
"HQC",135642,"/Date(1704869856000)/",4250,1000,5995600,25629000000,-70,false,-1.62
"HQC",135632,"/Date(1704869844000)/",4250,100,5994600,25625000000,-70,false,-1.62
"HQC",135619,"/Date(1704869832000)/",4250,500,5994500,25625000000,-70,false,-1.62
"HQC",135610,"/Date(1704869825000)/",4250,100,5994000,25623000000,-70,false,-1.62
"HQC",135610,"/Date(1704869822000)/",4250,300,5993900,25622000000,-70,false,-1.62
"HQC",135600,"/Date(1704869813000)/",4250,5000,5993600,25621000000,-70,false,-1.62
"HQC",135554,"/Date(1704869807000)/",4250,900,5988600,25600000000,-70,true,-1.62
"HQC",135554,"/Date(1704869806000)/",4250,100,5987700,25596000000,-70,true,-1.62
"HQC",135554,"/Date(1704869806000)/",4250,2400,5987600,25595000000,-70,true,-1.62
"HQC",135544,"/Date(1704869798000)/",4250,100,5985200,25585000000,-70,true,-1.62
"HQC",135538,"/Date(1704869790000)/",4250,4000,5985100,25585000000,-70,false,-1.62
"HQC",135538,"/Date(1704869790000)/",4250,1000,5981100,25568000000,-70,false,-1.62
"HQC",135538,"/Date(1704869790000)/",4250,10300,5980100,25563000000,-70,false,-1.62
"HQC",135535,"/Date(1704869788000)/",4250,500,5969800,25520000000,-70,false,-1.62
"HQC",135532,"/Date(1704869785000)/",4250,100,5969300,25518000000,-70,false,-1.62
"HQC",135532,"/Date(1704869782000)/",4250,500,5969200,25517000000,-70,false,-1.62
"HQC",135522,"/Date(1704869775000)/",4250,2000,5968700,25515000000,-70,false,-1.62
"HQC",135519,"/Date(1704869771000)/",4250,100,5966700,25507000000,-70,false,-1.62
"HQC",135509,"/Date(1704869763000)/",4250,500,5966600,25506000000,-70,false,-1.62
"HQC",135503,"/Date(1704869756000)/",4250,100,5966100,25504000000,-70,false,-1.62
"HQC",135500,"/Date(1704869754000)/",4250,400,5966000,25504000000,-70,false,-1.62
"HQC",135456,"/Date(1704869749000)/",4250,500,5965600,25502000000,-70,true,-1.62
"HQC",135456,"/Date(1704869749000)/",4250,100,5965100,25500000000,-70,true,-1.62
"HQC",135456,"/Date(1704869749000)/",4250,700,5965000,25499000000,-70,true,-1.62
"HQC",135456,"/Date(1704869749000)/",4250,1000,5964300,25496000000,-70,true,-1.62
"HQC",135456,"/Date(1704869749000)/",4250,3200,5963300,25492000000,-70,true,-1.62
"HQC",135450,"/Date(1704869742000)/",4250,100,5960100,25478000000,-70,true,-1.62
"HQC",135444,"/Date(1704869737000)/",4250,500,5960000,25478000000,-70,true,-1.62
"HQC",135440,"/Date(1704869732000)/",4250,1000,5959500,25476000000,-70,true,-1.62
"HQC",135418,"/Date(1704869711000)/",4250,1000,5958500,25472000000,-70,true,-1.62
"HQC",135418,"/Date(1704869710000)/",4250,4200,5957500,25467000000,-70,true,-1.62
"HQC",135418,"/Date(1704869710000)/",4250,900,5953300,25450000000,-70,true,-1.62
"HQC",135418,"/Date(1704869710000)/",4250,6900,5952400,25446000000,-70,true,-1.62
"HQC",135418,"/Date(1704869710000)/",4250,8000,5945500,25416000000,-70,true,-1.62
"HQC",135352,"/Date(1704869685000)/",4250,16800,5937500,25382000000,-70,true,-1.62
"HQC",135346,"/Date(1704869680000)/",4250,1000,5920700,25311000000,-70,true,-1.62
"HQC",135346,"/Date(1704869680000)/",4250,100,5919700,25307000000,-70,true,-1.62
"HQC",135346,"/Date(1704869680000)/",4250,10000,5919600,25306000000,-70,true,-1.62
"HQC",135346,"/Date(1704869680000)/",4250,100,5909600,25264000000,-70,true,-1.62
"HQC",135346,"/Date(1704869680000)/",4250,500,5909500,25263000000,-70,true,-1.62
"HQC",135346,"/Date(1704869680000)/",4250,2100,5909000,25261000000,-70,true,-1.62
"HQC",135346,"/Date(1704869680000)/",4250,19300,5906900,25252000000,-70,true,-1.62
"HQC",135314,"/Date(1704869649000)/",4250,700,5887600,25170000000,-70,true,-1.62
"HQC",135314,"/Date(1704869648000)/",4260,900,5886900,25167000000,-60,false,-1.39
"HQC",135252,"/Date(1704869625000)/",4250,2000,5886000,25164000000,-70,true,-1.62
"HQC",135252,"/Date(1704869624000)/",4250,200,5884000,25155000000,-70,true,-1.62
"HQC",135245,"/Date(1704869620000)/",4250,300,5883800,25154000000,-70,true,-1.62
"HQC",135245,"/Date(1704869620000)/",4250,5200,5883500,25153000000,-70,true,-1.62
"HQC",135245,"/Date(1704869620000)/",4250,100,5878300,25131000000,-70,true,-1.62
"HQC",135245,"/Date(1704869620000)/",4250,200,5878200,25130000000,-70,true,-1.62
"HQC",135245,"/Date(1704869620000)/",4250,3000,5878000,25130000000,-70,true,-1.62
"HQC",135245,"/Date(1704869620000)/",4250,1000,5875000,25117000000,-70,true,-1.62
"HQC",135245,"/Date(1704869620000)/",4250,200,5874000,25113000000,-70,true,-1.62
"HQC",135245,"/Date(1704869619000)/",4260,100,5873800,25112000000,-60,false,-1.39
"HQC",135229,"/Date(1704869603000)/",4250,200,5873700,25111000000,-70,true,-1.62
"HQC",135223,"/Date(1704869598000)/",4260,800,5873500,25110000000,-60,false,-1.39
"HQC",135223,"/Date(1704869598000)/",4260,1200,5872700,25107000000,-60,false,-1.39
"HQC",135223,"/Date(1704869596000)/",4260,10000,5871500,25102000000,-60,false,-1.39
"HQC",135216,"/Date(1704869589000)/",4260,100,5861500,25059000000,-60,false,-1.39
"HQC",135216,"/Date(1704869589000)/",4260,900,5861400,25059000000,-60,false,-1.39
"HQC",135151,"/Date(1704869565000)/",4260,200,5860500,25055000000,-60,false,-1.39
"HQC",135151,"/Date(1704869565000)/",4260,800,5860300,25054000000,-60,false,-1.39
"HQC",135115,"/Date(1704869528000)/",4260,500,5859500,25051000000,-60,false,-1.39
"HQC",135011,"/Date(1704869464000)/",4260,600,5859000,25049000000,-60,false,-1.39
"HQC",134933,"/Date(1704869425000)/",4260,2200,5858400,25046000000,-60,false,-1.39
"HQC",134930,"/Date(1704869423000)/",4260,700,5856200,25037000000,-60,false,-1.39
"HQC",134930,"/Date(1704869423000)/",4260,200,5855500,25034000000,-60,false,-1.39
"HQC",134930,"/Date(1704869423000)/",4260,100,5855300,25033000000,-60,false,-1.39
"HQC",134923,"/Date(1704869417000)/",4250,100,5855200,25032000000,-70,true,-1.62
"HQC",134914,"/Date(1704869406000)/",4250,100,5855100,25032000000,-70,true,-1.62
"HQC",134858,"/Date(1704869392000)/",4250,800,5855000,25032000000,-70,true,-1.62
"HQC",134855,"/Date(1704869389000)/",4260,100,5854200,25028000000,-60,false,-1.39
"HQC",134842,"/Date(1704869374000)/",4260,200,5854100,25028000000,-60,false,-1.39
"HQC",134806,"/Date(1704869340000)/",4260,1600,5853900,25027000000,-60,false,-1.39
"HQC",134806,"/Date(1704869340000)/",4260,2000,5852300,25020000000,-60,false,-1.39
"HQC",134806,"/Date(1704869340000)/",4260,10400,5850300,25012000000,-60,false,-1.39
"HQC",134806,"/Date(1704869340000)/",4260,300,5839900,24967000000,-60,false,-1.39
"HQC",134806,"/Date(1704869340000)/",4260,3000,5839600,24966000000,-60,false,-1.39
"HQC",134806,"/Date(1704869340000)/",4260,900,5836600,24953000000,-60,false,-1.39
"HQC",134806,"/Date(1704869340000)/",4260,1800,5835700,24949000000,-60,false,-1.39
"HQC",134734,"/Date(1704869307000)/",4250,100,5833900,24942000000,-70,true,-1.62
"HQC",134656,"/Date(1704869271000)/",4260,9200,5833800,24941000000,-60,false,-1.39
"HQC",134656,"/Date(1704869271000)/",4260,1000,5824600,24902000000,-60,false,-1.39
"HQC",134656,"/Date(1704869271000)/",4260,3000,5823600,24898000000,-60,false,-1.39
"HQC",134656,"/Date(1704869271000)/",4260,400,5820600,24885000000,-60,false,-1.39
"HQC",134656,"/Date(1704869271000)/",4260,100,5820200,24883000000,-60,false,-1.39
"HQC",134656,"/Date(1704869271000)/",4260,4000,5820100,24883000000,-60,false,-1.39
"HQC",134656,"/Date(1704869271000)/",4260,1500,5816100,24866000000,-60,false,-1.39
"HQC",134656,"/Date(1704869271000)/",4260,800,5814600,24860000000,-60,false,-1.39
"HQC",134656,"/Date(1704869270000)/",4260,100,5813800,24856000000,-60,false,-1.39
"HQC",134650,"/Date(1704869262000)/",4250,200,5813700,24856000000,-70,true,-1.62
"HQC",134605,"/Date(1704869218000)/",4250,200,5813500,24855000000,-70,false,-1.62
"HQC",134605,"/Date(1704869218000)/",4250,100,5813300,24854000000,-70,false,-1.62
"HQC",134605,"/Date(1704869218000)/",4250,500,5813200,24854000000,-70,false,-1.62
"HQC",134555,"/Date(1704869209000)/",4250,2000,5812700,24851000000,-70,false,-1.62
"HQC",134555,"/Date(1704869209000)/",4250,500,5810700,24843000000,-70,false,-1.62
"HQC",134555,"/Date(1704869209000)/",4250,500,5810200,24841000000,-70,false,-1.62
"HQC",134545,"/Date(1704869199000)/",4250,100,5809700,24839000000,-70,false,-1.62
"HQC",134539,"/Date(1704869192000)/",4250,500,5809600,24838000000,-70,false,-1.62
"HQC",134526,"/Date(1704869179000)/",4250,100,5809100,24836000000,-70,false,-1.62
"HQC",134520,"/Date(1704869172000)/",4250,800,5809000,24836000000,-70,false,-1.62
"HQC",134520,"/Date(1704869172000)/",4250,500,5808200,24832000000,-70,false,-1.62
"HQC",134520,"/Date(1704869172000)/",4250,2000,5807700,24830000000,-70,false,-1.62
"HQC",134520,"/Date(1704869172000)/",4250,2900,5805700,24822000000,-70,false,-1.62
"HQC",134517,"/Date(1704869170000)/",4250,500,5802800,24809000000,-70,false,-1.62
"HQC",134451,"/Date(1704869144000)/",4250,100,5802300,24807000000,-70,false,-1.62
"HQC",134435,"/Date(1704869128000)/",4250,6500,5802200,24807000000,-70,false,-1.62
"HQC",134435,"/Date(1704869128000)/",4250,100,5795700,24779000000,-70,false,-1.62
"HQC",134435,"/Date(1704869128000)/",4250,200,5795600,24779000000,-70,false,-1.62
"HQC",134435,"/Date(1704869128000)/",4250,1000,5795400,24778000000,-70,false,-1.62
"HQC",134435,"/Date(1704869128000)/",4250,2000,5794400,24774000000,-70,false,-1.62
"HQC",134435,"/Date(1704869128000)/",4250,200,5792400,24765000000,-70,false,-1.62
"HQC",134429,"/Date(1704869121000)/",4250,1000,5792200,24764000000,-70,false,-1.62
"HQC",134419,"/Date(1704869112000)/",4250,1500,5791200,24760000000,-70,false,-1.62
"HQC",134419,"/Date(1704869111000)/",4250,300,5789700,24754000000,-70,false,-1.62
"HQC",134419,"/Date(1704869111000)/",4250,200,5789400,24752000000,-70,false,-1.62
"HQC",134416,"/Date(1704869110000)/",4250,500,5789200,24752000000,-70,false,-1.62
"HQC",134413,"/Date(1704869107000)/",4250,2000,5788700,24749000000,-70,false,-1.62
"HQC",134409,"/Date(1704869104000)/",4250,2500,5786700,24741000000,-70,false,-1.62
"HQC",134409,"/Date(1704869104000)/",4250,2000,5784200,24730000000,-70,false,-1.62
"HQC",134403,"/Date(1704869098000)/",4250,2800,5782200,24722000000,-70,false,-1.62
"HQC",134403,"/Date(1704869098000)/",4250,6600,5779400,24710000000,-70,false,-1.62
"HQC",134400,"/Date(1704869095000)/",4250,4500,5772800,24682000000,-70,false,-1.62
"HQC",134357,"/Date(1704869089000)/",4250,1000,5768300,24663000000,-70,false,-1.62
"HQC",134353,"/Date(1704869086000)/",4250,200,5767300,24658000000,-70,false,-1.62
"HQC",134325,"/Date(1704869059000)/",4250,500,5767100,24658000000,-70,false,-1.62
"HQC",134321,"/Date(1704869054000)/",4250,1000,5766600,24656000000,-70,false,-1.62
"HQC",134318,"/Date(1704869051000)/",4250,500,5765600,24651000000,-70,false,-1.62
"HQC",134315,"/Date(1704869048000)/",4250,200,5765100,24649000000,-70,false,-1.62
"HQC",134312,"/Date(1704869044000)/",4250,10000,5764900,24648000000,-70,false,-1.62
"HQC",134249,"/Date(1704869024000)/",4250,3000,5754900,24606000000,-70,false,-1.62
"HQC",134217,"/Date(1704868992000)/",4250,500,5751900,24593000000,-70,false,-1.62
"HQC",134214,"/Date(1704868987000)/",4250,1000,5751400,24591000000,-70,false,-1.62
"HQC",134214,"/Date(1704868986000)/",4250,200,5750400,24587000000,-70,false,-1.62
"HQC",134136,"/Date(1704868950000)/",4250,800,5750200,24586000000,-70,false,-1.62
"HQC",134136,"/Date(1704868950000)/",4250,200,5749400,24582000000,-70,false,-1.62
"HQC",134126,"/Date(1704868938000)/",4250,1200,5749200,24582000000,-70,false,-1.62
"HQC",134110,"/Date(1704868922000)/",4240,500,5748000,24576000000,-80,true,-1.85
"HQC",134110,"/Date(1704868922000)/",4240,1600,5747500,24574000000,-80,true,-1.85
"HQC",134110,"/Date(1704868922000)/",4240,100,5745900,24568000000,-80,true,-1.85
"HQC",134110,"/Date(1704868922000)/",4240,400,5745800,24567000000,-80,true,-1.85
"HQC",134012,"/Date(1704868867000)/",4250,500,5745400,24565000000,-70,false,-1.62
"HQC",134009,"/Date(1704868863000)/",4240,1600,5744900,24563000000,-80,true,-1.85
"HQC",134009,"/Date(1704868863000)/",4240,100,5743300,24557000000,-80,true,-1.85
"HQC",134009,"/Date(1704868863000)/",4240,100,5743200,24556000000,-80,true,-1.85
"HQC",134009,"/Date(1704868863000)/",4240,500,5743100,24556000000,-80,true,-1.85
"HQC",134009,"/Date(1704868863000)/",4240,100,5742600,24554000000,-80,true,-1.85
"HQC",134009,"/Date(1704868863000)/",4240,1000,5742500,24553000000,-80,true,-1.85
"HQC",134009,"/Date(1704868863000)/",4240,700,5741500,24549000000,-80,true,-1.85
"HQC",133856,"/Date(1704868789000)/",4240,600,5740800,24546000000,-80,true,-1.85
"HQC",133856,"/Date(1704868789000)/",4240,1000,5740200,24543000000,-80,true,-1.85
"HQC",133856,"/Date(1704868789000)/",4240,400,5739200,24539000000,-80,true,-1.85
"HQC",133856,"/Date(1704868789000)/",4240,3000,5738800,24537000000,-80,true,-1.85
"HQC",133856,"/Date(1704868789000)/",4240,500,5735800,24525000000,-80,true,-1.85
"HQC",133856,"/Date(1704868789000)/",4240,500,5735300,24523000000,-80,true,-1.85
"HQC",133843,"/Date(1704868776000)/",4240,1500,5734800,24520000000,-80,true,-1.85
"HQC",133843,"/Date(1704868776000)/",4240,8000,5733300,24514000000,-80,true,-1.85
"HQC",133843,"/Date(1704868776000)/",4240,200,5725300,24480000000,-80,true,-1.85
"HQC",133843,"/Date(1704868776000)/",4240,100,5725100,24479000000,-80,true,-1.85
"HQC",133843,"/Date(1704868776000)/",4240,300,5725000,24479000000,-80,true,-1.85
"HQC",133843,"/Date(1704868776000)/",4240,400,5724700,24478000000,-80,true,-1.85
"HQC",133843,"/Date(1704868776000)/",4240,3000,5724300,24476000000,-80,true,-1.85
"HQC",133843,"/Date(1704868776000)/",4240,6500,5721300,24463000000,-80,true,-1.85
"HQC",133820,"/Date(1704868752000)/",4250,100,5714800,24436000000,-70,true,-1.62
"HQC",133820,"/Date(1704868752000)/",4250,500,5714700,24435000000,-70,true,-1.62
"HQC",133820,"/Date(1704868752000)/",4250,1700,5714200,24433000000,-70,true,-1.62
"HQC",133817,"/Date(1704868750000)/",4250,1000,5712500,24426000000,-70,true,-1.62
"HQC",133814,"/Date(1704868748000)/",4250,800,5711500,24422000000,-70,true,-1.62
"HQC",133808,"/Date(1704868743000)/",4250,2000,5710700,24418000000,-70,true,-1.62
"HQC",133808,"/Date(1704868742000)/",4250,800,5708700,24410000000,-70,true,-1.62
"HQC",133804,"/Date(1704868737000)/",4250,1000,5707900,24406000000,-70,true,-1.62
"HQC",133801,"/Date(1704868735000)/",4250,20000,5706900,24402000000,-70,true,-1.62
"HQC",133748,"/Date(1704868723000)/",4250,100,5686900,24317000000,-70,true,-1.62
"HQC",133748,"/Date(1704868722000)/",4250,5000,5686800,24317000000,-70,true,-1.62
"HQC",133739,"/Date(1704868712000)/",4250,100,5681800,24295000000,-70,true,-1.62
"HQC",133732,"/Date(1704868705000)/",4250,200,5681700,24295000000,-70,true,-1.62
"HQC",133723,"/Date(1704868697000)/",4250,1000,5681500,24294000000,-70,true,-1.62
"HQC",133720,"/Date(1704868692000)/",4250,500,5680500,24290000000,-70,false,-1.62
"HQC",133720,"/Date(1704868692000)/",4250,1000,5680000,24288000000,-70,false,-1.62
"HQC",133720,"/Date(1704868692000)/",4250,9000,5679000,24284000000,-70,false,-1.62
"HQC",133720,"/Date(1704868692000)/",4250,1000,5670000,24245000000,-70,false,-1.62
"HQC",133720,"/Date(1704868692000)/",4250,1200,5669000,24241000000,-70,false,-1.62
"HQC",133720,"/Date(1704868692000)/",4250,200,5667800,24236000000,-70,false,-1.62
"HQC",133713,"/Date(1704868687000)/",4240,5000,5667600,24235000000,-80,true,-1.85
"HQC",133648,"/Date(1704868661000)/",4240,20000,5662600,24214000000,-80,true,-1.85
"HQC",133638,"/Date(1704868651000)/",4240,5300,5642600,24129000000,-80,true,-1.85
"HQC",133635,"/Date(1704868647000)/",4240,2000,5637300,24107000000,-80,true,-1.85
"HQC",133629,"/Date(1704868643000)/",4240,2000,5635300,24098000000,-80,true,-1.85
"HQC",133629,"/Date(1704868643000)/",4250,600,5633300,24090000000,-70,false,-1.62
"HQC",133603,"/Date(1704868616000)/",4240,1300,5632700,24087000000,-80,true,-1.85
"HQC",133540,"/Date(1704868592000)/",4250,400,5631400,24082000000,-70,false,-1.62
"HQC",133537,"/Date(1704868590000)/",4240,300,5631000,24080000000,-80,true,-1.85
"HQC",133515,"/Date(1704868567000)/",4240,1000,5630700,24079000000,-80,true,-1.85
"HQC",133508,"/Date(1704868563000)/",4250,100,5629700,24074000000,-70,false,-1.62
"HQC",133502,"/Date(1704868555000)/",4250,1000,5629600,24074000000,-70,false,-1.62
"HQC",133502,"/Date(1704868555000)/",4250,100,5628600,24070000000,-70,false,-1.62
"HQC",133502,"/Date(1704868555000)/",4250,200,5628500,24069000000,-70,false,-1.62
"HQC",133502,"/Date(1704868555000)/",4250,1000,5628300,24068000000,-70,false,-1.62
"HQC",133502,"/Date(1704868555000)/",4250,300,5627300,24064000000,-70,false,-1.62
"HQC",133502,"/Date(1704868555000)/",4250,100,5627000,24063000000,-70,false,-1.62
"HQC",133459,"/Date(1704868551000)/",4250,1400,5626900,24062000000,-70,true,-1.62
"HQC",133459,"/Date(1704868551000)/",4250,500,5625500,24057000000,-70,true,-1.62
"HQC",133459,"/Date(1704868551000)/",4250,100,5625000,24054000000,-70,true,-1.62
"HQC",133459,"/Date(1704868551000)/",4250,300,5624900,24054000000,-70,true,-1.62
"HQC",133459,"/Date(1704868551000)/",4250,1000,5624600,24053000000,-70,true,-1.62
"HQC",133459,"/Date(1704868551000)/",4250,8200,5623600,24048000000,-70,true,-1.62
"HQC",133459,"/Date(1704868551000)/",4250,500,5615400,24014000000,-70,true,-1.62
"HQC",133430,"/Date(1704868522000)/",4250,500,5614900,24011000000,-70,true,-1.62
"HQC",133420,"/Date(1704868515000)/",4250,200,5614400,24009000000,-70,true,-1.62
"HQC",133420,"/Date(1704868515000)/",4250,100,5614200,24009000000,-70,true,-1.62
"HQC",133420,"/Date(1704868515000)/",4250,700,5614100,24008000000,-70,true,-1.62
"HQC",133352,"/Date(1704868485000)/",4260,200,5613400,24005000000,-60,false,-1.39
"HQC",133342,"/Date(1704868476000)/",4250,1000,5613200,24004000000,-70,true,-1.62
"HQC",133336,"/Date(1704868469000)/",4260,1000,5612200,24000000000,-60,false,-1.39
"HQC",133301,"/Date(1704868435000)/",4260,1500,5611200,23996000000,-60,false,-1.39
"HQC",133301,"/Date(1704868434000)/",4260,100,5609700,23989000000,-60,false,-1.39
"HQC",133257,"/Date(1704868429000)/",4260,300,5609600,23989000000,-60,false,-1.39
"HQC",133254,"/Date(1704868426000)/",4260,5000,5609300,23988000000,-60,false,-1.39
"HQC",133244,"/Date(1704868418000)/",4260,1000,5604300,23966000000,-60,false,-1.39
"HQC",133244,"/Date(1704868418000)/",4260,1000,5603300,23962000000,-60,false,-1.39
"HQC",133244,"/Date(1704868417000)/",4260,500,5602300,23958000000,-60,false,-1.39
"HQC",133147,"/Date(1704868361000)/",4260,100,5601800,23956000000,-60,false,-1.39
"HQC",133147,"/Date(1704868359000)/",4260,100,5601700,23955000000,-60,false,-1.39
"HQC",133140,"/Date(1704868354000)/",4260,300,5601600,23955000000,-60,false,-1.39
"HQC",133140,"/Date(1704868354000)/",4260,100,5601300,23954000000,-60,false,-1.39
"HQC",133134,"/Date(1704868341000)/",4250,3000,5601200,23953000000,-70,true,-1.62
"HQC",133134,"/Date(1704868338000)/",4250,300,5598200,23940000000,-70,true,-1.62
"HQC",133134,"/Date(1704868338000)/",4250,200,5597900,23939000000,-70,true,-1.62
"HQC",133134,"/Date(1704868338000)/",4250,2300,5597700,23938000000,-70,true,-1.62
"HQC",133134,"/Date(1704868338000)/",4250,800,5595400,23928000000,-70,true,-1.62
"HQC",133134,"/Date(1704868338000)/",4250,2900,5594600,23925000000,-70,true,-1.62
"HQC",133105,"/Date(1704868317000)/",4250,3300,5591700,23913000000,-70,true,-1.62
"HQC",133030,"/Date(1704868284000)/",4250,400,5588400,23899000000,-70,true,-1.62
"HQC",133030,"/Date(1704868283000)/",4250,200,5588000,23897000000,-70,true,-1.62
"HQC",133017,"/Date(1704868270000)/",4250,10000,5587800,23896000000,-70,true,-1.62
"HQC",133014,"/Date(1704868268000)/",4250,100,5577800,23854000000,-70,true,-1.62
"HQC",133014,"/Date(1704868268000)/",4250,3100,5577700,23853000000,-70,true,-1.62
"HQC",133011,"/Date(1704868264000)/",4250,400,5574600,23840000000,-70,false,-1.62
"HQC",133008,"/Date(1704868261000)/",4250,300,5574200,23838000000,-70,false,-1.62
"HQC",133001,"/Date(1704868255000)/",4250,200,5573900,23837000000,-70,false,-1.62
"HQC",133001,"/Date(1704868255000)/",4250,200,5573700,23836000000,-70,false,-1.62
"HQC",133001,"/Date(1704868255000)/",4250,100,5573500,23835000000,-70,false,-1.62
"HQC",132958,"/Date(1704868251000)/",4250,5000,5573400,23835000000,-70,false,-1.62
"HQC",132955,"/Date(1704868249000)/",4250,200,5568400,23814000000,-70,false,-1.62
"HQC",132955,"/Date(1704868249000)/",4250,300,5568200,23813000000,-70,false,-1.62
"HQC",132955,"/Date(1704868249000)/",4250,1000,5567900,23812000000,-70,false,-1.62
"HQC",132955,"/Date(1704868248000)/",4250,3500,5566900,23807000000,-70,false,-1.62
