"Stockcode","Package","TradingDate","Price","Vol","TotalVol","TotalVal","Change","IsBuy","PerChange"
"SIP",144409,"/Date(1704872701000)/",65500,10200,127700,8475000000,-1500,false,-2.24
"SIP",142634,"/Date(1704871646000)/",65900,100,117500,7807000000,-1100,false,-1.64
"SIP",142148,"/Date(1704871360000)/",65500,900,117400,7801000000,-1500,true,-2.24
"SIP",142051,"/Date(1704871306000)/",65500,500,116500,7742000000,-1500,false,-2.24
"SIP",142035,"/Date(1704871289000)/",65500,300,116000,7709000000,-1500,false,-2.24
"SIP",142028,"/Date(1704871281000)/",65500,500,115700,7689000000,-1500,false,-2.24
"SIP",142022,"/Date(1704871275000)/",65500,1000,115200,7657000000,-1500,false,-2.24
"SIP",141940,"/Date(1704871234000)/",65500,200,114200,7591000000,-1500,true,-2.24
"SIP",141940,"/Date(1704871234000)/",65500,500,114000,7578000000,-1500,true,-2.24
"SIP",141940,"/Date(1704871234000)/",65500,300,113500,7545000000,-1500,true,-2.24
"SIP",141940,"/Date(1704871234000)/",65500,100,113200,7526000000,-1500,true,-2.24
"SIP",141940,"/Date(1704871234000)/",65500,500,113100,7519000000,-1500,true,-2.24
"SIP",141940,"/Date(1704871234000)/",65500,200,112600,7486000000,-1500,true,-2.24
"SIP",141820,"/Date(1704871154000)/",65500,300,112400,7473000000,-1500,true,-2.24
"SIP",141820,"/Date(1704871154000)/",65500,500,112100,7454000000,-1500,true,-2.24
"SIP",141820,"/Date(1704871154000)/",65500,100,111600,7421000000,-1500,true,-2.24
"SIP",141820,"/Date(1704871154000)/",65500,100,111500,7414000000,-1500,true,-2.24
"SIP",141754,"/Date(1704871127000)/",65500,300,111400,7408000000,-1500,true,-2.24
"SIP",141754,"/Date(1704871127000)/",65500,1000,111100,7388000000,-1500,true,-2.24
"SIP",141754,"/Date(1704871127000)/",65500,300,110100,7323000000,-1500,true,-2.24
"SIP",141719,"/Date(1704871093000)/",65500,200,109800,7303000000,-1500,true,-2.24
"SIP",141703,"/Date(1704871077000)/",65800,200,109600,7290000000,-1200,false,-1.79
"SIP",141637,"/Date(1704871051000)/",65800,1000,109400,7277000000,-1200,true,-1.79
"SIP",141543,"/Date(1704870997000)/",65900,200,108400,7211000000,-1100,true,-1.64
"SIP",141422,"/Date(1704870917000)/",65900,500,108200,7198000000,-1100,true,-1.64
"SIP",141306,"/Date(1704870838000)/",65800,1000,107700,7165000000,-1200,true,-1.79
"SIP",141306,"/Date(1704870838000)/",65800,3900,106700,7099000000,-1200,true,-1.79
"SIP",141306,"/Date(1704870838000)/",65800,1000,102800,6842000000,-1200,true,-1.79
"SIP",141302,"/Date(1704870837000)/",65900,100,101800,6776000000,-1100,false,-1.64
"SIP",141240,"/Date(1704870813000)/",66000,500,101700,6770000000,-1000,false,-1.49
"SIP",141240,"/Date(1704870813000)/",66000,100,101200,6737000000,-1000,false,-1.49
"SIP",141240,"/Date(1704870813000)/",66000,500,101100,6730000000,-1000,false,-1.49
"SIP",141240,"/Date(1704870813000)/",66000,100,100600,6697000000,-1000,false,-1.49
"SIP",141240,"/Date(1704870813000)/",66000,400,100500,6691000000,-1000,false,-1.49
"SIP",141240,"/Date(1704870813000)/",66000,500,100100,6664000000,-1000,false,-1.49
"SIP",141240,"/Date(1704870813000)/",66000,900,99600,6631000000,-1000,false,-1.49
"SIP",141227,"/Date(1704870800000)/",66000,200,98700,6572000000,-1000,true,-1.49
"SIP",141227,"/Date(1704870800000)/",66000,100,98500,6559000000,-1000,true,-1.49
"SIP",141104,"/Date(1704870718000)/",66100,100,98400,6552000000,-900,false,-1.34
"SIP",141029,"/Date(1704870681000)/",66100,1000,98300,6545000000,-900,true,-1.34
"SIP",141029,"/Date(1704870681000)/",66100,200,97300,6479000000,-900,true,-1.34
"SIP",141029,"/Date(1704870681000)/",66100,1700,97100,6466000000,-900,true,-1.34
"SIP",140814,"/Date(1704870547000)/",66400,100,95400,6354000000,-600,false,-0.9
"SIP",140814,"/Date(1704870547000)/",66400,100,95300,6347000000,-600,false,-0.9
"SIP",140814,"/Date(1704870547000)/",66300,100,95200,6341000000,-700,false,-1.04
"SIP",140720,"/Date(1704870492000)/",66100,300,95100,6334000000,-900,true,-1.34
"SIP",135645,"/Date(1704869859000)/",66400,1000,94800,6314000000,-600,false,-0.9
"SIP",135021,"/Date(1704869476000)/",66400,600,93800,6248000000,-600,false,-0.9
"SIP",135021,"/Date(1704869476000)/",66300,400,93200,6208000000,-700,false,-1.04
"SIP",134943,"/Date(1704869435000)/",66000,300,92800,6181000000,-1000,true,-1.49
"SIP",134943,"/Date(1704869435000)/",66000,1000,92500,6161000000,-1000,true,-1.49
"SIP",134943,"/Date(1704869435000)/",66000,200,91500,6095000000,-1000,true,-1.49
"SIP",134943,"/Date(1704869435000)/",66000,500,91300,6082000000,-1000,true,-1.49
"SIP",134943,"/Date(1704869435000)/",66000,300,90800,6049000000,-1000,true,-1.49
"SIP",134943,"/Date(1704869435000)/",66000,200,90500,6029000000,-1000,true,-1.49
"SIP",134943,"/Date(1704869435000)/",66000,100,90300,6016000000,-1000,true,-1.49
"SIP",134943,"/Date(1704869435000)/",66100,1000,90200,6010000000,-900,true,-1.34
"SIP",134943,"/Date(1704869435000)/",66100,500,89200,5944000000,-900,true,-1.34
"SIP",134943,"/Date(1704869435000)/",66100,100,88700,5911000000,-900,true,-1.34
"SIP",134943,"/Date(1704869435000)/",66100,800,88600,5904000000,-900,true,-1.34
"SIP",134249,"/Date(1704869023000)/",66200,100,87800,5851000000,-800,false,-1.19
"SIP",134234,"/Date(1704869006000)/",66200,500,87700,5844000000,-800,false,-1.19
"SIP",134107,"/Date(1704868921000)/",66200,400,87200,5811000000,-800,true,-1.19
"SIP",133518,"/Date(1704868572000)/",66300,5000,86800,5785000000,-700,true,-1.04
"SIP",133326,"/Date(1704868460000)/",66300,800,81800,5453000000,-700,false,-1.04
"SIP",133326,"/Date(1704868460000)/",66200,200,81000,5400000000,-800,false,-1.19
"SIP",133144,"/Date(1704868356000)/",66200,100,80800,5387000000,-800,false,-1.19
"SIP",133004,"/Date(1704868258000)/",66100,200,80700,5380000000,-900,false,-1.34
"SIP",132942,"/Date(1704868236000)/",66100,100,80500,5367000000,-900,false,-1.34
"SIP",132936,"/Date(1704868229000)/",66100,500,80400,5361000000,-900,false,-1.34
"SIP",132923,"/Date(1704868218000)/",66100,100,79900,5328000000,-900,false,-1.34
"SIP",132923,"/Date(1704868215000)/",66100,1000,79800,5321000000,-900,false,-1.34
"SIP",132822,"/Date(1704868155000)/",66000,400,78800,5255000000,-1000,true,-1.49
"SIP",132822,"/Date(1704868155000)/",66000,200,78400,5228000000,-1000,true,-1.49
"SIP",132744,"/Date(1704868117000)/",66000,300,78200,5215000000,-1000,true,-1.49
"SIP",132744,"/Date(1704868117000)/",66000,700,77900,5195000000,-1000,true,-1.49
"SIP",132728,"/Date(1704868101000)/",66000,300,77200,5149000000,-1000,true,-1.49
"SIP",132659,"/Date(1704868073000)/",66000,300,76900,5129000000,-1000,false,-1.49
"SIP",132655,"/Date(1704868071000)/",66100,1000,76600,5110000000,-900,true,-1.34
"SIP",132655,"/Date(1704868071000)/",66100,100,75600,5044000000,-900,true,-1.34
"SIP",132555,"/Date(1704868009000)/",66100,200,75500,5037000000,-900,true,-1.34
"SIP",132551,"/Date(1704868006000)/",66000,100,75300,5024000000,-1000,true,-1.49
"SIP",132551,"/Date(1704868006000)/",66000,900,75200,5017000000,-1000,true,-1.49
"SIP",132513,"/Date(1704867966000)/",66000,200,74300,4958000000,-1000,false,-1.49
"SIP",132457,"/Date(1704867952000)/",66000,100,74100,4945000000,-1000,false,-1.49
"SIP",132422,"/Date(1704867916000)/",66000,500,74000,4938000000,-1000,false,-1.49
"SIP",132412,"/Date(1704867905000)/",66000,100,73500,4905000000,-1000,true,-1.49
"SIP",132412,"/Date(1704867905000)/",66000,200,73400,4898000000,-1000,true,-1.49
"SIP",132412,"/Date(1704867905000)/",66000,1000,73200,4885000000,-1000,true,-1.49
"SIP",132412,"/Date(1704867905000)/",66000,100,72200,4819000000,-1000,true,-1.49
"SIP",132412,"/Date(1704867905000)/",66000,100,72100,4813000000,-1000,true,-1.49
"SIP",132311,"/Date(1704867845000)/",66100,300,72000,4806000000,-900,false,-1.34
"SIP",132311,"/Date(1704867843000)/",66000,400,71700,4786000000,-1000,true,-1.49
"SIP",132311,"/Date(1704867843000)/",66000,100,71300,4760000000,-1000,true,-1.49
"SIP",132311,"/Date(1704867843000)/",66000,200,71200,4753000000,-1000,true,-1.49
"SIP",132252,"/Date(1704867825000)/",66000,500,71000,4740000000,-1000,true,-1.49
"SIP",132246,"/Date(1704867820000)/",66000,300,70500,4707000000,-1000,true,-1.49
"SIP",132220,"/Date(1704867792000)/",66100,500,70200,4687000000,-900,true,-1.34
"SIP",132220,"/Date(1704867792000)/",66100,100,69700,4654000000,-900,true,-1.34
"SIP",132220,"/Date(1704867792000)/",66100,500,69600,4647000000,-900,true,-1.34
"SIP",132220,"/Date(1704867792000)/",66100,100,69100,4614000000,-900,true,-1.34
"SIP",132220,"/Date(1704867792000)/",66100,1000,69000,4608000000,-900,true,-1.34
"SIP",132220,"/Date(1704867792000)/",66100,500,68000,4542000000,-900,true,-1.34
"SIP",132122,"/Date(1704867736000)/",66200,200,67500,4509000000,-800,true,-1.19
"SIP",132122,"/Date(1704867736000)/",66200,500,67300,4495000000,-800,true,-1.19
"SIP",132122,"/Date(1704867736000)/",66200,100,66800,4462000000,-800,true,-1.19
"SIP",132122,"/Date(1704867736000)/",66200,500,66700,4456000000,-800,true,-1.19
"SIP",131905,"/Date(1704867599000)/",66300,1000,66200,4423000000,-700,false,-1.04
"SIP",131905,"/Date(1704867599000)/",66300,1000,65200,4356000000,-700,false,-1.04
"SIP",131905,"/Date(1704867599000)/",66300,1000,64200,4290000000,-700,false,-1.04
"SIP",131553,"/Date(1704867406000)/",66400,100,63200,4224000000,-600,false,-0.9
"SIP",131550,"/Date(1704867402000)/",66400,200,63100,4217000000,-600,false,-0.9
"SIP",131546,"/Date(1704867401000)/",66400,1100,62900,4204000000,-600,true,-0.9
"SIP",131455,"/Date(1704867349000)/",66400,400,61800,4131000000,-600,true,-0.9
"SIP",131202,"/Date(1704867176000)/",66400,300,61400,4104000000,-600,false,-0.9
"SIP",131124,"/Date(1704867138000)/",66400,100,61100,4084000000,-600,true,-0.9
"SIP",131124,"/Date(1704867138000)/",66500,100,61000,4078000000,-500,true,-0.75
"SIP",130815,"/Date(1704866950000)/",66400,300,60900,4071000000,-600,false,-0.9
"SIP",130627,"/Date(1704866839000)/",66400,200,60600,4051000000,-600,false,-0.9
"SIP",130627,"/Date(1704866839000)/",66400,200,60400,4038000000,-600,false,-0.9
"SIP",130627,"/Date(1704866839000)/",66400,500,60200,4024000000,-600,false,-0.9
"SIP",130627,"/Date(1704866839000)/",66400,500,59700,3991000000,-600,false,-0.9
"SIP",130627,"/Date(1704866839000)/",66500,300,59200,3958000000,-500,false,-0.75
"SIP",130501,"/Date(1704866754000)/",66700,1000,58900,3938000000,-300,false,-0.45
"SIP",130306,"/Date(1704866640000)/",66700,400,57900,3871000000,-300,false,-0.45
"SIP",130306,"/Date(1704866640000)/",66700,300,57500,3845000000,-300,false,-0.45
"SIP",130123,"/Date(1704866537000)/",66700,700,57200,3825000000,-300,false,-0.45
"SIP",130123,"/Date(1704866537000)/",66700,2000,56500,3778000000,-300,false,-0.45
"SIP",130123,"/Date(1704866537000)/",66700,1400,54500,3645000000,-300,false,-0.45
"SIP",130114,"/Date(1704866528000)/",66600,800,53100,3551000000,-400,true,-0.6
"SIP",125948,"/Date(1704866422000)/",66700,300,52300,3498000000,-300,false,-0.45
"SIP",125919,"/Date(1704866400000)/",66700,300,52000,3478000000,-300,true,-0.45
"SIP",112659,"/Date(1704860826000)/",66700,300,51700,3458000000,-300,false,-0.45
"SIP",112559,"/Date(1704860767000)/",66600,100,51400,3438000000,-400,false,-0.6
"SIP",112531,"/Date(1704860739000)/",66500,500,51300,3431000000,-500,true,-0.75
"SIP",112531,"/Date(1704860739000)/",66500,200,50800,3398000000,-500,true,-0.75
"SIP",112531,"/Date(1704860739000)/",66500,1000,50600,3385000000,-500,true,-0.75
"SIP",112531,"/Date(1704860739000)/",66500,100,49600,3318000000,-500,true,-0.75
"SIP",112531,"/Date(1704860739000)/",66500,500,49500,3312000000,-500,true,-0.75
"SIP",112531,"/Date(1704860739000)/",66500,500,49000,3278000000,-500,true,-0.75
"SIP",112531,"/Date(1704860739000)/",66500,200,48500,3245000000,-500,true,-0.75
"SIP",112457,"/Date(1704860703000)/",66600,2300,48300,3232000000,-400,true,-0.6
"SIP",112457,"/Date(1704860703000)/",66600,600,46000,3079000000,-400,true,-0.6
"SIP",110703,"/Date(1704859629000)/",66600,600,45400,3039000000,-400,true,-0.6
"SIP",110703,"/Date(1704859629000)/",66600,100,44800,2999000000,-400,true,-0.6
"SIP",110703,"/Date(1704859629000)/",66600,200,44700,2992000000,-400,true,-0.6
"SIP",110703,"/Date(1704859629000)/",66600,300,44500,2979000000,-400,true,-0.6
"SIP",110703,"/Date(1704859629000)/",66700,300,44200,2959000000,-300,false,-0.45
"SIP",110703,"/Date(1704859629000)/",66800,500,43900,2939000000,-200,false,-0.3
"SIP",105621,"/Date(1704858981000)/",66900,100,43400,2905000000,-100,true,-0.15
"SIP",105243,"/Date(1704858770000)/",66900,100,43300,2899000000,-100,true,-0.15
"SIP",104901,"/Date(1704858552000)/",66900,100,43200,2892000000,-100,true,-0.15
"SIP",103925,"/Date(1704857978000)/",67000,300,43100,2885000000,0,true,0
"SIP",103452,"/Date(1704857695000)/",67000,500,42800,2865000000,0,false,0
"SIP",103420,"/Date(1704857661000)/",67000,400,42300,2832000000,0,false,0
"SIP",103228,"/Date(1704857546000)/",67000,100,41900,2805000000,0,false,0
"SIP",103228,"/Date(1704857546000)/",66900,400,41800,2798000000,-100,false,-0.15
"SIP",103215,"/Date(1704857532000)/",66900,3500,41400,2771000000,-100,true,-0.15
"SIP",103143,"/Date(1704857503000)/",66900,300,37900,2537000000,-100,true,-0.15
"SIP",102810,"/Date(1704857288000)/",66900,500,37600,2517000000,-100,true,-0.15
"SIP",102741,"/Date(1704857260000)/",67000,500,37100,2484000000,0,false,0
"SIP",102741,"/Date(1704857260000)/",67000,500,36600,2450000000,0,false,0
"SIP",102552,"/Date(1704857149000)/",67000,200,36100,2417000000,0,true,0
"SIP",102552,"/Date(1704857149000)/",67000,300,35900,2403000000,0,true,0
"SIP",102537,"/Date(1704857135000)/",67000,100,35600,2383000000,0,true,0
"SIP",102537,"/Date(1704857135000)/",67000,3900,35500,2377000000,0,true,0
"SIP",102511,"/Date(1704857108000)/",67000,1100,31600,2115000000,0,true,0
"SIP",102505,"/Date(1704857101000)/",67000,1900,30500,2042000000,0,false,0
"SIP",102505,"/Date(1704857101000)/",67000,500,28600,1914000000,0,false,0
"SIP",102505,"/Date(1704857101000)/",67000,600,28100,1881000000,0,false,0
"SIP",102426,"/Date(1704857064000)/",66900,500,27500,1841000000,-100,true,-0.15
"SIP",102228,"/Date(1704856948000)/",66900,200,27000,1807000000,-100,true,-0.15
"SIP",102228,"/Date(1704856948000)/",66800,2000,26800,1794000000,-200,false,-0.3
"SIP",102228,"/Date(1704856948000)/",66700,3000,24800,1660000000,-300,false,-0.45
"SIP",101550,"/Date(1704856548000)/",66800,200,21800,1460000000,-200,false,-0.3
"SIP",101550,"/Date(1704856548000)/",66800,500,21600,1447000000,-200,false,-0.3
"SIP",101255,"/Date(1704856373000)/",66900,300,21100,1413000000,-100,true,-0.15
"SIP",101239,"/Date(1704856356000)/",67000,300,20800,1393000000,0,false,0
"SIP",101142,"/Date(1704856299000)/",67000,100,20500,1373000000,0,false,0
"SIP",101113,"/Date(1704856272000)/",66900,1600,20400,1366000000,-100,false,-0.15
"SIP",101012,"/Date(1704856211000)/",66900,100,18800,1259000000,-100,false,-0.15
"SIP",100542,"/Date(1704855940000)/",66900,300,18700,1253000000,-100,false,-0.15
"SIP",100542,"/Date(1704855940000)/",66900,1000,18400,1233000000,-100,false,-0.15
"SIP",100542,"/Date(1704855940000)/",66800,500,17400,1166000000,-200,false,-0.3
"SIP",100350,"/Date(1704855828000)/",66600,200,16900,1132000000,-400,false,-0.6
"SIP",100152,"/Date(1704855709000)/",66600,200,16700,1119000000,-400,false,-0.6
"SIP",100055,"/Date(1704855652000)/",66800,100,16500,1106000000,-200,false,-0.3
"SIP",100000,"/Date(1704855597000)/",66800,100,16400,1099000000,-200,false,-0.3
"SIP",95841,"/Date(1704855519000)/",66800,100,16300,1092000000,-200,false,-0.3
"SIP",95812,"/Date(1704855491000)/",66800,200,16200,1086000000,-200,false,-0.3
"SIP",95743,"/Date(1704855462000)/",66500,100,16000,1072000000,-500,true,-0.75
"SIP",95743,"/Date(1704855462000)/",66500,500,15900,1066000000,-500,true,-0.75
"SIP",95743,"/Date(1704855462000)/",66500,200,15400,1032000000,-500,true,-0.75
"SIP",95743,"/Date(1704855462000)/",66600,200,15200,1019000000,-400,true,-0.6
"SIP",95231,"/Date(1704855148000)/",66600,200,15000,1006000000,-400,false,-0.6
"SIP",95115,"/Date(1704855072000)/",66600,100,14800,992000000,-400,false,-0.6
"SIP",94927,"/Date(1704854964000)/",66500,700,14700,986000000,-500,true,-0.75
"SIP",94927,"/Date(1704854964000)/",66600,100,14000,939000000,-400,true,-0.6
"SIP",94927,"/Date(1704854964000)/",66600,200,13900,932000000,-400,true,-0.6
"SIP",93917,"/Date(1704854355000)/",66500,100,13700,919000000,-500,true,-0.75
"SIP",93237,"/Date(1704853954000)/",66500,100,13600,913000000,-500,false,-0.75
"SIP",92926,"/Date(1704853764000)/",66100,1000,13500,906000000,-900,true,-1.34
"SIP",92926,"/Date(1704853764000)/",66500,500,12500,840000000,-500,false,-0.75
"SIP",92820,"/Date(1704853699000)/",67000,200,12000,807000000,0,true,0
"SIP",92817,"/Date(1704853693000)/",67000,1700,11800,793000000,0,true,0
"SIP",92804,"/Date(1704853681000)/",67000,500,10100,679000000,0,true,0
"SIP",92716,"/Date(1704853633000)/",67000,100,9600,646000000,0,true,0
"SIP",92641,"/Date(1704853600000)/",67000,500,9500,639000000,0,true,0
"SIP",92603,"/Date(1704853563000)/",67000,200,9000,606000000,0,true,0
"SIP",92516,"/Date(1704853515000)/",67000,100,8800,592000000,0,true,0
"SIP",92500,"/Date(1704853498000)/",67000,500,8700,585000000,0,true,0
"SIP",92500,"/Date(1704853498000)/",67000,500,8200,552000000,0,true,0
"SIP",92337,"/Date(1704853415000)/",67000,300,7700,518000000,0,true,0
"SIP",92337,"/Date(1704853415000)/",67000,700,7400,498000000,0,true,0
"SIP",92125,"/Date(1704853281000)/",67000,100,6700,451000000,0,true,0
"SIP",91824,"/Date(1704853103000)/",67300,100,6600,445000000,300,false,0.45
"SIP",91824,"/Date(1704853103000)/",67300,200,6500,438000000,300,false,0.45
"SIP",91824,"/Date(1704853103000)/",67200,200,6300,425000000,200,false,0.3
"SIP",91809,"/Date(1704853086000)/",67300,200,6100,411000000,300,false,0.45
"SIP",91602,"/Date(1704852961000)/",67300,300,5900,398000000,300,true,0.45
"SIP",91602,"/Date(1704852961000)/",67300,300,5600,377000000,300,true,0.45
"SIP",91506,"/Date(1704852900000)/",67500,5300,5300,357000000,500,false,0.75
