"Stockcode","Package","TradingDate","Price","Vol","TotalVol","TotalVal","Change","IsBuy","PerChange"
"TNG",144517,"/Date(1704872702000)/",20300,24400,1225721,24947635500,-200,true,-0.98
"TNG",142955,"/Date(1704871795000)/",20200,900,1201321,24452315500,-300,false,-1.46
"TNG",142950,"/Date(1704871790000)/",20200,200,1200421,24434135500,-300,false,-1.46
"TNG",142949,"/Date(1704871789000)/",20200,1800,1200221,24430095500,-300,false,-1.46
"TNG",142947,"/Date(1704871787000)/",20200,500,1198421,24393735500,-300,false,-1.46
"TNG",142930,"/Date(1704871770000)/",20200,100,1197921,24383635500,-300,false,-1.46
"TNG",142927,"/Date(1704871767000)/",20200,1000,1197821,24381615500,-300,false,-1.46
"TNG",142919,"/Date(1704871759000)/",20200,14800,1196821,24361415500,-300,true,-1.46
"TNG",142820,"/Date(1704871700000)/",20300,1000,1182021,24062455500,-200,false,-0.98
"TNG",142806,"/Date(1704871686000)/",20300,300,1181021,24042155500,-200,false,-0.98
"TNG",142756,"/Date(1704871676000)/",20200,2500,1180721,24036065500,-300,true,-1.46
"TNG",142746,"/Date(1704871666000)/",20300,1000,1178221,23985565500,-200,false,-0.98
"TNG",142728,"/Date(1704871648000)/",20300,600,1177221,23965265500,-200,false,-0.98
"TNG",142622,"/Date(1704871582000)/",20200,500,1176621,23953085500,-300,true,-1.46
"TNG",142543,"/Date(1704871543000)/",20300,800,1176121,23942985500,-200,false,-0.98
"TNG",142527,"/Date(1704871527000)/",20300,1800,1175321,23926745500,-200,false,-0.98
"TNG",142421,"/Date(1704871461000)/",20200,1000,1173521,23890205500,-300,true,-1.46
"TNG",142354,"/Date(1704871434000)/",20200,500,1172521,23870005500,-300,true,-1.46
"TNG",142329,"/Date(1704871409000)/",20200,3200,1172021,23859905500,-300,true,-1.46
"TNG",142327,"/Date(1704871407000)/",20200,1000,1168821,23795265500,-300,false,-1.46
"TNG",142325,"/Date(1704871405000)/",20200,1500,1167821,23775065500,-300,false,-1.46
"TNG",142320,"/Date(1704871400000)/",20200,5000,1166321,23744765500,-300,false,-1.46
"TNG",142314,"/Date(1704871394000)/",20200,100,1161321,23643765500,-300,false,-1.46
"TNG",142301,"/Date(1704871381000)/",20200,5000,1161221,23641745500,-300,false,-1.46
"TNG",142259,"/Date(1704871379000)/",20200,1000,1156221,23540745500,-300,false,-1.46
"TNG",142256,"/Date(1704871376000)/",20200,1000,1155221,23520545500,-300,false,-1.46
"TNG",142253,"/Date(1704871373000)/",20200,1000,1154221,23500345500,-300,false,-1.46
"TNG",142252,"/Date(1704871372000)/",20200,1000,1153221,23480145500,-300,false,-1.46
"TNG",142249,"/Date(1704871369000)/",20200,500,1152221,23459945500,-300,false,-1.46
"TNG",142246,"/Date(1704871366000)/",20200,700,1151721,23449845500,-300,true,-1.46
"TNG",142242,"/Date(1704871362000)/",20200,300,1151021,23435705500,-300,true,-1.46
"TNG",142235,"/Date(1704871355000)/",20200,700,1150721,23429645500,-300,false,-1.46
"TNG",142204,"/Date(1704871324000)/",20200,300,1150021,23415505500,-300,false,-1.46
"TNG",142142,"/Date(1704871302000)/",20200,49700,1149721,23409445500,-300,false,-1.46
"TNG",142132,"/Date(1704871292000)/",20300,28000,1100021,22405505500,-200,false,-0.98
"TNG",142107,"/Date(1704871267000)/",20200,5000,1072021,21837105500,-300,true,-1.46
"TNG",142052,"/Date(1704871252000)/",20300,100,1067021,21736105500,-200,false,-0.98
"TNG",142036,"/Date(1704871236000)/",20200,1000,1066921,21734075500,-300,true,-1.46
"TNG",141951,"/Date(1704871191000)/",20300,5000,1065921,21713875500,-200,false,-0.98
"TNG",141944,"/Date(1704871184000)/",20200,100,1060921,21612375500,-300,true,-1.46
"TNG",141930,"/Date(1704871170000)/",20200,1500,1060821,21610355500,-300,true,-1.46
"TNG",141745,"/Date(1704871065000)/",20200,3700,1059321,21580055500,-300,true,-1.46
"TNG",141742,"/Date(1704871062000)/",20200,1500,1055621,21505315500,-300,true,-1.46
"TNG",141740,"/Date(1704871060000)/",20200,3000,1054121,21475015500,-300,true,-1.46
"TNG",141716,"/Date(1704871037000)/",20200,1500,1051121,21414415500,-300,true,-1.46
"TNG",141712,"/Date(1704871033000)/",20200,1000,1049621,21384115500,-300,true,-1.46
"TNG",141656,"/Date(1704871017000)/",20200,3000,1048621,21363915500,-300,true,-1.46
"TNG",141650,"/Date(1704871011000)/",20200,700,1045621,21303315500,-300,true,-1.46
"TNG",141644,"/Date(1704871005000)/",20200,22000,1044921,21289175500,-300,true,-1.46
"TNG",141617,"/Date(1704870978000)/",20200,4000,1022921,20844775500,-300,true,-1.46
"TNG",141555,"/Date(1704870956000)/",20200,1000,1018921,20763975500,-300,true,-1.46
"TNG",141420,"/Date(1704870860000)/",20300,200,1017921,20743775500,-200,false,-0.98
"TNG",141418,"/Date(1704870858000)/",20200,5000,1017721,20739715500,-300,true,-1.46
"TNG",141354,"/Date(1704870834000)/",20300,6800,1012721,20638715500,-200,true,-0.98
"TNG",141345,"/Date(1704870825000)/",20300,1000,1005921,20500675500,-200,true,-0.98
"TNG",141336,"/Date(1704870816000)/",20300,12700,1004921,20480375500,-200,true,-0.98
"TNG",141334,"/Date(1704870814000)/",20300,400,992221,20222565500,-200,true,-0.98
"TNG",141323,"/Date(1704870803000)/",20300,100,991821,20214445500,-200,true,-0.98
"TNG",141307,"/Date(1704870787000)/",20300,2400,991721,20212415500,-200,true,-0.98
"TNG",141300,"/Date(1704870780000)/",20300,300,989321,20163695500,-200,true,-0.98
"TNG",141255,"/Date(1704870775000)/",20300,200,989021,20157605500,-200,true,-0.98
"TNG",141251,"/Date(1704870771000)/",20300,200,988821,20153545500,-200,true,-0.98
"TNG",141232,"/Date(1704870752000)/",20300,200,988621,20149485500,-200,true,-0.98
"TNG",141142,"/Date(1704870702000)/",20300,2000,988421,20145425500,-200,true,-0.98
"TNG",141124,"/Date(1704870684000)/",20300,1100,986421,20104825500,-200,true,-0.98
"TNG",141113,"/Date(1704870673000)/",20400,5000,985321,20082495500,-100,false,-0.49
"TNG",141004,"/Date(1704870604000)/",20300,200,980321,19980495500,-200,true,-0.98
"TNG",140937,"/Date(1704870577000)/",20300,1000,980121,19976435500,-200,true,-0.98
"TNG",140907,"/Date(1704870547000)/",20300,200,979121,19956135500,-200,true,-0.98
"TNG",140751,"/Date(1704870471000)/",20300,100,978921,19952075500,-200,true,-0.98
"TNG",140659,"/Date(1704870419000)/",20300,2000,978821,19950045500,-200,true,-0.98
"TNG",140449,"/Date(1704870289000)/",20400,1000,976821,19909445500,-100,false,-0.49
"TNG",140445,"/Date(1704870285000)/",20300,100,975821,19889045500,-200,true,-0.98
"TNG",140324,"/Date(1704870204000)/",20400,1800,975721,19887015500,-100,false,-0.49
"TNG",140213,"/Date(1704870133000)/",20400,100,973921,19850295500,-100,false,-0.49
"TNG",140139,"/Date(1704870099000)/",20300,100,973821,19848255500,-200,true,-0.98
"TNG",140033,"/Date(1704870033000)/",20300,1000,973721,19846225500,-200,true,-0.98
"TNG",135956,"/Date(1704869996000)/",20300,100,972721,19825925500,-200,true,-0.98
"TNG",135820,"/Date(1704869900000)/",20300,300,972621,19823895500,-200,true,-0.98
"TNG",135656,"/Date(1704869816000)/",20300,1000,972321,19817805500,-200,true,-0.98
"TNG",135608,"/Date(1704869768000)/",20300,100,971321,19797505500,-200,true,-0.98
"TNG",135549,"/Date(1704869749000)/",20300,300,971221,19795475500,-200,true,-0.98
"TNG",135518,"/Date(1704869718000)/",20300,300,970921,19789385500,-200,true,-0.98
"TNG",135435,"/Date(1704869675000)/",20300,300,970621,19783295500,-200,true,-0.98
"TNG",135427,"/Date(1704869667000)/",20300,600,970321,19777205500,-200,true,-0.98
"TNG",135243,"/Date(1704869563000)/",20300,1200,969721,19765025500,-200,true,-0.98
"TNG",135139,"/Date(1704869499000)/",20300,8900,968521,19740665500,-200,true,-0.98
"TNG",135106,"/Date(1704869466000)/",20300,500,959621,19559995500,-200,true,-0.98
"TNG",135030,"/Date(1704869430000)/",20300,200,959121,19549845500,-200,true,-0.98
"TNG",134904,"/Date(1704869345000)/",20300,3000,958921,19545785500,-200,true,-0.98
"TNG",134851,"/Date(1704869331000)/",20300,4000,955921,19484885500,-200,true,-0.98
"TNG",134805,"/Date(1704869286000)/",20300,2000,951921,19403685500,-200,true,-0.98
"TNG",134708,"/Date(1704869228000)/",20300,500,949921,19363085500,-200,true,-0.98
"TNG",134645,"/Date(1704869205000)/",20300,5000,949421,19352935500,-200,true,-0.98
"TNG",134627,"/Date(1704869186000)/",20300,1000,944421,19251435500,-200,true,-0.98
"TNG",134535,"/Date(1704869135000)/",20300,3700,943421,19231135500,-200,true,-0.98
"TNG",134512,"/Date(1704869112000)/",20300,3000,939721,19156025500,-200,true,-0.98
"TNG",134506,"/Date(1704869106000)/",20300,500,936721,19095125500,-200,true,-0.98
"TNG",134501,"/Date(1704869101000)/",20300,16400,936221,19084975500,-200,false,-0.98
"TNG",134447,"/Date(1704869087000)/",20300,400,919821,18752055500,-200,false,-0.98
"TNG",134439,"/Date(1704869079000)/",20300,10000,919421,18743935500,-200,false,-0.98
"TNG",134432,"/Date(1704869072000)/",20300,1000,909421,18540935500,-200,false,-0.98
"TNG",134415,"/Date(1704869055000)/",20300,100,908421,18520635500,-200,false,-0.98
"TNG",134142,"/Date(1704868902000)/",20300,100,908321,18518605500,-200,false,-0.98
"TNG",134119,"/Date(1704868879000)/",20300,100,908221,18516575500,-200,false,-0.98
"TNG",134051,"/Date(1704868851000)/",20300,300,908121,18514545500,-200,false,-0.98
"TNG",134032,"/Date(1704868832000)/",20300,2000,907821,18508455500,-200,false,-0.98
"TNG",134016,"/Date(1704868816000)/",20300,200,905821,18467855500,-200,false,-0.98
"TNG",133935,"/Date(1704868775000)/",20300,3000,905621,18463795500,-200,false,-0.98
"TNG",133914,"/Date(1704868754000)/",20300,500,902621,18402895500,-200,false,-0.98
"TNG",133907,"/Date(1704868747000)/",20300,100,902121,18392745500,-200,false,-0.98
"TNG",133857,"/Date(1704868737000)/",20300,500,902021,18390715500,-200,false,-0.98
"TNG",133834,"/Date(1704868714000)/",20300,100,901521,18380565500,-200,false,-0.98
"TNG",133825,"/Date(1704868705000)/",20300,2000,901421,18378535500,-200,false,-0.98
"TNG",133822,"/Date(1704868702000)/",20300,100,899421,18337935500,-200,false,-0.98
"TNG",133755,"/Date(1704868675000)/",20300,300,899321,18335905500,-200,false,-0.98
"TNG",133724,"/Date(1704868644000)/",20300,400,899021,18329815500,-200,true,-0.98
"TNG",133703,"/Date(1704868623000)/",20300,200,898621,18321695500,-200,true,-0.98
"TNG",133655,"/Date(1704868615000)/",20300,400,898421,18317635500,-200,true,-0.98
"TNG",133654,"/Date(1704868614000)/",20300,600,898021,18309515500,-200,true,-0.98
"TNG",133642,"/Date(1704868602000)/",20300,100,897421,18297335500,-200,true,-0.98
"TNG",133636,"/Date(1704868596000)/",20300,10000,897321,18295305500,-200,true,-0.98
"TNG",133635,"/Date(1704868595000)/",20300,1,887321,18092305500,-200,true,-0.98
"TNG",133625,"/Date(1704868585000)/",20300,300,887320,18092285300,-200,true,-0.98
"TNG",133606,"/Date(1704868566000)/",20300,300,887020,18086195300,-200,true,-0.98
"TNG",133552,"/Date(1704868552000)/",20300,1000,886720,18080105300,-200,true,-0.98
"TNG",133547,"/Date(1704868547000)/",20300,7300,885720,18059805300,-200,true,-0.98
"TNG",133508,"/Date(1704868508000)/",20300,9700,878420,17911615300,-200,true,-0.98
"TNG",133421,"/Date(1704868461000)/",20300,400,868720,17714705300,-200,true,-0.98
"TNG",133418,"/Date(1704868458000)/",20300,500,868320,17706585300,-200,true,-0.98
"TNG",133410,"/Date(1704868450000)/",20300,100,867820,17696435300,-200,true,-0.98
"TNG",133408,"/Date(1704868448000)/",20300,100,867720,17694405300,-200,true,-0.98
"TNG",133405,"/Date(1704868445000)/",20300,500,867620,17692375300,-200,true,-0.98
"TNG",133404,"/Date(1704868444000)/",20300,1000,867120,17682225300,-200,true,-0.98
"TNG",133333,"/Date(1704868413000)/",20300,100,866120,17661925300,-200,true,-0.98
"TNG",133326,"/Date(1704868406000)/",20300,200,866020,17659895300,-200,true,-0.98
"TNG",133301,"/Date(1704868381000)/",20300,1300,865820,17655835300,-200,false,-0.98
"TNG",133256,"/Date(1704868376000)/",20300,1000,864520,17629445300,-200,false,-0.98
"TNG",133251,"/Date(1704868371000)/",20300,500,863520,17609145300,-200,false,-0.98
"TNG",133249,"/Date(1704868369000)/",20300,3200,863020,17598995300,-200,false,-0.98
"TNG",133240,"/Date(1704868360000)/",20300,2000,859820,17534035300,-200,false,-0.98
"TNG",133234,"/Date(1704868354000)/",20300,7000,857820,17493435300,-200,false,-0.98
"TNG",133232,"/Date(1704868352000)/",20300,500,850820,17351335300,-200,false,-0.98
"TNG",133231,"/Date(1704868351000)/",20300,5000,850320,17341185300,-200,false,-0.98
"TNG",133228,"/Date(1704868348000)/",20300,100,845320,17239685300,-200,false,-0.98
"TNG",133226,"/Date(1704868346000)/",20300,200,845220,17237655300,-200,false,-0.98
"TNG",133221,"/Date(1704868341000)/",20300,100,845020,17233595300,-200,false,-0.98
"TNG",133220,"/Date(1704868340000)/",20300,300,844920,17231565300,-200,false,-0.98
"TNG",133214,"/Date(1704868334000)/",20200,1000,844620,17225475300,-300,true,-1.46
"TNG",133213,"/Date(1704868333000)/",20300,1800,843620,17205275300,-200,false,-0.98
"TNG",133209,"/Date(1704868329000)/",20300,1900,841820,17168735300,-200,false,-0.98
"TNG",133111,"/Date(1704868271000)/",20200,100,839920,17130175300,-300,true,-1.46
"TNG",133044,"/Date(1704868244000)/",20300,200,839820,17128155300,-200,false,-0.98
"TNG",133013,"/Date(1704868213000)/",20300,3000,839620,17124095300,-200,false,-0.98
"TNG",133005,"/Date(1704868205000)/",20300,10000,836620,17063195300,-200,false,-0.98
"TNG",132938,"/Date(1704868178000)/",20300,8900,826620,16860195300,-200,false,-0.98
"TNG",132829,"/Date(1704868109000)/",20300,100,817720,16679525300,-200,false,-0.98
"TNG",132821,"/Date(1704868101000)/",20300,3000,817620,16677495300,-200,false,-0.98
"TNG",132818,"/Date(1704868098000)/",20300,3100,814620,16616595300,-200,false,-0.98
"TNG",132809,"/Date(1704868089000)/",20300,500,811520,16553665300,-200,false,-0.98
"TNG",132759,"/Date(1704868079000)/",20300,3000,811020,16543515300,-200,false,-0.98
"TNG",132757,"/Date(1704868077000)/",20200,500,808020,16482615300,-300,true,-1.46
"TNG",132751,"/Date(1704868071000)/",20300,1000,807520,16472515300,-200,false,-0.98
"TNG",132737,"/Date(1704868057000)/",20200,2000,806520,16452215300,-300,true,-1.46
"TNG",132710,"/Date(1704868030000)/",20200,2,804520,16411815300,-300,true,-1.46
"TNG",132655,"/Date(1704868015000)/",20200,100,804518,16411774900,-300,true,-1.46
"TNG",132634,"/Date(1704867994000)/",20200,500,804418,16409754900,-300,true,-1.46
"TNG",132633,"/Date(1704867993000)/",20200,2100,803918,16399654900,-300,true,-1.46
"TNG",132529,"/Date(1704867929000)/",20200,300,801818,16357234900,-300,true,-1.46
"TNG",132525,"/Date(1704867925000)/",20200,100,801518,16351174900,-300,true,-1.46
"TNG",132512,"/Date(1704867912000)/",20200,500,801418,16349154900,-300,true,-1.46
"TNG",132458,"/Date(1704867898000)/",20200,200,800918,16339054900,-300,true,-1.46
"TNG",132456,"/Date(1704867896000)/",20200,200,800718,16335014900,-300,true,-1.46
"TNG",132454,"/Date(1704867894000)/",20200,400,800518,16330974900,-300,true,-1.46
"TNG",132448,"/Date(1704867888000)/",20200,200,800118,16322894900,-300,true,-1.46
"TNG",132404,"/Date(1704867844000)/",20200,2000,799918,16318854900,-300,true,-1.46
"TNG",132402,"/Date(1704867842000)/",20200,6500,797918,16278454900,-300,true,-1.46
"TNG",132339,"/Date(1704867819000)/",20200,2000,791418,16147154900,-300,true,-1.46
"TNG",132333,"/Date(1704867814000)/",20300,100,789418,16106754900,-200,false,-0.98
"TNG",132330,"/Date(1704867810000)/",20300,5900,789318,16104724900,-200,false,-0.98
"TNG",132310,"/Date(1704867790000)/",20200,1000,783418,15984954900,-300,true,-1.46
"TNG",132247,"/Date(1704867766000)/",20200,400,782418,15964754900,-300,true,-1.46
"TNG",132142,"/Date(1704867701000)/",20200,1000,782018,15956674900,-300,true,-1.46
"TNG",132135,"/Date(1704867694000)/",20200,1000,781018,15936474900,-300,true,-1.46
"TNG",132053,"/Date(1704867653000)/",20300,700,780018,15916274900,-200,true,-0.98
"TNG",132051,"/Date(1704867651000)/",20300,15000,779318,15902064900,-200,true,-0.98
"TNG",132049,"/Date(1704867649000)/",20300,300,764318,15597564900,-200,true,-0.98
"TNG",132046,"/Date(1704867646000)/",20300,2100,764018,15591474900,-200,true,-0.98
"TNG",132038,"/Date(1704867638000)/",20300,10000,761918,15548844900,-200,true,-0.98
"TNG",132035,"/Date(1704867635000)/",20300,40000,751918,15345844900,-200,true,-0.98
"TNG",132033,"/Date(1704867633000)/",20300,10000,711918,14533844900,-200,true,-0.98
"TNG",132030,"/Date(1704867630000)/",20300,1500,701918,14330844900,-200,true,-0.98
"TNG",132021,"/Date(1704867621000)/",20300,1000,700418,14300394900,-200,true,-0.98
"TNG",131953,"/Date(1704867593000)/",20300,2500,699418,14280094900,-200,true,-0.98
"TNG",131942,"/Date(1704867582000)/",20300,2000,696918,14229344900,-200,true,-0.98
"TNG",131938,"/Date(1704867578000)/",20400,100,694918,14188744900,-100,false,-0.49
"TNG",131934,"/Date(1704867574000)/",20300,5000,694818,14186704900,-200,true,-0.98
"TNG",131734,"/Date(1704867454000)/",20300,400,689818,14085204900,-200,true,-0.98
"TNG",131643,"/Date(1704867403000)/",20300,1000,689418,14077084900,-200,true,-0.98
"TNG",131518,"/Date(1704867318000)/",20300,5900,688418,14056784900,-200,true,-0.98
"TNG",131336,"/Date(1704867216000)/",20300,500,682518,13937014900,-200,true,-0.98
"TNG",131332,"/Date(1704867212000)/",20300,2000,682018,13926864900,-200,true,-0.98
"TNG",131303,"/Date(1704867183000)/",20300,1000,680018,13886264900,-200,true,-0.98
"TNG",131204,"/Date(1704867124000)/",20300,13,679018,13865964900,-200,true,-0.98
"TNG",131155,"/Date(1704867115000)/",20300,2000,679005,13865702300,-200,true,-0.98
"TNG",131138,"/Date(1704867098000)/",20300,1,677005,13825102300,-200,true,-0.98
"TNG",131134,"/Date(1704867094000)/",20300,8000,677004,13825082000,-200,true,-0.98
"TNG",131032,"/Date(1704867032000)/",20400,8,669004,13662682000,-100,false,-0.49
"TNG",131022,"/Date(1704867022000)/",20400,1000,668996,13662519600,-100,false,-0.49
"TNG",130955,"/Date(1704866995000)/",20300,6800,667996,13642119600,-200,true,-0.98
"TNG",130929,"/Date(1704866969000)/",20400,10000,661196,13504079600,-100,false,-0.49
"TNG",130917,"/Date(1704866957000)/",20400,10,651196,13300079600,-100,false,-0.49
"TNG",130805,"/Date(1704866885000)/",20400,100,651186,13299876600,-100,false,-0.49
"TNG",130747,"/Date(1704866867000)/",20400,100,651086,13297836600,-100,false,-0.49
"TNG",130714,"/Date(1704866834000)/",20400,5000,650986,13295796600,-100,false,-0.49
"TNG",130642,"/Date(1704866802000)/",20400,1800,645986,13193796600,-100,false,-0.49
"TNG",130600,"/Date(1704866760000)/",20400,600,644186,13157076600,-100,false,-0.49
"TNG",130516,"/Date(1704866716000)/",20300,2500,643586,13144836600,-200,true,-0.98
"TNG",130511,"/Date(1704866711000)/",20400,4000,641086,13094086600,-100,false,-0.49
"TNG",130432,"/Date(1704866672000)/",20400,1400,637086,13012486600,-100,false,-0.49
"TNG",130427,"/Date(1704866667000)/",20300,500,635686,12983926600,-200,true,-0.98
"TNG",130318,"/Date(1704866598000)/",20400,1000,635186,12973776600,-100,false,-0.49
"TNG",130037,"/Date(1704866409000)/",20300,18700,634186,12953376600,-200,true,-0.98
"TNG",130028,"/Date(1704866405000)/",20400,2000,615486,12573766600,-100,false,-0.49
"TNG",130025,"/Date(1704866404000)/",20400,800,613486,12532966600,-100,true,-0.49
"TNG",130009,"/Date(1704866401000)/",20400,2000,612686,12516646600,-100,true,-0.49
"TNG",112950,"/Date(1704860990000)/",20500,100,610686,12475846600,0,false,0
"TNG",112919,"/Date(1704860959000)/",20400,1000,610586,12473796600,-100,true,-0.49
"TNG",112824,"/Date(1704860904000)/",20500,100,609586,12453396600,0,false,0
"TNG",112756,"/Date(1704860876000)/",20400,1,609486,12451346600,-100,true,-0.49
"TNG",112742,"/Date(1704860862000)/",20400,100,609485,12451326300,-100,true,-0.49
"TNG",112741,"/Date(1704860861000)/",20400,2400,609385,12449286300,-100,false,-0.49
"TNG",112725,"/Date(1704860845000)/",20400,300,606985,12400326300,-100,false,-0.49
"TNG",112606,"/Date(1704860766000)/",20400,500,606685,12394206300,-100,false,-0.49
"TNG",112549,"/Date(1704860749000)/",20400,1100,606185,12384006300,-100,false,-0.49
"TNG",112538,"/Date(1704860738000)/",20400,1000,605085,12361566300,-100,false,-0.49
"TNG",112528,"/Date(1704860728000)/",20300,900,604085,12341166300,-200,true,-0.98
"TNG",112523,"/Date(1704860723000)/",20300,1000,603185,12322896300,-200,true,-0.98
"TNG",112522,"/Date(1704860722000)/",20300,400,602185,12302596300,-200,true,-0.98
"TNG",112422,"/Date(1704860662000)/",20400,1100,601785,12294476300,-100,false,-0.49
"TNG",112332,"/Date(1704860612000)/",20400,1800,600685,12272036300,-100,false,-0.49
"TNG",112247,"/Date(1704860567000)/",20400,5000,598885,12235316300,-100,false,-0.49
"TNG",112123,"/Date(1704860482000)/",20400,7,593885,12133316300,-100,false,-0.49
"TNG",112040,"/Date(1704860439000)/",20400,1000,593878,12133174200,-100,false,-0.49
"TNG",112019,"/Date(1704860418000)/",20300,200,592878,12112774200,-200,true,-0.98
"TNG",111853,"/Date(1704860332000)/",20400,100,592678,12108714200,-100,false,-0.49
"TNG",111849,"/Date(1704860328000)/",20400,100,592578,12106674200,-100,false,-0.49
"TNG",111823,"/Date(1704860303000)/",20400,800,592478,12104634200,-100,false,-0.49
"TNG",111750,"/Date(1704860270000)/",20400,100,591678,12088314200,-100,false,-0.49
"TNG",111714,"/Date(1704860233000)/",20300,200,591578,12086274200,-200,true,-0.98
"TNG",111413,"/Date(1704860053000)/",20400,400,591378,12082214200,-100,false,-0.49
"TNG",111316,"/Date(1704859996000)/",20400,2000,590978,12074054200,-100,false,-0.49
"TNG",111249,"/Date(1704859969000)/",20400,28,588978,12033254200,-100,false,-0.49
"TNG",111055,"/Date(1704859855000)/",20400,1000,588950,12032685800,-100,false,-0.49
"TNG",110901,"/Date(1704859741000)/",20400,10500,587950,12012285800,-100,false,-0.49
"TNG",110838,"/Date(1704859718000)/",20400,100,577450,11798085800,-100,false,-0.49
"TNG",110521,"/Date(1704859521000)/",20400,1000,577350,11796045800,-100,false,-0.49
"TNG",110219,"/Date(1704859339000)/",20400,1000,576350,11775645800,-100,false,-0.49
"TNG",110205,"/Date(1704859325000)/",20400,10000,575350,11755245800,-100,false,-0.49
"TNG",105938,"/Date(1704859178000)/",20400,12,565350,11551245800,-100,false,-0.49
"TNG",105924,"/Date(1704859164000)/",20400,1800,565338,11551002200,-100,false,-0.49
"TNG",105912,"/Date(1704859152000)/",20400,200,563538,11514282200,-100,false,-0.49
"TNG",105858,"/Date(1704859138000)/",20400,300,563338,11510202200,-100,false,-0.49
"TNG",105652,"/Date(1704859012000)/",20400,300,563038,11504082200,-100,false,-0.49
"TNG",105600,"/Date(1704858960000)/",20400,1000,562738,11497962200,-100,false,-0.49
"TNG",105540,"/Date(1704858940000)/",20400,200,561738,11477562200,-100,false,-0.49
"TNG",105212,"/Date(1704858732000)/",20400,5000,561538,11473482200,-100,false,-0.49
"TNG",105154,"/Date(1704858714000)/",20400,500,556538,11371482200,-100,false,-0.49
"TNG",105019,"/Date(1704858619000)/",20400,200,556038,11361282200,-100,false,-0.49
"TNG",105000,"/Date(1704858599000)/",20400,100,555838,11357202200,-100,false,-0.49
"TNG",104935,"/Date(1704858574000)/",20400,500,555738,11355162200,-100,false,-0.49
"TNG",104904,"/Date(1704858543000)/",20400,10000,555238,11344962200,-100,false,-0.49
"TNG",104852,"/Date(1704858531000)/",20400,41,545238,11140962200,-100,false,-0.49
"TNG",104847,"/Date(1704858527000)/",20400,1000,545197,11140129900,-100,false,-0.49
"TNG",104839,"/Date(1704858519000)/",20400,500,544197,11119729900,-100,false,-0.49
"TNG",104745,"/Date(1704858465000)/",20400,500,543697,11109529900,-100,false,-0.49
"TNG",104706,"/Date(1704858426000)/",20400,1000,543197,11099329900,-100,false,-0.49
"TNG",104636,"/Date(1704858395000)/",20400,1000,542197,11078929900,-100,false,-0.49
"TNG",104513,"/Date(1704858313000)/",20400,500,541197,11058529900,-100,false,-0.49
"TNG",104359,"/Date(1704858238000)/",20300,1,540697,11048329900,-200,true,-0.98
"TNG",104354,"/Date(1704858234000)/",20300,200,540696,11048309600,-200,true,-0.98
"TNG",104246,"/Date(1704858166000)/",20300,79600,540496,11044249600,-200,true,-0.98
"TNG",104154,"/Date(1704858114000)/",20400,100,460896,9428369600,-100,false,-0.49
"TNG",104135,"/Date(1704858095000)/",20400,200,460796,9426329600,-100,false,-0.49
"TNG",104058,"/Date(1704858058000)/",20400,1000,460596,9422249600,-100,false,-0.49
"TNG",104057,"/Date(1704858057000)/",20400,1000,459596,9401849600,-100,false,-0.49
"TNG",104055,"/Date(1704858055000)/",20400,1000,458596,9381449600,-100,false,-0.49
"TNG",104049,"/Date(1704858049000)/",20400,200,457596,9361049600,-100,false,-0.49
"TNG",104034,"/Date(1704858034000)/",20400,100,457396,9356969600,-100,false,-0.49
"TNG",104029,"/Date(1704858029000)/",20400,107000,457296,9354929600,-100,false,-0.49
"TNG",103718,"/Date(1704857838000)/",20500,100,350296,7172129600,0,false,0
"TNG",103605,"/Date(1704857765000)/",20500,100,350196,7170079600,0,false,0
"TNG",103602,"/Date(1704857762000)/",20500,1800,350096,7168029600,0,false,0
"TNG",103551,"/Date(1704857751000)/",20500,2000,348296,7131129600,0,false,0
"TNG",103527,"/Date(1704857727000)/",20500,300,346296,7090129600,0,false,0
"TNG",103426,"/Date(1704857666000)/",20500,5200,345996,7083979600,0,false,0
"TNG",103350,"/Date(1704857630000)/",20500,800,340796,6977379600,0,true,0
"TNG",103341,"/Date(1704857621000)/",20500,5000,339996,6960979600,0,false,0
"TNG",103327,"/Date(1704857607000)/",20500,5500,334996,6858479600,0,false,0
"TNG",103321,"/Date(1704857601000)/",20500,200,329496,6745729600,0,false,0
"TNG",103300,"/Date(1704857580000)/",20500,300,329296,6741629600,0,false,0
"TNG",103259,"/Date(1704857579000)/",20500,100,328996,6735479600,0,false,0
"TNG",103257,"/Date(1704857577000)/",20500,100,328896,6733429600,0,false,0
"TNG",103251,"/Date(1704857571000)/",20500,3000,328796,6731379600,0,false,0
"TNG",103217,"/Date(1704857537000)/",20500,100,325796,6669879600,0,false,0
"TNG",103142,"/Date(1704857502000)/",20500,10000,325696,6667829600,0,false,0
"TNG",103009,"/Date(1704857409000)/",20400,100,315696,6462829600,-100,true,-0.49
"TNG",103000,"/Date(1704857400000)/",20500,200,315596,6460789600,0,false,0
"TNG",102819,"/Date(1704857299000)/",20500,2700,315396,6456689600,0,false,0
"TNG",102538,"/Date(1704857139000)/",20400,10000,312696,6401339600,-100,true,-0.49
"TNG",102530,"/Date(1704857131000)/",20500,5000,302696,6197339600,0,false,0
"TNG",102438,"/Date(1704857077000)/",20500,1000,297696,6094839600,0,false,0
"TNG",102336,"/Date(1704857015000)/",20500,1000,296696,6074339600,0,false,0
"TNG",102253,"/Date(1704856973000)/",20500,2000,295696,6053839600,0,false,0
"TNG",102221,"/Date(1704856941000)/",20500,15,293696,6012839600,0,false,0
"TNG",102151,"/Date(1704856911000)/",20500,4200,293681,6012533600,0,true,0
"TNG",102138,"/Date(1704856898000)/",20500,53,289481,5926433600,0,true,0
"TNG",102127,"/Date(1704856887000)/",20500,15800,289428,5925352400,0,false,0
"TNG",102044,"/Date(1704856844000)/",20400,19,273628,5601452400,-100,true,-0.49
"TNG",102025,"/Date(1704856825000)/",20400,200,273609,5601064800,-100,true,-0.49
"TNG",101927,"/Date(1704856767000)/",20500,6700,273409,5596984800,0,false,0
"TNG",101810,"/Date(1704856690000)/",20500,1500,266709,5459634800,0,false,0
"TNG",101655,"/Date(1704856615000)/",20500,200,265209,5428884800,0,false,0
"TNG",101651,"/Date(1704856611000)/",20500,1300,265009,5424784800,0,true,0
"TNG",101641,"/Date(1704856601000)/",20500,20000,263709,5398134800,0,true,0
"TNG",101640,"/Date(1704856600000)/",20500,500,243709,4988134800,0,true,0
"TNG",101637,"/Date(1704856597000)/",20500,1500,243209,4977884800,0,true,0
"TNG",101529,"/Date(1704856529000)/",20500,2000,241709,4947134800,0,true,0
"TNG",101500,"/Date(1704856500000)/",20600,200,239709,4906134800,100,false,0.49
"TNG",101450,"/Date(1704856490000)/",20600,400,239509,4902014800,100,false,0.49
"TNG",101427,"/Date(1704856467000)/",20600,200,239109,4893774800,100,false,0.49
"TNG",101402,"/Date(1704856442000)/",20600,500,238909,4889654800,100,false,0.49
"TNG",101330,"/Date(1704856410000)/",20600,67,238409,4879354800,100,false,0.49
"TNG",101312,"/Date(1704856392000)/",20600,800,238342,4877981300,100,false,0.49
"TNG",101127,"/Date(1704856287000)/",20600,2000,237542,4861501300,100,false,0.49
"TNG",101103,"/Date(1704856263000)/",20600,27,235542,4820301300,100,false,0.49
"TNG",100909,"/Date(1704856149000)/",20600,1800,235515,4819747800,100,false,0.49
"TNG",100756,"/Date(1704856076000)/",20600,3,233715,4782667800,100,false,0.49
"TNG",100708,"/Date(1704856028000)/",20600,100,233712,4782606300,100,false,0.49
"TNG",100557,"/Date(1704855957000)/",20500,1000,233612,4780546300,0,true,0
"TNG",100541,"/Date(1704855941000)/",20500,4000,232612,4760046300,0,false,0
"TNG",100540,"/Date(1704855940000)/",20500,500,228612,4678046300,0,false,0
"TNG",100539,"/Date(1704855939000)/",20500,100,228112,4667796300,0,false,0
"TNG",100537,"/Date(1704855937000)/",20500,100,228012,4665746300,0,false,0
"TNG",100536,"/Date(1704855936000)/",20500,100,227912,4663696300,0,false,0
"TNG",100534,"/Date(1704855934000)/",20500,100,227812,4661646300,0,false,0
"TNG",100533,"/Date(1704855933000)/",20500,100,227712,4659596300,0,false,0
"TNG",100531,"/Date(1704855931000)/",20500,100,227612,4657546300,0,false,0
"TNG",100529,"/Date(1704855929000)/",20500,100,227512,4655496300,0,false,0
"TNG",100528,"/Date(1704855928000)/",20500,100,227412,4653446300,0,false,0
"TNG",100526,"/Date(1704855926000)/",20500,100,227312,4651396300,0,false,0
"TNG",100525,"/Date(1704855925000)/",20500,100,227212,4649346300,0,false,0
"TNG",100523,"/Date(1704855923000)/",20500,100,227112,4647296300,0,false,0
"TNG",100522,"/Date(1704855922000)/",20500,100,227012,4645246300,0,false,0
"TNG",100520,"/Date(1704855920000)/",20500,100,226912,4643196300,0,false,0
"TNG",100519,"/Date(1704855919000)/",20500,100,226812,4641146300,0,false,0
"TNG",100515,"/Date(1704855915000)/",20500,100,226712,4639096300,0,false,0
"TNG",100514,"/Date(1704855914000)/",20500,100,226612,4637046300,0,false,0
"TNG",100512,"/Date(1704855912000)/",20500,100,226512,4634996300,0,false,0
"TNG",100511,"/Date(1704855911000)/",20500,100,226412,4632946300,0,false,0
"TNG",100510,"/Date(1704855910000)/",20500,100,226312,4630896300,0,false,0
"TNG",100508,"/Date(1704855908000)/",20500,100,226212,4628846300,0,false,0
"TNG",100506,"/Date(1704855906000)/",20500,100,226112,4626796300,0,false,0
"TNG",100505,"/Date(1704855905000)/",20500,100,226012,4624746300,0,false,0
"TNG",100503,"/Date(1704855903000)/",20500,100,225912,4622696300,0,false,0
"TNG",100501,"/Date(1704855901000)/",20500,100,225812,4620646300,0,false,0
"TNG",100459,"/Date(1704855899000)/",20500,100,225712,4618596300,0,false,0
"TNG",100457,"/Date(1704855897000)/",20500,100,225612,4616546300,0,false,0
"TNG",100456,"/Date(1704855896000)/",20500,100,225512,4614496300,0,false,0
"TNG",100454,"/Date(1704855894000)/",20500,100,225412,4612446300,0,false,0
"TNG",100453,"/Date(1704855893000)/",20500,100,225312,4610396300,0,false,0
"TNG",100451,"/Date(1704855891000)/",20500,100,225212,4608346300,0,false,0
"TNG",100450,"/Date(1704855890000)/",20500,100,225112,4606296300,0,false,0
"TNG",100449,"/Date(1704855889000)/",20500,100,225012,4604246300,0,false,0
"TNG",100447,"/Date(1704855887000)/",20500,100,224912,4602196300,0,false,0
"TNG",100445,"/Date(1704855885000)/",20500,100,224812,4600146300,0,false,0
"TNG",100444,"/Date(1704855884000)/",20500,100,224712,4598096300,0,false,0
"TNG",100443,"/Date(1704855883000)/",20500,100,224612,4596046300,0,false,0
"TNG",100441,"/Date(1704855881000)/",20500,100,224512,4593996300,0,false,0
"TNG",100440,"/Date(1704855880000)/",20500,100,224412,4591946300,0,false,0
"TNG",100439,"/Date(1704855879000)/",20500,100,224312,4589896300,0,false,0
"TNG",100437,"/Date(1704855877000)/",20500,100,224212,4587846300,0,false,0
"TNG",100436,"/Date(1704855876000)/",20500,100,224112,4585796300,0,false,0
"TNG",100434,"/Date(1704855874000)/",20500,100,224012,4583746300,0,false,0
"TNG",100429,"/Date(1704855869000)/",20500,500,223912,4581696300,0,false,0
"TNG",100405,"/Date(1704855845000)/",20500,100,223412,4571446300,0,false,0
"TNG",100404,"/Date(1704855844000)/",20500,80,223312,4569396300,0,false,0
"TNG",100340,"/Date(1704855820000)/",20500,8000,223232,4567756300,0,false,0
"TNG",100243,"/Date(1704855763000)/",20500,25000,215232,4403756300,0,false,0
"TNG",100232,"/Date(1704855752000)/",20400,1000,190232,3891256300,-100,true,-0.49
"TNG",100154,"/Date(1704855714000)/",20500,20,189232,3870856300,0,false,0
"TNG",100139,"/Date(1704855699000)/",20500,20000,189212,3870446300,0,false,0
"TNG",100110,"/Date(1704855671000)/",20500,20000,169212,3460446300,0,false,0
"TNG",100051,"/Date(1704855651000)/",20400,10000,149212,3050446300,-100,true,-0.49
"TNG",100043,"/Date(1704855644000)/",20400,200,139212,2846446300,-100,true,-0.49
"TNG",100014,"/Date(1704855615000)/",20500,1000,139012,2842366300,0,false,0
"TNG",100000,"/Date(1704855600000)/",20500,300,138012,2821866300,0,false,0
"TNG",95906,"/Date(1704855546000)/",20400,37000,137712,2815716300,-100,true,-0.49
"TNG",95904,"/Date(1704855544000)/",20400,1800,100712,2060916300,-100,true,-0.49
"TNG",95837,"/Date(1704855517000)/",20400,500,98912,2024196300,-100,true,-0.49
"TNG",95818,"/Date(1704855498000)/",20400,500,98412,2013996300,-100,true,-0.49
"TNG",95656,"/Date(1704855416000)/",20400,5000,97912,2003796300,-100,true,-0.49
"TNG",95655,"/Date(1704855415000)/",20400,1400,92912,1901796300,-100,true,-0.49
"TNG",95634,"/Date(1704855394000)/",20400,8900,91512,1873236300,-100,true,-0.49
"TNG",95511,"/Date(1704855311000)/",20500,100,82612,1691676300,0,false,0
"TNG",94909,"/Date(1704854949000)/",20500,2,82512,1689626300,0,false,0
"TNG",94822,"/Date(1704854902000)/",20500,100,82510,1689585300,0,false,0
"TNG",94726,"/Date(1704854846000)/",20500,1400,82410,1687535300,0,true,0
"TNG",94715,"/Date(1704854835000)/",20500,400,81010,1658835300,0,true,0
"TNG",94713,"/Date(1704854833000)/",20500,100,80610,1650635300,0,true,0
"TNG",94641,"/Date(1704854801000)/",20500,500,80510,1648585300,0,true,0
"TNG",94553,"/Date(1704854753000)/",20500,1200,80010,1638335300,0,true,0
"TNG",94540,"/Date(1704854740000)/",20500,1,78810,1613735300,0,true,0
"TNG",94538,"/Date(1704854738000)/",20500,500,78809,1613714800,0,true,0
"TNG",94532,"/Date(1704854732000)/",20500,100,78309,1603464800,0,true,0
"TNG",94522,"/Date(1704854722000)/",20500,1000,78209,1601414800,0,false,0
"TNG",94501,"/Date(1704854701000)/",20500,37,77209,1580914800,0,false,0
"TNG",94448,"/Date(1704854688000)/",20500,5100,77172,1580156300,0,false,0
"TNG",94436,"/Date(1704854676000)/",20500,4000,72072,1475606300,0,false,0
"TNG",94428,"/Date(1704854668000)/",20500,800,68072,1393606300,0,false,0
"TNG",94417,"/Date(1704854657000)/",20500,1800,67272,1377206300,0,false,0
"TNG",94411,"/Date(1704854651000)/",20500,200,65472,1340306300,0,false,0
"TNG",94347,"/Date(1704854627000)/",20500,100,65272,1336206300,0,false,0
"TNG",94337,"/Date(1704854617000)/",20500,100,65172,1334156300,0,false,0
"TNG",94330,"/Date(1704854610000)/",20500,2300,65072,1332106300,0,false,0
"TNG",94307,"/Date(1704854587000)/",20500,800,62772,1284956300,0,false,0
"TNG",94231,"/Date(1704854551000)/",20500,1700,61972,1268556300,0,false,0
"TNG",94142,"/Date(1704854502000)/",20500,100,60272,1233706300,0,false,0
"TNG",94136,"/Date(1704854496000)/",20500,500,60172,1231656300,0,false,0
"TNG",94108,"/Date(1704854468000)/",20500,100,59672,1221406300,0,false,0
"TNG",94100,"/Date(1704854460000)/",20500,5000,59572,1219356300,0,false,0
"TNG",93938,"/Date(1704854379000)/",20500,2500,54572,1116856300,0,false,0
"TNG",93930,"/Date(1704854370000)/",20400,1000,52072,1065606300,-100,true,-0.49
"TNG",93759,"/Date(1704854279000)/",20400,200,51072,1045206300,-100,true,-0.49
"TNG",93728,"/Date(1704854248000)/",20400,1500,50872,1041126300,-100,true,-0.49
"TNG",93522,"/Date(1704854122000)/",20400,1000,49372,1010526300,-100,true,-0.49
"TNG",93514,"/Date(1704854114000)/",20400,1000,48372,990126300,-100,true,-0.49
"TNG",93500,"/Date(1704854100000)/",20400,1000,47372,969726300,-100,true,-0.49
"TNG",93454,"/Date(1704854094000)/",20400,5000,46372,949326300,-100,true,-0.49
"TNG",93314,"/Date(1704853994000)/",20400,700,41372,847326300,-100,true,-0.49
"TNG",93030,"/Date(1704853830000)/",20400,27,40672,833046300,-100,true,-0.49
"TNG",93016,"/Date(1704853816000)/",20400,200,40645,832495500,-100,true,-0.49
"TNG",93014,"/Date(1704853814000)/",20400,5000,40445,828415500,-100,true,-0.49
"TNG",92922,"/Date(1704853762000)/",20400,200,35445,726415500,-100,true,-0.49
"TNG",92858,"/Date(1704853738000)/",20400,300,35245,722335500,-100,true,-0.49
"TNG",92847,"/Date(1704853727000)/",20400,200,34945,716215500,-100,true,-0.49
"TNG",92846,"/Date(1704853726000)/",20400,200,34745,712135500,-100,true,-0.49
"TNG",92811,"/Date(1704853691000)/",20400,200,34545,708055500,-100,true,-0.49
"TNG",92810,"/Date(1704853690000)/",20400,200,34345,703975500,-100,true,-0.49
"TNG",92751,"/Date(1704853671000)/",20400,10,34145,699895500,-100,true,-0.49
"TNG",92744,"/Date(1704853664000)/",20400,400,34135,699690500,-100,true,-0.49
"TNG",92708,"/Date(1704853628000)/",20400,400,33735,691530500,-100,true,-0.49
"TNG",92658,"/Date(1704853618000)/",20500,1000,33335,683370500,0,false,0
"TNG",92511,"/Date(1704853511000)/",20500,5,32335,662870500,0,false,0
"TNG",92445,"/Date(1704853485000)/",20500,3500,32330,662768000,0,false,0
"TNG",92350,"/Date(1704853431000)/",20500,200,28830,591018000,0,false,0
"TNG",92240,"/Date(1704853360000)/",20500,2000,28630,586918000,0,false,0
"TNG",92143,"/Date(1704853304000)/",20500,1800,26630,545918000,0,false,0
"TNG",92031,"/Date(1704853231000)/",20500,700,24830,509018000,0,false,0
"TNG",92000,"/Date(1704853200000)/",20500,700,24130,494668000,0,false,0
"TNG",91833,"/Date(1704853113000)/",20500,500,23430,480318000,0,false,0
"TNG",91805,"/Date(1704853085000)/",20500,200,22930,470068000,0,false,0
"TNG",91644,"/Date(1704853004000)/",20500,20,22730,465968000,0,false,0
"TNG",91534,"/Date(1704852934000)/",20500,1200,22710,465556000,0,false,0
"TNG",91333,"/Date(1704852813000)/",20500,10,21510,440956000,0,false,0
"TNG",91257,"/Date(1704852777000)/",20500,1000,21500,440750000,0,false,0
"TNG",91135,"/Date(1704852695000)/",20500,1000,20500,420250000,0,false,0
"TNG",91100,"/Date(1704852660000)/",20500,2700,19500,399750000,0,false,0
"TNG",90909,"/Date(1704852549000)/",20500,700,16800,344400000,0,true,0
"TNG",90730,"/Date(1704852450000)/",20500,1000,16100,330050000,0,true,0
"TNG",90309,"/Date(1704852189000)/",20500,1000,15100,309550000,0,true,0
"TNG",90222,"/Date(1704852143000)/",20500,5000,14100,289050000,0,true,0
"TNG",90100,"/Date(1704852017000)/",20500,5000,9100,186550000,0,true,0
"TNG",90059,"/Date(1704852016000)/",20500,300,4100,84050000,0,true,0
"TNG",90045,"/Date(1704852011000)/",20500,1000,3800,77900000,0,false,0
"TNG",90039,"/Date(1704852009000)/",20500,2500,2800,57400000,0,false,0
"TNG",90008,"/Date(1704852002000)/",20500,300,300,6150000,0,false,0
