"Stockcode","Package","TradingDate","Price","Vol","TotalVol","TotalVal","Change","IsBuy","PerChange"
"DBD",144627,"/Date(1704354300000)/",54200,25700,182900,9818000000,-400,false,-0.73
"DBD",142855,"/Date(1704353249000)/",53200,500,157200,8425000000,-1400,true,-2.56
"DBD",141443,"/Date(1704352396000)/",53200,2500,156700,8399000000,-1400,true,-2.56
"DBD",140403,"/Date(1704351755000)/",53100,1900,154200,8266000000,-1500,true,-2.75
"DBD",140403,"/Date(1704351755000)/",53100,200,152300,8165000000,-1500,true,-2.75
"DBD",140129,"/Date(1704351604000)/",53200,1000,152100,8154000000,-1400,false,-2.56
"DBD",140106,"/Date(1704351581000)/",53800,100,151100,8101000000,-800,false,-1.47
"DBD",135924,"/Date(1704351477000)/",53800,1000,151000,8096000000,-800,false,-1.47
"DBD",135839,"/Date(1704351433000)/",53200,1000,150000,8042000000,-1400,false,-2.56
"DBD",135030,"/Date(1704350942000)/",53100,500,149000,7989000000,-1500,true,-2.75
"DBD",135030,"/Date(1704350942000)/",53100,300,148500,7962000000,-1500,true,-2.75
"DBD",135030,"/Date(1704350942000)/",53100,100,148200,7946000000,-1500,true,-2.75
"DBD",135030,"/Date(1704350942000)/",53100,1400,148100,7941000000,-1500,true,-2.75
"DBD",135020,"/Date(1704350934000)/",53200,1000,146700,7867000000,-1400,false,-2.56
"DBD",135020,"/Date(1704350934000)/",53200,500,145700,7813000000,-1400,false,-2.56
"DBD",135020,"/Date(1704350934000)/",53200,100,145200,7787000000,-1400,false,-2.56
"DBD",134003,"/Date(1704350318000)/",53100,500,145100,7782000000,-1500,true,-2.75
"DBD",134003,"/Date(1704350318000)/",53100,100,144600,7755000000,-1500,true,-2.75
"DBD",134003,"/Date(1704350318000)/",53100,1000,144500,7750000000,-1500,true,-2.75
"DBD",134003,"/Date(1704350318000)/",53100,100,143500,7697000000,-1500,true,-2.75
"DBD",134003,"/Date(1704350318000)/",53200,100,143400,7691000000,-1400,true,-2.56
"DBD",134003,"/Date(1704350318000)/",53500,100,143300,7686000000,-1100,true,-2.01
"DBD",134003,"/Date(1704350318000)/",53500,100,143200,7681000000,-1100,true,-2.01
"DBD",133107,"/Date(1704349873000)/",53500,2000,143100,7675000000,-1100,true,-2.01
"DBD",133054,"/Date(1704349860000)/",53500,2900,141100,7568000000,-1100,true,-2.01
"DBD",132950,"/Date(1704349796000)/",53500,200,138200,7413000000,-1100,false,-2.01
"DBD",132827,"/Date(1704349713000)/",53500,500,138000,7402000000,-1100,false,-2.01
"DBD",132713,"/Date(1704349638000)/",53500,100,137500,7376000000,-1100,false,-2.01
"DBD",132625,"/Date(1704349590000)/",53500,300,137400,7370000000,-1100,false,-2.01
"DBD",132348,"/Date(1704349435000)/",53500,100,137100,7354000000,-1100,false,-2.01
"DBD",132251,"/Date(1704349376000)/",53100,100,137000,7349000000,-1500,true,-2.75
"DBD",131952,"/Date(1704349196000)/",53000,2000,136900,7344000000,-1600,true,-2.93
"DBD",131952,"/Date(1704349196000)/",53000,3000,134900,7238000000,-1600,true,-2.93
"DBD",131952,"/Date(1704349196000)/",53000,1000,131900,7079000000,-1600,true,-2.93
"DBD",131952,"/Date(1704349196000)/",53000,2000,130900,7026000000,-1600,true,-2.93
"DBD",131952,"/Date(1704349196000)/",53100,8600,128900,6920000000,-1500,false,-2.75
"DBD",131911,"/Date(1704349157000)/",53200,3000,120300,6463000000,-1400,true,-2.56
"DBD",131823,"/Date(1704349107000)/",53000,100,117300,6303000000,-1600,true,-2.93
"DBD",131823,"/Date(1704349107000)/",53000,200,117200,6298000000,-1600,true,-2.93
"DBD",131823,"/Date(1704349106000)/",53000,3000,117000,6287000000,-1600,true,-2.93
"DBD",131823,"/Date(1704349106000)/",53000,1000,114000,6128000000,-1600,true,-2.93
"DBD",131811,"/Date(1704349093000)/",53000,2000,113000,6075000000,-1600,true,-2.93
"DBD",131811,"/Date(1704349093000)/",53000,200,111000,5969000000,-1600,true,-2.93
"DBD",131811,"/Date(1704349093000)/",53000,500,110800,5959000000,-1600,true,-2.93
"DBD",131811,"/Date(1704349093000)/",53000,5000,110300,5932000000,-1600,true,-2.93
"DBD",131811,"/Date(1704349093000)/",53000,1000,105300,5667000000,-1600,true,-2.93
"DBD",131811,"/Date(1704349093000)/",53000,900,104300,5614000000,-1600,true,-2.93
"DBD",131811,"/Date(1704349093000)/",53000,200,103400,5567000000,-1600,true,-2.93
"DBD",131811,"/Date(1704349093000)/",53000,100,103200,5556000000,-1600,true,-2.93
"DBD",131811,"/Date(1704349093000)/",53000,1000,103100,5551000000,-1600,true,-2.93
"DBD",131811,"/Date(1704349093000)/",53000,2000,102100,5498000000,-1600,true,-2.93
"DBD",131811,"/Date(1704349093000)/",53100,200,100100,5392000000,-1500,false,-2.75
"DBD",131811,"/Date(1704349093000)/",53100,2000,99900,5381000000,-1500,false,-2.75
"DBD",131811,"/Date(1704349093000)/",53100,100,97900,5275000000,-1500,false,-2.75
"DBD",131811,"/Date(1704349093000)/",53100,4300,97800,5270000000,-1500,false,-2.75
"DBD",131811,"/Date(1704349093000)/",53200,200,93500,5041000000,-1400,false,-2.56
"DBD",131811,"/Date(1704349093000)/",53200,100,93300,5031000000,-1400,false,-2.56
"DBD",131811,"/Date(1704349093000)/",53200,1200,93200,5025000000,-1400,false,-2.56
"DBD",131811,"/Date(1704349093000)/",53200,1000,92000,4961000000,-1400,false,-2.56
"DBD",131730,"/Date(1704349054000)/",53200,200,91000,4908000000,-1400,false,-2.56
"DBD",131730,"/Date(1704349054000)/",53300,200,90800,4898000000,-1300,false,-2.38
"DBD",131730,"/Date(1704349054000)/",53400,500,90600,4887000000,-1200,false,-2.2
"DBD",131730,"/Date(1704349054000)/",53400,100,90100,4860000000,-1200,false,-2.2
"DBD",131730,"/Date(1704349054000)/",53400,500,90000,4855000000,-1200,false,-2.2
"DBD",131730,"/Date(1704349054000)/",53500,100,89500,4828000000,-1100,true,-2.01
"DBD",131730,"/Date(1704349054000)/",53500,200,89400,4823000000,-1100,true,-2.01
"DBD",131730,"/Date(1704349054000)/",53500,100,89200,4812000000,-1100,true,-2.01
"DBD",131730,"/Date(1704349054000)/",53500,10000,89100,4807000000,-1100,true,-2.01
"DBD",131730,"/Date(1704349054000)/",53500,500,79100,4272000000,-1100,true,-2.01
"DBD",131730,"/Date(1704349054000)/",53500,100,78600,4245000000,-1100,true,-2.01
"DBD",131730,"/Date(1704349054000)/",53600,100,78500,4240000000,-1000,true,-1.83
"DBD",131730,"/Date(1704349054000)/",53600,300,78400,4234000000,-1000,true,-1.83
"DBD",131730,"/Date(1704349054000)/",53600,1000,78100,4218000000,-1000,true,-1.83
"DBD",131730,"/Date(1704349054000)/",53600,1000,77100,4165000000,-1000,true,-1.83
"DBD",131730,"/Date(1704349054000)/",53600,1000,76100,4111000000,-1000,true,-1.83
"DBD",131730,"/Date(1704349054000)/",53700,100,75100,4057000000,-900,true,-1.65
"DBD",131730,"/Date(1704349054000)/",53700,100,75000,4052000000,-900,true,-1.65
"DBD",131730,"/Date(1704349054000)/",53700,200,74900,4047000000,-900,true,-1.65
"DBD",131730,"/Date(1704349054000)/",53700,2000,74700,4036000000,-900,true,-1.65
"DBD",131730,"/Date(1704349054000)/",53700,300,72700,3929000000,-900,true,-1.65
"DBD",131730,"/Date(1704349054000)/",53700,1000,72400,3912000000,-900,true,-1.65
"DBD",131730,"/Date(1704349054000)/",53700,100,71400,3859000000,-900,true,-1.65
"DBD",131730,"/Date(1704349054000)/",53700,300,71300,3853000000,-900,true,-1.65
"DBD",131724,"/Date(1704349045000)/",53800,1000,71000,3837000000,-800,true,-1.47
"DBD",131724,"/Date(1704349045000)/",53800,500,70000,3783000000,-800,true,-1.47
"DBD",131724,"/Date(1704349045000)/",53800,100,69500,3757000000,-800,true,-1.47
"DBD",131724,"/Date(1704349045000)/",53800,1400,69400,3751000000,-800,true,-1.47
"DBD",131724,"/Date(1704349045000)/",53900,400,68000,3676000000,-700,true,-1.28
"DBD",131708,"/Date(1704349030000)/",53900,1600,67600,3654000000,-700,false,-1.28
"DBD",131646,"/Date(1704349009000)/",53900,1000,66000,3568000000,-700,true,-1.28
"DBD",131646,"/Date(1704349009000)/",53900,2400,65000,3514000000,-700,true,-1.28
"DBD",131621,"/Date(1704348982000)/",53900,200,62600,3385000000,-700,true,-1.28
"DBD",131547,"/Date(1704348948000)/",53900,2100,62400,3374000000,-700,true,-1.28
"DBD",131512,"/Date(1704348911000)/",53900,1000,60300,3261000000,-700,false,-1.28
"DBD",131512,"/Date(1704348911000)/",53900,400,59300,3207000000,-700,false,-1.28
"DBD",131512,"/Date(1704348911000)/",53900,300,58900,3185000000,-700,false,-1.28
"DBD",131346,"/Date(1704348828000)/",53800,100,58600,3169000000,-800,true,-1.47
"DBD",131311,"/Date(1704348791000)/",53800,100,58500,3164000000,-800,true,-1.47
"DBD",131126,"/Date(1704348685000)/",53800,1000,58400,3158000000,-800,true,-1.47
"DBD",130524,"/Date(1704348321000)/",53800,2400,57400,3105000000,-800,true,-1.47
"DBD",130524,"/Date(1704348321000)/",53800,100,55000,2976000000,-800,true,-1.47
"DBD",130524,"/Date(1704348321000)/",53800,500,54900,2970000000,-800,true,-1.47
"DBD",130117,"/Date(1704348074000)/",53800,1000,54400,2943000000,-800,true,-1.47
"DBD",130036,"/Date(1704348011000)/",53900,200,53400,2889000000,-700,false,-1.28
"DBD",130023,"/Date(1704348002000)/",53900,200,53200,2879000000,-700,true,-1.28
"DBD",130023,"/Date(1704348002000)/",53900,2000,53000,2868000000,-700,true,-1.28
"DBD",130016,"/Date(1704348000000)/",54100,1000,51000,2760000000,-500,false,-0.92
"DBD",112844,"/Date(1704342522000)/",53900,1000,50000,2706000000,-700,true,-1.28
"DBD",112718,"/Date(1704342435000)/",54100,4900,49000,2652000000,-500,false,-0.92
"DBD",111610,"/Date(1704341768000)/",54200,100,44100,2387000000,-400,false,-0.73
"DBD",111610,"/Date(1704341768000)/",54200,200,44000,2382000000,-400,false,-0.73
"DBD",111610,"/Date(1704341768000)/",54200,100,43800,2371000000,-400,false,-0.73
"DBD",111610,"/Date(1704341768000)/",54200,200,43700,2365000000,-400,false,-0.73
"DBD",111610,"/Date(1704341768000)/",54200,300,43500,2354000000,-400,false,-0.73
"DBD",111610,"/Date(1704341768000)/",54200,500,43200,2338000000,-400,false,-0.73
"DBD",111610,"/Date(1704341768000)/",54200,1000,42700,2311000000,-400,false,-0.73
"DBD",111610,"/Date(1704341768000)/",54200,2000,41700,2257000000,-400,false,-0.73
"DBD",111610,"/Date(1704341768000)/",54200,600,39700,2149000000,-400,false,-0.73
"DBD",111610,"/Date(1704341768000)/",54100,2000,39100,2116000000,-500,false,-0.92
"DBD",110345,"/Date(1704341018000)/",54200,100,37100,2008000000,-400,false,-0.73
"DBD",110332,"/Date(1704341003000)/",53800,1000,37000,2002000000,-800,true,-1.47
"DBD",105433,"/Date(1704340471000)/",54200,100,36000,1949000000,-400,false,-0.73
"DBD",105407,"/Date(1704340446000)/",53700,700,35900,1943000000,-900,true,-1.65
"DBD",105407,"/Date(1704340446000)/",53700,100,35200,1906000000,-900,true,-1.65
"DBD",105407,"/Date(1704340446000)/",53700,700,35100,1900000000,-900,true,-1.65
"DBD",105407,"/Date(1704340446000)/",54000,100,34400,1863000000,-600,false,-1.1
"DBD",105407,"/Date(1704340446000)/",54000,200,34300,1857000000,-600,false,-1.1
"DBD",105407,"/Date(1704340446000)/",54100,100,34100,1846000000,-500,false,-0.92
"DBD",105130,"/Date(1704340287000)/",54100,100,34000,1841000000,-500,true,-0.92
"DBD",105020,"/Date(1704340217000)/",54100,100,33900,1836000000,-500,false,-0.92
"DBD",104923,"/Date(1704340160000)/",54100,2900,33800,1830000000,-500,true,-0.92
"DBD",104907,"/Date(1704340145000)/",54100,100,30900,1673000000,-500,true,-0.92
"DBD",104407,"/Date(1704339845000)/",54200,1000,30800,1668000000,-400,false,-0.73
"DBD",104137,"/Date(1704339694000)/",54200,600,29800,1614000000,-400,false,-0.73
"DBD",103728,"/Date(1704339447000)/",54200,100,29200,1581000000,-400,false,-0.73
"DBD",103401,"/Date(1704339239000)/",54200,500,29100,1576000000,-400,false,-0.73
"DBD",103401,"/Date(1704339239000)/",54200,1000,28600,1549000000,-400,false,-0.73
"DBD",103401,"/Date(1704339239000)/",54200,700,27600,1494000000,-400,false,-0.73
"DBD",103401,"/Date(1704339239000)/",54200,500,26900,1457000000,-400,false,-0.73
"DBD",103401,"/Date(1704339239000)/",54200,300,26400,1429000000,-400,false,-0.73
"DBD",102348,"/Date(1704338626000)/",54200,400,26100,1413000000,-400,false,-0.73
"DBD",102303,"/Date(1704338581000)/",54200,18200,25700,1391000000,-400,true,-0.73
"DBD",102303,"/Date(1704338581000)/",54200,400,7500,405000000,-400,true,-0.73
"DBD",102237,"/Date(1704338554000)/",54400,100,7100,383000000,-200,false,-0.37
"DBD",102212,"/Date(1704338529000)/",54300,100,7000,378000000,-300,false,-0.55
"DBD",102005,"/Date(1704338402000)/",54200,100,6900,372000000,-400,false,-0.73
"DBD",100034,"/Date(1704337233000)/",54200,100,6800,367000000,-400,false,-0.73
"DBD",95757,"/Date(1704337074000)/",54200,100,6700,362000000,-400,false,-0.73
"DBD",95735,"/Date(1704337054000)/",53700,300,6600,356000000,-900,true,-1.65
"DBD",95735,"/Date(1704337054000)/",53700,200,6300,340000000,-900,true,-1.65
"DBD",95735,"/Date(1704337054000)/",53700,800,6100,329000000,-900,true,-1.65
"DBD",95735,"/Date(1704337054000)/",53700,400,5300,286000000,-900,true,-1.65
"DBD",95735,"/Date(1704337054000)/",53700,500,4900,265000000,-900,true,-1.65
"DBD",95420,"/Date(1704336858000)/",54100,100,4400,238000000,-500,false,-0.92
"DBD",95154,"/Date(1704336712000)/",54000,100,4300,233000000,-600,false,-1.1
"DBD",94959,"/Date(1704336596000)/",54000,100,4200,227000000,-600,false,-1.1
"DBD",94346,"/Date(1704336222000)/",54000,100,4100,222000000,-600,false,-1.1
"DBD",94333,"/Date(1704336210000)/",53900,1000,4000,216000000,-700,false,-1.28
"DBD",93642,"/Date(1704335799000)/",53700,600,3000,163000000,-900,true,-1.65
"DBD",93642,"/Date(1704335799000)/",53700,100,2400,130000000,-900,true,-1.65
"DBD",93635,"/Date(1704335792000)/",53900,100,2300,125000000,-700,false,-1.28
"DBD",92348,"/Date(1704335027000)/",54500,300,2200,120000000,-100,false,-0.18
"DBD",91503,"/Date(1704334501000)/",54600,1900,1900,103000000,0,true,0
