"Stockcode","Package","TradingDate","Price","Vol","TotalVol","TotalVal","Change","IsBuy","PerChange"
"GEX",144627,"/Date(1704354300000)/",22250,1163100,25875800,580369000000,-300,false,-1.33
"GEX",143122,"/Date(1704353398000)/",22250,4800,24712700,554490000000,-300,true,-1.33
"GEX",143122,"/Date(1704353398000)/",22250,200,24707900,554384000000,-300,true,-1.33
"GEX",143122,"/Date(1704353397000)/",22300,100,24707700,554379000000,-250,false,-1.11
"GEX",143122,"/Date(1704353396000)/",22250,200,24707600,554377000000,-300,true,-1.33
"GEX",143119,"/Date(1704353395000)/",22300,3000,24707400,554373000000,-250,false,-1.11
"GEX",143119,"/Date(1704353394000)/",22250,300,24704400,554306000000,-300,true,-1.33
"GEX",143119,"/Date(1704353394000)/",22250,100,24704100,554299000000,-300,true,-1.33
"GEX",143119,"/Date(1704353394000)/",22250,600,24704000,554297000000,-300,true,-1.33
"GEX",143119,"/Date(1704353394000)/",22250,300,24703400,554283000000,-300,true,-1.33
"GEX",143119,"/Date(1704353393000)/",22250,100,24703100,554277000000,-300,true,-1.33
"GEX",143119,"/Date(1704353393000)/",22250,1000,24703000,554274000000,-300,true,-1.33
"GEX",143119,"/Date(1704353393000)/",22250,1000,24702000,554252000000,-300,true,-1.33
"GEX",143119,"/Date(1704353393000)/",22250,400,24701000,554230000000,-300,true,-1.33
"GEX",143119,"/Date(1704353393000)/",22250,1000,24700600,554221000000,-300,true,-1.33
"GEX",143119,"/Date(1704353393000)/",22250,100,24699600,554199000000,-300,true,-1.33
"GEX",143119,"/Date(1704353393000)/",22250,600,24699500,554197000000,-300,true,-1.33
"GEX",143119,"/Date(1704353393000)/",22250,100,24698900,554183000000,-300,true,-1.33
"GEX",143119,"/Date(1704353393000)/",22250,1000,24698800,554181000000,-300,true,-1.33
"GEX",143119,"/Date(1704353393000)/",22250,2700,24697800,554159000000,-300,true,-1.33
"GEX",143119,"/Date(1704353393000)/",22300,100,24695100,554099000000,-250,false,-1.11
"GEX",143116,"/Date(1704353391000)/",22300,300,24695000,554096000000,-250,false,-1.11
"GEX",143116,"/Date(1704353391000)/",22300,700,24694700,554090000000,-250,false,-1.11
"GEX",143116,"/Date(1704353390000)/",22250,500,24694000,554074000000,-300,true,-1.33
"GEX",143116,"/Date(1704353389000)/",22300,300,24693500,554063000000,-250,false,-1.11
"GEX",143116,"/Date(1704353389000)/",22300,200,24693200,554056000000,-250,false,-1.11
"GEX",143113,"/Date(1704353387000)/",22250,1800,24693000,554052000000,-300,true,-1.33
"GEX",143113,"/Date(1704353387000)/",22250,2000,24691200,554012000000,-300,true,-1.33
"GEX",143113,"/Date(1704353387000)/",22250,100,24689200,553967000000,-300,true,-1.33
"GEX",143113,"/Date(1704353387000)/",22250,1000,24689100,553965000000,-300,true,-1.33
"GEX",143113,"/Date(1704353387000)/",22250,1000,24688100,553943000000,-300,true,-1.33
"GEX",143113,"/Date(1704353387000)/",22250,200,24687100,553921000000,-300,true,-1.33
"GEX",143113,"/Date(1704353387000)/",22250,100,24686900,553916000000,-300,true,-1.33
"GEX",143113,"/Date(1704353387000)/",22250,200,24686800,553914000000,-300,true,-1.33
"GEX",143113,"/Date(1704353387000)/",22250,100,24686600,553909000000,-300,true,-1.33
"GEX",143113,"/Date(1704353387000)/",22250,200,24686500,553907000000,-300,true,-1.33
"GEX",143113,"/Date(1704353387000)/",22250,100,24686300,553903000000,-300,true,-1.33
"GEX",143113,"/Date(1704353387000)/",22250,500,24686200,553901000000,-300,true,-1.33
"GEX",143113,"/Date(1704353387000)/",22250,1400,24685700,553889000000,-300,true,-1.33
"GEX",143113,"/Date(1704353387000)/",22250,5300,24684300,553858000000,-300,true,-1.33
"GEX",143113,"/Date(1704353387000)/",22250,2000,24679000,553740000000,-300,true,-1.33
"GEX",143113,"/Date(1704353387000)/",22250,200,24677000,553696000000,-300,true,-1.33
"GEX",143113,"/Date(1704353387000)/",22250,1000,24676800,553691000000,-300,true,-1.33
"GEX",143113,"/Date(1704353387000)/",22250,200,24675800,553669000000,-300,true,-1.33
"GEX",143113,"/Date(1704353387000)/",22250,1000,24675600,553665000000,-300,true,-1.33
"GEX",143113,"/Date(1704353387000)/",22250,500,24674600,553642000000,-300,true,-1.33
"GEX",143113,"/Date(1704353387000)/",22250,200,24674100,553631000000,-300,true,-1.33
"GEX",143113,"/Date(1704353387000)/",22250,100,24673900,553627000000,-300,true,-1.33
"GEX",143113,"/Date(1704353387000)/",22250,4000,24673800,553625000000,-300,true,-1.33
"GEX",143113,"/Date(1704353387000)/",22250,500,24669800,553536000000,-300,true,-1.33
"GEX",143113,"/Date(1704353387000)/",22250,100,24669300,553525000000,-300,true,-1.33
"GEX",143113,"/Date(1704353387000)/",22250,3000,24669200,553522000000,-300,true,-1.33
"GEX",143113,"/Date(1704353387000)/",22250,500,24666200,553456000000,-300,true,-1.33
"GEX",143113,"/Date(1704353387000)/",22250,1000,24665700,553444000000,-300,true,-1.33
"GEX",143113,"/Date(1704353387000)/",22250,16700,24664700,553422000000,-300,true,-1.33
"GEX",143113,"/Date(1704353386000)/",22250,100,24648000,553051000000,-300,true,-1.33
"GEX",143113,"/Date(1704353386000)/",22300,1500,24647900,553048000000,-250,false,-1.11
"GEX",143113,"/Date(1704353385000)/",22250,500,24646400,553015000000,-300,true,-1.33
"GEX",143110,"/Date(1704353385000)/",22250,2000,24645900,553004000000,-300,true,-1.33
"GEX",143110,"/Date(1704353385000)/",22250,300,24643900,552959000000,-300,true,-1.33
"GEX",143110,"/Date(1704353384000)/",22250,10000,24643600,552953000000,-300,true,-1.33
"GEX",143110,"/Date(1704353382000)/",22250,20000,24633600,552730000000,-300,true,-1.33
"GEX",143106,"/Date(1704353382000)/",22300,5000,24613600,552285000000,-250,false,-1.11
"GEX",143106,"/Date(1704353380000)/",22250,5000,24608600,552174000000,-300,true,-1.33
"GEX",143103,"/Date(1704353378000)/",22300,800,24603600,552062000000,-250,false,-1.11
"GEX",143103,"/Date(1704353377000)/",22250,5000,24602800,552045000000,-300,true,-1.33
"GEX",143103,"/Date(1704353376000)/",22250,10000,24597800,551933000000,-300,true,-1.33
"GEX",143100,"/Date(1704353375000)/",22250,300,24587800,551711000000,-300,true,-1.33
"GEX",143100,"/Date(1704353375000)/",22250,500,24587500,551704000000,-300,true,-1.33
"GEX",143100,"/Date(1704353374000)/",22250,10000,24587000,551693000000,-300,true,-1.33
"GEX",143100,"/Date(1704353374000)/",22250,9000,24577000,551471000000,-300,true,-1.33
"GEX",143100,"/Date(1704353373000)/",22300,2500,24568000,551270000000,-250,false,-1.11
"GEX",143100,"/Date(1704353373000)/",22300,5000,24565500,551215000000,-250,false,-1.11
"GEX",143100,"/Date(1704353373000)/",22300,2200,24560500,551103000000,-250,false,-1.11
"GEX",143100,"/Date(1704353373000)/",22300,300,24558300,551054000000,-250,false,-1.11
"GEX",143100,"/Date(1704353373000)/",22250,10600,24558000,551047000000,-300,true,-1.33
"GEX",143100,"/Date(1704353373000)/",22250,100,24547400,550811000000,-300,true,-1.33
"GEX",143100,"/Date(1704353373000)/",22250,3200,24547300,550809000000,-300,true,-1.33
"GEX",143057,"/Date(1704353370000)/",22250,100,24544100,550738000000,-300,true,-1.33
"GEX",143057,"/Date(1704353370000)/",22250,1600,24544000,550736000000,-300,true,-1.33
"GEX",143057,"/Date(1704353370000)/",22250,100,24542400,550700000000,-300,true,-1.33
"GEX",143057,"/Date(1704353370000)/",22250,400,24542300,550698000000,-300,true,-1.33
"GEX",143057,"/Date(1704353369000)/",22250,600,24541900,550689000000,-300,true,-1.33
"GEX",143057,"/Date(1704353369000)/",22250,100,24541300,550676000000,-300,true,-1.33
"GEX",143057,"/Date(1704353369000)/",22250,1000,24541200,550673000000,-300,true,-1.33
"GEX",143057,"/Date(1704353369000)/",22250,3300,24540200,550651000000,-300,true,-1.33
"GEX",143054,"/Date(1704353369000)/",22250,100,24536900,550578000000,-300,true,-1.33
"GEX",143054,"/Date(1704353369000)/",22250,5000,24536800,550576000000,-300,true,-1.33
"GEX",143054,"/Date(1704353369000)/",22250,6000,24531800,550464000000,-300,true,-1.33
"GEX",143054,"/Date(1704353368000)/",22300,400,24525800,550331000000,-250,false,-1.11
"GEX",143054,"/Date(1704353368000)/",22250,2000,24525400,550322000000,-300,true,-1.33
"GEX",143054,"/Date(1704353368000)/",22250,600,24523400,550277000000,-300,true,-1.33
"GEX",143054,"/Date(1704353368000)/",22250,100,24522800,550264000000,-300,true,-1.33
"GEX",143054,"/Date(1704353368000)/",22250,400,24522700,550262000000,-300,true,-1.33
"GEX",143054,"/Date(1704353368000)/",22250,1400,24522300,550253000000,-300,true,-1.33
"GEX",143054,"/Date(1704353367000)/",22300,1100,24520900,550222000000,-250,false,-1.11
"GEX",143050,"/Date(1704353365000)/",22250,3600,24519800,550197000000,-300,true,-1.33
"GEX",143050,"/Date(1704353365000)/",22250,500,24516200,550117000000,-300,true,-1.33
"GEX",143050,"/Date(1704353365000)/",22250,500,24515700,550106000000,-300,true,-1.33
"GEX",143050,"/Date(1704353365000)/",22250,20000,24515200,550095000000,-300,true,-1.33
"GEX",143050,"/Date(1704353365000)/",22250,1000,24495200,549650000000,-300,true,-1.33
"GEX",143050,"/Date(1704353365000)/",22250,5000,24494200,549628000000,-300,true,-1.33
"GEX",143050,"/Date(1704353365000)/",22250,200,24489200,549516000000,-300,true,-1.33
"GEX",143050,"/Date(1704353365000)/",22250,10000,24489000,549512000000,-300,true,-1.33
"GEX",143050,"/Date(1704353365000)/",22250,100,24479000,549289000000,-300,true,-1.33
"GEX",143050,"/Date(1704353365000)/",22250,2000,24478900,549287000000,-300,true,-1.33
"GEX",143050,"/Date(1704353365000)/",22250,100,24476900,549243000000,-300,true,-1.33
"GEX",143050,"/Date(1704353365000)/",22250,200,24476800,549241000000,-300,true,-1.33
"GEX",143050,"/Date(1704353365000)/",22250,1000,24476600,549236000000,-300,true,-1.33
"GEX",143050,"/Date(1704353365000)/",22250,100,24475600,549214000000,-300,true,-1.33
"GEX",143050,"/Date(1704353365000)/",22250,500,24475500,549212000000,-300,true,-1.33
"GEX",143050,"/Date(1704353365000)/",22250,100,24475000,549200000000,-300,true,-1.33
"GEX",143050,"/Date(1704353365000)/",22250,300,24474900,549198000000,-300,true,-1.33
"GEX",143050,"/Date(1704353365000)/",22250,100,24474600,549192000000,-300,true,-1.33
"GEX",143050,"/Date(1704353365000)/",22250,200,24474500,549189000000,-300,true,-1.33
"GEX",143050,"/Date(1704353365000)/",22250,2000,24474300,549185000000,-300,true,-1.33
"GEX",143050,"/Date(1704353365000)/",22250,2500,24472300,549140000000,-300,true,-1.33
"GEX",143050,"/Date(1704353364000)/",22250,12000,24469800,549085000000,-300,true,-1.33
"GEX",143050,"/Date(1704353363000)/",22250,1400,24457800,548818000000,-300,true,-1.33
"GEX",143050,"/Date(1704353363000)/",22250,100,24456400,548787000000,-300,true,-1.33
"GEX",143050,"/Date(1704353363000)/",22250,500,24456300,548784000000,-300,true,-1.33
"GEX",143050,"/Date(1704353363000)/",22250,500,24455800,548773000000,-300,true,-1.33
"GEX",143050,"/Date(1704353363000)/",22250,200,24455300,548762000000,-300,true,-1.33
"GEX",143050,"/Date(1704353363000)/",22250,1000,24455100,548758000000,-300,true,-1.33
"GEX",143050,"/Date(1704353363000)/",22250,400,24454100,548735000000,-300,true,-1.33
"GEX",143050,"/Date(1704353363000)/",22300,400,24453700,548727000000,-250,false,-1.11
"GEX",143047,"/Date(1704353362000)/",22250,100,24453300,548718000000,-300,true,-1.33
"GEX",143047,"/Date(1704353362000)/",22250,500,24453200,548715000000,-300,true,-1.33
"GEX",143047,"/Date(1704353362000)/",22250,100,24452700,548704000000,-300,true,-1.33
"GEX",143047,"/Date(1704353362000)/",22250,200,24452600,548702000000,-300,true,-1.33
"GEX",143047,"/Date(1704353362000)/",22250,300,24452400,548698000000,-300,true,-1.33
"GEX",143047,"/Date(1704353362000)/",22250,200,24452100,548691000000,-300,true,-1.33
"GEX",143047,"/Date(1704353362000)/",22250,500,24451900,548686000000,-300,true,-1.33
"GEX",143047,"/Date(1704353362000)/",22250,300,24451400,548675000000,-300,true,-1.33
"GEX",143047,"/Date(1704353362000)/",22250,100,24451100,548669000000,-300,true,-1.33
"GEX",143047,"/Date(1704353362000)/",22250,200,24451000,548666000000,-300,true,-1.33
"GEX",143047,"/Date(1704353362000)/",22250,100,24450800,548662000000,-300,true,-1.33
"GEX",143047,"/Date(1704353362000)/",22250,1000,24450700,548660000000,-300,true,-1.33
"GEX",143047,"/Date(1704353362000)/",22250,2000,24449700,548638000000,-300,true,-1.33
"GEX",143047,"/Date(1704353362000)/",22250,100,24447700,548593000000,-300,true,-1.33
"GEX",143047,"/Date(1704353362000)/",22250,1000,24447600,548591000000,-300,true,-1.33
"GEX",143047,"/Date(1704353362000)/",22250,1000,24446600,548569000000,-300,true,-1.33
"GEX",143047,"/Date(1704353362000)/",22250,200,24445600,548546000000,-300,true,-1.33
"GEX",143047,"/Date(1704353362000)/",22250,100,24445400,548542000000,-300,true,-1.33
"GEX",143047,"/Date(1704353362000)/",22250,1500,24445300,548540000000,-300,true,-1.33
"GEX",143047,"/Date(1704353362000)/",22250,200,24443800,548506000000,-300,true,-1.33
"GEX",143047,"/Date(1704353362000)/",22250,300,24443600,548502000000,-300,true,-1.33
"GEX",143047,"/Date(1704353362000)/",22300,2800,24443300,548495000000,-250,false,-1.11
"GEX",143047,"/Date(1704353362000)/",22300,7200,24440500,548433000000,-250,false,-1.11
"GEX",143047,"/Date(1704353361000)/",22250,100,24433300,548272000000,-300,true,-1.33
"GEX",143047,"/Date(1704353361000)/",22250,100,24433200,548270000000,-300,true,-1.33
"GEX",143047,"/Date(1704353361000)/",22250,200,24433100,548268000000,-300,true,-1.33
"GEX",143047,"/Date(1704353361000)/",22250,300,24432900,548263000000,-300,true,-1.33
"GEX",143047,"/Date(1704353361000)/",22250,200,24432600,548257000000,-300,true,-1.33
"GEX",143047,"/Date(1704353361000)/",22250,500,24432400,548252000000,-300,true,-1.33
"GEX",143047,"/Date(1704353361000)/",22250,100,24431900,548241000000,-300,true,-1.33
"GEX",143047,"/Date(1704353360000)/",22250,100,24431800,548239000000,-300,true,-1.33
"GEX",143047,"/Date(1704353360000)/",22250,300,24431700,548237000000,-300,true,-1.33
"GEX",143047,"/Date(1704353360000)/",22250,1000,24431400,548230000000,-300,true,-1.33
"GEX",143047,"/Date(1704353360000)/",22250,2000,24430400,548208000000,-300,true,-1.33
"GEX",143047,"/Date(1704353360000)/",22250,200,24428400,548163000000,-300,true,-1.33
"GEX",143047,"/Date(1704353360000)/",22250,100,24428200,548159000000,-300,true,-1.33
"GEX",143047,"/Date(1704353360000)/",22250,100,24428100,548156000000,-300,true,-1.33
"GEX",143047,"/Date(1704353360000)/",22250,100,24428000,548154000000,-300,true,-1.33
"GEX",143047,"/Date(1704353360000)/",22250,200,24427900,548152000000,-300,true,-1.33
"GEX",143047,"/Date(1704353360000)/",22250,400,24427700,548148000000,-300,true,-1.33
"GEX",143047,"/Date(1704353360000)/",22250,1000,24427300,548139000000,-300,true,-1.33
"GEX",143047,"/Date(1704353360000)/",22250,200,24426300,548116000000,-300,true,-1.33
"GEX",143047,"/Date(1704353360000)/",22250,10000,24426100,548112000000,-300,true,-1.33
"GEX",143047,"/Date(1704353360000)/",22250,100,24416100,547889000000,-300,true,-1.33
"GEX",143047,"/Date(1704353360000)/",22250,100,24416000,547887000000,-300,true,-1.33
"GEX",143047,"/Date(1704353360000)/",22250,100,24415900,547885000000,-300,true,-1.33
"GEX",143047,"/Date(1704353360000)/",22250,500,24415800,547883000000,-300,true,-1.33
"GEX",143047,"/Date(1704353360000)/",22250,200,24415300,547872000000,-300,true,-1.33
"GEX",143047,"/Date(1704353360000)/",22250,2000,24415100,547867000000,-300,true,-1.33
"GEX",143047,"/Date(1704353360000)/",22250,500,24413100,547823000000,-300,true,-1.33
"GEX",143047,"/Date(1704353360000)/",22250,100,24412600,547812000000,-300,true,-1.33
"GEX",143047,"/Date(1704353360000)/",22250,200,24412500,547809000000,-300,true,-1.33
"GEX",143047,"/Date(1704353360000)/",22250,500,24412300,547805000000,-300,true,-1.33
"GEX",143047,"/Date(1704353360000)/",22250,100,24411800,547794000000,-300,true,-1.33
"GEX",143047,"/Date(1704353360000)/",22250,5000,24411700,547792000000,-300,true,-1.33
"GEX",143047,"/Date(1704353360000)/",22250,1000,24406700,547680000000,-300,true,-1.33
"GEX",143047,"/Date(1704353360000)/",22250,2000,24405700,547658000000,-300,true,-1.33
"GEX",143044,"/Date(1704353359000)/",22250,100,24403700,547614000000,-300,true,-1.33
"GEX",143044,"/Date(1704353358000)/",22300,100,24403600,547611000000,-250,false,-1.11
"GEX",143044,"/Date(1704353356000)/",22250,100,24403500,547609000000,-300,true,-1.33
"GEX",143044,"/Date(1704353356000)/",22250,400,24403400,547607000000,-300,true,-1.33
"GEX",143041,"/Date(1704353356000)/",22250,600,24403000,547598000000,-300,true,-1.33
"GEX",143041,"/Date(1704353356000)/",22250,900,24402400,547585000000,-300,true,-1.33
"GEX",143041,"/Date(1704353354000)/",22300,100,24401500,547565000000,-250,false,-1.11
"GEX",143041,"/Date(1704353353000)/",22300,2000,24401400,547562000000,-250,false,-1.11
"GEX",143038,"/Date(1704353352000)/",22300,1900,24399400,547518000000,-250,false,-1.11
"GEX",143038,"/Date(1704353351000)/",22250,100,24397500,547475000000,-300,true,-1.33
"GEX",143038,"/Date(1704353351000)/",22250,300,24397400,547473000000,-300,true,-1.33
"GEX",143038,"/Date(1704353351000)/",22250,600,24397100,547466000000,-300,true,-1.33
"GEX",143034,"/Date(1704353349000)/",22250,200,24396500,547453000000,-300,true,-1.33
"GEX",143034,"/Date(1704353348000)/",22300,2000,24396300,547449000000,-250,false,-1.11
"GEX",143034,"/Date(1704353347000)/",22300,300,24394300,547404000000,-250,false,-1.11
"GEX",143031,"/Date(1704353346000)/",22300,100,24394000,547397000000,-250,false,-1.11
"GEX",143031,"/Date(1704353345000)/",22250,1200,24393900,547395000000,-300,true,-1.33
"GEX",143031,"/Date(1704353345000)/",22250,300,24392700,547368000000,-300,true,-1.33
"GEX",143031,"/Date(1704353345000)/",22250,200,24392400,547362000000,-300,true,-1.33
"GEX",143031,"/Date(1704353345000)/",22250,500,24392200,547357000000,-300,true,-1.33
"GEX",143028,"/Date(1704353341000)/",22300,1000,24391700,547346000000,-250,false,-1.11
"GEX",143028,"/Date(1704353341000)/",22300,200,24390700,547324000000,-250,false,-1.11
"GEX",143028,"/Date(1704353341000)/",22300,1000,24390500,547319000000,-250,false,-1.11
"GEX",143028,"/Date(1704353341000)/",22300,100,24389500,547297000000,-250,false,-1.11
"GEX",143028,"/Date(1704353341000)/",22300,1500,24389400,547295000000,-250,false,-1.11
"GEX",143028,"/Date(1704353341000)/",22300,100,24387900,547261000000,-250,false,-1.11
"GEX",143028,"/Date(1704353341000)/",22300,2400,24387800,547259000000,-250,false,-1.11
"GEX",143028,"/Date(1704353340000)/",22300,2700,24385400,547206000000,-250,false,-1.11
"GEX",143028,"/Date(1704353340000)/",22300,5000,24382700,547145000000,-250,false,-1.11
"GEX",143025,"/Date(1704353340000)/",22300,1000,24377700,547034000000,-250,true,-1.11
"GEX",143025,"/Date(1704353340000)/",22300,400,24376700,547012000000,-250,true,-1.11
"GEX",143025,"/Date(1704353340000)/",22300,500,24376300,547003000000,-250,true,-1.11
"GEX",143025,"/Date(1704353340000)/",22300,500,24375800,546992000000,-250,true,-1.11
"GEX",143025,"/Date(1704353340000)/",22300,100,24375300,546980000000,-250,true,-1.11
"GEX",143025,"/Date(1704353340000)/",22300,500,24375200,546978000000,-250,true,-1.11
"GEX",143025,"/Date(1704353340000)/",22300,500,24374700,546967000000,-250,true,-1.11
"GEX",143025,"/Date(1704353340000)/",22300,600,24374200,546956000000,-250,true,-1.11
"GEX",143025,"/Date(1704353340000)/",22300,200,24373600,546943000000,-250,true,-1.11
"GEX",143025,"/Date(1704353340000)/",22300,100,24373400,546938000000,-250,true,-1.11
"GEX",143025,"/Date(1704353340000)/",22300,700,24373300,546936000000,-250,true,-1.11
"GEX",143025,"/Date(1704353340000)/",22300,500,24372600,546920000000,-250,true,-1.11
"GEX",143025,"/Date(1704353340000)/",22300,100,24372100,546909000000,-250,true,-1.11
"GEX",143025,"/Date(1704353340000)/",22300,700,24372000,546907000000,-250,true,-1.11
"GEX",143025,"/Date(1704353339000)/",22300,1900,24371300,546891000000,-250,true,-1.11
"GEX",143025,"/Date(1704353339000)/",22300,1000,24369400,546849000000,-250,true,-1.11
"GEX",143025,"/Date(1704353339000)/",22300,100,24368400,546827000000,-250,true,-1.11
"GEX",143025,"/Date(1704353339000)/",22300,200,24368300,546824000000,-250,true,-1.11
"GEX",143025,"/Date(1704353339000)/",22300,1000,24368100,546820000000,-250,true,-1.11
"GEX",143025,"/Date(1704353339000)/",22300,300,24367100,546798000000,-250,true,-1.11
"GEX",143025,"/Date(1704353339000)/",22300,2600,24366800,546791000000,-250,true,-1.11
"GEX",143025,"/Date(1704353339000)/",22300,200,24364200,546733000000,-250,true,-1.11
"GEX",143025,"/Date(1704353339000)/",22300,500,24364000,546728000000,-250,true,-1.11
"GEX",143025,"/Date(1704353339000)/",22300,200,24363500,546717000000,-250,true,-1.11
"GEX",143025,"/Date(1704353339000)/",22300,200,24363300,546713000000,-250,true,-1.11
"GEX",143025,"/Date(1704353339000)/",22300,100,24363100,546708000000,-250,true,-1.11
"GEX",143025,"/Date(1704353339000)/",22300,3000,24363000,546706000000,-250,true,-1.11
"GEX",143025,"/Date(1704353339000)/",22300,700,24360000,546639000000,-250,true,-1.11
"GEX",143025,"/Date(1704353339000)/",22300,5900,24359300,546624000000,-250,true,-1.11
"GEX",143025,"/Date(1704353339000)/",22300,2000,24353400,546492000000,-250,true,-1.11
"GEX",143025,"/Date(1704353339000)/",22300,2100,24351400,546447000000,-250,true,-1.11
"GEX",143025,"/Date(1704353338000)/",22300,100,24349300,546401000000,-250,true,-1.11
"GEX",143025,"/Date(1704353338000)/",22300,8800,24349200,546398000000,-250,true,-1.11
"GEX",143025,"/Date(1704353338000)/",22300,300,24340400,546202000000,-250,true,-1.11
"GEX",143025,"/Date(1704353338000)/",22300,200,24340100,546196000000,-250,true,-1.11
"GEX",143025,"/Date(1704353338000)/",22300,4000,24339900,546191000000,-250,true,-1.11
"GEX",143025,"/Date(1704353338000)/",22300,300,24335900,546102000000,-250,true,-1.11
"GEX",143025,"/Date(1704353338000)/",22300,400,24335600,546095000000,-250,true,-1.11
"GEX",143025,"/Date(1704353338000)/",22300,100,24335200,546086000000,-250,true,-1.11
"GEX",143025,"/Date(1704353338000)/",22300,200,24335100,546084000000,-250,true,-1.11
"GEX",143025,"/Date(1704353338000)/",22300,500,24334900,546080000000,-250,true,-1.11
"GEX",143025,"/Date(1704353338000)/",22300,500,24334400,546068000000,-250,true,-1.11
"GEX",143025,"/Date(1704353338000)/",22300,1000,24333900,546057000000,-250,true,-1.11
"GEX",143025,"/Date(1704353338000)/",22300,500,24332900,546035000000,-250,true,-1.11
"GEX",143025,"/Date(1704353338000)/",22300,300,24332400,546024000000,-250,true,-1.11
"GEX",143025,"/Date(1704353338000)/",22300,500,24332100,546017000000,-250,true,-1.11
"GEX",143025,"/Date(1704353338000)/",22300,100,24331600,546006000000,-250,true,-1.11
"GEX",143025,"/Date(1704353338000)/",22300,100,24331500,546004000000,-250,true,-1.11
"GEX",143025,"/Date(1704353338000)/",22300,1000,24331400,546001000000,-250,true,-1.11
"GEX",143025,"/Date(1704353338000)/",22300,200,24330400,545979000000,-250,true,-1.11
"GEX",143025,"/Date(1704353338000)/",22300,300,24330200,545975000000,-250,true,-1.11
"GEX",143025,"/Date(1704353338000)/",22300,200,24329900,545968000000,-250,true,-1.11
"GEX",143025,"/Date(1704353338000)/",22300,5000,24329700,545964000000,-250,true,-1.11
"GEX",143025,"/Date(1704353338000)/",22300,300,24324700,545852000000,-250,true,-1.11
"GEX",143025,"/Date(1704353338000)/",22300,1300,24324400,545845000000,-250,true,-1.11
"GEX",143025,"/Date(1704353338000)/",22300,2900,24323100,545816000000,-250,true,-1.11
"GEX",143025,"/Date(1704353338000)/",22300,2100,24320200,545752000000,-250,true,-1.11
"GEX",143025,"/Date(1704353338000)/",22300,300,24318100,545705000000,-250,true,-1.11
"GEX",143025,"/Date(1704353338000)/",22300,100,24317800,545698000000,-250,true,-1.11
"GEX",143025,"/Date(1704353338000)/",22300,100,24317700,545696000000,-250,true,-1.11
"GEX",143025,"/Date(1704353338000)/",22300,1000,24317600,545694000000,-250,true,-1.11
"GEX",143025,"/Date(1704353338000)/",22300,700,24316600,545671000000,-250,true,-1.11
"GEX",143025,"/Date(1704353338000)/",22300,1000,24315900,545656000000,-250,true,-1.11
"GEX",143025,"/Date(1704353338000)/",22300,1000,24314900,545634000000,-250,true,-1.11
"GEX",143025,"/Date(1704353338000)/",22300,100,24313900,545611000000,-250,true,-1.11
"GEX",143025,"/Date(1704353338000)/",22300,6000,24313800,545609000000,-250,true,-1.11
"GEX",143025,"/Date(1704353338000)/",22300,200,24307800,545475000000,-250,true,-1.11
"GEX",143025,"/Date(1704353338000)/",22300,200,24307600,545471000000,-250,true,-1.11
"GEX",143025,"/Date(1704353338000)/",22300,1000,24307400,545466000000,-250,true,-1.11
"GEX",143025,"/Date(1704353338000)/",22300,100,24306400,545444000000,-250,true,-1.11
"GEX",143025,"/Date(1704353338000)/",22300,500,24306300,545442000000,-250,true,-1.11
"GEX",143025,"/Date(1704353338000)/",22300,200,24305800,545431000000,-250,true,-1.11
"GEX",143025,"/Date(1704353338000)/",22300,1600,24305600,545426000000,-250,true,-1.11
"GEX",143025,"/Date(1704353338000)/",22300,100,24304000,545390000000,-250,true,-1.11
"GEX",143025,"/Date(1704353338000)/",22300,200,24303900,545388000000,-250,true,-1.11
"GEX",143025,"/Date(1704353338000)/",22300,1000,24303700,545384000000,-250,true,-1.11
"GEX",143025,"/Date(1704353338000)/",22300,5000,24302700,545361000000,-250,true,-1.11
"GEX",143025,"/Date(1704353338000)/",22300,500,24297700,545250000000,-250,true,-1.11
"GEX",143025,"/Date(1704353338000)/",22300,100,24297200,545239000000,-250,true,-1.11
"GEX",143025,"/Date(1704353338000)/",22300,100,24297100,545237000000,-250,true,-1.11
"GEX",143025,"/Date(1704353338000)/",22300,1000,24297000,545234000000,-250,true,-1.11
"GEX",143025,"/Date(1704353338000)/",22300,100,24296000,545212000000,-250,true,-1.11
"GEX",143025,"/Date(1704353338000)/",22300,3000,24295900,545210000000,-250,true,-1.11
"GEX",143025,"/Date(1704353338000)/",22300,100,24292900,545143000000,-250,true,-1.11
"GEX",143025,"/Date(1704353338000)/",22300,800,24292800,545141000000,-250,true,-1.11
"GEX",143025,"/Date(1704353338000)/",22300,1000,24292000,545123000000,-250,true,-1.11
"GEX",143025,"/Date(1704353338000)/",22300,700,24291000,545101000000,-250,true,-1.11
"GEX",143025,"/Date(1704353338000)/",22300,1000,24290300,545085000000,-250,true,-1.11
"GEX",143025,"/Date(1704353338000)/",22300,100,24289300,545063000000,-250,true,-1.11
"GEX",143025,"/Date(1704353338000)/",22300,100,24289200,545060000000,-250,true,-1.11
"GEX",143025,"/Date(1704353338000)/",22300,200,24289100,545058000000,-250,true,-1.11
"GEX",143025,"/Date(1704353338000)/",22300,500,24288900,545054000000,-250,true,-1.11
"GEX",143025,"/Date(1704353338000)/",22300,2000,24288400,545043000000,-250,true,-1.11
"GEX",143025,"/Date(1704353338000)/",22300,2200,24286400,544998000000,-250,true,-1.11
"GEX",143025,"/Date(1704353338000)/",22300,500,24284200,544949000000,-250,true,-1.11
"GEX",143025,"/Date(1704353338000)/",22300,3000,24283700,544938000000,-250,true,-1.11
"GEX",143025,"/Date(1704353338000)/",22300,1000,24280700,544871000000,-250,true,-1.11
"GEX",143025,"/Date(1704353338000)/",22300,2000,24279700,544849000000,-250,true,-1.11
"GEX",143025,"/Date(1704353338000)/",22300,500,24277700,544804000000,-250,true,-1.11
"GEX",143025,"/Date(1704353338000)/",22300,500,24277200,544793000000,-250,true,-1.11
"GEX",143025,"/Date(1704353338000)/",22300,400,24276700,544782000000,-250,true,-1.11
"GEX",143025,"/Date(1704353338000)/",22300,300,24276300,544773000000,-250,true,-1.11
"GEX",143025,"/Date(1704353338000)/",22300,3000,24276000,544766000000,-250,true,-1.11
"GEX",143025,"/Date(1704353338000)/",22300,400,24273000,544699000000,-250,true,-1.11
"GEX",143025,"/Date(1704353338000)/",22300,500,24272600,544690000000,-250,true,-1.11
"GEX",143025,"/Date(1704353338000)/",22300,500,24272100,544679000000,-250,true,-1.11
"GEX",143025,"/Date(1704353338000)/",22300,100,24271600,544668000000,-250,true,-1.11
"GEX",143025,"/Date(1704353338000)/",22300,500,24271500,544666000000,-250,true,-1.11
"GEX",143025,"/Date(1704353338000)/",22300,800,24271000,544655000000,-250,true,-1.11
"GEX",143025,"/Date(1704353338000)/",22300,1100,24270200,544637000000,-250,true,-1.11
"GEX",143025,"/Date(1704353338000)/",22300,500,24269100,544612000000,-250,true,-1.11
"GEX",143025,"/Date(1704353337000)/",22300,8000,24268600,544601000000,-250,true,-1.11
"GEX",143021,"/Date(1704353337000)/",22300,10000,24260600,544423000000,-250,true,-1.11
"GEX",143021,"/Date(1704353337000)/",22300,2000,24250600,544200000000,-250,true,-1.11
"GEX",143021,"/Date(1704353337000)/",22300,1000,24248600,544155000000,-250,true,-1.11
"GEX",143021,"/Date(1704353337000)/",22300,5000,24247600,544133000000,-250,true,-1.11
"GEX",143021,"/Date(1704353337000)/",22300,4600,24242600,544021000000,-250,true,-1.11
"GEX",143021,"/Date(1704353337000)/",22300,300,24238000,543919000000,-250,true,-1.11
"GEX",143021,"/Date(1704353337000)/",22300,500,24237700,543912000000,-250,true,-1.11
"GEX",143021,"/Date(1704353337000)/",22300,400,24237200,543901000000,-250,true,-1.11
"GEX",143021,"/Date(1704353337000)/",22300,100,24236800,543892000000,-250,true,-1.11
"GEX",143021,"/Date(1704353337000)/",22300,300,24236700,543890000000,-250,true,-1.11
"GEX",143021,"/Date(1704353337000)/",22300,300,24236400,543883000000,-250,true,-1.11
"GEX",143021,"/Date(1704353337000)/",22300,2000,24236100,543876000000,-250,true,-1.11
"GEX",143021,"/Date(1704353337000)/",22300,300,24234100,543832000000,-250,true,-1.11
"GEX",143021,"/Date(1704353337000)/",22300,500,24233800,543825000000,-250,true,-1.11
"GEX",143021,"/Date(1704353337000)/",22300,200,24233300,543814000000,-250,true,-1.11
"GEX",143021,"/Date(1704353337000)/",22300,300,24233100,543809000000,-250,true,-1.11
"GEX",143021,"/Date(1704353337000)/",22300,100,24232800,543803000000,-250,true,-1.11
"GEX",143021,"/Date(1704353336000)/",22300,1000,24232700,543800000000,-250,true,-1.11
"GEX",143021,"/Date(1704353336000)/",22300,200,24231700,543778000000,-250,true,-1.11
"GEX",143021,"/Date(1704353336000)/",22300,1000,24231500,543774000000,-250,true,-1.11
"GEX",143021,"/Date(1704353336000)/",22300,1000,24230500,543751000000,-250,true,-1.11
"GEX",143021,"/Date(1704353336000)/",22300,2000,24229500,543729000000,-250,true,-1.11
"GEX",143021,"/Date(1704353336000)/",22300,1900,24227500,543685000000,-250,true,-1.11
"GEX",143021,"/Date(1704353336000)/",22300,1000,24225600,543642000000,-250,true,-1.11
"GEX",143021,"/Date(1704353336000)/",22300,200,24224600,543620000000,-250,true,-1.11
"GEX",143021,"/Date(1704353336000)/",22300,100,24224400,543615000000,-250,true,-1.11
"GEX",143021,"/Date(1704353336000)/",22300,100,24224300,543613000000,-250,true,-1.11
"GEX",143021,"/Date(1704353336000)/",22300,1600,24224200,543611000000,-250,true,-1.11
"GEX",143021,"/Date(1704353336000)/",22300,500,24222600,543575000000,-250,true,-1.11
"GEX",143021,"/Date(1704353336000)/",22300,900,24222100,543564000000,-250,true,-1.11
"GEX",143021,"/Date(1704353336000)/",22300,1000,24221200,543544000000,-250,true,-1.11
"GEX",143021,"/Date(1704353336000)/",22300,100,24220200,543522000000,-250,true,-1.11
"GEX",143021,"/Date(1704353336000)/",22300,200,24220100,543520000000,-250,true,-1.11
"GEX",143021,"/Date(1704353336000)/",22300,1000,24219900,543515000000,-250,true,-1.11
"GEX",143021,"/Date(1704353336000)/",22300,1000,24218900,543493000000,-250,true,-1.11
"GEX",143021,"/Date(1704353336000)/",22300,1000,24217900,543470000000,-250,true,-1.11
"GEX",143021,"/Date(1704353336000)/",22300,1000,24216900,543448000000,-250,true,-1.11
"GEX",143021,"/Date(1704353336000)/",22300,100,24215900,543426000000,-250,true,-1.11
"GEX",143021,"/Date(1704353336000)/",22300,500,24215800,543424000000,-250,true,-1.11
"GEX",143021,"/Date(1704353336000)/",22300,100,24215300,543412000000,-250,true,-1.11
"GEX",143021,"/Date(1704353336000)/",22300,1000,24215200,543410000000,-250,true,-1.11
"GEX",143021,"/Date(1704353336000)/",22300,300,24214200,543388000000,-250,true,-1.11
"GEX",143021,"/Date(1704353336000)/",22300,1000,24213900,543381000000,-250,true,-1.11
"GEX",143021,"/Date(1704353336000)/",22300,800,24212900,543359000000,-250,true,-1.11
"GEX",143021,"/Date(1704353336000)/",22300,200,24212100,543341000000,-250,true,-1.11
"GEX",143021,"/Date(1704353336000)/",22300,2000,24211900,543337000000,-250,true,-1.11
"GEX",143021,"/Date(1704353336000)/",22300,800,24209900,543292000000,-250,true,-1.11
"GEX",143021,"/Date(1704353336000)/",22300,1200,24209100,543274000000,-250,true,-1.11
"GEX",143021,"/Date(1704353336000)/",22300,2000,24207900,543247000000,-250,true,-1.11
"GEX",143021,"/Date(1704353336000)/",22300,200,24205900,543203000000,-250,true,-1.11
"GEX",143021,"/Date(1704353336000)/",22300,100,24205700,543198000000,-250,true,-1.11
"GEX",143021,"/Date(1704353336000)/",22300,1500,24205600,543196000000,-250,true,-1.11
"GEX",143021,"/Date(1704353336000)/",22300,400,24204100,543163000000,-250,true,-1.11
"GEX",143021,"/Date(1704353336000)/",22300,1200,24203700,543154000000,-250,true,-1.11
"GEX",143021,"/Date(1704353336000)/",22300,100,24202500,543127000000,-250,true,-1.11
"GEX",143021,"/Date(1704353336000)/",22300,700,24202400,543125000000,-250,true,-1.11
"GEX",143021,"/Date(1704353335000)/",22300,300,24201700,543109000000,-250,true,-1.11
"GEX",143021,"/Date(1704353335000)/",22300,100,24201400,543102000000,-250,true,-1.11
"GEX",143021,"/Date(1704353335000)/",22300,100,24201300,543100000000,-250,true,-1.11
"GEX",143021,"/Date(1704353335000)/",22300,200,24201200,543098000000,-250,true,-1.11
"GEX",143021,"/Date(1704353335000)/",22300,1000,24201000,543094000000,-250,true,-1.11
"GEX",143021,"/Date(1704353335000)/",22300,1300,24200000,543071000000,-250,true,-1.11
"GEX",143021,"/Date(1704353335000)/",22300,700,24198700,543042000000,-250,true,-1.11
"GEX",143021,"/Date(1704353335000)/",22300,400,24198000,543027000000,-250,true,-1.11
"GEX",143021,"/Date(1704353334000)/",22300,600,24197600,543018000000,-250,true,-1.11
"GEX",143021,"/Date(1704353334000)/",22300,1000,24197000,543004000000,-250,true,-1.11
"GEX",143021,"/Date(1704353334000)/",22300,1000,24196000,542982000000,-250,true,-1.11
"GEX",143021,"/Date(1704353334000)/",22300,1000,24195000,542960000000,-250,true,-1.11
"GEX",143021,"/Date(1704353334000)/",22300,300,24194000,542937000000,-250,true,-1.11
"GEX",143021,"/Date(1704353334000)/",22300,100,24193700,542931000000,-250,true,-1.11
"GEX",143021,"/Date(1704353334000)/",22300,1000,24193600,542929000000,-250,true,-1.11
"GEX",143021,"/Date(1704353334000)/",22300,600,24192600,542906000000,-250,true,-1.11
"GEX",143021,"/Date(1704353334000)/",22300,100,24192000,542893000000,-250,true,-1.11
"GEX",143021,"/Date(1704353334000)/",22300,4300,24191900,542891000000,-250,true,-1.11
"GEX",143021,"/Date(1704353334000)/",22300,100,24187600,542795000000,-250,true,-1.11
"GEX",143018,"/Date(1704353334000)/",22300,4700,24187500,542793000000,-250,true,-1.11
"GEX",143018,"/Date(1704353333000)/",22300,900,24182800,542688000000,-250,true,-1.11
"GEX",143018,"/Date(1704353333000)/",22300,3000,24181900,542668000000,-250,true,-1.11
"GEX",143018,"/Date(1704353333000)/",22300,1100,24178900,542601000000,-250,true,-1.11
"GEX",143018,"/Date(1704353333000)/",22300,2500,24177800,542576000000,-250,true,-1.11
"GEX",143018,"/Date(1704353333000)/",22300,2300,24175300,542520000000,-250,true,-1.11
"GEX",143018,"/Date(1704353333000)/",22300,200,24173000,542469000000,-250,true,-1.11
"GEX",143018,"/Date(1704353333000)/",22300,5000,24172800,542465000000,-250,true,-1.11
"GEX",143018,"/Date(1704353333000)/",22300,500,24167800,542353000000,-250,true,-1.11
"GEX",143018,"/Date(1704353333000)/",22300,400,24167300,542342000000,-250,true,-1.11
"GEX",143018,"/Date(1704353333000)/",22300,200,24166900,542333000000,-250,true,-1.11
"GEX",143018,"/Date(1704353333000)/",22300,100,24166700,542329000000,-250,true,-1.11
"GEX",143018,"/Date(1704353333000)/",22300,100,24166600,542326000000,-250,true,-1.11
"GEX",143018,"/Date(1704353333000)/",22300,1000,24166500,542324000000,-250,true,-1.11
"GEX",143018,"/Date(1704353333000)/",22300,500,24165500,542302000000,-250,true,-1.11
"GEX",143018,"/Date(1704353333000)/",22300,500,24165000,542291000000,-250,true,-1.11
"GEX",143018,"/Date(1704353333000)/",22300,500,24164500,542280000000,-250,true,-1.11
"GEX",143018,"/Date(1704353333000)/",22300,16200,24164000,542268000000,-250,true,-1.11
"GEX",143018,"/Date(1704353333000)/",22300,9800,24147800,541907000000,-250,true,-1.11
"GEX",143018,"/Date(1704353333000)/",22300,1000,24138000,541689000000,-250,true,-1.11
"GEX",143018,"/Date(1704353332000)/",22300,51300,24137000,541666000000,-250,true,-1.11
"GEX",143018,"/Date(1704353332000)/",22300,1500,24085700,540522000000,-250,true,-1.11
"GEX",143018,"/Date(1704353331000)/",22300,1000,24084200,540489000000,-250,true,-1.11
"GEX",143018,"/Date(1704353331000)/",22300,19200,24083200,540467000000,-250,true,-1.11
"GEX",143018,"/Date(1704353331000)/",22300,1000,24064000,540038000000,-250,true,-1.11
"GEX",143018,"/Date(1704353331000)/",22300,100,24063000,540016000000,-250,true,-1.11
"GEX",143018,"/Date(1704353331000)/",22300,1800,24062900,540014000000,-250,true,-1.11
"GEX",143018,"/Date(1704353331000)/",22300,100,24061100,539974000000,-250,true,-1.11
"GEX",143018,"/Date(1704353331000)/",22300,2000,24061000,539972000000,-250,true,-1.11
"GEX",143018,"/Date(1704353331000)/",22300,800,24059000,539927000000,-250,true,-1.11
"GEX",143015,"/Date(1704353331000)/",22300,200,24058200,539909000000,-250,true,-1.11
"GEX",143015,"/Date(1704353331000)/",22300,1000,24058000,539905000000,-250,true,-1.11
"GEX",143015,"/Date(1704353331000)/",22300,100,24057000,539882000000,-250,true,-1.11
"GEX",143015,"/Date(1704353331000)/",22300,100,24056900,539880000000,-250,true,-1.11
"GEX",143015,"/Date(1704353331000)/",22300,600,24056800,539878000000,-250,true,-1.11
"GEX",143015,"/Date(1704353329000)/",22300,400,24056200,539865000000,-250,true,-1.11
"GEX",143015,"/Date(1704353329000)/",22300,200,24055800,539856000000,-250,true,-1.11
"GEX",143015,"/Date(1704353329000)/",22300,100,24055600,539851000000,-250,true,-1.11
"GEX",143015,"/Date(1704353329000)/",22300,100,24055500,539849000000,-250,true,-1.11
"GEX",143015,"/Date(1704353329000)/",22300,200,24055400,539847000000,-250,true,-1.11
"GEX",143015,"/Date(1704353329000)/",22300,1800,24055200,539842000000,-250,true,-1.11
"GEX",143015,"/Date(1704353329000)/",22300,1000,24053400,539802000000,-250,true,-1.11
"GEX",143015,"/Date(1704353329000)/",22300,500,24052400,539780000000,-250,true,-1.11
"GEX",143015,"/Date(1704353329000)/",22300,1000,24051900,539769000000,-250,true,-1.11
"GEX",143015,"/Date(1704353329000)/",22300,1700,24050900,539746000000,-250,true,-1.11
"GEX",143015,"/Date(1704353329000)/",22300,1000,24049200,539708000000,-250,true,-1.11
"GEX",143015,"/Date(1704353329000)/",22300,1000,24048200,539686000000,-250,true,-1.11
"GEX",143015,"/Date(1704353329000)/",22300,200,24047200,539664000000,-250,true,-1.11
"GEX",143015,"/Date(1704353329000)/",22300,1000,24047000,539659000000,-250,true,-1.11
"GEX",143015,"/Date(1704353329000)/",22300,100,24046000,539637000000,-250,true,-1.11
"GEX",143015,"/Date(1704353329000)/",22300,1000,24045900,539635000000,-250,true,-1.11
"GEX",143015,"/Date(1704353329000)/",22300,500,24044900,539613000000,-250,true,-1.11
"GEX",143015,"/Date(1704353329000)/",22300,1000,24044400,539601000000,-250,true,-1.11
"GEX",143015,"/Date(1704353329000)/",22300,1000,24043400,539579000000,-250,true,-1.11
"GEX",143015,"/Date(1704353329000)/",22300,1000,24042400,539557000000,-250,true,-1.11
"GEX",143015,"/Date(1704353329000)/",22300,100,24041400,539534000000,-250,true,-1.11
"GEX",143015,"/Date(1704353329000)/",22300,200,24041300,539532000000,-250,true,-1.11
"GEX",143015,"/Date(1704353329000)/",22300,1000,24041100,539528000000,-250,true,-1.11
"GEX",143015,"/Date(1704353329000)/",22300,84900,24040100,539506000000,-250,true,-1.11
"GEX",143015,"/Date(1704353329000)/",22300,500,23955200,537612000000,-250,true,-1.11
"GEX",143015,"/Date(1704353329000)/",22300,1900,23954700,537601000000,-250,true,-1.11
"GEX",143015,"/Date(1704353328000)/",22300,38700,23952800,537559000000,-250,true,-1.11
"GEX",143015,"/Date(1704353328000)/",22300,100,23914100,536696000000,-250,true,-1.11
"GEX",143015,"/Date(1704353328000)/",22300,100,23914000,536693000000,-250,true,-1.11
"GEX",143015,"/Date(1704353328000)/",22300,600,23913900,536691000000,-250,true,-1.11
"GEX",143015,"/Date(1704353328000)/",22300,100,23913300,536678000000,-250,true,-1.11
"GEX",143015,"/Date(1704353328000)/",22300,100,23913200,536676000000,-250,true,-1.11
"GEX",143015,"/Date(1704353328000)/",22300,200,23913100,536673000000,-250,true,-1.11
"GEX",143015,"/Date(1704353328000)/",22300,500,23912900,536669000000,-250,true,-1.11
"GEX",143015,"/Date(1704353328000)/",22300,500,23912400,536658000000,-250,true,-1.11
"GEX",143015,"/Date(1704353328000)/",22300,300,23911900,536647000000,-250,true,-1.11
"GEX",143015,"/Date(1704353328000)/",22300,500,23911600,536640000000,-250,true,-1.11
"GEX",143015,"/Date(1704353328000)/",22300,2000,23911100,536629000000,-250,true,-1.11
"GEX",143015,"/Date(1704353328000)/",22300,500,23909100,536584000000,-250,true,-1.11
"GEX",143015,"/Date(1704353328000)/",22300,1000,23908600,536573000000,-250,true,-1.11
"GEX",143015,"/Date(1704353328000)/",22300,1000,23907600,536551000000,-250,true,-1.11
"GEX",143015,"/Date(1704353328000)/",22300,1000,23906600,536528000000,-250,true,-1.11
"GEX",143015,"/Date(1704353328000)/",22300,900,23905600,536506000000,-250,true,-1.11
"GEX",143015,"/Date(1704353328000)/",22300,200,23904700,536486000000,-250,true,-1.11
"GEX",143015,"/Date(1704353328000)/",22300,200,23904500,536482000000,-250,true,-1.11
"GEX",143015,"/Date(1704353328000)/",22300,500,23904300,536477000000,-250,true,-1.11
"GEX",143015,"/Date(1704353328000)/",22300,100,23903800,536466000000,-250,true,-1.11
"GEX",143015,"/Date(1704353328000)/",22300,900,23903700,536464000000,-250,true,-1.11
"GEX",143015,"/Date(1704353328000)/",22300,100,23902800,536444000000,-250,true,-1.11
"GEX",143015,"/Date(1704353328000)/",22300,100,23902700,536441000000,-250,true,-1.11
"GEX",143015,"/Date(1704353328000)/",22300,100,23902600,536439000000,-250,true,-1.11
"GEX",143015,"/Date(1704353328000)/",22300,300,23902500,536437000000,-250,true,-1.11
"GEX",143015,"/Date(1704353328000)/",22300,100,23902200,536430000000,-250,true,-1.11
"GEX",143015,"/Date(1704353328000)/",22300,600,23902100,536428000000,-250,true,-1.11
"GEX",143015,"/Date(1704353328000)/",22350,200,23901500,536415000000,-200,false,-0.89
"GEX",143015,"/Date(1704353328000)/",22300,100,23901300,536410000000,-250,true,-1.11
"GEX",143015,"/Date(1704353328000)/",22300,600,23901200,536408000000,-250,true,-1.11
"GEX",143015,"/Date(1704353328000)/",22300,100,23900600,536395000000,-250,true,-1.11
"GEX",143015,"/Date(1704353328000)/",22300,200,23900500,536392000000,-250,true,-1.11
"GEX",143015,"/Date(1704353328000)/",22300,1800,23900300,536388000000,-250,true,-1.11
"GEX",143015,"/Date(1704353328000)/",22300,500,23898500,536348000000,-250,true,-1.11
"GEX",143015,"/Date(1704353328000)/",22300,600,23898000,536337000000,-250,true,-1.11
"GEX",143015,"/Date(1704353328000)/",22300,2000,23897400,536323000000,-250,true,-1.11
"GEX",143015,"/Date(1704353328000)/",22300,100,23895400,536279000000,-250,true,-1.11
"GEX",143015,"/Date(1704353328000)/",22300,300,23895300,536276000000,-250,true,-1.11
"GEX",143015,"/Date(1704353328000)/",22300,200,23895000,536270000000,-250,true,-1.11
"GEX",143015,"/Date(1704353328000)/",22300,100,23894800,536265000000,-250,true,-1.11
"GEX",143015,"/Date(1704353328000)/",22300,5000,23894700,536263000000,-250,true,-1.11
"GEX",143015,"/Date(1704353328000)/",22300,1000,23889700,536152000000,-250,true,-1.11
"GEX",143015,"/Date(1704353328000)/",22300,500,23888700,536129000000,-250,true,-1.11
"GEX",143015,"/Date(1704353328000)/",22300,100,23888200,536118000000,-250,true,-1.11
"GEX",143015,"/Date(1704353328000)/",22300,3800,23888100,536116000000,-250,true,-1.11
"GEX",143015,"/Date(1704353327000)/",22300,4600,23884300,536031000000,-250,true,-1.11
"GEX",143015,"/Date(1704353326000)/",22300,3000,23879700,535929000000,-250,true,-1.11
"GEX",143015,"/Date(1704353326000)/",22300,1900,23876700,535862000000,-250,true,-1.11
"GEX",143012,"/Date(1704353326000)/",22300,5000,23874800,535819000000,-250,true,-1.11
"GEX",143012,"/Date(1704353324000)/",22300,2600,23869800,535708000000,-250,true,-1.11
"GEX",143012,"/Date(1704353324000)/",22300,200,23867200,535650000000,-250,true,-1.11
"GEX",143012,"/Date(1704353324000)/",22300,1000,23867000,535645000000,-250,true,-1.11
"GEX",143012,"/Date(1704353324000)/",22300,800,23866000,535623000000,-250,true,-1.11
"GEX",143012,"/Date(1704353324000)/",22300,100,23865200,535605000000,-250,true,-1.11
"GEX",143012,"/Date(1704353324000)/",22300,100,23865100,535603000000,-250,true,-1.11
"GEX",143012,"/Date(1704353324000)/",22300,200,23865000,535601000000,-250,true,-1.11
"GEX",143012,"/Date(1704353324000)/",22300,2000,23864800,535596000000,-250,true,-1.11
"GEX",143012,"/Date(1704353324000)/",22300,3000,23862800,535552000000,-250,true,-1.11
"GEX",143012,"/Date(1704353324000)/",22300,100,23859800,535485000000,-250,true,-1.11
"GEX",143012,"/Date(1704353324000)/",22300,300,23859700,535483000000,-250,true,-1.11
"GEX",143012,"/Date(1704353324000)/",22300,500,23859400,535476000000,-250,true,-1.11
"GEX",143012,"/Date(1704353324000)/",22300,1000,23858900,535465000000,-250,true,-1.11
"GEX",143012,"/Date(1704353324000)/",22300,2000,23857900,535442000000,-250,true,-1.11
"GEX",143012,"/Date(1704353324000)/",22300,200,23855900,535398000000,-250,true,-1.11
"GEX",143012,"/Date(1704353324000)/",22300,200,23855700,535393000000,-250,true,-1.11
"GEX",143012,"/Date(1704353324000)/",22300,1400,23855500,535389000000,-250,true,-1.11
"GEX",143012,"/Date(1704353324000)/",22300,10000,23854100,535358000000,-250,true,-1.11
"GEX",143012,"/Date(1704353324000)/",22300,500,23844100,535135000000,-250,true,-1.11
"GEX",143012,"/Date(1704353324000)/",22300,200,23843600,535124000000,-250,true,-1.11
"GEX",143012,"/Date(1704353324000)/",22300,100,23843400,535119000000,-250,true,-1.11
"GEX",143012,"/Date(1704353324000)/",22300,500,23843300,535117000000,-250,true,-1.11
"GEX",143012,"/Date(1704353324000)/",22300,200,23842800,535106000000,-250,true,-1.11
"GEX",143012,"/Date(1704353324000)/",22300,1000,23842600,535101000000,-250,true,-1.11
"GEX",143012,"/Date(1704353324000)/",22300,1000,23841600,535079000000,-250,true,-1.11
"GEX",143012,"/Date(1704353324000)/",22300,300,23840600,535057000000,-250,true,-1.11
"GEX",143012,"/Date(1704353324000)/",22300,200,23840300,535050000000,-250,true,-1.11
"GEX",143012,"/Date(1704353324000)/",22300,10000,23840100,535045000000,-250,true,-1.11
"GEX",143012,"/Date(1704353324000)/",22300,300,23830100,534822000000,-250,true,-1.11
"GEX",143012,"/Date(1704353324000)/",22300,1000,23829800,534816000000,-250,true,-1.11
"GEX",143012,"/Date(1704353323000)/",22300,700,23828800,534794000000,-250,true,-1.11
"GEX",143012,"/Date(1704353323000)/",22300,500,23828100,534778000000,-250,true,-1.11
"GEX",143012,"/Date(1704353323000)/",22300,2000,23827600,534767000000,-250,true,-1.11
"GEX",143012,"/Date(1704353323000)/",22300,100,23825600,534722000000,-250,true,-1.11
"GEX",143012,"/Date(1704353323000)/",22300,100,23825500,534720000000,-250,true,-1.11
"GEX",143012,"/Date(1704353323000)/",22300,1000,23825400,534718000000,-250,true,-1.11
"GEX",143012,"/Date(1704353323000)/",22300,500,23824400,534695000000,-250,true,-1.11
"GEX",143012,"/Date(1704353323000)/",22300,900,23823900,534684000000,-250,true,-1.11
"GEX",143012,"/Date(1704353323000)/",22300,900,23823000,534664000000,-250,true,-1.11
"GEX",143012,"/Date(1704353323000)/",22300,2000,23822100,534644000000,-250,true,-1.11
"GEX",143012,"/Date(1704353322000)/",22300,1000,23820100,534599000000,-250,true,-1.11
"GEX",143012,"/Date(1704353321000)/",22300,300,23819100,534577000000,-250,true,-1.11
"GEX",143012,"/Date(1704353321000)/",22300,800,23818800,534571000000,-250,true,-1.11
"GEX",143012,"/Date(1704353321000)/",22300,1000,23818000,534553000000,-250,true,-1.11
"GEX",143012,"/Date(1704353321000)/",22300,1000,23817000,534530000000,-250,true,-1.11
"GEX",143012,"/Date(1704353321000)/",22300,400,23816000,534508000000,-250,true,-1.11
"GEX",143012,"/Date(1704353321000)/",22300,200,23815600,534499000000,-250,true,-1.11
"GEX",143012,"/Date(1704353321000)/",22300,1600,23815400,534495000000,-250,true,-1.11
"GEX",143012,"/Date(1704353321000)/",22300,200,23813800,534459000000,-250,true,-1.11
"GEX",143012,"/Date(1704353321000)/",22300,800,23813600,534455000000,-250,true,-1.11
"GEX",143012,"/Date(1704353321000)/",22300,200,23812800,534437000000,-250,true,-1.11
"GEX",143012,"/Date(1704353321000)/",22300,200,23812600,534432000000,-250,true,-1.11
"GEX",143012,"/Date(1704353321000)/",22300,100,23812400,534428000000,-250,true,-1.11
"GEX",143012,"/Date(1704353321000)/",22300,1000,23812300,534426000000,-250,true,-1.11
"GEX",143012,"/Date(1704353321000)/",22300,500,23811300,534403000000,-250,true,-1.11
"GEX",143012,"/Date(1704353321000)/",22300,200,23810800,534392000000,-250,true,-1.11
"GEX",143012,"/Date(1704353321000)/",22300,100,23810600,534388000000,-250,true,-1.11
"GEX",143012,"/Date(1704353321000)/",22300,500,23810500,534385000000,-250,true,-1.11
"GEX",143012,"/Date(1704353321000)/",22300,4100,23810000,534374000000,-250,true,-1.11
"GEX",143012,"/Date(1704353320000)/",22300,1000,23805900,534283000000,-250,true,-1.11
"GEX",143005,"/Date(1704353318000)/",22350,100,23804900,534261000000,-200,false,-0.89
"GEX",143005,"/Date(1704353318000)/",22350,100,23804800,534258000000,-200,false,-0.89
"GEX",143002,"/Date(1704353317000)/",22350,2000,23804700,534256000000,-200,false,-0.89
"GEX",143002,"/Date(1704353317000)/",22300,16500,23802700,534211000000,-250,true,-1.11
"GEX",143002,"/Date(1704353317000)/",22300,500,23786200,533843000000,-250,true,-1.11
"GEX",143002,"/Date(1704353317000)/",22300,500,23785700,533832000000,-250,true,-1.11
"GEX",143002,"/Date(1704353317000)/",22300,5000,23785200,533821000000,-250,true,-1.11
"GEX",143002,"/Date(1704353317000)/",22300,300,23780200,533710000000,-250,true,-1.11
"GEX",143002,"/Date(1704353317000)/",22300,500,23779900,533703000000,-250,true,-1.11
"GEX",143002,"/Date(1704353317000)/",22300,200,23779400,533692000000,-250,true,-1.11
"GEX",143002,"/Date(1704353317000)/",22300,500,23779200,533687000000,-250,true,-1.11
"GEX",143002,"/Date(1704353317000)/",22300,200,23778700,533676000000,-250,true,-1.11
"GEX",143002,"/Date(1704353317000)/",22300,200,23778500,533672000000,-250,true,-1.11
"GEX",143002,"/Date(1704353317000)/",22300,300,23778300,533667000000,-250,true,-1.11
"GEX",143002,"/Date(1704353317000)/",22300,300,23778000,533661000000,-250,true,-1.11
"GEX",143002,"/Date(1704353317000)/",22300,1000,23777700,533654000000,-250,true,-1.11
"GEX",143002,"/Date(1704353317000)/",22300,300,23776700,533632000000,-250,true,-1.11
"GEX",143002,"/Date(1704353317000)/",22300,100,23776400,533625000000,-250,true,-1.11
"GEX",143002,"/Date(1704353317000)/",22300,2000,23776300,533623000000,-250,true,-1.11
"GEX",143002,"/Date(1704353317000)/",22300,1000,23774300,533578000000,-250,true,-1.11
"GEX",143002,"/Date(1704353317000)/",22300,5000,23773300,533556000000,-250,true,-1.11
"GEX",143002,"/Date(1704353317000)/",22300,300,23768300,533444000000,-250,true,-1.11
"GEX",143002,"/Date(1704353317000)/",22300,200,23768000,533438000000,-250,true,-1.11
"GEX",143002,"/Date(1704353317000)/",22300,400,23767800,533433000000,-250,true,-1.11
"GEX",143002,"/Date(1704353317000)/",22300,200,23767400,533424000000,-250,true,-1.11
"GEX",143002,"/Date(1704353317000)/",22300,1000,23767200,533420000000,-250,true,-1.11
"GEX",143002,"/Date(1704353317000)/",22300,100,23766200,533397000000,-250,true,-1.11
"GEX",143002,"/Date(1704353317000)/",22300,100,23766100,533395000000,-250,true,-1.11
"GEX",143002,"/Date(1704353317000)/",22300,1000,23766000,533393000000,-250,true,-1.11
"GEX",143002,"/Date(1704353317000)/",22300,100,23765000,533371000000,-250,true,-1.11
"GEX",143002,"/Date(1704353317000)/",22300,200,23764900,533368000000,-250,true,-1.11
"GEX",143002,"/Date(1704353317000)/",22300,100,23764700,533364000000,-250,true,-1.11
"GEX",143002,"/Date(1704353317000)/",22300,1000,23764600,533362000000,-250,true,-1.11
"GEX",143002,"/Date(1704353317000)/",22300,100,23763600,533339000000,-250,true,-1.11
"GEX",143002,"/Date(1704353317000)/",22300,600,23763500,533337000000,-250,true,-1.11
"GEX",143002,"/Date(1704353317000)/",22300,20000,23762900,533324000000,-250,true,-1.11
"GEX",143002,"/Date(1704353317000)/",22300,200,23742900,532878000000,-250,true,-1.11
"GEX",143002,"/Date(1704353317000)/",22300,5000,23742700,532873000000,-250,true,-1.11
"GEX",143002,"/Date(1704353317000)/",22300,100,23737700,532762000000,-250,true,-1.11
"GEX",143002,"/Date(1704353317000)/",22300,10000,23737600,532760000000,-250,true,-1.11
"GEX",143002,"/Date(1704353317000)/",22300,100,23727600,532537000000,-250,true,-1.11
"GEX",143002,"/Date(1704353317000)/",22300,2000,23727500,532534000000,-250,true,-1.11
"GEX",143002,"/Date(1704353317000)/",22300,200,23725500,532490000000,-250,true,-1.11
"GEX",143002,"/Date(1704353317000)/",22300,100,23725300,532485000000,-250,true,-1.11
"GEX",143002,"/Date(1704353317000)/",22300,300,23725200,532483000000,-250,true,-1.11
"GEX",143002,"/Date(1704353317000)/",22300,1000,23724900,532476000000,-250,true,-1.11
"GEX",143002,"/Date(1704353317000)/",22300,100,23723900,532454000000,-250,true,-1.11
"GEX",143002,"/Date(1704353317000)/",22300,1000,23723800,532452000000,-250,true,-1.11
"GEX",143002,"/Date(1704353317000)/",22300,200,23722800,532430000000,-250,true,-1.11
"GEX",143002,"/Date(1704353317000)/",22300,10000,23722600,532425000000,-250,true,-1.11
"GEX",143002,"/Date(1704353317000)/",22300,1700,23712600,532202000000,-250,true,-1.11
"GEX",143002,"/Date(1704353317000)/",22300,100,23710900,532164000000,-250,true,-1.11
"GEX",143002,"/Date(1704353317000)/",22300,1000,23710800,532162000000,-250,true,-1.11
"GEX",143002,"/Date(1704353317000)/",22300,1700,23709800,532140000000,-250,true,-1.11
"GEX",143002,"/Date(1704353317000)/",22300,1300,23708100,532102000000,-250,true,-1.11
"GEX",143002,"/Date(1704353317000)/",22300,100,23706800,532073000000,-250,true,-1.11
"GEX",143002,"/Date(1704353316000)/",22350,300,23706700,532071000000,-200,false,-0.89
"GEX",143002,"/Date(1704353316000)/",22300,900,23706400,532064000000,-250,true,-1.11
"GEX",143002,"/Date(1704353316000)/",22300,100,23705500,532044000000,-250,true,-1.11
"GEX",143002,"/Date(1704353316000)/",22300,100,23705400,532042000000,-250,true,-1.11
"GEX",143002,"/Date(1704353316000)/",22300,200,23705300,532039000000,-250,true,-1.11
"GEX",143002,"/Date(1704353316000)/",22300,1000,23705100,532035000000,-250,true,-1.11
"GEX",143002,"/Date(1704353315000)/",22350,700,23704100,532013000000,-200,false,-0.89
"GEX",143002,"/Date(1704353315000)/",22350,300,23703400,531997000000,-200,false,-0.89
"GEX",143002,"/Date(1704353315000)/",22300,400,23703100,531990000000,-250,true,-1.11
"GEX",142959,"/Date(1704353314000)/",22350,4900,23702700,531981000000,-200,false,-0.89
"GEX",142959,"/Date(1704353314000)/",22350,100,23697800,531872000000,-200,false,-0.89
"GEX",142959,"/Date(1704353313000)/",22300,1000,23697700,531870000000,-250,true,-1.11
"GEX",142959,"/Date(1704353313000)/",22300,200,23696700,531847000000,-250,true,-1.11
"GEX",142959,"/Date(1704353313000)/",22300,200,23696500,531843000000,-250,true,-1.11
"GEX",142959,"/Date(1704353313000)/",22300,1000,23696300,531838000000,-250,true,-1.11
"GEX",142959,"/Date(1704353313000)/",22300,200,23695300,531816000000,-250,true,-1.11
"GEX",142959,"/Date(1704353313000)/",22300,200,23695100,531812000000,-250,true,-1.11
"GEX",142959,"/Date(1704353313000)/",22300,1000,23694900,531807000000,-250,true,-1.11
"GEX",142959,"/Date(1704353313000)/",22300,500,23693900,531785000000,-250,true,-1.11
"GEX",142959,"/Date(1704353313000)/",22300,100,23693400,531774000000,-250,true,-1.11
"GEX",142959,"/Date(1704353313000)/",22300,100,23693300,531771000000,-250,true,-1.11
"GEX",142959,"/Date(1704353313000)/",22300,15500,23693200,531769000000,-250,true,-1.11
"GEX",142959,"/Date(1704353312000)/",22300,14500,23677700,531424000000,-250,true,-1.11
"GEX",142959,"/Date(1704353312000)/",22300,500,23663200,531100000000,-250,true,-1.11
"GEX",142959,"/Date(1704353312000)/",22300,1500,23662700,531089000000,-250,true,-1.11
"GEX",142959,"/Date(1704353312000)/",22300,2000,23661200,531056000000,-250,true,-1.11
"GEX",142959,"/Date(1704353312000)/",22300,10000,23659200,531011000000,-250,true,-1.11
"GEX",142959,"/Date(1704353312000)/",22300,200,23649200,530788000000,-250,true,-1.11
"GEX",142959,"/Date(1704353312000)/",22300,300,23649000,530784000000,-250,true,-1.11
"GEX",142959,"/Date(1704353312000)/",22300,200,23648700,530777000000,-250,true,-1.11
"GEX",142956,"/Date(1704353311000)/",22300,2000,23648500,530772000000,-250,true,-1.11
"GEX",142956,"/Date(1704353311000)/",22300,200,23646500,530728000000,-250,true,-1.11
"GEX",142956,"/Date(1704353311000)/",22300,100,23646300,530723000000,-250,true,-1.11
"GEX",142956,"/Date(1704353311000)/",22300,1000,23646200,530721000000,-250,true,-1.11
"GEX",142956,"/Date(1704353311000)/",22300,1000,23645200,530699000000,-250,true,-1.11
"GEX",142956,"/Date(1704353311000)/",22300,500,23644200,530676000000,-250,true,-1.11
"GEX",142956,"/Date(1704353311000)/",22300,200,23643700,530665000000,-250,true,-1.11
"GEX",142956,"/Date(1704353311000)/",22300,200,23643500,530661000000,-250,true,-1.11
"GEX",142956,"/Date(1704353311000)/",22300,100,23643300,530656000000,-250,true,-1.11
"GEX",142956,"/Date(1704353311000)/",22300,1200,23643200,530654000000,-250,true,-1.11
"GEX",142956,"/Date(1704353311000)/",22300,8100,23642000,530627000000,-250,true,-1.11
"GEX",142956,"/Date(1704353310000)/",22300,1000,23633900,530447000000,-250,true,-1.11
"GEX",142956,"/Date(1704353310000)/",22300,900,23632900,530425000000,-250,true,-1.11
"GEX",142956,"/Date(1704353310000)/",22300,100,23632000,530404000000,-250,true,-1.11
"GEX",142956,"/Date(1704353310000)/",22300,200,23631900,530402000000,-250,true,-1.11
"GEX",142956,"/Date(1704353309000)/",22350,400,23631700,530398000000,-200,false,-0.89
"GEX",142956,"/Date(1704353309000)/",22350,4000,23631300,530389000000,-200,false,-0.89
"GEX",142956,"/Date(1704353309000)/",22350,5000,23627300,530299000000,-200,false,-0.89
"GEX",142956,"/Date(1704353309000)/",22350,600,23622300,530188000000,-200,false,-0.89
"GEX",142953,"/Date(1704353306000)/",22300,100,23621700,530174000000,-250,true,-1.11
"GEX",142953,"/Date(1704353306000)/",22300,1900,23621600,530172000000,-250,true,-1.11
"GEX",142953,"/Date(1704353306000)/",22300,1100,23619700,530130000000,-250,true,-1.11
"GEX",142953,"/Date(1704353306000)/",22300,200,23618600,530105000000,-250,true,-1.11
"GEX",142953,"/Date(1704353306000)/",22300,500,23618400,530101000000,-250,true,-1.11
"GEX",142953,"/Date(1704353306000)/",22300,500,23617900,530090000000,-250,true,-1.11
"GEX",142953,"/Date(1704353306000)/",22300,1400,23617400,530078000000,-250,true,-1.11
"GEX",142953,"/Date(1704353306000)/",22300,200,23616000,530047000000,-250,true,-1.11
"GEX",142953,"/Date(1704353306000)/",22300,2000,23615800,530043000000,-250,true,-1.11
"GEX",142953,"/Date(1704353306000)/",22300,100,23613800,529998000000,-250,true,-1.11
"GEX",142953,"/Date(1704353306000)/",22300,500,23613700,529996000000,-250,true,-1.11
"GEX",142953,"/Date(1704353306000)/",22300,100,23613200,529985000000,-250,true,-1.11
"GEX",142953,"/Date(1704353306000)/",22300,400,23613100,529982000000,-250,true,-1.11
"GEX",142953,"/Date(1704353306000)/",22300,5000,23612700,529974000000,-250,true,-1.11
"GEX",142953,"/Date(1704353306000)/",22300,800,23607700,529862000000,-250,true,-1.11
"GEX",142953,"/Date(1704353306000)/",22300,1000,23606900,529844000000,-250,true,-1.11
"GEX",142953,"/Date(1704353306000)/",22300,400,23605900,529822000000,-250,true,-1.11
"GEX",142953,"/Date(1704353306000)/",22300,500,23605500,529813000000,-250,true,-1.11
"GEX",142953,"/Date(1704353306000)/",22300,500,23605000,529802000000,-250,true,-1.11
"GEX",142953,"/Date(1704353306000)/",22300,100,23604500,529791000000,-250,true,-1.11
"GEX",142953,"/Date(1704353306000)/",22300,200,23604400,529788000000,-250,true,-1.11
"GEX",142953,"/Date(1704353306000)/",22300,200,23604200,529784000000,-250,true,-1.11
"GEX",142953,"/Date(1704353306000)/",22300,100,23604000,529780000000,-250,true,-1.11
"GEX",142953,"/Date(1704353306000)/",22300,2000,23603900,529777000000,-250,true,-1.11
"GEX",142953,"/Date(1704353306000)/",22300,1500,23601900,529733000000,-250,true,-1.11
"GEX",142953,"/Date(1704353306000)/",22300,5000,23600400,529699000000,-250,true,-1.11
"GEX",142953,"/Date(1704353306000)/",22300,300,23595400,529588000000,-250,true,-1.11
"GEX",142953,"/Date(1704353306000)/",22300,100,23595100,529581000000,-250,true,-1.11
"GEX",142953,"/Date(1704353306000)/",22300,500,23595000,529579000000,-250,true,-1.11
"GEX",142953,"/Date(1704353306000)/",22300,300,23594500,529568000000,-250,true,-1.11
"GEX",142953,"/Date(1704353306000)/",22300,3000,23594200,529561000000,-250,true,-1.11
"GEX",142953,"/Date(1704353306000)/",22300,300,23591200,529494000000,-250,true,-1.11
"GEX",142953,"/Date(1704353306000)/",22300,200,23590900,529487000000,-250,true,-1.11
"GEX",142953,"/Date(1704353306000)/",22300,100,23590700,529483000000,-250,true,-1.11
"GEX",142953,"/Date(1704353306000)/",22300,1000,23590600,529481000000,-250,true,-1.11
"GEX",142953,"/Date(1704353306000)/",22300,200,23589600,529458000000,-250,true,-1.11
"GEX",142953,"/Date(1704353306000)/",22300,500,23589400,529454000000,-250,true,-1.11
"GEX",142953,"/Date(1704353306000)/",22300,200,23588900,529443000000,-250,true,-1.11
"GEX",142949,"/Date(1704353304000)/",22300,200,23588700,529438000000,-250,true,-1.11
"GEX",142949,"/Date(1704353303000)/",22350,1600,23588500,529434000000,-200,false,-0.89
"GEX",142946,"/Date(1704353301000)/",22350,600,23586900,529398000000,-200,false,-0.89
"GEX",142946,"/Date(1704353301000)/",22300,100,23586300,529385000000,-250,true,-1.11
"GEX",142946,"/Date(1704353300000)/",22300,1500,23586200,529382000000,-250,true,-1.11
"GEX",142946,"/Date(1704353300000)/",22300,300,23584700,529349000000,-250,true,-1.11
"GEX",142946,"/Date(1704353300000)/",22300,100,23584400,529342000000,-250,true,-1.11
"GEX",142946,"/Date(1704353300000)/",22300,2000,23584300,529340000000,-250,true,-1.11
"GEX",142946,"/Date(1704353300000)/",22300,500,23582300,529296000000,-250,true,-1.11
"GEX",142946,"/Date(1704353300000)/",22300,600,23581800,529284000000,-250,true,-1.11
"GEX",142946,"/Date(1704353299000)/",22350,200,23581200,529271000000,-200,false,-0.89
"GEX",142946,"/Date(1704353299000)/",22350,2100,23581000,529267000000,-200,false,-0.89
"GEX",142946,"/Date(1704353299000)/",22300,100,23578900,529220000000,-250,true,-1.11
"GEX",142943,"/Date(1704353298000)/",22300,100,23578800,529217000000,-250,true,-1.11
"GEX",142943,"/Date(1704353298000)/",22300,4200,23578700,529215000000,-250,true,-1.11
"GEX",142943,"/Date(1704353298000)/",22350,5000,23574500,529121000000,-200,false,-0.89
"GEX",142943,"/Date(1704353298000)/",22300,100,23569500,529010000000,-250,true,-1.11
"GEX",142943,"/Date(1704353298000)/",22300,1200,23569400,529007000000,-250,true,-1.11
"GEX",142943,"/Date(1704353298000)/",22300,3800,23568200,528981000000,-250,true,-1.11
"GEX",142943,"/Date(1704353298000)/",22300,100,23564400,528896000000,-250,true,-1.11
"GEX",142943,"/Date(1704353298000)/",22300,7000,23564300,528894000000,-250,true,-1.11
"GEX",142943,"/Date(1704353296000)/",22300,2000,23557300,528738000000,-250,true,-1.11
"GEX",142943,"/Date(1704353296000)/",22300,1000,23555300,528693000000,-250,true,-1.11
"GEX",142943,"/Date(1704353296000)/",22300,100,23554300,528671000000,-250,true,-1.11
"GEX",142943,"/Date(1704353296000)/",22300,200,23554200,528669000000,-250,true,-1.11
"GEX",142943,"/Date(1704353296000)/",22300,300,23554000,528664000000,-250,true,-1.11
"GEX",142943,"/Date(1704353296000)/",22300,100,23553700,528657000000,-250,true,-1.11
"GEX",142943,"/Date(1704353296000)/",22300,200,23553600,528655000000,-250,true,-1.11
"GEX",142943,"/Date(1704353296000)/",22300,2000,23553400,528651000000,-250,true,-1.11
"GEX",142943,"/Date(1704353296000)/",22300,3100,23551400,528606000000,-250,true,-1.11
"GEX",142943,"/Date(1704353296000)/",22300,100,23548300,528537000000,-250,true,-1.11
"GEX",142940,"/Date(1704353295000)/",22300,500,23548200,528535000000,-250,true,-1.11
"GEX",142940,"/Date(1704353294000)/",22300,1300,23547700,528524000000,-250,true,-1.11
"GEX",142940,"/Date(1704353294000)/",22300,100,23546400,528495000000,-250,true,-1.11
"GEX",142940,"/Date(1704353294000)/",22300,400,23546300,528492000000,-250,true,-1.11
"GEX",142940,"/Date(1704353294000)/",22300,1000,23545900,528483000000,-250,true,-1.11
"GEX",142940,"/Date(1704353294000)/",22300,200,23544900,528461000000,-250,true,-1.11
"GEX",142940,"/Date(1704353294000)/",22300,300,23544700,528457000000,-250,true,-1.11
"GEX",142940,"/Date(1704353294000)/",22300,500,23544400,528450000000,-250,true,-1.11
"GEX",142940,"/Date(1704353294000)/",22300,1000,23543900,528439000000,-250,true,-1.11
"GEX",142940,"/Date(1704353294000)/",22300,100,23542900,528417000000,-250,true,-1.11
"GEX",142940,"/Date(1704353294000)/",22300,100,23542800,528414000000,-250,true,-1.11
"GEX",142940,"/Date(1704353294000)/",22300,200,23542700,528412000000,-250,true,-1.11
"GEX",142940,"/Date(1704353294000)/",22300,1000,23542500,528408000000,-250,true,-1.11
"GEX",142940,"/Date(1704353294000)/",22300,100,23541500,528385000000,-250,true,-1.11
"GEX",142940,"/Date(1704353294000)/",22300,5000,23541400,528383000000,-250,true,-1.11
"GEX",142940,"/Date(1704353294000)/",22300,100,23536400,528272000000,-250,true,-1.11
"GEX",142940,"/Date(1704353294000)/",22300,3600,23536300,528269000000,-250,true,-1.11
"GEX",142940,"/Date(1704353294000)/",22300,5000,23532700,528189000000,-250,true,-1.11
"GEX",142940,"/Date(1704353294000)/",22300,3000,23527700,528078000000,-250,true,-1.11
"GEX",142940,"/Date(1704353294000)/",22300,400,23524700,528011000000,-250,true,-1.11
"GEX",142940,"/Date(1704353294000)/",22300,11600,23524300,528002000000,-250,true,-1.11
"GEX",142940,"/Date(1704353294000)/",22300,4000,23512700,527743000000,-250,true,-1.11
"GEX",142937,"/Date(1704353291000)/",22350,100,23508700,527654000000,-200,false,-0.89
"GEX",142937,"/Date(1704353291000)/",22300,4400,23508600,527652000000,-250,true,-1.11
"GEX",142937,"/Date(1704353291000)/",22300,300,23504200,527554000000,-250,true,-1.11
"GEX",142937,"/Date(1704353291000)/",22300,300,23503900,527547000000,-250,true,-1.11
"GEX",142937,"/Date(1704353291000)/",22300,1200,23503600,527540000000,-250,true,-1.11
"GEX",142937,"/Date(1704353291000)/",22300,500,23502400,527513000000,-250,true,-1.11
"GEX",142937,"/Date(1704353291000)/",22300,500,23501900,527502000000,-250,true,-1.11
"GEX",142937,"/Date(1704353291000)/",22300,100,23501400,527491000000,-250,true,-1.11
"GEX",142937,"/Date(1704353291000)/",22300,200,23501300,527489000000,-250,true,-1.11
"GEX",142937,"/Date(1704353291000)/",22300,100,23501100,527484000000,-250,true,-1.11
"GEX",142937,"/Date(1704353291000)/",22300,300,23501000,527482000000,-250,true,-1.11
"GEX",142937,"/Date(1704353291000)/",22300,500,23500700,527475000000,-250,true,-1.11
"GEX",142937,"/Date(1704353291000)/",22300,100,23500200,527464000000,-250,true,-1.11
"GEX",142937,"/Date(1704353291000)/",22300,500,23500100,527462000000,-250,true,-1.11
"GEX",142937,"/Date(1704353291000)/",22300,500,23499600,527451000000,-250,true,-1.11
"GEX",142937,"/Date(1704353291000)/",22300,100,23499100,527440000000,-250,true,-1.11
"GEX",142937,"/Date(1704353291000)/",22300,100,23499000,527438000000,-250,true,-1.11
"GEX",142937,"/Date(1704353291000)/",22300,300,23498900,527435000000,-250,true,-1.11
"GEX",142937,"/Date(1704353290000)/",22350,100,23498600,527429000000,-200,false,-0.89
"GEX",142933,"/Date(1704353289000)/",22350,100,23498500,527426000000,-200,false,-0.89
"GEX",142933,"/Date(1704353287000)/",22300,200,23498400,527424000000,-250,true,-1.11
"GEX",142933,"/Date(1704353287000)/",22300,100,23498200,527420000000,-250,true,-1.11
"GEX",142933,"/Date(1704353287000)/",22300,700,23498100,527417000000,-250,true,-1.11
"GEX",142933,"/Date(1704353286000)/",22350,400,23497400,527402000000,-200,false,-0.89
"GEX",142930,"/Date(1704353284000)/",22300,300,23497000,527393000000,-250,true,-1.11
"GEX",142930,"/Date(1704353284000)/",22350,600,23496700,527386000000,-200,false,-0.89
"GEX",142927,"/Date(1704353282000)/",22300,1000,23496100,527373000000,-250,true,-1.11
"GEX",142927,"/Date(1704353282000)/",22300,500,23495100,527351000000,-250,true,-1.11
"GEX",142927,"/Date(1704353282000)/",22300,100,23494600,527339000000,-250,true,-1.11
"GEX",142927,"/Date(1704353282000)/",22300,100,23494500,527337000000,-250,true,-1.11
"GEX",142927,"/Date(1704353282000)/",22300,3300,23494400,527335000000,-250,true,-1.11
"GEX",142927,"/Date(1704353282000)/",22300,100,23491100,527261000000,-250,true,-1.11
"GEX",142927,"/Date(1704353281000)/",22300,1600,23491000,527259000000,-250,true,-1.11
"GEX",142927,"/Date(1704353281000)/",22300,1000,23489400,527223000000,-250,true,-1.11
"GEX",142927,"/Date(1704353281000)/",22300,100,23488400,527201000000,-250,true,-1.11
"GEX",142927,"/Date(1704353281000)/",22300,200,23488300,527199000000,-250,true,-1.11
"GEX",142927,"/Date(1704353281000)/",22300,500,23488100,527194000000,-250,true,-1.11
"GEX",142927,"/Date(1704353281000)/",22300,200,23487600,527183000000,-250,true,-1.11
"GEX",142927,"/Date(1704353281000)/",22300,300,23487400,527179000000,-250,true,-1.11
"GEX",142927,"/Date(1704353281000)/",22300,500,23487100,527172000000,-250,true,-1.11
"GEX",142927,"/Date(1704353281000)/",22300,1000,23486600,527161000000,-250,true,-1.11
"GEX",142927,"/Date(1704353281000)/",22300,2000,23485600,527139000000,-250,true,-1.11
"GEX",142927,"/Date(1704353281000)/",22300,500,23483600,527094000000,-250,true,-1.11
"GEX",142927,"/Date(1704353281000)/",22300,100,23483100,527083000000,-250,true,-1.11
"GEX",142927,"/Date(1704353281000)/",22300,500,23483000,527081000000,-250,true,-1.11
"GEX",142927,"/Date(1704353281000)/",22300,100,23482500,527070000000,-250,true,-1.11
"GEX",142927,"/Date(1704353281000)/",22300,500,23482400,527067000000,-250,true,-1.11
"GEX",142927,"/Date(1704353281000)/",22300,2000,23481900,527056000000,-250,true,-1.11
"GEX",142927,"/Date(1704353281000)/",22300,100,23479900,527012000000,-250,true,-1.11
"GEX",142927,"/Date(1704353281000)/",22300,500,23479800,527009000000,-250,true,-1.11
"GEX",142927,"/Date(1704353281000)/",22300,100,23479300,526998000000,-250,true,-1.11
"GEX",142927,"/Date(1704353281000)/",22300,1000,23479200,526996000000,-250,true,-1.11
"GEX",142927,"/Date(1704353281000)/",22300,3000,23478200,526974000000,-250,true,-1.11
"GEX",142927,"/Date(1704353281000)/",22300,200,23475200,526907000000,-250,true,-1.11
"GEX",142927,"/Date(1704353281000)/",22350,6300,23475000,526902000000,-200,false,-0.89
"GEX",142927,"/Date(1704353281000)/",22350,1000,23468700,526761000000,-200,false,-0.89
"GEX",142927,"/Date(1704353281000)/",22350,6700,23467700,526739000000,-200,false,-0.89
"GEX",142927,"/Date(1704353281000)/",22350,500,23461000,526589000000,-200,false,-0.89
"GEX",142927,"/Date(1704353281000)/",22350,35500,23460500,526578000000,-200,false,-0.89
"GEX",142927,"/Date(1704353281000)/",22350,1000,23425000,525785000000,-200,false,-0.89
"GEX",142927,"/Date(1704353280000)/",22350,300,23424000,525762000000,-200,false,-0.89
"GEX",142927,"/Date(1704353280000)/",22350,300,23423700,525756000000,-200,false,-0.89
"GEX",142927,"/Date(1704353280000)/",22300,200,23423400,525749000000,-250,true,-1.11
"GEX",142924,"/Date(1704353279000)/",22300,600,23423200,525745000000,-250,true,-1.11
"GEX",142924,"/Date(1704353279000)/",22300,500,23422600,525731000000,-250,true,-1.11
"GEX",142924,"/Date(1704353279000)/",22300,200,23422100,525720000000,-250,true,-1.11
"GEX",142924,"/Date(1704353279000)/",22300,200,23421900,525716000000,-250,true,-1.11
"GEX",142924,"/Date(1704353279000)/",22300,300,23421700,525711000000,-250,true,-1.11
"GEX",142924,"/Date(1704353279000)/",22300,1000,23421400,525704000000,-250,true,-1.11
"GEX",142924,"/Date(1704353279000)/",22300,200,23420400,525682000000,-250,true,-1.11
"GEX",142924,"/Date(1704353279000)/",22350,1000,23420200,525678000000,-200,false,-0.89
"GEX",142924,"/Date(1704353279000)/",22350,1100,23419200,525655000000,-200,false,-0.89
"GEX",142924,"/Date(1704353278000)/",22300,300,23418100,525631000000,-250,true,-1.11
"GEX",142924,"/Date(1704353278000)/",22300,100,23417800,525624000000,-250,true,-1.11
"GEX",142924,"/Date(1704353278000)/",22300,200,23417700,525622000000,-250,true,-1.11
"GEX",142924,"/Date(1704353278000)/",22300,100,23417500,525617000000,-250,true,-1.11
"GEX",142924,"/Date(1704353278000)/",22300,300,23417400,525615000000,-250,true,-1.11
"GEX",142924,"/Date(1704353278000)/",22300,700,23417100,525608000000,-250,true,-1.11
"GEX",142924,"/Date(1704353278000)/",22300,200,23416400,525593000000,-250,true,-1.11
"GEX",142924,"/Date(1704353278000)/",22300,800,23416200,525588000000,-250,true,-1.11
"GEX",142924,"/Date(1704353277000)/",22300,200,23415400,525571000000,-250,true,-1.11
"GEX",142924,"/Date(1704353277000)/",22300,100,23415200,525566000000,-250,true,-1.11
"GEX",142924,"/Date(1704353277000)/",22300,500,23415100,525564000000,-250,true,-1.11
"GEX",142924,"/Date(1704353277000)/",22300,400,23414600,525553000000,-250,true,-1.11
"GEX",142924,"/Date(1704353277000)/",22300,500,23414200,525544000000,-250,true,-1.11
"GEX",142924,"/Date(1704353277000)/",22300,4000,23413700,525533000000,-250,true,-1.11
"GEX",142924,"/Date(1704353277000)/",22300,300,23409700,525443000000,-250,true,-1.11
"GEX",142924,"/Date(1704353276000)/",22300,1000,23409400,525437000000,-250,true,-1.11
"GEX",142921,"/Date(1704353276000)/",22300,700,23408400,525414000000,-250,true,-1.11
"GEX",142921,"/Date(1704353276000)/",22300,100,23407700,525399000000,-250,true,-1.11
"GEX",142921,"/Date(1704353276000)/",22300,100,23407600,525397000000,-250,true,-1.11
"GEX",142921,"/Date(1704353276000)/",22300,100,23407500,525394000000,-250,true,-1.11
"GEX",142921,"/Date(1704353275000)/",22350,5000,23407400,525392000000,-200,false,-0.89
"GEX",142921,"/Date(1704353275000)/",22300,1000,23402400,525280000000,-250,true,-1.11
"GEX",142921,"/Date(1704353274000)/",22300,900,23401400,525258000000,-250,true,-1.11
"GEX",142921,"/Date(1704353274000)/",22300,100,23400500,525238000000,-250,true,-1.11
"GEX",142917,"/Date(1704353272000)/",22300,100,23400400,525236000000,-250,true,-1.11
"GEX",142917,"/Date(1704353272000)/",22300,100,23400300,525234000000,-250,true,-1.11
"GEX",142917,"/Date(1704353272000)/",22300,300,23400200,525231000000,-250,true,-1.11
"GEX",142917,"/Date(1704353270000)/",22350,1000,23399900,525225000000,-200,false,-0.89
"GEX",142914,"/Date(1704353269000)/",22300,300,23398900,525202000000,-250,true,-1.11
"GEX",142914,"/Date(1704353269000)/",22300,1000,23398600,525196000000,-250,true,-1.11
"GEX",142914,"/Date(1704353269000)/",22300,300,23397600,525173000000,-250,true,-1.11
"GEX",142914,"/Date(1704353269000)/",22300,100,23397300,525167000000,-250,true,-1.11
"GEX",142914,"/Date(1704353269000)/",22300,500,23397200,525164000000,-250,true,-1.11
"GEX",142914,"/Date(1704353269000)/",22300,200,23396700,525153000000,-250,true,-1.11
"GEX",142914,"/Date(1704353269000)/",22300,1000,23396500,525149000000,-250,true,-1.11
"GEX",142914,"/Date(1704353269000)/",22300,1600,23395500,525126000000,-250,true,-1.11
"GEX",142914,"/Date(1704353269000)/",22300,5600,23393900,525091000000,-250,true,-1.11
"GEX",142914,"/Date(1704353267000)/",22300,1000,23388300,524966000000,-250,true,-1.11
"GEX",142914,"/Date(1704353267000)/",22300,500,23387300,524944000000,-250,true,-1.11
"GEX",142908,"/Date(1704353262000)/",22350,100,23386800,524932000000,-200,false,-0.89
"GEX",142908,"/Date(1704353261000)/",22300,1300,23386700,524930000000,-250,true,-1.11
"GEX",142908,"/Date(1704353261000)/",22300,700,23385400,524901000000,-250,true,-1.11
"GEX",142904,"/Date(1704353258000)/",22300,100,23384700,524886000000,-250,true,-1.11
"GEX",142901,"/Date(1704353256000)/",22350,300,23384600,524883000000,-200,false,-0.89
"GEX",142901,"/Date(1704353254000)/",22350,900,23384300,524877000000,-200,false,-0.89
"GEX",142858,"/Date(1704353252000)/",22300,500,23383400,524857000000,-250,true,-1.11
"GEX",142858,"/Date(1704353251000)/",22300,500,23382900,524845000000,-250,true,-1.11
"GEX",142858,"/Date(1704353251000)/",22300,200,23382400,524834000000,-250,true,-1.11
"GEX",142858,"/Date(1704353251000)/",22300,1000,23382200,524830000000,-250,true,-1.11
"GEX",142858,"/Date(1704353251000)/",22300,100,23381200,524808000000,-250,true,-1.11
"GEX",142858,"/Date(1704353251000)/",22300,500,23381100,524805000000,-250,true,-1.11
"GEX",142858,"/Date(1704353251000)/",22300,300,23380600,524794000000,-250,true,-1.11
"GEX",142858,"/Date(1704353251000)/",22300,5000,23380300,524787000000,-250,true,-1.11
"GEX",142858,"/Date(1704353251000)/",22300,12400,23375300,524676000000,-250,true,-1.11
"GEX",142858,"/Date(1704353251000)/",22300,200,23362900,524399000000,-250,true,-1.11
"GEX",142855,"/Date(1704353250000)/",22300,1500,23362700,524395000000,-250,true,-1.11
"GEX",142852,"/Date(1704353246000)/",22300,200,23361200,524362000000,-250,true,-1.11
"GEX",142848,"/Date(1704353243000)/",22350,100,23361000,524357000000,-200,false,-0.89
"GEX",142845,"/Date(1704353238000)/",22300,4700,23360900,524355000000,-250,true,-1.11
"GEX",142842,"/Date(1704353236000)/",22350,100,23356200,524250000000,-200,false,-0.89
"GEX",142839,"/Date(1704353234000)/",22350,500,23356100,524248000000,-200,false,-0.89
"GEX",142839,"/Date(1704353233000)/",22350,2300,23355600,524237000000,-200,false,-0.89
"GEX",142839,"/Date(1704353232000)/",22350,200,23353300,524185000000,-200,false,-0.89
"GEX",142836,"/Date(1704353229000)/",22350,1000,23353100,524181000000,-200,false,-0.89
"GEX",142836,"/Date(1704353228000)/",22300,200,23352100,524158000000,-250,true,-1.11
"GEX",142832,"/Date(1704353228000)/",22350,5000,23351900,524154000000,-200,false,-0.89
"GEX",142832,"/Date(1704353225000)/",22350,200,23346900,524042000000,-200,false,-0.89
"GEX",142832,"/Date(1704353225000)/",22350,500,23346700,524038000000,-200,false,-0.89
"GEX",142829,"/Date(1704353223000)/",22350,2500,23346200,524027000000,-200,false,-0.89
"GEX",142829,"/Date(1704353223000)/",22350,900,23343700,523971000000,-200,false,-0.89
"GEX",142826,"/Date(1704353220000)/",22350,1000,23342800,523951000000,-200,false,-0.89
"GEX",142826,"/Date(1704353220000)/",22300,10800,23341800,523928000000,-250,true,-1.11
"GEX",142826,"/Date(1704353220000)/",22300,200,23331000,523687000000,-250,true,-1.11
"GEX",142826,"/Date(1704353220000)/",22300,5000,23330800,523683000000,-250,true,-1.11
"GEX",142826,"/Date(1704353220000)/",22300,1000,23325800,523571000000,-250,true,-1.11
"GEX",142826,"/Date(1704353220000)/",22300,400,23324800,523549000000,-250,true,-1.11
"GEX",142826,"/Date(1704353220000)/",22300,1000,23324400,523540000000,-250,true,-1.11
"GEX",142826,"/Date(1704353219000)/",22300,100,23323400,523518000000,-250,true,-1.11
"GEX",142826,"/Date(1704353219000)/",22300,1500,23323300,523516000000,-250,true,-1.11
"GEX",142823,"/Date(1704353216000)/",22350,100,23321800,523482000000,-200,false,-0.89
"GEX",142820,"/Date(1704353215000)/",22350,100,23321700,523480000000,-200,false,-0.89
"GEX",142820,"/Date(1704353215000)/",22350,500,23321600,523478000000,-200,false,-0.89
"GEX",142820,"/Date(1704353214000)/",22350,300,23321100,523467000000,-200,false,-0.89
"GEX",142820,"/Date(1704353213000)/",22350,900,23320800,523460000000,-200,false,-0.89
"GEX",142816,"/Date(1704353211000)/",22350,2000,23319900,523440000000,-200,false,-0.89
"GEX",142816,"/Date(1704353210000)/",22350,1000,23317900,523395000000,-200,false,-0.89
"GEX",142813,"/Date(1704353207000)/",22300,500,23316900,523373000000,-250,true,-1.11
"GEX",142813,"/Date(1704353207000)/",22300,400,23316400,523362000000,-250,true,-1.11
"GEX",142813,"/Date(1704353207000)/",22300,200,23316000,523353000000,-250,true,-1.11
"GEX",142813,"/Date(1704353207000)/",22300,500,23315800,523348000000,-250,true,-1.11
"GEX",142813,"/Date(1704353207000)/",22300,100,23315300,523337000000,-250,true,-1.11
"GEX",142813,"/Date(1704353207000)/",22300,1500,23315200,523335000000,-250,true,-1.11
"GEX",142813,"/Date(1704353207000)/",22300,600,23313700,523301000000,-250,true,-1.11
"GEX",142813,"/Date(1704353207000)/",22300,200,23313100,523288000000,-250,true,-1.11
"GEX",142813,"/Date(1704353207000)/",22300,100,23312900,523283000000,-250,true,-1.11
"GEX",142813,"/Date(1704353207000)/",22300,1000,23312800,523281000000,-250,true,-1.11
"GEX",142813,"/Date(1704353207000)/",22300,400,23311800,523259000000,-250,true,-1.11
"GEX",142810,"/Date(1704353205000)/",22350,1200,23311400,523250000000,-200,false,-0.89
"GEX",142810,"/Date(1704353203000)/",22350,500,23310200,523223000000,-200,false,-0.89
"GEX",142807,"/Date(1704353201000)/",22350,2000,23309700,523212000000,-200,false,-0.89
"GEX",142807,"/Date(1704353201000)/",22350,1000,23307700,523167000000,-200,false,-0.89
"GEX",142751,"/Date(1704353185000)/",22350,3300,23306700,523145000000,-200,false,-0.89
"GEX",142751,"/Date(1704353184000)/",22350,100,23303400,523071000000,-200,false,-0.89
"GEX",142748,"/Date(1704353180000)/",22350,300,23303300,523069000000,-200,false,-0.89
"GEX",142744,"/Date(1704353180000)/",22350,200,23303000,523062000000,-200,false,-0.89
"GEX",142744,"/Date(1704353179000)/",22350,600,23302800,523058000000,-200,false,-0.89
"GEX",142744,"/Date(1704353179000)/",22350,2000,23302200,523044000000,-200,false,-0.89
"GEX",142741,"/Date(1704353174000)/",22350,1000,23300200,523000000000,-200,false,-0.89
"GEX",142738,"/Date(1704353173000)/",22350,3000,23299200,522977000000,-200,false,-0.89
"GEX",142738,"/Date(1704353172000)/",22350,5000,23296200,522910000000,-200,false,-0.89
"GEX",142738,"/Date(1704353172000)/",22300,1600,23291200,522799000000,-250,true,-1.11
"GEX",142738,"/Date(1704353172000)/",22300,500,23289600,522763000000,-250,true,-1.11
"GEX",142738,"/Date(1704353172000)/",22300,1000,23289100,522752000000,-250,true,-1.11
"GEX",142738,"/Date(1704353172000)/",22350,1000,23288100,522729000000,-200,false,-0.89
"GEX",142738,"/Date(1704353172000)/",22350,200,23287100,522707000000,-200,false,-0.89
"GEX",142738,"/Date(1704353172000)/",22350,500,23286900,522703000000,-200,false,-0.89
"GEX",142738,"/Date(1704353171000)/",22350,1000,23286400,522691000000,-200,false,-0.89
"GEX",142738,"/Date(1704353171000)/",22350,8500,23285400,522669000000,-200,false,-0.89
"GEX",142738,"/Date(1704353171000)/",22350,300,23276900,522479000000,-200,false,-0.89
"GEX",142738,"/Date(1704353171000)/",22350,100,23276600,522472000000,-200,false,-0.89
"GEX",142738,"/Date(1704353171000)/",22350,100,23276500,522470000000,-200,false,-0.89
"GEX",142738,"/Date(1704353171000)/",22350,200,23276400,522468000000,-200,false,-0.89
"GEX",142738,"/Date(1704353171000)/",22350,5000,23276200,522463000000,-200,false,-0.89
"GEX",142738,"/Date(1704353171000)/",22350,500,23271200,522352000000,-200,false,-0.89
"GEX",142738,"/Date(1704353171000)/",22350,1000,23270700,522341000000,-200,false,-0.89
"GEX",142738,"/Date(1704353171000)/",22350,100,23269700,522318000000,-200,false,-0.89
"GEX",142738,"/Date(1704353171000)/",22350,1000,23269600,522316000000,-200,false,-0.89
"GEX",142738,"/Date(1704353171000)/",22350,500,23268600,522294000000,-200,false,-0.89
"GEX",142738,"/Date(1704353171000)/",22350,500,23268100,522282000000,-200,false,-0.89
"GEX",142738,"/Date(1704353171000)/",22350,2200,23267600,522271000000,-200,false,-0.89
"GEX",142735,"/Date(1704353169000)/",22350,1100,23265400,522222000000,-200,true,-0.89
"GEX",142735,"/Date(1704353169000)/",22350,8500,23264300,522197000000,-200,true,-0.89
"GEX",142735,"/Date(1704353169000)/",22350,1500,23255800,522008000000,-200,true,-0.89
"GEX",142735,"/Date(1704353168000)/",22350,1000,23254300,521974000000,-200,true,-0.89
"GEX",142735,"/Date(1704353168000)/",22350,200,23253300,521952000000,-200,true,-0.89
"GEX",142735,"/Date(1704353168000)/",22350,1000,23253100,521947000000,-200,true,-0.89
"GEX",142735,"/Date(1704353168000)/",22350,500,23252100,521925000000,-200,true,-0.89
"GEX",142735,"/Date(1704353168000)/",22350,100,23251600,521914000000,-200,true,-0.89
"GEX",142735,"/Date(1704353168000)/",22350,3000,23251500,521911000000,-200,true,-0.89
"GEX",142735,"/Date(1704353168000)/",22350,14700,23248500,521844000000,-200,true,-0.89
"GEX",142735,"/Date(1704353168000)/",22350,1000,23233800,521516000000,-200,true,-0.89
"GEX",142732,"/Date(1704353167000)/",22350,200,23232800,521493000000,-200,true,-0.89
"GEX",142732,"/Date(1704353166000)/",22350,4100,23232600,521489000000,-200,true,-0.89
"GEX",142732,"/Date(1704353166000)/",22350,900,23228500,521397000000,-200,true,-0.89
"GEX",142732,"/Date(1704353166000)/",22350,1000,23227600,521377000000,-200,true,-0.89
"GEX",142732,"/Date(1704353165000)/",22350,3100,23226600,521355000000,-200,true,-0.89
"GEX",142732,"/Date(1704353165000)/",22350,500,23223500,521286000000,-200,true,-0.89
"GEX",142732,"/Date(1704353165000)/",22350,200,23223000,521274000000,-200,true,-0.89
"GEX",142732,"/Date(1704353165000)/",22350,1500,23222800,521270000000,-200,true,-0.89
"GEX",142732,"/Date(1704353165000)/",22350,500,23221300,521236000000,-200,true,-0.89
"GEX",142732,"/Date(1704353165000)/",22350,100,23220800,521225000000,-200,true,-0.89
"GEX",142732,"/Date(1704353165000)/",22350,200,23220700,521223000000,-200,true,-0.89
"GEX",142732,"/Date(1704353165000)/",22350,2000,23220500,521219000000,-200,true,-0.89
"GEX",142732,"/Date(1704353165000)/",22350,11900,23218500,521174000000,-200,true,-0.89
"GEX",142728,"/Date(1704353164000)/",22350,200,23206600,520908000000,-200,true,-0.89
"GEX",142728,"/Date(1704353163000)/",22350,20000,23206400,520903000000,-200,true,-0.89
"GEX",142725,"/Date(1704353161000)/",22350,3000,23186400,520456000000,-200,true,-0.89
"GEX",142722,"/Date(1704353156000)/",22350,2000,23183400,520389000000,-200,true,-0.89
"GEX",142722,"/Date(1704353156000)/",22350,300,23181400,520345000000,-200,true,-0.89
"GEX",142722,"/Date(1704353156000)/",22350,600,23181100,520338000000,-200,true,-0.89
"GEX",142722,"/Date(1704353156000)/",22400,1000,23180500,520325000000,-150,false,-0.67
"GEX",142719,"/Date(1704353154000)/",22350,500,23179500,520302000000,-200,true,-0.89
"GEX",142719,"/Date(1704353154000)/",22350,4000,23179000,520291000000,-200,true,-0.89
"GEX",142716,"/Date(1704353150000)/",22350,100,23175000,520202000000,-200,true,-0.89
"GEX",142716,"/Date(1704353150000)/",22350,5000,23174900,520199000000,-200,true,-0.89
"GEX",142716,"/Date(1704353149000)/",22350,2400,23169900,520088000000,-200,true,-0.89
"GEX",142716,"/Date(1704353149000)/",22350,200,23167500,520034000000,-200,true,-0.89
"GEX",142716,"/Date(1704353149000)/",22350,300,23167300,520029000000,-200,true,-0.89
"GEX",142716,"/Date(1704353149000)/",22350,100,23167000,520023000000,-200,true,-0.89
"GEX",142716,"/Date(1704353149000)/",22350,1000,23166900,520021000000,-200,true,-0.89
"GEX",142716,"/Date(1704353149000)/",22350,1000,23165900,519998000000,-200,true,-0.89
"GEX",142716,"/Date(1704353148000)/",22350,400,23164900,519976000000,-200,true,-0.89
"GEX",142716,"/Date(1704353148000)/",22350,500,23164500,519967000000,-200,true,-0.89
"GEX",142716,"/Date(1704353148000)/",22350,50000,23164000,519956000000,-200,true,-0.89
"GEX",142716,"/Date(1704353148000)/",22350,100,23114000,518838000000,-200,true,-0.89
"GEX",142716,"/Date(1704353148000)/",22350,500,23113900,518836000000,-200,true,-0.89
"GEX",142716,"/Date(1704353148000)/",22350,1100,23113400,518825000000,-200,true,-0.89
"GEX",142716,"/Date(1704353148000)/",22350,1000,23112300,518800000000,-200,true,-0.89
"GEX",142716,"/Date(1704353148000)/",22350,50000,23111300,518778000000,-200,true,-0.89
"GEX",142716,"/Date(1704353148000)/",22350,50000,23061300,517660000000,-200,true,-0.89
"GEX",142716,"/Date(1704353148000)/",22350,900,23011300,516543000000,-200,true,-0.89
"GEX",142716,"/Date(1704353148000)/",22350,1000,23010400,516523000000,-200,true,-0.89
"GEX",142716,"/Date(1704353148000)/",22350,200,23009400,516500000000,-200,true,-0.89
"GEX",142716,"/Date(1704353148000)/",22350,200,23009200,516496000000,-200,true,-0.89
"GEX",142716,"/Date(1704353148000)/",22350,300,23009000,516491000000,-200,true,-0.89
"GEX",142716,"/Date(1704353148000)/",22350,1900,23008700,516485000000,-200,true,-0.89
"GEX",142716,"/Date(1704353148000)/",22350,700,23006800,516442000000,-200,true,-0.89
"GEX",142716,"/Date(1704353148000)/",22350,500,23006100,516427000000,-200,true,-0.89
"GEX",142716,"/Date(1704353148000)/",22350,1000,23005600,516415000000,-200,true,-0.89
"GEX",142716,"/Date(1704353148000)/",22350,500,23004600,516393000000,-200,true,-0.89
"GEX",142716,"/Date(1704353148000)/",22350,500,23004100,516382000000,-200,true,-0.89
"GEX",142716,"/Date(1704353148000)/",22350,100,23003600,516371000000,-200,true,-0.89
"GEX",142716,"/Date(1704353148000)/",22350,200,23003500,516369000000,-200,true,-0.89
"GEX",142716,"/Date(1704353148000)/",22350,5000,23003300,516364000000,-200,true,-0.89
"GEX",142716,"/Date(1704353148000)/",22350,1000,22998300,516252000000,-200,true,-0.89
"GEX",142716,"/Date(1704353148000)/",22350,500,22997300,516230000000,-200,true,-0.89
"GEX",142716,"/Date(1704353148000)/",22350,1000,22996800,516219000000,-200,true,-0.89
"GEX",142716,"/Date(1704353148000)/",22350,300,22995800,516196000000,-200,true,-0.89
"GEX",142716,"/Date(1704353148000)/",22350,500,22995500,516190000000,-200,true,-0.89
"GEX",142716,"/Date(1704353148000)/",22350,400,22995000,516179000000,-200,true,-0.89
"GEX",142716,"/Date(1704353148000)/",22350,200,22994600,516170000000,-200,true,-0.89
"GEX",142716,"/Date(1704353148000)/",22350,100,22994400,516165000000,-200,true,-0.89
"GEX",142716,"/Date(1704353148000)/",22350,200,22994300,516163000000,-200,true,-0.89
"GEX",142716,"/Date(1704353148000)/",22350,1000,22994100,516158000000,-200,true,-0.89
"GEX",142716,"/Date(1704353148000)/",22350,100,22993100,516136000000,-200,true,-0.89
"GEX",142716,"/Date(1704353148000)/",22350,100,22993000,516134000000,-200,true,-0.89
"GEX",142716,"/Date(1704353148000)/",22350,100,22992900,516132000000,-200,true,-0.89
"GEX",142716,"/Date(1704353148000)/",22350,1000,22992800,516129000000,-200,true,-0.89
"GEX",142716,"/Date(1704353148000)/",22350,200,22991800,516107000000,-200,true,-0.89
"GEX",142716,"/Date(1704353148000)/",22350,1000,22991600,516103000000,-200,true,-0.89
"GEX",142716,"/Date(1704353148000)/",22350,500,22990600,516080000000,-200,true,-0.89
"GEX",142716,"/Date(1704353148000)/",22350,500,22990100,516069000000,-200,true,-0.89
"GEX",142716,"/Date(1704353148000)/",22350,100,22989600,516058000000,-200,true,-0.89
"GEX",142716,"/Date(1704353148000)/",22350,1200,22989500,516056000000,-200,true,-0.89
"GEX",142716,"/Date(1704353148000)/",22350,100,22988300,516029000000,-200,true,-0.89
"GEX",142716,"/Date(1704353148000)/",22350,600,22988200,516027000000,-200,true,-0.89
"GEX",142716,"/Date(1704353148000)/",22350,800,22987600,516013000000,-200,true,-0.89
"GEX",142716,"/Date(1704353148000)/",22350,1000,22986800,515995000000,-200,true,-0.89
"GEX",142716,"/Date(1704353148000)/",22350,2000,22985800,515973000000,-200,true,-0.89
"GEX",142716,"/Date(1704353148000)/",22350,3000,22983800,515928000000,-200,true,-0.89
"GEX",142716,"/Date(1704353148000)/",22350,1000,22980800,515861000000,-200,true,-0.89
"GEX",142716,"/Date(1704353148000)/",22350,500,22979800,515839000000,-200,true,-0.89
"GEX",142716,"/Date(1704353148000)/",22350,5000,22979300,515828000000,-200,true,-0.89
"GEX",142716,"/Date(1704353148000)/",22350,300,22974300,515716000000,-200,true,-0.89
"GEX",142716,"/Date(1704353148000)/",22350,100,22974000,515709000000,-200,true,-0.89
"GEX",142716,"/Date(1704353148000)/",22350,1000,22973900,515707000000,-200,true,-0.89
"GEX",142716,"/Date(1704353148000)/",22350,100,22972900,515685000000,-200,true,-0.89
"GEX",142716,"/Date(1704353148000)/",22350,400,22972800,515682000000,-200,true,-0.89
"GEX",142716,"/Date(1704353148000)/",22350,2000,22972400,515673000000,-200,true,-0.89
"GEX",142716,"/Date(1704353148000)/",22350,500,22970400,515629000000,-200,true,-0.89
"GEX",142716,"/Date(1704353148000)/",22350,1000,22969900,515618000000,-200,true,-0.89
"GEX",142716,"/Date(1704353148000)/",22350,1000,22968900,515595000000,-200,true,-0.89
"GEX",142716,"/Date(1704353148000)/",22350,3000,22967900,515573000000,-200,true,-0.89
"GEX",142709,"/Date(1704353145000)/",22350,200,22964900,515506000000,-200,true,-0.89
"GEX",142709,"/Date(1704353142000)/",22350,2500,22964700,515501000000,-200,true,-0.89
"GEX",142706,"/Date(1704353140000)/",22350,4300,22962200,515445000000,-200,true,-0.89
"GEX",142700,"/Date(1704353134000)/",22400,1200,22957900,515349000000,-150,false,-0.67
"GEX",142656,"/Date(1704353132000)/",22350,700,22956700,515323000000,-200,true,-0.89
"GEX",142656,"/Date(1704353131000)/",22350,1100,22956000,515307000000,-200,true,-0.89
"GEX",142656,"/Date(1704353131000)/",22350,700,22954900,515282000000,-200,true,-0.89
"GEX",142656,"/Date(1704353131000)/",22350,8200,22954200,515267000000,-200,true,-0.89
"GEX",142653,"/Date(1704353128000)/",22350,200,22946000,515083000000,-200,true,-0.89
"GEX",142653,"/Date(1704353128000)/",22350,1000,22945800,515079000000,-200,true,-0.89
"GEX",142653,"/Date(1704353126000)/",22350,2000,22944800,515057000000,-200,true,-0.89
"GEX",142647,"/Date(1704353122000)/",22350,1000,22942800,515012000000,-200,true,-0.89
"GEX",142647,"/Date(1704353122000)/",22350,200,22941800,514989000000,-200,true,-0.89
"GEX",142647,"/Date(1704353120000)/",22400,3000,22941600,514985000000,-150,false,-0.67
"GEX",142644,"/Date(1704353118000)/",22400,3000,22938600,514918000000,-150,false,-0.67
"GEX",142644,"/Date(1704353117000)/",22350,50000,22935600,514851000000,-200,true,-0.89
"GEX",142640,"/Date(1704353115000)/",22400,5000,22885600,513733000000,-150,false,-0.67
"GEX",142637,"/Date(1704353112000)/",22400,100,22880600,513621000000,-150,false,-0.67
"GEX",142637,"/Date(1704353112000)/",22350,12000,22880500,513619000000,-200,true,-0.89
"GEX",142637,"/Date(1704353112000)/",22350,4800,22868500,513351000000,-200,true,-0.89
"GEX",142634,"/Date(1704353108000)/",22350,20600,22863700,513243000000,-200,true,-0.89
"GEX",142634,"/Date(1704353108000)/",22350,2000,22843100,512783000000,-200,true,-0.89
"GEX",142634,"/Date(1704353108000)/",22350,3000,22841100,512738000000,-200,true,-0.89
"GEX",142634,"/Date(1704353108000)/",22350,2000,22838100,512671000000,-200,true,-0.89
"GEX",142634,"/Date(1704353108000)/",22350,300,22836100,512627000000,-200,true,-0.89
"GEX",142634,"/Date(1704353108000)/",22350,200,22835800,512620000000,-200,true,-0.89
"GEX",142634,"/Date(1704353108000)/",22350,1000,22835600,512615000000,-200,true,-0.89
"GEX",142634,"/Date(1704353108000)/",22350,500,22834600,512593000000,-200,true,-0.89
"GEX",142634,"/Date(1704353108000)/",22350,400,22834100,512582000000,-200,true,-0.89
"GEX",142634,"/Date(1704353108000)/",22350,500,22833700,512573000000,-200,true,-0.89
"GEX",142634,"/Date(1704353108000)/",22350,10000,22833200,512562000000,-200,true,-0.89
"GEX",142634,"/Date(1704353108000)/",22350,1000,22823200,512338000000,-200,true,-0.89
"GEX",142634,"/Date(1704353108000)/",22350,50000,22822200,512316000000,-200,true,-0.89
"GEX",142634,"/Date(1704353108000)/",22350,3000,22772200,511198000000,-200,true,-0.89
"GEX",142634,"/Date(1704353108000)/",22350,100,22769200,511131000000,-200,true,-0.89
"GEX",142634,"/Date(1704353108000)/",22350,1000,22769100,511129000000,-200,true,-0.89
"GEX",142634,"/Date(1704353108000)/",22350,500,22768100,511107000000,-200,true,-0.89
"GEX",142634,"/Date(1704353108000)/",22350,1000,22767600,511096000000,-200,true,-0.89
"GEX",142634,"/Date(1704353108000)/",22350,1000,22766600,511073000000,-200,true,-0.89
"GEX",142634,"/Date(1704353108000)/",22350,300,22765600,511051000000,-200,true,-0.89
"GEX",142634,"/Date(1704353108000)/",22350,800,22765300,511044000000,-200,true,-0.89
"GEX",142634,"/Date(1704353108000)/",22350,100,22764500,511026000000,-200,true,-0.89
"GEX",142634,"/Date(1704353108000)/",22350,700,22764400,511024000000,-200,true,-0.89
"GEX",142628,"/Date(1704353102000)/",22350,4300,22763700,511008000000,-200,true,-0.89
"GEX",142628,"/Date(1704353102000)/",22350,700,22759400,510912000000,-200,true,-0.89
"GEX",142628,"/Date(1704353101000)/",22350,300,22758700,510897000000,-200,true,-0.89
"GEX",142628,"/Date(1704353101000)/",22350,100,22758400,510890000000,-200,true,-0.89
"GEX",142628,"/Date(1704353101000)/",22350,49600,22758300,510888000000,-200,true,-0.89
"GEX",142624,"/Date(1704353097000)/",22350,1000,22708700,509779000000,-200,true,-0.89
"GEX",142621,"/Date(1704353097000)/",22400,300,22707700,509757000000,-150,false,-0.67
"GEX",142621,"/Date(1704353097000)/",22350,1000,22707400,509750000000,-200,true,-0.89
"GEX",142621,"/Date(1704353094000)/",22400,1000,22706400,509728000000,-150,false,-0.67
"GEX",142618,"/Date(1704353093000)/",22350,5000,22705400,509705000000,-200,true,-0.89
"GEX",142618,"/Date(1704353093000)/",22350,1000,22700400,509594000000,-200,true,-0.89
"GEX",142618,"/Date(1704353093000)/",22400,100,22699400,509571000000,-150,false,-0.67
"GEX",142612,"/Date(1704353087000)/",22350,100,22699300,509569000000,-200,true,-0.89
"GEX",142612,"/Date(1704353086000)/",22400,500,22699200,509567000000,-150,false,-0.67
"GEX",142608,"/Date(1704353081000)/",22350,4400,22698700,509556000000,-200,true,-0.89
"GEX",142559,"/Date(1704353072000)/",22400,200,22694300,509457000000,-150,false,-0.67
"GEX",142559,"/Date(1704353071000)/",22350,1500,22694100,509453000000,-200,true,-0.89
"GEX",142552,"/Date(1704353065000)/",22350,400,22692600,509419000000,-200,true,-0.89
"GEX",142552,"/Date(1704353065000)/",22350,19600,22692200,509410000000,-200,true,-0.89
"GEX",142549,"/Date(1704353064000)/",22350,1000,22672600,508972000000,-200,true,-0.89
"GEX",142546,"/Date(1704353061000)/",22400,100,22671600,508950000000,-150,false,-0.67
"GEX",142543,"/Date(1704353057000)/",22350,1000,22671500,508948000000,-200,false,-0.89
"GEX",142543,"/Date(1704353057000)/",22350,100,22670500,508925000000,-200,false,-0.89
"GEX",142543,"/Date(1704353057000)/",22350,6000,22670400,508923000000,-200,false,-0.89
"GEX",142543,"/Date(1704353057000)/",22350,4300,22664400,508789000000,-200,false,-0.89
"GEX",142543,"/Date(1704353056000)/",22350,700,22660100,508693000000,-200,false,-0.89
"GEX",142543,"/Date(1704353056000)/",22350,500,22659400,508677000000,-200,false,-0.89
"GEX",142543,"/Date(1704353056000)/",22350,300,22658900,508666000000,-200,false,-0.89
"GEX",142543,"/Date(1704353056000)/",22350,500,22658600,508659000000,-200,false,-0.89
"GEX",142543,"/Date(1704353056000)/",22350,400,22658100,508648000000,-200,false,-0.89
"GEX",142543,"/Date(1704353056000)/",22350,200,22657700,508639000000,-200,false,-0.89
"GEX",142543,"/Date(1704353056000)/",22350,500,22657500,508635000000,-200,false,-0.89
"GEX",142543,"/Date(1704353056000)/",22350,1000,22657000,508624000000,-200,false,-0.89
"GEX",142543,"/Date(1704353056000)/",22350,900,22656000,508601000000,-200,false,-0.89
"GEX",142543,"/Date(1704353056000)/",22350,5900,22655100,508581000000,-200,false,-0.89
"GEX",142543,"/Date(1704353056000)/",22350,2000,22649200,508449000000,-200,false,-0.89
"GEX",142543,"/Date(1704353056000)/",22350,10000,22647200,508405000000,-200,false,-0.89
"GEX",142543,"/Date(1704353056000)/",22350,300,22637200,508181000000,-200,false,-0.89
"GEX",142543,"/Date(1704353056000)/",22350,1400,22636900,508174000000,-200,false,-0.89
"GEX",142543,"/Date(1704353056000)/",22350,500,22635500,508143000000,-200,false,-0.89
"GEX",142543,"/Date(1704353056000)/",22350,1100,22635000,508132000000,-200,false,-0.89
"GEX",142543,"/Date(1704353056000)/",22350,100,22633900,508107000000,-200,false,-0.89
"GEX",142543,"/Date(1704353056000)/",22350,800,22633800,508105000000,-200,false,-0.89
"GEX",142543,"/Date(1704353056000)/",22350,1000,22633000,508087000000,-200,false,-0.89
"GEX",142543,"/Date(1704353056000)/",22350,200,22632000,508065000000,-200,false,-0.89
"GEX",142543,"/Date(1704353056000)/",22350,1000,22631800,508060000000,-200,false,-0.89
"GEX",142543,"/Date(1704353056000)/",22350,4000,22630800,508038000000,-200,false,-0.89
"GEX",142543,"/Date(1704353056000)/",22350,3000,22626800,507949000000,-200,false,-0.89
"GEX",142540,"/Date(1704353055000)/",22350,10000,22623800,507882000000,-200,false,-0.89
"GEX",142540,"/Date(1704353055000)/",22350,1000,22613800,507658000000,-200,false,-0.89
"GEX",142540,"/Date(1704353055000)/",22350,1000,22612800,507636000000,-200,false,-0.89
"GEX",142540,"/Date(1704353054000)/",22350,1000,22611800,507613000000,-200,false,-0.89
"GEX",142540,"/Date(1704353054000)/",22350,500,22610800,507591000000,-200,false,-0.89
