"Stockcode","Package","TradingDate","Price","Vol","TotalVol","TotalVal","Change","IsBuy","PerChange"
"MBB",144631,"/Date(1704354301000)/",20100,687700,49414900,980075000000,950,false,4.96
"MBB",143122,"/Date(1704353396000)/",20050,1000,48727200,966253000000,900,true,4.7
"MBB",143122,"/Date(1704353396000)/",20050,5000,48726200,966232000000,900,true,4.7
"MBB",143116,"/Date(1704353391000)/",20050,2800,48721200,966132000000,900,true,4.7
"MBB",143116,"/Date(1704353391000)/",20050,400,48718400,966076000000,900,true,4.7
"MBB",143113,"/Date(1704353388000)/",20050,500,48718000,966068000000,900,true,4.7
"MBB",143113,"/Date(1704353387000)/",20100,100,48717500,966058000000,950,false,4.96
"MBB",143113,"/Date(1704353386000)/",20100,1000,48717400,966056000000,950,false,4.96
"MBB",143113,"/Date(1704353386000)/",20050,1000,48716400,966036000000,900,true,4.7
"MBB",143110,"/Date(1704353382000)/",20050,3500,48715400,966016000000,900,true,4.7
"MBB",143110,"/Date(1704353382000)/",20050,100,48711900,965946000000,900,true,4.7
"MBB",143110,"/Date(1704353382000)/",20050,100,48711800,965944000000,900,true,4.7
"MBB",143110,"/Date(1704353382000)/",20050,2300,48711700,965942000000,900,true,4.7
"MBB",143110,"/Date(1704353382000)/",20050,100,48709400,965896000000,900,true,4.7
"MBB",143110,"/Date(1704353382000)/",20050,900,48709300,965894000000,900,true,4.7
"MBB",143110,"/Date(1704353382000)/",20050,1000,48708400,965876000000,900,true,4.7
"MBB",143106,"/Date(1704353382000)/",20100,100,48707400,965856000000,950,false,4.96
"MBB",143106,"/Date(1704353379000)/",20100,2000,48707300,965853000000,950,false,4.96
"MBB",143057,"/Date(1704353370000)/",20050,100,48705300,965813000000,900,true,4.7
"MBB",143054,"/Date(1704353368000)/",20100,1000,48705200,965811000000,950,false,4.96
"MBB",143054,"/Date(1704353367000)/",20050,39900,48704200,965791000000,900,true,4.7
"MBB",143054,"/Date(1704353367000)/",20050,10000,48664300,964991000000,900,true,4.7
"MBB",143054,"/Date(1704353367000)/",20050,100,48654300,964791000000,900,true,4.7
"MBB",143054,"/Date(1704353366000)/",20050,900,48654200,964789000000,900,true,4.7
"MBB",143054,"/Date(1704353366000)/",20050,1100,48653300,964771000000,900,true,4.7
"MBB",143050,"/Date(1704353364000)/",20100,15000,48652200,964749000000,950,false,4.96
"MBB",143050,"/Date(1704353363000)/",20100,200,48637200,964447000000,950,false,4.96
"MBB",143044,"/Date(1704353358000)/",20100,900,48637000,964443000000,950,true,4.96
"MBB",143044,"/Date(1704353358000)/",20100,500,48636100,964425000000,950,true,4.96
"MBB",143044,"/Date(1704353358000)/",20100,16100,48635600,964415000000,950,true,4.96
"MBB",143044,"/Date(1704353358000)/",20100,1000,48619500,964091000000,950,true,4.96
"MBB",143041,"/Date(1704353355000)/",20100,500,48618500,964071000000,950,true,4.96
"MBB",143041,"/Date(1704353354000)/",20100,2000,48618000,964061000000,950,true,4.96
"MBB",143041,"/Date(1704353354000)/",20100,400,48616000,964021000000,950,true,4.96
"MBB",143041,"/Date(1704353354000)/",20100,100,48615600,964013000000,950,true,4.96
"MBB",143041,"/Date(1704353354000)/",20100,100,48615500,964011000000,950,true,4.96
"MBB",143041,"/Date(1704353354000)/",20100,400,48615400,964009000000,950,true,4.96
"MBB",143041,"/Date(1704353354000)/",20100,100,48615000,964001000000,950,true,4.96
"MBB",143041,"/Date(1704353354000)/",20100,400,48614900,963999000000,950,true,4.96
"MBB",143034,"/Date(1704353348000)/",20100,2000,48614500,963991000000,950,true,4.96
"MBB",143031,"/Date(1704353345000)/",20100,100,48612500,963951000000,950,true,4.96
"MBB",143031,"/Date(1704353344000)/",20150,9100,48612400,963949000000,1000,false,5.22
"MBB",143028,"/Date(1704353343000)/",20100,200,48603300,963765000000,950,true,4.96
"MBB",143028,"/Date(1704353341000)/",20100,200,48603100,963761000000,950,true,4.96
"MBB",143028,"/Date(1704353341000)/",20100,100,48602900,963757000000,950,true,4.96
"MBB",143025,"/Date(1704353340000)/",20100,100,48602800,963755000000,950,true,4.96
"MBB",143025,"/Date(1704353338000)/",20100,200,48602700,963753000000,950,true,4.96
"MBB",143025,"/Date(1704353338000)/",20100,1200,48602500,963749000000,950,true,4.96
"MBB",143021,"/Date(1704353336000)/",20100,800,48601300,963725000000,950,false,4.96
"MBB",143021,"/Date(1704353336000)/",20100,2200,48600500,963709000000,950,false,4.96
"MBB",143021,"/Date(1704353336000)/",20100,2800,48598300,963665000000,950,false,4.96
"MBB",143021,"/Date(1704353335000)/",20100,900,48595500,963608000000,950,false,4.96
"MBB",143021,"/Date(1704353335000)/",20100,500,48594600,963590000000,950,false,4.96
"MBB",143021,"/Date(1704353335000)/",20100,400,48594100,963580000000,950,false,4.96
"MBB",143021,"/Date(1704353334000)/",20100,200,48593700,963572000000,950,false,4.96
"MBB",143015,"/Date(1704353329000)/",20100,500,48593500,963568000000,950,false,4.96
"MBB",143015,"/Date(1704353328000)/",20100,200,48593000,963558000000,950,false,4.96
"MBB",143015,"/Date(1704353327000)/",20100,200,48592800,963554000000,950,false,4.96
"MBB",143015,"/Date(1704353327000)/",20100,100,48592600,963550000000,950,false,4.96
"MBB",143015,"/Date(1704353327000)/",20100,100,48592500,963548000000,950,false,4.96
"MBB",143015,"/Date(1704353327000)/",20100,4000,48592400,963546000000,950,false,4.96
"MBB",143015,"/Date(1704353327000)/",20100,19000,48588400,963466000000,950,false,4.96
"MBB",143015,"/Date(1704353327000)/",20100,800,48569400,963084000000,950,false,4.96
"MBB",143015,"/Date(1704353327000)/",20100,500,48568600,963068000000,950,false,4.96
"MBB",143015,"/Date(1704353327000)/",20100,500,48568100,963058000000,950,false,4.96
"MBB",143015,"/Date(1704353327000)/",20100,500,48567600,963048000000,950,false,4.96
"MBB",143015,"/Date(1704353327000)/",20100,2500,48567100,963038000000,950,false,4.96
"MBB",143015,"/Date(1704353327000)/",20100,2200,48564600,962987000000,950,false,4.96
"MBB",143015,"/Date(1704353327000)/",20100,100,48562400,962943000000,950,false,4.96
"MBB",143015,"/Date(1704353327000)/",20100,5000,48562300,962941000000,950,false,4.96
"MBB",143015,"/Date(1704353327000)/",20100,3700,48557300,962841000000,950,false,4.96
"MBB",143015,"/Date(1704353327000)/",20100,42000,48553600,962766000000,950,false,4.96
"MBB",143015,"/Date(1704353327000)/",20100,4000,48511600,961922000000,950,false,4.96
"MBB",143015,"/Date(1704353327000)/",20100,5000,48507600,961842000000,950,false,4.96
"MBB",143015,"/Date(1704353327000)/",20100,4300,48502600,961741000000,950,false,4.96
"MBB",143012,"/Date(1704353323000)/",20050,1000,48498300,961655000000,900,true,4.7
"MBB",143012,"/Date(1704353320000)/",20050,300,48497300,961635000000,900,true,4.7
"MBB",143002,"/Date(1704353316000)/",20050,1000,48497000,961629000000,900,true,4.7
"MBB",142959,"/Date(1704353312000)/",20100,1000,48496000,961609000000,950,false,4.96
"MBB",142956,"/Date(1704353311000)/",20050,1000,48495000,961589000000,900,true,4.7
"MBB",142956,"/Date(1704353308000)/",20100,5000,48494000,961568000000,950,false,4.96
"MBB",142956,"/Date(1704353308000)/",20100,10000,48489000,961468000000,950,false,4.96
"MBB",142953,"/Date(1704353308000)/",20050,1000,48479000,961267000000,900,true,4.7
"MBB",142953,"/Date(1704353308000)/",20100,12500,48478000,961247000000,950,false,4.96
"MBB",142953,"/Date(1704353305000)/",20050,4600,48465500,960996000000,900,true,4.7
"MBB",142953,"/Date(1704353305000)/",20050,200,48460900,960903000000,900,true,4.7
"MBB",142953,"/Date(1704353305000)/",20050,100,48460700,960899000000,900,true,4.7
"MBB",142946,"/Date(1704353301000)/",20100,300,48460600,960897000000,950,true,4.96
"MBB",142946,"/Date(1704353301000)/",20100,16900,48460300,960891000000,950,true,4.96
"MBB",142946,"/Date(1704353300000)/",20100,5000,48443400,960552000000,950,true,4.96
"MBB",142946,"/Date(1704353300000)/",20100,2000,48438400,960451000000,950,true,4.96
"MBB",142943,"/Date(1704353298000)/",20100,200,48436400,960411000000,950,true,4.96
"MBB",142943,"/Date(1704353297000)/",20100,200,48436200,960407000000,950,true,4.96
"MBB",142943,"/Date(1704353296000)/",20100,200,48436000,960403000000,950,true,4.96
"MBB",142937,"/Date(1704353290000)/",20100,100,48435800,960399000000,950,true,4.96
"MBB",142937,"/Date(1704353289000)/",20100,200,48435700,960397000000,950,true,4.96
"MBB",142933,"/Date(1704353287000)/",20100,200,48435500,960393000000,950,true,4.96
"MBB",142933,"/Date(1704353287000)/",20100,16000,48435300,960389000000,950,true,4.96
"MBB",142933,"/Date(1704353287000)/",20100,700,48419300,960067000000,950,true,4.96
"MBB",142933,"/Date(1704353287000)/",20100,8300,48418600,960053000000,950,true,4.96
"MBB",142930,"/Date(1704353286000)/",20050,200,48410300,959886000000,900,true,4.7
"MBB",142927,"/Date(1704353282000)/",20050,2000,48410100,959882000000,900,true,4.7
"MBB",142927,"/Date(1704353280000)/",20050,1300,48408100,959842000000,900,true,4.7
"MBB",142921,"/Date(1704353275000)/",20050,1200,48406800,959816000000,900,true,4.7
"MBB",142917,"/Date(1704353271000)/",20050,1200,48405600,959792000000,900,true,4.7
"MBB",142914,"/Date(1704353270000)/",20100,100,48404400,959768000000,950,true,4.96
"MBB",142914,"/Date(1704353270000)/",20100,1600,48404300,959766000000,950,true,4.96
"MBB",142914,"/Date(1704353269000)/",20100,400,48402700,959734000000,950,true,4.96
"MBB",142914,"/Date(1704353269000)/",20100,2100,48402300,959726000000,950,true,4.96
"MBB",142914,"/Date(1704353267000)/",20100,500,48400200,959684000000,950,true,4.96
"MBB",142914,"/Date(1704353267000)/",20100,10000,48399700,959674000000,950,true,4.96
"MBB",142911,"/Date(1704353266000)/",20100,1200,48389700,959473000000,950,true,4.96
"MBB",142911,"/Date(1704353265000)/",20150,1100,48388500,959449000000,1000,false,5.22
"MBB",142911,"/Date(1704353265000)/",20100,100,48387400,959426000000,950,true,4.96
"MBB",142911,"/Date(1704353264000)/",20100,5000,48387300,959424000000,950,true,4.96
"MBB",142911,"/Date(1704353264000)/",20100,1100,48382300,959324000000,950,true,4.96
"MBB",142911,"/Date(1704353264000)/",20100,900,48381200,959302000000,950,true,4.96
"MBB",142911,"/Date(1704353264000)/",20100,100,48380300,959284000000,950,true,4.96
"MBB",142911,"/Date(1704353264000)/",20100,4900,48380200,959282000000,950,true,4.96
"MBB",142908,"/Date(1704353262000)/",20150,8200,48375300,959183000000,1000,false,5.22
"MBB",142908,"/Date(1704353262000)/",20150,2000,48367100,959018000000,1000,false,5.22
"MBB",142908,"/Date(1704353262000)/",20150,1900,48365100,958978000000,1000,false,5.22
"MBB",142908,"/Date(1704353262000)/",20100,100,48363200,958939000000,950,true,4.96
"MBB",142908,"/Date(1704353262000)/",20100,2000,48363100,958937000000,950,true,4.96
"MBB",142908,"/Date(1704353262000)/",20100,6900,48361100,958897000000,950,true,4.96
"MBB",142908,"/Date(1704353262000)/",20100,2000,48354200,958758000000,950,true,4.96
"MBB",142908,"/Date(1704353261000)/",20100,1200,48352200,958718000000,950,true,4.96
"MBB",142908,"/Date(1704353260000)/",20100,9900,48351000,958694000000,950,true,4.96
"MBB",142908,"/Date(1704353260000)/",20100,200,48341100,958495000000,950,true,4.96
"MBB",142908,"/Date(1704353260000)/",20100,200,48340900,958491000000,950,true,4.96
"MBB",142908,"/Date(1704353260000)/",20100,2000,48340700,958487000000,950,true,4.96
"MBB",142908,"/Date(1704353260000)/",20100,100,48338700,958447000000,950,true,4.96
"MBB",142908,"/Date(1704353260000)/",20100,100,48338600,958445000000,950,true,4.96
"MBB",142908,"/Date(1704353260000)/",20100,100,48338500,958443000000,950,true,4.96
"MBB",142908,"/Date(1704353260000)/",20100,12200,48338400,958441000000,950,true,4.96
"MBB",142908,"/Date(1704353260000)/",20100,25200,48326200,958196000000,950,true,4.96
"MBB",142908,"/Date(1704353260000)/",20100,200,48301000,957689000000,950,true,4.96
"MBB",142908,"/Date(1704353260000)/",20100,2700,48300800,957685000000,950,true,4.96
"MBB",142904,"/Date(1704353258000)/",20150,100,48298100,957631000000,1000,false,5.22
"MBB",142904,"/Date(1704353258000)/",20100,40000,48298000,957629000000,950,true,4.96
"MBB",142901,"/Date(1704353256000)/",20100,2000,48258000,956825000000,950,true,4.96
"MBB",142901,"/Date(1704353256000)/",20100,1200,48256000,956785000000,950,true,4.96
"MBB",142901,"/Date(1704353256000)/",20100,1000,48254800,956760000000,950,true,4.96
"MBB",142858,"/Date(1704353253000)/",20100,3000,48253800,956740000000,950,true,4.96
"MBB",142858,"/Date(1704353252000)/",20100,1200,48250800,956680000000,950,true,4.96
"MBB",142855,"/Date(1704353250000)/",20100,23500,48249600,956656000000,950,true,4.96
"MBB",142855,"/Date(1704353250000)/",20100,100,48226100,956184000000,950,true,4.96
"MBB",142855,"/Date(1704353250000)/",20100,200,48226000,956182000000,950,true,4.96
"MBB",142855,"/Date(1704353250000)/",20100,900,48225800,956178000000,950,true,4.96
"MBB",142855,"/Date(1704353250000)/",20100,100,48224900,956159000000,950,true,4.96
"MBB",142855,"/Date(1704353250000)/",20100,2000,48224800,956157000000,950,true,4.96
"MBB",142855,"/Date(1704353250000)/",20100,3000,48222800,956117000000,950,true,4.96
"MBB",142855,"/Date(1704353250000)/",20100,400,48219800,956057000000,950,true,4.96
"MBB",142855,"/Date(1704353250000)/",20100,200,48219400,956049000000,950,true,4.96
"MBB",142855,"/Date(1704353250000)/",20100,3000,48219200,956045000000,950,true,4.96
"MBB",142855,"/Date(1704353250000)/",20100,100,48216200,955985000000,950,true,4.96
"MBB",142855,"/Date(1704353250000)/",20100,6500,48216100,955983000000,950,true,4.96
"MBB",142855,"/Date(1704353250000)/",20100,3500,48209600,955852000000,950,true,4.96
"MBB",142855,"/Date(1704353250000)/",20100,100,48206100,955782000000,950,true,4.96
"MBB",142855,"/Date(1704353250000)/",20100,1000,48206000,955780000000,950,true,4.96
"MBB",142855,"/Date(1704353250000)/",20100,2000,48205000,955760000000,950,true,4.96
"MBB",142855,"/Date(1704353250000)/",20100,500,48203000,955719000000,950,true,4.96
"MBB",142855,"/Date(1704353250000)/",20100,500,48202500,955709000000,950,true,4.96
"MBB",142855,"/Date(1704353250000)/",20100,2400,48202000,955699000000,950,true,4.96
"MBB",142855,"/Date(1704353248000)/",20100,2100,48199600,955651000000,950,true,4.96
"MBB",142855,"/Date(1704353248000)/",20100,4400,48197500,955609000000,950,true,4.96
"MBB",142855,"/Date(1704353247000)/",20100,1600,48193100,955520000000,950,true,4.96
"MBB",142855,"/Date(1704353247000)/",20100,100,48191500,955488000000,950,true,4.96
"MBB",142855,"/Date(1704353247000)/",20100,6800,48191400,955486000000,950,true,4.96
"MBB",142855,"/Date(1704353247000)/",20100,1500,48184600,955349000000,950,true,4.96
"MBB",142852,"/Date(1704353247000)/",20100,1200,48183100,955319000000,950,true,4.96
"MBB",142852,"/Date(1704353246000)/",20100,1000,48181900,955295000000,950,true,4.96
"MBB",142852,"/Date(1704353245000)/",20100,1000,48180900,955275000000,950,true,4.96
"MBB",142852,"/Date(1704353245000)/",20100,500,48179900,955255000000,950,true,4.96
"MBB",142848,"/Date(1704353244000)/",20100,3000,48179400,955245000000,950,true,4.96
"MBB",142848,"/Date(1704353243000)/",20100,1000,48176400,955185000000,950,true,4.96
"MBB",142848,"/Date(1704353243000)/",20100,2000,48175400,955165000000,950,true,4.96
"MBB",142848,"/Date(1704353243000)/",20100,800,48173400,955124000000,950,true,4.96
"MBB",142848,"/Date(1704353242000)/",20100,1200,48172600,955108000000,950,true,4.96
"MBB",142848,"/Date(1704353241000)/",20100,1600,48171400,955084000000,950,true,4.96
"MBB",142848,"/Date(1704353241000)/",20100,300,48169800,955052000000,950,true,4.96
"MBB",142845,"/Date(1704353240000)/",20100,500,48169500,955046000000,950,true,4.96
"MBB",142845,"/Date(1704353238000)/",20100,1200,48169000,955036000000,950,true,4.96
"MBB",142842,"/Date(1704353236000)/",20100,2000,48167800,955012000000,950,true,4.96
"MBB",142839,"/Date(1704353233000)/",20100,1200,48165800,954972000000,950,true,4.96
"MBB",142839,"/Date(1704353233000)/",20100,500,48164600,954947000000,950,true,4.96
"MBB",142836,"/Date(1704353231000)/",20100,1000,48164100,954937000000,950,true,4.96
"MBB",142836,"/Date(1704353231000)/",20100,500,48163100,954917000000,950,true,4.96
"MBB",142836,"/Date(1704353230000)/",20100,100,48162600,954907000000,950,true,4.96
"MBB",142836,"/Date(1704353228000)/",20100,100,48162500,954905000000,950,true,4.96
"MBB",142836,"/Date(1704353228000)/",20100,1000,48162400,954903000000,950,true,4.96
"MBB",142836,"/Date(1704353228000)/",20100,1200,48161400,954883000000,950,true,4.96
"MBB",142832,"/Date(1704353225000)/",20100,2900,48160200,954859000000,950,true,4.96
"MBB",142829,"/Date(1704353224000)/",20100,100,48157300,954801000000,950,true,4.96
"MBB",142829,"/Date(1704353223000)/",20100,500,48157200,954799000000,950,true,4.96
"MBB",142829,"/Date(1704353223000)/",20100,1200,48156700,954789000000,950,true,4.96
"MBB",142829,"/Date(1704353222000)/",20100,91200,48155500,954765000000,950,true,4.96
"MBB",142829,"/Date(1704353222000)/",20100,100,48064300,952931000000,950,true,4.96
"MBB",142829,"/Date(1704353222000)/",20100,5000,48064200,952929000000,950,true,4.96
"MBB",142829,"/Date(1704353222000)/",20100,1000,48059200,952829000000,950,true,4.96
"MBB",142829,"/Date(1704353222000)/",20100,300,48058200,952809000000,950,true,4.96
"MBB",142829,"/Date(1704353222000)/",20100,2400,48057900,952803000000,950,true,4.96
"MBB",142829,"/Date(1704353222000)/",20100,3000,48055500,952755000000,950,true,4.96
"MBB",142826,"/Date(1704353220000)/",20100,1600,48052500,952694000000,950,true,4.96
"MBB",142826,"/Date(1704353220000)/",20100,500,48050900,952662000000,950,true,4.96
"MBB",142826,"/Date(1704353220000)/",20100,1100,48050400,952652000000,950,true,4.96
"MBB",142826,"/Date(1704353220000)/",20100,300,48049300,952630000000,950,true,4.96
"MBB",142826,"/Date(1704353220000)/",20100,500,48049000,952624000000,950,true,4.96
"MBB",142826,"/Date(1704353220000)/",20100,2000,48048500,952614000000,950,true,4.96
"MBB",142826,"/Date(1704353220000)/",20100,200,48046500,952574000000,950,true,4.96
"MBB",142826,"/Date(1704353220000)/",20100,10000,48046300,952570000000,950,true,4.96
"MBB",142826,"/Date(1704353220000)/",20100,100,48036300,952369000000,950,true,4.96
"MBB",142826,"/Date(1704353220000)/",20100,100,48036200,952367000000,950,true,4.96
"MBB",142826,"/Date(1704353220000)/",20100,1200,48036100,952365000000,950,true,4.96
"MBB",142826,"/Date(1704353220000)/",20100,100,48034900,952340000000,950,true,4.96
"MBB",142826,"/Date(1704353220000)/",20100,100,48034800,952338000000,950,true,4.96
"MBB",142826,"/Date(1704353220000)/",20100,200,48034700,952336000000,950,true,4.96
"MBB",142826,"/Date(1704353220000)/",20100,3200,48034500,952332000000,950,true,4.96
"MBB",142826,"/Date(1704353219000)/",20100,1200,48031300,952268000000,950,true,4.96
"MBB",142826,"/Date(1704353218000)/",20100,100,48030100,952244000000,950,true,4.96
"MBB",142823,"/Date(1704353216000)/",20100,500,48030000,952242000000,950,true,4.96
"MBB",142820,"/Date(1704353214000)/",20100,300,48029500,952232000000,950,true,4.96
"MBB",142820,"/Date(1704353214000)/",20100,200,48029200,952226000000,950,true,4.96
"MBB",142820,"/Date(1704353214000)/",20100,1200,48029000,952222000000,950,true,4.96
"MBB",142816,"/Date(1704353211000)/",20100,1000,48027800,952198000000,950,true,4.96
"MBB",142816,"/Date(1704353209000)/",20100,1200,48026800,952178000000,950,true,4.96
"MBB",142813,"/Date(1704353209000)/",20100,900,48025600,952154000000,950,true,4.96
"MBB",142810,"/Date(1704353205000)/",20100,500,48024700,952135000000,950,true,4.96
"MBB",142810,"/Date(1704353205000)/",20100,500,48024200,952125000000,950,true,4.96
"MBB",142810,"/Date(1704353205000)/",20100,500,48023700,952115000000,950,true,4.96
"MBB",142810,"/Date(1704353205000)/",20100,700,48023200,952105000000,950,true,4.96
"MBB",142807,"/Date(1704353200000)/",20100,1200,48022500,952091000000,950,true,4.96
"MBB",142807,"/Date(1704353200000)/",20150,1000,48021300,952067000000,1000,false,5.22
"MBB",142804,"/Date(1704353196000)/",20100,3100,48020300,952047000000,950,true,4.96
"MBB",142804,"/Date(1704353196000)/",20100,1000,48017200,951985000000,950,true,4.96
"MBB",142804,"/Date(1704353196000)/",20100,100,48016200,951965000000,950,true,4.96
"MBB",142804,"/Date(1704353196000)/",20100,800,48016100,951963000000,950,true,4.96
"MBB",142800,"/Date(1704353195000)/",20100,1200,48015300,951946000000,950,true,4.96
"MBB",142800,"/Date(1704353194000)/",20100,700,48014100,951922000000,950,true,4.96
"MBB",142757,"/Date(1704353191000)/",20150,100,48013400,951908000000,1000,false,5.22
"MBB",142757,"/Date(1704353190000)/",20100,300,48013300,951906000000,950,true,4.96
"MBB",142757,"/Date(1704353190000)/",20100,900,48013000,951900000000,950,true,4.96
"MBB",142754,"/Date(1704353188000)/",20100,100,48012100,951882000000,950,true,4.96
"MBB",142754,"/Date(1704353188000)/",20100,2000,48012000,951880000000,950,true,4.96
"MBB",142754,"/Date(1704353188000)/",20100,100,48010000,951840000000,950,true,4.96
"MBB",142754,"/Date(1704353188000)/",20100,100,48009900,951838000000,950,true,4.96
"MBB",142754,"/Date(1704353188000)/",20100,1300,48009800,951836000000,950,true,4.96
"MBB",142754,"/Date(1704353188000)/",20100,500,48008500,951810000000,950,true,4.96
"MBB",142754,"/Date(1704353188000)/",20100,100,48008000,951800000000,950,true,4.96
"MBB",142754,"/Date(1704353188000)/",20100,100,48007900,951798000000,950,true,4.96
"MBB",142754,"/Date(1704353188000)/",20100,100,48007800,951796000000,950,true,4.96
"MBB",142754,"/Date(1704353188000)/",20100,200,48007700,951794000000,950,true,4.96
"MBB",142754,"/Date(1704353188000)/",20100,400,48007500,951790000000,950,true,4.96
"MBB",142751,"/Date(1704353186000)/",20100,600,48007100,951782000000,950,true,4.96
"MBB",142751,"/Date(1704353186000)/",20100,300,48006500,951770000000,950,true,4.96
"MBB",142751,"/Date(1704353186000)/",20100,200,48006200,951764000000,950,true,4.96
"MBB",142751,"/Date(1704353186000)/",20100,100,48006000,951760000000,950,true,4.96
"MBB",142751,"/Date(1704353185000)/",20100,1000,48005900,951758000000,950,true,4.96
"MBB",142751,"/Date(1704353185000)/",20100,3000,48004900,951737000000,950,true,4.96
"MBB",142751,"/Date(1704353184000)/",20150,300,48001900,951677000000,1000,false,5.22
"MBB",142751,"/Date(1704353184000)/",20150,200,48001600,951671000000,1000,false,5.22
"MBB",142748,"/Date(1704353182000)/",20100,900,48001400,951667000000,950,true,4.96
"MBB",142748,"/Date(1704353182000)/",20100,900,48000500,951649000000,950,true,4.96
"MBB",142748,"/Date(1704353181000)/",20100,100,47999600,951631000000,950,true,4.96
"MBB",142748,"/Date(1704353181000)/",20100,1100,47999500,951629000000,950,true,4.96
"MBB",142748,"/Date(1704353180000)/",20100,100,47998400,951607000000,950,true,4.96
"MBB",142748,"/Date(1704353180000)/",20100,100,47998300,951605000000,950,true,4.96
"MBB",142741,"/Date(1704353176000)/",20100,1200,47998200,951603000000,950,true,4.96
"MBB",142741,"/Date(1704353174000)/",20150,11300,47997000,951579000000,1000,false,5.22
"MBB",142741,"/Date(1704353174000)/",20150,200,47985700,951351000000,1000,false,5.22
"MBB",142738,"/Date(1704353172000)/",20100,1500,47985500,951347000000,950,true,4.96
"MBB",142738,"/Date(1704353172000)/",20100,1000,47984000,951317000000,950,true,4.96
"MBB",142738,"/Date(1704353172000)/",20100,300,47983000,951297000000,950,true,4.96
"MBB",142738,"/Date(1704353172000)/",20100,2200,47982700,951291000000,950,true,4.96
"MBB",142738,"/Date(1704353171000)/",20100,1200,47980500,951246000000,950,true,4.96
"MBB",142735,"/Date(1704353170000)/",20100,1600,47979300,951222000000,950,true,4.96
"MBB",142735,"/Date(1704353170000)/",20100,500,47977700,951190000000,950,true,4.96
"MBB",142735,"/Date(1704353170000)/",20100,100,47977200,951180000000,950,true,4.96
"MBB",142735,"/Date(1704353170000)/",20100,1000,47977100,951178000000,950,true,4.96
"MBB",142735,"/Date(1704353170000)/",20100,100,47976100,951158000000,950,true,4.96
"MBB",142735,"/Date(1704353170000)/",20100,200,47976000,951156000000,950,true,4.96
"MBB",142735,"/Date(1704353170000)/",20100,500,47975800,951152000000,950,true,4.96
"MBB",142735,"/Date(1704353170000)/",20100,100,47975300,951142000000,950,true,4.96
"MBB",142735,"/Date(1704353170000)/",20100,100,47975200,951140000000,950,true,4.96
"MBB",142735,"/Date(1704353170000)/",20100,100,47975100,951138000000,950,true,4.96
"MBB",142735,"/Date(1704353170000)/",20100,700,47975000,951136000000,950,true,4.96
"MBB",142732,"/Date(1704353167000)/",20100,300,47974300,951122000000,950,true,4.96
"MBB",142732,"/Date(1704353167000)/",20100,900,47974000,951116000000,950,true,4.96
"MBB",142732,"/Date(1704353165000)/",20150,1000,47973100,951098000000,1000,false,5.22
"MBB",142728,"/Date(1704353162000)/",20100,300,47972100,951078000000,950,true,4.96
"MBB",142728,"/Date(1704353162000)/",20100,900,47971800,951071000000,950,true,4.96
"MBB",142725,"/Date(1704353159000)/",20100,2200,47970900,951053000000,950,true,4.96
"MBB",142722,"/Date(1704353156000)/",20100,6900,47968700,951009000000,950,true,4.96
"MBB",142722,"/Date(1704353156000)/",20100,600,47961800,950870000000,950,true,4.96
"MBB",142722,"/Date(1704353156000)/",20100,1000,47961200,950858000000,950,true,4.96
"MBB",142722,"/Date(1704353156000)/",20100,100,47960200,950838000000,950,true,4.96
"MBB",142722,"/Date(1704353156000)/",20100,5000,47960100,950836000000,950,true,4.96
"MBB",142722,"/Date(1704353156000)/",20100,100,47955100,950736000000,950,true,4.96
"MBB",142722,"/Date(1704353156000)/",20100,5000,47955000,950734000000,950,true,4.96
"MBB",142722,"/Date(1704353156000)/",20100,200,47950000,950633000000,950,true,4.96
"MBB",142722,"/Date(1704353156000)/",20100,3500,47949800,950629000000,950,true,4.96
"MBB",142722,"/Date(1704353156000)/",20100,2000,47946300,950559000000,950,true,4.96
"MBB",142722,"/Date(1704353156000)/",20100,100,47944300,950519000000,950,true,4.96
"MBB",142722,"/Date(1704353156000)/",20100,500,47944200,950517000000,950,true,4.96
"MBB",142722,"/Date(1704353156000)/",20100,20000,47943700,950507000000,950,true,4.96
"MBB",142722,"/Date(1704353156000)/",20100,100,47923700,950105000000,950,true,4.96
"MBB",142722,"/Date(1704353156000)/",20100,5000,47923600,950103000000,950,true,4.96
"MBB",142722,"/Date(1704353156000)/",20100,200,47918600,950002000000,950,true,4.96
"MBB",142722,"/Date(1704353156000)/",20100,40000,47918400,949998000000,950,true,4.96
"MBB",142722,"/Date(1704353156000)/",20100,500,47878400,949194000000,950,true,4.96
"MBB",142722,"/Date(1704353156000)/",20100,1000,47877900,949184000000,950,true,4.96
"MBB",142722,"/Date(1704353156000)/",20100,1000,47876900,949164000000,950,true,4.96
"MBB",142722,"/Date(1704353156000)/",20100,4400,47875900,949144000000,950,true,4.96
"MBB",142722,"/Date(1704353156000)/",20150,2000,47871500,949055000000,1000,true,5.22
"MBB",142722,"/Date(1704353156000)/",20150,200,47869500,949015000000,1000,true,5.22
"MBB",142722,"/Date(1704353156000)/",20150,1000,47869300,949011000000,1000,true,5.22
"MBB",142722,"/Date(1704353156000)/",20150,2300,47868300,948991000000,1000,true,5.22
"MBB",142722,"/Date(1704353156000)/",20150,1500,47866000,948945000000,1000,true,5.22
"MBB",142722,"/Date(1704353156000)/",20150,100,47864500,948914000000,1000,true,5.22
"MBB",142722,"/Date(1704353156000)/",20150,200,47864400,948912000000,1000,true,5.22
"MBB",142722,"/Date(1704353156000)/",20150,2500,47864200,948908000000,1000,true,5.22
"MBB",142722,"/Date(1704353156000)/",20150,1000,47861700,948858000000,1000,true,5.22
"MBB",142722,"/Date(1704353156000)/",20150,1000,47860700,948838000000,1000,true,5.22
"MBB",142722,"/Date(1704353156000)/",20150,2000,47859700,948818000000,1000,true,5.22
"MBB",142722,"/Date(1704353156000)/",20150,4000,47857700,948777000000,1000,true,5.22
"MBB",142722,"/Date(1704353156000)/",20150,11600,47853700,948697000000,1000,true,5.22
"MBB",142722,"/Date(1704353156000)/",20150,1000,47842100,948463000000,1000,true,5.22
"MBB",142722,"/Date(1704353156000)/",20150,100,47841100,948443000000,1000,true,5.22
"MBB",142722,"/Date(1704353156000)/",20150,500,47841000,948441000000,1000,true,5.22
"MBB",142722,"/Date(1704353156000)/",20150,2000,47840500,948431000000,1000,true,5.22
"MBB",142722,"/Date(1704353156000)/",20150,100,47838500,948390000000,1000,true,5.22
"MBB",142722,"/Date(1704353156000)/",20150,500,47838400,948388000000,1000,true,5.22
"MBB",142722,"/Date(1704353156000)/",20150,10000,47837900,948378000000,1000,true,5.22
"MBB",142722,"/Date(1704353156000)/",20150,500,47827900,948177000000,1000,true,5.22
"MBB",142722,"/Date(1704353156000)/",20150,2500,47827400,948167000000,1000,true,5.22
"MBB",142722,"/Date(1704353156000)/",20150,100,47824900,948116000000,1000,true,5.22
"MBB",142722,"/Date(1704353156000)/",20150,100,47824800,948114000000,1000,true,5.22
"MBB",142722,"/Date(1704353156000)/",20150,10000,47824700,948112000000,1000,true,5.22
"MBB",142722,"/Date(1704353156000)/",20150,500,47814700,947911000000,1000,true,5.22
"MBB",142722,"/Date(1704353156000)/",20150,1600,47814200,947901000000,1000,true,5.22
"MBB",142722,"/Date(1704353156000)/",20150,6000,47812600,947869000000,1000,true,5.22
"MBB",142722,"/Date(1704353156000)/",20150,30000,47806600,947748000000,1000,true,5.22
"MBB",142722,"/Date(1704353156000)/",20150,6000,47776600,947143000000,1000,true,5.22
"MBB",142722,"/Date(1704353156000)/",20150,1900,47770600,947022000000,1000,true,5.22
"MBB",142722,"/Date(1704353156000)/",20150,1600,47768700,946984000000,1000,true,5.22
"MBB",142722,"/Date(1704353156000)/",20150,400,47767100,946952000000,1000,true,5.22
"MBB",142719,"/Date(1704353153000)/",20150,1200,47766700,946944000000,1000,true,5.22
"MBB",142719,"/Date(1704353152000)/",20150,13400,47765500,946920000000,1000,true,5.22
"MBB",142719,"/Date(1704353152000)/",20150,50000,47752100,946650000000,1000,true,5.22
"MBB",142719,"/Date(1704353152000)/",20150,200,47702100,945642000000,1000,true,5.22
"MBB",142719,"/Date(1704353152000)/",20150,10000,47701900,945638000000,1000,true,5.22
"MBB",142719,"/Date(1704353152000)/",20150,500,47691900,945437000000,1000,true,5.22
"MBB",142719,"/Date(1704353152000)/",20150,5900,47691400,945426000000,1000,true,5.22
"MBB",142719,"/Date(1704353152000)/",20200,100,47685500,945308000000,1050,false,5.48
"MBB",142716,"/Date(1704353148000)/",20150,1200,47685400,945306000000,1000,true,5.22
"MBB",142709,"/Date(1704353143000)/",20150,1200,47684200,945281000000,1000,true,5.22
"MBB",142709,"/Date(1704353142000)/",20150,1000,47683000,945257000000,1000,true,5.22
"MBB",142709,"/Date(1704353142000)/",20150,400,47682000,945237000000,1000,true,5.22
"MBB",142703,"/Date(1704353138000)/",20150,1200,47681600,945229000000,1000,true,5.22
"MBB",142700,"/Date(1704353134000)/",20150,1200,47680400,945205000000,1000,true,5.22
"MBB",142700,"/Date(1704353133000)/",20200,900,47679200,945181000000,1050,false,5.48
"MBB",142700,"/Date(1704353133000)/",20200,300,47678300,945162000000,1050,false,5.48
"MBB",142700,"/Date(1704353132000)/",20200,3900,47678000,945156000000,1050,false,5.48
"MBB",142700,"/Date(1704353132000)/",20200,100,47674100,945078000000,1050,false,5.48
"MBB",142700,"/Date(1704353132000)/",20200,400,47674000,945076000000,1050,false,5.48
"MBB",142700,"/Date(1704353132000)/",20200,7500,47673600,945067000000,1050,false,5.48
"MBB",142656,"/Date(1704353129000)/",20150,1200,47666100,944916000000,1000,true,5.22
"MBB",142653,"/Date(1704353128000)/",20200,500,47664900,944892000000,1050,false,5.48
"MBB",142653,"/Date(1704353127000)/",20150,200,47664400,944882000000,1000,true,5.22
"MBB",142650,"/Date(1704353124000)/",20150,1200,47664200,944878000000,1000,true,5.22
"MBB",142647,"/Date(1704353120000)/",20150,1200,47663000,944853000000,1000,true,5.22
"MBB",142644,"/Date(1704353116000)/",20200,1900,47661800,944829000000,1050,false,5.48
"MBB",142644,"/Date(1704353116000)/",20200,1000,47659900,944791000000,1050,false,5.48
"MBB",142644,"/Date(1704353116000)/",20200,100,47658900,944771000000,1050,false,5.48
"MBB",142644,"/Date(1704353116000)/",20200,2000,47658800,944769000000,1050,false,5.48
"MBB",142644,"/Date(1704353116000)/",20150,100,47656800,944728000000,1000,true,5.22
"MBB",142640,"/Date(1704353115000)/",20150,1200,47656700,944726000000,1000,true,5.22
"MBB",142640,"/Date(1704353113000)/",20200,500,47655500,944702000000,1050,false,5.48
"MBB",142640,"/Date(1704353113000)/",20200,2000,47655000,944692000000,1050,false,5.48
"MBB",142640,"/Date(1704353113000)/",20200,100,47653000,944652000000,1050,false,5.48
"MBB",142640,"/Date(1704353113000)/",20200,1900,47652900,944650000000,1050,false,5.48
"MBB",142640,"/Date(1704353113000)/",20200,500,47651000,944611000000,1050,false,5.48
"MBB",142640,"/Date(1704353113000)/",20150,700,47650500,944601000000,1000,true,5.22
"MBB",142637,"/Date(1704353110000)/",20150,1200,47649800,944587000000,1000,true,5.22
"MBB",142634,"/Date(1704353109000)/",20150,500,47648600,944563000000,1000,true,5.22
"MBB",142634,"/Date(1704353108000)/",20150,42000,47648100,944553000000,1000,true,5.22
"MBB",142631,"/Date(1704353105000)/",20150,10000,47606100,943706000000,1000,true,5.22
"MBB",142631,"/Date(1704353105000)/",20150,1200,47596100,943505000000,1000,true,5.22
"MBB",142628,"/Date(1704353101000)/",20150,1200,47594900,943481000000,1000,true,5.22
"MBB",142624,"/Date(1704353098000)/",20150,500,47593700,943457000000,1000,true,5.22
"MBB",142621,"/Date(1704353096000)/",20200,500,47593200,943447000000,1050,false,5.48
"MBB",142621,"/Date(1704353096000)/",20200,100,47592700,943436000000,1050,false,5.48
"MBB",142621,"/Date(1704353096000)/",20200,1400,47592600,943434000000,1050,false,5.48
"MBB",142621,"/Date(1704353096000)/",20150,1200,47591200,943406000000,1000,true,5.22
"MBB",142618,"/Date(1704353093000)/",20200,600,47590000,943382000000,1050,false,5.48
"MBB",142618,"/Date(1704353093000)/",20200,100,47589400,943370000000,1050,false,5.48
"MBB",142618,"/Date(1704353093000)/",20200,300,47589300,943368000000,1050,false,5.48
"MBB",142618,"/Date(1704353091000)/",20150,1200,47589000,943362000000,1000,true,5.22
"MBB",142615,"/Date(1704353090000)/",20150,500,47587800,943338000000,1000,true,5.22
"MBB",142615,"/Date(1704353090000)/",20150,2500,47587300,943327000000,1000,true,5.22
"MBB",142615,"/Date(1704353089000)/",20200,2000,47584800,943277000000,1050,false,5.48
"MBB",142612,"/Date(1704353087000)/",20150,1200,47582800,943237000000,1000,true,5.22
"MBB",142612,"/Date(1704353084000)/",20150,3300,47581600,943213000000,1000,true,5.22
"MBB",142608,"/Date(1704353083000)/",20150,15600,47578300,943146000000,1000,true,5.22
"MBB",142608,"/Date(1704353083000)/",20150,1000,47562700,942832000000,1000,true,5.22
"MBB",142608,"/Date(1704353083000)/",20150,100,47561700,942812000000,1000,true,5.22
"MBB",142608,"/Date(1704353083000)/",20150,1000,47561600,942810000000,1000,true,5.22
"MBB",142608,"/Date(1704353083000)/",20150,2300,47560600,942789000000,1000,true,5.22
"MBB",142608,"/Date(1704353082000)/",20150,200,47558300,942743000000,1000,true,5.22
"MBB",142608,"/Date(1704353082000)/",20150,1000,47558100,942739000000,1000,true,5.22
"MBB",142608,"/Date(1704353081000)/",20150,100,47557100,942719000000,1000,true,5.22
"MBB",142605,"/Date(1704353079000)/",20200,500,47557000,942717000000,1050,false,5.48
"MBB",142602,"/Date(1704353077000)/",20150,900,47556500,942707000000,1000,true,5.22
"MBB",142602,"/Date(1704353077000)/",20150,300,47555600,942689000000,1000,true,5.22
"MBB",142602,"/Date(1704353076000)/",20200,7400,47555300,942683000000,1050,false,5.48
"MBB",142602,"/Date(1704353076000)/",20200,1500,47547900,942533000000,1050,false,5.48
"MBB",142602,"/Date(1704353076000)/",20200,100,47546400,942503000000,1050,false,5.48
"MBB",142602,"/Date(1704353076000)/",20200,1000,47546300,942501000000,1050,false,5.48
"MBB",142559,"/Date(1704353072000)/",20150,19700,47545300,942481000000,1000,true,5.22
"MBB",142559,"/Date(1704353072000)/",20150,5000,47525600,942084000000,1000,true,5.22
"MBB",142559,"/Date(1704353072000)/",20150,100,47520600,941983000000,1000,true,5.22
"MBB",142559,"/Date(1704353072000)/",20150,1000,47520500,941981000000,1000,true,5.22
"MBB",142559,"/Date(1704353072000)/",20150,100,47519500,941961000000,1000,true,5.22
"MBB",142559,"/Date(1704353072000)/",20150,40000,47519400,941959000000,1000,true,5.22
"MBB",142559,"/Date(1704353072000)/",20150,2000,47479400,941153000000,1000,true,5.22
"MBB",142559,"/Date(1704353072000)/",20150,100,47477400,941112000000,1000,true,5.22
"MBB",142559,"/Date(1704353072000)/",20150,5000,47477300,941110000000,1000,true,5.22
"MBB",142559,"/Date(1704353072000)/",20150,100,47472300,941010000000,1000,true,5.22
"MBB",142559,"/Date(1704353072000)/",20150,50000,47472200,941008000000,1000,true,5.22
"MBB",142559,"/Date(1704353072000)/",20150,26900,47422200,940000000000,1000,true,5.22
"MBB",142559,"/Date(1704353072000)/",20150,1200,47395300,939458000000,1000,true,5.22
"MBB",142556,"/Date(1704353068000)/",20150,1200,47394100,939434000000,1000,true,5.22
"MBB",142552,"/Date(1704353067000)/",20200,300,47392900,939410000000,1050,false,5.48
"MBB",142552,"/Date(1704353067000)/",20200,500,47392600,939404000000,1050,false,5.48
"MBB",142552,"/Date(1704353067000)/",20200,200,47392100,939394000000,1050,false,5.48
"MBB",142549,"/Date(1704353063000)/",20150,1200,47391900,939389000000,1000,true,5.22
"MBB",142549,"/Date(1704353063000)/",20200,500,47390700,939365000000,1050,false,5.48
"MBB",142549,"/Date(1704353063000)/",20200,500,47390200,939355000000,1050,false,5.48
"MBB",142549,"/Date(1704353062000)/",20200,900,47389700,939345000000,1050,false,5.48
"MBB",142549,"/Date(1704353062000)/",20200,100,47388800,939327000000,1050,false,5.48
"MBB",142549,"/Date(1704353062000)/",20200,300,47388700,939325000000,1050,false,5.48
"MBB",142549,"/Date(1704353062000)/",20200,2000,47388400,939319000000,1050,false,5.48
"MBB",142549,"/Date(1704353062000)/",20200,5000,47386400,939278000000,1050,false,5.48
"MBB",142549,"/Date(1704353062000)/",20200,1700,47381400,939177000000,1050,false,5.48
"MBB",142546,"/Date(1704353060000)/",20200,500,47379700,939143000000,1050,false,5.48
"MBB",142543,"/Date(1704353058000)/",20150,1200,47379200,939133000000,1000,true,5.22
"MBB",142540,"/Date(1704353054000)/",20200,1000,47378000,939109000000,1050,false,5.48
"MBB",142540,"/Date(1704353054000)/",20150,1200,47377000,939089000000,1000,true,5.22
"MBB",142536,"/Date(1704353050000)/",20200,5000,47375800,939064000000,1050,true,5.48
"MBB",142536,"/Date(1704353050000)/",20200,800,47370800,938963000000,1050,true,5.48
"MBB",142536,"/Date(1704353049000)/",20200,1200,47370000,938947000000,1050,true,5.48
"MBB",142536,"/Date(1704353049000)/",20200,9400,47368800,938923000000,1050,true,5.48
"MBB",142536,"/Date(1704353049000)/",20200,4800,47359400,938733000000,1050,true,5.48
"MBB",142536,"/Date(1704353049000)/",20200,4800,47354600,938636000000,1050,true,5.48
"MBB",142536,"/Date(1704353049000)/",20200,100,47349800,938539000000,1050,true,5.48
"MBB",142536,"/Date(1704353049000)/",20200,300,47349700,938537000000,1050,true,5.48
"MBB",142536,"/Date(1704353049000)/",20200,2000,47349400,938531000000,1050,true,5.48
"MBB",142536,"/Date(1704353049000)/",20200,1000,47347400,938491000000,1050,true,5.48
"MBB",142536,"/Date(1704353049000)/",20200,100,47346400,938471000000,1050,true,5.48
"MBB",142536,"/Date(1704353049000)/",20200,4800,47346300,938469000000,1050,true,5.48
"MBB",142536,"/Date(1704353049000)/",20200,1000,47341500,938372000000,1050,true,5.48
"MBB",142536,"/Date(1704353049000)/",20200,2000,47340500,938351000000,1050,true,5.48
"MBB",142536,"/Date(1704353049000)/",20200,1000,47338500,938311000000,1050,true,5.48
"MBB",142536,"/Date(1704353049000)/",20200,500,47337500,938291000000,1050,true,5.48
"MBB",142536,"/Date(1704353049000)/",20200,5000,47337000,938281000000,1050,true,5.48
"MBB",142536,"/Date(1704353049000)/",20200,100,47332000,938180000000,1050,true,5.48
"MBB",142536,"/Date(1704353049000)/",20200,400,47331900,938178000000,1050,true,5.48
"MBB",142536,"/Date(1704353049000)/",20200,100,47331500,938170000000,1050,true,5.48
"MBB",142536,"/Date(1704353049000)/",20200,4000,47331400,938168000000,1050,true,5.48
"MBB",142536,"/Date(1704353049000)/",20200,2800,47327400,938087000000,1050,true,5.48
"MBB",142536,"/Date(1704353049000)/",20200,15000,47324600,938030000000,1050,true,5.48
"MBB",142536,"/Date(1704353049000)/",20200,2700,47309600,937727000000,1050,true,5.48
"MBB",142536,"/Date(1704353049000)/",20200,4800,47306900,937673000000,1050,true,5.48
"MBB",142536,"/Date(1704353049000)/",20200,300,47302100,937576000000,1050,true,5.48
"MBB",142536,"/Date(1704353049000)/",20200,4800,47301800,937570000000,1050,true,5.48
"MBB",142536,"/Date(1704353049000)/",20200,10000,47297000,937473000000,1050,true,5.48
"MBB",142536,"/Date(1704353049000)/",20200,14400,47287000,937271000000,1050,true,5.48
"MBB",142536,"/Date(1704353049000)/",20200,2000,47272600,936980000000,1050,true,5.48
"MBB",142536,"/Date(1704353049000)/",20200,100,47270600,936939000000,1050,true,5.48
"MBB",142536,"/Date(1704353049000)/",20200,400,47270500,936937000000,1050,true,5.48
"MBB",142536,"/Date(1704353049000)/",20200,100,47270100,936929000000,1050,true,5.48
"MBB",142536,"/Date(1704353049000)/",20200,1200,47270000,936927000000,1050,true,5.48
"MBB",142533,"/Date(1704353048000)/",20200,3600,47268800,936903000000,1050,true,5.48
"MBB",142533,"/Date(1704353048000)/",20200,3500,47265200,936830000000,1050,true,5.48
"MBB",142533,"/Date(1704353046000)/",20200,6500,47261700,936760000000,1050,true,5.48
"MBB",142533,"/Date(1704353046000)/",20200,6500,47255200,936628000000,1050,true,5.48
"MBB",142530,"/Date(1704353045000)/",20200,3500,47248700,936497000000,1050,true,5.48
"MBB",142530,"/Date(1704353045000)/",20200,1000,47245200,936426000000,1050,true,5.48
"MBB",142530,"/Date(1704353045000)/",20200,500,47244200,936406000000,1050,true,5.48
"MBB",142530,"/Date(1704353044000)/",20200,500,47243700,936396000000,1050,true,5.48
"MBB",142530,"/Date(1704353044000)/",20200,200,47243200,936386000000,1050,true,5.48
"MBB",142530,"/Date(1704353044000)/",20200,500,47243000,936382000000,1050,true,5.48
"MBB",142524,"/Date(1704353039000)/",20200,1200,47242500,936372000000,1050,true,5.48
"MBB",142524,"/Date(1704353037000)/",20200,50000,47241300,936348000000,1050,true,5.48
"MBB",142520,"/Date(1704353036000)/",20200,2000,47191300,935338000000,1050,true,5.48
"MBB",142520,"/Date(1704353035000)/",20200,1200,47189300,935297000000,1050,true,5.48
"MBB",142520,"/Date(1704353034000)/",20200,45100,47188100,935273000000,1050,true,5.48
"MBB",142520,"/Date(1704353034000)/",20200,6300,47143000,934362000000,1050,true,5.48
"MBB",142520,"/Date(1704353034000)/",20200,100000,47136700,934235000000,1050,true,5.48
"MBB",142520,"/Date(1704353034000)/",20200,100,47036700,932215000000,1050,true,5.48
"MBB",142520,"/Date(1704353034000)/",20200,1200,47036600,932213000000,1050,true,5.48
"MBB",142517,"/Date(1704353032000)/",20200,500,47035400,932188000000,1050,true,5.48
"MBB",142517,"/Date(1704353031000)/",20250,1000,47034900,932178000000,1100,false,5.74
"MBB",142517,"/Date(1704353030000)/",20200,1200,47033900,932158000000,1050,true,5.48
"MBB",142514,"/Date(1704353029000)/",20200,1000,47032700,932134000000,1050,true,5.48
"MBB",142511,"/Date(1704353026000)/",20200,100,47031700,932114000000,1050,true,5.48
"MBB",142511,"/Date(1704353026000)/",20200,1000,47031600,932112000000,1050,true,5.48
"MBB",142511,"/Date(1704353026000)/",20200,40000,47030600,932091000000,1050,true,5.48
"MBB",142511,"/Date(1704353025000)/",20200,1200,46990600,931283000000,1050,true,5.48
"MBB",142511,"/Date(1704353025000)/",20200,500,46989400,931259000000,1050,true,5.48
"MBB",142511,"/Date(1704353024000)/",20250,20000,46988900,931249000000,1100,false,5.74
"MBB",142508,"/Date(1704353022000)/",20200,100,46968900,930844000000,1050,true,5.48
"MBB",142508,"/Date(1704353021000)/",20200,1200,46968800,930842000000,1050,true,5.48
"MBB",142504,"/Date(1704353020000)/",20200,600,46967600,930818000000,1050,true,5.48
"MBB",142504,"/Date(1704353019000)/",20200,100,46967000,930806000000,1050,true,5.48
"MBB",142501,"/Date(1704353017000)/",20200,7000,46966900,930804000000,1050,true,5.48
"MBB",142501,"/Date(1704353016000)/",20200,6000,46959900,930662000000,1050,true,5.48
"MBB",142501,"/Date(1704353016000)/",20200,1200,46953900,930541000000,1050,true,5.48
"MBB",142458,"/Date(1704353013000)/",20200,10000,46952700,930517000000,1050,true,5.48
"MBB",142458,"/Date(1704353011000)/",20200,1200,46942700,930315000000,1050,true,5.48
"MBB",142452,"/Date(1704353006000)/",20200,1000,46941500,930291000000,1050,true,5.48
"MBB",142452,"/Date(1704353006000)/",20200,1200,46940500,930270000000,1050,true,5.48
"MBB",142452,"/Date(1704353006000)/",20250,12500,46939300,930246000000,1100,false,5.74
"MBB",142452,"/Date(1704353004000)/",20200,100,46926800,929993000000,1050,true,5.48
"MBB",142448,"/Date(1704353003000)/",20250,60000,46926700,929991000000,1100,false,5.74
"MBB",142448,"/Date(1704353003000)/",20200,500,46866700,928776000000,1050,true,5.48
"MBB",142448,"/Date(1704353002000)/",20200,1200,46866200,928766000000,1050,true,5.48
"MBB",142445,"/Date(1704353000000)/",20200,2000,46865000,928742000000,1050,true,5.48
"MBB",142445,"/Date(1704352998000)/",20200,500,46863000,928701000000,1050,true,5.48
"MBB",142442,"/Date(1704352997000)/",20200,1200,46862500,928691000000,1050,true,5.48
"MBB",142442,"/Date(1704352997000)/",20200,2000,46861300,928667000000,1050,true,5.48
"MBB",142439,"/Date(1704352994000)/",20200,100,46859300,928626000000,1050,true,5.48
"MBB",142439,"/Date(1704352992000)/",20200,1200,46859200,928624000000,1050,true,5.48
"MBB",142436,"/Date(1704352989000)/",20200,300,46858000,928600000000,1050,true,5.48
"MBB",142436,"/Date(1704352988000)/",20200,1200,46857700,928594000000,1050,true,5.48
"MBB",142432,"/Date(1704352987000)/",20200,2300,46856500,928570000000,1050,true,5.48
"MBB",142429,"/Date(1704352984000)/",20200,2700,46854200,928523000000,1050,true,5.48
"MBB",142429,"/Date(1704352983000)/",20200,1200,46851500,928469000000,1050,true,5.48
"MBB",142426,"/Date(1704352979000)/",20200,100,46850300,928445000000,1050,true,5.48
"MBB",142426,"/Date(1704352979000)/",20200,100,46850200,928443000000,1050,true,5.48
"MBB",142423,"/Date(1704352978000)/",20200,1200,46850100,928441000000,1050,true,5.48
"MBB",142423,"/Date(1704352977000)/",20200,2000,46848900,928416000000,1050,true,5.48
"MBB",142423,"/Date(1704352977000)/",20200,3800,46846900,928376000000,1050,true,5.48
"MBB",142423,"/Date(1704352977000)/",20200,400,46843100,928299000000,1050,true,5.48
"MBB",142423,"/Date(1704352976000)/",20200,500,46842700,928291000000,1050,true,5.48
"MBB",142420,"/Date(1704352973000)/",20200,1200,46842200,928281000000,1050,true,5.48
"MBB",142420,"/Date(1704352972000)/",20200,1600,46841000,928257000000,1050,true,5.48
"MBB",142416,"/Date(1704352969000)/",20200,1200,46839400,928225000000,1050,true,5.48
"MBB",142413,"/Date(1704352967000)/",20200,100,46838200,928200000000,1050,true,5.48
"MBB",142410,"/Date(1704352964000)/",20200,1200,46838100,928198000000,1050,true,5.48
"MBB",142407,"/Date(1704352962000)/",20200,1000,46836900,928174000000,1050,true,5.48
"MBB",142407,"/Date(1704352960000)/",20250,8200,46835900,928154000000,1100,false,5.74
"MBB",142407,"/Date(1704352960000)/",20250,100,46827700,927988000000,1100,false,5.74
"MBB",142407,"/Date(1704352960000)/",20250,2000,46827600,927986000000,1100,false,5.74
"MBB",142407,"/Date(1704352960000)/",20250,500,46825600,927945000000,1100,false,5.74
"MBB",142407,"/Date(1704352960000)/",20250,800,46825100,927935000000,1100,false,5.74
"MBB",142404,"/Date(1704352959000)/",20200,1200,46824300,927919000000,1050,true,5.48
"MBB",142400,"/Date(1704352955000)/",20200,1000,46823100,927895000000,1050,true,5.48
"MBB",142400,"/Date(1704352954000)/",20200,1200,46822100,927874000000,1050,true,5.48
"MBB",142400,"/Date(1704352954000)/",20200,500,46820900,927850000000,1050,true,5.48
"MBB",142357,"/Date(1704352950000)/",20200,700,46820400,927840000000,1050,true,5.48
"MBB",142357,"/Date(1704352950000)/",20200,300,46819700,927826000000,1050,true,5.48
"MBB",142357,"/Date(1704352950000)/",20200,1200,46819400,927820000000,1050,true,5.48
"MBB",142354,"/Date(1704352949000)/",20250,300,46818200,927796000000,1100,false,5.74
"MBB",142354,"/Date(1704352947000)/",20200,100,46817900,927790000000,1050,true,5.48
"MBB",142351,"/Date(1704352946000)/",20200,3500,46817800,927788000000,1050,true,5.48
"MBB",142351,"/Date(1704352945000)/",20200,1200,46814300,927717000000,1050,true,5.48
"MBB",142348,"/Date(1704352940000)/",20200,1200,46813100,927693000000,1050,true,5.48
"MBB",142341,"/Date(1704352937000)/",20200,1000,46811900,927668000000,1050,true,5.48
"MBB",142341,"/Date(1704352936000)/",20200,600,46810900,927648000000,1050,true,5.48
"MBB",142341,"/Date(1704352936000)/",20200,600,46810300,927636000000,1050,true,5.48
"MBB",142341,"/Date(1704352935000)/",20200,200,46809700,927624000000,1050,true,5.48
"MBB",142338,"/Date(1704352931000)/",20250,100,46809500,927620000000,1100,false,5.74
"MBB",142338,"/Date(1704352931000)/",20200,1200,46809400,927618000000,1050,true,5.48
"MBB",142335,"/Date(1704352929000)/",20200,200,46808200,927594000000,1050,true,5.48
"MBB",142335,"/Date(1704352929000)/",20200,500,46808000,927590000000,1050,true,5.48
"MBB",142335,"/Date(1704352927000)/",20200,1000,46807500,927580000000,1050,true,5.48
"MBB",142335,"/Date(1704352927000)/",20200,5700,46806500,927559000000,1050,true,5.48
"MBB",142331,"/Date(1704352926000)/",20200,1200,46800800,927444000000,1050,true,5.48
"MBB",142331,"/Date(1704352926000)/",20200,1000,46799600,927420000000,1050,true,5.48
"MBB",142331,"/Date(1704352924000)/",20250,200,46798600,927400000000,1100,false,5.74
"MBB",142328,"/Date(1704352921000)/",20200,100,46798400,927396000000,1050,true,5.48
"MBB",142328,"/Date(1704352921000)/",20200,1200,46798300,927394000000,1050,true,5.48
"MBB",142325,"/Date(1704352921000)/",20200,1400,46797100,927369000000,1050,true,5.48
"MBB",142325,"/Date(1704352920000)/",20200,100,46795700,927341000000,1050,true,5.48
"MBB",142325,"/Date(1704352918000)/",20250,12800,46795600,927339000000,1100,false,5.74
"MBB",142322,"/Date(1704352917000)/",20200,1200,46782800,927080000000,1050,true,5.48
"MBB",142322,"/Date(1704352916000)/",20200,100,46781600,927056000000,1050,true,5.48
"MBB",142319,"/Date(1704352912000)/",20200,1200,46781500,927054000000,1050,true,5.48
"MBB",142319,"/Date(1704352912000)/",20250,5000,46780300,927029000000,1100,false,5.74
"MBB",142312,"/Date(1704352907000)/",20200,1200,46775300,926928000000,1050,true,5.48
"MBB",142312,"/Date(1704352906000)/",20250,10800,46774100,926904000000,1100,false,5.74
"MBB",142312,"/Date(1704352906000)/",20250,100,46763300,926685000000,1100,false,5.74
"MBB",142312,"/Date(1704352906000)/",20250,100,46763200,926683000000,1100,false,5.74
"MBB",142312,"/Date(1704352906000)/",20250,1000,46763100,926681000000,1100,false,5.74
"MBB",142312,"/Date(1704352906000)/",20250,2000,46762100,926661000000,1100,false,5.74
"MBB",142312,"/Date(1704352906000)/",20250,300,46760100,926620000000,1100,false,5.74
"MBB",142312,"/Date(1704352906000)/",20250,100,46759800,926614000000,1100,false,5.74
"MBB",142309,"/Date(1704352903000)/",20200,1200,46759700,926612000000,1050,true,5.48
"MBB",142309,"/Date(1704352902000)/",20200,500,46758500,926588000000,1050,true,5.48
"MBB",142306,"/Date(1704352899000)/",20200,200,46758000,926578000000,1050,true,5.48
"MBB",142303,"/Date(1704352898000)/",20200,1200,46757800,926574000000,1050,true,5.48
"MBB",142303,"/Date(1704352898000)/",20200,1000,46756600,926550000000,1050,true,5.48
"MBB",142303,"/Date(1704352895000)/",20200,2000,46755600,926530000000,1050,true,5.48
"MBB",142259,"/Date(1704352894000)/",20200,1000,46753600,926489000000,1050,false,5.48
"MBB",142259,"/Date(1704352894000)/",20200,300,46752600,926469000000,1050,false,5.48
"MBB",142259,"/Date(1704352894000)/",20200,200,46752300,926463000000,1050,false,5.48
"MBB",142259,"/Date(1704352894000)/",20200,100,46752100,926459000000,1050,false,5.48
"MBB",142259,"/Date(1704352894000)/",20200,500,46752000,926457000000,1050,false,5.48
"MBB",142259,"/Date(1704352894000)/",20200,1000,46751500,926447000000,1050,false,5.48
"MBB",142259,"/Date(1704352894000)/",20200,3000,46750500,926427000000,1050,false,5.48
"MBB",142259,"/Date(1704352894000)/",20200,700,46747500,926366000000,1050,false,5.48
"MBB",142259,"/Date(1704352894000)/",20200,4300,46746800,926352000000,1050,false,5.48
"MBB",142259,"/Date(1704352894000)/",20200,500,46742500,926265000000,1050,false,5.48
"MBB",142259,"/Date(1704352894000)/",20200,100,46742000,926255000000,1050,false,5.48
"MBB",142259,"/Date(1704352894000)/",20200,200,46741900,926253000000,1050,false,5.48
"MBB",142259,"/Date(1704352894000)/",20200,8500,46741700,926249000000,1050,false,5.48
"MBB",142259,"/Date(1704352894000)/",20200,1000,46733200,926077000000,1050,false,5.48
"MBB",142259,"/Date(1704352894000)/",20200,1800,46732200,926057000000,1050,false,5.48
"MBB",142259,"/Date(1704352894000)/",20200,100,46730400,926020000000,1050,false,5.48
"MBB",142259,"/Date(1704352894000)/",20200,500,46730300,926018000000,1050,false,5.48
"MBB",142259,"/Date(1704352894000)/",20200,100,46729800,926008000000,1050,false,5.48
"MBB",142259,"/Date(1704352894000)/",20200,300,46729700,926006000000,1050,false,5.48
"MBB",142259,"/Date(1704352894000)/",20200,100,46729400,926000000000,1050,false,5.48
"MBB",142259,"/Date(1704352894000)/",20200,200,46729300,925998000000,1050,false,5.48
"MBB",142259,"/Date(1704352894000)/",20200,2000,46729100,925994000000,1050,false,5.48
"MBB",142259,"/Date(1704352894000)/",20200,300,46727100,925954000000,1050,false,5.48
"MBB",142259,"/Date(1704352894000)/",20200,3000,46726800,925948000000,1050,false,5.48
"MBB",142259,"/Date(1704352894000)/",20200,3100,46723800,925887000000,1050,false,5.48
"MBB",142259,"/Date(1704352894000)/",20200,200,46720700,925825000000,1050,false,5.48
"MBB",142259,"/Date(1704352894000)/",20200,58000,46720500,925821000000,1050,false,5.48
"MBB",142259,"/Date(1704352894000)/",20200,1000,46662500,924649000000,1050,false,5.48
"MBB",142259,"/Date(1704352894000)/",20200,500,46661500,924629000000,1050,false,5.48
"MBB",142259,"/Date(1704352894000)/",20200,1000,46661000,924619000000,1050,false,5.48
"MBB",142259,"/Date(1704352894000)/",20200,100,46660000,924598000000,1050,false,5.48
"MBB",142259,"/Date(1704352894000)/",20200,500,46659900,924596000000,1050,false,5.48
"MBB",142259,"/Date(1704352894000)/",20200,300,46659400,924586000000,1050,false,5.48
"MBB",142259,"/Date(1704352894000)/",20200,100,46659100,924580000000,1050,false,5.48
"MBB",142259,"/Date(1704352894000)/",20200,2100,46659000,924578000000,1050,false,5.48
"MBB",142259,"/Date(1704352894000)/",20200,26000,46656900,924536000000,1050,false,5.48
"MBB",142259,"/Date(1704352894000)/",20200,200,46630900,924011000000,1050,false,5.48
"MBB",142259,"/Date(1704352894000)/",20200,100,46630700,924007000000,1050,false,5.48
"MBB",142259,"/Date(1704352894000)/",20200,100,46630600,924005000000,1050,false,5.48
"MBB",142259,"/Date(1704352894000)/",20200,200,46630500,924003000000,1050,false,5.48
"MBB",142259,"/Date(1704352894000)/",20200,100,46630300,923998000000,1050,false,5.48
"MBB",142259,"/Date(1704352894000)/",20200,200,46630200,923996000000,1050,false,5.48
"MBB",142259,"/Date(1704352894000)/",20200,50000,46630000,923992000000,1050,false,5.48
"MBB",142259,"/Date(1704352894000)/",20200,1000,46580000,922982000000,1050,false,5.48
"MBB",142259,"/Date(1704352894000)/",20200,200,46579000,922962000000,1050,false,5.48
"MBB",142259,"/Date(1704352894000)/",20200,500,46578800,922958000000,1050,false,5.48
"MBB",142259,"/Date(1704352894000)/",20200,500,46578300,922948000000,1050,false,5.48
"MBB",142259,"/Date(1704352894000)/",20200,100,46577800,922938000000,1050,false,5.48
"MBB",142259,"/Date(1704352894000)/",20200,500,46577700,922936000000,1050,false,5.48
"MBB",142259,"/Date(1704352894000)/",20200,1300,46577200,922926000000,1050,false,5.48
"MBB",142259,"/Date(1704352894000)/",20200,2000,46575900,922900000000,1050,false,5.48
"MBB",142259,"/Date(1704352894000)/",20200,5000,46573900,922859000000,1050,false,5.48
"MBB",142259,"/Date(1704352894000)/",20200,200,46568900,922758000000,1050,false,5.48
"MBB",142259,"/Date(1704352894000)/",20200,300,46568700,922754000000,1050,false,5.48
"MBB",142259,"/Date(1704352894000)/",20200,200,46568400,922748000000,1050,false,5.48
"MBB",142259,"/Date(1704352894000)/",20200,500,46568200,922744000000,1050,false,5.48
"MBB",142259,"/Date(1704352894000)/",20200,200,46567700,922734000000,1050,false,5.48
"MBB",142259,"/Date(1704352894000)/",20200,500,46567500,922730000000,1050,false,5.48
"MBB",142259,"/Date(1704352894000)/",20200,3000,46567000,922720000000,1050,false,5.48
"MBB",142259,"/Date(1704352894000)/",20200,100,46564000,922659000000,1050,false,5.48
"MBB",142259,"/Date(1704352894000)/",20200,500,46563900,922657000000,1050,false,5.48
"MBB",142259,"/Date(1704352894000)/",20200,200,46563400,922647000000,1050,false,5.48
"MBB",142259,"/Date(1704352894000)/",20200,400,46563200,922643000000,1050,false,5.48
"MBB",142259,"/Date(1704352894000)/",20200,2000,46562800,922635000000,1050,false,5.48
"MBB",142259,"/Date(1704352894000)/",20200,2000,46560800,922595000000,1050,false,5.48
"MBB",142259,"/Date(1704352894000)/",20200,2100,46558800,922554000000,1050,false,5.48
"MBB",142259,"/Date(1704352894000)/",20200,100,46556700,922512000000,1050,false,5.48
"MBB",142259,"/Date(1704352894000)/",20200,5000,46556600,922510000000,1050,false,5.48
"MBB",142259,"/Date(1704352894000)/",20200,1000,46551600,922409000000,1050,false,5.48
"MBB",142259,"/Date(1704352894000)/",20200,3000,46550600,922389000000,1050,false,5.48
"MBB",142259,"/Date(1704352894000)/",20200,100,46547600,922328000000,1050,false,5.48
"MBB",142259,"/Date(1704352894000)/",20200,200,46547500,922326000000,1050,false,5.48
"MBB",142259,"/Date(1704352894000)/",20200,50000,46547300,922322000000,1050,false,5.48
"MBB",142259,"/Date(1704352894000)/",20200,5500,46497300,921312000000,1050,false,5.48
"MBB",142259,"/Date(1704352894000)/",20200,1000,46491800,921201000000,1050,false,5.48
"MBB",142259,"/Date(1704352894000)/",20200,100,46490800,921181000000,1050,false,5.48
"MBB",142259,"/Date(1704352894000)/",20200,1000,46490700,921179000000,1050,false,5.48
"MBB",142259,"/Date(1704352894000)/",20200,100,46489700,921158000000,1050,false,5.48
"MBB",142259,"/Date(1704352894000)/",20200,5000,46489600,921156000000,1050,false,5.48
"MBB",142259,"/Date(1704352894000)/",20200,100,46484600,921055000000,1050,false,5.48
"MBB",142259,"/Date(1704352894000)/",20200,100,46484500,921053000000,1050,false,5.48
"MBB",142259,"/Date(1704352894000)/",20200,60000,46484400,921051000000,1050,false,5.48
"MBB",142259,"/Date(1704352894000)/",20200,100,46424400,919839000000,1050,false,5.48
"MBB",142259,"/Date(1704352894000)/",20200,2000,46424300,919837000000,1050,false,5.48
"MBB",142259,"/Date(1704352894000)/",20200,100,46422300,919797000000,1050,false,5.48
"MBB",142259,"/Date(1704352894000)/",20200,100,46422200,919795000000,1050,false,5.48
"MBB",142259,"/Date(1704352894000)/",20200,2000,46422100,919793000000,1050,false,5.48
"MBB",142259,"/Date(1704352894000)/",20200,1600,46420100,919752000000,1050,false,5.48
"MBB",142259,"/Date(1704352894000)/",20200,12000,46418500,919720000000,1050,false,5.48
"MBB",142259,"/Date(1704352894000)/",20200,20000,46406500,919478000000,1050,false,5.48
"MBB",142259,"/Date(1704352894000)/",20200,1000,46386500,919074000000,1050,false,5.48
"MBB",142259,"/Date(1704352894000)/",20200,1800,46385500,919054000000,1050,false,5.48
"MBB",142259,"/Date(1704352894000)/",20200,500,46383700,919017000000,1050,false,5.48
"MBB",142259,"/Date(1704352894000)/",20200,300,46383200,919007000000,1050,false,5.48
"MBB",142259,"/Date(1704352894000)/",20200,1500,46382900,919001000000,1050,false,5.48
"MBB",142259,"/Date(1704352894000)/",20200,3600,46381400,918971000000,1050,false,5.48
"MBB",142259,"/Date(1704352893000)/",20150,1200,46377800,918898000000,1000,true,5.22
"MBB",142256,"/Date(1704352891000)/",20200,8400,46376600,918874000000,1050,false,5.48
"MBB",142256,"/Date(1704352891000)/",20200,300,46368200,918704000000,1050,false,5.48
"MBB",142256,"/Date(1704352891000)/",20200,1000,46367900,918698000000,1050,false,5.48
"MBB",142256,"/Date(1704352891000)/",20200,100,46366900,918678000000,1050,false,5.48
"MBB",142256,"/Date(1704352891000)/",20200,4000,46366800,918676000000,1050,false,5.48
"MBB",142256,"/Date(1704352891000)/",20200,500,46362800,918595000000,1050,false,5.48
"MBB",142256,"/Date(1704352891000)/",20200,100,46362300,918585000000,1050,false,5.48
"MBB",142256,"/Date(1704352889000)/",20150,400,46362200,918583000000,1000,true,5.22
"MBB",142253,"/Date(1704352888000)/",20150,1200,46361800,918575000000,1000,true,5.22
"MBB",142250,"/Date(1704352885000)/",20200,200,46360600,918551000000,1050,false,5.48
"MBB",142250,"/Date(1704352884000)/",20150,1200,46360400,918547000000,1000,true,5.22
"MBB",142250,"/Date(1704352884000)/",20150,15000,46359200,918522000000,1000,true,5.22
"MBB",142244,"/Date(1704352879000)/",20150,1200,46344200,918220000000,1000,true,5.22
"MBB",142240,"/Date(1704352876000)/",20150,500,46343000,918196000000,1000,true,5.22
"MBB",142240,"/Date(1704352874000)/",20200,200,46342500,918186000000,1050,false,5.48
"MBB",142240,"/Date(1704352874000)/",20200,100,46342300,918182000000,1050,false,5.48
"MBB",142240,"/Date(1704352874000)/",20200,2200,46342200,918180000000,1050,false,5.48
"MBB",142240,"/Date(1704352874000)/",20150,1200,46340000,918135000000,1000,true,5.22
"MBB",142240,"/Date(1704352873000)/",20200,800,46338800,918111000000,1050,false,5.48
"MBB",142240,"/Date(1704352873000)/",20200,1400,46338000,918095000000,1050,false,5.48
"MBB",142240,"/Date(1704352873000)/",20200,400,46336600,918067000000,1050,false,5.48
"MBB",142240,"/Date(1704352873000)/",20200,500,46336200,918059000000,1050,false,5.48
"MBB",142240,"/Date(1704352873000)/",20200,4400,46335700,918049000000,1050,false,5.48
"MBB",142240,"/Date(1704352873000)/",20200,500,46331300,917960000000,1050,false,5.48
"MBB",142240,"/Date(1704352873000)/",20200,200,46330800,917950000000,1050,false,5.48
"MBB",142240,"/Date(1704352873000)/",20200,100,46330600,917946000000,1050,false,5.48
"MBB",142240,"/Date(1704352873000)/",20200,200,46330500,917944000000,1050,false,5.48
"MBB",142240,"/Date(1704352873000)/",20200,100,46330300,917940000000,1050,false,5.48
"MBB",142240,"/Date(1704352873000)/",20200,700,46330200,917938000000,1050,false,5.48
"MBB",142240,"/Date(1704352873000)/",20200,200,46329500,917923000000,1050,false,5.48
"MBB",142240,"/Date(1704352873000)/",20200,100,46329300,917919000000,1050,false,5.48
"MBB",142240,"/Date(1704352873000)/",20200,2000,46329200,917917000000,1050,false,5.48
"MBB",142237,"/Date(1704352871000)/",20150,100,46327200,917877000000,1000,true,5.22
"MBB",142237,"/Date(1704352870000)/",20150,1200,46327100,917875000000,1000,true,5.22
"MBB",142234,"/Date(1704352869000)/",20200,10400,46325900,917851000000,1050,false,5.48
"MBB",142234,"/Date(1704352869000)/",20200,2600,46315500,917641000000,1050,false,5.48
"MBB",142234,"/Date(1704352869000)/",20200,200,46312900,917588000000,1050,false,5.48
"MBB",142234,"/Date(1704352869000)/",20200,1200,46312700,917584000000,1050,false,5.48
"MBB",142231,"/Date(1704352865000)/",20150,1200,46311500,917560000000,1000,true,5.22
"MBB",142228,"/Date(1704352862000)/",20200,800,46310300,917536000000,1050,false,5.48
"MBB",142228,"/Date(1704352862000)/",20200,500,46309500,917520000000,1050,false,5.48
"MBB",142228,"/Date(1704352862000)/",20200,3500,46309000,917509000000,1050,false,5.48
"MBB",142228,"/Date(1704352860000)/",20150,1200,46305500,917439000000,1000,true,5.22
"MBB",142221,"/Date(1704352855000)/",20150,1200,46304300,917415000000,1000,true,5.22
"MBB",142221,"/Date(1704352854000)/",20200,1000,46303100,917390000000,1050,false,5.48
"MBB",142218,"/Date(1704352851000)/",20150,1000,46302100,917370000000,1000,true,5.22
"MBB",142218,"/Date(1704352851000)/",20150,1200,46301100,917350000000,1000,true,5.22
"MBB",142215,"/Date(1704352849000)/",20150,100,46299900,917326000000,1000,true,5.22
"MBB",142215,"/Date(1704352849000)/",20150,200,46299800,917324000000,1000,true,5.22
"MBB",142211,"/Date(1704352847000)/",20150,2000,46299600,917320000000,1000,true,5.22
"MBB",142211,"/Date(1704352846000)/",20150,1200,46297600,917279000000,1000,true,5.22
"MBB",142211,"/Date(1704352846000)/",20150,1000,46296400,917255000000,1000,true,5.22
"MBB",142208,"/Date(1704352841000)/",20150,1200,46295400,917235000000,1000,true,5.22
"MBB",142205,"/Date(1704352840000)/",20150,100,46294200,917211000000,1000,true,5.22
"MBB",142205,"/Date(1704352838000)/",20200,1800,46294100,917209000000,1050,false,5.48
"MBB",142205,"/Date(1704352838000)/",20200,200,46292300,917173000000,1050,false,5.48
"MBB",142205,"/Date(1704352838000)/",20200,2000,46292100,917169000000,1050,false,5.48
"MBB",142205,"/Date(1704352838000)/",20200,500,46290100,917128000000,1050,false,5.48
"MBB",142205,"/Date(1704352838000)/",20200,100,46289600,917118000000,1050,false,5.48
"MBB",142205,"/Date(1704352838000)/",20200,100,46289500,917116000000,1050,false,5.48
"MBB",142205,"/Date(1704352838000)/",20200,700,46289400,917114000000,1050,false,5.48
"MBB",142205,"/Date(1704352838000)/",20200,3000,46288700,917100000000,1050,false,5.48
"MBB",142205,"/Date(1704352838000)/",20200,500,46285700,917039000000,1050,false,5.48
"MBB",142205,"/Date(1704352838000)/",20200,5500,46285200,917029000000,1050,false,5.48
"MBB",142202,"/Date(1704352837000)/",20150,1200,46279700,916918000000,1000,true,5.22
"MBB",142159,"/Date(1704352833000)/",20150,100,46278500,916894000000,1000,true,5.22
"MBB",142159,"/Date(1704352832000)/",20150,1200,46278400,916892000000,1000,true,5.22
"MBB",142155,"/Date(1704352831000)/",20200,8500,46277200,916868000000,1050,false,5.48
"MBB",142155,"/Date(1704352831000)/",20200,2000,46268700,916696000000,1050,false,5.48
"MBB",142155,"/Date(1704352831000)/",20200,1000,46266700,916656000000,1050,false,5.48
"MBB",142155,"/Date(1704352831000)/",20200,200,46265700,916635000000,1050,false,5.48
"MBB",142152,"/Date(1704352828000)/",20150,100,46265500,916631000000,1000,true,5.22
"MBB",142152,"/Date(1704352827000)/",20150,1200,46265400,916629000000,1000,true,5.22
"MBB",142149,"/Date(1704352824000)/",20150,1500,46264200,916605000000,1000,true,5.22
"MBB",142149,"/Date(1704352822000)/",20150,500,46262700,916575000000,1000,true,5.22
"MBB",142149,"/Date(1704352822000)/",20150,1200,46262200,916565000000,1000,true,5.22
"MBB",142149,"/Date(1704352822000)/",20150,1000,46261000,916541000000,1000,true,5.22
"MBB",142143,"/Date(1704352818000)/",20150,1200,46260000,916521000000,1000,true,5.22
"MBB",142143,"/Date(1704352816000)/",20200,300,46258800,916496000000,1050,false,5.48
"MBB",142143,"/Date(1704352816000)/",20200,200,46258500,916490000000,1050,false,5.48
"MBB",142143,"/Date(1704352816000)/",20200,100,46258300,916486000000,1050,false,5.48
"MBB",142143,"/Date(1704352815000)/",20150,100,46258200,916484000000,1000,true,5.22
"MBB",142139,"/Date(1704352815000)/",20150,100,46258100,916482000000,1000,true,5.22
"MBB",142139,"/Date(1704352813000)/",20150,900,46258000,916480000000,1000,true,5.22
"MBB",142139,"/Date(1704352813000)/",20150,1200,46257100,916462000000,1000,true,5.22
"MBB",142139,"/Date(1704352812000)/",20150,500,46255900,916438000000,1000,true,5.22
"MBB",142136,"/Date(1704352809000)/",20150,1000,46255400,916428000000,1000,true,5.22
"MBB",142133,"/Date(1704352808000)/",20150,1200,46254400,916408000000,1000,true,5.22
"MBB",142130,"/Date(1704352804000)/",20150,1200,46253200,916383000000,1000,true,5.22
"MBB",142130,"/Date(1704352803000)/",20200,100,46252000,916359000000,1050,false,5.48
"MBB",142130,"/Date(1704352803000)/",20200,100,46251900,916357000000,1050,false,5.48
"MBB",142130,"/Date(1704352803000)/",20200,100,46251800,916355000000,1050,false,5.48
"MBB",142130,"/Date(1704352803000)/",20200,100,46251700,916353000000,1050,false,5.48
"MBB",142130,"/Date(1704352803000)/",20200,300,46251600,916351000000,1050,false,5.48
"MBB",142130,"/Date(1704352803000)/",20200,300,46251300,916345000000,1050,false,5.48
"MBB",142130,"/Date(1704352803000)/",20200,700,46251000,916339000000,1050,false,5.48
"MBB",142130,"/Date(1704352803000)/",20200,200,46250300,916325000000,1050,false,5.48
"MBB",142130,"/Date(1704352803000)/",20200,200,46250100,916321000000,1050,false,5.48
"MBB",142130,"/Date(1704352803000)/",20200,2800,46249900,916317000000,1050,false,5.48
"MBB",142130,"/Date(1704352803000)/",20200,300,46247100,916260000000,1050,false,5.48
"MBB",142130,"/Date(1704352803000)/",20200,100,46246800,916254000000,1050,false,5.48
"MBB",142130,"/Date(1704352803000)/",20200,200,46246700,916252000000,1050,false,5.48
"MBB",142130,"/Date(1704352803000)/",20200,200,46246500,916248000000,1050,false,5.48
"MBB",142130,"/Date(1704352803000)/",20200,100,46246300,916244000000,1050,false,5.48
"MBB",142130,"/Date(1704352803000)/",20200,200,46246200,916242000000,1050,false,5.48
"MBB",142130,"/Date(1704352803000)/",20200,100,46246000,916238000000,1050,false,5.48
"MBB",142130,"/Date(1704352803000)/",20200,200,46245900,916236000000,1050,false,5.48
"MBB",142130,"/Date(1704352803000)/",20200,400,46245700,916232000000,1050,false,5.48
"MBB",142130,"/Date(1704352803000)/",20200,200,46245300,916224000000,1050,false,5.48
"MBB",142130,"/Date(1704352803000)/",20200,1000,46245100,916220000000,1050,false,5.48
"MBB",142130,"/Date(1704352803000)/",20200,2800,46244100,916200000000,1050,false,5.48
"MBB",142130,"/Date(1704352803000)/",20200,300,46241300,916143000000,1050,false,5.48
"MBB",142130,"/Date(1704352803000)/",20150,10200,46241000,916137000000,1000,true,5.22
"MBB",142130,"/Date(1704352803000)/",20200,100,46230800,915932000000,1050,false,5.48
"MBB",142123,"/Date(1704352799000)/",20150,1200,46230700,915930000000,1000,true,5.22
"MBB",142120,"/Date(1704352794000)/",20150,1200,46229500,915905000000,1000,true,5.22
"MBB",142117,"/Date(1704352790000)/",20200,5000,46228300,915881000000,1050,false,5.48
"MBB",142114,"/Date(1704352789000)/",20150,1200,46223300,915780000000,1000,true,5.22
"MBB",142114,"/Date(1704352787000)/",20200,300,46222100,915756000000,1050,false,5.48
"MBB",142111,"/Date(1704352785000)/",20150,1200,46221800,915750000000,1000,true,5.22
"MBB",142107,"/Date(1704352782000)/",20150,200,46220600,915726000000,1000,true,5.22
"MBB",142107,"/Date(1704352780000)/",20150,1200,46220400,915722000000,1000,true,5.22
"MBB",142104,"/Date(1704352777000)/",20200,500,46219200,915698000000,1050,false,5.48
"MBB",142101,"/Date(1704352775000)/",20150,500,46218700,915687000000,1000,true,5.22
"MBB",142101,"/Date(1704352775000)/",20150,100,46218200,915677000000,1000,true,5.22
"MBB",142101,"/Date(1704352775000)/",20150,100,46218100,915675000000,1000,true,5.22
"MBB",142101,"/Date(1704352775000)/",20150,300,46218000,915673000000,1000,true,5.22
"MBB",142101,"/Date(1704352775000)/",20150,200,46217700,915667000000,1000,true,5.22
"MBB",142101,"/Date(1704352775000)/",20150,3000,46217500,915663000000,1000,true,5.22
"MBB",142101,"/Date(1704352773000)/",20150,2500,46214500,915603000000,1000,true,5.22
"MBB",142058,"/Date(1704352771000)/",20150,1200,46212000,915552000000,1000,true,5.22
"MBB",142055,"/Date(1704352770000)/",20150,3100,46210800,915528000000,1000,true,5.22
"MBB",142055,"/Date(1704352770000)/",20150,10000,46207700,915466000000,1000,true,5.22
"MBB",142055,"/Date(1704352770000)/",20150,36900,46197700,915264000000,1000,true,5.22
"MBB",142051,"/Date(1704352766000)/",20150,1200,46160800,914521000000,1000,true,5.22
"MBB",142051,"/Date(1704352766000)/",20150,2000,46159600,914497000000,1000,true,5.22
"MBB",142051,"/Date(1704352764000)/",20150,5300,46157600,914456000000,1000,true,5.22
"MBB",142048,"/Date(1704352762000)/",20150,200,46152300,914350000000,1000,true,5.22
"MBB",142048,"/Date(1704352761000)/",20150,600,46152100,914345000000,1000,true,5.22
"MBB",142048,"/Date(1704352761000)/",20200,1000,46151500,914333000000,1050,false,5.48
"MBB",142048,"/Date(1704352761000)/",20200,1000,46150500,914313000000,1050,false,5.48
"MBB",142048,"/Date(1704352761000)/",20200,100,46149500,914293000000,1050,false,5.48
"MBB",142048,"/Date(1704352761000)/",20200,300,46149400,914291000000,1050,false,5.48
"MBB",142048,"/Date(1704352761000)/",20200,500,46149100,914285000000,1050,false,5.48
"MBB",142048,"/Date(1704352761000)/",20200,200,46148600,914275000000,1050,false,5.48
"MBB",142048,"/Date(1704352761000)/",20200,100,46148400,914271000000,1050,false,5.48
"MBB",142048,"/Date(1704352761000)/",20200,500,46148300,914269000000,1050,false,5.48
"MBB",142048,"/Date(1704352761000)/",20200,1000,46147800,914259000000,1050,false,5.48
"MBB",142048,"/Date(1704352761000)/",20200,300,46146800,914238000000,1050,false,5.48
"MBB",142048,"/Date(1704352761000)/",20150,1200,46146500,914232000000,1000,true,5.22
"MBB",142048,"/Date(1704352761000)/",20150,30000,46145300,914208000000,1000,true,5.22
"MBB",142045,"/Date(1704352760000)/",20150,100,46115300,913604000000,1000,true,5.22
"MBB",142042,"/Date(1704352756000)/",20200,2000,46115200,913602000000,1050,false,5.48
"MBB",142042,"/Date(1704352756000)/",20150,1000,46113200,913561000000,1000,true,5.22
"MBB",142042,"/Date(1704352756000)/",20150,1200,46112200,913541000000,1000,true,5.22
"MBB",142039,"/Date(1704352752000)/",20150,1200,46111000,913517000000,1000,true,5.22
"MBB",142039,"/Date(1704352752000)/",20200,2700,46109800,913493000000,1050,false,5.48
"MBB",142039,"/Date(1704352752000)/",20200,1800,46107100,913438000000,1050,false,5.48
"MBB",142039,"/Date(1704352752000)/",20200,2000,46105300,913402000000,1050,false,5.48
"MBB",142039,"/Date(1704352752000)/",20200,500,46103300,913361000000,1050,false,5.48
"MBB",142039,"/Date(1704352752000)/",20200,300,46102800,913351000000,1050,false,5.48
"MBB",142039,"/Date(1704352752000)/",20200,200,46102500,913345000000,1050,false,5.48
"MBB",142039,"/Date(1704352752000)/",20200,5600,46102300,913341000000,1050,false,5.48
"MBB",142039,"/Date(1704352752000)/",20200,1300,46096700,913228000000,1050,false,5.48
"MBB",142035,"/Date(1704352749000)/",20150,19100,46095400,913202000000,1000,false,5.22
"MBB",142032,"/Date(1704352748000)/",20150,2000,46076300,912817000000,1000,true,5.22
"MBB",142032,"/Date(1704352748000)/",20150,100,46074300,912777000000,1000,true,5.22
"MBB",142032,"/Date(1704352748000)/",20150,500,46074200,912775000000,1000,true,5.22
"MBB",142032,"/Date(1704352748000)/",20150,500,46073700,912765000000,1000,true,5.22
"MBB",142032,"/Date(1704352748000)/",20150,500,46073200,912755000000,1000,true,5.22
"MBB",142032,"/Date(1704352748000)/",20150,2300,46072700,912745000000,1000,true,5.22
"MBB",142032,"/Date(1704352748000)/",20150,500,46070400,912698000000,1000,true,5.22
"MBB",142032,"/Date(1704352747000)/",20150,1200,46069900,912688000000,1000,true,5.22
"MBB",142032,"/Date(1704352745000)/",20200,5000,46068700,912664000000,1050,false,5.48
"MBB",142032,"/Date(1704352745000)/",20200,100,46063700,912563000000,1050,false,5.48
"MBB",142032,"/Date(1704352745000)/",20200,500,46063600,912561000000,1050,false,5.48
"MBB",142032,"/Date(1704352745000)/",20200,100,46063100,912551000000,1050,false,5.48
"MBB",142032,"/Date(1704352745000)/",20200,100,46063000,912549000000,1050,false,5.48
"MBB",142032,"/Date(1704352745000)/",20200,100,46062900,912547000000,1050,false,5.48
"MBB",142032,"/Date(1704352745000)/",20200,3400,46062800,912545000000,1050,false,5.48
"MBB",142032,"/Date(1704352745000)/",20200,300,46059400,912476000000,1050,false,5.48
"MBB",142032,"/Date(1704352745000)/",20200,500,46059100,912470000000,1050,false,5.48
"MBB",142032,"/Date(1704352745000)/",20200,100,46058600,912460000000,1050,false,5.48
"MBB",142032,"/Date(1704352745000)/",20200,700,46058500,912458000000,1050,false,5.48
"MBB",142032,"/Date(1704352745000)/",20200,500,46057800,912444000000,1050,false,5.48
"MBB",142032,"/Date(1704352745000)/",20200,100,46057300,912434000000,1050,false,5.48
"MBB",142032,"/Date(1704352745000)/",20200,100,46057200,912432000000,1050,false,5.48
"MBB",142032,"/Date(1704352745000)/",20200,400,46057100,912430000000,1050,false,5.48
"MBB",142032,"/Date(1704352745000)/",20150,3000,46056700,912422000000,1000,true,5.22
"MBB",142029,"/Date(1704352744000)/",20150,3000,46053700,912361000000,1000,true,5.22
"MBB",142029,"/Date(1704352744000)/",20150,9100,46050700,912301000000,1000,true,5.22
"MBB",142029,"/Date(1704352744000)/",20150,200,46041600,912117000000,1000,true,5.22
"MBB",142029,"/Date(1704352744000)/",20150,3700,46041400,912113000000,1000,true,5.22
"MBB",142029,"/Date(1704352744000)/",20150,1300,46037700,912039000000,1000,true,5.22
"MBB",142029,"/Date(1704352744000)/",20150,10000,46036400,912012000000,1000,true,5.22
"MBB",142029,"/Date(1704352744000)/",20150,6800,46026400,911811000000,1000,true,5.22
"MBB",142029,"/Date(1704352742000)/",20150,1200,46019600,911674000000,1000,true,5.22
"MBB",142029,"/Date(1704352742000)/",20150,2000,46018400,911650000000,1000,true,5.22
"MBB",142029,"/Date(1704352742000)/",20150,11900,46016400,911609000000,1000,true,5.22
"MBB",142029,"/Date(1704352742000)/",20150,3000,46004500,911370000000,1000,true,5.22
"MBB",142029,"/Date(1704352742000)/",20150,6000,46001500,911309000000,1000,true,5.22
"MBB",142029,"/Date(1704352742000)/",20150,15000,45995500,911188000000,1000,true,5.22
"MBB",142029,"/Date(1704352742000)/",20150,200,45980500,910886000000,1000,true,5.22
"MBB",142029,"/Date(1704352742000)/",20150,5000,45980300,910882000000,1000,true,5.22
"MBB",142029,"/Date(1704352742000)/",20150,1000,45975300,910781000000,1000,true,5.22
"MBB",142029,"/Date(1704352742000)/",20150,2000,45974300,910761000000,1000,true,5.22
"MBB",142029,"/Date(1704352742000)/",20150,3900,45972300,910721000000,1000,true,5.22
"MBB",142026,"/Date(1704352740000)/",20150,1000,45968400,910642000000,1000,true,5.22
"MBB",142026,"/Date(1704352739000)/",20150,14000,45967400,910622000000,1000,true,5.22
"MBB",142026,"/Date(1704352739000)/",20150,36000,45953400,910340000000,1000,true,5.22
"MBB",142023,"/Date(1704352737000)/",20150,1200,45917400,909615000000,1000,true,5.22
"MBB",142023,"/Date(1704352736000)/",20150,300,45916200,909590000000,1000,true,5.22
"MBB",142019,"/Date(1704352733000)/",20150,1200,45915900,909584000000,1000,true,5.22
"MBB",142013,"/Date(1704352728000)/",20150,1200,45914700,909560000000,1000,true,5.22
"MBB",142013,"/Date(1704352727000)/",20150,200,45913500,909536000000,1000,true,5.22
"MBB",142013,"/Date(1704352727000)/",20150,500,45913300,909532000000,1000,true,5.22
"MBB",142010,"/Date(1704352724000)/",20150,100,45912800,909522000000,1000,true,5.22
"MBB",142010,"/Date(1704352723000)/",20150,1200,45912700,909520000000,1000,true,5.22
"MBB",142007,"/Date(1704352721000)/",20150,58100,45911500,909496000000,1000,true,5.22
"MBB",142007,"/Date(1704352721000)/",20150,1000,45853400,908325000000,1000,true,5.22
"MBB",142007,"/Date(1704352721000)/",20150,200,45852400,908305000000,1000,true,5.22
"MBB",142007,"/Date(1704352721000)/",20150,500,45852200,908301000000,1000,true,5.22
"MBB",142007,"/Date(1704352721000)/",20150,4000,45851700,908291000000,1000,true,5.22
"MBB",142007,"/Date(1704352721000)/",20150,100,45847700,908210000000,1000,true,5.22
"MBB",142007,"/Date(1704352721000)/",20150,300,45847600,908208000000,1000,true,5.22
"MBB",142007,"/Date(1704352721000)/",20150,1000,45847300,908202000000,1000,true,5.22
"MBB",142007,"/Date(1704352721000)/",20150,20000,45846300,908182000000,1000,true,5.22
"MBB",142007,"/Date(1704352721000)/",20150,100,45826300,907779000000,1000,true,5.22
"MBB",142007,"/Date(1704352721000)/",20150,14700,45826200,907777000000,1000,true,5.22
"MBB",142007,"/Date(1704352720000)/",20200,5700,45811500,907481000000,1050,false,5.48
"MBB",142007,"/Date(1704352720000)/",20200,100,45805800,907366000000,1050,false,5.48
"MBB",142007,"/Date(1704352720000)/",20200,300,45805700,907364000000,1050,false,5.48
"MBB",142007,"/Date(1704352720000)/",20200,1500,45805400,907358000000,1050,false,5.48
"MBB",142007,"/Date(1704352720000)/",20200,1800,45803900,907327000000,1050,false,5.48
"MBB",142007,"/Date(1704352720000)/",20200,1000,45802100,907291000000,1050,false,5.48
"MBB",142007,"/Date(1704352720000)/",20200,300,45801100,907271000000,1050,false,5.48
"MBB",142007,"/Date(1704352720000)/",20200,3700,45800800,907265000000,1050,false,5.48
"MBB",142007,"/Date(1704352719000)/",20150,1200,45797100,907190000000,1000,true,5.22
"MBB",142000,"/Date(1704352714000)/",20150,900,45795900,907166000000,1000,true,5.22
"MBB",142000,"/Date(1704352714000)/",20150,1200,45795000,907148000000,1000,true,5.22
"MBB",141957,"/Date(1704352712000)/",20150,9600,45793800,907123000000,1000,true,5.22
"MBB",141954,"/Date(1704352709000)/",20150,1200,45784200,906930000000,1000,true,5.22
"MBB",141954,"/Date(1704352707000)/",20200,1700,45783000,906906000000,1050,false,5.48
"MBB",141951,"/Date(1704352706000)/",20200,500,45781300,906871000000,1050,false,5.48
"MBB",141951,"/Date(1704352704000)/",20150,1200,45780800,906861000000,1000,true,5.22
"MBB",141947,"/Date(1704352702000)/",20200,500,45779600,906837000000,1050,false,5.48
"MBB",141947,"/Date(1704352701000)/",20200,3600,45779100,906827000000,1050,false,5.48
"MBB",141947,"/Date(1704352701000)/",20200,200,45775500,906754000000,1050,false,5.48
"MBB",141947,"/Date(1704352701000)/",20200,200,45775300,906750000000,1050,false,5.48
"MBB",141947,"/Date(1704352701000)/",20200,2000,45775100,906746000000,1050,false,5.48
"MBB",141947,"/Date(1704352701000)/",20200,100,45773100,906706000000,1050,false,5.48
"MBB",141947,"/Date(1704352701000)/",20200,100,45773000,906704000000,1050,false,5.48
"MBB",141947,"/Date(1704352701000)/",20200,100,45772900,906702000000,1050,false,5.48
"MBB",141947,"/Date(1704352701000)/",20200,100,45772800,906700000000,1050,false,5.48
"MBB",141947,"/Date(1704352701000)/",20200,100,45772700,906698000000,1050,false,5.48
"MBB",141947,"/Date(1704352701000)/",20200,100,45772600,906696000000,1050,false,5.48
"MBB",141947,"/Date(1704352701000)/",20200,300,45772500,906694000000,1050,false,5.48
"MBB",141947,"/Date(1704352701000)/",20200,4000,45772200,906688000000,1050,false,5.48
"MBB",141947,"/Date(1704352701000)/",20200,100,45768200,906607000000,1050,false,5.48
"MBB",141947,"/Date(1704352701000)/",20200,3400,45768100,906605000000,1050,false,5.48
"MBB",141947,"/Date(1704352700000)/",20150,1200,45764700,906536000000,1000,true,5.22
"MBB",141944,"/Date(1704352697000)/",20150,100,45763500,906512000000,1000,true,5.22
"MBB",141941,"/Date(1704352697000)/",20200,1800,45763400,906510000000,1050,false,5.48
"MBB",141941,"/Date(1704352697000)/",20200,4200,45761600,906474000000,1050,false,5.48
"MBB",141941,"/Date(1704352695000)/",20150,1200,45757400,906389000000,1000,true,5.22
"MBB",141938,"/Date(1704352690000)/",20150,3000,45756200,906365000000,1000,true,5.22
"MBB",141935,"/Date(1704352690000)/",20150,1200,45753200,906304000000,1000,true,5.22
"MBB",141935,"/Date(1704352689000)/",20150,3800,45752000,906280000000,1000,true,5.22
"MBB",141931,"/Date(1704352686000)/",20150,1200,45748200,906203000000,1000,true,5.22
"MBB",141928,"/Date(1704352683000)/",20200,100,45747000,906179000000,1050,false,5.48
"MBB",141928,"/Date(1704352681000)/",20150,1200,45746900,906177000000,1000,true,5.22
"MBB",141922,"/Date(1704352676000)/",20150,100,45745700,906153000000,1000,true,5.22
"MBB",141922,"/Date(1704352676000)/",20150,1200,45745600,906151000000,1000,true,5.22
"MBB",141922,"/Date(1704352675000)/",20150,5800,45744400,906127000000,1000,true,5.22
"MBB",141922,"/Date(1704352675000)/",20150,100,45738600,906010000000,1000,true,5.22
"MBB",141922,"/Date(1704352675000)/",20150,1000,45738500,906008000000,1000,true,5.22
"MBB",141922,"/Date(1704352675000)/",20150,500,45737500,905988000000,1000,true,5.22
"MBB",141922,"/Date(1704352675000)/",20150,200,45737000,905978000000,1000,true,5.22
"MBB",141922,"/Date(1704352675000)/",20150,2400,45736800,905974000000,1000,true,5.22
"MBB",141922,"/Date(1704352675000)/",20150,200,45734400,905925000000,1000,true,5.22
"MBB",141919,"/Date(1704352671000)/",20150,1200,45734200,905921000000,1000,true,5.22
"MBB",141915,"/Date(1704352671000)/",20150,300,45733000,905897000000,1000,true,5.22
"MBB",141915,"/Date(1704352669000)/",20150,1000,45732700,905891000000,1000,true,5.22
"MBB",141915,"/Date(1704352669000)/",20200,5700,45731700,905871000000,1050,false,5.48
"MBB",141915,"/Date(1704352669000)/",20200,200,45726000,905756000000,1050,false,5.48
"MBB",141915,"/Date(1704352669000)/",20200,1000,45725800,905752000000,1050,false,5.48
"MBB",141915,"/Date(1704352669000)/",20200,100,45724800,905731000000,1050,false,5.48
"MBB",141915,"/Date(1704352669000)/",20200,200,45724700,905729000000,1050,false,5.48
"MBB",141915,"/Date(1704352669000)/",20200,2800,45724500,905725000000,1050,false,5.48
"MBB",141915,"/Date(1704352668000)/",20150,100,45721700,905669000000,1000,true,5.22
"MBB",141915,"/Date(1704352668000)/",20150,1000,45721600,905667000000,1000,true,5.22
"MBB",141912,"/Date(1704352667000)/",20150,1200,45720600,905647000000,1000,true,5.22
"MBB",141912,"/Date(1704352666000)/",20150,1000,45719400,905623000000,1000,true,5.22
"MBB",141912,"/Date(1704352665000)/",20200,2200,45718400,905602000000,1050,false,5.48
"MBB",141912,"/Date(1704352665000)/",20200,2800,45716200,905558000000,1050,false,5.48
"MBB",141909,"/Date(1704352663000)/",20150,2000,45713400,905501000000,1000,true,5.22
"MBB",141909,"/Date(1704352663000)/",20150,400,45711400,905461000000,1000,true,5.22
"MBB",141909,"/Date(1704352662000)/",20150,1200,45711000,905453000000,1000,true,5.22
"MBB",141903,"/Date(1704352658000)/",20200,1000,45709800,905429000000,1050,false,5.48
"MBB",141903,"/Date(1704352657000)/",20200,1200,45708800,905409000000,1050,false,5.48
"MBB",141903,"/Date(1704352657000)/",20200,100,45707600,905384000000,1050,false,5.48
"MBB",141903,"/Date(1704352657000)/",20200,500,45707500,905382000000,1050,false,5.48
"MBB",141903,"/Date(1704352657000)/",20200,200,45707000,905372000000,1050,false,5.48
"MBB",141903,"/Date(1704352657000)/",20200,500,45706800,905368000000,1050,false,5.48
"MBB",141903,"/Date(1704352657000)/",20200,600,45706300,905358000000,1050,false,5.48
"MBB",141903,"/Date(1704352657000)/",20200,400,45705700,905346000000,1050,false,5.48
"MBB",141903,"/Date(1704352657000)/",20200,800,45705300,905338000000,1050,false,5.48
"MBB",141903,"/Date(1704352657000)/",20200,8100,45704500,905322000000,1050,false,5.48
"MBB",141903,"/Date(1704352657000)/",20150,1200,45696400,905158000000,1000,true,5.22
"MBB",141903,"/Date(1704352656000)/",20150,6800,45695200,905134000000,1000,true,5.22
"MBB",141903,"/Date(1704352656000)/",20150,12900,45688400,904997000000,1000,true,5.22
"MBB",141903,"/Date(1704352656000)/",20150,10300,45675500,904737000000,1000,true,5.22
"MBB",141903,"/Date(1704352656000)/",20150,30000,45665200,904529000000,1000,true,5.22
"MBB",141903,"/Date(1704352655000)/",20150,500,45635200,903925000000,1000,true,5.22
"MBB",141859,"/Date(1704352653000)/",20200,100,45634700,903915000000,1050,false,5.48
"MBB",141859,"/Date(1704352653000)/",20150,1200,45634600,903913000000,1000,true,5.22
"MBB",141859,"/Date(1704352653000)/",20150,2000,45633400,903889000000,1000,true,5.22
"MBB",141859,"/Date(1704352652000)/",20150,42000,45631400,903848000000,1000,true,5.22
"MBB",141856,"/Date(1704352649000)/",20150,10000,45589400,903002000000,1000,true,5.22
"MBB",141853,"/Date(1704352648000)/",20200,200,45579400,902801000000,1050,false,5.48
"MBB",141853,"/Date(1704352648000)/",20150,1200,45579200,902797000000,1000,true,5.22
"MBB",141853,"/Date(1704352647000)/",20200,1600,45578000,902772000000,1050,false,5.48
"MBB",141853,"/Date(1704352647000)/",20200,3000,45576400,902740000000,1050,false,5.48
"MBB",141853,"/Date(1704352647000)/",20200,2000,45573400,902679000000,1050,false,5.48
"MBB",141853,"/Date(1704352647000)/",20200,100,45571400,902639000000,1050,false,5.48
"MBB",141853,"/Date(1704352647000)/",20200,3000,45571300,902637000000,1050,false,5.48
"MBB",141853,"/Date(1704352647000)/",20200,1200,45568300,902576000000,1050,false,5.48
"MBB",141853,"/Date(1704352647000)/",20200,200,45567100,902552000000,1050,false,5.48
"MBB",141853,"/Date(1704352647000)/",20200,1800,45566900,902548000000,1050,false,5.48
"MBB",141853,"/Date(1704352647000)/",20150,2800,45565100,902512000000,1000,true,5.22
"MBB",141853,"/Date(1704352647000)/",20150,11200,45562300,902455000000,1000,true,5.22
"MBB",141853,"/Date(1704352647000)/",20150,100,45551100,902230000000,1000,true,5.22
"MBB",141853,"/Date(1704352647000)/",20150,5000,45551000,902228000000,1000,true,5.22
"MBB",141853,"/Date(1704352647000)/",20150,6800,45546000,902127000000,1000,true,5.22
"MBB",141853,"/Date(1704352647000)/",20150,600,45539200,901990000000,1000,true,5.22
"MBB",141853,"/Date(1704352647000)/",20150,300,45538600,901978000000,1000,true,5.22
"MBB",141853,"/Date(1704352647000)/",20150,400,45538300,901972000000,1000,true,5.22
"MBB",141853,"/Date(1704352647000)/",20150,500,45537900,901964000000,1000,true,5.22
"MBB",141853,"/Date(1704352647000)/",20150,2300,45537400,901954000000,1000,true,5.22
"MBB",141853,"/Date(1704352647000)/",20150,4500,45535100,901907000000,1000,true,5.22
"MBB",141853,"/Date(1704352647000)/",20150,25500,45530600,901817000000,1000,true,5.22
"MBB",141850,"/Date(1704352645000)/",20150,2000,45505100,901303000000,1000,true,5.22
"MBB",141850,"/Date(1704352644000)/",20150,5000,45503100,901263000000,1000,true,5.22
"MBB",141850,"/Date(1704352643000)/",20150,1200,45498100,901162000000,1000,true,5.22
"MBB",141850,"/Date(1704352643000)/",20200,1200,45496900,901138000000,1050,false,5.48
"MBB",141850,"/Date(1704352643000)/",20200,100,45495700,901113000000,1050,false,5.48
"MBB",141850,"/Date(1704352643000)/",20200,3000,45495600,901111000000,1050,false,5.48
"MBB",141850,"/Date(1704352643000)/",20200,1000,45492600,901051000000,1050,false,5.48
"MBB",141850,"/Date(1704352643000)/",20200,2000,45491600,901031000000,1050,false,5.48
"MBB",141850,"/Date(1704352643000)/",20200,1000,45489600,900990000000,1050,false,5.48
"MBB",141850,"/Date(1704352643000)/",20200,1200,45488600,900970000000,1050,false,5.48
"MBB",141850,"/Date(1704352643000)/",20200,1000,45487400,900946000000,1050,false,5.48
"MBB",141850,"/Date(1704352643000)/",20200,700,45486400,900925000000,1050,false,5.48
"MBB",141847,"/Date(1704352640000)/",20150,100,45485700,900911000000,1000,true,5.22
"MBB",141847,"/Date(1704352639000)/",20150,7000,45485600,900909000000,1000,true,5.22
"MBB",141843,"/Date(1704352638000)/",20150,1200,45478600,900768000000,1000,true,5.22
"MBB",141840,"/Date(1704352634000)/",20150,1200,45477400,900744000000,1000,true,5.22
"MBB",141840,"/Date(1704352633000)/",20150,100,45476200,900720000000,1000,true,5.22
"MBB",141837,"/Date(1704352630000)/",20150,1000,45476100,900718000000,1000,true,5.22
"MBB",141834,"/Date(1704352629000)/",20150,2100,45475100,900698000000,1000,true,5.22
"MBB",141834,"/Date(1704352629000)/",20150,1200,45473000,900655000000,1000,true,5.22
"MBB",141834,"/Date(1704352628000)/",20200,600,45471800,900631000000,1050,false,5.48
"MBB",141834,"/Date(1704352626000)/",20150,5000,45471200,900619000000,1000,true,5.22
"MBB",141831,"/Date(1704352625000)/",20150,30000,45466200,900518000000,1000,true,5.22
"MBB",141831,"/Date(1704352625000)/",20200,700,45436200,899914000000,1050,false,5.48
"MBB",141831,"/Date(1704352625000)/",20200,1000,45435500,899900000000,1050,false,5.48
"MBB",141831,"/Date(1704352625000)/",20200,1300,45434500,899880000000,1050,false,5.48
"MBB",141831,"/Date(1704352624000)/",20150,1200,45433200,899853000000,1000,true,5.22
"MBB",141831,"/Date(1704352623000)/",20200,200,45432000,899829000000,1050,false,5.48
"MBB",141831,"/Date(1704352623000)/",20200,300,45431800,899825000000,1050,false,5.48
"MBB",141831,"/Date(1704352623000)/",20200,800,45431500,899819000000,1050,false,5.48
"MBB",141831,"/Date(1704352623000)/",20200,2800,45430700,899803000000,1050,false,5.48
"MBB",141831,"/Date(1704352623000)/",20200,200,45427900,899746000000,1050,false,5.48
"MBB",141831,"/Date(1704352623000)/",20200,200,45427700,899742000000,1050,false,5.48
"MBB",141831,"/Date(1704352623000)/",20200,300,45427500,899738000000,1050,false,5.48
"MBB",141831,"/Date(1704352623000)/",20200,400,45427200,899732000000,1050,false,5.48
"MBB",141831,"/Date(1704352623000)/",20200,100,45426800,899724000000,1050,false,5.48
"MBB",141831,"/Date(1704352623000)/",20200,200,45426700,899722000000,1050,false,5.48
"MBB",141831,"/Date(1704352623000)/",20200,300,45426500,899718000000,1050,false,5.48
"MBB",141831,"/Date(1704352623000)/",20150,300,45426200,899712000000,1000,true,5.22
"MBB",141831,"/Date(1704352623000)/",20200,300,45425900,899706000000,1050,false,5.48
"MBB",141827,"/Date(1704352623000)/",20200,300,45425600,899700000000,1050,false,5.48
"MBB",141827,"/Date(1704352623000)/",20200,4400,45425300,899694000000,1050,false,5.48
"MBB",141827,"/Date(1704352623000)/",20200,100,45420900,899605000000,1050,false,5.48
"MBB",141827,"/Date(1704352623000)/",20200,300,45420800,899603000000,1050,false,5.48
"MBB",141827,"/Date(1704352621000)/",20200,37500,45420500,899597000000,1050,false,5.48
"MBB",141827,"/Date(1704352621000)/",20200,300,45383000,898839000000,1050,false,5.48
"MBB",141827,"/Date(1704352621000)/",20200,5000,45382700,898833000000,1050,false,5.48
"MBB",141827,"/Date(1704352621000)/",20200,3000,45377700,898732000000,1050,false,5.48
"MBB",141827,"/Date(1704352621000)/",20200,50000,45374700,898672000000,1050,false,5.48
"MBB",141827,"/Date(1704352621000)/",20200,1500,45324700,897662000000,1050,false,5.48
"MBB",141827,"/Date(1704352621000)/",20200,3100,45323200,897631000000,1050,false,5.48
"MBB",141827,"/Date(1704352621000)/",20200,1000,45320100,897569000000,1050,false,5.48
"MBB",141827,"/Date(1704352621000)/",20200,100,45319100,897549000000,1050,false,5.48
"MBB",141827,"/Date(1704352621000)/",20200,500,45319000,897547000000,1050,false,5.48
"MBB",141827,"/Date(1704352621000)/",20200,7100,45318500,897536000000,1050,false,5.48
"MBB",141827,"/Date(1704352621000)/",20150,25000,45311400,897393000000,1000,true,5.22
"MBB",141827,"/Date(1704352621000)/",20150,400,45286400,896889000000,1000,true,5.22
"MBB",141827,"/Date(1704352621000)/",20150,4600,45286000,896881000000,1000,true,5.22
"MBB",141827,"/Date(1704352621000)/",20150,400,45281400,896788000000,1000,true,5.22
"MBB",141827,"/Date(1704352621000)/",20150,2600,45281000,896780000000,1000,true,5.22
"MBB",141827,"/Date(1704352620000)/",20150,1200,45278400,896728000000,1000,true,5.22
"MBB",141824,"/Date(1704352617000)/",20150,100,45277200,896704000000,1000,true,5.22
"MBB",141821,"/Date(1704352615000)/",20150,1200,45277100,896702000000,1000,true,5.22
"MBB",141821,"/Date(1704352614000)/",20200,2900,45275900,896678000000,1050,false,5.48
"MBB",141821,"/Date(1704352614000)/",20200,100,45273000,896619000000,1050,false,5.48
"MBB",141821,"/Date(1704352614000)/",20200,200,45272900,896617000000,1050,false,5.48
"MBB",141821,"/Date(1704352614000)/",20200,1000,45272700,896613000000,1050,false,5.48
"MBB",141821,"/Date(1704352614000)/",20200,3000,45271700,896593000000,1050,false,5.48
"MBB",141821,"/Date(1704352614000)/",20200,1000,45268700,896532000000,1050,false,5.48
"MBB",141821,"/Date(1704352614000)/",20200,100,45267700,896512000000,1050,false,5.48
"MBB",141821,"/Date(1704352614000)/",20200,4500,45267600,896510000000,1050,false,5.48
"MBB",141821,"/Date(1704352613000)/",20150,2000,45263100,896419000000,1000,true,5.22
"MBB",141821,"/Date(1704352613000)/",20150,600,45261100,896379000000,1000,true,5.22
"MBB",141818,"/Date(1704352612000)/",20150,100,45260500,896367000000,1000,true,5.22
"MBB",141815,"/Date(1704352610000)/",20150,500,45260400,896365000000,1000,true,5.22
"MBB",141815,"/Date(1704352610000)/",20150,1200,45259900,896355000000,1000,true,5.22
"MBB",141815,"/Date(1704352609000)/",20150,500,45258700,896330000000,1000,true,5.22
"MBB",141815,"/Date(1704352609000)/",20150,500,45258200,896320000000,1000,true,5.22
"MBB",141815,"/Date(1704352609000)/",20150,400,45257700,896310000000,1000,true,5.22
"MBB",141815,"/Date(1704352609000)/",20150,100,45257300,896302000000,1000,true,5.22
"MBB",141815,"/Date(1704352608000)/",20150,500,45257200,896300000000,1000,true,5.22
"MBB",141815,"/Date(1704352607000)/",20150,100,45256700,896290000000,1000,true,5.22
"MBB",141811,"/Date(1704352607000)/",20150,1100,45256600,896288000000,1000,true,5.22
"MBB",141811,"/Date(1704352605000)/",20150,1200,45255500,896266000000,1000,true,5.22
"MBB",141811,"/Date(1704352604000)/",20150,3000,45254300,896242000000,1000,true,5.22
"MBB",141808,"/Date(1704352601000)/",20150,2000,45251300,896181000000,1000,true,5.22
"MBB",141808,"/Date(1704352601000)/",20150,1200,45249300,896141000000,1000,true,5.22
"MBB",141805,"/Date(1704352600000)/",20150,100,45248100,896117000000,1000,true,5.22
"MBB",141802,"/Date(1704352596000)/",20150,1200,45248000,896115000000,1000,true,5.22
"MBB",141759,"/Date(1704352593000)/",20150,200,45246800,896091000000,1000,true,5.22
"MBB",141759,"/Date(1704352593000)/",20150,200,45246600,896087000000,1000,true,5.22
"MBB",141755,"/Date(1704352591000)/",20150,1000,45246400,896083000000,1000,false,5.22
"MBB",141755,"/Date(1704352589000)/",20150,100,45245400,896062000000,1000,false,5.22
"MBB",141755,"/Date(1704352589000)/",20150,1500,45245300,896060000000,1000,false,5.22
"MBB",141755,"/Date(1704352589000)/",20150,500,45243800,896030000000,1000,false,5.22
"MBB",141755,"/Date(1704352589000)/",20150,500,45243300,896020000000,1000,false,5.22
"MBB",141755,"/Date(1704352589000)/",20150,1000,45242800,896010000000,1000,false,5.22
"MBB",141755,"/Date(1704352589000)/",20150,500,45241800,895990000000,1000,false,5.22
"MBB",141755,"/Date(1704352589000)/",20150,200,45241300,895980000000,1000,false,5.22
"MBB",141755,"/Date(1704352589000)/",20150,300,45241100,895976000000,1000,false,5.22
"MBB",141755,"/Date(1704352589000)/",20150,200,45240800,895970000000,1000,false,5.22
"MBB",141755,"/Date(1704352589000)/",20150,1000,45240600,895966000000,1000,false,5.22
"MBB",141755,"/Date(1704352589000)/",20150,2000,45239600,895946000000,1000,false,5.22
"MBB",141755,"/Date(1704352589000)/",20150,300,45237600,895905000000,1000,false,5.22
"MBB",141755,"/Date(1704352589000)/",20150,2900,45237300,895899000000,1000,false,5.22
"MBB",141752,"/Date(1704352587000)/",20100,100,45234400,895841000000,950,true,4.96
"MBB",141752,"/Date(1704352587000)/",20100,1200,45234300,895839000000,950,true,4.96
"MBB",141749,"/Date(1704352582000)/",20100,1200,45233100,895815000000,950,true,4.96
"MBB",141746,"/Date(1704352581000)/",20150,1000,45231900,895791000000,1000,false,5.22
"MBB",141746,"/Date(1704352579000)/",20150,2500,45230900,895770000000,1000,false,5.22
"MBB",141746,"/Date(1704352578000)/",20150,500,45228400,895720000000,1000,false,5.22
"MBB",141743,"/Date(1704352577000)/",20100,1200,45227900,895710000000,950,true,4.96
"MBB",141739,"/Date(1704352572000)/",20100,1200,45226700,895686000000,950,true,4.96
"MBB",141736,"/Date(1704352569000)/",20150,2500,45225500,895662000000,1000,false,5.22
"MBB",141733,"/Date(1704352568000)/",20100,700,45223000,895611000000,950,true,4.96
"MBB",141733,"/Date(1704352568000)/",20100,500,45222300,895597000000,950,true,4.96
"MBB",141733,"/Date(1704352566000)/",20150,500,45221800,895587000000,1000,false,5.22
"MBB",141730,"/Date(1704352563000)/",20150,5000,45221300,895577000000,1000,false,5.22
"MBB",141730,"/Date(1704352563000)/",20100,500,45216300,895476000000,950,true,4.96
"MBB",141730,"/Date(1704352563000)/",20100,700,45215800,895466000000,950,true,4.96
"MBB",141727,"/Date(1704352561000)/",20150,400,45215100,895452000000,1000,false,5.22
"MBB",141723,"/Date(1704352558000)/",20100,1200,45214700,895444000000,950,true,4.96
"MBB",141720,"/Date(1704352554000)/",20150,1000,45213500,895420000000,1000,true,5.22
"MBB",141720,"/Date(1704352554000)/",20150,5400,45212500,895400000000,1000,true,5.22
"MBB",141720,"/Date(1704352554000)/",20150,500,45207100,895291000000,1000,true,5.22
"MBB",141720,"/Date(1704352554000)/",20150,100,45206600,895281000000,1000,true,5.22
"MBB",141720,"/Date(1704352554000)/",20150,1000,45206500,895279000000,1000,true,5.22
"MBB",141720,"/Date(1704352554000)/",20150,100,45205500,895259000000,1000,true,5.22
"MBB",141720,"/Date(1704352554000)/",20150,100,45205400,895257000000,1000,true,5.22
"MBB",141720,"/Date(1704352554000)/",20150,100,45205300,895255000000,1000,true,5.22
"MBB",141720,"/Date(1704352554000)/",20150,110000,45205200,895253000000,1000,true,5.22
"MBB",141720,"/Date(1704352554000)/",20150,10000,45095200,893036000000,1000,true,5.22
"MBB",141720,"/Date(1704352554000)/",20150,10000,45085200,892835000000,1000,true,5.22
"MBB",141720,"/Date(1704352554000)/",20150,10000,45075200,892633000000,1000,true,5.22
"MBB",141720,"/Date(1704352554000)/",20150,1000,45065200,892432000000,1000,true,5.22
"MBB",141720,"/Date(1704352554000)/",20150,200,45064200,892412000000,1000,true,5.22
"MBB",141720,"/Date(1704352554000)/",20150,200,45064000,892408000000,1000,true,5.22
