"Stockcode","Package","TradingDate","Price","Vol","TotalVol","TotalVal","Change","IsBuy","PerChange"
"MSH",144631,"/Date(1704354301000)/",37400,1900,110900,4172000000,-500,true,-1.32
"MSH",143031,"/Date(1704353345000)/",37400,800,109000,4101000000,-500,true,-1.32
"MSH",143031,"/Date(1704353345000)/",37400,200,108200,4071000000,-500,true,-1.32
"MSH",142946,"/Date(1704353299000)/",37450,100,108000,4063000000,-450,true,-1.19
"MSH",142946,"/Date(1704353299000)/",37450,100,107900,4059000000,-450,true,-1.19
"MSH",142946,"/Date(1704353299000)/",37450,400,107800,4056000000,-450,true,-1.19
"MSH",142946,"/Date(1704353299000)/",37450,300,107400,4041000000,-450,true,-1.19
"MSH",142946,"/Date(1704353299000)/",37450,1000,107100,4029000000,-450,true,-1.19
"MSH",142946,"/Date(1704353299000)/",37450,2000,106100,3992000000,-450,true,-1.19
"MSH",142946,"/Date(1704353299000)/",37450,100,104100,3917000000,-450,true,-1.19
"MSH",142946,"/Date(1704353299000)/",37450,1300,104000,3913000000,-450,true,-1.19
"MSH",142748,"/Date(1704353181000)/",37500,100,102700,3865000000,-400,true,-1.06
"MSH",142748,"/Date(1704353181000)/",37500,200,102600,3861000000,-400,true,-1.06
"MSH",142556,"/Date(1704353070000)/",37550,200,102400,3853000000,-350,false,-0.92
"MSH",142556,"/Date(1704353070000)/",37550,500,102200,3846000000,-350,false,-0.92
"MSH",142543,"/Date(1704353056000)/",37550,2000,101700,3827000000,-350,false,-0.92
"MSH",142536,"/Date(1704353051000)/",37550,1000,99700,3752000000,-350,false,-0.92
"MSH",142524,"/Date(1704353037000)/",37550,1000,98700,3714000000,-350,false,-0.92
"MSH",142517,"/Date(1704353030000)/",37550,1000,97700,3677000000,-350,false,-0.92
"MSH",142058,"/Date(1704352773000)/",37550,1000,96700,3639000000,-350,false,-0.92
"MSH",142013,"/Date(1704352728000)/",37450,200,95700,3602000000,-450,true,-1.19
"MSH",141928,"/Date(1704352681000)/",37450,1500,95500,3594000000,-450,true,-1.19
"MSH",141915,"/Date(1704352669000)/",37500,100,94000,3538000000,-400,true,-1.06
"MSH",141915,"/Date(1704352669000)/",37500,200,93900,3534000000,-400,true,-1.06
"MSH",141915,"/Date(1704352669000)/",37500,100,93700,3527000000,-400,true,-1.06
"MSH",141915,"/Date(1704352669000)/",37500,600,93600,3523000000,-400,true,-1.06
"MSH",141912,"/Date(1704352665000)/",37500,400,93000,3501000000,-400,true,-1.06
"MSH",141912,"/Date(1704352665000)/",37500,100,92600,3486000000,-400,true,-1.06
"MSH",141912,"/Date(1704352665000)/",37500,1000,92500,3482000000,-400,true,-1.06
"MSH",141912,"/Date(1704352665000)/",37500,1000,91500,3444000000,-400,true,-1.06
"MSH",141912,"/Date(1704352665000)/",37500,100,90500,3407000000,-400,true,-1.06
"MSH",141912,"/Date(1704352665000)/",37500,100,90400,3403000000,-400,true,-1.06
"MSH",141912,"/Date(1704352665000)/",37500,700,90300,3399000000,-400,true,-1.06
"MSH",141805,"/Date(1704352599000)/",37550,100,89600,3373000000,-350,true,-0.92
"MSH",141805,"/Date(1704352599000)/",37550,100,89500,3369000000,-350,true,-0.92
"MSH",141805,"/Date(1704352599000)/",37550,900,89400,3366000000,-350,true,-0.92
"MSH",141736,"/Date(1704352569000)/",37550,100,88500,3332000000,-350,true,-0.92
"MSH",141736,"/Date(1704352569000)/",37550,100,88400,3328000000,-350,true,-0.92
"MSH",141736,"/Date(1704352569000)/",37550,100,88300,3324000000,-350,true,-0.92
"MSH",141736,"/Date(1704352569000)/",37550,300,88200,3321000000,-350,true,-0.92
"MSH",141509,"/Date(1704352422000)/",37550,1000,87900,3309000000,-350,true,-0.92
"MSH",141355,"/Date(1704352350000)/",37550,100,86900,3272000000,-350,true,-0.92
"MSH",141313,"/Date(1704352308000)/",37600,600,86800,3268000000,-300,false,-0.79
"MSH",141313,"/Date(1704352308000)/",37600,400,86200,3245000000,-300,false,-0.79
"MSH",141232,"/Date(1704352265000)/",37600,1000,85800,3230000000,-300,false,-0.79
"MSH",141001,"/Date(1704352114000)/",37600,100,84800,3193000000,-300,true,-0.79
"MSH",140939,"/Date(1704352093000)/",37600,900,84700,3189000000,-300,true,-0.79
"MSH",140939,"/Date(1704352093000)/",37600,100,83800,3155000000,-300,true,-0.79
"MSH",140624,"/Date(1704351897000)/",37600,200,83700,3151000000,-300,false,-0.79
"MSH",140617,"/Date(1704351890000)/",37600,100,83500,3144000000,-300,false,-0.79
"MSH",140552,"/Date(1704351866000)/",37600,200,83400,3140000000,-300,false,-0.79
"MSH",140532,"/Date(1704351848000)/",37600,500,83200,3133000000,-300,true,-0.79
"MSH",140532,"/Date(1704351848000)/",37600,100,82700,3114000000,-300,true,-0.79
"MSH",140532,"/Date(1704351848000)/",37600,2000,82600,3110000000,-300,true,-0.79
"MSH",140532,"/Date(1704351848000)/",37600,1000,80600,3035000000,-300,true,-0.79
"MSH",140532,"/Date(1704351848000)/",37600,900,79600,2997000000,-300,true,-0.79
"MSH",140337,"/Date(1704351730000)/",37650,100,78700,2963000000,-250,false,-0.66
"MSH",140249,"/Date(1704351684000)/",37650,100,78600,2960000000,-250,false,-0.66
"MSH",140249,"/Date(1704351684000)/",37650,500,78500,2956000000,-250,false,-0.66
"MSH",140249,"/Date(1704351684000)/",37650,400,78000,2937000000,-250,false,-0.66
"MSH",140246,"/Date(1704351680000)/",37650,100,77600,2922000000,-250,false,-0.66
"MSH",140246,"/Date(1704351680000)/",37650,900,77500,2918000000,-250,false,-0.66
"MSH",140142,"/Date(1704351615000)/",37650,500,76600,2884000000,-250,false,-0.66
"MSH",140041,"/Date(1704351556000)/",37600,1000,76100,2866000000,-300,true,-0.79
"MSH",135801,"/Date(1704351394000)/",37600,100,75100,2828000000,-300,true,-0.79
"MSH",135543,"/Date(1704351257000)/",37650,100,75000,2824000000,-250,false,-0.66
"MSH",135218,"/Date(1704351052000)/",37650,1000,74900,2820000000,-250,true,-0.66
"MSH",135218,"/Date(1704351052000)/",37650,500,73900,2783000000,-250,true,-0.66
"MSH",135134,"/Date(1704351006000)/",37650,500,73400,2764000000,-250,true,-0.66
"MSH",135030,"/Date(1704350945000)/",37650,200,72900,2745000000,-250,true,-0.66
"MSH",135020,"/Date(1704350935000)/",37650,300,72700,2738000000,-250,true,-0.66
"MSH",135020,"/Date(1704350935000)/",37650,200,72400,2726000000,-250,true,-0.66
"MSH",134935,"/Date(1704350889000)/",37650,500,72200,2719000000,-250,true,-0.66
"MSH",134923,"/Date(1704350875000)/",37650,800,71700,2700000000,-250,true,-0.66
"MSH",134923,"/Date(1704350875000)/",37650,1200,70900,2670000000,-250,true,-0.66
"MSH",134756,"/Date(1704350791000)/",37650,100,69700,2625000000,-250,true,-0.66
"MSH",134743,"/Date(1704350777000)/",37650,700,69600,2621000000,-250,true,-0.66
"MSH",134743,"/Date(1704350777000)/",37650,300,68900,2595000000,-250,true,-0.66
"MSH",134734,"/Date(1704350769000)/",37700,2000,68600,2583000000,-200,false,-0.53
"MSH",134334,"/Date(1704350527000)/",37650,100,66600,2508000000,-250,true,-0.66
"MSH",134243,"/Date(1704350477000)/",37650,1100,66500,2504000000,-250,false,-0.66
"MSH",134158,"/Date(1704350431000)/",37650,100,65400,2463000000,-250,false,-0.66
"MSH",134155,"/Date(1704350428000)/",37650,400,65300,2459000000,-250,false,-0.66
"MSH",134057,"/Date(1704350371000)/",37650,1000,64900,2444000000,-250,true,-0.66
"MSH",133458,"/Date(1704350099000)/",37700,500,63900,2406000000,-200,false,-0.53
"MSH",133458,"/Date(1704350098000)/",37700,500,63400,2387000000,-200,false,-0.53
"MSH",132953,"/Date(1704349798000)/",37650,100,62900,2369000000,-250,false,-0.66
"MSH",132852,"/Date(1704349737000)/",37650,400,62800,2365000000,-250,false,-0.66
"MSH",132622,"/Date(1704349589000)/",37650,1000,62400,2350000000,-250,false,-0.66
"MSH",132619,"/Date(1704349584000)/",37650,500,61400,2312000000,-250,false,-0.66
"MSH",132619,"/Date(1704349584000)/",37650,500,60900,2293000000,-250,false,-0.66
"MSH",132244,"/Date(1704349370000)/",37600,200,60400,2274000000,-300,false,-0.79
"MSH",132244,"/Date(1704349370000)/",37600,100,60200,2267000000,-300,false,-0.79
"MSH",132140,"/Date(1704349306000)/",37550,100,60100,2263000000,-350,true,-0.92
"MSH",132109,"/Date(1704349274000)/",37500,200,60000,2259000000,-400,true,-1.06
"MSH",132109,"/Date(1704349274000)/",37500,100,59800,2252000000,-400,true,-1.06
"MSH",132109,"/Date(1704349274000)/",37500,200,59700,2248000000,-400,true,-1.06
"MSH",131936,"/Date(1704349180000)/",37550,100,59500,2241000000,-350,false,-0.92
"MSH",131930,"/Date(1704349173000)/",37550,500,59400,2237000000,-350,false,-0.92
"MSH",131917,"/Date(1704349163000)/",37550,100,58900,2218000000,-350,false,-0.92
"MSH",131917,"/Date(1704349163000)/",37550,100,58800,2214000000,-350,false,-0.92
"MSH",131917,"/Date(1704349163000)/",37550,500,58700,2211000000,-350,false,-0.92
"MSH",131917,"/Date(1704349163000)/",37550,1700,58200,2192000000,-350,false,-0.92
"MSH",131845,"/Date(1704349130000)/",37550,300,56500,2128000000,-350,true,-0.92
"MSH",131845,"/Date(1704349130000)/",37550,200,56200,2117000000,-350,true,-0.92
"MSH",131808,"/Date(1704349092000)/",37550,100,56000,2109000000,-350,true,-0.92
"MSH",131808,"/Date(1704349092000)/",37550,700,55900,2105000000,-350,true,-0.92
"MSH",131627,"/Date(1704348989000)/",37550,100,55200,2079000000,-350,true,-0.92
"MSH",131356,"/Date(1704348834000)/",37600,100,55100,2075000000,-300,false,-0.79
"MSH",131343,"/Date(1704348824000)/",37600,100,55000,2072000000,-300,true,-0.79
"MSH",131314,"/Date(1704348795000)/",37600,1000,54900,2068000000,-300,true,-0.79
"MSH",131149,"/Date(1704348707000)/",37600,100,53900,2030000000,-300,true,-0.79
"MSH",131139,"/Date(1704348699000)/",37600,500,53800,2027000000,-300,true,-0.79
"MSH",131051,"/Date(1704348652000)/",37600,100,53300,2008000000,-300,true,-0.79
"MSH",131004,"/Date(1704348601000)/",37600,100,53200,2004000000,-300,true,-0.79
"MSH",130829,"/Date(1704348507000)/",37600,500,53100,2000000000,-300,true,-0.79
"MSH",130800,"/Date(1704348478000)/",37600,300,52600,1981000000,-300,true,-0.79
"MSH",130800,"/Date(1704348478000)/",37600,200,52300,1970000000,-300,true,-0.79
"MSH",130744,"/Date(1704348463000)/",37600,200,52100,1963000000,-300,true,-0.79
"MSH",130640,"/Date(1704348398000)/",37600,200,51900,1955000000,-300,true,-0.79
"MSH",130624,"/Date(1704348383000)/",37600,100,51700,1948000000,-300,true,-0.79
"MSH",130624,"/Date(1704348383000)/",37600,300,51600,1944000000,-300,true,-0.79
"MSH",130621,"/Date(1704348379000)/",37600,1000,51300,1933000000,-300,false,-0.79
"MSH",130504,"/Date(1704348303000)/",37550,100,50300,1895000000,-350,true,-0.92
"MSH",130156,"/Date(1704348112000)/",37550,100,50200,1891000000,-350,true,-0.92
"MSH",130111,"/Date(1704348069000)/",37550,400,50100,1887000000,-350,true,-0.92
"MSH",130032,"/Date(1704348008000)/",37600,500,49700,1872000000,-300,true,-0.79
"MSH",130023,"/Date(1704348002000)/",37600,200,49200,1854000000,-300,true,-0.79
"MSH",130016,"/Date(1704348000000)/",37600,300,49000,1846000000,-300,true,-0.79
"MSH",112454,"/Date(1704342293000)/",37550,500,48700,1835000000,-350,true,-0.92
"MSH",112425,"/Date(1704342262000)/",37550,100,48200,1816000000,-350,true,-0.92
"MSH",112425,"/Date(1704342262000)/",37550,300,48100,1812000000,-350,true,-0.92
"MSH",112353,"/Date(1704342232000)/",37550,1700,47800,1801000000,-350,false,-0.92
"MSH",112239,"/Date(1704342158000)/",37550,100,46100,1737000000,-350,false,-0.92
"MSH",112057,"/Date(1704342056000)/",37500,300,46000,1733000000,-400,true,-1.06
"MSH",112057,"/Date(1704342056000)/",37500,1000,45700,1722000000,-400,true,-1.06
"MSH",111953,"/Date(1704341992000)/",37500,1000,44700,1685000000,-400,true,-1.06
"MSH",111953,"/Date(1704341992000)/",37500,600,43700,1647000000,-400,true,-1.06
"MSH",111814,"/Date(1704341892000)/",37550,800,43100,1625000000,-350,true,-0.92
"MSH",111814,"/Date(1704341892000)/",37550,100,42300,1595000000,-350,true,-0.92
"MSH",111814,"/Date(1704341892000)/",37550,300,42200,1591000000,-350,true,-0.92
"MSH",111805,"/Date(1704341882000)/",37550,700,41900,1580000000,-350,true,-0.92
"MSH",111805,"/Date(1704341882000)/",37550,300,41200,1553000000,-350,true,-0.92
"MSH",111805,"/Date(1704341882000)/",37550,100,40900,1542000000,-350,true,-0.92
"MSH",111805,"/Date(1704341882000)/",37550,200,40800,1538000000,-350,true,-0.92
"MSH",111805,"/Date(1704341882000)/",37550,500,40600,1531000000,-350,true,-0.92
"MSH",111701,"/Date(1704341817000)/",37600,100,40100,1512000000,-300,true,-0.79
"MSH",111701,"/Date(1704341817000)/",37600,1000,40000,1508000000,-300,true,-0.79
"MSH",111701,"/Date(1704341817000)/",37600,500,39000,1471000000,-300,true,-0.79
"MSH",111651,"/Date(1704341809000)/",37600,1500,38500,1452000000,-300,true,-0.79
"MSH",111651,"/Date(1704341809000)/",37600,1000,37000,1395000000,-300,true,-0.79
"MSH",111651,"/Date(1704341809000)/",37600,300,36000,1358000000,-300,true,-0.79
"MSH",111651,"/Date(1704341809000)/",37600,100,35700,1347000000,-300,true,-0.79
"MSH",111651,"/Date(1704341809000)/",37600,100,35600,1343000000,-300,true,-0.79
"MSH",111427,"/Date(1704341664000)/",37650,100,35500,1339000000,-250,true,-0.66
"MSH",111223,"/Date(1704341540000)/",37650,100,35400,1335000000,-250,true,-0.66
"MSH",111028,"/Date(1704341426000)/",37650,100,35300,1331000000,-250,true,-0.66
"MSH",111028,"/Date(1704341426000)/",37650,1500,35200,1328000000,-250,true,-0.66
"MSH",110628,"/Date(1704341187000)/",37700,100,33700,1271000000,-200,false,-0.53
"MSH",110547,"/Date(1704341143000)/",37700,100,33600,1267000000,-200,false,-0.53
"MSH",105637,"/Date(1704340593000)/",37700,1000,33500,1264000000,-200,false,-0.53
"MSH",105410,"/Date(1704340448000)/",37700,1000,32500,1226000000,-200,false,-0.53
"MSH",105329,"/Date(1704340405000)/",37650,100,31500,1188000000,-250,true,-0.66
"MSH",104955,"/Date(1704340192000)/",37650,400,31400,1185000000,-250,true,-0.66
"MSH",104955,"/Date(1704340192000)/",37650,100,31000,1169000000,-250,true,-0.66
"MSH",103504,"/Date(1704339301000)/",37800,300,30900,1166000000,-100,false,-0.26
"MSH",103504,"/Date(1704339301000)/",37700,100,30600,1154000000,-200,false,-0.53
"MSH",103504,"/Date(1704339301000)/",37700,500,30500,1151000000,-200,false,-0.53
"MSH",103241,"/Date(1704339158000)/",37700,500,30000,1132000000,-200,false,-0.53
"MSH",103241,"/Date(1704339158000)/",37700,1300,29500,1113000000,-200,false,-0.53
"MSH",103241,"/Date(1704339158000)/",37700,200,28200,1064000000,-200,false,-0.53
"MSH",102650,"/Date(1704338806000)/",37700,500,28000,1056000000,-200,false,-0.53
"MSH",102650,"/Date(1704338806000)/",37700,1000,27500,1038000000,-200,false,-0.53
"MSH",102640,"/Date(1704338799000)/",37700,2000,26500,1000000000,-200,false,-0.53
"MSH",102536,"/Date(1704338735000)/",37650,200,24500,924000000,-250,true,-0.66
"MSH",102536,"/Date(1704338735000)/",37650,100,24300,917000000,-250,true,-0.66
"MSH",102536,"/Date(1704338735000)/",37650,400,24200,913000000,-250,true,-0.66
"MSH",102536,"/Date(1704338735000)/",37650,1000,23800,898000000,-250,true,-0.66
"MSH",102536,"/Date(1704338735000)/",37650,300,22800,860000000,-250,true,-0.66
"MSH",102212,"/Date(1704338529000)/",37700,1000,22500,849000000,-200,true,-0.53
"MSH",101612,"/Date(1704338169000)/",37800,100,21500,811000000,-100,false,-0.26
"MSH",101608,"/Date(1704338166000)/",37800,400,21400,808000000,-100,false,-0.26
"MSH",101521,"/Date(1704338111000)/",37800,1000,21000,793000000,-100,false,-0.26
"MSH",101137,"/Date(1704337897000)/",37650,100,20000,755000000,-250,true,-0.66
"MSH",100904,"/Date(1704337742000)/",37650,300,19900,751000000,-250,true,-0.66
"MSH",100754,"/Date(1704337673000)/",37650,300,19600,740000000,-250,true,-0.66
"MSH",100644,"/Date(1704337603000)/",37700,300,19300,728000000,-200,true,-0.53
"MSH",100559,"/Date(1704337557000)/",37700,200,19000,717000000,-200,true,-0.53
"MSH",100245,"/Date(1704337364000)/",37800,500,18800,710000000,-100,true,-0.26
"MSH",100031,"/Date(1704337229000)/",37800,100,18300,691000000,-100,true,-0.26
"MSH",95845,"/Date(1704337122000)/",37800,200,18200,687000000,-100,false,-0.26
"MSH",95845,"/Date(1704337122000)/",37800,200,18000,679000000,-100,false,-0.26
"MSH",95845,"/Date(1704337122000)/",37800,500,17800,672000000,-100,false,-0.26
"MSH",94930,"/Date(1704336568000)/",37600,400,17300,653000000,-300,true,-0.79
"MSH",94427,"/Date(1704336264000)/",37800,500,16900,638000000,-100,false,-0.26
"MSH",94427,"/Date(1704336264000)/",37800,500,16400,619000000,-100,false,-0.26
"MSH",94307,"/Date(1704336186000)/",37800,500,15900,600000000,-100,true,-0.26
"MSH",94229,"/Date(1704336147000)/",37850,100,15400,581000000,-50,false,-0.13
"MSH",94210,"/Date(1704336128000)/",37800,500,15300,577000000,-100,true,-0.26
"MSH",93856,"/Date(1704335934000)/",37550,300,14800,558000000,-350,true,-0.92
"MSH",93107,"/Date(1704335464000)/",37500,200,14500,547000000,-400,true,-1.06
"MSH",93038,"/Date(1704335436000)/",37500,1100,14300,540000000,-400,true,-1.06
"MSH",93010,"/Date(1704335409000)/",37500,100,13200,498000000,-400,true,-1.06
"MSH",92828,"/Date(1704335307000)/",37500,200,13100,495000000,-400,true,-1.06
"MSH",92822,"/Date(1704335298000)/",37500,1000,12900,487000000,-400,true,-1.06
"MSH",92822,"/Date(1704335298000)/",37500,200,11900,450000000,-400,true,-1.06
"MSH",92753,"/Date(1704335272000)/",37500,300,11700,442000000,-400,true,-1.06
"MSH",92753,"/Date(1704335272000)/",37500,500,11400,431000000,-400,true,-1.06
"MSH",92724,"/Date(1704335243000)/",37500,500,10900,412000000,-400,true,-1.06
"MSH",92724,"/Date(1704335243000)/",37500,500,10400,393000000,-400,true,-1.06
"MSH",92724,"/Date(1704335243000)/",37850,200,9900,375000000,-50,false,-0.13
"MSH",92724,"/Date(1704335243000)/",37850,100,9700,367000000,-50,false,-0.13
"MSH",92724,"/Date(1704335242000)/",37600,500,9600,363000000,-300,false,-0.79
"MSH",92724,"/Date(1704335242000)/",37600,500,9100,344000000,-300,false,-0.79
"MSH",92420,"/Date(1704335057000)/",37850,100,8600,326000000,-50,false,-0.13
"MSH",92420,"/Date(1704335057000)/",37850,100,8500,322000000,-50,false,-0.13
"MSH",92420,"/Date(1704335057000)/",37850,200,8400,318000000,-50,false,-0.13
"MSH",92420,"/Date(1704335057000)/",37850,100,8200,311000000,-50,false,-0.13
"MSH",92141,"/Date(1704334900000)/",37850,500,8100,307000000,-50,false,-0.13
"MSH",92132,"/Date(1704334889000)/",37850,500,7600,288000000,-50,false,-0.13
"MSH",92047,"/Date(1704334846000)/",37900,400,7100,269000000,0,false,0
"MSH",92047,"/Date(1704334846000)/",37900,500,6700,254000000,0,false,0
"MSH",92047,"/Date(1704334846000)/",37900,100,6200,235000000,0,false,0
"MSH",92044,"/Date(1704334843000)/",37900,1000,6100,231000000,0,false,0
"MSH",91641,"/Date(1704334599000)/",37900,100,5100,193000000,0,false,0
"MSH",91628,"/Date(1704334585000)/",37900,400,5000,189000000,0,true,0
"MSH",91628,"/Date(1704334585000)/",37900,600,4600,174000000,0,true,0
"MSH",91540,"/Date(1704334537000)/",37900,400,4000,151000000,0,false,0
"MSH",91534,"/Date(1704334533000)/",37900,500,3600,136000000,0,false,0
"MSH",91515,"/Date(1704334515000)/",37900,100,3100,117000000,0,true,0
"MSH",91506,"/Date(1704334501000)/",38000,3000,3000,114000000,100,false,0.26
