"Stockcode","Package","TradingDate","Price","Vol","TotalVol","TotalVal","Change","IsBuy","PerChange"
"MSN",144627,"/Date(1704354301000)/",68100,131500,2526000,173316000000,-800,false,-1.16
"MSN",143116,"/Date(1704353390000)/",68200,1000,2394500,164361000000,-700,true,-1.02
"MSN",143057,"/Date(1704353371000)/",68200,1000,2393500,164293000000,-700,true,-1.02
"MSN",143047,"/Date(1704353361000)/",68200,200,2392500,164224000000,-700,true,-1.02
"MSN",143044,"/Date(1704353359000)/",68400,500,2392300,164211000000,-500,false,-0.73
"MSN",143044,"/Date(1704353358000)/",68200,200,2391800,164177000000,-700,true,-1.02
"MSN",143044,"/Date(1704353358000)/",68200,1000,2391600,164163000000,-700,true,-1.02
"MSN",143044,"/Date(1704353358000)/",68200,100,2390600,164095000000,-700,true,-1.02
"MSN",143044,"/Date(1704353358000)/",68200,200,2390500,164088000000,-700,true,-1.02
"MSN",143044,"/Date(1704353357000)/",68200,800,2390300,164074000000,-700,true,-1.02
"MSN",143044,"/Date(1704353357000)/",68200,200,2389500,164020000000,-700,true,-1.02
"MSN",143041,"/Date(1704353356000)/",68300,500,2389300,164006000000,-600,false,-0.87
"MSN",143038,"/Date(1704353353000)/",68300,200,2388800,163972000000,-600,true,-0.87
"MSN",143031,"/Date(1704353346000)/",68300,900,2388600,163958000000,-600,false,-0.87
"MSN",143031,"/Date(1704353346000)/",68300,2000,2387700,163897000000,-600,false,-0.87
"MSN",143031,"/Date(1704353346000)/",68300,1400,2385700,163760000000,-600,false,-0.87
"MSN",143031,"/Date(1704353346000)/",68200,200,2384300,163665000000,-700,true,-1.02
"MSN",143031,"/Date(1704353346000)/",68200,300,2384100,163651000000,-700,true,-1.02
"MSN",143021,"/Date(1704353336000)/",68200,2000,2383800,163630000000,-700,true,-1.02
"MSN",143018,"/Date(1704353332000)/",68300,2000,2381800,163494000000,-600,false,-0.87
"MSN",143015,"/Date(1704353329000)/",68300,2000,2379800,163357000000,-600,true,-0.87
"MSN",143015,"/Date(1704353327000)/",68300,200,2377800,163221000000,-600,true,-0.87
"MSN",143012,"/Date(1704353322000)/",68200,700,2377600,163207000000,-700,true,-1.02
"MSN",143012,"/Date(1704353322000)/",68200,1000,2376900,163159000000,-700,true,-1.02
"MSN",143012,"/Date(1704353322000)/",68200,700,2375900,163091000000,-700,true,-1.02
"MSN",143012,"/Date(1704353322000)/",68200,100,2375200,163043000000,-700,true,-1.02
"MSN",143012,"/Date(1704353322000)/",68200,300,2375100,163037000000,-700,true,-1.02
"MSN",143012,"/Date(1704353322000)/",68200,500,2374800,163016000000,-700,true,-1.02
"MSN",143012,"/Date(1704353322000)/",68300,100,2374300,162982000000,-600,true,-0.87
"MSN",142959,"/Date(1704353313000)/",68200,2600,2374200,162975000000,-700,true,-1.02
"MSN",142959,"/Date(1704353313000)/",68200,1000,2371600,162798000000,-700,true,-1.02
"MSN",142959,"/Date(1704353313000)/",68200,100,2370600,162730000000,-700,true,-1.02
"MSN",142959,"/Date(1704353313000)/",68200,1200,2370500,162723000000,-700,true,-1.02
"MSN",142959,"/Date(1704353313000)/",68200,300,2369300,162641000000,-700,true,-1.02
"MSN",142959,"/Date(1704353313000)/",68200,300,2369000,162621000000,-700,true,-1.02
"MSN",142959,"/Date(1704353313000)/",68200,2000,2368700,162600000000,-700,true,-1.02
"MSN",142959,"/Date(1704353313000)/",68200,1000,2366700,162464000000,-700,true,-1.02
"MSN",142959,"/Date(1704353313000)/",68200,100,2365700,162396000000,-700,true,-1.02
"MSN",142959,"/Date(1704353313000)/",68200,700,2365600,162389000000,-700,true,-1.02
"MSN",142959,"/Date(1704353313000)/",68300,700,2364900,162341000000,-600,false,-0.87
"MSN",142959,"/Date(1704353312000)/",68300,500,2364200,162293000000,-600,false,-0.87
"MSN",142959,"/Date(1704353312000)/",68300,1000,2363700,162259000000,-600,false,-0.87
"MSN",142956,"/Date(1704353309000)/",68300,500,2362700,162191000000,-600,false,-0.87
"MSN",142953,"/Date(1704353307000)/",68300,1000,2362200,162157000000,-600,false,-0.87
"MSN",142949,"/Date(1704353302000)/",68400,200,2361200,162088000000,-500,false,-0.73
"MSN",142949,"/Date(1704353302000)/",68400,300,2361000,162075000000,-500,false,-0.73
"MSN",142949,"/Date(1704353302000)/",68300,100,2360700,162054000000,-600,false,-0.87
"MSN",142949,"/Date(1704353302000)/",68300,1400,2360600,162047000000,-600,false,-0.87
"MSN",142946,"/Date(1704353299000)/",68300,100,2359200,161952000000,-600,false,-0.87
"MSN",142943,"/Date(1704353297000)/",68300,1000,2359100,161945000000,-600,false,-0.87
"MSN",142943,"/Date(1704353297000)/",68300,800,2358100,161877000000,-600,false,-0.87
"MSN",142943,"/Date(1704353296000)/",68300,700,2357300,161822000000,-600,false,-0.87
"MSN",142940,"/Date(1704353295000)/",68300,500,2356600,161774000000,-600,false,-0.87
"MSN",142940,"/Date(1704353295000)/",68300,800,2356100,161740000000,-600,false,-0.87
"MSN",142937,"/Date(1704353290000)/",68300,1000,2355300,161685000000,-600,false,-0.87
"MSN",142937,"/Date(1704353290000)/",68200,200,2354300,161617000000,-700,true,-1.02
"MSN",142933,"/Date(1704353287000)/",68200,100,2354100,161603000000,-700,true,-1.02
"MSN",142933,"/Date(1704353287000)/",68200,100,2354000,161597000000,-700,true,-1.02
"MSN",142927,"/Date(1704353282000)/",68300,200,2353900,161590000000,-600,false,-0.87
"MSN",142927,"/Date(1704353281000)/",68300,1000,2353700,161576000000,-600,false,-0.87
"MSN",142927,"/Date(1704353281000)/",68300,1000,2352700,161508000000,-600,false,-0.87
"MSN",142927,"/Date(1704353281000)/",68300,4000,2351700,161439000000,-600,false,-0.87
"MSN",142927,"/Date(1704353280000)/",68300,300,2347700,161166000000,-600,false,-0.87
"MSN",142924,"/Date(1704353277000)/",68300,5000,2347400,161146000000,-600,true,-0.87
"MSN",142924,"/Date(1704353277000)/",68300,700,2342400,160804000000,-600,true,-0.87
"MSN",142924,"/Date(1704353277000)/",68300,1300,2341700,160756000000,-600,true,-0.87
"MSN",142924,"/Date(1704353276000)/",68300,800,2340400,160668000000,-600,true,-0.87
"MSN",142917,"/Date(1704353273000)/",68300,700,2339600,160613000000,-600,true,-0.87
"MSN",142917,"/Date(1704353272000)/",68300,1100,2338900,160565000000,-600,true,-0.87
"MSN",142917,"/Date(1704353272000)/",68300,6000,2337800,160490000000,-600,true,-0.87
"MSN",142917,"/Date(1704353271000)/",68300,100,2331800,160080000000,-600,true,-0.87
"MSN",142917,"/Date(1704353271000)/",68300,200,2331700,160073000000,-600,true,-0.87
"MSN",142917,"/Date(1704353271000)/",68300,100,2331500,160060000000,-600,true,-0.87
"MSN",142917,"/Date(1704353271000)/",68300,600,2331400,160053000000,-600,true,-0.87
"MSN",142914,"/Date(1704353267000)/",68300,2800,2330800,160012000000,-600,true,-0.87
"MSN",142911,"/Date(1704353264000)/",68300,4600,2328000,159821000000,-600,true,-0.87
"MSN",142911,"/Date(1704353264000)/",68300,200,2323400,159507000000,-600,true,-0.87
"MSN",142911,"/Date(1704353264000)/",68300,200,2323200,159493000000,-600,true,-0.87
"MSN",142911,"/Date(1704353264000)/",68300,500,2323000,159479000000,-600,true,-0.87
"MSN",142911,"/Date(1704353264000)/",68300,100,2322500,159445000000,-600,true,-0.87
"MSN",142911,"/Date(1704353264000)/",68300,2000,2322400,159438000000,-600,true,-0.87
"MSN",142911,"/Date(1704353264000)/",68300,200,2320400,159302000000,-600,true,-0.87
"MSN",142911,"/Date(1704353264000)/",68300,600,2320200,159288000000,-600,true,-0.87
"MSN",142911,"/Date(1704353264000)/",68300,4000,2319600,159247000000,-600,true,-0.87
"MSN",142911,"/Date(1704353264000)/",68300,500,2315600,158974000000,-600,true,-0.87
"MSN",142911,"/Date(1704353264000)/",68300,200,2315100,158940000000,-600,true,-0.87
"MSN",142911,"/Date(1704353264000)/",68300,300,2314900,158926000000,-600,true,-0.87
"MSN",142911,"/Date(1704353264000)/",68300,2000,2314600,158906000000,-600,true,-0.87
"MSN",142911,"/Date(1704353264000)/",68300,500,2312600,158769000000,-600,true,-0.87
"MSN",142911,"/Date(1704353264000)/",68300,3000,2312100,158735000000,-600,true,-0.87
"MSN",142911,"/Date(1704353264000)/",68300,200,2309100,158530000000,-600,true,-0.87
"MSN",142911,"/Date(1704353264000)/",68300,100,2308900,158516000000,-600,true,-0.87
"MSN",142911,"/Date(1704353264000)/",68300,500,2308800,158509000000,-600,true,-0.87
"MSN",142911,"/Date(1704353264000)/",68300,300,2308300,158475000000,-600,true,-0.87
"MSN",142904,"/Date(1704353259000)/",68300,100,2308000,158455000000,-600,true,-0.87
"MSN",142858,"/Date(1704353252000)/",68300,500,2307900,158448000000,-600,true,-0.87
"MSN",142858,"/Date(1704353251000)/",68400,100,2307400,158414000000,-500,false,-0.73
"MSN",142848,"/Date(1704353243000)/",68300,100,2307300,158407000000,-600,true,-0.87
"MSN",142832,"/Date(1704353226000)/",68300,100,2307200,158400000000,-600,true,-0.87
"MSN",142832,"/Date(1704353226000)/",68300,100,2307100,158393000000,-600,true,-0.87
"MSN",142832,"/Date(1704353226000)/",68300,100,2307000,158386000000,-600,true,-0.87
"MSN",142832,"/Date(1704353226000)/",68300,500,2306900,158380000000,-600,true,-0.87
"MSN",142832,"/Date(1704353226000)/",68300,500,2306400,158345000000,-600,true,-0.87
"MSN",142832,"/Date(1704353226000)/",68300,100,2305900,158311000000,-600,true,-0.87
"MSN",142832,"/Date(1704353226000)/",68300,1000,2305800,158304000000,-600,true,-0.87
"MSN",142832,"/Date(1704353226000)/",68300,200,2304800,158236000000,-600,true,-0.87
"MSN",142832,"/Date(1704353226000)/",68300,400,2304600,158223000000,-600,true,-0.87
"MSN",142823,"/Date(1704353218000)/",68300,400,2304200,158195000000,-600,true,-0.87
"MSN",142820,"/Date(1704353212000)/",68400,1900,2303800,158168000000,-500,true,-0.73
"MSN",142813,"/Date(1704353208000)/",68400,500,2301900,158038000000,-500,false,-0.73
"MSN",142813,"/Date(1704353208000)/",68400,1000,2301400,158004000000,-500,false,-0.73
"MSN",142813,"/Date(1704353208000)/",68400,200,2300400,157935000000,-500,false,-0.73
"MSN",142813,"/Date(1704353208000)/",68400,5000,2300200,157922000000,-500,false,-0.73
"MSN",142813,"/Date(1704353208000)/",68400,1000,2295200,157580000000,-500,false,-0.73
"MSN",142813,"/Date(1704353208000)/",68400,400,2294200,157511000000,-500,false,-0.73
"MSN",142813,"/Date(1704353206000)/",68300,500,2293800,157484000000,-600,true,-0.87
"MSN",142813,"/Date(1704353206000)/",68300,500,2293300,157450000000,-600,true,-0.87
"MSN",142810,"/Date(1704353204000)/",68300,200,2292800,157416000000,-600,true,-0.87
"MSN",142810,"/Date(1704353204000)/",68300,100,2292600,157402000000,-600,true,-0.87
"MSN",142810,"/Date(1704353204000)/",68300,300,2292500,157395000000,-600,true,-0.87
"MSN",142810,"/Date(1704353204000)/",68300,100,2292200,157375000000,-600,true,-0.87
"MSN",142810,"/Date(1704353204000)/",68300,300,2292100,157368000000,-600,true,-0.87
"MSN",142810,"/Date(1704353203000)/",68300,500,2291800,157347000000,-600,true,-0.87
"MSN",142807,"/Date(1704353200000)/",68300,3300,2291300,157313000000,-600,true,-0.87
"MSN",142807,"/Date(1704353200000)/",68300,200,2288000,157088000000,-600,true,-0.87
"MSN",142807,"/Date(1704353200000)/",68300,500,2287800,157074000000,-600,true,-0.87
"MSN",142807,"/Date(1704353200000)/",68300,100,2287300,157040000000,-600,true,-0.87
"MSN",142807,"/Date(1704353200000)/",68300,500,2287200,157033000000,-600,true,-0.87
"MSN",142807,"/Date(1704353200000)/",68300,300,2286700,156999000000,-600,true,-0.87
"MSN",142807,"/Date(1704353200000)/",68300,500,2286400,156978000000,-600,true,-0.87
"MSN",142807,"/Date(1704353200000)/",68300,1000,2285900,156944000000,-600,true,-0.87
"MSN",142807,"/Date(1704353200000)/",68300,2000,2284900,156876000000,-600,true,-0.87
"MSN",142807,"/Date(1704353200000)/",68300,1000,2282900,156739000000,-600,true,-0.87
"MSN",142807,"/Date(1704353200000)/",68300,200,2281900,156671000000,-600,true,-0.87
"MSN",142807,"/Date(1704353200000)/",68300,200,2281700,156657000000,-600,true,-0.87
"MSN",142807,"/Date(1704353200000)/",68300,200,2281500,156644000000,-600,true,-0.87
"MSN",142804,"/Date(1704353199000)/",68400,1600,2281300,156630000000,-500,false,-0.73
"MSN",142748,"/Date(1704353182000)/",68400,1000,2279700,156521000000,-500,true,-0.73
"MSN",142748,"/Date(1704353182000)/",68400,300,2278700,156452000000,-500,true,-0.73
"MSN",142748,"/Date(1704353182000)/",68400,100,2278400,156432000000,-500,true,-0.73
"MSN",142748,"/Date(1704353182000)/",68400,100,2278300,156425000000,-500,true,-0.73
"MSN",142748,"/Date(1704353182000)/",68400,500,2278200,156418000000,-500,true,-0.73
"MSN",142748,"/Date(1704353182000)/",68400,600,2277700,156384000000,-500,true,-0.73
"MSN",142748,"/Date(1704353182000)/",68400,1000,2277100,156343000000,-500,true,-0.73
"MSN",142748,"/Date(1704353182000)/",68400,10000,2276100,156274000000,-500,true,-0.73
"MSN",142748,"/Date(1704353182000)/",68400,500,2266100,155590000000,-500,true,-0.73
"MSN",142748,"/Date(1704353182000)/",68400,2000,2265600,155556000000,-500,true,-0.73
"MSN",142748,"/Date(1704353182000)/",68400,100,2263600,155419000000,-500,true,-0.73
"MSN",142748,"/Date(1704353182000)/",68400,200,2263500,155413000000,-500,true,-0.73
"MSN",142748,"/Date(1704353182000)/",68400,100,2263300,155399000000,-500,true,-0.73
"MSN",142748,"/Date(1704353182000)/",68400,100,2263200,155392000000,-500,true,-0.73
"MSN",142748,"/Date(1704353182000)/",68400,200,2263100,155385000000,-500,true,-0.73
"MSN",142748,"/Date(1704353182000)/",68400,8700,2262900,155372000000,-500,true,-0.73
"MSN",142738,"/Date(1704353173000)/",68400,1300,2254200,154776000000,-500,true,-0.73
"MSN",142738,"/Date(1704353173000)/",68400,500,2252900,154688000000,-500,true,-0.73
"MSN",142738,"/Date(1704353173000)/",68400,100,2252400,154653000000,-500,true,-0.73
"MSN",142738,"/Date(1704353173000)/",68400,500,2252300,154647000000,-500,true,-0.73
"MSN",142738,"/Date(1704353173000)/",68400,100,2251800,154612000000,-500,true,-0.73
"MSN",142738,"/Date(1704353173000)/",68400,300,2251700,154605000000,-500,true,-0.73
"MSN",142738,"/Date(1704353173000)/",68400,100,2251400,154585000000,-500,true,-0.73
"MSN",142738,"/Date(1704353173000)/",68400,1100,2251300,154578000000,-500,true,-0.73
"MSN",142738,"/Date(1704353173000)/",68400,2000,2250200,154503000000,-500,true,-0.73
"MSN",142732,"/Date(1704353164000)/",68400,300,2248200,154366000000,-500,true,-0.73
"MSN",142722,"/Date(1704353156000)/",68400,900,2247900,154346000000,-500,true,-0.73
"MSN",142716,"/Date(1704353150000)/",68400,500,2247000,154284000000,-500,true,-0.73
"MSN",142716,"/Date(1704353150000)/",68400,1300,2246500,154250000000,-500,true,-0.73
"MSN",142716,"/Date(1704353150000)/",68400,500,2245200,154161000000,-500,true,-0.73
"MSN",142716,"/Date(1704353150000)/",68400,100,2244700,154127000000,-500,true,-0.73
"MSN",142716,"/Date(1704353150000)/",68400,3000,2244600,154120000000,-500,true,-0.73
"MSN",142716,"/Date(1704353150000)/",68400,200,2241600,153915000000,-500,true,-0.73
"MSN",142716,"/Date(1704353150000)/",68400,100,2241400,153901000000,-500,true,-0.73
"MSN",142716,"/Date(1704353150000)/",68400,100,2241300,153894000000,-500,true,-0.73
"MSN",142716,"/Date(1704353150000)/",68400,500,2241200,153887000000,-500,true,-0.73
"MSN",142716,"/Date(1704353150000)/",68400,200,2240700,153853000000,-500,true,-0.73
"MSN",142716,"/Date(1704353150000)/",68400,200,2240500,153839000000,-500,true,-0.73
"MSN",142716,"/Date(1704353150000)/",68400,1200,2240300,153826000000,-500,true,-0.73
"MSN",142712,"/Date(1704353147000)/",68400,800,2239100,153744000000,-500,true,-0.73
"MSN",142712,"/Date(1704353147000)/",68400,100,2238300,153689000000,-500,true,-0.73
"MSN",142712,"/Date(1704353147000)/",68400,200,2238200,153682000000,-500,true,-0.73
"MSN",142709,"/Date(1704353144000)/",68400,1800,2238000,153668000000,-500,true,-0.73
"MSN",142709,"/Date(1704353144000)/",68400,500,2236200,153545000000,-500,true,-0.73
"MSN",142709,"/Date(1704353144000)/",68400,500,2235700,153511000000,-500,true,-0.73
"MSN",142709,"/Date(1704353144000)/",68400,300,2235200,153477000000,-500,true,-0.73
"MSN",142709,"/Date(1704353144000)/",68400,1800,2234900,153456000000,-500,true,-0.73
"MSN",142706,"/Date(1704353141000)/",68400,200,2233100,153333000000,-500,true,-0.73
"MSN",142706,"/Date(1704353141000)/",68400,1000,2232900,153320000000,-500,true,-0.73
"MSN",142706,"/Date(1704353141000)/",68400,300,2231900,153251000000,-500,true,-0.73
"MSN",142706,"/Date(1704353141000)/",68400,100,2231600,153231000000,-500,true,-0.73
"MSN",142706,"/Date(1704353141000)/",68400,100,2231500,153224000000,-500,true,-0.73
"MSN",142706,"/Date(1704353141000)/",68400,100,2231400,153217000000,-500,true,-0.73
"MSN",142706,"/Date(1704353141000)/",68400,2000,2231300,153210000000,-500,true,-0.73
"MSN",142706,"/Date(1704353141000)/",68400,200,2229300,153073000000,-500,true,-0.73
"MSN",142706,"/Date(1704353141000)/",68400,200,2229100,153060000000,-500,true,-0.73
"MSN",142706,"/Date(1704353141000)/",68400,900,2228900,153046000000,-500,true,-0.73
"MSN",142703,"/Date(1704353136000)/",68400,400,2228000,152984000000,-500,true,-0.73
"MSN",142647,"/Date(1704353122000)/",68400,500,2227600,152957000000,-500,true,-0.73
"MSN",142647,"/Date(1704353121000)/",68400,1000,2227100,152923000000,-500,true,-0.73
"MSN",142647,"/Date(1704353119000)/",68400,100,2226100,152854000000,-500,true,-0.73
"MSN",142644,"/Date(1704353117000)/",68400,3000,2226000,152848000000,-500,true,-0.73
"MSN",142644,"/Date(1704353117000)/",68400,1100,2223000,152642000000,-500,true,-0.73
"MSN",142628,"/Date(1704353102000)/",68400,500,2221900,152567000000,-500,true,-0.73
"MSN",142628,"/Date(1704353102000)/",68400,100,2221400,152533000000,-500,true,-0.73
"MSN",142628,"/Date(1704353102000)/",68400,200,2221300,152526000000,-500,true,-0.73
"MSN",142628,"/Date(1704353102000)/",68400,500,2221100,152512000000,-500,true,-0.73
"MSN",142628,"/Date(1704353102000)/",68400,300,2220600,152478000000,-500,true,-0.73
"MSN",142628,"/Date(1704353102000)/",68400,100,2220300,152458000000,-500,true,-0.73
"MSN",142628,"/Date(1704353102000)/",68400,3000,2220200,152451000000,-500,true,-0.73
"MSN",142628,"/Date(1704353102000)/",68400,300,2217200,152246000000,-500,true,-0.73
"MSN",142612,"/Date(1704353084000)/",68500,2800,2216900,152225000000,-400,false,-0.58
"MSN",142612,"/Date(1704353084000)/",68500,200,2214100,152033000000,-400,false,-0.58
"MSN",142612,"/Date(1704353084000)/",68500,7000,2213900,152020000000,-400,false,-0.58
"MSN",142556,"/Date(1704353068000)/",68500,100,2206900,151540000000,-400,true,-0.58
"MSN",142556,"/Date(1704353068000)/",68500,200,2206800,151533000000,-400,true,-0.58
"MSN",142556,"/Date(1704353068000)/",68500,400,2206600,151520000000,-400,true,-0.58
"MSN",142556,"/Date(1704353068000)/",68500,1100,2206200,151492000000,-400,true,-0.58
"MSN",142556,"/Date(1704353068000)/",68500,1100,2205100,151417000000,-400,true,-0.58
"MSN",142556,"/Date(1704353068000)/",68500,1100,2204000,151342000000,-400,true,-0.58
"MSN",142556,"/Date(1704353068000)/",68500,1100,2202900,151266000000,-400,true,-0.58
"MSN",142556,"/Date(1704353068000)/",68500,2000,2201800,151191000000,-400,true,-0.58
"MSN",142556,"/Date(1704353068000)/",68500,1100,2199800,151054000000,-400,true,-0.58
"MSN",142556,"/Date(1704353068000)/",68500,1100,2198700,150978000000,-400,true,-0.58
"MSN",142556,"/Date(1704353068000)/",68500,2000,2197600,150903000000,-400,true,-0.58
"MSN",142556,"/Date(1704353068000)/",68500,100,2195600,150766000000,-400,true,-0.58
"MSN",142556,"/Date(1704353068000)/",68500,200,2195500,150759000000,-400,true,-0.58
"MSN",142556,"/Date(1704353068000)/",68500,1000,2195300,150746000000,-400,true,-0.58
"MSN",142556,"/Date(1704353068000)/",68500,1900,2194300,150677000000,-400,true,-0.58
"MSN",142556,"/Date(1704353068000)/",68500,500,2192400,150547000000,-400,true,-0.58
"MSN",142552,"/Date(1704353067000)/",68500,500,2191900,150513000000,-400,true,-0.58
"MSN",142552,"/Date(1704353067000)/",68500,2800,2191400,150478000000,-400,true,-0.58
"MSN",142552,"/Date(1704353066000)/",68500,600,2188600,150287000000,-400,true,-0.58
"MSN",142549,"/Date(1704353063000)/",68500,600,2188000,150246000000,-400,true,-0.58
"MSN",142549,"/Date(1704353063000)/",68500,400,2187400,150204000000,-400,true,-0.58
"MSN",142543,"/Date(1704353057000)/",68500,4000,2187000,150177000000,-400,true,-0.58
"MSN",142540,"/Date(1704353053000)/",68500,400,2183000,149903000000,-400,true,-0.58
"MSN",142530,"/Date(1704353043000)/",68600,100,2182600,149876000000,-300,false,-0.44
"MSN",142524,"/Date(1704353036000)/",68500,200,2182500,149869000000,-400,true,-0.58
"MSN",142520,"/Date(1704353035000)/",68500,800,2182300,149855000000,-400,true,-0.58
"MSN",142517,"/Date(1704353030000)/",68500,4200,2181500,149800000000,-400,true,-0.58
"MSN",142517,"/Date(1704353030000)/",68500,100,2177300,149513000000,-400,true,-0.58
"MSN",142458,"/Date(1704353011000)/",68500,400,2177200,149506000000,-400,true,-0.58
"MSN",142439,"/Date(1704352994000)/",68500,100,2176800,149478000000,-400,true,-0.58
"MSN",142439,"/Date(1704352994000)/",68500,300,2176700,149471000000,-400,true,-0.58
"MSN",142413,"/Date(1704352968000)/",68600,500,2176400,149451000000,-300,false,-0.44
"MSN",142413,"/Date(1704352968000)/",68600,300,2175900,149417000000,-300,false,-0.44
"MSN",142404,"/Date(1704352958000)/",68500,400,2175600,149396000000,-400,true,-0.58
"MSN",142404,"/Date(1704352958000)/",68500,100,2175200,149369000000,-400,true,-0.58
"MSN",142404,"/Date(1704352958000)/",68500,100,2175100,149362000000,-400,true,-0.58
"MSN",142404,"/Date(1704352957000)/",68600,200,2175000,149355000000,-300,false,-0.44
"MSN",142404,"/Date(1704352957000)/",68600,3100,2174800,149341000000,-300,false,-0.44
"MSN",142312,"/Date(1704352906000)/",68600,3300,2171700,149129000000,-300,true,-0.44
"MSN",142309,"/Date(1704352904000)/",68600,3600,2168400,148902000000,-300,true,-0.44
"MSN",142306,"/Date(1704352900000)/",68600,3300,2164800,148655000000,-300,false,-0.44
"MSN",142306,"/Date(1704352899000)/",68600,100,2161500,148429000000,-300,false,-0.44
"MSN",142306,"/Date(1704352899000)/",68600,200,2161400,148422000000,-300,false,-0.44
"MSN",142306,"/Date(1704352899000)/",68600,1000,2161200,148408000000,-300,false,-0.44
"MSN",142306,"/Date(1704352899000)/",68600,1000,2160200,148340000000,-300,false,-0.44
"MSN",142306,"/Date(1704352899000)/",68600,800,2159200,148271000000,-300,false,-0.44
"MSN",142256,"/Date(1704352891000)/",68600,3300,2158400,148216000000,-300,false,-0.44
"MSN",142247,"/Date(1704352879000)/",68500,200,2155100,147990000000,-400,true,-0.58
"MSN",142234,"/Date(1704352869000)/",68700,100,2154900,147976000000,-200,false,-0.29
"MSN",142234,"/Date(1704352869000)/",68700,1100,2154800,147969000000,-200,false,-0.29
"MSN",142234,"/Date(1704352869000)/",68700,100,2153700,147894000000,-200,false,-0.29
"MSN",142234,"/Date(1704352869000)/",68700,2000,2153600,147887000000,-200,false,-0.29
"MSN",142224,"/Date(1704352857000)/",68700,700,2151600,147749000000,-200,false,-0.29
"MSN",142224,"/Date(1704352857000)/",68700,500,2150900,147701000000,-200,false,-0.29
"MSN",142224,"/Date(1704352857000)/",68700,500,2150400,147667000000,-200,false,-0.29
"MSN",142224,"/Date(1704352857000)/",68700,300,2149900,147633000000,-200,false,-0.29
"MSN",142224,"/Date(1704352857000)/",68700,1300,2149600,147612000000,-200,false,-0.29
"MSN",142224,"/Date(1704352857000)/",68700,3000,2148300,147523000000,-200,false,-0.29
"MSN",142224,"/Date(1704352857000)/",68600,1000,2145300,147317000000,-300,false,-0.44
"MSN",142224,"/Date(1704352857000)/",68600,1000,2144300,147248000000,-300,false,-0.44
"MSN",142224,"/Date(1704352857000)/",68600,800,2143300,147179000000,-300,false,-0.44
"MSN",142224,"/Date(1704352857000)/",68600,2600,2142500,147124000000,-300,false,-0.44
"MSN",142221,"/Date(1704352854000)/",68600,500,2139900,146946000000,-300,false,-0.44
"MSN",142221,"/Date(1704352854000)/",68600,500,2139400,146912000000,-300,false,-0.44
"MSN",142215,"/Date(1704352849000)/",68600,500,2138900,146878000000,-300,false,-0.44
"MSN",142215,"/Date(1704352849000)/",68600,500,2138400,146843000000,-300,false,-0.44
"MSN",142215,"/Date(1704352849000)/",68600,100,2137900,146809000000,-300,false,-0.44
"MSN",142211,"/Date(1704352846000)/",68500,800,2137800,146802000000,-400,true,-0.58
"MSN",142211,"/Date(1704352846000)/",68500,1200,2137000,146747000000,-400,true,-0.58
"MSN",142211,"/Date(1704352846000)/",68500,600,2135800,146665000000,-400,true,-0.58
"MSN",142211,"/Date(1704352845000)/",68600,400,2135200,146624000000,-300,false,-0.44
"MSN",142211,"/Date(1704352845000)/",68600,700,2134800,146597000000,-300,false,-0.44
"MSN",142208,"/Date(1704352842000)/",68600,300,2134100,146549000000,-300,false,-0.44
"MSN",142208,"/Date(1704352842000)/",68600,700,2133800,146528000000,-300,false,-0.44
"MSN",142205,"/Date(1704352840000)/",68600,300,2133100,146480000000,-300,false,-0.44
"MSN",142205,"/Date(1704352840000)/",68600,800,2132800,146459000000,-300,false,-0.44
"MSN",142205,"/Date(1704352839000)/",68600,3000,2132000,146404000000,-300,false,-0.44
"MSN",142205,"/Date(1704352839000)/",68600,300,2129000,146199000000,-300,false,-0.44
"MSN",142136,"/Date(1704352810000)/",68600,1000,2128700,146178000000,-300,true,-0.44
"MSN",142136,"/Date(1704352810000)/",68600,2000,2127700,146109000000,-300,true,-0.44
"MSN",142133,"/Date(1704352806000)/",68600,800,2125700,145972000000,-300,true,-0.44
"MSN",142130,"/Date(1704352805000)/",68600,100,2124900,145917000000,-300,false,-0.44
"MSN",142127,"/Date(1704352802000)/",68600,400,2124800,145911000000,-300,false,-0.44
"MSN",142127,"/Date(1704352802000)/",68600,1000,2124400,145883000000,-300,false,-0.44
"MSN",142127,"/Date(1704352802000)/",68600,800,2123400,145814000000,-300,false,-0.44
"MSN",142127,"/Date(1704352802000)/",68600,1000,2122600,145760000000,-300,false,-0.44
"MSN",142127,"/Date(1704352802000)/",68600,800,2121600,145691000000,-300,false,-0.44
"MSN",142127,"/Date(1704352802000)/",68600,100,2120800,145636000000,-300,false,-0.44
"MSN",142127,"/Date(1704352802000)/",68600,3000,2120700,145629000000,-300,false,-0.44
"MSN",142120,"/Date(1704352794000)/",68500,1000,2117700,145423000000,-400,true,-0.58
"MSN",142117,"/Date(1704352793000)/",68500,1200,2116700,145355000000,-400,true,-0.58
"MSN",142048,"/Date(1704352764000)/",68500,500,2115500,145273000000,-400,true,-0.58
"MSN",142039,"/Date(1704352752000)/",68600,500,2115000,145239000000,-300,false,-0.44
"MSN",142039,"/Date(1704352752000)/",68600,2500,2114500,145204000000,-300,false,-0.44
"MSN",142039,"/Date(1704352752000)/",68600,300,2112000,145033000000,-300,false,-0.44
"MSN",142035,"/Date(1704352750000)/",68500,500,2111700,145012000000,-400,true,-0.58
"MSN",142035,"/Date(1704352749000)/",68500,1000,2111200,144978000000,-400,true,-0.58
"MSN",142023,"/Date(1704352736000)/",68500,1000,2110200,144909000000,-400,true,-0.58
"MSN",142019,"/Date(1704352734000)/",68500,200,2109200,144841000000,-400,true,-0.58
"MSN",142013,"/Date(1704352726000)/",68500,100,2109000,144827000000,-400,true,-0.58
"MSN",142007,"/Date(1704352721000)/",68500,1000,2108900,144820000000,-400,true,-0.58
"MSN",142007,"/Date(1704352720000)/",68600,300,2107900,144752000000,-300,false,-0.44
"MSN",142007,"/Date(1704352720000)/",68600,1000,2107600,144731000000,-300,false,-0.44
"MSN",142007,"/Date(1704352720000)/",68600,2000,2106600,144663000000,-300,false,-0.44
"MSN",142003,"/Date(1704352717000)/",68500,2000,2104600,144525000000,-400,true,-0.58
"MSN",142000,"/Date(1704352716000)/",68500,1500,2102600,144388000000,-400,false,-0.58
"MSN",142000,"/Date(1704352716000)/",68500,1000,2101100,144286000000,-400,false,-0.58
"MSN",142000,"/Date(1704352716000)/",68500,200,2100100,144217000000,-400,false,-0.58
"MSN",142000,"/Date(1704352716000)/",68500,3000,2099900,144204000000,-400,false,-0.58
"MSN",141954,"/Date(1704352706000)/",68500,100,2096900,143998000000,-400,false,-0.58
"MSN",141951,"/Date(1704352706000)/",68500,4000,2096800,143991000000,-400,false,-0.58
"MSN",141947,"/Date(1704352701000)/",68500,3300,2092800,143717000000,-400,false,-0.58
"MSN",141944,"/Date(1704352699000)/",68500,3000,2089500,143491000000,-400,false,-0.58
"MSN",141935,"/Date(1704352688000)/",68500,500,2086500,143286000000,-400,false,-0.58
"MSN",141935,"/Date(1704352688000)/",68500,200,2086000,143251000000,-400,false,-0.58
"MSN",141935,"/Date(1704352688000)/",68500,1000,2085800,143238000000,-400,false,-0.58
"MSN",141935,"/Date(1704352688000)/",68500,200,2084800,143169000000,-400,false,-0.58
"MSN",141935,"/Date(1704352688000)/",68500,500,2084600,143155000000,-400,false,-0.58
"MSN",141935,"/Date(1704352688000)/",68500,1000,2084100,143121000000,-400,false,-0.58
"MSN",141935,"/Date(1704352688000)/",68500,500,2083100,143053000000,-400,false,-0.58
"MSN",141935,"/Date(1704352688000)/",68500,3300,2082600,143018000000,-400,false,-0.58
"MSN",141935,"/Date(1704352688000)/",68500,300,2079300,142792000000,-400,false,-0.58
"MSN",141935,"/Date(1704352688000)/",68500,1000,2079000,142772000000,-400,false,-0.58
"MSN",141935,"/Date(1704352688000)/",68500,500,2078000,142703000000,-400,false,-0.58
"MSN",141935,"/Date(1704352688000)/",68500,400,2077500,142669000000,-400,false,-0.58
"MSN",141935,"/Date(1704352688000)/",68500,1000,2077100,142642000000,-400,false,-0.58
"MSN",141935,"/Date(1704352688000)/",68500,2000,2076100,142573000000,-400,false,-0.58
"MSN",141935,"/Date(1704352688000)/",68500,500,2074100,142436000000,-400,false,-0.58
"MSN",141935,"/Date(1704352688000)/",68500,300,2073600,142402000000,-400,false,-0.58
"MSN",141935,"/Date(1704352688000)/",68500,3000,2073300,142381000000,-400,false,-0.58
"MSN",141935,"/Date(1704352688000)/",68500,500,2070300,142176000000,-400,false,-0.58
"MSN",141935,"/Date(1704352688000)/",68500,500,2069800,142142000000,-400,false,-0.58
"MSN",141935,"/Date(1704352688000)/",68500,200,2069300,142107000000,-400,false,-0.58
"MSN",141935,"/Date(1704352688000)/",68500,500,2069100,142094000000,-400,false,-0.58
"MSN",141935,"/Date(1704352688000)/",68500,100,2068600,142059000000,-400,false,-0.58
"MSN",141935,"/Date(1704352688000)/",68500,1000,2068500,142053000000,-400,false,-0.58
"MSN",141935,"/Date(1704352688000)/",68500,100,2067500,141984000000,-400,false,-0.58
"MSN",141935,"/Date(1704352688000)/",68500,1000,2067400,141977000000,-400,false,-0.58
"MSN",141935,"/Date(1704352688000)/",68500,5000,2066400,141909000000,-400,false,-0.58
"MSN",141935,"/Date(1704352688000)/",68500,300,2061400,141566000000,-400,false,-0.58
"MSN",141935,"/Date(1704352688000)/",68500,100,2061100,141546000000,-400,false,-0.58
"MSN",141935,"/Date(1704352688000)/",68500,6100,2061000,141539000000,-400,false,-0.58
"MSN",141931,"/Date(1704352684000)/",68500,500,2054900,141121000000,-400,true,-0.58
"MSN",141915,"/Date(1704352670000)/",68500,1000,2054400,141087000000,-400,true,-0.58
"MSN",141856,"/Date(1704352650000)/",68600,500,2053400,141018000000,-300,false,-0.44
"MSN",141856,"/Date(1704352650000)/",68600,600,2052900,140984000000,-300,false,-0.44
"MSN",141856,"/Date(1704352650000)/",68600,200,2052300,140943000000,-300,false,-0.44
"MSN",141856,"/Date(1704352650000)/",68600,600,2052100,140929000000,-300,false,-0.44
"MSN",141856,"/Date(1704352650000)/",68600,500,2051500,140888000000,-300,false,-0.44
"MSN",141856,"/Date(1704352650000)/",68600,100,2051000,140854000000,-300,false,-0.44
"MSN",141856,"/Date(1704352650000)/",68600,2500,2050900,140847000000,-300,false,-0.44
"MSN",141847,"/Date(1704352642000)/",68500,12400,2048400,140675000000,-400,true,-0.58
"MSN",141847,"/Date(1704352642000)/",68500,2000,2036000,139826000000,-400,true,-0.58
"MSN",141847,"/Date(1704352642000)/",68500,100,2034000,139689000000,-400,true,-0.58
"MSN",141847,"/Date(1704352642000)/",68500,5000,2033900,139682000000,-400,true,-0.58
"MSN",141847,"/Date(1704352642000)/",68500,100,2028900,139340000000,-400,true,-0.58
"MSN",141847,"/Date(1704352642000)/",68500,200,2028800,139333000000,-400,true,-0.58
"MSN",141847,"/Date(1704352642000)/",68500,8300,2028600,139319000000,-400,true,-0.58
"MSN",141847,"/Date(1704352641000)/",68600,1000,2020300,138750000000,-300,false,-0.44
"MSN",141843,"/Date(1704352638000)/",68500,300,2019300,138682000000,-400,true,-0.58
"MSN",141837,"/Date(1704352629000)/",68600,100,2019000,138661000000,-300,false,-0.44
"MSN",141834,"/Date(1704352628000)/",68500,1400,2018900,138654000000,-400,true,-0.58
"MSN",141834,"/Date(1704352628000)/",68500,2000,2017500,138558000000,-400,true,-0.58
"MSN",141834,"/Date(1704352628000)/",68500,600,2015500,138421000000,-400,true,-0.58
"MSN",141821,"/Date(1704352616000)/",68600,300,2014900,138380000000,-300,false,-0.44
"MSN",141808,"/Date(1704352603000)/",68500,400,2014600,138360000000,-400,true,-0.58
"MSN",141808,"/Date(1704352603000)/",68500,100,2014200,138332000000,-400,true,-0.58
"MSN",141808,"/Date(1704352603000)/",68500,100,2014100,138326000000,-400,true,-0.58
"MSN",141808,"/Date(1704352603000)/",68500,400,2014000,138319000000,-400,true,-0.58
"MSN",141759,"/Date(1704352591000)/",68500,100,2013600,138291000000,-400,true,-0.58
"MSN",141746,"/Date(1704352579000)/",68600,100,2013500,138284000000,-300,false,-0.44
"MSN",141743,"/Date(1704352576000)/",68600,100,2013400,138278000000,-300,false,-0.44
"MSN",141739,"/Date(1704352575000)/",68500,2500,2013300,138271000000,-400,true,-0.58
"MSN",141739,"/Date(1704352575000)/",68500,100,2010800,138099000000,-400,true,-0.58
"MSN",141739,"/Date(1704352575000)/",68500,500,2010700,138093000000,-400,true,-0.58
"MSN",141739,"/Date(1704352575000)/",68500,5000,2010200,138058000000,-400,true,-0.58
"MSN",141739,"/Date(1704352575000)/",68500,1500,2005200,137716000000,-400,true,-0.58
"MSN",141723,"/Date(1704352556000)/",68600,500,2003700,137613000000,-300,false,-0.44
"MSN",141723,"/Date(1704352556000)/",68600,400,2003200,137579000000,-300,false,-0.44
"MSN",141723,"/Date(1704352556000)/",68600,100,2002800,137551000000,-300,false,-0.44
"MSN",141720,"/Date(1704352555000)/",68600,100,2002700,137545000000,-300,false,-0.44
"MSN",141720,"/Date(1704352553000)/",68600,1900,2002600,137538000000,-300,false,-0.44
"MSN",141720,"/Date(1704352553000)/",68600,100,2000700,137407000000,-300,false,-0.44
"MSN",141707,"/Date(1704352540000)/",68600,500,2000600,137400000000,-300,false,-0.44
"MSN",141707,"/Date(1704352540000)/",68600,500,2000100,137366000000,-300,false,-0.44
"MSN",141701,"/Date(1704352534000)/",68600,200,1999600,137332000000,-300,false,-0.44
"MSN",141651,"/Date(1704352525000)/",68600,400,1999400,137318000000,-300,false,-0.44
"MSN",141651,"/Date(1704352524000)/",68500,1500,1999000,137291000000,-400,true,-0.58
"MSN",141651,"/Date(1704352524000)/",68500,100,1997500,137188000000,-400,true,-0.58
"MSN",141651,"/Date(1704352524000)/",68500,500,1997400,137181000000,-400,true,-0.58
"MSN",141651,"/Date(1704352524000)/",68500,100,1996900,137147000000,-400,true,-0.58
"MSN",141651,"/Date(1704352524000)/",68500,100,1996800,137140000000,-400,true,-0.58
"MSN",141651,"/Date(1704352524000)/",68500,700,1996700,137133000000,-400,true,-0.58
"MSN",141642,"/Date(1704352516000)/",68600,100,1996000,137085000000,-300,false,-0.44
"MSN",141632,"/Date(1704352507000)/",68700,1000,1995900,137078000000,-200,false,-0.29
"MSN",141632,"/Date(1704352507000)/",68700,700,1994900,137010000000,-200,false,-0.29
"MSN",141632,"/Date(1704352507000)/",68600,500,1994200,136962000000,-300,false,-0.44
"MSN",141632,"/Date(1704352507000)/",68600,600,1993700,136927000000,-300,false,-0.44
"MSN",141632,"/Date(1704352507000)/",68600,500,1993100,136886000000,-300,false,-0.44
"MSN",141626,"/Date(1704352500000)/",68600,500,1992600,136852000000,-300,false,-0.44
"MSN",141623,"/Date(1704352496000)/",68600,3300,1992100,136818000000,-300,false,-0.44
"MSN",141610,"/Date(1704352485000)/",68600,1200,1988800,136591000000,-300,false,-0.44
"MSN",141610,"/Date(1704352485000)/",68600,2100,1987600,136509000000,-300,false,-0.44
"MSN",141600,"/Date(1704352474000)/",68700,3200,1985500,136365000000,-200,false,-0.29
"MSN",141600,"/Date(1704352474000)/",68600,100,1982300,136145000000,-300,false,-0.44
"MSN",141600,"/Date(1704352473000)/",68600,100,1982200,136138000000,-300,false,-0.44
"MSN",141554,"/Date(1704352468000)/",68600,500,1982100,136131000000,-300,false,-0.44
"MSN",141554,"/Date(1704352466000)/",68600,1000,1981600,136097000000,-300,false,-0.44
"MSN",141550,"/Date(1704352465000)/",68600,500,1980600,136028000000,-300,true,-0.44
"MSN",141550,"/Date(1704352465000)/",68600,800,1980100,135994000000,-300,true,-0.44
"MSN",141547,"/Date(1704352462000)/",68600,400,1979300,135939000000,-300,true,-0.44
"MSN",141547,"/Date(1704352462000)/",68600,100,1978900,135912000000,-300,true,-0.44
"MSN",141547,"/Date(1704352461000)/",68700,500,1978800,135905000000,-200,false,-0.29
"MSN",141547,"/Date(1704352461000)/",68700,3300,1978300,135870000000,-200,false,-0.29
"MSN",141544,"/Date(1704352457000)/",68700,500,1975000,135644000000,-200,false,-0.29
"MSN",141538,"/Date(1704352452000)/",68700,500,1974500,135609000000,-200,false,-0.29
"MSN",141538,"/Date(1704352451000)/",68600,100,1974000,135575000000,-300,true,-0.44
"MSN",141538,"/Date(1704352451000)/",68600,400,1973900,135568000000,-300,true,-0.44
"MSN",141538,"/Date(1704352451000)/",68600,500,1973500,135541000000,-300,true,-0.44
"MSN",141534,"/Date(1704352449000)/",68600,100,1973000,135506000000,-300,true,-0.44
"MSN",141534,"/Date(1704352449000)/",68600,2000,1972900,135500000000,-300,true,-0.44
"MSN",141528,"/Date(1704352443000)/",68700,1300,1970900,135362000000,-200,false,-0.29
"MSN",141528,"/Date(1704352443000)/",68700,500,1969600,135273000000,-200,false,-0.29
"MSN",141528,"/Date(1704352443000)/",68700,1500,1969100,135239000000,-200,false,-0.29
"MSN",141528,"/Date(1704352443000)/",68700,500,1967600,135136000000,-200,false,-0.29
"MSN",141518,"/Date(1704352431000)/",68600,500,1967100,135101000000,-300,true,-0.44
"MSN",141512,"/Date(1704352425000)/",68700,100,1966600,135067000000,-200,false,-0.29
"MSN",141506,"/Date(1704352421000)/",68600,500,1966500,135060000000,-300,true,-0.44
"MSN",141506,"/Date(1704352421000)/",68600,500,1966000,135026000000,-300,true,-0.44
"MSN",141506,"/Date(1704352419000)/",68600,500,1965500,134992000000,-300,true,-0.44
"MSN",141506,"/Date(1704352419000)/",68600,500,1965000,134957000000,-300,true,-0.44
"MSN",141506,"/Date(1704352419000)/",68600,300,1964500,134923000000,-300,true,-0.44
"MSN",141506,"/Date(1704352419000)/",68600,800,1964200,134902000000,-300,true,-0.44
"MSN",141506,"/Date(1704352419000)/",68600,1000,1963400,134848000000,-300,true,-0.44
"MSN",141446,"/Date(1704352401000)/",68600,500,1962400,134779000000,-300,true,-0.44
"MSN",141443,"/Date(1704352396000)/",68600,500,1961900,134745000000,-300,true,-0.44
"MSN",141440,"/Date(1704352395000)/",68600,600,1961400,134710000000,-300,true,-0.44
"MSN",141440,"/Date(1704352395000)/",68600,500,1960800,134669000000,-300,true,-0.44
"MSN",141440,"/Date(1704352395000)/",68600,2000,1960300,134635000000,-300,true,-0.44
"MSN",141440,"/Date(1704352395000)/",68600,4100,1958300,134498000000,-300,true,-0.44
"MSN",141434,"/Date(1704352387000)/",68600,300,1954200,134216000000,-300,true,-0.44
"MSN",141434,"/Date(1704352387000)/",68600,100,1953900,134196000000,-300,true,-0.44
"MSN",141434,"/Date(1704352387000)/",68600,800,1953800,134189000000,-300,true,-0.44
"MSN",141434,"/Date(1704352387000)/",68600,500,1953000,134134000000,-300,true,-0.44
"MSN",141434,"/Date(1704352387000)/",68600,2000,1952500,134100000000,-300,true,-0.44
"MSN",141434,"/Date(1704352387000)/",68600,100,1950500,133963000000,-300,true,-0.44
"MSN",141421,"/Date(1704352373000)/",68600,500,1950400,133956000000,-300,true,-0.44
"MSN",141418,"/Date(1704352371000)/",68600,700,1949900,133921000000,-300,true,-0.44
"MSN",141411,"/Date(1704352364000)/",68600,100,1949200,133873000000,-300,true,-0.44
"MSN",141411,"/Date(1704352364000)/",68600,700,1949100,133867000000,-300,true,-0.44
"MSN",141408,"/Date(1704352362000)/",68600,300,1948400,133819000000,-300,true,-0.44
"MSN",141408,"/Date(1704352362000)/",68600,500,1948100,133798000000,-300,true,-0.44
"MSN",141408,"/Date(1704352361000)/",68600,800,1947600,133764000000,-300,true,-0.44
"MSN",141405,"/Date(1704352358000)/",68600,2200,1946800,133709000000,-300,true,-0.44
"MSN",141402,"/Date(1704352352000)/",68600,100,1944600,133558000000,-300,true,-0.44
"MSN",141355,"/Date(1704352349000)/",68600,200,1944500,133551000000,-300,false,-0.44
"MSN",141355,"/Date(1704352349000)/",68600,100,1944300,133537000000,-300,false,-0.44
"MSN",141355,"/Date(1704352349000)/",68600,100,1944200,133530000000,-300,false,-0.44
"MSN",141355,"/Date(1704352349000)/",68600,100,1944100,133524000000,-300,false,-0.44
"MSN",141355,"/Date(1704352349000)/",68600,400,1944000,133517000000,-300,false,-0.44
"MSN",141355,"/Date(1704352349000)/",68600,6000,1943600,133489000000,-300,false,-0.44
"MSN",141352,"/Date(1704352348000)/",68500,1000,1937600,133078000000,-400,true,-0.58
"MSN",141352,"/Date(1704352347000)/",68600,200,1936600,133009000000,-300,false,-0.44
"MSN",141349,"/Date(1704352342000)/",68500,3300,1936400,132995000000,-400,true,-0.58
"MSN",141349,"/Date(1704352342000)/",68500,100,1933100,132769000000,-400,true,-0.58
"MSN",141349,"/Date(1704352342000)/",68500,200,1933000,132763000000,-400,true,-0.58
"MSN",141349,"/Date(1704352342000)/",68500,800,1932800,132749000000,-400,true,-0.58
"MSN",141349,"/Date(1704352342000)/",68500,100,1932000,132694000000,-400,true,-0.58
"MSN",141349,"/Date(1704352342000)/",68500,1000,1931900,132687000000,-400,true,-0.58
"MSN",141349,"/Date(1704352342000)/",68500,500,1930900,132619000000,-400,true,-0.58
"MSN",141349,"/Date(1704352342000)/",68500,500,1930400,132584000000,-400,true,-0.58
"MSN",141349,"/Date(1704352342000)/",68500,1000,1929900,132550000000,-400,true,-0.58
"MSN",141349,"/Date(1704352342000)/",68500,1100,1928900,132482000000,-400,true,-0.58
"MSN",141349,"/Date(1704352342000)/",68500,400,1927800,132406000000,-400,true,-0.58
"MSN",141349,"/Date(1704352342000)/",68500,500,1927400,132379000000,-400,true,-0.58
"MSN",141349,"/Date(1704352342000)/",68500,400,1926900,132345000000,-400,true,-0.58
"MSN",141349,"/Date(1704352342000)/",68500,100,1926500,132317000000,-400,true,-0.58
"MSN",141346,"/Date(1704352340000)/",68500,100,1926400,132310000000,-400,true,-0.58
"MSN",141339,"/Date(1704352335000)/",68500,900,1926300,132304000000,-400,true,-0.58
"MSN",141339,"/Date(1704352335000)/",68500,500,1925400,132242000000,-400,true,-0.58
"MSN",141339,"/Date(1704352335000)/",68500,500,1924900,132208000000,-400,true,-0.58
"MSN",141336,"/Date(1704352330000)/",68600,1000,1924400,132173000000,-300,false,-0.44
"MSN",141333,"/Date(1704352326000)/",68500,9500,1923400,132105000000,-400,true,-0.58
"MSN",141333,"/Date(1704352326000)/",68500,500,1913900,131454000000,-400,true,-0.58
"MSN",141320,"/Date(1704352312000)/",68600,500,1913400,131420000000,-300,false,-0.44
"MSN",141304,"/Date(1704352299000)/",68600,600,1912900,131386000000,-300,false,-0.44
"MSN",141301,"/Date(1704352296000)/",68600,800,1912300,131344000000,-300,false,-0.44
"MSN",141301,"/Date(1704352296000)/",68600,100,1911500,131289000000,-300,false,-0.44
"MSN",141301,"/Date(1704352296000)/",68600,800,1911400,131283000000,-300,false,-0.44
"MSN",141258,"/Date(1704352292000)/",68600,200,1910600,131228000000,-300,true,-0.44
"MSN",141248,"/Date(1704352281000)/",68600,200,1910400,131214000000,-300,true,-0.44
"MSN",141248,"/Date(1704352281000)/",68600,500,1910200,131200000000,-300,true,-0.44
"MSN",141238,"/Date(1704352274000)/",68600,500,1909700,131166000000,-300,true,-0.44
"MSN",141238,"/Date(1704352274000)/",68600,500,1909200,131132000000,-300,true,-0.44
"MSN",141238,"/Date(1704352274000)/",68600,600,1908700,131097000000,-300,true,-0.44
"MSN",141238,"/Date(1704352271000)/",68600,500,1908100,131056000000,-300,true,-0.44
"MSN",141235,"/Date(1704352270000)/",68600,700,1907600,131022000000,-300,true,-0.44
"MSN",141235,"/Date(1704352270000)/",68600,800,1906900,130974000000,-300,true,-0.44
"MSN",141235,"/Date(1704352268000)/",68600,2000,1906100,130919000000,-300,true,-0.44
"MSN",141216,"/Date(1704352250000)/",68600,800,1904100,130782000000,-300,true,-0.44
"MSN",141216,"/Date(1704352250000)/",68600,700,1903300,130727000000,-300,true,-0.44
"MSN",141216,"/Date(1704352250000)/",68600,500,1902600,130679000000,-300,true,-0.44
"MSN",141216,"/Date(1704352250000)/",68600,500,1902100,130645000000,-300,true,-0.44
"MSN",141216,"/Date(1704352250000)/",68600,100,1901600,130610000000,-300,true,-0.44
"MSN",141216,"/Date(1704352250000)/",68600,2000,1901500,130603000000,-300,true,-0.44
"MSN",141216,"/Date(1704352250000)/",68600,200,1899500,130466000000,-300,true,-0.44
"MSN",141216,"/Date(1704352250000)/",68600,500,1899300,130453000000,-300,true,-0.44
"MSN",141216,"/Date(1704352250000)/",68600,1000,1898800,130418000000,-300,true,-0.44
"MSN",141216,"/Date(1704352250000)/",68600,2000,1897800,130350000000,-300,true,-0.44
"MSN",141216,"/Date(1704352250000)/",68600,500,1895800,130212000000,-300,true,-0.44
"MSN",141216,"/Date(1704352250000)/",68600,2000,1895300,130178000000,-300,true,-0.44
"MSN",141209,"/Date(1704352242000)/",68600,700,1893300,130041000000,-300,true,-0.44
"MSN",141206,"/Date(1704352239000)/",68600,300,1892600,129993000000,-300,true,-0.44
"MSN",141206,"/Date(1704352239000)/",68600,100,1892300,129972000000,-300,true,-0.44
"MSN",141206,"/Date(1704352239000)/",68600,400,1892200,129965000000,-300,true,-0.44
"MSN",141203,"/Date(1704352238000)/",68600,100,1891800,129938000000,-300,true,-0.44
"MSN",141203,"/Date(1704352238000)/",68600,1000,1891700,129931000000,-300,true,-0.44
"MSN",141203,"/Date(1704352238000)/",68600,700,1890700,129863000000,-300,true,-0.44
"MSN",141203,"/Date(1704352238000)/",68600,200,1890000,129815000000,-300,true,-0.44
"MSN",141157,"/Date(1704352229000)/",68700,700,1889800,129801000000,-200,false,-0.29
"MSN",141153,"/Date(1704352228000)/",68700,200,1889100,129753000000,-200,false,-0.29
"MSN",141153,"/Date(1704352228000)/",68700,300,1888900,129739000000,-200,false,-0.29
"MSN",141150,"/Date(1704352224000)/",68700,100,1888600,129718000000,-200,false,-0.29
"MSN",141144,"/Date(1704352218000)/",68600,700,1888500,129712000000,-300,true,-0.44
"MSN",141134,"/Date(1704352209000)/",68600,100,1887800,129664000000,-300,true,-0.44
"MSN",141134,"/Date(1704352209000)/",68600,600,1887700,129657000000,-300,true,-0.44
"MSN",141134,"/Date(1704352209000)/",68600,400,1887100,129615000000,-300,true,-0.44
"MSN",141134,"/Date(1704352209000)/",68600,400,1886700,129588000000,-300,true,-0.44
"MSN",141134,"/Date(1704352208000)/",68600,2000,1886300,129561000000,-300,true,-0.44
"MSN",141112,"/Date(1704352187000)/",68600,600,1884300,129423000000,-300,true,-0.44
"MSN",141112,"/Date(1704352187000)/",68600,100,1883700,129382000000,-300,true,-0.44
"MSN",141105,"/Date(1704352179000)/",68600,500,1883600,129375000000,-300,true,-0.44
"MSN",141105,"/Date(1704352179000)/",68600,100,1883100,129341000000,-300,true,-0.44
"MSN",141105,"/Date(1704352179000)/",68600,600,1883000,129334000000,-300,true,-0.44
"MSN",141105,"/Date(1704352179000)/",68600,800,1882400,129293000000,-300,true,-0.44
"MSN",141102,"/Date(1704352177000)/",68600,1100,1881600,129238000000,-300,true,-0.44
"MSN",141102,"/Date(1704352177000)/",68600,900,1880500,129163000000,-300,true,-0.44
"MSN",141053,"/Date(1704352165000)/",68600,1000,1879600,129101000000,-300,true,-0.44
"MSN",141043,"/Date(1704352157000)/",68600,700,1878600,129032000000,-300,true,-0.44
"MSN",141034,"/Date(1704352149000)/",68600,700,1877900,128984000000,-300,true,-0.44
"MSN",141034,"/Date(1704352148000)/",68600,800,1877200,128936000000,-300,true,-0.44
"MSN",141034,"/Date(1704352147000)/",68600,2000,1876400,128881000000,-300,true,-0.44
"MSN",141014,"/Date(1704352127000)/",68600,700,1874400,128744000000,-300,true,-0.44
"MSN",141005,"/Date(1704352118000)/",68600,700,1873700,128696000000,-300,true,-0.44
"MSN",141005,"/Date(1704352118000)/",68600,800,1873000,128648000000,-300,true,-0.44
"MSN",141001,"/Date(1704352117000)/",68600,2000,1872200,128593000000,-300,true,-0.44
"MSN",140952,"/Date(1704352105000)/",68600,600,1870200,128456000000,-300,true,-0.44
"MSN",140952,"/Date(1704352105000)/",68600,200,1869600,128415000000,-300,true,-0.44
"MSN",140952,"/Date(1704352105000)/",68600,300,1869400,128401000000,-300,true,-0.44
"MSN",140942,"/Date(1704352096000)/",68600,200,1869100,128381000000,-300,true,-0.44
"MSN",140942,"/Date(1704352096000)/",68600,500,1868900,128367000000,-300,true,-0.44
"MSN",140933,"/Date(1704352088000)/",68600,700,1868400,128333000000,-300,true,-0.44
"MSN",140933,"/Date(1704352088000)/",68600,800,1867700,128285000000,-300,true,-0.44
"MSN",140933,"/Date(1704352087000)/",68600,2000,1866900,128230000000,-300,true,-0.44
"MSN",140926,"/Date(1704352080000)/",68600,100,1864900,128093000000,-300,true,-0.44
"MSN",140926,"/Date(1704352080000)/",68700,2800,1864800,128086000000,-200,false,-0.29
"MSN",140926,"/Date(1704352080000)/",68700,200,1862000,127893000000,-200,false,-0.29
"MSN",140917,"/Date(1704352069000)/",68700,300,1861800,127880000000,-200,false,-0.29
"MSN",140913,"/Date(1704352066000)/",68700,700,1861500,127859000000,-200,true,-0.29
"MSN",140904,"/Date(1704352058000)/",68700,600,1860800,127811000000,-200,true,-0.29
"MSN",140904,"/Date(1704352058000)/",68700,700,1860200,127770000000,-200,true,-0.29
"MSN",140901,"/Date(1704352056000)/",68700,2000,1859500,127722000000,-200,true,-0.29
"MSN",140857,"/Date(1704352053000)/",68700,2000,1857500,127584000000,-200,false,-0.29
"MSN",140857,"/Date(1704352053000)/",68700,900,1855500,127447000000,-200,false,-0.29
"MSN",140857,"/Date(1704352053000)/",68700,1000,1854600,127385000000,-200,false,-0.29
"MSN",140857,"/Date(1704352053000)/",68700,600,1853600,127316000000,-200,false,-0.29
"MSN",140848,"/Date(1704352043000)/",68700,500,1853000,127275000000,-200,false,-0.29
"MSN",140841,"/Date(1704352036000)/",68600,700,1852500,127241000000,-300,true,-0.44
"MSN",140835,"/Date(1704352028000)/",68600,300,1851800,127193000000,-300,true,-0.44
"MSN",140835,"/Date(1704352028000)/",68600,300,1851500,127172000000,-300,true,-0.44
"MSN",140835,"/Date(1704352028000)/",68600,700,1851200,127152000000,-300,true,-0.44
"MSN",140832,"/Date(1704352027000)/",68700,4500,1850500,127104000000,-200,false,-0.29
"MSN",140832,"/Date(1704352027000)/",68700,200,1846000,126794000000,-200,false,-0.29
"MSN",140832,"/Date(1704352027000)/",68700,300,1845800,126781000000,-200,false,-0.29
"MSN",140832,"/Date(1704352026000)/",68600,200,1845500,126760000000,-300,true,-0.44
"MSN",140832,"/Date(1704352026000)/",68600,100,1845300,126746000000,-300,true,-0.44
"MSN",140832,"/Date(1704352026000)/",68600,500,1845200,126739000000,-300,true,-0.44
"MSN",140832,"/Date(1704352026000)/",68600,200,1844700,126705000000,-300,true,-0.44
"MSN",140832,"/Date(1704352026000)/",68600,100,1844500,126691000000,-300,true,-0.44
"MSN",140832,"/Date(1704352026000)/",68600,100,1844400,126685000000,-300,true,-0.44
"MSN",140832,"/Date(1704352026000)/",68600,500,1844300,126678000000,-300,true,-0.44
"MSN",140832,"/Date(1704352026000)/",68600,300,1843800,126643000000,-300,true,-0.44
"MSN",140819,"/Date(1704352014000)/",68700,300,1843500,126623000000,-200,false,-0.29
"MSN",140813,"/Date(1704352006000)/",68600,700,1843200,126602000000,-300,true,-0.44
"MSN",140803,"/Date(1704351996000)/",68600,600,1842500,126554000000,-300,true,-0.44
"MSN",140803,"/Date(1704351996000)/",68600,500,1841900,126513000000,-300,true,-0.44
"MSN",140803,"/Date(1704351996000)/",68600,200,1841400,126479000000,-300,true,-0.44
"MSN",140800,"/Date(1704351995000)/",68600,1800,1841200,126465000000,-300,true,-0.44
"MSN",140800,"/Date(1704351995000)/",68600,200,1839400,126342000000,-300,true,-0.44
"MSN",140753,"/Date(1704351987000)/",68600,100,1839200,126328000000,-300,true,-0.44
"MSN",140753,"/Date(1704351987000)/",68600,500,1839100,126321000000,-300,true,-0.44
"MSN",140753,"/Date(1704351987000)/",68600,2100,1838600,126287000000,-300,true,-0.44
"MSN",140753,"/Date(1704351987000)/",68600,500,1836500,126143000000,-300,true,-0.44
"MSN",140753,"/Date(1704351987000)/",68600,100,1836000,126108000000,-300,true,-0.44
"MSN",140750,"/Date(1704351985000)/",68600,900,1835900,126101000000,-300,true,-0.44
"MSN",140750,"/Date(1704351985000)/",68600,7100,1835000,126040000000,-300,true,-0.44
"MSN",140750,"/Date(1704351985000)/",68600,2900,1827900,125553000000,-300,true,-0.44
"MSN",140750,"/Date(1704351985000)/",68600,3300,1825000,125354000000,-300,true,-0.44
"MSN",140750,"/Date(1704351985000)/",68600,500,1821700,125127000000,-300,true,-0.44
"MSN",140750,"/Date(1704351985000)/",68600,500,1821200,125093000000,-300,true,-0.44
"MSN",140750,"/Date(1704351985000)/",68600,100,1820700,125059000000,-300,true,-0.44
"MSN",140750,"/Date(1704351985000)/",68600,100,1820600,125052000000,-300,true,-0.44
"MSN",140750,"/Date(1704351985000)/",68600,500,1820500,125045000000,-300,true,-0.44
"MSN",140750,"/Date(1704351985000)/",68600,2100,1820000,125011000000,-300,true,-0.44
"MSN",140747,"/Date(1704351980000)/",68700,500,1817900,124867000000,-200,false,-0.29
"MSN",140747,"/Date(1704351980000)/",68700,200,1817400,124832000000,-200,false,-0.29
"MSN",140747,"/Date(1704351980000)/",68700,500,1817200,124819000000,-200,false,-0.29
"MSN",140747,"/Date(1704351980000)/",68700,2000,1816700,124784000000,-200,false,-0.29
"MSN",140747,"/Date(1704351980000)/",68700,500,1814700,124647000000,-200,false,-0.29
"MSN",140747,"/Date(1704351980000)/",68700,500,1814200,124612000000,-200,false,-0.29
"MSN",140747,"/Date(1704351980000)/",68700,500,1813700,124578000000,-200,false,-0.29
"MSN",140747,"/Date(1704351980000)/",68700,4000,1813200,124544000000,-200,false,-0.29
"MSN",140747,"/Date(1704351980000)/",68700,700,1809200,124269000000,-200,false,-0.29
"MSN",140741,"/Date(1704351975000)/",68700,300,1808500,124221000000,-200,true,-0.29
"MSN",140741,"/Date(1704351975000)/",68700,300,1808200,124200000000,-200,true,-0.29
"MSN",140731,"/Date(1704351966000)/",68700,600,1807900,124180000000,-200,true,-0.29
"MSN",140731,"/Date(1704351966000)/",68700,700,1807300,124138000000,-200,true,-0.29
"MSN",140731,"/Date(1704351965000)/",68700,2000,1806600,124090000000,-200,true,-0.29
"MSN",140721,"/Date(1704351955000)/",68700,200,1804600,123953000000,-200,true,-0.29
"MSN",140712,"/Date(1704351945000)/",68700,200,1804400,123939000000,-200,true,-0.29
"MSN",140712,"/Date(1704351945000)/",68700,400,1804200,123925000000,-200,true,-0.29
"MSN",140702,"/Date(1704351936000)/",68700,100,1803800,123898000000,-200,true,-0.29
"MSN",140702,"/Date(1704351936000)/",68700,600,1803700,123891000000,-200,true,-0.29
"MSN",140702,"/Date(1704351935000)/",68700,600,1803100,123850000000,-200,true,-0.29
"MSN",140702,"/Date(1704351935000)/",68700,800,1802500,123809000000,-200,true,-0.29
"MSN",140702,"/Date(1704351935000)/",68700,1200,1801700,123754000000,-200,true,-0.29
"MSN",140646,"/Date(1704351919000)/",68800,500,1800500,123671000000,-100,false,-0.15
"MSN",140646,"/Date(1704351919000)/",68800,300,1800000,123637000000,-100,false,-0.15
"MSN",140646,"/Date(1704351919000)/",68800,200,1799700,123616000000,-100,false,-0.15
"MSN",140646,"/Date(1704351919000)/",68800,500,1799500,123602000000,-100,false,-0.15
"MSN",140640,"/Date(1704351915000)/",68700,600,1799000,123568000000,-200,true,-0.29
"MSN",140633,"/Date(1704351907000)/",68700,2000,1798400,123527000000,-200,true,-0.29
"MSN",140633,"/Date(1704351907000)/",68700,700,1796400,123389000000,-200,true,-0.29
"MSN",140633,"/Date(1704351907000)/",68700,600,1795700,123341000000,-200,true,-0.29
"MSN",140624,"/Date(1704351898000)/",68700,800,1795100,123300000000,-200,true,-0.29
"MSN",140620,"/Date(1704351894000)/",68700,300,1794300,123245000000,-200,true,-0.29
"MSN",140611,"/Date(1704351886000)/",68700,1000,1794000,123225000000,-200,true,-0.29
"MSN",140611,"/Date(1704351885000)/",68700,600,1793000,123156000000,-200,true,-0.29
"MSN",140601,"/Date(1704351875000)/",68700,600,1792400,123115000000,-200,true,-0.29
"MSN",140601,"/Date(1704351874000)/",68700,600,1791800,123073000000,-200,true,-0.29
"MSN",140558,"/Date(1704351872000)/",68700,1000,1791200,123032000000,-200,true,-0.29
"MSN",140555,"/Date(1704351870000)/",68600,1200,1790200,122963000000,-300,true,-0.44
"MSN",140555,"/Date(1704351870000)/",68600,800,1789000,122881000000,-300,true,-0.44
"MSN",140555,"/Date(1704351869000)/",68600,1000,1788200,122826000000,-300,true,-0.44
"MSN",140542,"/Date(1704351855000)/",68700,200,1787200,122758000000,-200,true,-0.29
"MSN",140542,"/Date(1704351855000)/",68700,800,1787000,122744000000,-200,true,-0.29
"MSN",140542,"/Date(1704351855000)/",68700,600,1786200,122689000000,-200,true,-0.29
"MSN",140529,"/Date(1704351844000)/",68700,600,1785600,122648000000,-200,false,-0.29
"MSN",140529,"/Date(1704351844000)/",68700,3000,1785000,122607000000,-200,false,-0.29
"MSN",140529,"/Date(1704351844000)/",68600,600,1782000,122400000000,-300,true,-0.44
"MSN",140526,"/Date(1704351841000)/",68700,1200,1781400,122359000000,-200,false,-0.29
"MSN",140526,"/Date(1704351840000)/",68600,2000,1780200,122277000000,-300,true,-0.44
"MSN",140526,"/Date(1704351840000)/",68700,400,1778200,122140000000,-200,false,-0.29
"MSN",140526,"/Date(1704351839000)/",68700,500,1777800,122112000000,-200,false,-0.29
"MSN",140523,"/Date(1704351838000)/",68700,200,1777300,122078000000,-200,true,-0.29
"MSN",140523,"/Date(1704351836000)/",68700,500,1777100,122064000000,-200,true,-0.29
"MSN",140523,"/Date(1704351836000)/",68700,200,1776600,122030000000,-200,true,-0.29
"MSN",140510,"/Date(1704351824000)/",68700,100,1776400,122016000000,-200,true,-0.29
"MSN",140510,"/Date(1704351824000)/",68700,500,1776300,122009000000,-200,true,-0.29
"MSN",140500,"/Date(1704351814000)/",68700,600,1775800,121975000000,-200,true,-0.29
"MSN",140500,"/Date(1704351813000)/",68700,600,1775200,121934000000,-200,true,-0.29
"MSN",140457,"/Date(1704351810000)/",68700,2000,1774600,121892000000,-200,true,-0.29
"MSN",140441,"/Date(1704351796000)/",68700,100,1772600,121755000000,-200,true,-0.29
"MSN",140441,"/Date(1704351796000)/",68700,100,1772500,121748000000,-200,true,-0.29
"MSN",140441,"/Date(1704351796000)/",68700,200,1772400,121741000000,-200,true,-0.29
"MSN",140441,"/Date(1704351794000)/",68700,300,1772200,121727000000,-200,true,-0.29
"MSN",140441,"/Date(1704351794000)/",68700,300,1771900,121707000000,-200,true,-0.29
"MSN",140432,"/Date(1704351786000)/",68700,2800,1771600,121686000000,-200,true,-0.29
"MSN",140432,"/Date(1704351786000)/",68700,3200,1768800,121494000000,-200,true,-0.29
"MSN",140428,"/Date(1704351784000)/",68700,500,1765600,121274000000,-200,true,-0.29
"MSN",140428,"/Date(1704351783000)/",68700,600,1765100,121240000000,-200,true,-0.29
"MSN",140425,"/Date(1704351780000)/",68700,2000,1764500,121198000000,-200,true,-0.29
"MSN",140419,"/Date(1704351774000)/",68700,1000,1762500,121061000000,-200,true,-0.29
"MSN",140409,"/Date(1704351764000)/",68700,500,1761500,120992000000,-200,true,-0.29
"MSN",140409,"/Date(1704351763000)/",68800,300,1761000,120958000000,-100,false,-0.15
"MSN",140403,"/Date(1704351755000)/",68800,100,1760700,120937000000,-100,false,-0.15
"MSN",140403,"/Date(1704351755000)/",68800,1000,1760600,120930000000,-100,false,-0.15
"MSN",140403,"/Date(1704351755000)/",68800,200,1759600,120862000000,-100,false,-0.15
"MSN",140403,"/Date(1704351755000)/",68800,1200,1759400,120848000000,-100,false,-0.15
"MSN",140403,"/Date(1704351755000)/",68800,300,1758200,120765000000,-100,false,-0.15
"MSN",140403,"/Date(1704351755000)/",68800,500,1757900,120745000000,-100,false,-0.15
"MSN",140400,"/Date(1704351753000)/",68700,500,1757400,120710000000,-200,true,-0.29
"MSN",140400,"/Date(1704351753000)/",68700,600,1756900,120676000000,-200,true,-0.29
"MSN",140350,"/Date(1704351744000)/",68700,500,1756300,120635000000,-200,false,-0.29
"MSN",140350,"/Date(1704351743000)/",68700,500,1755800,120600000000,-200,false,-0.29
"MSN",140350,"/Date(1704351743000)/",68700,100,1755300,120566000000,-200,false,-0.29
"MSN",140350,"/Date(1704351742000)/",68700,100,1755200,120559000000,-200,false,-0.29
"MSN",140350,"/Date(1704351742000)/",68700,400,1755100,120552000000,-200,false,-0.29
"MSN",140350,"/Date(1704351742000)/",68700,1700,1754700,120525000000,-200,false,-0.29
"MSN",140347,"/Date(1704351742000)/",68700,1000,1753000,120408000000,-200,false,-0.29
"MSN",140347,"/Date(1704351742000)/",68700,2100,1752000,120339000000,-200,false,-0.29
"MSN",140347,"/Date(1704351742000)/",68700,200,1749900,120195000000,-200,false,-0.29
"MSN",140347,"/Date(1704351740000)/",68700,100,1749700,120181000000,-200,false,-0.29
"MSN",140347,"/Date(1704351740000)/",68700,400,1749600,120174000000,-200,false,-0.29
"MSN",140344,"/Date(1704351739000)/",68700,100,1749200,120147000000,-200,false,-0.29
"MSN",140344,"/Date(1704351739000)/",68700,200,1749100,120140000000,-200,false,-0.29
"MSN",140340,"/Date(1704351734000)/",68700,100,1748900,120126000000,-200,false,-0.29
"MSN",140340,"/Date(1704351734000)/",68700,100,1748800,120119000000,-200,false,-0.29
"MSN",140340,"/Date(1704351734000)/",68700,500,1748700,120113000000,-200,false,-0.29
"MSN",140340,"/Date(1704351734000)/",68600,500,1748200,120078000000,-300,true,-0.44
"MSN",140337,"/Date(1704351732000)/",68700,400,1747700,120044000000,-200,false,-0.29
"MSN",140337,"/Date(1704351732000)/",68700,1900,1747300,120016000000,-200,false,-0.29
"MSN",140337,"/Date(1704351731000)/",68700,3100,1745400,119886000000,-200,false,-0.29
"MSN",140337,"/Date(1704351731000)/",68700,200,1742300,119673000000,-200,false,-0.29
"MSN",140337,"/Date(1704351730000)/",68700,100,1742100,119659000000,-200,false,-0.29
"MSN",140337,"/Date(1704351730000)/",68700,400,1742000,119652000000,-200,false,-0.29
"MSN",140337,"/Date(1704351730000)/",68700,100,1741600,119625000000,-200,false,-0.29
"MSN",140337,"/Date(1704351730000)/",68700,400,1741500,119618000000,-200,false,-0.29
"MSN",140334,"/Date(1704351729000)/",68700,500,1741100,119591000000,-200,false,-0.29
"MSN",140331,"/Date(1704351724000)/",68700,500,1740600,119556000000,-200,false,-0.29
"MSN",140331,"/Date(1704351723000)/",68600,500,1740100,119522000000,-300,true,-0.44
"MSN",140328,"/Date(1704351723000)/",68600,600,1739600,119488000000,-300,true,-0.44
"MSN",140328,"/Date(1704351721000)/",68700,500,1739000,119446000000,-200,false,-0.29
"MSN",140324,"/Date(1704351719000)/",68700,200,1738500,119412000000,-200,false,-0.29
"MSN",140324,"/Date(1704351719000)/",68700,2800,1738300,119398000000,-200,false,-0.29
"MSN",140324,"/Date(1704351719000)/",68700,300,1735500,119206000000,-200,false,-0.29
"MSN",140324,"/Date(1704351719000)/",68700,1300,1735200,119185000000,-200,false,-0.29
"MSN",140324,"/Date(1704351719000)/",68700,800,1733900,119096000000,-200,false,-0.29
"MSN",140318,"/Date(1704351713000)/",68700,300,1733100,119041000000,-200,false,-0.29
"MSN",140318,"/Date(1704351713000)/",68700,200,1732800,119020000000,-200,false,-0.29
"MSN",140315,"/Date(1704351710000)/",68700,700,1732600,119007000000,-200,false,-0.29
"MSN",140315,"/Date(1704351710000)/",68700,500,1731900,118959000000,-200,false,-0.29
"MSN",140315,"/Date(1704351708000)/",68700,1800,1731400,118924000000,-200,false,-0.29
"MSN",140315,"/Date(1704351708000)/",68700,1500,1729600,118801000000,-200,false,-0.29
"MSN",140308,"/Date(1704351704000)/",68600,500,1728100,118698000000,-300,true,-0.44
"MSN",140259,"/Date(1704351693000)/",68600,500,1727600,118663000000,-300,true,-0.44
"MSN",140259,"/Date(1704351693000)/",68600,600,1727100,118629000000,-300,true,-0.44
"MSN",140240,"/Date(1704351673000)/",68600,500,1726500,118588000000,-300,true,-0.44
"MSN",140230,"/Date(1704351663000)/",68600,500,1726000,118554000000,-300,true,-0.44
"MSN",140230,"/Date(1704351663000)/",68600,600,1725500,118519000000,-300,true,-0.44
"MSN",140211,"/Date(1704351643000)/",68600,500,1724900,118478000000,-300,true,-0.44
"MSN",140158,"/Date(1704351633000)/",68600,300,1724400,118444000000,-300,true,-0.44
"MSN",140158,"/Date(1704351633000)/",68600,100,1724100,118423000000,-300,true,-0.44
"MSN",140158,"/Date(1704351633000)/",68600,500,1724000,118416000000,-300,true,-0.44
"MSN",140158,"/Date(1704351632000)/",68600,500,1723500,118382000000,-300,true,-0.44
"MSN",140158,"/Date(1704351632000)/",68600,100,1723000,118348000000,-300,true,-0.44
"MSN",140138,"/Date(1704351613000)/",68600,500,1722900,118341000000,-300,true,-0.44
"MSN",140129,"/Date(1704351603000)/",68600,500,1722400,118307000000,-300,true,-0.44
"MSN",140129,"/Date(1704351602000)/",68600,600,1721900,118272000000,-300,true,-0.44
"MSN",140119,"/Date(1704351592000)/",68600,100,1721300,118231000000,-300,true,-0.44
"MSN",140110,"/Date(1704351583000)/",68600,200,1721200,118224000000,-300,true,-0.44
"MSN",140110,"/Date(1704351583000)/",68600,100,1721000,118211000000,-300,true,-0.44
"MSN",140110,"/Date(1704351583000)/",68600,200,1720900,118204000000,-300,true,-0.44
"MSN",140100,"/Date(1704351572000)/",68600,300,1720700,118190000000,-300,true,-0.44
"MSN",140100,"/Date(1704351572000)/",68600,100,1720400,118169000000,-300,true,-0.44
"MSN",140100,"/Date(1704351572000)/",68600,100,1720300,118162000000,-300,true,-0.44
"MSN",140057,"/Date(1704351572000)/",68600,600,1720200,118156000000,-300,true,-0.44
"MSN",140057,"/Date(1704351571000)/",68600,2600,1719600,118114000000,-300,true,-0.44
"MSN",140057,"/Date(1704351571000)/",68600,500,1717000,117936000000,-300,true,-0.44
"MSN",140057,"/Date(1704351571000)/",68600,200,1716500,117902000000,-300,true,-0.44
"MSN",140057,"/Date(1704351571000)/",68600,2800,1716300,117888000000,-300,true,-0.44
"MSN",140057,"/Date(1704351571000)/",68600,100,1713500,117696000000,-300,true,-0.44
"MSN",140057,"/Date(1704351571000)/",68600,1000,1713400,117689000000,-300,true,-0.44
"MSN",140057,"/Date(1704351571000)/",68600,500,1712400,117621000000,-300,true,-0.44
"MSN",140057,"/Date(1704351571000)/",68600,100,1711900,117586000000,-300,true,-0.44
"MSN",140057,"/Date(1704351571000)/",68600,1200,1711800,117579000000,-300,true,-0.44
"MSN",140038,"/Date(1704351553000)/",68600,500,1710600,117497000000,-300,true,-0.44
"MSN",140028,"/Date(1704351542000)/",68600,500,1710100,117463000000,-300,true,-0.44
"MSN",140028,"/Date(1704351542000)/",68600,200,1709600,117428000000,-300,true,-0.44
"MSN",140028,"/Date(1704351542000)/",68600,400,1709400,117415000000,-300,true,-0.44
"MSN",140009,"/Date(1704351523000)/",68600,500,1709000,117387000000,-300,true,-0.44
"MSN",135959,"/Date(1704351512000)/",68600,100,1708500,117353000000,-300,true,-0.44
"MSN",135959,"/Date(1704351512000)/",68600,400,1708400,117346000000,-300,true,-0.44
"MSN",135959,"/Date(1704351512000)/",68600,100,1708000,117319000000,-300,true,-0.44
"MSN",135959,"/Date(1704351512000)/",68600,500,1707900,117312000000,-300,true,-0.44
"MSN",135953,"/Date(1704351506000)/",68600,100,1707400,117278000000,-300,true,-0.44
"MSN",135953,"/Date(1704351506000)/",68600,300,1707300,117271000000,-300,true,-0.44
"MSN",135953,"/Date(1704351506000)/",68600,500,1707000,117250000000,-300,true,-0.44
"MSN",135953,"/Date(1704351506000)/",68600,100,1706500,117216000000,-300,true,-0.44
"MSN",135940,"/Date(1704351493000)/",68600,500,1706400,117209000000,-300,true,-0.44
"MSN",135927,"/Date(1704351482000)/",68600,500,1705900,117175000000,-300,true,-0.44
"MSN",135927,"/Date(1704351482000)/",68600,400,1705400,117140000000,-300,true,-0.44
"MSN",135927,"/Date(1704351482000)/",68600,200,1705000,117113000000,-300,true,-0.44
"MSN",135911,"/Date(1704351466000)/",68600,300,1704800,117099000000,-300,true,-0.44
"MSN",135911,"/Date(1704351466000)/",68600,100,1704500,117079000000,-300,true,-0.44
"MSN",135911,"/Date(1704351466000)/",68600,100,1704400,117072000000,-300,true,-0.44
"MSN",135911,"/Date(1704351466000)/",68600,2000,1704300,117065000000,-300,true,-0.44
"MSN",135911,"/Date(1704351466000)/",68600,900,1702300,116928000000,-300,true,-0.44
"MSN",135911,"/Date(1704351466000)/",68700,1000,1701400,116866000000,-200,false,-0.29
"MSN",135908,"/Date(1704351463000)/",68600,100,1700400,116797000000,-300,true,-0.44
"MSN",135908,"/Date(1704351463000)/",68600,400,1700300,116790000000,-300,true,-0.44
"MSN",135858,"/Date(1704351452000)/",68600,100,1699900,116763000000,-300,true,-0.44
"MSN",135858,"/Date(1704351452000)/",68600,400,1699800,116756000000,-300,true,-0.44
"MSN",135858,"/Date(1704351452000)/",68600,600,1699400,116729000000,-300,true,-0.44
"MSN",135852,"/Date(1704351445000)/",68800,400,1698800,116687000000,-100,false,-0.15
"MSN",135852,"/Date(1704351445000)/",68800,2100,1698400,116660000000,-100,false,-0.15
"MSN",135852,"/Date(1704351445000)/",68800,400,1696300,116515000000,-100,false,-0.15
"MSN",135852,"/Date(1704351445000)/",68700,100,1695900,116488000000,-200,false,-0.29
"MSN",135852,"/Date(1704351445000)/",68700,100,1695800,116481000000,-200,false,-0.29
"MSN",135852,"/Date(1704351445000)/",68700,100,1695700,116474000000,-200,false,-0.29
"MSN",135852,"/Date(1704351445000)/",68700,100,1695600,116467000000,-200,false,-0.29
"MSN",135839,"/Date(1704351434000)/",68800,1200,1695500,116460000000,-100,false,-0.15
"MSN",135839,"/Date(1704351434000)/",68800,600,1694300,116378000000,-100,false,-0.15
"MSN",135839,"/Date(1704351434000)/",68800,500,1693700,116337000000,-100,false,-0.15
"MSN",135839,"/Date(1704351434000)/",68700,1000,1693200,116302000000,-200,false,-0.29
"MSN",135839,"/Date(1704351432000)/",68600,500,1692200,116234000000,-300,true,-0.44
"MSN",135833,"/Date(1704351426000)/",68700,100,1691700,116199000000,-200,false,-0.29
"MSN",135830,"/Date(1704351423000)/",68700,500,1691600,116192000000,-200,true,-0.29
"MSN",135830,"/Date(1704351423000)/",68700,200,1691100,116158000000,-200,true,-0.29
"MSN",135830,"/Date(1704351423000)/",68700,500,1690900,116144000000,-200,true,-0.29
"MSN",135830,"/Date(1704351422000)/",68700,500,1690400,116110000000,-200,true,-0.29
"MSN",135826,"/Date(1704351422000)/",68700,100,1689900,116076000000,-200,true,-0.29
"MSN",135826,"/Date(1704351422000)/",68700,500,1689800,116069000000,-200,true,-0.29
"MSN",135826,"/Date(1704351421000)/",68800,400,1689300,116034000000,-100,false,-0.15
"MSN",135826,"/Date(1704351421000)/",68800,1700,1688900,116007000000,-100,false,-0.15
"MSN",135826,"/Date(1704351421000)/",68800,1200,1687200,115890000000,-100,false,-0.15
"MSN",135826,"/Date(1704351421000)/",68800,500,1686000,115807000000,-100,false,-0.15
"MSN",135820,"/Date(1704351414000)/",68800,500,1685500,115773000000,-100,false,-0.15
"MSN",135817,"/Date(1704351410000)/",68800,500,1685000,115739000000,-100,false,-0.15
"MSN",135814,"/Date(1704351406000)/",68800,500,1684500,115704000000,-100,false,-0.15
"MSN",135814,"/Date(1704351406000)/",68800,2000,1684000,115670000000,-100,false,-0.15
"MSN",135814,"/Date(1704351406000)/",68800,800,1682000,115532000000,-100,false,-0.15
"MSN",135807,"/Date(1704351402000)/",68700,500,1681200,115477000000,-200,true,-0.29
"MSN",135801,"/Date(1704351396000)/",68800,500,1680700,115443000000,-100,false,-0.15
"MSN",135758,"/Date(1704351392000)/",68700,500,1680200,115408000000,-200,true,-0.29
"MSN",135758,"/Date(1704351392000)/",68700,600,1679700,115374000000,-200,true,-0.29
"MSN",135748,"/Date(1704351382000)/",68800,900,1679100,115333000000,-100,false,-0.15
"MSN",135748,"/Date(1704351382000)/",68800,2400,1678200,115271000000,-100,false,-0.15
"MSN",135745,"/Date(1704351378000)/",68700,400,1675800,115106000000,-200,true,-0.29
"MSN",135745,"/Date(1704351378000)/",68700,300,1675400,115078000000,-200,true,-0.29
"MSN",135738,"/Date(1704351372000)/",68700,200,1675100,115058000000,-200,true,-0.29
"MSN",135738,"/Date(1704351372000)/",68700,300,1674900,115044000000,-200,true,-0.29
"MSN",135732,"/Date(1704351367000)/",68800,500,1674600,115023000000,-100,false,-0.15
"MSN",135729,"/Date(1704351362000)/",68700,500,1674100,114989000000,-200,true,-0.29
"MSN",135729,"/Date(1704351362000)/",68700,600,1673600,114955000000,-200,true,-0.29
"MSN",135726,"/Date(1704351359000)/",68800,500,1673000,114913000000,-100,false,-0.15
"MSN",135719,"/Date(1704351354000)/",68800,500,1672500,114879000000,-100,false,-0.15
"MSN",135716,"/Date(1704351350000)/",68800,500,1672000,114845000000,-100,false,-0.15
"MSN",135713,"/Date(1704351346000)/",68700,300,1671500,114810000000,-200,true,-0.29
"MSN",135713,"/Date(1704351346000)/",68800,500,1671200,114790000000,-100,false,-0.15
"MSN",135710,"/Date(1704351342000)/",68700,500,1670700,114755000000,-200,true,-0.29
"MSN",135707,"/Date(1704351340000)/",68800,500,1670200,114721000000,-100,false,-0.15
"MSN",135707,"/Date(1704351339000)/",68800,200,1669700,114686000000,-100,false,-0.15
"MSN",135703,"/Date(1704351337000)/",68700,1000,1669500,114673000000,-200,true,-0.29
"MSN",135700,"/Date(1704351334000)/",68700,100,1668500,114604000000,-200,true,-0.29
"MSN",135700,"/Date(1704351333000)/",68700,100,1668400,114597000000,-200,true,-0.29
"MSN",135700,"/Date(1704351333000)/",68700,400,1668300,114590000000,-200,true,-0.29
"MSN",135657,"/Date(1704351332000)/",68600,500,1667900,114563000000,-300,true,-0.44
"MSN",135657,"/Date(1704351332000)/",68600,600,1667400,114528000000,-300,true,-0.44
"MSN",135657,"/Date(1704351330000)/",68700,500,1666800,114487000000,-200,false,-0.29
"MSN",135654,"/Date(1704351328000)/",68700,200,1666300,114453000000,-200,false,-0.29
"MSN",135654,"/Date(1704351328000)/",68700,600,1666100,114439000000,-200,false,-0.29
"MSN",135654,"/Date(1704351328000)/",68700,8300,1665500,114398000000,-200,false,-0.29
"MSN",135647,"/Date(1704351323000)/",68800,500,1657200,113828000000,-100,false,-0.15
"MSN",135647,"/Date(1704351320000)/",68800,100,1656700,113793000000,-100,false,-0.15
"MSN",135647,"/Date(1704351320000)/",68800,100,1656600,113786000000,-100,false,-0.15
"MSN",135647,"/Date(1704351320000)/",68800,300,1656500,113780000000,-100,false,-0.15
"MSN",135638,"/Date(1704351313000)/",68800,400,1656200,113759000000,-100,false,-0.15
"MSN",135638,"/Date(1704351313000)/",68800,100,1655800,113731000000,-100,false,-0.15
"MSN",135638,"/Date(1704351312000)/",68700,500,1655700,113724000000,-200,true,-0.29
"MSN",135638,"/Date(1704351311000)/",68700,600,1655200,113690000000,-200,true,-0.29
"MSN",135631,"/Date(1704351307000)/",68800,500,1654600,113649000000,-100,false,-0.15
"MSN",135628,"/Date(1704351302000)/",68800,500,1654100,113615000000,-100,false,-0.15
"MSN",135628,"/Date(1704351302000)/",68700,500,1653600,113580000000,-200,true,-0.29
"MSN",135628,"/Date(1704351301000)/",68700,600,1653100,113546000000,-200,true,-0.29
"MSN",135625,"/Date(1704351299000)/",68700,100,1652500,113505000000,-200,true,-0.29
"MSN",135619,"/Date(1704351293000)/",68700,300,1652400,113498000000,-200,false,-0.29
"MSN",135619,"/Date(1704351293000)/",68700,100,1652100,113477000000,-200,false,-0.29
"MSN",135619,"/Date(1704351293000)/",68700,500,1652000,113470000000,-200,false,-0.29
"MSN",135619,"/Date(1704351293000)/",68700,900,1651500,113436000000,-200,false,-0.29
"MSN",135619,"/Date(1704351293000)/",68700,1900,1650600,113374000000,-200,false,-0.29
"MSN",135619,"/Date(1704351293000)/",68700,1800,1648700,113243000000,-200,false,-0.29
"MSN",135619,"/Date(1704351293000)/",68700,1500,1646900,113120000000,-200,false,-0.29
"MSN",135619,"/Date(1704351293000)/",68700,1200,1645400,113017000000,-200,false,-0.29
"MSN",135619,"/Date(1704351293000)/",68700,1200,1644200,112934000000,-200,false,-0.29
"MSN",135609,"/Date(1704351282000)/",68600,500,1643000,112852000000,-300,true,-0.44
"MSN",135606,"/Date(1704351279000)/",68600,900,1642500,112818000000,-300,true,-0.44
"MSN",135606,"/Date(1704351279000)/",68600,200,1641600,112756000000,-300,true,-0.44
"MSN",135606,"/Date(1704351279000)/",68600,200,1641400,112742000000,-300,true,-0.44
"MSN",135559,"/Date(1704351272000)/",68600,300,1641200,112728000000,-300,true,-0.44
"MSN",135559,"/Date(1704351272000)/",68600,200,1640900,112708000000,-300,true,-0.44
"MSN",135556,"/Date(1704351272000)/",68700,1000,1640700,112694000000,-200,false,-0.29
"MSN",135556,"/Date(1704351272000)/",68700,2000,1639700,112625000000,-200,false,-0.29
"MSN",135556,"/Date(1704351272000)/",68700,300,1637700,112488000000,-200,false,-0.29
"MSN",135556,"/Date(1704351271000)/",68600,300,1637400,112467000000,-300,true,-0.44
"MSN",135556,"/Date(1704351271000)/",68600,300,1637100,112447000000,-300,true,-0.44
"MSN",135543,"/Date(1704351258000)/",68600,1700,1636800,112426000000,-300,true,-0.44
"MSN",135543,"/Date(1704351258000)/",68600,500,1635100,112310000000,-300,true,-0.44
"MSN",135543,"/Date(1704351258000)/",68600,2000,1634600,112275000000,-300,true,-0.44
"MSN",135543,"/Date(1704351258000)/",68600,1100,1632600,112138000000,-300,true,-0.44
"MSN",135537,"/Date(1704351252000)/",68600,500,1631500,112063000000,-300,true,-0.44
"MSN",135527,"/Date(1704351242000)/",68600,500,1631000,112028000000,-300,true,-0.44
"MSN",135527,"/Date(1704351241000)/",68600,600,1630500,111994000000,-300,true,-0.44
"MSN",135511,"/Date(1704351224000)/",68600,400,1629900,111953000000,-300,true,-0.44
"MSN",135508,"/Date(1704351222000)/",68600,500,1629500,111925000000,-300,true,-0.44
"MSN",135459,"/Date(1704351211000)/",68600,500,1629000,111891000000,-300,true,-0.44
"MSN",135459,"/Date(1704351211000)/",68600,300,1628500,111857000000,-300,true,-0.44
"MSN",135459,"/Date(1704351211000)/",68600,300,1628200,111836000000,-300,true,-0.44
"MSN",135449,"/Date(1704351203000)/",68600,100,1627900,111816000000,-300,true,-0.44
"MSN",135436,"/Date(1704351192000)/",68600,500,1627800,111809000000,-300,true,-0.44
"MSN",135436,"/Date(1704351190000)/",68600,600,1627300,111775000000,-300,true,-0.44
"MSN",135436,"/Date(1704351190000)/",68600,100,1626700,111733000000,-300,true,-0.44
"MSN",135436,"/Date(1704351190000)/",68600,1300,1626600,111727000000,-300,true,-0.44
"MSN",135427,"/Date(1704351181000)/",68600,500,1625300,111637000000,-300,true,-0.44
"MSN",135427,"/Date(1704351181000)/",68600,600,1624800,111603000000,-300,true,-0.44
"MSN",135427,"/Date(1704351179000)/",68600,200,1624200,111562000000,-300,true,-0.44
"MSN",135411,"/Date(1704351165000)/",68600,700,1624000,111548000000,-300,true,-0.44
"MSN",135411,"/Date(1704351165000)/",68600,300,1623300,111500000000,-300,true,-0.44
"MSN",135407,"/Date(1704351162000)/",68600,200,1623000,111480000000,-300,true,-0.44
"MSN",135407,"/Date(1704351162000)/",68600,300,1622800,111466000000,-300,true,-0.44
"MSN",135358,"/Date(1704351151000)/",68600,500,1622500,111445000000,-300,true,-0.44
"MSN",135358,"/Date(1704351151000)/",68600,600,1622000,111411000000,-300,true,-0.44
"MSN",135354,"/Date(1704351149000)/",68700,2700,1621400,111370000000,-200,false,-0.29
"MSN",135354,"/Date(1704351149000)/",68700,1000,1618700,111184000000,-200,false,-0.29
"MSN",135354,"/Date(1704351149000)/",68700,100,1617700,111116000000,-200,false,-0.29
"MSN",135354,"/Date(1704351149000)/",68700,100,1617600,111109000000,-200,false,-0.29
"MSN",135354,"/Date(1704351149000)/",68700,100,1617500,111102000000,-200,false,-0.29
"MSN",135354,"/Date(1704351149000)/",68700,100,1617400,111095000000,-200,false,-0.29
"MSN",135354,"/Date(1704351149000)/",68700,100,1617300,111088000000,-200,false,-0.29
"MSN",135354,"/Date(1704351149000)/",68700,100,1617200,111081000000,-200,false,-0.29
"MSN",135338,"/Date(1704351131000)/",68600,500,1617100,111074000000,-300,true,-0.44
"MSN",135329,"/Date(1704351121000)/",68600,100,1616600,111040000000,-300,true,-0.44
"MSN",135329,"/Date(1704351121000)/",68600,400,1616500,111033000000,-300,true,-0.44
"MSN",135326,"/Date(1704351121000)/",68600,600,1616100,111006000000,-300,true,-0.44
"MSN",135326,"/Date(1704351121000)/",68600,100,1615500,110965000000,-300,true,-0.44
"MSN",135322,"/Date(1704351118000)/",68600,100,1615400,110958000000,-300,true,-0.44
"MSN",135306,"/Date(1704351101000)/",68600,500,1615300,110951000000,-300,true,-0.44
"MSN",135257,"/Date(1704351092000)/",68700,100,1614800,110917000000,-200,false,-0.29
"MSN",135257,"/Date(1704351092000)/",68700,100,1614700,110910000000,-200,false,-0.29
"MSN",135257,"/Date(1704351091000)/",68700,500,1614600,110903000000,-200,false,-0.29
"MSN",135257,"/Date(1704351091000)/",68700,600,1614100,110869000000,-200,false,-0.29
"MSN",135257,"/Date(1704351090000)/",68700,2000,1613500,110827000000,-200,false,-0.29
"MSN",135250,"/Date(1704351083000)/",68700,1200,1611500,110690000000,-200,true,-0.29
"MSN",135250,"/Date(1704351083000)/",68700,500,1610300,110607000000,-200,true,-0.29
"MSN",135250,"/Date(1704351083000)/",68700,1700,1609800,110573000000,-200,true,-0.29
"MSN",135250,"/Date(1704351083000)/",68700,1500,1608100,110456000000,-200,true,-0.29
"MSN",135250,"/Date(1704351083000)/",68700,1900,1606600,110353000000,-200,true,-0.29
"MSN",135250,"/Date(1704351083000)/",68700,1000,1604700,110223000000,-200,true,-0.29
"MSN",135250,"/Date(1704351083000)/",68700,2200,1603700,110154000000,-200,true,-0.29
"MSN",135244,"/Date(1704351077000)/",68700,400,1601500,110003000000,-200,false,-0.29
"MSN",135244,"/Date(1704351077000)/",68700,1800,1601100,109975000000,-200,false,-0.29
"MSN",135244,"/Date(1704351076000)/",68700,1500,1599300,109852000000,-200,false,-0.29
"MSN",135244,"/Date(1704351076000)/",68700,1200,1597800,109749000000,-200,false,-0.29
"MSN",135244,"/Date(1704351076000)/",68700,700,1596600,109666000000,-200,false,-0.29
"MSN",135244,"/Date(1704351076000)/",68700,1000,1595900,109618000000,-200,false,-0.29
"MSN",135244,"/Date(1704351076000)/",68700,200,1594900,109549000000,-200,false,-0.29
"MSN",135238,"/Date(1704351071000)/",68600,500,1594700,109536000000,-300,true,-0.44
"MSN",135238,"/Date(1704351070000)/",68700,100,1594200,109501000000,-200,false,-0.29
"MSN",135231,"/Date(1704351064000)/",68700,1100,1594100,109495000000,-200,false,-0.29
"MSN",135228,"/Date(1704351063000)/",68700,100,1593000,109419000000,-200,false,-0.29
"MSN",135228,"/Date(1704351063000)/",68700,800,1592900,109412000000,-200,false,-0.29
"MSN",135228,"/Date(1704351061000)/",68600,500,1592100,109357000000,-300,true,-0.44
"MSN",135228,"/Date(1704351061000)/",68600,600,1591600,109323000000,-300,true,-0.44
"MSN",135225,"/Date(1704351060000)/",68700,100,1591000,109282000000,-200,false,-0.29
"MSN",135222,"/Date(1704351055000)/",68700,500,1590900,109275000000,-200,true,-0.29
"MSN",135222,"/Date(1704351055000)/",68700,100,1590400,109241000000,-200,true,-0.29
"MSN",135222,"/Date(1704351055000)/",68700,100,1590300,109234000000,-200,true,-0.29
"MSN",135222,"/Date(1704351055000)/",68700,100,1590200,109227000000,-200,true,-0.29
"MSN",135222,"/Date(1704351055000)/",68700,200,1590100,109220000000,-200,true,-0.29
"MSN",135222,"/Date(1704351055000)/",68700,100,1589900,109206000000,-200,true,-0.29
"MSN",135206,"/Date(1704351041000)/",68700,400,1589800,109199000000,-200,true,-0.29
"MSN",135206,"/Date(1704351041000)/",68700,100,1589400,109172000000,-200,true,-0.29
"MSN",135206,"/Date(1704351039000)/",68700,100,1589300,109165000000,-200,true,-0.29
"MSN",135206,"/Date(1704351038000)/",68700,1000,1589200,109158000000,-200,true,-0.29
"MSN",135156,"/Date(1704351031000)/",68700,500,1588200,109089000000,-200,true,-0.29
"MSN",135156,"/Date(1704351031000)/",68700,600,1587700,109055000000,-200,true,-0.29
"MSN",135150,"/Date(1704351024000)/",68700,7700,1587100,109014000000,-200,true,-0.29
"MSN",135150,"/Date(1704351023000)/",68700,5000,1579400,108485000000,-200,true,-0.29
"MSN",135146,"/Date(1704351019000)/",68700,7200,1574400,108141000000,-200,true,-0.29
"MSN",135146,"/Date(1704351019000)/",68700,500,1567200,107647000000,-200,true,-0.29
"MSN",135146,"/Date(1704351019000)/",68700,1000,1566700,107612000000,-200,true,-0.29
"MSN",135146,"/Date(1704351019000)/",68700,500,1565700,107544000000,-200,true,-0.29
"MSN",135146,"/Date(1704351019000)/",68700,800,1565200,107509000000,-200,true,-0.29
"MSN",135140,"/Date(1704351013000)/",68700,800,1564400,107454000000,-200,true,-0.29
"MSN",135137,"/Date(1704351011000)/",68700,100,1563600,107399000000,-200,true,-0.29
"MSN",135137,"/Date(1704351011000)/",68700,500,1563500,107392000000,-200,true,-0.29
"MSN",135127,"/Date(1704351001000)/",68700,500,1563000,107358000000,-200,true,-0.29
"MSN",135127,"/Date(1704351001000)/",68700,600,1562500,107324000000,-200,true,-0.29
"MSN",135111,"/Date(1704350985000)/",68800,500,1561900,107283000000,-100,false,-0.15
"MSN",135111,"/Date(1704350985000)/",68800,1000,1561400,107248000000,-100,false,-0.15
"MSN",135111,"/Date(1704350985000)/",68800,500,1560400,107179000000,-100,false,-0.15
"MSN",135111,"/Date(1704350985000)/",68800,2500,1559900,107145000000,-100,false,-0.15
"MSN",135111,"/Date(1704350984000)/",68800,600,1557400,106973000000,-100,false,-0.15
"MSN",135111,"/Date(1704350984000)/",68800,400,1556800,106932000000,-100,false,-0.15
"MSN",135111,"/Date(1704350984000)/",68800,800,1556400,106904000000,-100,false,-0.15
"MSN",135111,"/Date(1704350984000)/",68800,800,1555600,106849000000,-100,false,-0.15
"MSN",135111,"/Date(1704350984000)/",68800,1000,1554800,106794000000,-100,false,-0.15
"MSN",135111,"/Date(1704350984000)/",68800,300,1553800,106725000000,-100,false,-0.15
"MSN",135111,"/Date(1704350984000)/",68800,1100,1553500,106705000000,-100,false,-0.15
"MSN",135108,"/Date(1704350981000)/",68800,500,1552400,106629000000,-100,true,-0.15
"MSN",135102,"/Date(1704350975000)/",68800,100,1551900,106595000000,-100,true,-0.15
"MSN",135059,"/Date(1704350974000)/",68800,100,1551800,106588000000,-100,true,-0.15
"MSN",135055,"/Date(1704350971000)/",68800,500,1551700,106581000000,-100,true,-0.15
"MSN",135055,"/Date(1704350970000)/",68800,600,1551200,106546000000,-100,true,-0.15
"MSN",135049,"/Date(1704350962000)/",68800,700,1550600,106505000000,-100,true,-0.15
"MSN",135049,"/Date(1704350962000)/",68800,100,1549900,106457000000,-100,true,-0.15
"MSN",135049,"/Date(1704350962000)/",68800,100,1549800,106450000000,-100,true,-0.15
"MSN",135049,"/Date(1704350962000)/",68800,4100,1549700,106443000000,-100,true,-0.15
"MSN",135036,"/Date(1704350951000)/",68800,500,1545600,106161000000,-100,true,-0.15
"MSN",135027,"/Date(1704350941000)/",68800,500,1545100,106127000000,-100,true,-0.15
"MSN",135027,"/Date(1704350940000)/",68800,600,1544600,106092000000,-100,true,-0.15
"MSN",135017,"/Date(1704350930000)/",68900,100,1544000,106051000000,0,false,0
"MSN",135017,"/Date(1704350929000)/",68800,500,1543900,106044000000,-100,true,-0.15
"MSN",135007,"/Date(1704350921000)/",68800,500,1543400,106010000000,-100,true,-0.15
"MSN",134958,"/Date(1704350911000)/",68800,500,1542900,105975000000,-100,true,-0.15
"MSN",134955,"/Date(1704350910000)/",68800,600,1542400,105941000000,-100,false,-0.15
"MSN",134955,"/Date(1704350908000)/",68800,12200,1541800,105900000000,-100,false,-0.15
"MSN",134948,"/Date(1704350903000)/",68800,3300,1529600,105060000000,-100,false,-0.15
"MSN",134948,"/Date(1704350903000)/",68800,500,1526300,104833000000,-100,false,-0.15
"MSN",134948,"/Date(1704350903000)/",68800,1300,1525800,104799000000,-100,false,-0.15
"MSN",134935,"/Date(1704350891000)/",68800,500,1524500,104709000000,-100,true,-0.15
"MSN",134935,"/Date(1704350889000)/",68900,100,1524000,104675000000,0,false,0
"MSN",134932,"/Date(1704350887000)/",68900,500,1523900,104668000000,0,false,0
"MSN",134929,"/Date(1704350883000)/",68900,500,1523400,104634000000,0,false,0
"MSN",134929,"/Date(1704350883000)/",68900,800,1522900,104599000000,0,false,0
"MSN",134929,"/Date(1704350883000)/",68900,2000,1522100,104544000000,0,false,0
"MSN",134929,"/Date(1704350883000)/",68900,500,1520100,104406000000,0,false,0
"MSN",134926,"/Date(1704350881000)/",68800,500,1519600,104372000000,-100,true,-0.15
"MSN",134926,"/Date(1704350880000)/",68800,600,1519100,104337000000,-100,true,-0.15
"MSN",134923,"/Date(1704350878000)/",68900,500,1518500,104296000000,0,false,0
"MSN",134920,"/Date(1704350872000)/",68900,500,1518000,104262000000,0,false,0
"MSN",134916,"/Date(1704350871000)/",68900,3300,1517500,104227000000,0,false,0
"MSN",134913,"/Date(1704350868000)/",68900,500,1514200,104000000000,0,false,0
"MSN",134913,"/Date(1704350866000)/",68900,700,1513700,103965000000,0,false,0
"MSN",134913,"/Date(1704350866000)/",68900,100,1513000,103917000000,0,false,0
"MSN",134913,"/Date(1704350866000)/",68900,1200,1512900,103910000000,0,false,0
"MSN",134910,"/Date(1704350864000)/",68800,100,1511700,103828000000,-100,true,-0.15
"MSN",134910,"/Date(1704350863000)/",68900,500,1511600,103821000000,0,false,0
"MSN",134907,"/Date(1704350861000)/",68700,500,1511100,103786000000,-200,true,-0.29
"MSN",134903,"/Date(1704350856000)/",68900,300,1510600,103752000000,0,false,0
"MSN",134903,"/Date(1704350856000)/",68800,200,1510300,103731000000,-100,false,-0.15
"MSN",134900,"/Date(1704350853000)/",68900,100,1510100,103718000000,0,false,0
"MSN",134900,"/Date(1704350853000)/",68800,400,1510000,103711000000,-100,false,-0.15
"MSN",134857,"/Date(1704350851000)/",68700,500,1509600,103683000000,-200,true,-0.29
"MSN",134857,"/Date(1704350850000)/",68700,600,1509100,103649000000,-200,true,-0.29
"MSN",134854,"/Date(1704350847000)/",68800,300,1508500,103608000000,-100,false,-0.15
"MSN",134854,"/Date(1704350847000)/",68800,200,1508200,103587000000,-100,false,-0.15
"MSN",134847,"/Date(1704350843000)/",68800,500,1508000,103573000000,-100,false,-0.15
"MSN",134841,"/Date(1704350836000)/",68800,200,1507500,103539000000,-100,false,-0.15
"MSN",134841,"/Date(1704350836000)/",68800,200,1507300,103525000000,-100,false,-0.15
"MSN",134841,"/Date(1704350836000)/",68800,100,1507100,103511000000,-100,false,-0.15
"MSN",134838,"/Date(1704350831000)/",68800,500,1507000,103504000000,-100,false,-0.15
"MSN",134838,"/Date(1704350831000)/",68700,500,1506500,103470000000,-200,true,-0.29
"MSN",134831,"/Date(1704350825000)/",68800,400,1506000,103436000000,-100,false,-0.15
"MSN",134831,"/Date(1704350825000)/",68800,100,1505600,103408000000,-100,false,-0.15
"MSN",134828,"/Date(1704350821000)/",68800,400,1505500,103401000000,-100,false,-0.15
"MSN",134828,"/Date(1704350821000)/",68800,100,1505100,103374000000,-100,false,-0.15
"MSN",134828,"/Date(1704350821000)/",68700,500,1505000,103367000000,-200,true,-0.29
"MSN",134825,"/Date(1704350820000)/",68700,600,1504500,103332000000,-200,true,-0.29
"MSN",134822,"/Date(1704350815000)/",68800,500,1503900,103291000000,-100,false,-0.15
"MSN",134815,"/Date(1704350810000)/",68700,100,1503400,103257000000,-200,true,-0.29
"MSN",134806,"/Date(1704350801000)/",68700,500,1503300,103250000000,-200,true,-0.29
"MSN",134803,"/Date(1704350797000)/",68700,5000,1502800,103216000000,-200,true,-0.29
"MSN",134756,"/Date(1704350791000)/",68700,500,1497800,102872000000,-200,true,-0.29
"MSN",134756,"/Date(1704350790000)/",68700,600,1497300,102838000000,-200,true,-0.29
"MSN",134737,"/Date(1704350770000)/",68600,500,1496700,102797000000,-300,true,-0.44
"MSN",134737,"/Date(1704350769000)/",68800,100,1496200,102762000000,-100,false,-0.15
"MSN",134737,"/Date(1704350769000)/",68800,500,1496100,102755000000,-100,false,-0.15
"MSN",134737,"/Date(1704350769000)/",68800,300,1495600,102721000000,-100,false,-0.15
"MSN",134737,"/Date(1704350769000)/",68800,300,1495300,102700000000,-100,false,-0.15
"MSN",134737,"/Date(1704350769000)/",68800,500,1495000,102680000000,-100,false,-0.15
"MSN",134737,"/Date(1704350769000)/",68800,100,1494500,102645000000,-100,false,-0.15
"MSN",134734,"/Date(1704350769000)/",68800,100,1494400,102638000000,-100,false,-0.15
"MSN",134734,"/Date(1704350769000)/",68800,800,1494300,102632000000,-100,false,-0.15
"MSN",134734,"/Date(1704350769000)/",68800,200,1493500,102577000000,-100,false,-0.15
"MSN",134734,"/Date(1704350769000)/",68700,100,1493300,102563000000,-200,false,-0.29
"MSN",134734,"/Date(1704350769000)/",68700,300,1493200,102556000000,-200,false,-0.29
"MSN",134730,"/Date(1704350765000)/",68700,100,1492900,102535000000,-200,false,-0.29
"MSN",134727,"/Date(1704350760000)/",68600,500,1492800,102528000000,-300,true,-0.44
"MSN",134727,"/Date(1704350760000)/",68600,500,1492300,102494000000,-300,true,-0.44
"MSN",134727,"/Date(1704350760000)/",68600,100,1491800,102460000000,-300,true,-0.44
"MSN",134724,"/Date(1704350759000)/",68700,100,1491700,102453000000,-200,false,-0.29
"MSN",134724,"/Date(1704350758000)/",68700,100,1491600,102446000000,-200,false,-0.29
"MSN",134705,"/Date(1704350740000)/",68700,500,1491500,102439000000,-200,false,-0.29
"MSN",134702,"/Date(1704350734000)/",68700,400,1491000,102405000000,-200,true,-0.29
"MSN",134658,"/Date(1704350733000)/",68700,400,1490600,102377000000,-200,false,-0.29
"MSN",134658,"/Date(1704350733000)/",68700,400,1490200,102350000000,-200,false,-0.29
"MSN",134658,"/Date(1704350733000)/",68700,1000,1489800,102322000000,-200,false,-0.29
"MSN",134658,"/Date(1704350733000)/",68700,300,1488800,102254000000,-200,false,-0.29
"MSN",134658,"/Date(1704350733000)/",68700,100,1488500,102233000000,-200,false,-0.29
"MSN",134658,"/Date(1704350733000)/",68700,200,1488400,102226000000,-200,false,-0.29
"MSN",134655,"/Date(1704350730000)/",68600,200,1488200,102212000000,-300,true,-0.44
"MSN",134655,"/Date(1704350730000)/",68600,300,1488000,102199000000,-300,true,-0.44
"MSN",134655,"/Date(1704350730000)/",68600,600,1487700,102178000000,-300,true,-0.44
"MSN",134636,"/Date(1704350710000)/",68600,100,1487100,102137000000,-300,true,-0.44
"MSN",134636,"/Date(1704350710000)/",68600,400,1487000,102130000000,-300,true,-0.44
"MSN",134626,"/Date(1704350700000)/",68600,500,1486600,102103000000,-300,true,-0.44
"MSN",134626,"/Date(1704350700000)/",68600,100,1486100,102068000000,-300,true,-0.44
"MSN",134626,"/Date(1704350700000)/",68600,500,1486000,102062000000,-300,true,-0.44
"MSN",134607,"/Date(1704350680000)/",68600,100,1485500,102027000000,-300,true,-0.44
"MSN",134607,"/Date(1704350680000)/",68600,400,1485400,102020000000,-300,true,-0.44
"MSN",134604,"/Date(1704350678000)/",68700,300,1485000,101993000000,-200,false,-0.29
"MSN",134558,"/Date(1704350670000)/",68600,500,1484700,101972000000,-300,true,-0.44
"MSN",134554,"/Date(1704350670000)/",68600,600,1484200,101938000000,-300,true,-0.44
"MSN",134545,"/Date(1704350660000)/",68600,100,1483600,101897000000,-300,true,-0.44
"MSN",134545,"/Date(1704350660000)/",68700,2000,1483500,101890000000,-200,false,-0.29
"MSN",134542,"/Date(1704350655000)/",68600,700,1481500,101753000000,-300,true,-0.44
"MSN",134538,"/Date(1704350652000)/",68600,400,1480800,101705000000,-300,true,-0.44
"MSN",134535,"/Date(1704350650000)/",68600,500,1480400,101677000000,-300,true,-0.44
"MSN",134532,"/Date(1704350645000)/",68700,400,1479900,101643000000,-200,false,-0.29
"MSN",134532,"/Date(1704350645000)/",68700,100,1479500,101615000000,-200,false,-0.29
"MSN",134526,"/Date(1704350640000)/",68600,500,1479400,101609000000,-300,true,-0.44
"MSN",134526,"/Date(1704350640000)/",68600,600,1478900,101574000000,-300,true,-0.44
"MSN",134513,"/Date(1704350628000)/",68600,3000,1478300,101533000000,-300,true,-0.44
"MSN",134506,"/Date(1704350620000)/",68600,500,1475300,101327000000,-300,true,-0.44
"MSN",134457,"/Date(1704350610000)/",68600,500,1474800,101293000000,-300,true,-0.44
"MSN",134444,"/Date(1704350598000)/",68600,500,1474300,101259000000,-300,true,-0.44
"MSN",134435,"/Date(1704350590000)/",68600,500,1473800,101224000000,-300,true,-0.44
"MSN",134425,"/Date(1704350580000)/",68600,500,1473300,101190000000,-300,true,-0.44
"MSN",134406,"/Date(1704350560000)/",68600,500,1472800,101156000000,-300,true,-0.44
"MSN",134406,"/Date(1704350559000)/",68700,500,1472300,101121000000,-200,false,-0.29
"MSN",134406,"/Date(1704350559000)/",68700,500,1471800,101087000000,-200,false,-0.29
"MSN",134406,"/Date(1704350559000)/",68700,1000,1471300,101053000000,-200,false,-0.29
"MSN",134406,"/Date(1704350559000)/",68700,2300,1470300,100984000000,-200,false,-0.29
"MSN",134406,"/Date(1704350559000)/",68700,300,1468000,100826000000,-200,false,-0.29
"MSN",134406,"/Date(1704350559000)/",68700,300,1467700,100805000000,-200,false,-0.29
"MSN",134406,"/Date(1704350559000)/",68700,100,1467400,100785000000,-200,false,-0.29
"MSN",134406,"/Date(1704350559000)/",68700,500,1467300,100778000000,-200,false,-0.29
"MSN",134406,"/Date(1704350559000)/",68700,200,1466800,100744000000,-200,false,-0.29
"MSN",134406,"/Date(1704350559000)/",68700,300,1466600,100730000000,-200,false,-0.29
"MSN",134403,"/Date(1704350555000)/",68600,600,1466300,100709000000,-300,true,-0.44
"MSN",134359,"/Date(1704350553000)/",68700,100,1465700,100668000000,-200,false,-0.29
"MSN",134356,"/Date(1704350550000)/",68600,500,1465600,100661000000,-300,true,-0.44
"MSN",134353,"/Date(1704350548000)/",68600,500,1465100,100627000000,-300,true,-0.44
"MSN",134347,"/Date(1704350540000)/",68600,300,1464600,100593000000,-300,true,-0.44
"MSN",134340,"/Date(1704350534000)/",68600,500,1464300,100572000000,-300,true,-0.44
"MSN",134334,"/Date(1704350529000)/",68700,600,1463800,100538000000,-200,false,-0.29
"MSN",134334,"/Date(1704350529000)/",68700,100,1463200,100497000000,-200,false,-0.29
"MSN",134334,"/Date(1704350529000)/",68700,600,1463100,100490000000,-200,false,-0.29
"MSN",134334,"/Date(1704350529000)/",68700,300,1462500,100448000000,-200,false,-0.29
"MSN",134334,"/Date(1704350529000)/",68700,400,1462200,100428000000,-200,false,-0.29
"MSN",134334,"/Date(1704350527000)/",68600,800,1461800,100400000000,-300,true,-0.44
"MSN",134331,"/Date(1704350524000)/",68700,500,1461000,100345000000,-200,false,-0.29
"MSN",134331,"/Date(1704350524000)/",68700,900,1460500,100311000000,-200,false,-0.29
"MSN",134331,"/Date(1704350524000)/",68700,200,1459600,100249000000,-200,false,-0.29
"MSN",134324,"/Date(1704350520000)/",68600,500,1459400,100236000000,-300,true,-0.44
"MSN",134324,"/Date(1704350519000)/",68600,500,1458900,100201000000,-300,true,-0.44
"MSN",134321,"/Date(1704350515000)/",68600,200,1458400,100167000000,-300,true,-0.44
"MSN",134305,"/Date(1704350500000)/",68600,500,1458200,100153000000,-300,true,-0.44
"MSN",134305,"/Date(1704350500000)/",68600,100,1457700,100119000000,-300,true,-0.44
"MSN",134305,"/Date(1704350498000)/",68600,4000,1457600,100112000000,-300,true,-0.44
"MSN",134259,"/Date(1704350492000)/",68600,500,1453600,99838000000,-300,true,-0.44
"MSN",134256,"/Date(1704350490000)/",68600,200,1453100,99803000000,-300,true,-0.44
"MSN",134256,"/Date(1704350490000)/",68600,200,1452900,99790000000,-300,true,-0.44
"MSN",134256,"/Date(1704350490000)/",68600,100,1452700,99776000000,-300,true,-0.44
"MSN",134236,"/Date(1704350470000)/",68600,400,1452600,99769000000,-300,true,-0.44
"MSN",134236,"/Date(1704350470000)/",68600,100,1452200,99742000000,-300,true,-0.44
"MSN",134233,"/Date(1704350467000)/",68600,500,1452100,99735000000,-300,true,-0.44
"MSN",134227,"/Date(1704350460000)/",68600,600,1451600,99700000000,-300,true,-0.44
"MSN",134220,"/Date(1704350454000)/",68600,800,1451000,99659000000,-300,true,-0.44
"MSN",134220,"/Date(1704350454000)/",68600,1200,1450200,99604000000,-300,true,-0.44
"MSN",134204,"/Date(1704350440000)/",68600,500,1449000,99522000000,-300,true,-0.44
"MSN",134158,"/Date(1704350432000)/",68600,1000,1448500,99488000000,-300,true,-0.44
"MSN",134158,"/Date(1704350432000)/",68600,100,1447500,99419000000,-300,true,-0.44
"MSN",134158,"/Date(1704350432000)/",68600,100,1447400,99412000000,-300,true,-0.44
"MSN",134158,"/Date(1704350432000)/",68600,100,1447300,99405000000,-300,true,-0.44
"MSN",134151,"/Date(1704350424000)/",68500,500,1447200,99399000000,-400,true,-0.58
"MSN",134151,"/Date(1704350424000)/",68500,100,1446700,99364000000,-400,true,-0.58
"MSN",134151,"/Date(1704350424000)/",68600,100,1446600,99358000000,-300,false,-0.44
"MSN",134151,"/Date(1704350424000)/",68600,300,1446500,99351000000,-300,false,-0.44
"MSN",134151,"/Date(1704350424000)/",68600,200,1446200,99330000000,-300,false,-0.44
"MSN",134151,"/Date(1704350424000)/",68600,100,1446000,99316000000,-300,false,-0.44
"MSN",134151,"/Date(1704350424000)/",68600,500,1445900,99310000000,-300,false,-0.44
"MSN",134151,"/Date(1704350424000)/",68600,100,1445400,99275000000,-300,false,-0.44
"MSN",134151,"/Date(1704350424000)/",68600,100,1445300,99268000000,-300,false,-0.44
"MSN",134135,"/Date(1704350410000)/",68600,1300,1445200,99261000000,-300,true,-0.44
"MSN",134135,"/Date(1704350410000)/",68600,500,1443900,99172000000,-300,true,-0.44
"MSN",134126,"/Date(1704350399000)/",68600,100,1443400,99138000000,-300,true,-0.44
"MSN",134126,"/Date(1704350399000)/",68600,400,1443300,99131000000,-300,true,-0.44
"MSN",134126,"/Date(1704350399000)/",68600,2900,1442900,99104000000,-300,true,-0.44
"MSN",134126,"/Date(1704350399000)/",68600,100,1440000,98905000000,-300,true,-0.44
"MSN",134107,"/Date(1704350379000)/",68600,500,1439900,98898000000,-300,true,-0.44
"MSN",134057,"/Date(1704350370000)/",68600,500,1439400,98864000000,-300,true,-0.44
"MSN",134051,"/Date(1704350365000)/",68600,100,1438900,98829000000,-300,true,-0.44
"MSN",134041,"/Date(1704350355000)/",68700,500,1438800,98822000000,-200,false,-0.29
"MSN",134035,"/Date(1704350349000)/",68600,500,1438300,98788000000,-300,true,-0.44
"MSN",134031,"/Date(1704350345000)/",68600,500,1437800,98754000000,-300,false,-0.44
"MSN",134031,"/Date(1704350345000)/",68600,700,1437300,98720000000,-300,false,-0.44
"MSN",134025,"/Date(1704350340000)/",68600,300,1436600,98671000000,-300,false,-0.44
"MSN",134025,"/Date(1704350340000)/",68600,500,1436300,98651000000,-300,false,-0.44
"MSN",134025,"/Date(1704350340000)/",68600,1200,1435800,98617000000,-300,false,-0.44
