"Stockcode","Package","TradingDate","Price","Vol","TotalVol","TotalVal","Change","IsBuy","PerChange"
"NKG",144634,"/Date(1704354301000)/",24100,804700,9047100,218690000000,-100,false,-0.41
"NKG",143122,"/Date(1704353397000)/",23850,5800,8242400,199297000000,-350,true,-1.45
"NKG",143122,"/Date(1704353397000)/",23850,300,8236600,199159000000,-350,true,-1.45
"NKG",143122,"/Date(1704353397000)/",23850,2900,8236300,199152000000,-350,true,-1.45
"NKG",143119,"/Date(1704353394000)/",23850,1600,8233400,199082000000,-350,false,-1.45
"NKG",143119,"/Date(1704353394000)/",23850,400,8231800,199044000000,-350,false,-1.45
"NKG",143119,"/Date(1704353393000)/",23850,8000,8231400,199035000000,-350,false,-1.45
"NKG",143119,"/Date(1704353393000)/",23850,1600,8223400,198844000000,-350,false,-1.45
"NKG",143119,"/Date(1704353393000)/",23850,500,8221800,198806000000,-350,false,-1.45
"NKG",143119,"/Date(1704353393000)/",23850,1000,8221300,198794000000,-350,false,-1.45
"NKG",143119,"/Date(1704353392000)/",23850,600,8220300,198770000000,-350,false,-1.45
"NKG",143119,"/Date(1704353392000)/",23800,100,8219700,198756000000,-400,true,-1.65
"NKG",143119,"/Date(1704353392000)/",23800,500,8219600,198753000000,-400,true,-1.65
"NKG",143119,"/Date(1704353392000)/",23800,100,8219100,198741000000,-400,true,-1.65
"NKG",143119,"/Date(1704353392000)/",23800,300,8219000,198739000000,-400,true,-1.65
"NKG",143116,"/Date(1704353391000)/",23850,1000,8218700,198732000000,-350,false,-1.45
"NKG",143116,"/Date(1704353391000)/",23850,200,8217700,198708000000,-350,false,-1.45
"NKG",143116,"/Date(1704353391000)/",23850,400,8217500,198703000000,-350,false,-1.45
"NKG",143116,"/Date(1704353391000)/",23850,3000,8217100,198694000000,-350,false,-1.45
"NKG",143116,"/Date(1704353391000)/",23850,100,8214100,198622000000,-350,false,-1.45
"NKG",143116,"/Date(1704353391000)/",23850,500,8214000,198620000000,-350,false,-1.45
"NKG",143116,"/Date(1704353391000)/",23850,2000,8213500,198608000000,-350,false,-1.45
"NKG",143116,"/Date(1704353390000)/",23850,100,8211500,198560000000,-350,false,-1.45
"NKG",143116,"/Date(1704353390000)/",23850,100,8211400,198558000000,-350,false,-1.45
"NKG",143116,"/Date(1704353390000)/",23850,100,8211300,198555000000,-350,false,-1.45
"NKG",143116,"/Date(1704353389000)/",23850,500,8211200,198553000000,-350,false,-1.45
"NKG",143116,"/Date(1704353389000)/",23850,500,8210700,198541000000,-350,false,-1.45
"NKG",143116,"/Date(1704353389000)/",23850,100,8210200,198529000000,-350,false,-1.45
"NKG",143116,"/Date(1704353389000)/",23800,500,8210100,198527000000,-400,true,-1.65
"NKG",143116,"/Date(1704353389000)/",23800,100,8209600,198515000000,-400,true,-1.65
"NKG",143116,"/Date(1704353389000)/",23800,3000,8209500,198512000000,-400,true,-1.65
"NKG",143116,"/Date(1704353389000)/",23800,200,8206500,198441000000,-400,true,-1.65
"NKG",143116,"/Date(1704353389000)/",23800,500,8206300,198436000000,-400,true,-1.65
"NKG",143116,"/Date(1704353389000)/",23800,2000,8205800,198424000000,-400,true,-1.65
"NKG",143116,"/Date(1704353389000)/",23800,500,8203800,198377000000,-400,true,-1.65
"NKG",143116,"/Date(1704353389000)/",23800,200,8203300,198365000000,-400,true,-1.65
"NKG",143116,"/Date(1704353389000)/",23800,200,8203100,198360000000,-400,true,-1.65
"NKG",143116,"/Date(1704353389000)/",23800,300,8202900,198355000000,-400,true,-1.65
"NKG",143116,"/Date(1704353389000)/",23800,1400,8202600,198348000000,-400,true,-1.65
"NKG",143116,"/Date(1704353389000)/",23800,1000,8201200,198315000000,-400,true,-1.65
"NKG",143116,"/Date(1704353389000)/",23800,2200,8200200,198291000000,-400,true,-1.65
"NKG",143116,"/Date(1704353389000)/",23800,1300,8198000,198239000000,-400,true,-1.65
"NKG",143116,"/Date(1704353389000)/",23800,300,8196700,198208000000,-400,true,-1.65
"NKG",143116,"/Date(1704353389000)/",23800,200,8196400,198201000000,-400,true,-1.65
"NKG",143116,"/Date(1704353389000)/",23800,400,8196200,198196000000,-400,true,-1.65
"NKG",143116,"/Date(1704353389000)/",23800,900,8195800,198186000000,-400,true,-1.65
"NKG",143116,"/Date(1704353389000)/",23800,1800,8194900,198165000000,-400,true,-1.65
"NKG",143116,"/Date(1704353389000)/",23800,500,8193100,198122000000,-400,true,-1.65
"NKG",143116,"/Date(1704353389000)/",23800,500,8192600,198110000000,-400,true,-1.65
"NKG",143116,"/Date(1704353389000)/",23800,200,8192100,198098000000,-400,true,-1.65
"NKG",143116,"/Date(1704353389000)/",23800,400,8191900,198094000000,-400,true,-1.65
"NKG",143116,"/Date(1704353389000)/",23800,100,8191500,198084000000,-400,true,-1.65
"NKG",143116,"/Date(1704353389000)/",23800,200,8191400,198082000000,-400,true,-1.65
"NKG",143116,"/Date(1704353389000)/",23800,7000,8191200,198077000000,-400,true,-1.65
"NKG",143116,"/Date(1704353389000)/",23800,100,8184200,197910000000,-400,true,-1.65
"NKG",143116,"/Date(1704353389000)/",23800,300,8184100,197908000000,-400,true,-1.65
"NKG",143116,"/Date(1704353389000)/",23800,1000,8183800,197901000000,-400,true,-1.65
"NKG",143116,"/Date(1704353389000)/",23800,100,8182800,197877000000,-400,true,-1.65
"NKG",143116,"/Date(1704353389000)/",23800,200,8182700,197875000000,-400,true,-1.65
"NKG",143116,"/Date(1704353389000)/",23800,200,8182500,197870000000,-400,true,-1.65
"NKG",143116,"/Date(1704353389000)/",23800,1200,8182300,197865000000,-400,true,-1.65
"NKG",143116,"/Date(1704353389000)/",23800,100,8181100,197837000000,-400,true,-1.65
"NKG",143116,"/Date(1704353389000)/",23800,100,8181000,197834000000,-400,true,-1.65
"NKG",143116,"/Date(1704353389000)/",23800,200,8180900,197832000000,-400,true,-1.65
"NKG",143116,"/Date(1704353389000)/",23800,100,8180700,197827000000,-400,true,-1.65
"NKG",143116,"/Date(1704353389000)/",23800,300,8180600,197825000000,-400,true,-1.65
"NKG",143116,"/Date(1704353389000)/",23800,200,8180300,197818000000,-400,true,-1.65
"NKG",143116,"/Date(1704353389000)/",23850,200,8180100,197813000000,-350,false,-1.45
"NKG",143116,"/Date(1704353389000)/",23850,1000,8179900,197808000000,-350,false,-1.45
"NKG",143113,"/Date(1704353388000)/",23850,1000,8178900,197784000000,-350,false,-1.45
"NKG",143113,"/Date(1704353388000)/",23850,200,8177900,197760000000,-350,false,-1.45
"NKG",143113,"/Date(1704353388000)/",23850,500,8177700,197756000000,-350,false,-1.45
"NKG",143113,"/Date(1704353388000)/",23850,1000,8177200,197744000000,-350,false,-1.45
"NKG",143113,"/Date(1704353388000)/",23850,500,8176200,197720000000,-350,false,-1.45
"NKG",143113,"/Date(1704353388000)/",23850,200,8175700,197708000000,-350,false,-1.45
"NKG",143113,"/Date(1704353387000)/",23850,200,8175500,197703000000,-350,false,-1.45
"NKG",143113,"/Date(1704353387000)/",23850,100,8175300,197698000000,-350,false,-1.45
"NKG",143113,"/Date(1704353386000)/",23850,700,8175200,197696000000,-350,false,-1.45
"NKG",143113,"/Date(1704353385000)/",23850,500,8174500,197679000000,-350,false,-1.45
"NKG",143110,"/Date(1704353385000)/",23850,5000,8174000,197667000000,-350,false,-1.45
"NKG",143110,"/Date(1704353385000)/",23850,5000,8169000,197548000000,-350,false,-1.45
"NKG",143110,"/Date(1704353384000)/",23850,1600,8164000,197429000000,-350,false,-1.45
"NKG",143110,"/Date(1704353384000)/",23850,3500,8162400,197391000000,-350,false,-1.45
"NKG",143110,"/Date(1704353384000)/",23800,800,8158900,197307000000,-400,true,-1.65
"NKG",143110,"/Date(1704353384000)/",23800,200,8158100,197288000000,-400,true,-1.65
"NKG",143110,"/Date(1704353383000)/",23850,100,8157900,197283000000,-350,false,-1.45
"NKG",143110,"/Date(1704353383000)/",23850,100,8157800,197281000000,-350,false,-1.45
"NKG",143110,"/Date(1704353382000)/",23850,200,8157700,197279000000,-350,false,-1.45
"NKG",143106,"/Date(1704353381000)/",23850,100,8157500,197274000000,-350,false,-1.45
"NKG",143106,"/Date(1704353380000)/",23850,100,8157400,197271000000,-350,false,-1.45
"NKG",143103,"/Date(1704353378000)/",23850,900,8157300,197269000000,-350,false,-1.45
"NKG",143103,"/Date(1704353378000)/",23850,4000,8156400,197248000000,-350,false,-1.45
"NKG",143103,"/Date(1704353377000)/",23800,500,8152400,197152000000,-400,true,-1.65
"NKG",143103,"/Date(1704353377000)/",23850,100,8151900,197140000000,-350,false,-1.45
"NKG",143103,"/Date(1704353376000)/",23850,100,8151800,197138000000,-350,false,-1.45
"NKG",143103,"/Date(1704353376000)/",23850,100,8151700,197135000000,-350,false,-1.45
"NKG",143100,"/Date(1704353375000)/",23850,500,8151600,197133000000,-350,false,-1.45
"NKG",143100,"/Date(1704353375000)/",23850,1000,8151100,197121000000,-350,false,-1.45
"NKG",143100,"/Date(1704353375000)/",23850,200,8150100,197097000000,-350,false,-1.45
"NKG",143100,"/Date(1704353374000)/",23850,500,8149900,197093000000,-350,false,-1.45
"NKG",143100,"/Date(1704353373000)/",23800,100,8149400,197081000000,-400,true,-1.65
"NKG",143100,"/Date(1704353373000)/",23850,100,8149300,197078000000,-350,false,-1.45
"NKG",143100,"/Date(1704353373000)/",23850,200,8149200,197076000000,-350,false,-1.45
"NKG",143100,"/Date(1704353373000)/",23850,200,8149000,197071000000,-350,false,-1.45
"NKG",143100,"/Date(1704353372000)/",23850,200,8148800,197066000000,-350,false,-1.45
"NKG",143057,"/Date(1704353372000)/",23800,400,8148600,197062000000,-400,true,-1.65
"NKG",143057,"/Date(1704353371000)/",23800,800,8148200,197052000000,-400,true,-1.65
"NKG",143057,"/Date(1704353371000)/",23800,1000,8147400,197033000000,-400,true,-1.65
"NKG",143057,"/Date(1704353371000)/",23800,100,8146400,197009000000,-400,true,-1.65
"NKG",143057,"/Date(1704353371000)/",23800,100,8146300,197007000000,-400,true,-1.65
"NKG",143057,"/Date(1704353371000)/",23800,5000,8146200,197004000000,-400,true,-1.65
"NKG",143057,"/Date(1704353371000)/",23800,200,8141200,196885000000,-400,true,-1.65
"NKG",143057,"/Date(1704353371000)/",23800,200,8141000,196881000000,-400,true,-1.65
"NKG",143057,"/Date(1704353371000)/",23800,2000,8140800,196876000000,-400,true,-1.65
"NKG",143057,"/Date(1704353371000)/",23800,600,8138800,196828000000,-400,true,-1.65
"NKG",143057,"/Date(1704353371000)/",23800,200,8138200,196814000000,-400,true,-1.65
"NKG",143057,"/Date(1704353371000)/",23850,100,8138000,196809000000,-350,true,-1.45
"NKG",143057,"/Date(1704353371000)/",23850,2000,8137900,196807000000,-350,true,-1.45
"NKG",143057,"/Date(1704353371000)/",23850,200,8135900,196759000000,-350,true,-1.45
"NKG",143057,"/Date(1704353371000)/",23850,100,8135700,196754000000,-350,true,-1.45
"NKG",143057,"/Date(1704353371000)/",23850,100,8135600,196752000000,-350,true,-1.45
"NKG",143057,"/Date(1704353371000)/",23850,200,8135500,196750000000,-350,true,-1.45
"NKG",143057,"/Date(1704353371000)/",23850,100,8135300,196745000000,-350,true,-1.45
"NKG",143057,"/Date(1704353371000)/",23850,2000,8135200,196743000000,-350,true,-1.45
"NKG",143057,"/Date(1704353371000)/",23850,3000,8133200,196695000000,-350,true,-1.45
"NKG",143057,"/Date(1704353371000)/",23850,5000,8130200,196623000000,-350,true,-1.45
"NKG",143057,"/Date(1704353371000)/",23850,200,8125200,196504000000,-350,true,-1.45
"NKG",143057,"/Date(1704353371000)/",23850,400,8125000,196499000000,-350,true,-1.45
"NKG",143057,"/Date(1704353371000)/",23850,100,8124600,196490000000,-350,true,-1.45
"NKG",143057,"/Date(1704353371000)/",23850,500,8124500,196487000000,-350,true,-1.45
"NKG",143057,"/Date(1704353371000)/",23850,300,8124000,196475000000,-350,true,-1.45
"NKG",143057,"/Date(1704353371000)/",23850,1000,8123700,196468000000,-350,true,-1.45
"NKG",143057,"/Date(1704353371000)/",23850,2200,8122700,196444000000,-350,true,-1.45
"NKG",143057,"/Date(1704353371000)/",23850,200,8120500,196392000000,-350,true,-1.45
"NKG",143057,"/Date(1704353371000)/",23850,5500,8120300,196387000000,-350,true,-1.45
"NKG",143057,"/Date(1704353371000)/",23850,1000,8114800,196256000000,-350,true,-1.45
"NKG",143057,"/Date(1704353371000)/",23850,5000,8113800,196232000000,-350,true,-1.45
"NKG",143057,"/Date(1704353371000)/",23850,400,8108800,196113000000,-350,true,-1.45
"NKG",143057,"/Date(1704353371000)/",23850,200,8108400,196103000000,-350,true,-1.45
"NKG",143057,"/Date(1704353371000)/",23850,300,8108200,196099000000,-350,true,-1.45
"NKG",143057,"/Date(1704353371000)/",23850,100,8107900,196091000000,-350,true,-1.45
"NKG",143057,"/Date(1704353371000)/",23850,600,8107800,196089000000,-350,true,-1.45
"NKG",143057,"/Date(1704353371000)/",23900,1000,8107200,196075000000,-300,false,-1.24
"NKG",143057,"/Date(1704353370000)/",23850,100,8106200,196051000000,-350,true,-1.45
"NKG",143057,"/Date(1704353370000)/",23850,200,8106100,196048000000,-350,true,-1.45
"NKG",143057,"/Date(1704353370000)/",23850,200,8105900,196044000000,-350,true,-1.45
"NKG",143057,"/Date(1704353370000)/",23850,300,8105700,196039000000,-350,true,-1.45
"NKG",143057,"/Date(1704353370000)/",23850,200,8105400,196032000000,-350,true,-1.45
"NKG",143057,"/Date(1704353370000)/",23900,200,8105200,196027000000,-300,false,-1.24
"NKG",143054,"/Date(1704353368000)/",23900,500,8105000,196022000000,-300,false,-1.24
"NKG",143054,"/Date(1704353368000)/",23900,5000,8104500,196010000000,-300,false,-1.24
"NKG",143054,"/Date(1704353368000)/",23900,5000,8099500,195891000000,-300,false,-1.24
"NKG",143054,"/Date(1704353367000)/",23900,900,8094500,195771000000,-300,false,-1.24
"NKG",143054,"/Date(1704353367000)/",23850,100,8093600,195750000000,-350,true,-1.45
"NKG",143054,"/Date(1704353367000)/",23850,100,8093500,195747000000,-350,true,-1.45
"NKG",143054,"/Date(1704353367000)/",23850,300,8093400,195745000000,-350,true,-1.45
"NKG",143054,"/Date(1704353367000)/",23850,200,8093100,195738000000,-350,true,-1.45
"NKG",143054,"/Date(1704353367000)/",23850,100,8092900,195733000000,-350,true,-1.45
"NKG",143054,"/Date(1704353367000)/",23850,200,8092800,195731000000,-350,true,-1.45
"NKG",143054,"/Date(1704353367000)/",23900,300,8092600,195726000000,-300,false,-1.24
"NKG",143054,"/Date(1704353366000)/",23900,5000,8092300,195719000000,-300,false,-1.24
"NKG",143050,"/Date(1704353366000)/",23900,300,8087300,195599000000,-300,false,-1.24
"NKG",143050,"/Date(1704353366000)/",23900,300,8087000,195592000000,-300,false,-1.24
"NKG",143050,"/Date(1704353365000)/",23900,200,8086700,195585000000,-300,false,-1.24
"NKG",143050,"/Date(1704353365000)/",23900,5000,8086500,195580000000,-300,false,-1.24
"NKG",143050,"/Date(1704353364000)/",23900,100,8081500,195461000000,-300,false,-1.24
"NKG",143050,"/Date(1704353364000)/",23900,2000,8081400,195458000000,-300,false,-1.24
"NKG",143050,"/Date(1704353363000)/",23900,200,8079400,195410000000,-300,false,-1.24
"NKG",143047,"/Date(1704353362000)/",23900,100,8079200,195406000000,-300,false,-1.24
"NKG",143047,"/Date(1704353362000)/",23900,1000,8079100,195403000000,-300,false,-1.24
"NKG",143044,"/Date(1704353358000)/",23900,500,8078100,195379000000,-300,true,-1.24
"NKG",143044,"/Date(1704353358000)/",23900,100,8077600,195367000000,-300,true,-1.24
"NKG",143044,"/Date(1704353357000)/",23900,500,8077500,195365000000,-300,true,-1.24
"NKG",143044,"/Date(1704353357000)/",23900,200,8077000,195353000000,-300,true,-1.24
"NKG",143044,"/Date(1704353357000)/",23900,2000,8076800,195348000000,-300,true,-1.24
"NKG",143044,"/Date(1704353357000)/",23900,5000,8074800,195300000000,-300,true,-1.24
"NKG",143044,"/Date(1704353357000)/",23900,400,8069800,195181000000,-300,true,-1.24
"NKG",143044,"/Date(1704353357000)/",23900,5000,8069400,195171000000,-300,true,-1.24
"NKG",143044,"/Date(1704353357000)/",23900,300,8064400,195052000000,-300,true,-1.24
"NKG",143044,"/Date(1704353357000)/",23900,1000,8064100,195045000000,-300,true,-1.24
"NKG",143044,"/Date(1704353357000)/",23900,100,8063100,195021000000,-300,true,-1.24
"NKG",143044,"/Date(1704353357000)/",23900,100,8063000,195018000000,-300,true,-1.24
"NKG",143044,"/Date(1704353357000)/",23900,6700,8062900,195016000000,-300,true,-1.24
"NKG",143044,"/Date(1704353357000)/",23900,200,8056200,194856000000,-300,true,-1.24
"NKG",143044,"/Date(1704353357000)/",23900,100,8056000,194851000000,-300,true,-1.24
"NKG",143044,"/Date(1704353357000)/",23900,100,8055900,194849000000,-300,true,-1.24
"NKG",143044,"/Date(1704353357000)/",23900,300,8055800,194846000000,-300,true,-1.24
"NKG",143044,"/Date(1704353357000)/",23900,1000,8055500,194839000000,-300,true,-1.24
"NKG",143044,"/Date(1704353357000)/",23900,300,8054500,194815000000,-300,true,-1.24
"NKG",143044,"/Date(1704353357000)/",23900,200,8054200,194808000000,-300,true,-1.24
"NKG",143044,"/Date(1704353357000)/",23900,200,8054000,194803000000,-300,true,-1.24
"NKG",143044,"/Date(1704353357000)/",23900,200,8053800,194799000000,-300,true,-1.24
"NKG",143044,"/Date(1704353357000)/",23900,1000,8053600,194794000000,-300,true,-1.24
"NKG",143044,"/Date(1704353357000)/",23900,2000,8052600,194770000000,-300,true,-1.24
"NKG",143044,"/Date(1704353357000)/",23900,200,8050600,194722000000,-300,true,-1.24
"NKG",143044,"/Date(1704353357000)/",23900,100,8050400,194717000000,-300,true,-1.24
"NKG",143044,"/Date(1704353357000)/",23900,700,8050300,194715000000,-300,true,-1.24
"NKG",143044,"/Date(1704353357000)/",23900,100,8049600,194698000000,-300,true,-1.24
"NKG",143044,"/Date(1704353357000)/",23900,100,8049500,194696000000,-300,true,-1.24
"NKG",143044,"/Date(1704353357000)/",23900,100,8049400,194693000000,-300,true,-1.24
"NKG",143044,"/Date(1704353357000)/",23900,1000,8049300,194691000000,-300,true,-1.24
"NKG",143044,"/Date(1704353357000)/",23900,5000,8048300,194667000000,-300,true,-1.24
"NKG",143044,"/Date(1704353357000)/",23900,200,8043300,194548000000,-300,true,-1.24
"NKG",143044,"/Date(1704353357000)/",23900,2000,8043100,194543000000,-300,true,-1.24
"NKG",143044,"/Date(1704353357000)/",23900,400,8041100,194495000000,-300,true,-1.24
"NKG",143044,"/Date(1704353357000)/",23900,600,8040700,194485000000,-300,true,-1.24
"NKG",143044,"/Date(1704353357000)/",23900,500,8040100,194471000000,-300,true,-1.24
"NKG",143044,"/Date(1704353357000)/",23900,100,8039600,194459000000,-300,true,-1.24
"NKG",143044,"/Date(1704353357000)/",23900,500,8039500,194457000000,-300,true,-1.24
"NKG",143044,"/Date(1704353357000)/",23900,20000,8039000,194445000000,-300,true,-1.24
"NKG",143044,"/Date(1704353357000)/",23900,100,8019000,193967000000,-300,true,-1.24
"NKG",143044,"/Date(1704353357000)/",23900,10000,8018900,193964000000,-300,true,-1.24
"NKG",143044,"/Date(1704353357000)/",23900,500,8008900,193725000000,-300,true,-1.24
"NKG",143044,"/Date(1704353357000)/",23900,200,8008400,193713000000,-300,true,-1.24
"NKG",143044,"/Date(1704353357000)/",23900,200,8008200,193709000000,-300,true,-1.24
"NKG",143044,"/Date(1704353357000)/",23900,3000,8008000,193704000000,-300,true,-1.24
"NKG",143044,"/Date(1704353357000)/",23900,1500,8005000,193632000000,-300,true,-1.24
"NKG",143044,"/Date(1704353357000)/",23900,1000,8003500,193596000000,-300,true,-1.24
"NKG",143044,"/Date(1704353357000)/",23900,1000,8002500,193572000000,-300,true,-1.24
"NKG",143044,"/Date(1704353357000)/",23900,500,8001500,193549000000,-300,true,-1.24
"NKG",143044,"/Date(1704353357000)/",23900,200,8001000,193537000000,-300,true,-1.24
"NKG",143044,"/Date(1704353357000)/",23900,300,8000800,193532000000,-300,true,-1.24
"NKG",143044,"/Date(1704353357000)/",23900,300,8000500,193525000000,-300,true,-1.24
"NKG",143044,"/Date(1704353357000)/",23900,1000,8000200,193518000000,-300,true,-1.24
"NKG",143044,"/Date(1704353357000)/",23900,500,7999200,193494000000,-300,true,-1.24
"NKG",143044,"/Date(1704353357000)/",23900,300,7998700,193482000000,-300,true,-1.24
"NKG",143044,"/Date(1704353357000)/",23900,8100,7998400,193474000000,-300,true,-1.24
"NKG",143044,"/Date(1704353357000)/",23900,700,7990300,193281000000,-300,true,-1.24
"NKG",143044,"/Date(1704353357000)/",23900,200,7989600,193264000000,-300,true,-1.24
"NKG",143044,"/Date(1704353357000)/",23900,200,7989400,193259000000,-300,true,-1.24
"NKG",143044,"/Date(1704353357000)/",23900,100,7989200,193255000000,-300,true,-1.24
"NKG",143044,"/Date(1704353357000)/",23900,500,7989100,193252000000,-300,true,-1.24
"NKG",143044,"/Date(1704353357000)/",23900,3000,7988600,193240000000,-300,true,-1.24
"NKG",143044,"/Date(1704353357000)/",23900,1400,7985600,193169000000,-300,true,-1.24
"NKG",143041,"/Date(1704353356000)/",23950,1000,7984200,193135000000,-250,false,-1.03
"NKG",143041,"/Date(1704353355000)/",23900,1700,7983200,193111000000,-300,true,-1.24
"NKG",143041,"/Date(1704353355000)/",23900,200,7981500,193071000000,-300,true,-1.24
"NKG",143041,"/Date(1704353355000)/",23900,100,7981300,193066000000,-300,true,-1.24
"NKG",143041,"/Date(1704353355000)/",23900,200,7981200,193063000000,-300,true,-1.24
"NKG",143041,"/Date(1704353355000)/",23900,500,7981000,193059000000,-300,true,-1.24
"NKG",143041,"/Date(1704353355000)/",23900,100,7980500,193047000000,-300,true,-1.24
"NKG",143041,"/Date(1704353355000)/",23900,100,7980400,193044000000,-300,true,-1.24
"NKG",143041,"/Date(1704353355000)/",23900,2000,7980300,193042000000,-300,true,-1.24
"NKG",143041,"/Date(1704353355000)/",23900,100,7978300,192994000000,-300,true,-1.24
"NKG",143041,"/Date(1704353354000)/",23950,100,7978200,192992000000,-250,false,-1.03
"NKG",143038,"/Date(1704353353000)/",23950,5000,7978100,192989000000,-250,false,-1.03
"NKG",143034,"/Date(1704353349000)/",23950,100,7973100,192870000000,-250,false,-1.03
"NKG",143034,"/Date(1704353349000)/",23900,100,7973000,192867000000,-300,true,-1.24
"NKG",143034,"/Date(1704353349000)/",23900,500,7972900,192865000000,-300,true,-1.24
"NKG",143034,"/Date(1704353349000)/",23900,2600,7972400,192853000000,-300,true,-1.24
"NKG",143034,"/Date(1704353349000)/",23950,500,7969800,192791000000,-250,false,-1.03
"NKG",143034,"/Date(1704353349000)/",23950,100,7969300,192779000000,-250,false,-1.03
"NKG",143034,"/Date(1704353348000)/",23950,10000,7969200,192776000000,-250,false,-1.03
"NKG",143034,"/Date(1704353348000)/",23950,1000,7959200,192537000000,-250,false,-1.03
"NKG",143034,"/Date(1704353348000)/",23950,1000,7958200,192513000000,-250,false,-1.03
"NKG",143034,"/Date(1704353347000)/",23950,200,7957200,192489000000,-250,false,-1.03
"NKG",143034,"/Date(1704353347000)/",23950,600,7957000,192484000000,-250,false,-1.03
"NKG",143034,"/Date(1704353347000)/",23950,500,7956400,192470000000,-250,false,-1.03
"NKG",143034,"/Date(1704353347000)/",23950,100,7955900,192458000000,-250,false,-1.03
"NKG",143034,"/Date(1704353347000)/",23950,3000,7955800,192455000000,-250,false,-1.03
"NKG",143034,"/Date(1704353347000)/",23950,200,7952800,192383000000,-250,false,-1.03
"NKG",143034,"/Date(1704353347000)/",23950,100,7952600,192379000000,-250,false,-1.03
"NKG",143034,"/Date(1704353347000)/",23950,200,7952500,192376000000,-250,false,-1.03
"NKG",143034,"/Date(1704353347000)/",23950,100,7952300,192372000000,-250,false,-1.03
"NKG",143034,"/Date(1704353347000)/",23950,1000,7952200,192369000000,-250,false,-1.03
"NKG",143034,"/Date(1704353347000)/",23950,5000,7951200,192345000000,-250,false,-1.03
"NKG",143034,"/Date(1704353347000)/",23950,5000,7946200,192225000000,-250,false,-1.03
"NKG",143034,"/Date(1704353347000)/",23950,100,7941200,192106000000,-250,false,-1.03
"NKG",143034,"/Date(1704353347000)/",23950,1000,7941100,192103000000,-250,false,-1.03
"NKG",143034,"/Date(1704353347000)/",23950,100,7940100,192079000000,-250,false,-1.03
"NKG",143034,"/Date(1704353347000)/",23950,5000,7940000,192077000000,-250,false,-1.03
"NKG",143034,"/Date(1704353347000)/",23950,100,7935000,191957000000,-250,false,-1.03
"NKG",143034,"/Date(1704353347000)/",23950,200,7934900,191955000000,-250,false,-1.03
"NKG",143034,"/Date(1704353347000)/",23950,1000,7934700,191950000000,-250,false,-1.03
"NKG",143034,"/Date(1704353347000)/",23950,200,7933700,191926000000,-250,false,-1.03
"NKG",143034,"/Date(1704353347000)/",23950,100,7933500,191921000000,-250,false,-1.03
"NKG",143034,"/Date(1704353347000)/",23950,300,7933400,191919000000,-250,false,-1.03
"NKG",143034,"/Date(1704353347000)/",23950,500,7933100,191912000000,-250,false,-1.03
"NKG",143034,"/Date(1704353347000)/",23950,100,7932600,191900000000,-250,false,-1.03
"NKG",143034,"/Date(1704353347000)/",23950,700,7932500,191897000000,-250,false,-1.03
"NKG",143034,"/Date(1704353347000)/",23950,200,7931800,191881000000,-250,false,-1.03
"NKG",143034,"/Date(1704353347000)/",23950,500,7931600,191876000000,-250,false,-1.03
"NKG",143034,"/Date(1704353347000)/",23950,1000,7931100,191864000000,-250,false,-1.03
"NKG",143034,"/Date(1704353347000)/",23950,100,7930100,191840000000,-250,false,-1.03
"NKG",143034,"/Date(1704353347000)/",23950,200,7930000,191837000000,-250,false,-1.03
"NKG",143034,"/Date(1704353347000)/",23950,100,7929800,191833000000,-250,false,-1.03
"NKG",143034,"/Date(1704353347000)/",23950,200,7929700,191830000000,-250,false,-1.03
"NKG",143034,"/Date(1704353347000)/",23950,2600,7929500,191825000000,-250,false,-1.03
"NKG",143034,"/Date(1704353347000)/",24000,1000,7926900,191763000000,-200,false,-0.83
"NKG",143031,"/Date(1704353344000)/",24000,200,7925900,191739000000,-200,false,-0.83
"NKG",143028,"/Date(1704353343000)/",23950,2400,7925700,191734000000,-250,true,-1.03
"NKG",143028,"/Date(1704353343000)/",23950,100,7923300,191677000000,-250,true,-1.03
"NKG",143028,"/Date(1704353343000)/",23950,200,7923200,191675000000,-250,true,-1.03
"NKG",143028,"/Date(1704353342000)/",24000,2000,7923000,191670000000,-200,true,-0.83
"NKG",143028,"/Date(1704353342000)/",24000,300,7921000,191622000000,-200,true,-0.83
"NKG",143028,"/Date(1704353342000)/",24000,300,7920700,191615000000,-200,true,-0.83
"NKG",143028,"/Date(1704353342000)/",24000,100,7920400,191607000000,-200,true,-0.83
"NKG",143028,"/Date(1704353342000)/",24000,100,7920300,191605000000,-200,true,-0.83
"NKG",143028,"/Date(1704353342000)/",24000,1000,7920200,191603000000,-200,true,-0.83
"NKG",143028,"/Date(1704353342000)/",24000,100,7919200,191579000000,-200,true,-0.83
"NKG",143028,"/Date(1704353342000)/",24000,8300,7919100,191576000000,-200,true,-0.83
"NKG",143028,"/Date(1704353342000)/",24000,700,7910800,191377000000,-200,true,-0.83
"NKG",143028,"/Date(1704353342000)/",24000,100,7910100,191360000000,-200,true,-0.83
"NKG",143028,"/Date(1704353342000)/",24000,200,7910000,191358000000,-200,true,-0.83
"NKG",143028,"/Date(1704353342000)/",24000,1000,7909800,191353000000,-200,true,-0.83
"NKG",143028,"/Date(1704353342000)/",24000,5000,7908800,191329000000,-200,true,-0.83
"NKG",143028,"/Date(1704353342000)/",24000,3100,7903800,191209000000,-200,true,-0.83
"NKG",143028,"/Date(1704353342000)/",24000,100,7900700,191135000000,-200,true,-0.83
"NKG",143028,"/Date(1704353342000)/",24000,300,7900600,191132000000,-200,true,-0.83
"NKG",143028,"/Date(1704353342000)/",24000,500,7900300,191125000000,-200,true,-0.83
"NKG",143028,"/Date(1704353342000)/",24000,1000,7899800,191113000000,-200,true,-0.83
"NKG",143028,"/Date(1704353342000)/",24000,100,7898800,191089000000,-200,true,-0.83
"NKG",143028,"/Date(1704353342000)/",24000,100,7898700,191087000000,-200,true,-0.83
"NKG",143028,"/Date(1704353342000)/",24000,1000,7898600,191084000000,-200,true,-0.83
"NKG",143028,"/Date(1704353342000)/",24000,300,7897600,191060000000,-200,true,-0.83
"NKG",143028,"/Date(1704353342000)/",24000,200,7897300,191053000000,-200,true,-0.83
"NKG",143028,"/Date(1704353342000)/",24000,500,7897100,191048000000,-200,true,-0.83
"NKG",143028,"/Date(1704353342000)/",24000,2000,7896600,191036000000,-200,true,-0.83
"NKG",143028,"/Date(1704353342000)/",24000,2000,7894600,190988000000,-200,true,-0.83
"NKG",143028,"/Date(1704353342000)/",24000,3000,7892600,190940000000,-200,true,-0.83
"NKG",143028,"/Date(1704353342000)/",24000,300,7889600,190868000000,-200,true,-0.83
"NKG",143028,"/Date(1704353342000)/",24000,1000,7889300,190861000000,-200,true,-0.83
"NKG",143028,"/Date(1704353342000)/",24000,2000,7888300,190837000000,-200,true,-0.83
"NKG",143028,"/Date(1704353342000)/",24000,500,7886300,190789000000,-200,true,-0.83
"NKG",143028,"/Date(1704353342000)/",24000,300,7885800,190777000000,-200,true,-0.83
"NKG",143028,"/Date(1704353342000)/",24000,1000,7885500,190770000000,-200,true,-0.83
"NKG",143028,"/Date(1704353342000)/",24000,200,7884500,190746000000,-200,true,-0.83
"NKG",143028,"/Date(1704353342000)/",24000,300,7884300,190741000000,-200,true,-0.83
"NKG",143028,"/Date(1704353342000)/",24000,200,7884000,190734000000,-200,true,-0.83
"NKG",143028,"/Date(1704353342000)/",24000,100,7883800,190729000000,-200,true,-0.83
"NKG",143028,"/Date(1704353342000)/",24000,200,7883700,190727000000,-200,true,-0.83
"NKG",143028,"/Date(1704353342000)/",24000,200,7883500,190722000000,-200,true,-0.83
"NKG",143028,"/Date(1704353342000)/",24000,400,7883300,190717000000,-200,true,-0.83
"NKG",143028,"/Date(1704353342000)/",24000,100,7882900,190707000000,-200,true,-0.83
"NKG",143028,"/Date(1704353342000)/",24000,2000,7882800,190705000000,-200,true,-0.83
"NKG",143028,"/Date(1704353342000)/",24000,2000,7880800,190657000000,-200,true,-0.83
"NKG",143028,"/Date(1704353342000)/",24000,1000,7878800,190609000000,-200,true,-0.83
"NKG",143028,"/Date(1704353342000)/",24000,100,7877800,190585000000,-200,true,-0.83
"NKG",143028,"/Date(1704353342000)/",24000,500,7877700,190583000000,-200,true,-0.83
"NKG",143028,"/Date(1704353342000)/",24000,1000,7877200,190571000000,-200,true,-0.83
"NKG",143028,"/Date(1704353342000)/",24000,800,7876200,190547000000,-200,true,-0.83
"NKG",143028,"/Date(1704353342000)/",24000,100,7875400,190527000000,-200,true,-0.83
"NKG",143028,"/Date(1704353342000)/",24000,1900,7875300,190525000000,-200,true,-0.83
"NKG",143028,"/Date(1704353342000)/",24000,300,7873400,190479000000,-200,true,-0.83
"NKG",143028,"/Date(1704353342000)/",24000,300,7873100,190472000000,-200,true,-0.83
"NKG",143028,"/Date(1704353342000)/",24000,200,7872800,190465000000,-200,true,-0.83
"NKG",143028,"/Date(1704353342000)/",24000,500,7872600,190460000000,-200,true,-0.83
"NKG",143028,"/Date(1704353342000)/",24000,500,7872100,190448000000,-200,true,-0.83
"NKG",143028,"/Date(1704353342000)/",24000,500,7871600,190436000000,-200,true,-0.83
"NKG",143028,"/Date(1704353342000)/",24000,1000,7871100,190424000000,-200,true,-0.83
"NKG",143028,"/Date(1704353342000)/",24000,500,7870100,190400000000,-200,true,-0.83
"NKG",143028,"/Date(1704353342000)/",24000,5000,7869600,190388000000,-200,true,-0.83
"NKG",143028,"/Date(1704353342000)/",24000,2000,7864600,190268000000,-200,true,-0.83
"NKG",143028,"/Date(1704353342000)/",24000,200,7862600,190220000000,-200,true,-0.83
"NKG",143028,"/Date(1704353342000)/",24000,2000,7862400,190215000000,-200,true,-0.83
"NKG",143028,"/Date(1704353342000)/",24000,500,7860400,190167000000,-200,true,-0.83
"NKG",143028,"/Date(1704353342000)/",24000,3000,7859900,190155000000,-200,true,-0.83
"NKG",143028,"/Date(1704353342000)/",24000,100,7856900,190083000000,-200,true,-0.83
"NKG",143028,"/Date(1704353342000)/",24000,3000,7856800,190081000000,-200,true,-0.83
"NKG",143028,"/Date(1704353342000)/",24000,2900,7853800,190009000000,-200,true,-0.83
"NKG",143028,"/Date(1704353342000)/",24000,800,7850900,189939000000,-200,true,-0.83
"NKG",143028,"/Date(1704353342000)/",24000,300,7850100,189920000000,-200,true,-0.83
"NKG",143028,"/Date(1704353342000)/",24000,5000,7849800,189913000000,-200,true,-0.83
"NKG",143028,"/Date(1704353342000)/",24000,300,7844800,189793000000,-200,true,-0.83
"NKG",143028,"/Date(1704353342000)/",24000,2000,7844500,189786000000,-200,true,-0.83
"NKG",143028,"/Date(1704353342000)/",24000,200,7842500,189738000000,-200,true,-0.83
"NKG",143028,"/Date(1704353342000)/",24000,100,7842300,189733000000,-200,true,-0.83
"NKG",143028,"/Date(1704353342000)/",24000,100,7842200,189731000000,-200,true,-0.83
"NKG",143028,"/Date(1704353342000)/",24000,10000,7842100,189728000000,-200,true,-0.83
"NKG",143028,"/Date(1704353342000)/",24000,200,7832100,189488000000,-200,true,-0.83
"NKG",143028,"/Date(1704353342000)/",24000,200,7831900,189483000000,-200,true,-0.83
"NKG",143028,"/Date(1704353342000)/",24000,200,7831700,189479000000,-200,true,-0.83
"NKG",143028,"/Date(1704353342000)/",24000,2000,7831500,189474000000,-200,true,-0.83
"NKG",143028,"/Date(1704353342000)/",24000,1000,7829500,189426000000,-200,true,-0.83
"NKG",143028,"/Date(1704353342000)/",24000,100,7828500,189402000000,-200,true,-0.83
"NKG",143028,"/Date(1704353342000)/",24000,1000,7828400,189399000000,-200,true,-0.83
"NKG",143028,"/Date(1704353342000)/",24000,1000,7827400,189375000000,-200,true,-0.83
"NKG",143028,"/Date(1704353342000)/",24000,200,7826400,189351000000,-200,true,-0.83
"NKG",143028,"/Date(1704353342000)/",24000,1000,7826200,189347000000,-200,true,-0.83
"NKG",143028,"/Date(1704353342000)/",24000,100,7825200,189323000000,-200,true,-0.83
"NKG",143028,"/Date(1704353342000)/",24000,200,7825100,189320000000,-200,true,-0.83
"NKG",143028,"/Date(1704353342000)/",24000,100,7824900,189315000000,-200,true,-0.83
"NKG",143028,"/Date(1704353342000)/",24000,200,7824800,189313000000,-200,true,-0.83
"NKG",143028,"/Date(1704353342000)/",24000,100,7824600,189308000000,-200,true,-0.83
"NKG",143028,"/Date(1704353342000)/",24000,100,7824500,189306000000,-200,true,-0.83
"NKG",143028,"/Date(1704353342000)/",24000,10000,7824400,189303000000,-200,true,-0.83
"NKG",143028,"/Date(1704353342000)/",24000,100,7814400,189063000000,-200,true,-0.83
"NKG",143028,"/Date(1704353342000)/",24000,100,7814300,189061000000,-200,true,-0.83
"NKG",143028,"/Date(1704353342000)/",24000,3000,7814200,189059000000,-200,true,-0.83
"NKG",143028,"/Date(1704353342000)/",24000,1000,7811200,188987000000,-200,true,-0.83
"NKG",143028,"/Date(1704353342000)/",24000,100,7810200,188963000000,-200,true,-0.83
"NKG",143028,"/Date(1704353342000)/",24000,900,7810100,188960000000,-200,true,-0.83
"NKG",143028,"/Date(1704353342000)/",24000,100,7809200,188939000000,-200,true,-0.83
"NKG",143028,"/Date(1704353342000)/",24000,5000,7809100,188936000000,-200,true,-0.83
"NKG",143028,"/Date(1704353342000)/",24000,500,7804100,188816000000,-200,true,-0.83
"NKG",143028,"/Date(1704353342000)/",24000,2000,7803600,188804000000,-200,true,-0.83
"NKG",143028,"/Date(1704353342000)/",24000,100,7801600,188756000000,-200,true,-0.83
"NKG",143028,"/Date(1704353342000)/",24000,1000,7801500,188754000000,-200,true,-0.83
"NKG",143028,"/Date(1704353342000)/",24000,500,7800500,188730000000,-200,true,-0.83
"NKG",143028,"/Date(1704353342000)/",24000,300,7800000,188718000000,-200,true,-0.83
"NKG",143028,"/Date(1704353342000)/",24000,200,7799700,188711000000,-200,true,-0.83
"NKG",143028,"/Date(1704353342000)/",24000,500,7799500,188706000000,-200,true,-0.83
"NKG",143028,"/Date(1704353342000)/",24000,500,7799000,188694000000,-200,true,-0.83
"NKG",143028,"/Date(1704353342000)/",24000,1000,7798500,188682000000,-200,true,-0.83
"NKG",143028,"/Date(1704353342000)/",24000,100,7797500,188658000000,-200,true,-0.83
"NKG",143028,"/Date(1704353342000)/",24000,200,7797400,188655000000,-200,true,-0.83
"NKG",143028,"/Date(1704353342000)/",24000,400,7797200,188651000000,-200,true,-0.83
"NKG",143028,"/Date(1704353342000)/",24000,100,7796800,188641000000,-200,true,-0.83
"NKG",143028,"/Date(1704353342000)/",24000,100,7796700,188639000000,-200,true,-0.83
"NKG",143028,"/Date(1704353342000)/",24000,900,7796600,188636000000,-200,true,-0.83
"NKG",143028,"/Date(1704353342000)/",24000,500,7795700,188615000000,-200,true,-0.83
"NKG",143028,"/Date(1704353342000)/",24000,2000,7795200,188603000000,-200,true,-0.83
"NKG",143028,"/Date(1704353342000)/",24000,800,7793200,188555000000,-200,true,-0.83
"NKG",143028,"/Date(1704353342000)/",24000,1000,7792400,188535000000,-200,true,-0.83
"NKG",143028,"/Date(1704353342000)/",24000,400,7791400,188511000000,-200,true,-0.83
"NKG",143028,"/Date(1704353342000)/",24000,100,7791000,188502000000,-200,true,-0.83
"NKG",143028,"/Date(1704353342000)/",24000,400,7790900,188499000000,-200,true,-0.83
"NKG",143028,"/Date(1704353342000)/",24000,1000,7790500,188490000000,-200,true,-0.83
"NKG",143028,"/Date(1704353342000)/",24000,200,7789500,188466000000,-200,true,-0.83
"NKG",143028,"/Date(1704353342000)/",24000,300,7789300,188461000000,-200,true,-0.83
"NKG",143028,"/Date(1704353342000)/",24000,200,7789000,188454000000,-200,true,-0.83
"NKG",143028,"/Date(1704353342000)/",24000,200,7788800,188449000000,-200,true,-0.83
"NKG",143028,"/Date(1704353342000)/",24000,300,7788600,188444000000,-200,true,-0.83
"NKG",143028,"/Date(1704353342000)/",24000,1000,7788300,188437000000,-200,true,-0.83
"NKG",143028,"/Date(1704353342000)/",24000,1000,7787300,188413000000,-200,true,-0.83
"NKG",143028,"/Date(1704353342000)/",24000,200,7786300,188389000000,-200,true,-0.83
"NKG",143028,"/Date(1704353342000)/",24000,400,7786100,188384000000,-200,true,-0.83
"NKG",143028,"/Date(1704353342000)/",24000,100,7785700,188375000000,-200,true,-0.83
"NKG",143028,"/Date(1704353342000)/",24000,1000,7785600,188372000000,-200,true,-0.83
"NKG",143028,"/Date(1704353342000)/",24000,200,7784600,188348000000,-200,true,-0.83
"NKG",143028,"/Date(1704353342000)/",24000,500,7784400,188343000000,-200,true,-0.83
"NKG",143028,"/Date(1704353342000)/",24000,100,7783900,188331000000,-200,true,-0.83
"NKG",143028,"/Date(1704353342000)/",24000,300,7783800,188329000000,-200,true,-0.83
"NKG",143028,"/Date(1704353342000)/",24000,100,7783500,188322000000,-200,true,-0.83
"NKG",143028,"/Date(1704353342000)/",24000,100,7783400,188319000000,-200,true,-0.83
"NKG",143028,"/Date(1704353342000)/",24000,900,7783300,188317000000,-200,true,-0.83
"NKG",143028,"/Date(1704353342000)/",24000,100,7782400,188295000000,-200,true,-0.83
"NKG",143028,"/Date(1704353342000)/",24000,5000,7782300,188293000000,-200,true,-0.83
"NKG",143028,"/Date(1704353342000)/",24000,10000,7777300,188173000000,-200,true,-0.83
"NKG",143028,"/Date(1704353342000)/",24000,100,7767300,187933000000,-200,true,-0.83
"NKG",143028,"/Date(1704353342000)/",24000,200,7767200,187931000000,-200,true,-0.83
"NKG",143028,"/Date(1704353342000)/",24000,400,7767000,187926000000,-200,true,-0.83
"NKG",143028,"/Date(1704353342000)/",24000,2000,7766600,187916000000,-200,true,-0.83
"NKG",143028,"/Date(1704353342000)/",24000,100,7764600,187868000000,-200,true,-0.83
"NKG",143028,"/Date(1704353342000)/",24000,100,7764500,187866000000,-200,true,-0.83
"NKG",143028,"/Date(1704353342000)/",24000,100,7764400,187863000000,-200,true,-0.83
"NKG",143028,"/Date(1704353342000)/",24000,1000,7764300,187861000000,-200,true,-0.83
"NKG",143028,"/Date(1704353342000)/",24000,100,7763300,187837000000,-200,true,-0.83
"NKG",143028,"/Date(1704353342000)/",24000,20000,7763200,187835000000,-200,true,-0.83
"NKG",143028,"/Date(1704353342000)/",24000,500,7743200,187355000000,-200,true,-0.83
"NKG",143028,"/Date(1704353342000)/",24000,1000,7742700,187343000000,-200,true,-0.83
"NKG",143028,"/Date(1704353342000)/",24000,100,7741700,187319000000,-200,true,-0.83
"NKG",143028,"/Date(1704353342000)/",24000,1000,7741600,187316000000,-200,true,-0.83
"NKG",143028,"/Date(1704353342000)/",24000,600,7740600,187292000000,-200,true,-0.83
"NKG",143028,"/Date(1704353342000)/",24000,1000,7740000,187278000000,-200,true,-0.83
"NKG",143028,"/Date(1704353342000)/",24000,1000,7739000,187254000000,-200,true,-0.83
"NKG",143028,"/Date(1704353342000)/",24000,200,7738000,187230000000,-200,true,-0.83
"NKG",143028,"/Date(1704353342000)/",24000,1000,7737800,187225000000,-200,true,-0.83
"NKG",143028,"/Date(1704353342000)/",24000,5000,7736800,187201000000,-200,true,-0.83
"NKG",143028,"/Date(1704353342000)/",24000,1000,7731800,187081000000,-200,true,-0.83
"NKG",143028,"/Date(1704353342000)/",24000,1000,7730800,187057000000,-200,true,-0.83
"NKG",143028,"/Date(1704353342000)/",24000,500,7729800,187033000000,-200,true,-0.83
"NKG",143028,"/Date(1704353342000)/",24000,100,7729300,187021000000,-200,true,-0.83
"NKG",143028,"/Date(1704353342000)/",24000,300,7729200,187019000000,-200,true,-0.83
"NKG",143028,"/Date(1704353342000)/",24000,500,7728900,187011000000,-200,true,-0.83
"NKG",143028,"/Date(1704353342000)/",24000,1700,7728400,186999000000,-200,true,-0.83
"NKG",143028,"/Date(1704353342000)/",24000,100,7726700,186959000000,-200,true,-0.83
"NKG",143028,"/Date(1704353342000)/",24000,100,7726600,186956000000,-200,true,-0.83
"NKG",143028,"/Date(1704353342000)/",24000,500,7726500,186954000000,-200,true,-0.83
"NKG",143028,"/Date(1704353342000)/",24000,300,7726000,186942000000,-200,true,-0.83
"NKG",143028,"/Date(1704353342000)/",24000,1000,7725700,186935000000,-200,true,-0.83
"NKG",143028,"/Date(1704353342000)/",24000,5000,7724700,186911000000,-200,true,-0.83
"NKG",143028,"/Date(1704353342000)/",24000,500,7719700,186791000000,-200,true,-0.83
"NKG",143028,"/Date(1704353342000)/",24000,200,7719200,186779000000,-200,true,-0.83
"NKG",143028,"/Date(1704353342000)/",24000,200,7719000,186774000000,-200,true,-0.83
"NKG",143028,"/Date(1704353342000)/",24000,500,7718800,186769000000,-200,true,-0.83
"NKG",143028,"/Date(1704353342000)/",24000,100,7718300,186757000000,-200,true,-0.83
"NKG",143028,"/Date(1704353342000)/",24000,500,7718200,186755000000,-200,true,-0.83
"NKG",143028,"/Date(1704353342000)/",24000,200,7717700,186743000000,-200,true,-0.83
"NKG",143028,"/Date(1704353342000)/",24000,100,7717500,186738000000,-200,true,-0.83
"NKG",143028,"/Date(1704353342000)/",24000,200,7717400,186735000000,-200,true,-0.83
"NKG",143028,"/Date(1704353342000)/",24000,1100,7717200,186731000000,-200,true,-0.83
"NKG",143028,"/Date(1704353342000)/",24000,1000,7716100,186704000000,-200,true,-0.83
"NKG",143028,"/Date(1704353342000)/",24000,10000,7715100,186680000000,-200,true,-0.83
"NKG",143028,"/Date(1704353342000)/",24000,500,7705100,186440000000,-200,true,-0.83
"NKG",143028,"/Date(1704353342000)/",24000,20000,7704600,186428000000,-200,true,-0.83
"NKG",143028,"/Date(1704353342000)/",24000,400,7684600,185948000000,-200,true,-0.83
"NKG",143028,"/Date(1704353342000)/",24000,100,7684200,185939000000,-200,true,-0.83
"NKG",143028,"/Date(1704353342000)/",24000,300,7684100,185936000000,-200,true,-0.83
"NKG",143028,"/Date(1704353342000)/",24000,500,7683800,185929000000,-200,true,-0.83
"NKG",143028,"/Date(1704353342000)/",24000,500,7683300,185917000000,-200,true,-0.83
"NKG",143028,"/Date(1704353342000)/",24000,3000,7682800,185905000000,-200,true,-0.83
"NKG",143028,"/Date(1704353342000)/",24000,300,7679800,185833000000,-200,true,-0.83
"NKG",143028,"/Date(1704353342000)/",24000,200,7679500,185826000000,-200,true,-0.83
"NKG",143028,"/Date(1704353342000)/",24000,1000,7679300,185821000000,-200,true,-0.83
"NKG",143028,"/Date(1704353342000)/",24000,500,7678300,185797000000,-200,true,-0.83
"NKG",143028,"/Date(1704353342000)/",24000,700,7677800,185785000000,-200,true,-0.83
"NKG",143028,"/Date(1704353342000)/",24000,10000,7677100,185768000000,-200,true,-0.83
"NKG",143028,"/Date(1704353342000)/",24000,1000,7667100,185528000000,-200,true,-0.83
"NKG",143028,"/Date(1704353342000)/",24000,500,7666100,185504000000,-200,true,-0.83
"NKG",143028,"/Date(1704353342000)/",24000,500,7665600,185492000000,-200,true,-0.83
"NKG",143028,"/Date(1704353342000)/",24000,500,7665100,185480000000,-200,true,-0.83
"NKG",143028,"/Date(1704353342000)/",24000,2000,7664600,185468000000,-200,true,-0.83
"NKG",143028,"/Date(1704353342000)/",24000,1000,7662600,185420000000,-200,true,-0.83
"NKG",143028,"/Date(1704353342000)/",24000,10000,7661600,185396000000,-200,true,-0.83
"NKG",143028,"/Date(1704353342000)/",24000,100,7651600,185156000000,-200,true,-0.83
"NKG",143028,"/Date(1704353342000)/",24000,1000,7651500,185154000000,-200,true,-0.83
"NKG",143028,"/Date(1704353342000)/",24000,200,7650500,185130000000,-200,true,-0.83
"NKG",143028,"/Date(1704353342000)/",24000,500,7650300,185125000000,-200,true,-0.83
"NKG",143028,"/Date(1704353342000)/",24000,300,7649800,185113000000,-200,true,-0.83
"NKG",143028,"/Date(1704353342000)/",24000,100,7649500,185106000000,-200,true,-0.83
"NKG",143028,"/Date(1704353342000)/",24000,500,7649400,185103000000,-200,true,-0.83
"NKG",143028,"/Date(1704353342000)/",24000,300,7648900,185091000000,-200,true,-0.83
"NKG",143028,"/Date(1704353342000)/",24000,100,7648600,185084000000,-200,true,-0.83
"NKG",143028,"/Date(1704353342000)/",24000,500,7648500,185082000000,-200,true,-0.83
"NKG",143028,"/Date(1704353342000)/",24000,5000,7648000,185070000000,-200,true,-0.83
"NKG",143028,"/Date(1704353342000)/",24000,500,7643000,184950000000,-200,true,-0.83
"NKG",143028,"/Date(1704353342000)/",24000,300,7642500,184938000000,-200,true,-0.83
"NKG",143028,"/Date(1704353342000)/",24000,100,7642200,184931000000,-200,true,-0.83
"NKG",143028,"/Date(1704353342000)/",24000,2000,7642100,184928000000,-200,true,-0.83
"NKG",143028,"/Date(1704353342000)/",24000,100,7640100,184880000000,-200,true,-0.83
"NKG",143028,"/Date(1704353342000)/",24000,100,7640000,184878000000,-200,true,-0.83
"NKG",143028,"/Date(1704353342000)/",24000,500,7639900,184875000000,-200,true,-0.83
"NKG",143028,"/Date(1704353342000)/",24000,4200,7639400,184863000000,-200,true,-0.83
"NKG",143025,"/Date(1704353340000)/",24050,3500,7635200,184763000000,-150,false,-0.62
"NKG",143025,"/Date(1704353340000)/",24050,500,7631700,184678000000,-150,false,-0.62
"NKG",143025,"/Date(1704353339000)/",24050,100,7631200,184666000000,-150,false,-0.62
"NKG",143021,"/Date(1704353335000)/",24050,100,7631100,184664000000,-150,false,-0.62
"NKG",143021,"/Date(1704353335000)/",24000,15800,7631000,184662000000,-200,true,-0.83
"NKG",143021,"/Date(1704353335000)/",24000,100,7615200,184282000000,-200,true,-0.83
"NKG",143021,"/Date(1704353335000)/",24000,100,7615100,184280000000,-200,true,-0.83
"NKG",143021,"/Date(1704353335000)/",24000,3000,7615000,184278000000,-200,true,-0.83
"NKG",143021,"/Date(1704353335000)/",24000,5000,7612000,184206000000,-200,true,-0.83
"NKG",143021,"/Date(1704353335000)/",24000,6600,7607000,184086000000,-200,true,-0.83
"NKG",143021,"/Date(1704353335000)/",24000,300,7600400,183927000000,-200,true,-0.83
"NKG",143021,"/Date(1704353335000)/",24000,100,7600100,183920000000,-200,true,-0.83
"NKG",143021,"/Date(1704353335000)/",24000,100,7600000,183918000000,-200,true,-0.83
"NKG",143021,"/Date(1704353335000)/",24000,100,7599900,183915000000,-200,true,-0.83
"NKG",143021,"/Date(1704353335000)/",24000,2000,7599800,183913000000,-200,true,-0.83
"NKG",143021,"/Date(1704353335000)/",24000,700,7597800,183865000000,-200,true,-0.83
"NKG",143021,"/Date(1704353335000)/",24000,20000,7597100,183848000000,-200,true,-0.83
"NKG",143021,"/Date(1704353335000)/",24000,3000,7577100,183368000000,-200,true,-0.83
"NKG",143021,"/Date(1704353335000)/",24000,100,7574100,183296000000,-200,true,-0.83
"NKG",143021,"/Date(1704353335000)/",24000,800,7574000,183294000000,-200,true,-0.83
"NKG",143021,"/Date(1704353335000)/",24000,100,7573200,183274000000,-200,true,-0.83
"NKG",143021,"/Date(1704353335000)/",24000,200,7573100,183272000000,-200,true,-0.83
"NKG",143021,"/Date(1704353335000)/",24000,1000,7572900,183267000000,-200,true,-0.83
"NKG",143021,"/Date(1704353335000)/",24000,100,7571900,183243000000,-200,true,-0.83
"NKG",143021,"/Date(1704353335000)/",24000,1000,7571800,183241000000,-200,true,-0.83
"NKG",143021,"/Date(1704353335000)/",24000,200,7570800,183217000000,-200,true,-0.83
"NKG",143021,"/Date(1704353335000)/",24000,300,7570600,183212000000,-200,true,-0.83
"NKG",143021,"/Date(1704353335000)/",24000,500,7570300,183205000000,-200,true,-0.83
"NKG",143021,"/Date(1704353335000)/",24000,1000,7569800,183193000000,-200,true,-0.83
"NKG",143021,"/Date(1704353335000)/",24000,200,7568800,183169000000,-200,true,-0.83
"NKG",143021,"/Date(1704353335000)/",24000,100,7568600,183164000000,-200,true,-0.83
"NKG",143021,"/Date(1704353335000)/",24000,100,7568500,183162000000,-200,true,-0.83
"NKG",143021,"/Date(1704353335000)/",24000,100,7568400,183159000000,-200,true,-0.83
"NKG",143021,"/Date(1704353335000)/",24000,1000,7568300,183157000000,-200,true,-0.83
"NKG",143021,"/Date(1704353335000)/",24000,2000,7567300,183133000000,-200,true,-0.83
"NKG",143021,"/Date(1704353335000)/",24000,300,7565300,183085000000,-200,true,-0.83
"NKG",143021,"/Date(1704353335000)/",24000,100,7565000,183078000000,-200,true,-0.83
"NKG",143021,"/Date(1704353335000)/",24000,1000,7564900,183075000000,-200,true,-0.83
"NKG",143021,"/Date(1704353335000)/",24000,1000,7563900,183051000000,-200,true,-0.83
"NKG",143021,"/Date(1704353335000)/",24000,200,7562900,183027000000,-200,true,-0.83
"NKG",143021,"/Date(1704353335000)/",24000,1000,7562700,183022000000,-200,true,-0.83
"NKG",143021,"/Date(1704353335000)/",24000,200,7561700,182998000000,-200,true,-0.83
"NKG",143021,"/Date(1704353335000)/",24000,500,7561500,182994000000,-200,true,-0.83
"NKG",143021,"/Date(1704353335000)/",24000,100,7561000,182982000000,-200,true,-0.83
"NKG",143021,"/Date(1704353335000)/",24000,200,7560900,182979000000,-200,true,-0.83
"NKG",143021,"/Date(1704353335000)/",24000,500,7560700,182974000000,-200,true,-0.83
"NKG",143021,"/Date(1704353335000)/",24000,200,7560200,182962000000,-200,true,-0.83
"NKG",143021,"/Date(1704353335000)/",24000,1500,7560000,182958000000,-200,true,-0.83
"NKG",143021,"/Date(1704353335000)/",24000,100,7558500,182922000000,-200,true,-0.83
"NKG",143021,"/Date(1704353335000)/",24000,100,7558400,182919000000,-200,true,-0.83
"NKG",143021,"/Date(1704353335000)/",24000,200,7558300,182917000000,-200,true,-0.83
"NKG",143021,"/Date(1704353335000)/",24000,1000,7558100,182912000000,-200,true,-0.83
"NKG",143021,"/Date(1704353335000)/",24000,500,7557100,182888000000,-200,true,-0.83
"NKG",143021,"/Date(1704353335000)/",24000,500,7556600,182876000000,-200,true,-0.83
"NKG",143021,"/Date(1704353335000)/",24000,500,7556100,182864000000,-200,true,-0.83
"NKG",143021,"/Date(1704353335000)/",24000,300,7555600,182852000000,-200,true,-0.83
"NKG",143021,"/Date(1704353335000)/",24000,100,7555300,182845000000,-200,true,-0.83
"NKG",143021,"/Date(1704353335000)/",24000,100,7555200,182842000000,-200,true,-0.83
"NKG",143021,"/Date(1704353335000)/",24000,1000,7555100,182840000000,-200,true,-0.83
"NKG",143021,"/Date(1704353335000)/",24000,900,7554100,182816000000,-200,true,-0.83
"NKG",143021,"/Date(1704353335000)/",24000,7000,7553200,182794000000,-200,true,-0.83
"NKG",143021,"/Date(1704353335000)/",24000,1000,7546200,182626000000,-200,true,-0.83
"NKG",143021,"/Date(1704353335000)/",24000,500,7545200,182602000000,-200,true,-0.83
"NKG",143021,"/Date(1704353335000)/",24000,1000,7544700,182590000000,-200,true,-0.83
"NKG",143021,"/Date(1704353335000)/",24000,50000,7543700,182566000000,-200,true,-0.83
"NKG",143021,"/Date(1704353335000)/",24000,500,7493700,181366000000,-200,true,-0.83
"NKG",143021,"/Date(1704353335000)/",24000,2000,7493200,181354000000,-200,true,-0.83
"NKG",143021,"/Date(1704353335000)/",24000,1000,7491200,181306000000,-200,true,-0.83
"NKG",143021,"/Date(1704353335000)/",24000,100,7490200,181282000000,-200,true,-0.83
"NKG",143021,"/Date(1704353335000)/",24000,100,7490100,181280000000,-200,true,-0.83
"NKG",143021,"/Date(1704353335000)/",24000,100,7490000,181278000000,-200,true,-0.83
"NKG",143021,"/Date(1704353335000)/",24000,500,7489900,181275000000,-200,true,-0.83
"NKG",143021,"/Date(1704353335000)/",24000,400,7489400,181263000000,-200,true,-0.83
"NKG",143021,"/Date(1704353335000)/",24000,300,7489000,181254000000,-200,true,-0.83
"NKG",143021,"/Date(1704353335000)/",24000,7700,7488700,181246000000,-200,true,-0.83
"NKG",143021,"/Date(1704353335000)/",24050,200,7481000,181062000000,-150,false,-0.62
"NKG",143018,"/Date(1704353331000)/",24050,100,7480800,181057000000,-150,false,-0.62
"NKG",143012,"/Date(1704353325000)/",24050,100,7480700,181054000000,-150,false,-0.62
"NKG",143012,"/Date(1704353324000)/",24000,100,7480600,181052000000,-200,true,-0.83
"NKG",143012,"/Date(1704353324000)/",24000,1000,7480500,181049000000,-200,true,-0.83
"NKG",143012,"/Date(1704353324000)/",24050,300,7479500,181025000000,-150,false,-0.62
"NKG",143012,"/Date(1704353323000)/",24050,100,7479200,181018000000,-150,false,-0.62
"NKG",143009,"/Date(1704353320000)/",24000,500,7479100,181016000000,-200,true,-0.83
"NKG",143009,"/Date(1704353319000)/",24000,500,7478600,181004000000,-200,true,-0.83
"NKG",143005,"/Date(1704353318000)/",24050,100,7478100,180992000000,-150,false,-0.62
"NKG",143002,"/Date(1704353317000)/",24050,2000,7478000,180989000000,-150,false,-0.62
"NKG",143002,"/Date(1704353317000)/",24000,200,7476000,180941000000,-200,true,-0.83
"NKG",143002,"/Date(1704353317000)/",24000,10000,7475800,180937000000,-200,true,-0.83
"NKG",143002,"/Date(1704353317000)/",24000,1000,7465800,180697000000,-200,true,-0.83
"NKG",143002,"/Date(1704353317000)/",24000,2000,7464800,180673000000,-200,true,-0.83
"NKG",143002,"/Date(1704353317000)/",24000,100,7462800,180625000000,-200,true,-0.83
"NKG",143002,"/Date(1704353317000)/",24000,100,7462700,180622000000,-200,true,-0.83
"NKG",143002,"/Date(1704353317000)/",24000,500,7462600,180620000000,-200,true,-0.83
"NKG",143002,"/Date(1704353317000)/",24000,100,7462100,180608000000,-200,true,-0.83
"NKG",143002,"/Date(1704353317000)/",24000,200,7462000,180605000000,-200,true,-0.83
"NKG",143002,"/Date(1704353317000)/",24000,200,7461800,180601000000,-200,true,-0.83
"NKG",143002,"/Date(1704353317000)/",24000,100,7461600,180596000000,-200,true,-0.83
"NKG",143002,"/Date(1704353317000)/",24000,5000,7461500,180593000000,-200,true,-0.83
"NKG",143002,"/Date(1704353317000)/",24000,200,7456500,180473000000,-200,true,-0.83
"NKG",143002,"/Date(1704353317000)/",24000,100,7456300,180469000000,-200,true,-0.83
"NKG",143002,"/Date(1704353317000)/",24000,100,7456200,180466000000,-200,true,-0.83
"NKG",143002,"/Date(1704353317000)/",24000,100,7456100,180464000000,-200,true,-0.83
"NKG",143002,"/Date(1704353317000)/",24000,100,7456000,180461000000,-200,true,-0.83
"NKG",143002,"/Date(1704353317000)/",24000,1000,7455900,180459000000,-200,true,-0.83
"NKG",143002,"/Date(1704353317000)/",24000,100,7454900,180435000000,-200,true,-0.83
"NKG",143002,"/Date(1704353317000)/",24000,200,7454800,180433000000,-200,true,-0.83
"NKG",143002,"/Date(1704353317000)/",24000,3000,7454600,180428000000,-200,true,-0.83
"NKG",143002,"/Date(1704353317000)/",24000,100,7451600,180356000000,-200,true,-0.83
"NKG",143002,"/Date(1704353317000)/",24000,1000,7451500,180353000000,-200,true,-0.83
"NKG",143002,"/Date(1704353317000)/",24000,1000,7450500,180329000000,-200,true,-0.83
"NKG",143002,"/Date(1704353317000)/",24000,100,7449500,180305000000,-200,true,-0.83
"NKG",143002,"/Date(1704353317000)/",24000,1000,7449400,180303000000,-200,true,-0.83
"NKG",143002,"/Date(1704353317000)/",24000,800,7448400,180279000000,-200,true,-0.83
"NKG",143002,"/Date(1704353317000)/",24000,2900,7447600,180260000000,-200,true,-0.83
"NKG",143002,"/Date(1704353317000)/",24000,7100,7444700,180190000000,-200,true,-0.83
"NKG",143002,"/Date(1704353317000)/",24000,400,7437600,180020000000,-200,true,-0.83
"NKG",143002,"/Date(1704353315000)/",24000,100,7437200,180010000000,-200,true,-0.83
"NKG",142959,"/Date(1704353314000)/",24050,500,7437100,180008000000,-150,false,-0.62
"NKG",142959,"/Date(1704353314000)/",24000,7200,7436600,179996000000,-200,true,-0.83
"NKG",142956,"/Date(1704353310000)/",24050,2000,7429400,179823000000,-150,false,-0.62
"NKG",142956,"/Date(1704353310000)/",24000,500,7427400,179775000000,-200,true,-0.83
"NKG",142949,"/Date(1704353304000)/",24050,200,7426900,179763000000,-150,true,-0.62
"NKG",142949,"/Date(1704353304000)/",24050,200,7426700,179758000000,-150,true,-0.62
"NKG",142949,"/Date(1704353304000)/",24050,500,7426500,179753000000,-150,true,-0.62
"NKG",142949,"/Date(1704353304000)/",24050,300,7426000,179741000000,-150,true,-0.62
"NKG",142949,"/Date(1704353304000)/",24050,1000,7425700,179734000000,-150,true,-0.62
"NKG",142949,"/Date(1704353304000)/",24050,100,7424700,179710000000,-150,true,-0.62
"NKG",142949,"/Date(1704353304000)/",24050,100,7424600,179708000000,-150,true,-0.62
"NKG",142949,"/Date(1704353304000)/",24050,100,7424500,179705000000,-150,true,-0.62
"NKG",142949,"/Date(1704353304000)/",24050,100,7424400,179703000000,-150,true,-0.62
"NKG",142949,"/Date(1704353304000)/",24050,100,7424300,179700000000,-150,true,-0.62
"NKG",142949,"/Date(1704353304000)/",24050,100,7424200,179698000000,-150,true,-0.62
"NKG",142949,"/Date(1704353304000)/",24050,1000,7424100,179695000000,-150,true,-0.62
"NKG",142949,"/Date(1704353304000)/",24050,1000,7423100,179671000000,-150,true,-0.62
"NKG",142949,"/Date(1704353304000)/",24050,200,7422100,179647000000,-150,true,-0.62
"NKG",142949,"/Date(1704353304000)/",24050,200,7421900,179643000000,-150,true,-0.62
"NKG",142949,"/Date(1704353304000)/",24050,1000,7421700,179638000000,-150,true,-0.62
"NKG",142949,"/Date(1704353304000)/",24050,2500,7420700,179614000000,-150,true,-0.62
"NKG",142949,"/Date(1704353304000)/",24050,100,7418200,179554000000,-150,true,-0.62
"NKG",142949,"/Date(1704353304000)/",24050,100,7418100,179551000000,-150,true,-0.62
"NKG",142949,"/Date(1704353304000)/",24050,100,7418000,179549000000,-150,true,-0.62
"NKG",142949,"/Date(1704353304000)/",24050,100,7417900,179546000000,-150,true,-0.62
"NKG",142949,"/Date(1704353304000)/",24050,100,7417800,179544000000,-150,true,-0.62
"NKG",142949,"/Date(1704353304000)/",24050,500,7417700,179542000000,-150,true,-0.62
"NKG",142949,"/Date(1704353304000)/",24050,500,7417200,179530000000,-150,true,-0.62
"NKG",142949,"/Date(1704353304000)/",24050,500,7416700,179518000000,-150,true,-0.62
"NKG",142949,"/Date(1704353304000)/",24050,2000,7416200,179506000000,-150,true,-0.62
"NKG",142949,"/Date(1704353304000)/",24050,100,7414200,179457000000,-150,true,-0.62
"NKG",142949,"/Date(1704353304000)/",24050,1000,7414100,179455000000,-150,true,-0.62
"NKG",142949,"/Date(1704353304000)/",24050,400,7413100,179431000000,-150,true,-0.62
"NKG",142949,"/Date(1704353304000)/",24050,200,7412700,179421000000,-150,true,-0.62
"NKG",142949,"/Date(1704353304000)/",24050,100,7412500,179417000000,-150,true,-0.62
"NKG",142949,"/Date(1704353304000)/",24050,300,7412400,179414000000,-150,true,-0.62
"NKG",142949,"/Date(1704353304000)/",24050,100,7412100,179407000000,-150,true,-0.62
"NKG",142949,"/Date(1704353304000)/",24050,400,7412000,179404000000,-150,true,-0.62
"NKG",142949,"/Date(1704353304000)/",24050,100,7411600,179395000000,-150,true,-0.62
"NKG",142949,"/Date(1704353304000)/",24050,100,7411500,179392000000,-150,true,-0.62
"NKG",142949,"/Date(1704353304000)/",24050,5000,7411400,179390000000,-150,true,-0.62
"NKG",142949,"/Date(1704353304000)/",24050,10000,7406400,179270000000,-150,true,-0.62
"NKG",142949,"/Date(1704353304000)/",24050,100,7396400,179029000000,-150,true,-0.62
"NKG",142949,"/Date(1704353304000)/",24050,100,7396300,179027000000,-150,true,-0.62
"NKG",142949,"/Date(1704353304000)/",24050,100,7396200,179025000000,-150,true,-0.62
"NKG",142949,"/Date(1704353304000)/",24050,500,7396100,179022000000,-150,true,-0.62
"NKG",142949,"/Date(1704353304000)/",24050,2000,7395600,179010000000,-150,true,-0.62
"NKG",142949,"/Date(1704353304000)/",24050,200,7393600,178962000000,-150,true,-0.62
"NKG",142949,"/Date(1704353304000)/",24050,100,7393400,178957000000,-150,true,-0.62
"NKG",142949,"/Date(1704353304000)/",24050,27900,7393300,178955000000,-150,true,-0.62
"NKG",142949,"/Date(1704353304000)/",24050,10000,7365400,178284000000,-150,true,-0.62
"NKG",142949,"/Date(1704353304000)/",24050,100,7355400,178043000000,-150,true,-0.62
"NKG",142949,"/Date(1704353304000)/",24050,200,7355300,178041000000,-150,true,-0.62
"NKG",142949,"/Date(1704353304000)/",24050,500,7355100,178036000000,-150,true,-0.62
"NKG",142949,"/Date(1704353304000)/",24050,100,7354600,178024000000,-150,true,-0.62
"NKG",142949,"/Date(1704353304000)/",24050,100,7354500,178022000000,-150,true,-0.62
"NKG",142949,"/Date(1704353304000)/",24050,300,7354400,178019000000,-150,true,-0.62
"NKG",142949,"/Date(1704353304000)/",24050,100,7354100,178012000000,-150,true,-0.62
"NKG",142949,"/Date(1704353304000)/",24050,500,7354000,178010000000,-150,true,-0.62
"NKG",142949,"/Date(1704353304000)/",24050,200,7353500,177998000000,-150,true,-0.62
"NKG",142949,"/Date(1704353302000)/",24050,100,7353300,177993000000,-150,true,-0.62
"NKG",142949,"/Date(1704353302000)/",24050,2100,7353200,177990000000,-150,true,-0.62
"NKG",142949,"/Date(1704353302000)/",24050,5300,7351100,177940000000,-150,true,-0.62
"NKG",142949,"/Date(1704353302000)/",24050,2700,7345800,177812000000,-150,true,-0.62
"NKG",142949,"/Date(1704353302000)/",24050,2000,7343100,177747000000,-150,true,-0.62
"NKG",142949,"/Date(1704353302000)/",24050,100,7341100,177699000000,-150,true,-0.62
"NKG",142949,"/Date(1704353302000)/",24050,100,7341000,177697000000,-150,true,-0.62
"NKG",142949,"/Date(1704353302000)/",24050,500,7340900,177695000000,-150,true,-0.62
"NKG",142949,"/Date(1704353302000)/",24050,200,7340400,177683000000,-150,true,-0.62
"NKG",142949,"/Date(1704353302000)/",24050,500,7340200,177678000000,-150,true,-0.62
"NKG",142949,"/Date(1704353302000)/",24050,5000,7339700,177666000000,-150,true,-0.62
"NKG",142949,"/Date(1704353302000)/",24050,3100,7334700,177545000000,-150,true,-0.62
"NKG",142949,"/Date(1704353302000)/",24050,6900,7331600,177471000000,-150,true,-0.62
"NKG",142949,"/Date(1704353302000)/",24050,1000,7324700,177305000000,-150,true,-0.62
"NKG",142949,"/Date(1704353302000)/",24050,1000,7323700,177281000000,-150,true,-0.62
"NKG",142949,"/Date(1704353302000)/",24050,1000,7322700,177257000000,-150,true,-0.62
"NKG",142949,"/Date(1704353302000)/",24050,100,7321700,177233000000,-150,true,-0.62
"NKG",142949,"/Date(1704353302000)/",24050,1000,7321600,177230000000,-150,true,-0.62
"NKG",142949,"/Date(1704353302000)/",24050,400,7320600,177206000000,-150,true,-0.62
"NKG",142949,"/Date(1704353302000)/",24050,500,7320200,177197000000,-150,true,-0.62
"NKG",142949,"/Date(1704353302000)/",24050,700,7319700,177185000000,-150,true,-0.62
"NKG",142949,"/Date(1704353302000)/",24050,500,7319000,177168000000,-150,true,-0.62
"NKG",142949,"/Date(1704353302000)/",24050,100,7318500,177156000000,-150,true,-0.62
"NKG",142949,"/Date(1704353302000)/",24050,100,7318400,177153000000,-150,true,-0.62
"NKG",142949,"/Date(1704353302000)/",24050,200,7318300,177151000000,-150,true,-0.62
"NKG",142949,"/Date(1704353302000)/",24050,100,7318100,177146000000,-150,true,-0.62
"NKG",142949,"/Date(1704353302000)/",24050,1000,7318000,177144000000,-150,true,-0.62
"NKG",142949,"/Date(1704353302000)/",24050,200,7317000,177120000000,-150,true,-0.62
"NKG",142949,"/Date(1704353302000)/",24050,500,7316800,177115000000,-150,true,-0.62
"NKG",142949,"/Date(1704353302000)/",24050,1000,7316300,177103000000,-150,true,-0.62
"NKG",142949,"/Date(1704353302000)/",24050,500,7315300,177079000000,-150,true,-0.62
"NKG",142949,"/Date(1704353302000)/",24050,100,7314800,177067000000,-150,true,-0.62
"NKG",142949,"/Date(1704353302000)/",24050,100,7314700,177064000000,-150,true,-0.62
"NKG",142946,"/Date(1704353301000)/",24050,100,7314600,177062000000,-150,true,-0.62
"NKG",142946,"/Date(1704353301000)/",24050,600,7314500,177060000000,-150,true,-0.62
"NKG",142946,"/Date(1704353301000)/",24050,400,7313900,177045000000,-150,true,-0.62
"NKG",142946,"/Date(1704353301000)/",24050,100,7313500,177036000000,-150,true,-0.62
"NKG",142946,"/Date(1704353301000)/",24050,500,7313400,177033000000,-150,true,-0.62
"NKG",142940,"/Date(1704353293000)/",24100,2000,7312900,177021000000,-100,false,-0.41
"NKG",142937,"/Date(1704353290000)/",24100,300,7310900,176973000000,-100,false,-0.41
"NKG",142933,"/Date(1704353287000)/",24100,1500,7310600,176966000000,-100,false,-0.41
"NKG",142933,"/Date(1704353287000)/",24100,7200,7309100,176930000000,-100,false,-0.41
"NKG",142933,"/Date(1704353287000)/",24100,2000,7301900,176756000000,-100,false,-0.41
"NKG",142933,"/Date(1704353287000)/",24100,800,7299900,176708000000,-100,false,-0.41
"NKG",142933,"/Date(1704353286000)/",24100,500,7299100,176689000000,-100,false,-0.41
"NKG",142924,"/Date(1704353278000)/",24100,100,7298600,176677000000,-100,false,-0.41
"NKG",142924,"/Date(1704353277000)/",24100,100,7298500,176674000000,-100,false,-0.41
"NKG",142921,"/Date(1704353274000)/",24100,1000,7298400,176672000000,-100,false,-0.41
"NKG",142917,"/Date(1704353271000)/",24100,500,7297400,176648000000,-100,true,-0.41
"NKG",142914,"/Date(1704353270000)/",24100,2500,7296900,176636000000,-100,true,-0.41
"NKG",142914,"/Date(1704353270000)/",24100,1100,7294400,176575000000,-100,true,-0.41
"NKG",142914,"/Date(1704353270000)/",24100,100,7293300,176549000000,-100,true,-0.41
"NKG",142914,"/Date(1704353270000)/",24100,300,7293200,176546000000,-100,true,-0.41
"NKG",142914,"/Date(1704353270000)/",24100,200,7292900,176539000000,-100,true,-0.41
"NKG",142914,"/Date(1704353270000)/",24100,2000,7292700,176534000000,-100,true,-0.41
"NKG",142914,"/Date(1704353270000)/",24100,300,7290700,176486000000,-100,true,-0.41
"NKG",142914,"/Date(1704353270000)/",24100,5600,7290400,176479000000,-100,true,-0.41
"NKG",142914,"/Date(1704353270000)/",24100,100,7284800,176344000000,-100,true,-0.41
"NKG",142914,"/Date(1704353270000)/",24100,100,7284700,176342000000,-100,true,-0.41
"NKG",142914,"/Date(1704353270000)/",24100,100,7284600,176339000000,-100,true,-0.41
"NKG",142914,"/Date(1704353270000)/",24100,800,7284500,176337000000,-100,true,-0.41
"NKG",142914,"/Date(1704353270000)/",24100,100,7283700,176317000000,-100,true,-0.41
"NKG",142914,"/Date(1704353270000)/",24100,500,7283600,176315000000,-100,true,-0.41
"NKG",142914,"/Date(1704353270000)/",24100,1000,7283100,176303000000,-100,true,-0.41
"NKG",142914,"/Date(1704353270000)/",24100,10000,7282100,176279000000,-100,true,-0.41
"NKG",142914,"/Date(1704353270000)/",24100,5000,7272100,176038000000,-100,true,-0.41
"NKG",142914,"/Date(1704353270000)/",24100,700,7267100,175917000000,-100,true,-0.41
"NKG",142914,"/Date(1704353270000)/",24100,2000,7266400,175900000000,-100,true,-0.41
"NKG",142914,"/Date(1704353270000)/",24100,100,7264400,175852000000,-100,true,-0.41
"NKG",142914,"/Date(1704353270000)/",24100,4900,7264300,175850000000,-100,true,-0.41
"NKG",142914,"/Date(1704353270000)/",24100,300,7259400,175732000000,-100,true,-0.41
"NKG",142914,"/Date(1704353270000)/",24100,3100,7259100,175725000000,-100,true,-0.41
"NKG",142914,"/Date(1704353270000)/",24100,500,7256000,175650000000,-100,true,-0.41
"NKG",142914,"/Date(1704353270000)/",24100,1000,7255500,175638000000,-100,true,-0.41
"NKG",142914,"/Date(1704353270000)/",24100,100,7254500,175614000000,-100,true,-0.41
"NKG",142914,"/Date(1704353270000)/",24100,500,7254400,175611000000,-100,true,-0.41
"NKG",142914,"/Date(1704353270000)/",24100,700,7253900,175599000000,-100,true,-0.41
"NKG",142914,"/Date(1704353270000)/",24100,500,7253200,175582000000,-100,true,-0.41
"NKG",142914,"/Date(1704353270000)/",24100,1600,7252700,175570000000,-100,true,-0.41
"NKG",142914,"/Date(1704353270000)/",24100,4200,7251100,175532000000,-100,true,-0.41
"NKG",142914,"/Date(1704353269000)/",24100,100,7246900,175431000000,-100,true,-0.41
"NKG",142911,"/Date(1704353265000)/",24100,800,7246800,175428000000,-100,true,-0.41
"NKG",142911,"/Date(1704353264000)/",24100,300,7246000,175409000000,-100,true,-0.41
"NKG",142911,"/Date(1704353264000)/",24100,15600,7245700,175402000000,-100,true,-0.41
"NKG",142911,"/Date(1704353264000)/",24100,1000,7230100,175026000000,-100,true,-0.41
"NKG",142911,"/Date(1704353264000)/",24100,3000,7229100,175002000000,-100,true,-0.41
"NKG",142911,"/Date(1704353264000)/",24100,5000,7226100,174929000000,-100,true,-0.41
"NKG",142911,"/Date(1704353264000)/",24100,6900,7221100,174809000000,-100,true,-0.41
"NKG",142911,"/Date(1704353264000)/",24100,300,7214200,174642000000,-100,true,-0.41
"NKG",142911,"/Date(1704353264000)/",24100,200,7213900,174635000000,-100,true,-0.41
"NKG",142911,"/Date(1704353264000)/",24100,600,7213700,174630000000,-100,true,-0.41
"NKG",142911,"/Date(1704353264000)/",24100,2000,7213100,174616000000,-100,true,-0.41
"NKG",142911,"/Date(1704353264000)/",24100,100,7211100,174568000000,-100,true,-0.41
"NKG",142911,"/Date(1704353264000)/",24100,500,7211000,174565000000,-100,true,-0.41
"NKG",142911,"/Date(1704353264000)/",24100,500,7210500,174553000000,-100,true,-0.41
"NKG",142911,"/Date(1704353264000)/",24100,5000,7210000,174541000000,-100,true,-0.41
"NKG",142911,"/Date(1704353264000)/",24100,100,7205000,174421000000,-100,true,-0.41
"NKG",142911,"/Date(1704353264000)/",24100,100,7204900,174418000000,-100,true,-0.41
"NKG",142911,"/Date(1704353264000)/",24100,1000,7204800,174416000000,-100,true,-0.41
"NKG",142911,"/Date(1704353264000)/",24100,2000,7203800,174392000000,-100,true,-0.41
"NKG",142911,"/Date(1704353264000)/",24100,200,7201800,174344000000,-100,true,-0.41
"NKG",142911,"/Date(1704353264000)/",24100,1000,7201600,174339000000,-100,true,-0.41
"NKG",142911,"/Date(1704353264000)/",24100,500,7200600,174315000000,-100,true,-0.41
"NKG",142911,"/Date(1704353264000)/",24100,500,7200100,174303000000,-100,true,-0.41
"NKG",142911,"/Date(1704353264000)/",24100,2000,7199600,174291000000,-100,true,-0.41
"NKG",142911,"/Date(1704353264000)/",24100,100,7197600,174242000000,-100,true,-0.41
"NKG",142911,"/Date(1704353264000)/",24100,200,7197500,174240000000,-100,true,-0.41
"NKG",142911,"/Date(1704353264000)/",24100,100,7197300,174235000000,-100,true,-0.41
"NKG",142911,"/Date(1704353264000)/",24100,1000,7197200,174233000000,-100,true,-0.41
"NKG",142911,"/Date(1704353264000)/",24100,5000,7196200,174209000000,-100,true,-0.41
"NKG",142911,"/Date(1704353264000)/",24100,5000,7191200,174088000000,-100,true,-0.41
"NKG",142911,"/Date(1704353264000)/",24100,300,7186200,173968000000,-100,true,-0.41
"NKG",142911,"/Date(1704353264000)/",24100,200,7185900,173960000000,-100,true,-0.41
"NKG",142908,"/Date(1704353262000)/",24100,800,7185700,173956000000,-100,true,-0.41
"NKG",142908,"/Date(1704353262000)/",24100,2000,7184900,173936000000,-100,true,-0.41
"NKG",142908,"/Date(1704353262000)/",24100,100,7182900,173888000000,-100,true,-0.41
"NKG",142908,"/Date(1704353262000)/",24100,1500,7182800,173886000000,-100,true,-0.41
"NKG",142908,"/Date(1704353262000)/",24100,1500,7181300,173850000000,-100,true,-0.41
"NKG",142908,"/Date(1704353262000)/",24100,4000,7179800,173813000000,-100,true,-0.41
"NKG",142908,"/Date(1704353262000)/",24100,1000,7175800,173717000000,-100,true,-0.41
"NKG",142908,"/Date(1704353262000)/",24100,100,7174800,173693000000,-100,true,-0.41
"NKG",142908,"/Date(1704353262000)/",24100,200,7174700,173691000000,-100,true,-0.41
"NKG",142908,"/Date(1704353262000)/",24100,500,7174500,173686000000,-100,true,-0.41
"NKG",142908,"/Date(1704353262000)/",24100,100,7174000,173674000000,-100,true,-0.41
"NKG",142908,"/Date(1704353262000)/",24100,100,7173900,173671000000,-100,true,-0.41
"NKG",142908,"/Date(1704353262000)/",24100,100,7173800,173669000000,-100,true,-0.41
"NKG",142908,"/Date(1704353262000)/",24100,100,7173700,173666000000,-100,true,-0.41
"NKG",142908,"/Date(1704353262000)/",24100,1000,7173600,173664000000,-100,true,-0.41
"NKG",142908,"/Date(1704353262000)/",24100,100,7172600,173640000000,-100,true,-0.41
"NKG",142908,"/Date(1704353262000)/",24100,1400,7172500,173637000000,-100,true,-0.41
"NKG",142908,"/Date(1704353262000)/",24100,100,7171100,173604000000,-100,true,-0.41
"NKG",142908,"/Date(1704353262000)/",24100,2000,7171000,173601000000,-100,true,-0.41
"NKG",142908,"/Date(1704353262000)/",24100,300,7169000,173553000000,-100,true,-0.41
"NKG",142908,"/Date(1704353262000)/",24100,500,7168700,173546000000,-100,true,-0.41
"NKG",142908,"/Date(1704353262000)/",24100,1000,7168200,173534000000,-100,true,-0.41
"NKG",142908,"/Date(1704353262000)/",24100,400,7167200,173510000000,-100,true,-0.41
"NKG",142908,"/Date(1704353262000)/",24100,200,7166800,173500000000,-100,true,-0.41
"NKG",142908,"/Date(1704353262000)/",24100,200,7166600,173495000000,-100,true,-0.41
"NKG",142908,"/Date(1704353262000)/",24100,100,7166400,173490000000,-100,true,-0.41
"NKG",142908,"/Date(1704353262000)/",24100,300,7166300,173488000000,-100,true,-0.41
"NKG",142908,"/Date(1704353262000)/",24100,100,7166000,173481000000,-100,true,-0.41
"NKG",142908,"/Date(1704353262000)/",24100,200,7165900,173478000000,-100,true,-0.41
"NKG",142908,"/Date(1704353262000)/",24100,1000,7165700,173474000000,-100,true,-0.41
"NKG",142908,"/Date(1704353262000)/",24100,100,7164700,173450000000,-100,true,-0.41
"NKG",142908,"/Date(1704353262000)/",24100,100,7164600,173447000000,-100,true,-0.41
"NKG",142908,"/Date(1704353262000)/",24100,500,7164500,173445000000,-100,true,-0.41
"NKG",142908,"/Date(1704353262000)/",24100,200,7164000,173433000000,-100,true,-0.41
"NKG",142908,"/Date(1704353262000)/",24100,100,7163800,173428000000,-100,true,-0.41
"NKG",142908,"/Date(1704353262000)/",24100,300,7163700,173425000000,-100,true,-0.41
"NKG",142908,"/Date(1704353262000)/",24100,100,7163400,173418000000,-100,true,-0.41
"NKG",142908,"/Date(1704353262000)/",24100,1000,7163300,173416000000,-100,true,-0.41
"NKG",142908,"/Date(1704353262000)/",24100,1000,7162300,173392000000,-100,true,-0.41
"NKG",142908,"/Date(1704353262000)/",24100,5600,7161300,173368000000,-100,true,-0.41
"NKG",142908,"/Date(1704353260000)/",24100,3000,7155700,173233000000,-100,true,-0.41
"NKG",142904,"/Date(1704353260000)/",24100,5000,7152700,173160000000,-100,true,-0.41
"NKG",142904,"/Date(1704353260000)/",24100,500,7147700,173040000000,-100,true,-0.41
"NKG",142901,"/Date(1704353256000)/",24100,5000,7147200,173028000000,-100,true,-0.41
"NKG",142901,"/Date(1704353256000)/",24100,2000,7142200,172907000000,-100,true,-0.41
"NKG",142852,"/Date(1704353245000)/",24100,4800,7140200,172859000000,-100,true,-0.41
"NKG",142852,"/Date(1704353245000)/",24100,100,7135400,172743000000,-100,true,-0.41
"NKG",142852,"/Date(1704353245000)/",24100,100,7135300,172741000000,-100,true,-0.41
"NKG",142852,"/Date(1704353245000)/",24100,2000,7135200,172739000000,-100,true,-0.41
"NKG",142852,"/Date(1704353245000)/",24100,500,7133200,172690000000,-100,true,-0.41
"NKG",142852,"/Date(1704353245000)/",24100,200,7132700,172678000000,-100,true,-0.41
"NKG",142852,"/Date(1704353245000)/",24100,100,7132500,172673000000,-100,true,-0.41
"NKG",142852,"/Date(1704353245000)/",24100,100,7132400,172671000000,-100,true,-0.41
"NKG",142852,"/Date(1704353245000)/",24100,200,7132300,172669000000,-100,true,-0.41
"NKG",142852,"/Date(1704353245000)/",24100,1300,7132100,172664000000,-100,true,-0.41
"NKG",142852,"/Date(1704353245000)/",24100,500,7130800,172633000000,-100,true,-0.41
"NKG",142852,"/Date(1704353245000)/",24100,100,7130300,172620000000,-100,true,-0.41
"NKG",142852,"/Date(1704353244000)/",24150,1000,7130200,172618000000,-50,false,-0.21
"NKG",142842,"/Date(1704353237000)/",24150,10000,7129200,172594000000,-50,false,-0.21
"NKG",142839,"/Date(1704353233000)/",24150,500,7119200,172352000000,-50,false,-0.21
"NKG",142823,"/Date(1704353216000)/",24150,1000,7118700,172340000000,-50,true,-0.21
"NKG",142823,"/Date(1704353216000)/",24150,100,7117700,172316000000,-50,true,-0.21
"NKG",142823,"/Date(1704353216000)/",24150,500,7117600,172314000000,-50,true,-0.21
"NKG",142823,"/Date(1704353216000)/",24150,2000,7117100,172302000000,-50,true,-0.21
"NKG",142823,"/Date(1704353216000)/",24150,100,7115100,172253000000,-50,true,-0.21
"NKG",142823,"/Date(1704353216000)/",24150,300,7115000,172251000000,-50,true,-0.21
"NKG",142823,"/Date(1704353216000)/",24150,8900,7114700,172244000000,-50,true,-0.21
"NKG",142813,"/Date(1704353208000)/",24150,4800,7105800,172029000000,-50,true,-0.21
"NKG",142807,"/Date(1704353202000)/",24150,500,7101000,171913000000,-50,true,-0.21
"NKG",142807,"/Date(1704353200000)/",24150,2000,7100500,171901000000,-50,true,-0.21
"NKG",142757,"/Date(1704353192000)/",24150,100,7098500,171853000000,-50,true,-0.21
"NKG",142754,"/Date(1704353189000)/",24200,200,7098400,171850000000,0,false,0
"NKG",142751,"/Date(1704353184000)/",24150,500,7098200,171845000000,-50,true,-0.21
"NKG",142748,"/Date(1704353181000)/",24150,100,7097700,171833000000,-50,true,-0.21
"NKG",142741,"/Date(1704353175000)/",24150,100,7097600,171831000000,-50,true,-0.21
"NKG",142741,"/Date(1704353174000)/",24150,3000,7097500,171828000000,-50,true,-0.21
"NKG",142738,"/Date(1704353172000)/",24150,4000,7094500,171756000000,-50,false,-0.21
"NKG",142738,"/Date(1704353172000)/",24150,5000,7090500,171659000000,-50,false,-0.21
"NKG",142738,"/Date(1704353172000)/",24150,200,7085500,171539000000,-50,false,-0.21
"NKG",142738,"/Date(1704353172000)/",24150,100,7085300,171534000000,-50,false,-0.21
"NKG",142738,"/Date(1704353172000)/",24150,100,7085200,171531000000,-50,false,-0.21
"NKG",142738,"/Date(1704353172000)/",24150,500,7085100,171529000000,-50,false,-0.21
"NKG",142738,"/Date(1704353172000)/",24150,100,7084600,171517000000,-50,false,-0.21
"NKG",142738,"/Date(1704353172000)/",24150,700,7084500,171514000000,-50,false,-0.21
"NKG",142738,"/Date(1704353172000)/",24150,200,7083800,171497000000,-50,false,-0.21
"NKG",142738,"/Date(1704353172000)/",24150,6100,7083600,171493000000,-50,false,-0.21
"NKG",142728,"/Date(1704353161000)/",24150,3900,7077500,171345000000,-50,true,-0.21
"NKG",142728,"/Date(1704353161000)/",24150,2000,7073600,171251000000,-50,true,-0.21
"NKG",142728,"/Date(1704353161000)/",24150,1000,7071600,171203000000,-50,true,-0.21
"NKG",142728,"/Date(1704353161000)/",24150,100,7070600,171179000000,-50,true,-0.21
"NKG",142728,"/Date(1704353161000)/",24200,100,7070500,171176000000,0,false,0
"NKG",142725,"/Date(1704353159000)/",24150,500,7070400,171174000000,-50,true,-0.21
"NKG",142716,"/Date(1704353149000)/",24200,7700,7069900,171162000000,0,false,0
"NKG",142716,"/Date(1704353149000)/",24200,100,7062200,170975000000,0,false,0
"NKG",142703,"/Date(1704353138000)/",24200,100,7062100,170973000000,0,false,0
"NKG",142656,"/Date(1704353131000)/",24200,2000,7062000,170971000000,0,false,0
"NKG",142656,"/Date(1704353131000)/",24200,200,7060000,170922000000,0,false,0
"NKG",142656,"/Date(1704353130000)/",24200,900,7059800,170917000000,0,false,0
"NKG",142656,"/Date(1704353130000)/",24200,6100,7058900,170896000000,0,false,0
"NKG",142656,"/Date(1704353130000)/",24200,100,7052800,170748000000,0,false,0
"NKG",142656,"/Date(1704353130000)/",24200,800,7052700,170746000000,0,false,0
"NKG",142656,"/Date(1704353129000)/",24200,2000,7051900,170726000000,0,false,0
"NKG",142653,"/Date(1704353129000)/",24200,5000,7049900,170678000000,0,true,0
"NKG",142647,"/Date(1704353122000)/",24200,2000,7044900,170557000000,0,true,0
"NKG",142647,"/Date(1704353121000)/",24200,500,7042900,170508000000,0,true,0
"NKG",142644,"/Date(1704353118000)/",24200,500,7042400,170496000000,0,true,0
"NKG",142644,"/Date(1704353117000)/",24200,2500,7041900,170484000000,0,true,0
"NKG",142640,"/Date(1704353115000)/",24200,300,7039400,170424000000,0,true,0
"NKG",142637,"/Date(1704353110000)/",24200,500,7039100,170416000000,0,true,0
"NKG",142634,"/Date(1704353109000)/",24200,5000,7038600,170404000000,0,true,0
"NKG",142634,"/Date(1704353107000)/",24200,1000,7033600,170283000000,0,true,0
"NKG",142631,"/Date(1704353105000)/",24200,500,7032600,170259000000,0,true,0
"NKG",142624,"/Date(1704353099000)/",24200,8000,7032100,170247000000,0,true,0
"NKG",142621,"/Date(1704353094000)/",24200,1000,7024100,170053000000,0,true,0
"NKG",142621,"/Date(1704353094000)/",24200,6000,7023100,170029000000,0,true,0
"NKG",142621,"/Date(1704353094000)/",24200,100,7017100,169884000000,0,true,0
"NKG",142621,"/Date(1704353094000)/",24200,500,7017000,169882000000,0,true,0
"NKG",142621,"/Date(1704353094000)/",24200,800,7016500,169870000000,0,true,0
"NKG",142621,"/Date(1704353094000)/",24200,100,7015700,169850000000,0,true,0
"NKG",142621,"/Date(1704353094000)/",24200,3000,7015600,169848000000,0,true,0
"NKG",142621,"/Date(1704353094000)/",24200,9900,7012600,169775000000,0,true,0
"NKG",142615,"/Date(1704353090000)/",24150,400,7002700,169536000000,-50,true,-0.21
"NKG",142615,"/Date(1704353090000)/",24150,600,7002300,169526000000,-50,true,-0.21
"NKG",142615,"/Date(1704353089000)/",24150,500,7001700,169511000000,-50,true,-0.21
"NKG",142615,"/Date(1704353089000)/",24200,3000,7001200,169499000000,0,false,0
"NKG",142615,"/Date(1704353088000)/",24150,1400,6998200,169427000000,-50,true,-0.21
"NKG",142615,"/Date(1704353088000)/",24150,10000,6996800,169393000000,-50,true,-0.21
"NKG",142615,"/Date(1704353088000)/",24150,1200,6986800,169151000000,-50,true,-0.21
"NKG",142615,"/Date(1704353088000)/",24150,10000,6985600,169122000000,-50,true,-0.21
"NKG",142615,"/Date(1704353088000)/",24150,5000,6975600,168881000000,-50,true,-0.21
"NKG",142615,"/Date(1704353088000)/",24150,500,6970600,168760000000,-50,true,-0.21
"NKG",142615,"/Date(1704353088000)/",24150,5100,6970100,168748000000,-50,true,-0.21
"NKG",142615,"/Date(1704353088000)/",24150,5000,6965000,168625000000,-50,true,-0.21
"NKG",142615,"/Date(1704353088000)/",24150,5000,6960000,168504000000,-50,true,-0.21
"NKG",142615,"/Date(1704353088000)/",24150,300,6955000,168383000000,-50,true,-0.21
"NKG",142615,"/Date(1704353088000)/",24150,500,6954700,168376000000,-50,true,-0.21
"NKG",142615,"/Date(1704353088000)/",24150,1000,6954200,168364000000,-50,true,-0.21
"NKG",142615,"/Date(1704353088000)/",24150,1000,6953200,168340000000,-50,true,-0.21
"NKG",142615,"/Date(1704353088000)/",24150,1000,6952200,168316000000,-50,true,-0.21
"NKG",142615,"/Date(1704353088000)/",24150,1400,6951200,168292000000,-50,true,-0.21
"NKG",142615,"/Date(1704353088000)/",24150,1000,6949800,168258000000,-50,true,-0.21
"NKG",142615,"/Date(1704353088000)/",24150,200,6948800,168234000000,-50,true,-0.21
"NKG",142615,"/Date(1704353088000)/",24150,3000,6948600,168229000000,-50,true,-0.21
"NKG",142615,"/Date(1704353088000)/",24150,100,6945600,168156000000,-50,true,-0.21
"NKG",142615,"/Date(1704353088000)/",24150,100,6945500,168154000000,-50,true,-0.21
"NKG",142615,"/Date(1704353088000)/",24150,100,6945400,168152000000,-50,true,-0.21
"NKG",142615,"/Date(1704353088000)/",24150,1000,6945300,168149000000,-50,true,-0.21
"NKG",142615,"/Date(1704353088000)/",24150,500,6944300,168125000000,-50,true,-0.21
"NKG",142615,"/Date(1704353088000)/",24150,1000,6943800,168113000000,-50,true,-0.21
"NKG",142615,"/Date(1704353088000)/",24150,100,6942800,168089000000,-50,true,-0.21
"NKG",142615,"/Date(1704353088000)/",24150,500,6942700,168086000000,-50,true,-0.21
"NKG",142615,"/Date(1704353088000)/",24150,5000,6942200,168074000000,-50,true,-0.21
"NKG",142615,"/Date(1704353088000)/",24150,300,6937200,167954000000,-50,true,-0.21
"NKG",142615,"/Date(1704353088000)/",24150,500,6936900,167946000000,-50,true,-0.21
"NKG",142615,"/Date(1704353088000)/",24150,200,6936400,167934000000,-50,true,-0.21
"NKG",142615,"/Date(1704353088000)/",24150,2000,6936200,167929000000,-50,true,-0.21
"NKG",142615,"/Date(1704353088000)/",24150,6000,6934200,167881000000,-50,true,-0.21
"NKG",142605,"/Date(1704353079000)/",24200,10300,6928200,167736000000,0,false,0
"NKG",142556,"/Date(1704353069000)/",24200,1800,6917900,167487000000,0,false,0
"NKG",142556,"/Date(1704353069000)/",24200,500,6916100,167443000000,0,false,0
"NKG",142556,"/Date(1704353069000)/",24200,2000,6915600,167431000000,0,false,0
"NKG",142556,"/Date(1704353069000)/",24200,500,6913600,167383000000,0,false,0
"NKG",142556,"/Date(1704353069000)/",24200,3000,6913100,167371000000,0,false,0
"NKG",142556,"/Date(1704353069000)/",24200,2000,6910100,167298000000,0,false,0
"NKG",142556,"/Date(1704353069000)/",24200,2000,6908100,167250000000,0,false,0
"NKG",142556,"/Date(1704353069000)/",24200,5000,6906100,167201000000,0,false,0
"NKG",142556,"/Date(1704353069000)/",24200,300,6901100,167080000000,0,false,0
"NKG",142556,"/Date(1704353069000)/",24200,200,6900800,167073000000,0,false,0
"NKG",142552,"/Date(1704353067000)/",24200,1500,6900600,167068000000,0,false,0
"NKG",142552,"/Date(1704353067000)/",24200,500,6899100,167032000000,0,false,0
"NKG",142549,"/Date(1704353063000)/",24200,500,6898600,167020000000,0,false,0
"NKG",142540,"/Date(1704353055000)/",24200,500,6898100,167008000000,0,false,0
"NKG",142540,"/Date(1704353055000)/",24200,1000,6897600,166996000000,0,false,0
"NKG",142540,"/Date(1704353055000)/",24200,3100,6896600,166972000000,0,false,0
"NKG",142540,"/Date(1704353055000)/",24200,400,6893500,166897000000,0,false,0
"NKG",142540,"/Date(1704353055000)/",24200,1000,6893100,166887000000,0,false,0
"NKG",142540,"/Date(1704353055000)/",24200,30000,6892100,166863000000,0,false,0
"NKG",142540,"/Date(1704353055000)/",24200,4100,6862100,166137000000,0,false,0
"NKG",142540,"/Date(1704353052000)/",24150,4000,6858000,166037000000,-50,true,-0.21
"NKG",142540,"/Date(1704353052000)/",24150,100,6854000,165941000000,-50,true,-0.21
"NKG",142540,"/Date(1704353052000)/",24150,900,6853900,165938000000,-50,true,-0.21
"NKG",142527,"/Date(1704353040000)/",24200,900,6853000,165917000000,0,false,0
"NKG",142527,"/Date(1704353040000)/",24200,2100,6852100,165895000000,0,false,0
"NKG",142514,"/Date(1704353028000)/",24150,100,6850000,165844000000,-50,true,-0.21
"NKG",142514,"/Date(1704353028000)/",24150,100,6849900,165842000000,-50,true,-0.21
"NKG",142514,"/Date(1704353028000)/",24150,100,6849800,165839000000,-50,true,-0.21
"NKG",142514,"/Date(1704353028000)/",24150,200,6849700,165837000000,-50,true,-0.21
"NKG",142514,"/Date(1704353028000)/",24150,800,6849500,165832000000,-50,true,-0.21
"NKG",142514,"/Date(1704353028000)/",24150,3700,6848700,165813000000,-50,true,-0.21
"NKG",142501,"/Date(1704353014000)/",24150,6300,6845000,165723000000,-50,true,-0.21
"NKG",142501,"/Date(1704353014000)/",24150,100,6838700,165571000000,-50,true,-0.21
"NKG",142501,"/Date(1704353014000)/",24150,100,6838600,165569000000,-50,true,-0.21
"NKG",142501,"/Date(1704353014000)/",24150,1000,6838500,165566000000,-50,true,-0.21
"NKG",142501,"/Date(1704353014000)/",24150,100,6837500,165542000000,-50,true,-0.21
"NKG",142501,"/Date(1704353014000)/",24150,2000,6837400,165540000000,-50,true,-0.21
"NKG",142501,"/Date(1704353014000)/",24150,200,6835400,165491000000,-50,true,-0.21
"NKG",142501,"/Date(1704353014000)/",24150,5000,6835200,165487000000,-50,true,-0.21
"NKG",142501,"/Date(1704353014000)/",24150,500,6830200,165366000000,-50,true,-0.21
"NKG",142501,"/Date(1704353014000)/",24150,1000,6829700,165354000000,-50,true,-0.21
"NKG",142501,"/Date(1704353014000)/",24150,300,6828700,165330000000,-50,true,-0.21
"NKG",142501,"/Date(1704353014000)/",24150,3000,6828400,165322000000,-50,true,-0.21
"NKG",142501,"/Date(1704353014000)/",24150,100,6825400,165250000000,-50,true,-0.21
"NKG",142501,"/Date(1704353014000)/",24150,100,6825300,165248000000,-50,true,-0.21
"NKG",142501,"/Date(1704353014000)/",24150,1100,6825200,165245000000,-50,true,-0.21
"NKG",142501,"/Date(1704353014000)/",24150,1000,6824100,165219000000,-50,true,-0.21
"NKG",142501,"/Date(1704353014000)/",24150,2000,6823100,165194000000,-50,true,-0.21
"NKG",142501,"/Date(1704353014000)/",24150,100,6821100,165146000000,-50,true,-0.21
"NKG",142501,"/Date(1704353014000)/",24150,300,6821000,165144000000,-50,true,-0.21
"NKG",142501,"/Date(1704353014000)/",24150,400,6820700,165136000000,-50,true,-0.21
"NKG",142501,"/Date(1704353014000)/",24150,5300,6820300,165127000000,-50,true,-0.21
"NKG",142458,"/Date(1704353011000)/",24200,400,6815000,164999000000,0,false,0
"NKG",142445,"/Date(1704352999000)/",24150,100,6814600,164989000000,-50,true,-0.21
"NKG",142413,"/Date(1704352967000)/",24200,100,6814500,164987000000,0,false,0
"NKG",142354,"/Date(1704352947000)/",24200,500,6814400,164984000000,0,false,0
"NKG",142351,"/Date(1704352946000)/",24200,4900,6813900,164972000000,0,false,0
"NKG",142351,"/Date(1704352946000)/",24200,100,6809000,164854000000,0,false,0
"NKG",142351,"/Date(1704352946000)/",24200,2400,6808900,164851000000,0,false,0
"NKG",142351,"/Date(1704352944000)/",24150,100,6806500,164793000000,-50,true,-0.21
"NKG",142344,"/Date(1704352939000)/",24150,1000,6806400,164791000000,-50,true,-0.21
"NKG",142338,"/Date(1704352931000)/",24150,1000,6805400,164767000000,-50,true,-0.21
"NKG",142322,"/Date(1704352916000)/",24200,200,6804400,164742000000,0,false,0
"NKG",142319,"/Date(1704352913000)/",24200,100,6804200,164738000000,0,false,0
"NKG",142319,"/Date(1704352913000)/",24200,1000,6804100,164735000000,0,false,0
"NKG",142319,"/Date(1704352913000)/",24200,300,6803100,164711000000,0,false,0
"NKG",142315,"/Date(1704352909000)/",24200,700,6802800,164704000000,0,true,0
"NKG",142315,"/Date(1704352909000)/",24200,100,6802100,164687000000,0,true,0
"NKG",142315,"/Date(1704352909000)/",24200,4000,6802000,164684000000,0,true,0
"NKG",142315,"/Date(1704352909000)/",24200,200,6798000,164588000000,0,true,0
"NKG",142315,"/Date(1704352909000)/",24200,4800,6797800,164583000000,0,true,0
"NKG",142315,"/Date(1704352909000)/",24200,200,6793000,164467000000,0,true,0
"NKG",142315,"/Date(1704352909000)/",24200,500,6792800,164462000000,0,true,0
"NKG",142315,"/Date(1704352909000)/",24200,500,6792300,164450000000,0,true,0
"NKG",142315,"/Date(1704352909000)/",24200,100,6791800,164437000000,0,true,0
"NKG",142306,"/Date(1704352899000)/",24200,300,6791700,164435000000,0,true,0
"NKG",142306,"/Date(1704352899000)/",24200,3200,6791400,164428000000,0,true,0
"NKG",142256,"/Date(1704352891000)/",24200,900,6788200,164350000000,0,true,0
"NKG",142253,"/Date(1704352887000)/",24200,1000,6787300,164329000000,0,true,0
"NKG",142240,"/Date(1704352876000)/",24200,800,6786300,164304000000,0,true,0
"NKG",142234,"/Date(1704352868000)/",24250,700,6785500,164285000000,50,false,0.21
"NKG",142234,"/Date(1704352867000)/",24200,3000,6784800,164268000000,0,true,0
"NKG",142224,"/Date(1704352857000)/",24200,400,6781800,164195000000,0,true,0
"NKG",142221,"/Date(1704352854000)/",24200,200,6781400,164186000000,0,true,0
"NKG",142208,"/Date(1704352844000)/",24200,800,6781200,164181000000,0,true,0
"NKG",142202,"/Date(1704352835000)/",24200,500,6780400,164162000000,0,true,0
"NKG",142159,"/Date(1704352832000)/",24200,400,6779900,164149000000,0,true,0
"NKG",142159,"/Date(1704352832000)/",24200,2200,6779500,164140000000,0,true,0
"NKG",142159,"/Date(1704352832000)/",24200,500,6777300,164087000000,0,true,0
"NKG",142155,"/Date(1704352831000)/",24200,1000,6776800,164074000000,0,false,0
"NKG",142149,"/Date(1704352824000)/",24200,500,6775800,164050000000,0,false,0
"NKG",142149,"/Date(1704352824000)/",24200,100,6775300,164038000000,0,false,0
"NKG",142149,"/Date(1704352824000)/",24200,500,6775200,164036000000,0,false,0
"NKG",142149,"/Date(1704352824000)/",24200,100,6774700,164024000000,0,false,0
"NKG",142149,"/Date(1704352824000)/",24200,3000,6774600,164021000000,0,false,0
"NKG",142149,"/Date(1704352824000)/",24200,800,6771600,163949000000,0,false,0
"NKG",142149,"/Date(1704352822000)/",24150,100,6770800,163929000000,-50,true,-0.21
"NKG",142123,"/Date(1704352797000)/",24200,1200,6770700,163927000000,0,false,0
"NKG",142123,"/Date(1704352797000)/",24200,1000,6769500,163898000000,0,false,0
"NKG",142123,"/Date(1704352797000)/",24200,500,6768500,163874000000,0,false,0
"NKG",142123,"/Date(1704352797000)/",24200,2000,6768000,163861000000,0,false,0
"NKG",142123,"/Date(1704352797000)/",24200,1500,6766000,163813000000,0,false,0
"NKG",142123,"/Date(1704352797000)/",24200,1100,6764500,163777000000,0,false,0
"NKG",142111,"/Date(1704352783000)/",24200,100,6763400,163750000000,0,false,0
"NKG",142111,"/Date(1704352783000)/",24150,2400,6763300,163748000000,-50,true,-0.21
"NKG",142111,"/Date(1704352783000)/",24150,200,6760900,163690000000,-50,true,-0.21
"NKG",142111,"/Date(1704352783000)/",24150,200,6760700,163685000000,-50,true,-0.21
"NKG",142111,"/Date(1704352783000)/",24150,1200,6760500,163680000000,-50,true,-0.21
"NKG",142111,"/Date(1704352783000)/",24200,200,6759300,163651000000,0,false,0
"NKG",142107,"/Date(1704352780000)/",24200,10300,6759100,163646000000,0,false,0
"NKG",142104,"/Date(1704352779000)/",24200,300,6748800,163397000000,0,false,0
"NKG",142104,"/Date(1704352779000)/",24200,200,6748500,163390000000,0,false,0
"NKG",142055,"/Date(1704352768000)/",24200,1000,6748300,163385000000,0,false,0
"NKG",142055,"/Date(1704352768000)/",24200,2000,6747300,163361000000,0,false,0
"NKG",142055,"/Date(1704352768000)/",24200,200,6745300,163312000000,0,false,0
"NKG",142055,"/Date(1704352768000)/",24200,100,6745100,163308000000,0,false,0
"NKG",142055,"/Date(1704352768000)/",24200,1000,6745000,163305000000,0,false,0
"NKG",142055,"/Date(1704352768000)/",24200,100,6744000,163281000000,0,false,0
"NKG",142055,"/Date(1704352768000)/",24200,500,6743900,163278000000,0,false,0
"NKG",142055,"/Date(1704352768000)/",24200,5000,6743400,163266000000,0,false,0
"NKG",142055,"/Date(1704352768000)/",24200,2000,6738400,163145000000,0,false,0
"NKG",142055,"/Date(1704352768000)/",24200,500,6736400,163097000000,0,false,0
"NKG",142055,"/Date(1704352768000)/",24200,800,6735900,163085000000,0,false,0
"NKG",142055,"/Date(1704352768000)/",24200,3800,6735100,163066000000,0,false,0
"NKG",142048,"/Date(1704352761000)/",24200,200,6731300,162974000000,0,false,0
"NKG",142042,"/Date(1704352757000)/",24200,3500,6731100,162969000000,0,false,0
"NKG",142042,"/Date(1704352757000)/",24200,1000,6727600,162884000000,0,false,0
"NKG",142042,"/Date(1704352757000)/",24200,300,6726600,162860000000,0,false,0
"NKG",142042,"/Date(1704352757000)/",24200,200,6726300,162853000000,0,false,0
"NKG",142039,"/Date(1704352753000)/",24200,800,6726100,162848000000,0,false,0
"NKG",142039,"/Date(1704352752000)/",24150,400,6725300,162828000000,-50,true,-0.21
"NKG",142032,"/Date(1704352745000)/",24200,9000,6724900,162819000000,0,false,0
"NKG",142032,"/Date(1704352745000)/",24200,1400,6715900,162601000000,0,false,0
"NKG",142032,"/Date(1704352745000)/",24200,100,6714500,162567000000,0,false,0
"NKG",142032,"/Date(1704352745000)/",24200,1500,6714400,162565000000,0,false,0
"NKG",142032,"/Date(1704352745000)/",24200,1000,6712900,162528000000,0,false,0
"NKG",142032,"/Date(1704352745000)/",24200,2500,6711900,162504000000,0,false,0
"NKG",142032,"/Date(1704352745000)/",24200,24600,6709400,162444000000,0,false,0
"NKG",142013,"/Date(1704352726000)/",24200,3000,6684800,161848000000,0,false,0
"NKG",142010,"/Date(1704352725000)/",24200,2000,6681800,161776000000,0,false,0
"NKG",142003,"/Date(1704352718000)/",24200,100,6679800,161727000000,0,false,0
"NKG",142003,"/Date(1704352717000)/",24150,400,6679700,161725000000,-50,true,-0.21
"NKG",141954,"/Date(1704352707000)/",24150,9200,6679300,161715000000,-50,true,-0.21
"NKG",141954,"/Date(1704352707000)/",24150,500,6670100,161493000000,-50,true,-0.21
"NKG",141954,"/Date(1704352707000)/",24150,800,6669600,161481000000,-50,true,-0.21
"NKG",141954,"/Date(1704352707000)/",24150,300,6668800,161462000000,-50,true,-0.21
"NKG",141954,"/Date(1704352707000)/",24150,2000,6668500,161454000000,-50,true,-0.21
"NKG",141954,"/Date(1704352707000)/",24150,25600,6666500,161406000000,-50,true,-0.21
"NKG",141954,"/Date(1704352707000)/",24150,10000,6640900,160788000000,-50,true,-0.21
"NKG",141954,"/Date(1704352707000)/",24150,1100,6630900,160546000000,-50,true,-0.21
"NKG",141954,"/Date(1704352707000)/",24150,500,6629800,160520000000,-50,true,-0.21
"NKG",141951,"/Date(1704352703000)/",24200,5000,6629300,160508000000,0,false,0
"NKG",141941,"/Date(1704352693000)/",24200,10000,6624300,160387000000,0,false,0
"NKG",141925,"/Date(1704352679000)/",24150,1000,6614300,160145000000,-50,true,-0.21
"NKG",141925,"/Date(1704352677000)/",24150,400,6613300,160121000000,-50,true,-0.21
"NKG",141903,"/Date(1704352656000)/",24150,1200,6612900,160111000000,-50,true,-0.21
"NKG",141859,"/Date(1704352654000)/",24150,100,6611700,160082000000,-50,true,-0.21
"NKG",141859,"/Date(1704352654000)/",24150,900,6611600,160079000000,-50,true,-0.21
"NKG",141859,"/Date(1704352654000)/",24200,1000,6610700,160058000000,0,false,0
"NKG",141847,"/Date(1704352639000)/",24200,100,6609700,160034000000,0,false,0
"NKG",141834,"/Date(1704352629000)/",24200,300,6609600,160031000000,0,false,0
"NKG",141818,"/Date(1704352613000)/",24150,100,6609300,160024000000,-50,true,-0.21
"NKG",141818,"/Date(1704352613000)/",24150,400,6609200,160021000000,-50,true,-0.21
"NKG",141752,"/Date(1704352587000)/",24200,200,6608800,160012000000,0,false,0
"NKG",141743,"/Date(1704352577000)/",24150,900,6608600,160007000000,-50,true,-0.21
"NKG",141736,"/Date(1704352570000)/",24150,1000,6607700,159985000000,-50,true,-0.21
"NKG",141727,"/Date(1704352560000)/",24150,500,6606700,159961000000,-50,true,-0.21
"NKG",141720,"/Date(1704352555000)/",24150,200,6606200,159949000000,-50,true,-0.21
"NKG",141714,"/Date(1704352546000)/",24200,20000,6606000,159944000000,0,false,0
"NKG",141714,"/Date(1704352546000)/",24200,100,6586000,159460000000,0,false,0
"NKG",141704,"/Date(1704352539000)/",24200,100,6585900,159458000000,0,false,0
"NKG",141704,"/Date(1704352539000)/",24200,500,6585800,159455000000,0,false,0
"NKG",141704,"/Date(1704352538000)/",24200,1000,6585300,159443000000,0,false,0
"NKG",141704,"/Date(1704352538000)/",24200,100,6584300,159419000000,0,false,0
"NKG",141704,"/Date(1704352538000)/",24200,3000,6584200,159417000000,0,false,0
"NKG",141704,"/Date(1704352538000)/",24200,100,6581200,159344000000,0,false,0
"NKG",141704,"/Date(1704352538000)/",24200,5000,6581100,159342000000,0,false,0
"NKG",141704,"/Date(1704352538000)/",24200,2000,6576100,159221000000,0,false,0
"NKG",141704,"/Date(1704352538000)/",24200,1000,6574100,159172000000,0,false,0
"NKG",141704,"/Date(1704352538000)/",24200,500,6573100,159148000000,0,false,0
"NKG",141704,"/Date(1704352538000)/",24200,900,6572600,159136000000,0,false,0
"NKG",141704,"/Date(1704352538000)/",24200,500,6571700,159114000000,0,false,0
"NKG",141704,"/Date(1704352538000)/",24200,1000,6571200,159102000000,0,false,0
"NKG",141704,"/Date(1704352538000)/",24200,1000,6570200,159078000000,0,false,0
"NKG",141704,"/Date(1704352538000)/",24200,3000,6569200,159054000000,0,false,0
"NKG",141704,"/Date(1704352538000)/",24200,3900,6566200,158981000000,0,false,0
"NKG",141704,"/Date(1704352538000)/",24200,800,6562300,158887000000,0,false,0
"NKG",141704,"/Date(1704352538000)/",24200,2200,6561500,158867000000,0,false,0
"NKG",141704,"/Date(1704352538000)/",24200,300,6559300,158814000000,0,false,0
"NKG",141704,"/Date(1704352538000)/",24200,1000,6559000,158807000000,0,false,0
"NKG",141704,"/Date(1704352538000)/",24200,2000,6558000,158783000000,0,false,0
"NKG",141704,"/Date(1704352538000)/",24200,500,6556000,158734000000,0,false,0
"NKG",141704,"/Date(1704352538000)/",24200,2000,6555500,158722000000,0,false,0
"NKG",141701,"/Date(1704352535000)/",24200,200,6553500,158674000000,0,true,0
"NKG",141658,"/Date(1704352533000)/",24200,2100,6553300,158669000000,0,true,0
"NKG",141658,"/Date(1704352533000)/",24200,5000,6551200,158618000000,0,true,0
"NKG",141658,"/Date(1704352533000)/",24200,1000,6546200,158497000000,0,true,0
"NKG",141658,"/Date(1704352533000)/",24200,1000,6545200,158473000000,0,true,0
"NKG",141658,"/Date(1704352533000)/",24200,200,6544200,158449000000,0,true,0
"NKG",141658,"/Date(1704352533000)/",24200,1000,6544000,158444000000,0,true,0
"NKG",141658,"/Date(1704352533000)/",24200,2500,6543000,158420000000,0,true,0
"NKG",141658,"/Date(1704352533000)/",24200,8000,6540500,158359000000,0,true,0
"NKG",141658,"/Date(1704352533000)/",24200,500,6532500,158165000000,0,true,0
"NKG",141658,"/Date(1704352530000)/",24200,500,6532000,158153000000,0,true,0
"NKG",141642,"/Date(1704352516000)/",24200,300,6531500,158141000000,0,true,0
"NKG",141642,"/Date(1704352515000)/",24200,900,6531200,158134000000,0,true,0
"NKG",141635,"/Date(1704352509000)/",24200,4800,6530300,158112000000,0,true,0
"NKG",141635,"/Date(1704352509000)/",24200,1000,6525500,157996000000,0,true,0
"NKG",141635,"/Date(1704352509000)/",24200,500,6524500,157972000000,0,true,0
"NKG",141635,"/Date(1704352509000)/",24200,400,6524000,157960000000,0,true,0
"NKG",141635,"/Date(1704352509000)/",24200,200,6523600,157950000000,0,true,0
"NKG",141635,"/Date(1704352509000)/",24200,100,6523400,157945000000,0,true,0
"NKG",141635,"/Date(1704352509000)/",24200,100,6523300,157943000000,0,true,0
"NKG",141635,"/Date(1704352509000)/",24200,1300,6523200,157940000000,0,true,0
"NKG",141635,"/Date(1704352509000)/",24200,1000,6521900,157909000000,0,true,0
"NKG",141635,"/Date(1704352509000)/",24200,800,6520900,157885000000,0,true,0
"NKG",141635,"/Date(1704352509000)/",24200,2000,6520100,157865000000,0,true,0
"NKG",141635,"/Date(1704352509000)/",24200,1000,6518100,157817000000,0,true,0
"NKG",141635,"/Date(1704352509000)/",24200,1000,6517100,157793000000,0,true,0
"NKG",141635,"/Date(1704352509000)/",24200,5800,6516100,157769000000,0,true,0
"NKG",141626,"/Date(1704352499000)/",24200,1500,6510300,157628000000,0,true,0
"NKG",141603,"/Date(1704352477000)/",24200,2700,6508800,157592000000,0,true,0
"NKG",141603,"/Date(1704352477000)/",24200,2300,6506100,157527000000,0,true,0
"NKG",141600,"/Date(1704352473000)/",24200,1000,6503800,157471000000,0,true,0
"NKG",141550,"/Date(1704352465000)/",24200,1700,6502800,157447000000,0,true,0
"NKG",141550,"/Date(1704352465000)/",24200,5200,6501100,157406000000,0,true,0
