"Stockcode","Package","TradingDate","Price","Vol","TotalVol","TotalVal","Change","IsBuy","PerChange"
"NVL",144627,"/Date(1704354301000)/",16850,1343300,21530400,366268000000,50,false,0.3
"NVL",143122,"/Date(1704353395000)/",16900,500,20187100,343633000000,100,true,0.6
"NVL",143119,"/Date(1704353394000)/",16900,5000,20186600,343624000000,100,true,0.6
"NVL",143119,"/Date(1704353394000)/",16900,5000,20181600,343540000000,100,true,0.6
"NVL",143119,"/Date(1704353393000)/",16950,600,20176600,343455000000,150,false,0.89
"NVL",143119,"/Date(1704353393000)/",16950,700,20176000,343445000000,150,false,0.89
"NVL",143119,"/Date(1704353393000)/",16900,1000,20175300,343433000000,100,true,0.6
"NVL",143119,"/Date(1704353393000)/",16900,600,20174300,343416000000,100,true,0.6
"NVL",143119,"/Date(1704353393000)/",16900,4000,20173700,343406000000,100,true,0.6
"NVL",143119,"/Date(1704353392000)/",16900,6000,20169700,343339000000,100,true,0.6
"NVL",143116,"/Date(1704353391000)/",16900,1000,20163700,343237000000,100,true,0.6
"NVL",143116,"/Date(1704353391000)/",16900,10000,20162700,343220000000,100,true,0.6
"NVL",143116,"/Date(1704353391000)/",16900,500,20152700,343051000000,100,true,0.6
"NVL",143116,"/Date(1704353391000)/",16900,1000,20152200,343043000000,100,true,0.6
"NVL",143116,"/Date(1704353390000)/",16900,200,20151200,343026000000,100,true,0.6
"NVL",143116,"/Date(1704353389000)/",16900,1000,20151000,343023000000,100,true,0.6
"NVL",143113,"/Date(1704353387000)/",16900,2500,20150000,343006000000,100,true,0.6
"NVL",143113,"/Date(1704353387000)/",16900,55000,20147500,342963000000,100,true,0.6
"NVL",143113,"/Date(1704353386000)/",16900,300,20092500,342034000000,100,true,0.6
"NVL",143113,"/Date(1704353386000)/",16900,2000,20092200,342029000000,100,true,0.6
"NVL",143110,"/Date(1704353385000)/",16950,1000,20090200,341995000000,150,false,0.89
"NVL",143110,"/Date(1704353384000)/",16900,400,20089200,341978000000,100,true,0.6
"NVL",143110,"/Date(1704353384000)/",16900,3200,20088800,341971000000,100,true,0.6
"NVL",143110,"/Date(1704353383000)/",16900,1000,20085600,341917000000,100,true,0.6
"NVL",143110,"/Date(1704353382000)/",16950,400,20084600,341900000000,150,false,0.89
"NVL",143106,"/Date(1704353382000)/",16900,200,20084200,341894000000,100,true,0.6
"NVL",143106,"/Date(1704353381000)/",16900,100,20084000,341890000000,100,true,0.6
"NVL",143103,"/Date(1704353378000)/",16900,900,20083900,341889000000,100,true,0.6
"NVL",143103,"/Date(1704353376000)/",16900,5000,20083000,341873000000,100,true,0.6
"NVL",143100,"/Date(1704353375000)/",16900,1700,20078000,341789000000,100,true,0.6
"NVL",143100,"/Date(1704353373000)/",16900,500,20076300,341760000000,100,true,0.6
"NVL",143054,"/Date(1704353369000)/",16900,18700,20075800,341752000000,100,true,0.6
"NVL",143054,"/Date(1704353369000)/",16900,500,20057100,341436000000,100,true,0.6
"NVL",143054,"/Date(1704353369000)/",16900,2000,20056600,341427000000,100,true,0.6
"NVL",143054,"/Date(1704353369000)/",16900,6000,20054600,341393000000,100,true,0.6
"NVL",143054,"/Date(1704353369000)/",16900,2800,20048600,341292000000,100,true,0.6
"NVL",143054,"/Date(1704353368000)/",16900,2200,20045800,341245000000,100,true,0.6
"NVL",143054,"/Date(1704353368000)/",16900,300,20043600,341207000000,100,true,0.6
"NVL",143054,"/Date(1704353368000)/",16900,100,20043300,341202000000,100,true,0.6
"NVL",143054,"/Date(1704353368000)/",16900,600,20043200,341201000000,100,true,0.6
"NVL",143054,"/Date(1704353368000)/",16900,500,20042600,341191000000,100,true,0.6
"NVL",143054,"/Date(1704353368000)/",16900,1800,20042100,341182000000,100,true,0.6
"NVL",143050,"/Date(1704353365000)/",16900,1000,20040300,341152000000,100,true,0.6
"NVL",143050,"/Date(1704353363000)/",16900,1000,20039300,341135000000,100,true,0.6
"NVL",143047,"/Date(1704353362000)/",16900,1000,20038300,341118000000,100,true,0.6
"NVL",143044,"/Date(1704353359000)/",16900,1000,20037300,341101000000,100,true,0.6
"NVL",143041,"/Date(1704353356000)/",16950,100,20036300,341084000000,150,false,0.89
"NVL",143041,"/Date(1704353354000)/",16900,200,20036200,341082000000,100,true,0.6
"NVL",143038,"/Date(1704353351000)/",16950,15700,20036000,341079000000,150,false,0.89
"NVL",143038,"/Date(1704353351000)/",16950,600,20020300,340813000000,150,false,0.89
"NVL",143038,"/Date(1704353351000)/",16950,1700,20019700,340803000000,150,false,0.89
"NVL",143034,"/Date(1704353350000)/",16900,6000,20018000,340774000000,100,true,0.6
"NVL",143031,"/Date(1704353346000)/",16900,10000,20012000,340673000000,100,true,0.6
"NVL",143031,"/Date(1704353346000)/",16950,2000,20002000,340504000000,150,false,0.89
"NVL",143031,"/Date(1704353344000)/",16950,100,20000000,340470000000,150,false,0.89
"NVL",143031,"/Date(1704353344000)/",16900,1000,19999900,340468000000,100,true,0.6
"NVL",143028,"/Date(1704353343000)/",16900,2800,19998900,340451000000,100,true,0.6
"NVL",143028,"/Date(1704353342000)/",16900,4000,19996100,340404000000,100,true,0.6
"NVL",143025,"/Date(1704353339000)/",16900,3500,19992100,340336000000,100,true,0.6
"NVL",143025,"/Date(1704353338000)/",16900,400,19988600,340277000000,100,true,0.6
"NVL",143025,"/Date(1704353337000)/",16900,5000,19988200,340270000000,100,true,0.6
"NVL",143018,"/Date(1704353333000)/",16950,100,19983200,340186000000,150,false,0.89
"NVL",143018,"/Date(1704353333000)/",16900,6500,19983100,340184000000,100,true,0.6
"NVL",143018,"/Date(1704353333000)/",16900,5000,19976600,340074000000,100,true,0.6
"NVL",143018,"/Date(1704353332000)/",16900,200,19971600,339990000000,100,true,0.6
"NVL",143018,"/Date(1704353331000)/",16900,200,19971400,339986000000,100,true,0.6
"NVL",143015,"/Date(1704353330000)/",16900,10000,19971200,339983000000,100,true,0.6
"NVL",143015,"/Date(1704353328000)/",16900,500,19961200,339814000000,100,true,0.6
"NVL",143015,"/Date(1704353328000)/",16900,500,19960700,339805000000,100,true,0.6
"NVL",143015,"/Date(1704353326000)/",16900,1000,19960200,339797000000,100,true,0.6
"NVL",143012,"/Date(1704353320000)/",16900,100,19959200,339780000000,100,true,0.6
"NVL",143012,"/Date(1704353320000)/",16950,500,19959100,339778000000,150,false,0.89
"NVL",143005,"/Date(1704353318000)/",16900,2000,19958600,339770000000,100,true,0.6
"NVL",142949,"/Date(1704353305000)/",16900,4500,19956600,339736000000,100,true,0.6
"NVL",142949,"/Date(1704353304000)/",16950,100,19952100,339660000000,150,false,0.89
"NVL",142949,"/Date(1704353303000)/",16900,300,19952000,339658000000,100,true,0.6
"NVL",142949,"/Date(1704353302000)/",16900,100,19951700,339653000000,100,true,0.6
"NVL",142946,"/Date(1704353301000)/",16950,200,19951600,339652000000,150,false,0.89
"NVL",142946,"/Date(1704353301000)/",16900,100,19951400,339648000000,100,true,0.6
"NVL",142946,"/Date(1704353300000)/",16900,200,19951300,339647000000,100,true,0.6
"NVL",142946,"/Date(1704353299000)/",16900,47900,19951100,339643000000,100,true,0.6
"NVL",142943,"/Date(1704353298000)/",16950,300,19903200,338834000000,150,false,0.89
"NVL",142943,"/Date(1704353298000)/",16950,5000,19902900,338829000000,150,false,0.89
"NVL",142943,"/Date(1704353298000)/",16950,1000,19897900,338744000000,150,false,0.89
"NVL",142943,"/Date(1704353298000)/",16950,1000,19896900,338727000000,150,false,0.89
"NVL",142943,"/Date(1704353298000)/",16950,10000,19895900,338710000000,150,false,0.89
"NVL",142943,"/Date(1704353298000)/",16950,2000,19885900,338540000000,150,false,0.89
"NVL",142943,"/Date(1704353298000)/",16950,700,19883900,338507000000,150,false,0.89
"NVL",142943,"/Date(1704353297000)/",16900,2000,19883200,338495000000,100,true,0.6
"NVL",142940,"/Date(1704353292000)/",16900,300,19881200,338461000000,100,true,0.6
"NVL",142937,"/Date(1704353291000)/",16900,1000,19880900,338456000000,100,true,0.6
"NVL",142937,"/Date(1704353289000)/",16900,2000,19879900,338439000000,100,true,0.6
"NVL",142937,"/Date(1704353289000)/",16950,500,19877900,338405000000,150,false,0.89
"NVL",142937,"/Date(1704353289000)/",16900,2000,19877400,338397000000,100,true,0.6
"NVL",142933,"/Date(1704353288000)/",16900,2200,19875400,338363000000,100,true,0.6
"NVL",142933,"/Date(1704353287000)/",16900,6000,19873200,338326000000,100,true,0.6
"NVL",142933,"/Date(1704353287000)/",16950,2100,19867200,338224000000,150,false,0.89
"NVL",142930,"/Date(1704353286000)/",16900,1000,19865100,338189000000,100,true,0.6
"NVL",142930,"/Date(1704353284000)/",16900,500,19864100,338172000000,100,true,0.6
"NVL",142927,"/Date(1704353282000)/",16900,3000,19863600,338163000000,100,true,0.6
"NVL",142924,"/Date(1704353279000)/",16900,200,19860600,338113000000,100,true,0.6
"NVL",142921,"/Date(1704353274000)/",16950,400,19860400,338109000000,150,false,0.89
"NVL",142917,"/Date(1704353273000)/",16900,2000,19860000,338102000000,100,true,0.6
"NVL",142917,"/Date(1704353270000)/",16900,200,19858000,338069000000,100,true,0.6
"NVL",142917,"/Date(1704353270000)/",16900,200,19857800,338065000000,100,true,0.6
"NVL",142917,"/Date(1704353270000)/",16900,1000,19857600,338062000000,100,true,0.6
"NVL",142917,"/Date(1704353270000)/",16900,300,19856600,338045000000,100,true,0.6
"NVL",142917,"/Date(1704353270000)/",16900,500,19856300,338040000000,100,true,0.6
"NVL",142917,"/Date(1704353270000)/",16900,3000,19855800,338031000000,100,true,0.6
"NVL",142917,"/Date(1704353270000)/",16900,400,19852800,337981000000,100,true,0.6
"NVL",142917,"/Date(1704353270000)/",16900,100,19852400,337974000000,100,true,0.6
"NVL",142917,"/Date(1704353270000)/",16900,100,19852300,337972000000,100,true,0.6
"NVL",142917,"/Date(1704353270000)/",16900,100,19852200,337971000000,100,true,0.6
"NVL",142917,"/Date(1704353270000)/",16900,100,19852100,337969000000,100,true,0.6
"NVL",142914,"/Date(1704353268000)/",16900,1000,19852000,337967000000,100,true,0.6
"NVL",142914,"/Date(1704353267000)/",16900,300,19851000,337950000000,100,true,0.6
"NVL",142914,"/Date(1704353267000)/",16900,3700,19850700,337945000000,100,true,0.6
"NVL",142914,"/Date(1704353267000)/",16900,1000,19847000,337883000000,100,true,0.6
"NVL",142914,"/Date(1704353267000)/",16900,100,19846000,337866000000,100,true,0.6
"NVL",142914,"/Date(1704353267000)/",16900,100,19845900,337864000000,100,true,0.6
"NVL",142914,"/Date(1704353267000)/",16900,500,19845800,337862000000,100,true,0.6
"NVL",142914,"/Date(1704353267000)/",16900,100,19845300,337854000000,100,true,0.6
"NVL",142914,"/Date(1704353267000)/",16900,1000,19845200,337852000000,100,true,0.6
"NVL",142914,"/Date(1704353267000)/",16900,5000,19844200,337835000000,100,true,0.6
"NVL",142914,"/Date(1704353267000)/",16900,500,19839200,337751000000,100,true,0.6
"NVL",142911,"/Date(1704353266000)/",16900,500,19838700,337742000000,100,true,0.6
"NVL",142911,"/Date(1704353265000)/",16900,300,19838200,337734000000,100,true,0.6
"NVL",142911,"/Date(1704353265000)/",16900,2000,19837900,337729000000,100,true,0.6
"NVL",142911,"/Date(1704353265000)/",16900,1200,19835900,337695000000,100,true,0.6
"NVL",142911,"/Date(1704353265000)/",16900,1200,19834700,337675000000,100,true,0.6
"NVL",142911,"/Date(1704353265000)/",16900,300,19833500,337655000000,100,true,0.6
"NVL",142908,"/Date(1704353263000)/",16900,500,19833200,337650000000,100,true,0.6
"NVL",142908,"/Date(1704353263000)/",16900,100,19832700,337641000000,100,true,0.6
"NVL",142908,"/Date(1704353263000)/",16900,1400,19832600,337639000000,100,true,0.6
"NVL",142908,"/Date(1704353263000)/",16900,100,19831200,337616000000,100,true,0.6
"NVL",142908,"/Date(1704353263000)/",16900,1900,19831100,337614000000,100,true,0.6
"NVL",142901,"/Date(1704353255000)/",16900,500,19829200,337582000000,100,true,0.6
"NVL",142901,"/Date(1704353254000)/",16900,300,19828700,337573000000,100,true,0.6
"NVL",142901,"/Date(1704353254000)/",16950,100,19828400,337568000000,150,false,0.89
"NVL",142858,"/Date(1704353253000)/",16900,300,19828300,337567000000,100,true,0.6
"NVL",142858,"/Date(1704353253000)/",16900,1500,19828000,337562000000,100,true,0.6
"NVL",142858,"/Date(1704353253000)/",16900,500,19826500,337536000000,100,true,0.6
"NVL",142858,"/Date(1704353253000)/",16900,500,19826000,337528000000,100,true,0.6
"NVL",142858,"/Date(1704353253000)/",16900,2500,19825500,337519000000,100,true,0.6
"NVL",142855,"/Date(1704353250000)/",16900,500,19823000,337477000000,100,true,0.6
"NVL",142855,"/Date(1704353250000)/",16900,2000,19822500,337469000000,100,true,0.6
"NVL",142855,"/Date(1704353250000)/",16900,200,19820500,337435000000,100,true,0.6
"NVL",142855,"/Date(1704353250000)/",16900,2500,19820300,337432000000,100,true,0.6
"NVL",142855,"/Date(1704353250000)/",16900,200,19817800,337389000000,100,true,0.6
"NVL",142855,"/Date(1704353250000)/",16900,5100,19817600,337386000000,100,true,0.6
"NVL",142855,"/Date(1704353249000)/",16950,2100,19812500,337300000000,150,false,0.89
"NVL",142855,"/Date(1704353248000)/",16900,10000,19810400,337264000000,100,true,0.6
"NVL",142852,"/Date(1704353247000)/",16900,3000,19800400,337095000000,100,true,0.6
"NVL",142848,"/Date(1704353243000)/",16900,1900,19797400,337044000000,100,true,0.6
"NVL",142848,"/Date(1704353243000)/",16900,100,19795500,337012000000,100,true,0.6
"NVL",142848,"/Date(1704353243000)/",16900,100,19795400,337011000000,100,true,0.6
"NVL",142848,"/Date(1704353243000)/",16900,200,19795300,337009000000,100,true,0.6
"NVL",142848,"/Date(1704353243000)/",16900,300,19795100,337006000000,100,true,0.6
"NVL",142848,"/Date(1704353243000)/",16900,2000,19794800,337000000000,100,true,0.6
"NVL",142848,"/Date(1704353243000)/",16900,10000,19792800,336967000000,100,true,0.6
"NVL",142848,"/Date(1704353243000)/",16900,200,19782800,336798000000,100,true,0.6
"NVL",142848,"/Date(1704353243000)/",16900,1000,19782600,336794000000,100,true,0.6
"NVL",142848,"/Date(1704353243000)/",16900,500,19781600,336777000000,100,true,0.6
"NVL",142848,"/Date(1704353243000)/",16900,500,19781100,336769000000,100,true,0.6
"NVL",142848,"/Date(1704353243000)/",16900,10200,19780600,336760000000,100,true,0.6
"NVL",142845,"/Date(1704353239000)/",16900,1000,19770400,336588000000,100,true,0.6
"NVL",142845,"/Date(1704353238000)/",16950,9100,19769400,336571000000,150,false,0.89
"NVL",142845,"/Date(1704353238000)/",16950,200,19760300,336417000000,150,false,0.89
"NVL",142845,"/Date(1704353238000)/",16950,700,19760100,336414000000,150,false,0.89
"NVL",142845,"/Date(1704353238000)/",16900,2000,19759400,336402000000,100,true,0.6
"NVL",142842,"/Date(1704353236000)/",16900,5000,19757400,336368000000,100,true,0.6
"NVL",142842,"/Date(1704353236000)/",16900,2600,19752400,336283000000,100,true,0.6
"NVL",142842,"/Date(1704353235000)/",16900,200,19749800,336239000000,100,true,0.6
"NVL",142839,"/Date(1704353232000)/",16900,400,19749600,336236000000,100,true,0.6
"NVL",142836,"/Date(1704353231000)/",16900,1600,19749200,336229000000,100,true,0.6
"NVL",142836,"/Date(1704353231000)/",16900,200,19747600,336202000000,100,true,0.6
"NVL",142836,"/Date(1704353231000)/",16900,4200,19747400,336199000000,100,true,0.6
"NVL",142836,"/Date(1704353230000)/",16950,1000,19743200,336128000000,150,false,0.89
"NVL",142836,"/Date(1704353229000)/",16950,500,19742200,336111000000,150,false,0.89
"NVL",142836,"/Date(1704353229000)/",16900,2000,19741700,336102000000,100,true,0.6
"NVL",142832,"/Date(1704353227000)/",16900,100,19739700,336069000000,100,true,0.6
"NVL",142829,"/Date(1704353224000)/",16900,2000,19739600,336067000000,100,true,0.6
"NVL",142829,"/Date(1704353223000)/",16950,1500,19737600,336033000000,150,false,0.89
"NVL",142829,"/Date(1704353222000)/",16900,2000,19736100,336008000000,100,true,0.6
"NVL",142820,"/Date(1704353215000)/",16900,900,19734100,335974000000,100,true,0.6
"NVL",142820,"/Date(1704353215000)/",16900,500,19733200,335959000000,100,true,0.6
"NVL",142820,"/Date(1704353215000)/",16900,35400,19732700,335950000000,100,true,0.6
"NVL",142820,"/Date(1704353214000)/",16950,1000,19697300,335352000000,150,false,0.89
"NVL",142820,"/Date(1704353212000)/",16950,200,19696300,335335000000,150,false,0.89
"NVL",142816,"/Date(1704353210000)/",16950,2000,19696100,335332000000,150,false,0.89
"NVL",142810,"/Date(1704353205000)/",16950,200,19694100,335298000000,150,true,0.89
"NVL",142810,"/Date(1704353204000)/",16950,500,19693900,335294000000,150,true,0.89
"NVL",142810,"/Date(1704353204000)/",16950,100,19693400,335286000000,150,true,0.89
"NVL",142810,"/Date(1704353204000)/",16950,300,19693300,335284000000,150,true,0.89
"NVL",142810,"/Date(1704353204000)/",16950,2000,19693000,335279000000,150,true,0.89
"NVL",142807,"/Date(1704353202000)/",16950,300,19691000,335245000000,150,true,0.89
"NVL",142807,"/Date(1704353200000)/",16950,700,19690700,335240000000,150,true,0.89
"NVL",142807,"/Date(1704353200000)/",16950,10000,19690000,335228000000,150,true,0.89
"NVL",142807,"/Date(1704353200000)/",16950,400,19680000,335059000000,150,true,0.89
"NVL",142807,"/Date(1704353200000)/",16950,500,19679600,335052000000,150,true,0.89
"NVL",142807,"/Date(1704353200000)/",16950,3900,19679100,335044000000,150,true,0.89
"NVL",142807,"/Date(1704353200000)/",16950,600,19675200,334977000000,150,true,0.89
"NVL",142807,"/Date(1704353199000)/",17000,100,19674600,334967000000,200,false,1.19
"NVL",142807,"/Date(1704353199000)/",16950,3500,19674500,334966000000,150,true,0.89
"NVL",142807,"/Date(1704353199000)/",16950,10000,19671000,334906000000,150,true,0.89
"NVL",142807,"/Date(1704353199000)/",16950,500,19661000,334737000000,150,true,0.89
"NVL",142807,"/Date(1704353199000)/",16950,100,19660500,334728000000,150,true,0.89
"NVL",142807,"/Date(1704353199000)/",16950,10000,19660400,334727000000,150,true,0.89
"NVL",142807,"/Date(1704353199000)/",16950,100,19650400,334557000000,150,true,0.89
"NVL",142807,"/Date(1704353199000)/",16950,500,19650300,334555000000,150,true,0.89
"NVL",142807,"/Date(1704353199000)/",16950,1000,19649800,334547000000,150,true,0.89
"NVL",142807,"/Date(1704353199000)/",16950,100,19648800,334530000000,150,true,0.89
"NVL",142807,"/Date(1704353199000)/",16950,300,19648700,334528000000,150,true,0.89
"NVL",142807,"/Date(1704353199000)/",16950,5000,19648400,334523000000,150,true,0.89
"NVL",142807,"/Date(1704353199000)/",16950,200,19643400,334438000000,150,true,0.89
"NVL",142807,"/Date(1704353199000)/",16950,3000,19643200,334435000000,150,true,0.89
"NVL",142807,"/Date(1704353199000)/",16950,500,19640200,334384000000,150,true,0.89
"NVL",142807,"/Date(1704353199000)/",16950,8000,19639700,334376000000,150,true,0.89
"NVL",142807,"/Date(1704353199000)/",16950,1000,19631700,334240000000,150,true,0.89
"NVL",142807,"/Date(1704353199000)/",16950,2000,19630700,334223000000,150,true,0.89
"NVL",142807,"/Date(1704353199000)/",16950,4200,19628700,334189000000,150,true,0.89
"NVL",142807,"/Date(1704353199000)/",16950,2100,19624500,334118000000,150,true,0.89
"NVL",142804,"/Date(1704353198000)/",16950,1000,19622400,334082000000,150,true,0.89
"NVL",142804,"/Date(1704353197000)/",16950,2000,19621400,334066000000,150,true,0.89
"NVL",142804,"/Date(1704353197000)/",16950,700,19619400,334032000000,150,true,0.89
"NVL",142804,"/Date(1704353197000)/",16950,1000,19618700,334020000000,150,true,0.89
"NVL",142804,"/Date(1704353197000)/",16950,3300,19617700,334003000000,150,true,0.89
"NVL",142804,"/Date(1704353196000)/",16950,3300,19614400,333947000000,150,true,0.89
"NVL",142804,"/Date(1704353196000)/",16950,1000,19611100,333891000000,150,true,0.89
"NVL",142804,"/Date(1704353196000)/",16950,700,19610100,333874000000,150,true,0.89
"NVL",142800,"/Date(1704353194000)/",16950,400,19609400,333862000000,150,true,0.89
"NVL",142800,"/Date(1704353194000)/",16950,5000,19609000,333855000000,150,true,0.89
"NVL",142800,"/Date(1704353194000)/",16950,100,19604000,333771000000,150,true,0.89
"NVL",142800,"/Date(1704353194000)/",16950,100,19603900,333769000000,150,true,0.89
"NVL",142800,"/Date(1704353194000)/",16950,5000,19603800,333767000000,150,true,0.89
"NVL",142800,"/Date(1704353194000)/",16950,100,19598800,333682000000,150,true,0.89
"NVL",142800,"/Date(1704353194000)/",16950,1000,19598700,333681000000,150,true,0.89
"NVL",142800,"/Date(1704353194000)/",16950,500,19597700,333664000000,150,true,0.89
"NVL",142800,"/Date(1704353194000)/",16950,5800,19597200,333655000000,150,true,0.89
"NVL",142757,"/Date(1704353190000)/",16950,200,19591400,333557000000,150,true,0.89
"NVL",142757,"/Date(1704353190000)/",16950,100,19591200,333554000000,150,true,0.89
"NVL",142757,"/Date(1704353190000)/",16950,200,19591100,333552000000,150,true,0.89
"NVL",142754,"/Date(1704353189000)/",16950,1800,19590900,333549000000,150,true,0.89
"NVL",142754,"/Date(1704353189000)/",16950,300,19589100,333518000000,150,true,0.89
"NVL",142754,"/Date(1704353189000)/",16950,900,19588800,333513000000,150,true,0.89
"NVL",142754,"/Date(1704353188000)/",16950,100,19587900,333498000000,150,true,0.89
"NVL",142754,"/Date(1704353188000)/",16950,1000,19587800,333496000000,150,true,0.89
"NVL",142754,"/Date(1704353188000)/",16950,200,19586800,333479000000,150,true,0.89
"NVL",142754,"/Date(1704353188000)/",16950,500,19586600,333476000000,150,true,0.89
"NVL",142754,"/Date(1704353188000)/",16950,100,19586100,333467000000,150,true,0.89
"NVL",142754,"/Date(1704353188000)/",16950,400,19586000,333466000000,150,true,0.89
"NVL",142754,"/Date(1704353188000)/",16950,1000,19585600,333459000000,150,true,0.89
"NVL",142754,"/Date(1704353188000)/",16950,200,19584600,333442000000,150,true,0.89
"NVL",142754,"/Date(1704353188000)/",16950,100,19584400,333438000000,150,true,0.89
"NVL",142754,"/Date(1704353188000)/",16950,300,19584300,333437000000,150,true,0.89
"NVL",142754,"/Date(1704353188000)/",16950,100,19584000,333432000000,150,true,0.89
"NVL",142754,"/Date(1704353188000)/",16950,500,19583900,333430000000,150,true,0.89
"NVL",142754,"/Date(1704353188000)/",16950,1000,19583400,333421000000,150,true,0.89
"NVL",142754,"/Date(1704353188000)/",16950,800,19582400,333404000000,150,true,0.89
"NVL",142754,"/Date(1704353188000)/",16950,300,19581600,333391000000,150,true,0.89
"NVL",142754,"/Date(1704353188000)/",16950,500,19581300,333386000000,150,true,0.89
"NVL",142754,"/Date(1704353188000)/",16950,100,19580800,333377000000,150,true,0.89
"NVL",142754,"/Date(1704353188000)/",16950,200,19580700,333376000000,150,true,0.89
"NVL",142754,"/Date(1704353188000)/",16950,2600,19580500,333372000000,150,true,0.89
"NVL",142751,"/Date(1704353186000)/",16950,400,19577900,333328000000,150,true,0.89
"NVL",142751,"/Date(1704353186000)/",16950,100,19577500,333321000000,150,true,0.89
"NVL",142751,"/Date(1704353186000)/",16950,100,19577400,333320000000,150,true,0.89
"NVL",142751,"/Date(1704353186000)/",16950,100,19577300,333318000000,150,true,0.89
"NVL",142751,"/Date(1704353186000)/",16950,5900,19577200,333316000000,150,true,0.89
"NVL",142751,"/Date(1704353186000)/",16950,1000,19571300,333216000000,150,true,0.89
"NVL",142751,"/Date(1704353186000)/",16950,100,19570300,333199000000,150,true,0.89
"NVL",142751,"/Date(1704353186000)/",16950,1100,19570200,333198000000,150,true,0.89
"NVL",142751,"/Date(1704353186000)/",16950,100,19569100,333179000000,150,true,0.89
"NVL",142751,"/Date(1704353186000)/",16950,2000,19569000,333177000000,150,true,0.89
"NVL",142751,"/Date(1704353186000)/",16950,200,19567000,333143000000,150,true,0.89
"NVL",142751,"/Date(1704353186000)/",16950,100,19566800,333140000000,150,true,0.89
"NVL",142751,"/Date(1704353186000)/",16950,300,19566700,333138000000,150,true,0.89
"NVL",142751,"/Date(1704353186000)/",16950,500,19566400,333133000000,150,true,0.89
"NVL",142751,"/Date(1704353186000)/",16950,1500,19565900,333125000000,150,true,0.89
"NVL",142751,"/Date(1704353186000)/",16950,100,19564400,333099000000,150,true,0.89
"NVL",142751,"/Date(1704353186000)/",16950,100,19564300,333098000000,150,true,0.89
"NVL",142751,"/Date(1704353186000)/",16950,200,19564200,333096000000,150,true,0.89
"NVL",142751,"/Date(1704353186000)/",16950,100,19564000,333093000000,150,true,0.89
"NVL",142751,"/Date(1704353186000)/",16950,1000,19563900,333091000000,150,true,0.89
"NVL",142751,"/Date(1704353186000)/",16950,200,19562900,333074000000,150,true,0.89
"NVL",142751,"/Date(1704353186000)/",16950,4800,19562700,333071000000,150,true,0.89
"NVL",142751,"/Date(1704353185000)/",16950,200,19557900,332989000000,150,true,0.89
"NVL",142751,"/Date(1704353185000)/",16950,100,19557700,332986000000,150,true,0.89
"NVL",142751,"/Date(1704353185000)/",16950,700,19557600,332984000000,150,true,0.89
"NVL",142751,"/Date(1704353184000)/",16950,100,19556900,332972000000,150,true,0.89
"NVL",142748,"/Date(1704353183000)/",16950,200,19556800,332971000000,150,true,0.89
"NVL",142748,"/Date(1704353183000)/",16950,100,19556600,332967000000,150,true,0.89
"NVL",142748,"/Date(1704353181000)/",16950,200,19556500,332965000000,150,true,0.89
"NVL",142748,"/Date(1704353181000)/",16950,500,19556300,332962000000,150,true,0.89
"NVL",142748,"/Date(1704353181000)/",16950,2000,19555800,332954000000,150,true,0.89
"NVL",142748,"/Date(1704353181000)/",16950,7300,19553800,332920000000,150,true,0.89
"NVL",142744,"/Date(1704353179000)/",16950,200,19546500,332796000000,150,true,0.89
"NVL",142744,"/Date(1704353178000)/",16950,1900,19546300,332793000000,150,true,0.89
"NVL",142741,"/Date(1704353176000)/",16950,3000,19544400,332760000000,150,true,0.89
"NVL",142741,"/Date(1704353175000)/",16950,2600,19541400,332710000000,150,true,0.89
"NVL",142741,"/Date(1704353175000)/",16950,200,19538800,332665000000,150,true,0.89
"NVL",142741,"/Date(1704353175000)/",16950,5000,19538600,332662000000,150,true,0.89
"NVL",142741,"/Date(1704353175000)/",16950,200,19533600,332577000000,150,true,0.89
"NVL",142741,"/Date(1704353175000)/",16950,200,19533400,332574000000,150,true,0.89
"NVL",142741,"/Date(1704353175000)/",16950,300,19533200,332571000000,150,true,0.89
"NVL",142741,"/Date(1704353175000)/",16950,800,19532900,332565000000,150,true,0.89
"NVL",142741,"/Date(1704353175000)/",16950,700,19532100,332552000000,150,true,0.89
"NVL",142738,"/Date(1704353173000)/",16950,1500,19531400,332540000000,150,true,0.89
"NVL",142738,"/Date(1704353173000)/",16950,800,19529900,332515000000,150,true,0.89
"NVL",142738,"/Date(1704353173000)/",16950,200,19529100,332501000000,150,true,0.89
"NVL",142738,"/Date(1704353173000)/",16950,400,19528900,332498000000,150,true,0.89
"NVL",142738,"/Date(1704353173000)/",16950,300,19528500,332491000000,150,true,0.89
"NVL",142738,"/Date(1704353173000)/",16950,1100,19528200,332486000000,150,true,0.89
"NVL",142738,"/Date(1704353171000)/",16950,500,19527100,332467000000,150,true,0.89
"NVL",142738,"/Date(1704353171000)/",16950,100,19526600,332459000000,150,true,0.89
"NVL",142738,"/Date(1704353171000)/",16950,1600,19526500,332457000000,150,true,0.89
"NVL",142735,"/Date(1704353170000)/",16950,100,19524900,332430000000,150,true,0.89
"NVL",142735,"/Date(1704353170000)/",16950,4400,19524800,332428000000,150,true,0.89
"NVL",142735,"/Date(1704353169000)/",16950,1000,19520400,332354000000,150,true,0.89
"NVL",142735,"/Date(1704353168000)/",16950,1200,19519400,332337000000,150,true,0.89
"NVL",142735,"/Date(1704353168000)/",16950,1500,19518200,332316000000,150,true,0.89
"NVL",142735,"/Date(1704353168000)/",16950,2000,19516700,332291000000,150,true,0.89
"NVL",142735,"/Date(1704353168000)/",16950,300,19514700,332257000000,150,true,0.89
"NVL",142735,"/Date(1704353168000)/",16950,200,19514400,332252000000,150,true,0.89
"NVL",142735,"/Date(1704353168000)/",16950,500,19514200,332248000000,150,true,0.89
"NVL",142735,"/Date(1704353168000)/",16950,300,19513700,332240000000,150,true,0.89
"NVL",142735,"/Date(1704353168000)/",16950,700,19513400,332235000000,150,true,0.89
"NVL",142735,"/Date(1704353168000)/",16950,1000,19512700,332223000000,150,true,0.89
"NVL",142735,"/Date(1704353168000)/",16950,200,19511700,332206000000,150,true,0.89
"NVL",142735,"/Date(1704353168000)/",16950,8100,19511500,332203000000,150,true,0.89
"NVL",142732,"/Date(1704353166000)/",16950,15000,19503400,332065000000,150,true,0.89
"NVL",142732,"/Date(1704353165000)/",16950,30000,19488400,331811000000,150,true,0.89
"NVL",142728,"/Date(1704353163000)/",16950,10000,19458400,331303000000,150,true,0.89
"NVL",142728,"/Date(1704353162000)/",16950,2500,19448400,331133000000,150,true,0.89
"NVL",142725,"/Date(1704353158000)/",16950,4000,19445900,331091000000,150,true,0.89
"NVL",142722,"/Date(1704353155000)/",16950,30000,19441900,331023000000,150,true,0.89
"NVL",142722,"/Date(1704353155000)/",16950,100,19411900,330515000000,150,true,0.89
"NVL",142719,"/Date(1704353153000)/",16950,300,19411800,330513000000,150,true,0.89
"NVL",142719,"/Date(1704353153000)/",16950,5000,19411500,330508000000,150,true,0.89
"NVL",142719,"/Date(1704353153000)/",16950,4700,19406500,330423000000,150,true,0.89
"NVL",142719,"/Date(1704353153000)/",16950,5300,19401800,330343000000,150,true,0.89
"NVL",142719,"/Date(1704353153000)/",16950,500,19396500,330253000000,150,true,0.89
"NVL",142719,"/Date(1704353153000)/",16950,2000,19396000,330245000000,150,true,0.89
"NVL",142719,"/Date(1704353153000)/",16950,2000,19394000,330211000000,150,true,0.89
"NVL",142719,"/Date(1704353153000)/",16950,2000,19392000,330177000000,150,true,0.89
"NVL",142719,"/Date(1704353153000)/",16950,100,19390000,330143000000,150,true,0.89
"NVL",142719,"/Date(1704353153000)/",16950,800,19389900,330142000000,150,true,0.89
"NVL",142719,"/Date(1704353153000)/",16950,200,19389100,330128000000,150,true,0.89
"NVL",142719,"/Date(1704353153000)/",16950,200,19388900,330125000000,150,true,0.89
"NVL",142719,"/Date(1704353153000)/",16950,200,19388700,330121000000,150,true,0.89
"NVL",142719,"/Date(1704353153000)/",16950,200,19388500,330118000000,150,true,0.89
"NVL",142719,"/Date(1704353153000)/",16950,300,19388300,330114000000,150,true,0.89
"NVL",142719,"/Date(1704353153000)/",16950,1000,19388000,330109000000,150,true,0.89
"NVL",142719,"/Date(1704353153000)/",16950,25700,19387000,330092000000,150,true,0.89
"NVL",142719,"/Date(1704353153000)/",16950,500,19361300,329657000000,150,true,0.89
"NVL",142719,"/Date(1704353153000)/",16950,1000,19360800,329648000000,150,true,0.89
"NVL",142719,"/Date(1704353153000)/",16950,100,19359800,329631000000,150,true,0.89
"NVL",142719,"/Date(1704353153000)/",16950,2000,19359700,329630000000,150,true,0.89
"NVL",142719,"/Date(1704353153000)/",16950,200,19357700,329596000000,150,true,0.89
"NVL",142719,"/Date(1704353153000)/",16950,3000,19357500,329592000000,150,true,0.89
"NVL",142719,"/Date(1704353153000)/",16950,300,19354500,329542000000,150,true,0.89
"NVL",142719,"/Date(1704353153000)/",16950,500,19354200,329536000000,150,true,0.89
"NVL",142719,"/Date(1704353153000)/",16950,3000,19353700,329528000000,150,true,0.89
"NVL",142719,"/Date(1704353153000)/",16950,100,19350700,329477000000,150,true,0.89
"NVL",142719,"/Date(1704353153000)/",16950,300,19350600,329475000000,150,true,0.89
"NVL",142719,"/Date(1704353153000)/",16950,6500,19350300,329470000000,150,true,0.89
"NVL",142719,"/Date(1704353153000)/",16950,300,19343800,329360000000,150,true,0.89
"NVL",142719,"/Date(1704353152000)/",16950,200,19343500,329355000000,150,true,0.89
"NVL",142719,"/Date(1704353152000)/",16950,300,19343300,329352000000,150,true,0.89
"NVL",142719,"/Date(1704353152000)/",16950,30000,19343000,329347000000,150,true,0.89
"NVL",142716,"/Date(1704353149000)/",17000,2000,19313000,328838000000,200,false,1.19
"NVL",142716,"/Date(1704353149000)/",16950,2000,19311000,328804000000,150,true,0.89
"NVL",142712,"/Date(1704353147000)/",16950,200,19309000,328770000000,150,true,0.89
"NVL",142712,"/Date(1704353146000)/",16950,20000,19308800,328767000000,150,true,0.89
"NVL",142712,"/Date(1704353146000)/",16950,100,19288800,328428000000,150,true,0.89
"NVL",142709,"/Date(1704353143000)/",16950,5000,19288700,328426000000,150,true,0.89
"NVL",142709,"/Date(1704353142000)/",16950,1200,19283700,328341000000,150,true,0.89
"NVL",142706,"/Date(1704353140000)/",16950,10000,19282500,328321000000,150,true,0.89
"NVL",142703,"/Date(1704353136000)/",16950,100,19272500,328152000000,150,true,0.89
"NVL",142700,"/Date(1704353135000)/",16950,15000,19272400,328150000000,150,true,0.89
"NVL",142656,"/Date(1704353131000)/",17000,400,19257400,327896000000,200,false,1.19
"NVL",142656,"/Date(1704353131000)/",17000,300,19257000,327889000000,200,false,1.19
"NVL",142656,"/Date(1704353130000)/",16950,10000,19256700,327884000000,150,true,0.89
"NVL",142640,"/Date(1704353114000)/",17000,200,19246700,327714000000,200,false,1.19
"NVL",142637,"/Date(1704353110000)/",16950,50000,19246500,327711000000,150,true,0.89
"NVL",142634,"/Date(1704353108000)/",16950,10000,19196500,326863000000,150,true,0.89
"NVL",142631,"/Date(1704353103000)/",17000,100,19186500,326694000000,200,false,1.19
"NVL",142624,"/Date(1704353098000)/",16950,2000,19186400,326692000000,150,true,0.89
"NVL",142621,"/Date(1704353095000)/",16950,20000,19184400,326658000000,150,true,0.89
"NVL",142621,"/Date(1704353094000)/",16950,100,19164400,326319000000,150,true,0.89
"NVL",142618,"/Date(1704353093000)/",17000,400,19164300,326318000000,200,false,1.19
"NVL",142618,"/Date(1704353093000)/",17000,100,19163900,326311000000,200,false,1.19
"NVL",142612,"/Date(1704353086000)/",17000,200,19163800,326309000000,200,false,1.19
"NVL",142612,"/Date(1704353085000)/",16950,600,19163600,326306000000,150,true,0.89
"NVL",142608,"/Date(1704353081000)/",16950,2200,19163000,326295000000,150,true,0.89
"NVL",142605,"/Date(1704353079000)/",16950,14200,19160800,326258000000,150,true,0.89
"NVL",142605,"/Date(1704353079000)/",16950,500,19146600,326017000000,150,true,0.89
"NVL",142605,"/Date(1704353079000)/",16950,10000,19146100,326009000000,150,true,0.89
"NVL",142605,"/Date(1704353079000)/",16950,400,19136100,325840000000,150,true,0.89
"NVL",142605,"/Date(1704353079000)/",16950,1000,19135700,325833000000,150,true,0.89
"NVL",142605,"/Date(1704353079000)/",16950,3000,19134700,325816000000,150,true,0.89
"NVL",142605,"/Date(1704353079000)/",16950,100,19131700,325765000000,150,true,0.89
"NVL",142605,"/Date(1704353079000)/",16950,1000,19131600,325763000000,150,true,0.89
"NVL",142605,"/Date(1704353079000)/",16950,100,19130600,325746000000,150,true,0.89
"NVL",142605,"/Date(1704353079000)/",16950,100,19130500,325745000000,150,true,0.89
"NVL",142605,"/Date(1704353079000)/",16950,100,19130400,325743000000,150,true,0.89
"NVL",142605,"/Date(1704353079000)/",16950,600,19130300,325741000000,150,true,0.89
"NVL",142605,"/Date(1704353079000)/",16950,100,19129700,325731000000,150,true,0.89
"NVL",142605,"/Date(1704353079000)/",16950,5000,19129600,325729000000,150,true,0.89
"NVL",142605,"/Date(1704353079000)/",16950,400,19124600,325645000000,150,true,0.89
"NVL",142605,"/Date(1704353079000)/",16950,200,19124200,325638000000,150,true,0.89
"NVL",142605,"/Date(1704353079000)/",16950,1000,19124000,325634000000,150,true,0.89
"NVL",142605,"/Date(1704353079000)/",16950,2000,19123000,325617000000,150,true,0.89
"NVL",142605,"/Date(1704353079000)/",16950,500,19121000,325584000000,150,true,0.89
"NVL",142605,"/Date(1704353079000)/",16950,9700,19120500,325575000000,150,true,0.89
"NVL",142602,"/Date(1704353075000)/",17000,100,19110800,325411000000,200,false,1.19
"NVL",142549,"/Date(1704353062000)/",16950,8000,19110700,325409000000,150,true,0.89
"NVL",142546,"/Date(1704353059000)/",17000,400,19102700,325273000000,200,false,1.19
"NVL",142546,"/Date(1704353059000)/",17000,1500,19102300,325267000000,200,false,1.19
"NVL",142540,"/Date(1704353055000)/",17000,100,19100800,325241000000,200,false,1.19
"NVL",142540,"/Date(1704353055000)/",17000,1400,19100700,325239000000,200,false,1.19
"NVL",142540,"/Date(1704353054000)/",17000,1000,19099300,325216000000,200,false,1.19
"NVL",142540,"/Date(1704353054000)/",16950,1000,19098300,325199000000,150,true,0.89
"NVL",142533,"/Date(1704353046000)/",17000,3000,19097300,325182000000,200,false,1.19
"NVL",142530,"/Date(1704353045000)/",17000,2500,19094300,325131000000,200,false,1.19
"NVL",142530,"/Date(1704353045000)/",16950,100,19091800,325088000000,150,true,0.89
"NVL",142524,"/Date(1704353038000)/",17000,4500,19091700,325086000000,200,false,1.19
"NVL",142524,"/Date(1704353038000)/",17000,200,19087200,325010000000,200,false,1.19
"NVL",142524,"/Date(1704353038000)/",17000,1400,19087000,325007000000,200,false,1.19
"NVL",142520,"/Date(1704353033000)/",17000,100,19085600,324983000000,200,false,1.19
"NVL",142520,"/Date(1704353033000)/",17000,100,19085500,324981000000,200,false,1.19
"NVL",142508,"/Date(1704353020000)/",17000,400,19085400,324979000000,200,false,1.19
"NVL",142508,"/Date(1704353020000)/",17000,1600,19085000,324973000000,200,false,1.19
"NVL",142458,"/Date(1704353011000)/",16950,500,19083400,324945000000,150,true,0.89
"NVL",142455,"/Date(1704353010000)/",17000,200,19082900,324937000000,200,false,1.19
"NVL",142455,"/Date(1704353009000)/",16950,1000,19082700,324933000000,150,true,0.89
"NVL",142442,"/Date(1704352996000)/",17000,3800,19081700,324917000000,200,false,1.19
"NVL",142432,"/Date(1704352987000)/",17000,4400,19077900,324852000000,200,false,1.19
"NVL",142432,"/Date(1704352987000)/",17000,400,19073500,324777000000,200,false,1.19
"NVL",142432,"/Date(1704352987000)/",17000,200,19073100,324770000000,200,false,1.19
"NVL",142432,"/Date(1704352987000)/",17000,300,19072900,324767000000,200,false,1.19
"NVL",142426,"/Date(1704352981000)/",17000,1000,19072600,324762000000,200,false,1.19
"NVL",142426,"/Date(1704352980000)/",17000,1300,19071600,324745000000,200,false,1.19
"NVL",142426,"/Date(1704352979000)/",17000,100,19070300,324723000000,200,false,1.19
"NVL",142416,"/Date(1704352969000)/",17000,200,19070200,324721000000,200,false,1.19
"NVL",142416,"/Date(1704352969000)/",17000,100,19070000,324718000000,200,false,1.19
"NVL",142410,"/Date(1704352965000)/",17000,100,19069900,324716000000,200,false,1.19
"NVL",142410,"/Date(1704352964000)/",17000,5000,19069800,324714000000,200,false,1.19
"NVL",142407,"/Date(1704352961000)/",17000,300,19064800,324629000000,200,false,1.19
"NVL",142404,"/Date(1704352958000)/",17000,2000,19064500,324624000000,200,false,1.19
"NVL",142351,"/Date(1704352945000)/",17000,1000,19062500,324590000000,200,false,1.19
"NVL",142338,"/Date(1704352933000)/",17000,8400,19061500,324573000000,200,false,1.19
"NVL",142338,"/Date(1704352933000)/",17000,1000,19053100,324430000000,200,false,1.19
"NVL",142338,"/Date(1704352933000)/",17000,1000,19052100,324413000000,200,false,1.19
"NVL",142338,"/Date(1704352933000)/",17000,200,19051100,324396000000,200,false,1.19
"NVL",142338,"/Date(1704352933000)/",17000,1000,19050900,324393000000,200,false,1.19
"NVL",142338,"/Date(1704352933000)/",17000,100,19049900,324376000000,200,false,1.19
"NVL",142338,"/Date(1704352933000)/",17000,2000,19049800,324374000000,200,false,1.19
"NVL",142338,"/Date(1704352933000)/",17000,200,19047800,324340000000,200,false,1.19
"NVL",142338,"/Date(1704352933000)/",17000,1100,19047600,324337000000,200,false,1.19
"NVL",142335,"/Date(1704352929000)/",16950,4000,19046500,324318000000,150,true,0.89
"NVL",142335,"/Date(1704352927000)/",17000,2000,19042500,324250000000,200,false,1.19
"NVL",142335,"/Date(1704352927000)/",17000,3200,19040500,324216000000,200,false,1.19
"NVL",142335,"/Date(1704352927000)/",17000,9800,19037300,324162000000,200,false,1.19
"NVL",142331,"/Date(1704352924000)/",16950,500,19027500,323995000000,150,true,0.89
"NVL",142319,"/Date(1704352911000)/",17000,500,19027000,323987000000,200,false,1.19
"NVL",142312,"/Date(1704352906000)/",17000,4000,19026500,323978000000,200,false,1.19
"NVL",142312,"/Date(1704352906000)/",16950,5200,19022500,323910000000,150,true,0.89
"NVL",142312,"/Date(1704352906000)/",16950,700,19017300,323822000000,150,true,0.89
"NVL",142312,"/Date(1704352905000)/",16950,100,19016600,323810000000,150,true,0.89
"NVL",142309,"/Date(1704352903000)/",17000,500,19016500,323809000000,200,false,1.19
"NVL",142306,"/Date(1704352899000)/",16950,900,19016000,323800000000,150,true,0.89
"NVL",142303,"/Date(1704352895000)/",17000,200,19015100,323785000000,200,false,1.19
"NVL",142303,"/Date(1704352895000)/",17000,900,19014900,323781000000,200,false,1.19
"NVL",142259,"/Date(1704352893000)/",17000,200,19014000,323766000000,200,false,1.19
"NVL",142256,"/Date(1704352890000)/",17000,100,19013800,323763000000,200,false,1.19
"NVL",142253,"/Date(1704352889000)/",17000,3000,19013700,323761000000,200,false,1.19
"NVL",142253,"/Date(1704352887000)/",17000,500,19010700,323710000000,200,false,1.19
"NVL",142237,"/Date(1704352873000)/",17000,1000,19010200,323702000000,200,false,1.19
"NVL",142237,"/Date(1704352870000)/",17000,300,19009200,323685000000,200,false,1.19
"NVL",142237,"/Date(1704352870000)/",17000,1000,19008900,323679000000,200,false,1.19
"NVL",142221,"/Date(1704352854000)/",17000,1700,19007900,323662000000,200,false,1.19
"NVL",142221,"/Date(1704352854000)/",17000,200,19006200,323634000000,200,false,1.19
"NVL",142221,"/Date(1704352854000)/",17000,100,19006000,323630000000,200,false,1.19
"NVL",142221,"/Date(1704352854000)/",17000,100,19005900,323628000000,200,false,1.19
"NVL",142218,"/Date(1704352853000)/",17000,800,19005800,323627000000,200,false,1.19
"NVL",142218,"/Date(1704352853000)/",17000,200,19005000,323613000000,200,false,1.19
"NVL",142218,"/Date(1704352853000)/",17000,1000,19004800,323610000000,200,false,1.19
"NVL",142218,"/Date(1704352853000)/",17000,100,19003800,323593000000,200,false,1.19
"NVL",142218,"/Date(1704352853000)/",17000,1000,19003700,323591000000,200,false,1.19
"NVL",142218,"/Date(1704352853000)/",17000,2900,19002700,323574000000,200,false,1.19
"NVL",142215,"/Date(1704352848000)/",16950,1300,18999800,323525000000,150,true,0.89
"NVL",142215,"/Date(1704352848000)/",16950,3700,18998500,323503000000,150,true,0.89
"NVL",142211,"/Date(1704352844000)/",17000,5000,18994800,323440000000,200,false,1.19
"NVL",142202,"/Date(1704352837000)/",17000,100,18989800,323355000000,200,false,1.19
"NVL",142202,"/Date(1704352834000)/",17000,2000,18989700,323353000000,200,false,1.19
"NVL",142202,"/Date(1704352834000)/",17000,1500,18987700,323319000000,200,false,1.19
"NVL",142139,"/Date(1704352814000)/",17000,500,18986200,323294000000,200,false,1.19
"NVL",142139,"/Date(1704352814000)/",17000,4500,18985700,323285000000,200,false,1.19
"NVL",142136,"/Date(1704352809000)/",16950,1300,18981200,323209000000,150,true,0.89
"NVL",142136,"/Date(1704352809000)/",16950,700,18979900,323187000000,150,true,0.89
"NVL",142133,"/Date(1704352808000)/",17000,200,18979200,323175000000,200,false,1.19
"NVL",142130,"/Date(1704352805000)/",17000,200,18979000,323172000000,200,false,1.19
"NVL",142117,"/Date(1704352791000)/",17000,7000,18978800,323168000000,200,false,1.19
"NVL",142114,"/Date(1704352789000)/",16950,200,18971800,323049000000,150,true,0.89
"NVL",142107,"/Date(1704352782000)/",16950,100,18971600,323046000000,150,true,0.89
"NVL",142104,"/Date(1704352780000)/",17000,48100,18971500,323044000000,200,false,1.19
"NVL",142104,"/Date(1704352780000)/",17000,1900,18923400,322226000000,200,false,1.19
"NVL",142104,"/Date(1704352777000)/",17000,200,18921500,322194000000,200,false,1.19
"NVL",142101,"/Date(1704352776000)/",16950,100,18921300,322191000000,150,true,0.89
"NVL",142101,"/Date(1704352775000)/",17000,1000,18921200,322189000000,200,false,1.19
"NVL",142051,"/Date(1704352765000)/",17000,1000,18920200,322172000000,200,false,1.19
"NVL",142045,"/Date(1704352759000)/",17000,500,18919200,322155000000,200,false,1.19
"NVL",142042,"/Date(1704352756000)/",17000,400,18918700,322146000000,200,false,1.19
"NVL",142042,"/Date(1704352756000)/",17000,600,18918300,322140000000,200,false,1.19
"NVL",142039,"/Date(1704352754000)/",17000,200,18917700,322129000000,200,false,1.19
"NVL",142039,"/Date(1704352752000)/",17000,100,18917500,322126000000,200,false,1.19
"NVL",142039,"/Date(1704352752000)/",17000,1000,18917400,322124000000,200,false,1.19
"NVL",142035,"/Date(1704352750000)/",17000,200,18916400,322107000000,200,false,1.19
"NVL",142035,"/Date(1704352748000)/",17000,900,18916200,322104000000,200,false,1.19
"NVL",142035,"/Date(1704352748000)/",17000,100,18915300,322089000000,200,false,1.19
"NVL",142029,"/Date(1704352744000)/",17000,900,18915200,322087000000,200,false,1.19
"NVL",142029,"/Date(1704352744000)/",17000,100,18914300,322072000000,200,false,1.19
"NVL",142029,"/Date(1704352741000)/",17000,900,18914200,322070000000,200,false,1.19
"NVL",142026,"/Date(1704352741000)/",17000,500,18913300,322055000000,200,true,1.19
"NVL",142026,"/Date(1704352740000)/",17000,200,18912800,322046000000,200,true,1.19
"NVL",142026,"/Date(1704352738000)/",17000,1300,18912600,322043000000,200,true,1.19
"NVL",142023,"/Date(1704352738000)/",17000,2000,18911300,322021000000,200,true,1.19
"NVL",142023,"/Date(1704352737000)/",17000,400,18909300,321987000000,200,true,1.19
"NVL",142023,"/Date(1704352736000)/",17000,2000,18908900,321980000000,200,true,1.19
"NVL",142023,"/Date(1704352736000)/",17000,5000,18906900,321946000000,200,true,1.19
"NVL",142016,"/Date(1704352731000)/",17000,500,18901900,321861000000,200,false,1.19
"NVL",142016,"/Date(1704352731000)/",17000,100,18901400,321852000000,200,false,1.19
"NVL",142016,"/Date(1704352731000)/",17000,100,18901300,321851000000,200,false,1.19
"NVL",142016,"/Date(1704352731000)/",17000,8000,18901200,321849000000,200,false,1.19
"NVL",142016,"/Date(1704352731000)/",17000,10000,18893200,321713000000,200,false,1.19
"NVL",142016,"/Date(1704352731000)/",17000,4000,18883200,321543000000,200,false,1.19
"NVL",142016,"/Date(1704352731000)/",17000,1000,18879200,321475000000,200,false,1.19
"NVL",142016,"/Date(1704352731000)/",17000,100,18878200,321458000000,200,false,1.19
"NVL",142016,"/Date(1704352731000)/",17000,3400,18878100,321456000000,200,false,1.19
"NVL",142016,"/Date(1704352731000)/",17000,5700,18874700,321398000000,200,false,1.19
"NVL",142016,"/Date(1704352731000)/",17000,100,18869000,321302000000,200,false,1.19
"NVL",142016,"/Date(1704352731000)/",17000,5000,18868900,321300000000,200,false,1.19
"NVL",142016,"/Date(1704352731000)/",17000,1300,18863900,321215000000,200,false,1.19
"NVL",142013,"/Date(1704352728000)/",17000,500,18862600,321193000000,200,false,1.19
"NVL",142013,"/Date(1704352727000)/",17000,100,18862100,321184000000,200,false,1.19
"NVL",142007,"/Date(1704352722000)/",17000,1100,18862000,321183000000,200,false,1.19
"NVL",142007,"/Date(1704352722000)/",17000,300,18860900,321164000000,200,false,1.19
"NVL",142007,"/Date(1704352720000)/",17000,200,18860600,321159000000,200,false,1.19
"NVL",142003,"/Date(1704352719000)/",17000,100,18860400,321155000000,200,false,1.19
"NVL",142003,"/Date(1704352719000)/",17000,900,18860300,321154000000,200,false,1.19
"NVL",141957,"/Date(1704352711000)/",17000,1000,18859400,321138000000,200,false,1.19
"NVL",141957,"/Date(1704352711000)/",17000,1000,18858400,321121000000,200,false,1.19
"NVL",141957,"/Date(1704352711000)/",17000,5000,18857400,321104000000,200,false,1.19
"NVL",141957,"/Date(1704352711000)/",17000,300,18852400,321019000000,200,false,1.19
"NVL",141957,"/Date(1704352711000)/",17000,200,18852100,321014000000,200,false,1.19
"NVL",141957,"/Date(1704352711000)/",17000,1000,18851900,321011000000,200,false,1.19
"NVL",141957,"/Date(1704352711000)/",17000,100,18850900,320994000000,200,false,1.19
"NVL",141957,"/Date(1704352711000)/",17000,500,18850800,320992000000,200,false,1.19
"NVL",141957,"/Date(1704352711000)/",17000,500,18850300,320984000000,200,false,1.19
"NVL",141957,"/Date(1704352710000)/",17000,2000,18849800,320975000000,200,false,1.19
"NVL",141957,"/Date(1704352709000)/",17000,5000,18847800,320941000000,200,false,1.19
"NVL",141954,"/Date(1704352709000)/",17000,10000,18842800,320856000000,200,true,1.19
"NVL",141954,"/Date(1704352709000)/",17000,300,18832800,320686000000,200,true,1.19
"NVL",141954,"/Date(1704352708000)/",17000,20000,18832500,320681000000,200,true,1.19
"NVL",141954,"/Date(1704352708000)/",17000,12700,18812500,320341000000,200,true,1.19
"NVL",141954,"/Date(1704352708000)/",17000,200,18799800,320125000000,200,true,1.19
"NVL",141954,"/Date(1704352708000)/",17000,1400,18799600,320122000000,200,true,1.19
"NVL",141954,"/Date(1704352708000)/",17000,200,18798200,320098000000,200,true,1.19
"NVL",141954,"/Date(1704352708000)/",17000,500,18798000,320095000000,200,true,1.19
"NVL",141954,"/Date(1704352708000)/",17000,100,18797500,320086000000,200,true,1.19
"NVL",141954,"/Date(1704352708000)/",17000,2300,18797400,320084000000,200,true,1.19
"NVL",141954,"/Date(1704352708000)/",17000,500,18795100,320045000000,200,true,1.19
"NVL",141954,"/Date(1704352708000)/",17000,1000,18794600,320037000000,200,true,1.19
"NVL",141954,"/Date(1704352708000)/",17000,500,18793600,320020000000,200,true,1.19
"NVL",141954,"/Date(1704352708000)/",17000,200,18793100,320011000000,200,true,1.19
"NVL",141954,"/Date(1704352708000)/",17000,400,18792900,320008000000,200,true,1.19
"NVL",141954,"/Date(1704352708000)/",17000,600,18792500,320001000000,200,true,1.19
"NVL",141954,"/Date(1704352708000)/",17000,100,18791900,319991000000,200,true,1.19
"NVL",141954,"/Date(1704352708000)/",17000,1300,18791800,319989000000,200,true,1.19
"NVL",141954,"/Date(1704352708000)/",17000,2000,18790500,319967000000,200,true,1.19
"NVL",141954,"/Date(1704352708000)/",17000,1000,18788500,319933000000,200,true,1.19
"NVL",141954,"/Date(1704352707000)/",17000,1000,18787500,319916000000,200,true,1.19
"NVL",141954,"/Date(1704352707000)/",17000,500,18786500,319899000000,200,true,1.19
"NVL",141954,"/Date(1704352706000)/",17000,5000,18786000,319891000000,200,true,1.19
"NVL",141954,"/Date(1704352706000)/",17000,4500,18781000,319806000000,200,true,1.19
"NVL",141954,"/Date(1704352706000)/",17000,1000,18776500,319729000000,200,true,1.19
"NVL",141954,"/Date(1704352706000)/",17000,1000,18775500,319712000000,200,true,1.19
"NVL",141954,"/Date(1704352706000)/",17000,100,18774500,319695000000,200,true,1.19
"NVL",141954,"/Date(1704352706000)/",17000,100,18774400,319693000000,200,true,1.19
"NVL",141954,"/Date(1704352706000)/",17000,3000,18774300,319692000000,200,true,1.19
"NVL",141954,"/Date(1704352706000)/",17000,300,18771300,319641000000,200,true,1.19
"NVL",141954,"/Date(1704352706000)/",17000,100,18771000,319636000000,200,true,1.19
"NVL",141954,"/Date(1704352706000)/",17000,100,18770900,319634000000,200,true,1.19
"NVL",141954,"/Date(1704352706000)/",17000,1000,18770800,319632000000,200,true,1.19
"NVL",141954,"/Date(1704352706000)/",17000,200,18769800,319615000000,200,true,1.19
"NVL",141954,"/Date(1704352706000)/",17000,200,18769600,319612000000,200,true,1.19
"NVL",141954,"/Date(1704352706000)/",17000,200,18769400,319608000000,200,true,1.19
"NVL",141954,"/Date(1704352706000)/",17000,500,18769200,319605000000,200,true,1.19
"NVL",141954,"/Date(1704352706000)/",17000,500,18768700,319596000000,200,true,1.19
"NVL",141954,"/Date(1704352706000)/",17000,100,18768200,319588000000,200,true,1.19
"NVL",141954,"/Date(1704352706000)/",17000,1000,18768100,319586000000,200,true,1.19
"NVL",141954,"/Date(1704352706000)/",17000,200,18767100,319569000000,200,true,1.19
"NVL",141954,"/Date(1704352706000)/",17000,500,18766900,319566000000,200,true,1.19
"NVL",141954,"/Date(1704352706000)/",17000,1000,18766400,319557000000,200,true,1.19
"NVL",141954,"/Date(1704352706000)/",17000,200,18765400,319540000000,200,true,1.19
"NVL",141954,"/Date(1704352706000)/",17000,100,18765200,319537000000,200,true,1.19
"NVL",141954,"/Date(1704352706000)/",17000,100,18765100,319535000000,200,true,1.19
"NVL",141951,"/Date(1704352706000)/",17000,300,18765000,319534000000,200,true,1.19
"NVL",141951,"/Date(1704352705000)/",17000,500,18764700,319528000000,200,true,1.19
"NVL",141951,"/Date(1704352704000)/",17000,3000,18764200,319520000000,200,true,1.19
"NVL",141951,"/Date(1704352704000)/",17000,1000,18761200,319469000000,200,true,1.19
"NVL",141951,"/Date(1704352704000)/",17000,1000,18760200,319452000000,200,true,1.19
"NVL",141951,"/Date(1704352704000)/",17000,11000,18759200,319435000000,200,true,1.19
"NVL",141951,"/Date(1704352703000)/",17000,1000,18748200,319248000000,200,true,1.19
"NVL",141947,"/Date(1704352703000)/",17000,1500,18747200,319231000000,200,true,1.19
"NVL",141947,"/Date(1704352701000)/",17000,200,18745700,319205000000,200,true,1.19
"NVL",141944,"/Date(1704352700000)/",17000,1000,18745500,319202000000,200,true,1.19
"NVL",141944,"/Date(1704352699000)/",17000,2000,18744500,319185000000,200,true,1.19
"NVL",141944,"/Date(1704352699000)/",17000,14300,18742500,319151000000,200,true,1.19
"NVL",141944,"/Date(1704352698000)/",17000,3100,18728200,318908000000,200,true,1.19
"NVL",141944,"/Date(1704352698000)/",17000,4100,18725100,318855000000,200,true,1.19
"NVL",141944,"/Date(1704352698000)/",17000,100,18721000,318786000000,200,true,1.19
"NVL",141944,"/Date(1704352698000)/",17000,5000,18720900,318784000000,200,true,1.19
"NVL",141944,"/Date(1704352698000)/",17000,300,18715900,318699000000,200,true,1.19
"NVL",141944,"/Date(1704352698000)/",17000,200,18715600,318694000000,200,true,1.19
"NVL",141944,"/Date(1704352698000)/",17000,5000,18715400,318690000000,200,true,1.19
"NVL",141944,"/Date(1704352698000)/",17000,300,18710400,318605000000,200,true,1.19
"NVL",141944,"/Date(1704352698000)/",17000,1900,18710100,318600000000,200,true,1.19
"NVL",141944,"/Date(1704352698000)/",17000,2000,18708200,318568000000,200,true,1.19
"NVL",141944,"/Date(1704352697000)/",17000,100,18706200,318534000000,200,true,1.19
"NVL",141941,"/Date(1704352695000)/",17000,2000,18706100,318532000000,200,true,1.19
"NVL",141941,"/Date(1704352694000)/",17000,1000,18704100,318498000000,200,true,1.19
"NVL",141941,"/Date(1704352694000)/",17000,600,18703100,318481000000,200,true,1.19
"NVL",141941,"/Date(1704352694000)/",17000,400,18702500,318471000000,200,true,1.19
"NVL",141935,"/Date(1704352690000)/",17000,100,18702100,318464000000,200,true,1.19
"NVL",141935,"/Date(1704352690000)/",17000,300,18702000,318463000000,200,true,1.19
"NVL",141935,"/Date(1704352690000)/",17000,1000,18701700,318457000000,200,true,1.19
"NVL",141935,"/Date(1704352690000)/",17000,100,18700700,318440000000,200,true,1.19
"NVL",141935,"/Date(1704352690000)/",17000,500,18700600,318439000000,200,true,1.19
"NVL",141935,"/Date(1704352690000)/",17000,2000,18700100,318430000000,200,true,1.19
"NVL",141935,"/Date(1704352688000)/",17000,500,18698100,318396000000,200,true,1.19
"NVL",141935,"/Date(1704352688000)/",17000,5000,18697600,318388000000,200,true,1.19
"NVL",141935,"/Date(1704352687000)/",17000,200,18692600,318303000000,200,true,1.19
"NVL",141928,"/Date(1704352681000)/",17000,100,18692400,318299000000,200,true,1.19
"NVL",141922,"/Date(1704352676000)/",17000,100,18692300,318298000000,200,true,1.19
"NVL",141919,"/Date(1704352674000)/",17000,15000,18692200,318296000000,200,true,1.19
"NVL",141919,"/Date(1704352673000)/",17000,8000,18677200,318041000000,200,true,1.19
"NVL",141915,"/Date(1704352670000)/",17000,10000,18669200,317905000000,200,true,1.19
"NVL",141912,"/Date(1704352665000)/",17000,8300,18659200,317735000000,200,true,1.19
"NVL",141909,"/Date(1704352664000)/",17000,800,18650900,317594000000,200,true,1.19
"NVL",141909,"/Date(1704352664000)/",17000,600,18650100,317580000000,200,true,1.19
"NVL",141909,"/Date(1704352662000)/",17000,1400,18649500,317570000000,200,true,1.19
"NVL",141909,"/Date(1704352662000)/",17000,3600,18648100,317546000000,200,true,1.19
"NVL",141909,"/Date(1704352661000)/",17000,6000,18644500,317485000000,200,true,1.19
"NVL",141859,"/Date(1704352654000)/",17000,100,18638500,317383000000,200,true,1.19
"NVL",141859,"/Date(1704352653000)/",17000,200,18638400,317381000000,200,true,1.19
"NVL",141859,"/Date(1704352653000)/",17000,300,18638200,317378000000,200,true,1.19
"NVL",141859,"/Date(1704352652000)/",17000,500,18637900,317373000000,200,true,1.19
"NVL",141859,"/Date(1704352652000)/",17000,2300,18637400,317364000000,200,true,1.19
"NVL",141859,"/Date(1704352652000)/",17000,500,18635100,317325000000,200,true,1.19
"NVL",141859,"/Date(1704352652000)/",17000,1000,18634600,317317000000,200,true,1.19
"NVL",141859,"/Date(1704352652000)/",17000,200,18633600,317300000000,200,true,1.19
"NVL",141859,"/Date(1704352652000)/",17000,200,18633400,317296000000,200,true,1.19
"NVL",141859,"/Date(1704352652000)/",17000,200,18633200,317293000000,200,true,1.19
"NVL",141859,"/Date(1704352652000)/",17000,500,18633000,317290000000,200,true,1.19
"NVL",141859,"/Date(1704352652000)/",17000,14300,18632500,317281000000,200,true,1.19
"NVL",141856,"/Date(1704352651000)/",17000,1000,18618200,317038000000,200,true,1.19
"NVL",141843,"/Date(1704352638000)/",17000,700,18617200,317021000000,200,true,1.19
"NVL",141840,"/Date(1704352634000)/",17000,300,18616500,317009000000,200,true,1.19
"NVL",141837,"/Date(1704352630000)/",17000,2500,18616200,317004000000,200,true,1.19
"NVL",141834,"/Date(1704352627000)/",17000,31200,18613700,316961000000,200,true,1.19
"NVL",141834,"/Date(1704352627000)/",17000,100,18582500,316431000000,200,true,1.19
"NVL",141821,"/Date(1704352616000)/",17000,400,18582400,316429000000,200,true,1.19
"NVL",141821,"/Date(1704352616000)/",17000,600,18582000,316423000000,200,true,1.19
"NVL",141821,"/Date(1704352616000)/",17000,100,18581400,316412000000,200,true,1.19
"NVL",141821,"/Date(1704352616000)/",17000,18900,18581300,316411000000,200,true,1.19
"NVL",141811,"/Date(1704352606000)/",17050,500,18562400,316089000000,250,false,1.49
"NVL",141802,"/Date(1704352596000)/",17050,100,18561900,316081000000,250,false,1.49
"NVL",141759,"/Date(1704352593000)/",17000,100,18561800,316079000000,200,true,1.19
"NVL",141755,"/Date(1704352589000)/",17000,4400,18561700,316077000000,200,true,1.19
"NVL",141755,"/Date(1704352589000)/",17000,1000,18557300,316003000000,200,true,1.19
"NVL",141755,"/Date(1704352589000)/",17000,5000,18556300,315986000000,200,true,1.19
"NVL",141755,"/Date(1704352589000)/",17000,100,18551300,315901000000,200,true,1.19
"NVL",141755,"/Date(1704352589000)/",17000,1000,18551200,315899000000,200,true,1.19
"NVL",141755,"/Date(1704352589000)/",17000,10000,18550200,315882000000,200,true,1.19
"NVL",141755,"/Date(1704352589000)/",17000,1000,18540200,315712000000,200,true,1.19
"NVL",141755,"/Date(1704352589000)/",17000,500,18539200,315695000000,200,true,1.19
"NVL",141755,"/Date(1704352589000)/",17000,2000,18538700,315686000000,200,true,1.19
"NVL",141755,"/Date(1704352589000)/",17000,500,18536700,315652000000,200,true,1.19
"NVL",141755,"/Date(1704352589000)/",17000,1200,18536200,315644000000,200,true,1.19
"NVL",141755,"/Date(1704352589000)/",17000,300,18535000,315624000000,200,true,1.19
"NVL",141755,"/Date(1704352589000)/",17000,5000,18534700,315618000000,200,true,1.19
"NVL",141755,"/Date(1704352589000)/",17000,100,18529700,315533000000,200,true,1.19
"NVL",141755,"/Date(1704352589000)/",17000,2000,18529600,315532000000,200,true,1.19
"NVL",141755,"/Date(1704352589000)/",17000,1200,18527600,315498000000,200,true,1.19
"NVL",141755,"/Date(1704352589000)/",17000,4900,18526400,315477000000,200,true,1.19
"NVL",141755,"/Date(1704352589000)/",17000,1000,18521500,315394000000,200,true,1.19
"NVL",141755,"/Date(1704352589000)/",17000,800,18520500,315377000000,200,true,1.19
"NVL",141755,"/Date(1704352589000)/",17000,700,18519700,315363000000,200,true,1.19
"NVL",141755,"/Date(1704352589000)/",17000,600,18519000,315352000000,200,true,1.19
"NVL",141755,"/Date(1704352589000)/",17000,100,18518400,315341000000,200,true,1.19
"NVL",141755,"/Date(1704352589000)/",17000,200,18518300,315340000000,200,true,1.19
"NVL",141755,"/Date(1704352589000)/",17000,200,18518100,315336000000,200,true,1.19
"NVL",141755,"/Date(1704352589000)/",17000,10000,18517900,315333000000,200,true,1.19
"NVL",141755,"/Date(1704352589000)/",17000,300,18507900,315163000000,200,true,1.19
"NVL",141755,"/Date(1704352589000)/",17000,15000,18507600,315158000000,200,true,1.19
"NVL",141755,"/Date(1704352589000)/",17000,3000,18492600,314903000000,200,true,1.19
"NVL",141755,"/Date(1704352589000)/",17000,1600,18489600,314852000000,200,true,1.19
"NVL",141743,"/Date(1704352577000)/",17050,700,18488000,314825000000,250,false,1.49
"NVL",141736,"/Date(1704352569000)/",17000,900,18487300,314813000000,200,true,1.19
"NVL",141736,"/Date(1704352569000)/",17000,100,18486400,314797000000,200,true,1.19
"NVL",141736,"/Date(1704352569000)/",17000,9000,18486300,314796000000,200,true,1.19
"NVL",141730,"/Date(1704352564000)/",17050,1500,18477300,314643000000,250,false,1.49
"NVL",141723,"/Date(1704352556000)/",17000,900,18475800,314617000000,200,true,1.19
"NVL",141720,"/Date(1704352554000)/",17050,100,18474900,314602000000,250,false,1.49
"NVL",141720,"/Date(1704352554000)/",17050,400,18474800,314600000000,250,false,1.49
"NVL",141717,"/Date(1704352551000)/",17000,100,18474400,314593000000,200,true,1.19
"NVL",141717,"/Date(1704352551000)/",17000,200,18474300,314591000000,200,true,1.19
"NVL",141717,"/Date(1704352551000)/",17000,200,18474100,314588000000,200,true,1.19
"NVL",141717,"/Date(1704352551000)/",17000,100,18473900,314585000000,200,true,1.19
"NVL",141717,"/Date(1704352551000)/",17000,300,18473800,314583000000,200,true,1.19
"NVL",141717,"/Date(1704352551000)/",17000,200,18473500,314578000000,200,true,1.19
"NVL",141717,"/Date(1704352551000)/",17000,500,18473300,314574000000,200,true,1.19
"NVL",141717,"/Date(1704352551000)/",17000,500,18472800,314566000000,200,true,1.19
"NVL",141711,"/Date(1704352545000)/",17000,100,18472300,314557000000,200,true,1.19
"NVL",141711,"/Date(1704352545000)/",17000,500,18472200,314556000000,200,true,1.19
"NVL",141711,"/Date(1704352545000)/",17000,3000,18471700,314547000000,200,true,1.19
"NVL",141711,"/Date(1704352545000)/",17000,100,18468700,314496000000,200,true,1.19
"NVL",141711,"/Date(1704352545000)/",17000,200,18468600,314495000000,200,true,1.19
"NVL",141711,"/Date(1704352545000)/",17000,200,18468400,314491000000,200,true,1.19
"NVL",141711,"/Date(1704352545000)/",17000,10000,18468200,314488000000,200,true,1.19
"NVL",141711,"/Date(1704352545000)/",17000,2000,18458200,314318000000,200,true,1.19
"NVL",141711,"/Date(1704352545000)/",17000,200,18456200,314284000000,200,true,1.19
"NVL",141711,"/Date(1704352545000)/",17000,500,18456000,314280000000,200,true,1.19
"NVL",141711,"/Date(1704352545000)/",17000,600,18455500,314272000000,200,true,1.19
"NVL",141711,"/Date(1704352545000)/",17000,100,18454900,314262000000,200,true,1.19
"NVL",141711,"/Date(1704352545000)/",17000,100,18454800,314260000000,200,true,1.19
"NVL",141711,"/Date(1704352545000)/",17000,100,18454700,314258000000,200,true,1.19
"NVL",141711,"/Date(1704352545000)/",17000,100,18454600,314257000000,200,true,1.19
"NVL",141711,"/Date(1704352545000)/",17000,1000,18454500,314255000000,200,true,1.19
"NVL",141711,"/Date(1704352545000)/",17000,300,18453500,314238000000,200,true,1.19
"NVL",141711,"/Date(1704352545000)/",17000,200,18453200,314233000000,200,true,1.19
"NVL",141711,"/Date(1704352545000)/",17000,1000,18453000,314229000000,200,true,1.19
"NVL",141711,"/Date(1704352545000)/",17000,500,18452000,314212000000,200,true,1.19
"NVL",141711,"/Date(1704352545000)/",17000,100,18451500,314204000000,200,true,1.19
"NVL",141711,"/Date(1704352545000)/",17000,200,18451400,314202000000,200,true,1.19
"NVL",141711,"/Date(1704352545000)/",17000,100,18451200,314199000000,200,true,1.19
"NVL",141711,"/Date(1704352545000)/",17000,2000,18451100,314197000000,200,true,1.19
"NVL",141711,"/Date(1704352545000)/",17000,100,18449100,314163000000,200,true,1.19
"NVL",141711,"/Date(1704352545000)/",17000,100,18449000,314161000000,200,true,1.19
"NVL",141711,"/Date(1704352545000)/",17000,12000,18448900,314160000000,200,true,1.19
"NVL",141711,"/Date(1704352545000)/",17000,600,18436900,313956000000,200,true,1.19
"NVL",141711,"/Date(1704352544000)/",17050,500,18436300,313945000000,250,false,1.49
"NVL",141707,"/Date(1704352542000)/",17000,1000,18435800,313937000000,200,true,1.19
"NVL",141701,"/Date(1704352536000)/",17000,100,18434800,313920000000,200,true,1.19
"NVL",141655,"/Date(1704352529000)/",17000,500,18434700,313918000000,200,true,1.19
"NVL",141651,"/Date(1704352527000)/",17000,2000,18434200,313910000000,200,true,1.19
"NVL",141648,"/Date(1704352524000)/",17050,1000,18432200,313876000000,250,false,1.49
"NVL",141645,"/Date(1704352518000)/",17000,2000,18431200,313859000000,200,true,1.19
"NVL",141635,"/Date(1704352508000)/",17000,2100,18429200,313825000000,200,true,1.19
"NVL",141626,"/Date(1704352499000)/",17050,300,18427100,313789000000,250,false,1.49
"NVL",141626,"/Date(1704352499000)/",17050,1000,18426800,313784000000,250,false,1.49
"NVL",141626,"/Date(1704352498000)/",17000,1700,18425800,313767000000,200,true,1.19
"NVL",141626,"/Date(1704352498000)/",17000,2000,18424100,313738000000,200,true,1.19
"NVL",141626,"/Date(1704352498000)/",17000,300,18422100,313704000000,200,true,1.19
"NVL",141626,"/Date(1704352498000)/",17000,2000,18421800,313699000000,200,true,1.19
"NVL",141626,"/Date(1704352498000)/",17000,1800,18419800,313665000000,200,true,1.19
"NVL",141626,"/Date(1704352498000)/",17000,200,18418000,313634000000,200,true,1.19
"NVL",141619,"/Date(1704352494000)/",17050,500,18417800,313631000000,250,false,1.49
"NVL",141613,"/Date(1704352486000)/",17050,400,18417300,313622000000,250,true,1.49
"NVL",141613,"/Date(1704352486000)/",17050,100,18416900,313616000000,250,true,1.49
"NVL",141613,"/Date(1704352486000)/",17050,1900,18416800,313614000000,250,true,1.49
"NVL",141610,"/Date(1704352485000)/",17050,300,18414900,313581000000,250,true,1.49
"NVL",141610,"/Date(1704352485000)/",17050,100,18414600,313576000000,250,true,1.49
"NVL",141610,"/Date(1704352485000)/",17050,500,18414500,313575000000,250,true,1.49
"NVL",141610,"/Date(1704352485000)/",17050,100,18414000,313566000000,250,true,1.49
"NVL",141610,"/Date(1704352485000)/",17050,200,18413900,313564000000,250,true,1.49
"NVL",141610,"/Date(1704352485000)/",17050,1800,18413700,313561000000,250,true,1.49
"NVL",141610,"/Date(1704352484000)/",17050,100,18411900,313530000000,250,true,1.49
"NVL",141610,"/Date(1704352483000)/",17050,100,18411800,313529000000,250,true,1.49
"NVL",141606,"/Date(1704352482000)/",17050,1000,18411700,313527000000,250,true,1.49
"NVL",141606,"/Date(1704352481000)/",17050,500,18410700,313510000000,250,true,1.49
"NVL",141606,"/Date(1704352479000)/",17050,100,18410200,313501000000,250,true,1.49
"NVL",141606,"/Date(1704352479000)/",17050,3400,18410100,313500000000,250,true,1.49
"NVL",141606,"/Date(1704352479000)/",17050,500,18406700,313442000000,250,true,1.49
"NVL",141606,"/Date(1704352479000)/",17050,1100,18406200,313433000000,250,true,1.49
"NVL",141603,"/Date(1704352478000)/",17050,800,18405100,313414000000,250,true,1.49
"NVL",141603,"/Date(1704352478000)/",17050,100,18404300,313401000000,250,true,1.49
"NVL",141603,"/Date(1704352478000)/",17050,5000,18404200,313399000000,250,true,1.49
"NVL",141603,"/Date(1704352478000)/",17050,2000,18399200,313314000000,250,true,1.49
"NVL",141603,"/Date(1704352478000)/",17050,2100,18397200,313280000000,250,true,1.49
"NVL",141603,"/Date(1704352477000)/",17050,200,18395100,313244000000,250,true,1.49
"NVL",141603,"/Date(1704352476000)/",17050,700,18394900,313240000000,250,true,1.49
"NVL",141603,"/Date(1704352476000)/",17050,500,18394200,313228000000,250,true,1.49
"NVL",141603,"/Date(1704352476000)/",17050,100,18393700,313220000000,250,true,1.49
"NVL",141603,"/Date(1704352476000)/",17050,200,18393600,313218000000,250,true,1.49
"NVL",141603,"/Date(1704352476000)/",17050,100,18393400,313215000000,250,true,1.49
"NVL",141603,"/Date(1704352476000)/",17050,100,18393300,313213000000,250,true,1.49
"NVL",141603,"/Date(1704352476000)/",17050,300,18393200,313211000000,250,true,1.49
"NVL",141603,"/Date(1704352476000)/",17050,1000,18392900,313206000000,250,true,1.49
"NVL",141600,"/Date(1704352475000)/",17050,100,18391900,313189000000,250,true,1.49
"NVL",141600,"/Date(1704352473000)/",17050,500,18391800,313188000000,250,true,1.49
"NVL",141600,"/Date(1704352472000)/",17050,100,18391300,313179000000,250,true,1.49
"NVL",141557,"/Date(1704352471000)/",17050,1200,18391200,313177000000,250,true,1.49
"NVL",141557,"/Date(1704352470000)/",17050,1800,18390000,313157000000,250,true,1.49
"NVL",141557,"/Date(1704352470000)/",17050,200,18388200,313126000000,250,true,1.49
"NVL",141557,"/Date(1704352470000)/",17050,1400,18388000,313123000000,250,true,1.49
"NVL",141557,"/Date(1704352470000)/",17050,3400,18386600,313099000000,250,true,1.49
"NVL",141557,"/Date(1704352470000)/",17050,500,18383200,313041000000,250,true,1.49
"NVL",141557,"/Date(1704352470000)/",17050,1100,18382700,313032000000,250,true,1.49
"NVL",141557,"/Date(1704352470000)/",17050,100,18381600,313014000000,250,true,1.49
"NVL",141557,"/Date(1704352470000)/",17050,200,18381500,313012000000,250,true,1.49
"NVL",141557,"/Date(1704352470000)/",17050,100,18381300,313009000000,250,true,1.49
"NVL",141557,"/Date(1704352470000)/",17050,1400,18381200,313007000000,250,true,1.49
"NVL",141557,"/Date(1704352470000)/",17050,200,18379800,312983000000,250,true,1.49
"NVL",141557,"/Date(1704352470000)/",17050,300,18379600,312980000000,250,true,1.49
"NVL",141557,"/Date(1704352470000)/",17050,4700,18379300,312974000000,250,true,1.49
"NVL",141557,"/Date(1704352470000)/",17050,4400,18374600,312894000000,250,true,1.49
"NVL",141557,"/Date(1704352470000)/",17050,200,18370200,312819000000,250,true,1.49
"NVL",141557,"/Date(1704352470000)/",17050,8800,18370000,312816000000,250,true,1.49
"NVL",141557,"/Date(1704352470000)/",17050,2400,18361200,312666000000,250,true,1.49
"NVL",141557,"/Date(1704352470000)/",17050,2800,18358800,312625000000,250,true,1.49
"NVL",141557,"/Date(1704352470000)/",17050,200,18356000,312577000000,250,true,1.49
"NVL",141557,"/Date(1704352470000)/",17050,1100,18355800,312574000000,250,true,1.49
"NVL",141557,"/Date(1704352470000)/",17050,4200,18354700,312555000000,250,true,1.49
"NVL",141557,"/Date(1704352470000)/",17050,1200,18350500,312483000000,250,true,1.49
"NVL",141557,"/Date(1704352470000)/",17050,100,18349300,312463000000,250,true,1.49
"NVL",141557,"/Date(1704352470000)/",17050,10000,18349200,312461000000,250,true,1.49
"NVL",141557,"/Date(1704352470000)/",17050,100,18339200,312291000000,250,true,1.49
"NVL",141557,"/Date(1704352470000)/",17050,100,18339100,312289000000,250,true,1.49
"NVL",141557,"/Date(1704352470000)/",17050,1500,18339000,312287000000,250,true,1.49
"NVL",141557,"/Date(1704352470000)/",17050,2600,18337500,312262000000,250,true,1.49
"NVL",141557,"/Date(1704352470000)/",17050,1600,18334900,312217000000,250,true,1.49
"NVL",141557,"/Date(1704352470000)/",17050,400,18333300,312190000000,250,true,1.49
"NVL",141557,"/Date(1704352470000)/",17050,13200,18332900,312183000000,250,true,1.49
"NVL",141557,"/Date(1704352470000)/",17050,1000,18319700,311958000000,250,true,1.49
"NVL",141557,"/Date(1704352470000)/",17050,2000,18318700,311941000000,250,true,1.49
"NVL",141557,"/Date(1704352470000)/",17050,1000,18316700,311907000000,250,true,1.49
"NVL",141557,"/Date(1704352470000)/",17050,1000,18315700,311890000000,250,true,1.49
"NVL",141557,"/Date(1704352470000)/",17050,1000,18314700,311873000000,250,true,1.49
"NVL",141557,"/Date(1704352470000)/",17050,1000,18313700,311856000000,250,true,1.49
"NVL",141557,"/Date(1704352470000)/",17050,100,18312700,311839000000,250,true,1.49
"NVL",141557,"/Date(1704352470000)/",17050,2000,18312600,311837000000,250,true,1.49
"NVL",141557,"/Date(1704352470000)/",17050,1100,18310600,311803000000,250,true,1.49
"NVL",141557,"/Date(1704352470000)/",17050,100,18309500,311784000000,250,true,1.49
"NVL",141557,"/Date(1704352470000)/",17050,700,18309400,311783000000,250,true,1.49
"NVL",141557,"/Date(1704352470000)/",17050,600,18308700,311771000000,250,true,1.49
"NVL",141557,"/Date(1704352470000)/",17050,400,18308100,311760000000,250,true,1.49
"NVL",141557,"/Date(1704352470000)/",17050,1600,18307700,311754000000,250,true,1.49
"NVL",141557,"/Date(1704352470000)/",17050,1400,18306100,311726000000,250,true,1.49
"NVL",141557,"/Date(1704352470000)/",17050,2000,18304700,311702000000,250,true,1.49
"NVL",141557,"/Date(1704352470000)/",17050,1000,18302700,311668000000,250,true,1.49
"NVL",141557,"/Date(1704352470000)/",17050,600,18301700,311651000000,250,true,1.49
"NVL",141557,"/Date(1704352470000)/",17050,500,18301100,311641000000,250,true,1.49
"NVL",141557,"/Date(1704352470000)/",17050,44500,18300600,311633000000,250,true,1.49
"NVL",141557,"/Date(1704352470000)/",17050,3700,18256100,310874000000,250,true,1.49
"NVL",141557,"/Date(1704352470000)/",17050,1400,18252400,310811000000,250,true,1.49
"NVL",141557,"/Date(1704352470000)/",17050,800,18251000,310787000000,250,true,1.49
"NVL",141557,"/Date(1704352470000)/",17050,200,18250200,310773000000,250,true,1.49
"NVL",141557,"/Date(1704352470000)/",17050,1000,18250000,310770000000,250,true,1.49
"NVL",141557,"/Date(1704352470000)/",17050,1200,18249000,310753000000,250,true,1.49
"NVL",141557,"/Date(1704352470000)/",17050,2800,18247800,310732000000,250,true,1.49
"NVL",141557,"/Date(1704352470000)/",17050,1400,18245000,310685000000,250,true,1.49
"NVL",141557,"/Date(1704352470000)/",17050,3200,18243600,310661000000,250,true,1.49
"NVL",141557,"/Date(1704352470000)/",17050,400,18240400,310606000000,250,true,1.49
"NVL",141557,"/Date(1704352470000)/",17050,200,18240000,310599000000,250,true,1.49
"NVL",141557,"/Date(1704352470000)/",17050,1600,18239800,310596000000,250,true,1.49
"NVL",141557,"/Date(1704352469000)/",17050,3000,18238200,310569000000,250,true,1.49
"NVL",141557,"/Date(1704352469000)/",17050,800,18235200,310518000000,250,true,1.49
"NVL",141557,"/Date(1704352469000)/",17050,3600,18234400,310504000000,250,true,1.49
"NVL",141557,"/Date(1704352469000)/",17050,600,18230800,310442000000,250,true,1.49
"NVL",141557,"/Date(1704352469000)/",17050,3000,18230200,310432000000,250,true,1.49
"NVL",141557,"/Date(1704352469000)/",17050,1800,18227200,310381000000,250,true,1.49
"NVL",141557,"/Date(1704352469000)/",17050,1800,18225400,310350000000,250,true,1.49
"NVL",141557,"/Date(1704352469000)/",17050,800,18223600,310320000000,250,true,1.49
"NVL",141557,"/Date(1704352469000)/",17050,800,18222800,310306000000,250,true,1.49
"NVL",141557,"/Date(1704352469000)/",17050,200,18222000,310292000000,250,true,1.49
"NVL",141557,"/Date(1704352469000)/",17050,1800,18221800,310289000000,250,true,1.49
"NVL",141557,"/Date(1704352469000)/",17050,3200,18220000,310258000000,250,true,1.49
"NVL",141557,"/Date(1704352469000)/",17050,2800,18216800,310204000000,250,true,1.49
"NVL",141557,"/Date(1704352469000)/",17050,1800,18214000,310156000000,250,true,1.49
"NVL",141554,"/Date(1704352469000)/",17050,2000,18212200,310125000000,250,true,1.49
"NVL",141554,"/Date(1704352468000)/",17050,1000,18210200,310091000000,250,true,1.49
"NVL",141554,"/Date(1704352468000)/",17050,5000,18209200,310074000000,250,true,1.49
"NVL",141550,"/Date(1704352463000)/",17050,1500,18204200,309989000000,250,true,1.49
"NVL",141547,"/Date(1704352462000)/",17050,400,18202700,309963000000,250,true,1.49
"NVL",141544,"/Date(1704352458000)/",17050,300,18202300,309957000000,250,true,1.49
"NVL",141544,"/Date(1704352458000)/",17100,200,18202000,309951000000,300,false,1.79
"NVL",141541,"/Date(1704352456000)/",17100,5500,18201800,309948000000,300,false,1.79
"NVL",141534,"/Date(1704352449000)/",17050,1400,18196300,309854000000,250,true,1.49
"NVL",141534,"/Date(1704352449000)/",17050,700,18194900,309830000000,250,true,1.49
"NVL",141534,"/Date(1704352449000)/",17050,1000,18194200,309818000000,250,true,1.49
"NVL",141534,"/Date(1704352449000)/",17050,2000,18193200,309801000000,250,true,1.49
"NVL",141534,"/Date(1704352449000)/",17050,3700,18191200,309767000000,250,true,1.49
"NVL",141534,"/Date(1704352449000)/",17050,5000,18187500,309704000000,250,true,1.49
"NVL",141534,"/Date(1704352449000)/",17050,10000,18182500,309619000000,250,true,1.49
"NVL",141534,"/Date(1704352449000)/",17050,1000,18172500,309448000000,250,true,1.49
"NVL",141534,"/Date(1704352449000)/",17050,500,18171500,309431000000,250,true,1.49
"NVL",141534,"/Date(1704352449000)/",17050,1300,18171000,309423000000,250,true,1.49
"NVL",141534,"/Date(1704352449000)/",17050,2000,18169700,309400000000,250,true,1.49
"NVL",141534,"/Date(1704352449000)/",17050,300,18167700,309366000000,250,true,1.49
"NVL",141534,"/Date(1704352449000)/",17050,100,18167400,309361000000,250,true,1.49
"NVL",141534,"/Date(1704352449000)/",17050,500,18167300,309360000000,250,true,1.49
"NVL",141534,"/Date(1704352449000)/",17050,100,18166800,309351000000,250,true,1.49
"NVL",141534,"/Date(1704352449000)/",17050,1800,18166700,309349000000,250,true,1.49
"NVL",141534,"/Date(1704352449000)/",17050,100,18164900,309319000000,250,true,1.49
"NVL",141534,"/Date(1704352449000)/",17050,100,18164800,309317000000,250,true,1.49
"NVL",141534,"/Date(1704352449000)/",17050,200,18164700,309315000000,250,true,1.49
"NVL",141534,"/Date(1704352449000)/",17050,5000,18164500,309312000000,250,true,1.49
"NVL",141534,"/Date(1704352449000)/",17050,500,18159500,309227000000,250,true,1.49
"NVL",141534,"/Date(1704352449000)/",17050,300,18159000,309218000000,250,true,1.49
"NVL",141534,"/Date(1704352449000)/",17050,6000,18158700,309213000000,250,true,1.49
"NVL",141534,"/Date(1704352449000)/",17050,200,18152700,309111000000,250,true,1.49
"NVL",141534,"/Date(1704352449000)/",17050,5000,18152500,309107000000,250,true,1.49
"NVL",141534,"/Date(1704352449000)/",17050,500,18147500,309022000000,250,true,1.49
"NVL",141534,"/Date(1704352449000)/",17050,700,18147000,309013000000,250,true,1.49
"NVL",141534,"/Date(1704352448000)/",17050,1200,18146300,309001000000,250,true,1.49
"NVL",141534,"/Date(1704352448000)/",17050,500,18145100,308981000000,250,true,1.49
"NVL",141534,"/Date(1704352448000)/",17050,1300,18144600,308973000000,250,true,1.49
"NVL",141528,"/Date(1704352441000)/",17100,100,18143300,308950000000,300,false,1.79
"NVL",141528,"/Date(1704352441000)/",17050,10000,18143200,308949000000,250,true,1.49
"NVL",141525,"/Date(1704352438000)/",17100,3400,18133200,308778000000,300,false,1.79
"NVL",141518,"/Date(1704352431000)/",17050,100,18129800,308720000000,250,true,1.49
"NVL",141512,"/Date(1704352428000)/",17100,3000,18129700,308718000000,300,false,1.79
"NVL",141512,"/Date(1704352426000)/",17050,200,18126700,308667000000,250,true,1.49
"NVL",141512,"/Date(1704352426000)/",17100,100,18126500,308664000000,300,false,1.79
"NVL",141512,"/Date(1704352425000)/",17050,10000,18126400,308662000000,250,true,1.49
"NVL",141506,"/Date(1704352419000)/",17050,100,18116400,308491000000,250,true,1.49
"NVL",141502,"/Date(1704352417000)/",17100,400,18116300,308490000000,300,false,1.79
"NVL",141502,"/Date(1704352417000)/",17100,1000,18115900,308483000000,300,false,1.79
"NVL",141450,"/Date(1704352402000)/",17100,200,18114900,308466000000,300,false,1.79
"NVL",141440,"/Date(1704352393000)/",17050,400,18114700,308462000000,250,true,1.49
"NVL",141440,"/Date(1704352393000)/",17050,1000,18114300,308455000000,250,true,1.49
"NVL",141434,"/Date(1704352387000)/",17100,20000,18113300,308438000000,300,false,1.79
"NVL",141427,"/Date(1704352381000)/",17050,200,18093300,308096000000,250,true,1.49
"NVL",141424,"/Date(1704352378000)/",17050,2000,18093100,308093000000,250,true,1.49
"NVL",141418,"/Date(1704352372000)/",17050,200,18091100,308059000000,250,true,1.49
"NVL",141414,"/Date(1704352369000)/",17050,30000,18090900,308056000000,250,true,1.49
"NVL",141405,"/Date(1704352360000)/",17050,500,18060900,307544000000,250,true,1.49
"NVL",141405,"/Date(1704352360000)/",17050,3000,18060400,307535000000,250,true,1.49
"NVL",141402,"/Date(1704352353000)/",17050,200,18057400,307484000000,250,true,1.49
"NVL",141358,"/Date(1704352351000)/",17100,200,18057200,307481000000,300,false,1.79
"NVL",141352,"/Date(1704352347000)/",17100,100,18057000,307478000000,300,false,1.79
"NVL",141349,"/Date(1704352344000)/",17050,2000,18056900,307476000000,250,true,1.49
"NVL",141349,"/Date(1704352342000)/",17050,300,18054900,307442000000,250,true,1.49
"NVL",141346,"/Date(1704352339000)/",17050,38500,18054600,307437000000,250,true,1.49
"NVL",141346,"/Date(1704352339000)/",17050,100,18016100,306780000000,250,true,1.49
"NVL",141346,"/Date(1704352339000)/",17050,5000,18016000,306778000000,250,true,1.49
"NVL",141346,"/Date(1704352339000)/",17050,3900,18011000,306693000000,250,true,1.49
"NVL",141346,"/Date(1704352339000)/",17050,1000,18007100,306627000000,250,true,1.49
"NVL",141346,"/Date(1704352339000)/",17050,3000,18006100,306610000000,250,true,1.49
"NVL",141346,"/Date(1704352339000)/",17050,1000,18003100,306559000000,250,true,1.49
"NVL",141346,"/Date(1704352339000)/",17050,500,18002100,306541000000,250,true,1.49
"NVL",141346,"/Date(1704352339000)/",17050,500,18001600,306533000000,250,true,1.49
"NVL",141346,"/Date(1704352339000)/",17050,500,18001100,306524000000,250,true,1.49
"NVL",141346,"/Date(1704352339000)/",17050,100,18000600,306516000000,250,true,1.49
"NVL",141346,"/Date(1704352339000)/",17050,100,18000500,306514000000,250,true,1.49
"NVL",141346,"/Date(1704352339000)/",17050,500,18000400,306512000000,250,true,1.49
"NVL",141346,"/Date(1704352339000)/",17050,100,17999900,306504000000,250,true,1.49
"NVL",141346,"/Date(1704352339000)/",17050,1000,17999800,306502000000,250,true,1.49
"NVL",141346,"/Date(1704352339000)/",17050,1000,17998800,306485000000,250,true,1.49
"NVL",141346,"/Date(1704352339000)/",17050,100,17997800,306468000000,250,true,1.49
"NVL",141346,"/Date(1704352339000)/",17050,500,17997700,306466000000,250,true,1.49
"NVL",141346,"/Date(1704352339000)/",17050,200,17997200,306458000000,250,true,1.49
"NVL",141346,"/Date(1704352339000)/",17050,200,17997000,306454000000,250,true,1.49
"NVL",141346,"/Date(1704352339000)/",17050,1000,17996800,306451000000,250,true,1.49
"NVL",141346,"/Date(1704352339000)/",17050,100,17995800,306434000000,250,true,1.49
"NVL",141346,"/Date(1704352339000)/",17050,1000,17995700,306432000000,250,true,1.49
"NVL",141346,"/Date(1704352339000)/",17050,1000,17994700,306415000000,250,true,1.49
"NVL",141346,"/Date(1704352339000)/",17050,3100,17993700,306398000000,250,true,1.49
"NVL",141346,"/Date(1704352339000)/",17050,2000,17990600,306345000000,250,true,1.49
"NVL",141346,"/Date(1704352339000)/",17050,2000,17988600,306311000000,250,true,1.49
"NVL",141346,"/Date(1704352339000)/",17050,1900,17986600,306277000000,250,true,1.49
"NVL",141346,"/Date(1704352339000)/",17050,100,17984700,306245000000,250,true,1.49
"NVL",141346,"/Date(1704352339000)/",17100,300,17984600,306243000000,300,false,1.79
"NVL",141342,"/Date(1704352336000)/",17050,300,17984300,306238000000,250,true,1.49
"NVL",141342,"/Date(1704352336000)/",17050,300,17984000,306233000000,250,true,1.49
"NVL",141342,"/Date(1704352336000)/",17050,400,17983700,306228000000,250,true,1.49
"NVL",141339,"/Date(1704352333000)/",17100,100,17983300,306221000000,300,false,1.79
"NVL",141339,"/Date(1704352332000)/",17050,600,17983200,306219000000,250,true,1.49
"NVL",141339,"/Date(1704352332000)/",17050,2000,17982600,306209000000,250,true,1.49
"NVL",141339,"/Date(1704352332000)/",17050,200,17980600,306175000000,250,true,1.49
"NVL",141339,"/Date(1704352332000)/",17050,2200,17980400,306171000000,250,true,1.49
"NVL",141333,"/Date(1704352327000)/",17050,1000,17978200,306134000000,250,true,1.49
"NVL",141323,"/Date(1704352318000)/",17100,100,17977200,306117000000,300,false,1.79
"NVL",141323,"/Date(1704352317000)/",17050,800,17977100,306115000000,250,true,1.49
"NVL",141317,"/Date(1704352312000)/",17050,100,17976300,306102000000,250,true,1.49
"NVL",141317,"/Date(1704352311000)/",17100,500,17976200,306100000000,300,false,1.79
"NVL",141310,"/Date(1704352304000)/",17050,100,17975700,306091000000,250,true,1.49
"NVL",141307,"/Date(1704352302000)/",17100,100,17975600,306090000000,300,false,1.79
"NVL",141304,"/Date(1704352298000)/",17100,1000,17975500,306088000000,300,false,1.79
"NVL",141251,"/Date(1704352286000)/",17100,100,17974500,306071000000,300,false,1.79
"NVL",141232,"/Date(1704352265000)/",17100,7000,17974400,306069000000,300,false,1.79
"NVL",141229,"/Date(1704352262000)/",17050,1200,17967400,305949000000,250,true,1.49
"NVL",141229,"/Date(1704352262000)/",17050,200,17966200,305929000000,250,true,1.49
"NVL",141229,"/Date(1704352262000)/",17050,200,17966000,305925000000,250,true,1.49
"NVL",141229,"/Date(1704352262000)/",17050,1400,17965800,305922000000,250,true,1.49
"NVL",141229,"/Date(1704352262000)/",17050,1000,17964400,305898000000,250,true,1.49
"NVL",141225,"/Date(1704352260000)/",17100,100,17963400,305881000000,300,false,1.79
"NVL",141213,"/Date(1704352245000)/",17050,1000,17963300,305879000000,250,true,1.49
"NVL",141209,"/Date(1704352242000)/",17100,200,17962300,305862000000,300,false,1.79
"NVL",141157,"/Date(1704352230000)/",17100,600,17962100,305859000000,300,false,1.79
"NVL",141153,"/Date(1704352229000)/",17100,300,17961500,305849000000,300,false,1.79
"NVL",141141,"/Date(1704352214000)/",17050,100,17961200,305844000000,250,true,1.49
"NVL",141137,"/Date(1704352212000)/",17050,200,17961100,305842000000,250,true,1.49
"NVL",141128,"/Date(1704352201000)/",17100,5800,17960900,305838000000,300,false,1.79
"NVL",141125,"/Date(1704352199000)/",17050,3000,17955100,305739000000,250,true,1.49
"NVL",141121,"/Date(1704352196000)/",17050,200,17952100,305688000000,250,true,1.49
"NVL",141115,"/Date(1704352190000)/",17050,200,17951900,305685000000,250,true,1.49
"NVL",141115,"/Date(1704352190000)/",17050,100,17951700,305681000000,250,true,1.49
"NVL",141109,"/Date(1704352184000)/",17050,1300,17951600,305680000000,250,true,1.49
"NVL",141109,"/Date(1704352184000)/",17050,300,17950300,305657000000,250,true,1.49
"NVL",141109,"/Date(1704352184000)/",17050,200,17950000,305652000000,250,true,1.49
"NVL",141109,"/Date(1704352184000)/",17050,2000,17949800,305649000000,250,true,1.49
"NVL",141109,"/Date(1704352184000)/",17050,8200,17947800,305615000000,250,true,1.49
"NVL",141102,"/Date(1704352175000)/",17050,1000,17939600,305475000000,250,true,1.49
"NVL",141056,"/Date(1704352169000)/",17050,100,17938600,305458000000,250,true,1.49
"NVL",141049,"/Date(1704352165000)/",17050,200,17938500,305456000000,250,true,1.49
"NVL",141049,"/Date(1704352164000)/",17050,200,17938300,305453000000,250,true,1.49
"NVL",141046,"/Date(1704352160000)/",17050,300,17938100,305449000000,250,true,1.49
"NVL",141046,"/Date(1704352160000)/",17050,1000,17937800,305444000000,250,true,1.49
"NVL",141046,"/Date(1704352160000)/",17050,700,17936800,305427000000,250,true,1.49
"NVL",141043,"/Date(1704352159000)/",17050,1300,17936100,305415000000,250,true,1.49
"NVL",141043,"/Date(1704352159000)/",17050,200,17934800,305393000000,250,true,1.49
"NVL",141037,"/Date(1704352150000)/",17050,100,17934600,305390000000,250,true,1.49
"NVL",141034,"/Date(1704352148000)/",17100,500,17934500,305388000000,300,false,1.79
"NVL",141034,"/Date(1704352147000)/",17050,2100,17934000,305380000000,250,true,1.49
"NVL",141034,"/Date(1704352147000)/",17050,1000,17931900,305344000000,250,true,1.49
"NVL",141034,"/Date(1704352147000)/",17050,2500,17930900,305327000000,250,true,1.49
"NVL",141024,"/Date(1704352139000)/",17100,1000,17928400,305284000000,300,false,1.79
"NVL",141018,"/Date(1704352132000)/",17050,2500,17927400,305267000000,250,true,1.49
"NVL",141018,"/Date(1704352132000)/",17050,500,17924900,305224000000,250,true,1.49
"NVL",141014,"/Date(1704352129000)/",17100,5000,17924400,305216000000,300,false,1.79
"NVL",141011,"/Date(1704352126000)/",17100,300,17919400,305130000000,300,true,1.79
"NVL",141011,"/Date(1704352124000)/",17100,2200,17919100,305125000000,300,true,1.79
"NVL",141011,"/Date(1704352124000)/",17100,2000,17916900,305088000000,300,true,1.79
"NVL",141008,"/Date(1704352124000)/",17100,800,17914900,305053000000,300,true,1.79
"NVL",141008,"/Date(1704352124000)/",17100,2000,17914100,305040000000,300,true,1.79
"NVL",141008,"/Date(1704352124000)/",17100,600,17912100,305005000000,300,true,1.79
"NVL",141008,"/Date(1704352124000)/",17100,1200,17911500,304995000000,300,true,1.79
"NVL",141008,"/Date(1704352124000)/",17100,200,17910300,304975000000,300,true,1.79
"NVL",141008,"/Date(1704352124000)/",17100,300,17910100,304971000000,300,true,1.79
"NVL",141008,"/Date(1704352123000)/",17100,500,17909800,304966000000,300,true,1.79
"NVL",141008,"/Date(1704352123000)/",17100,1200,17909300,304958000000,300,true,1.79
"NVL",141008,"/Date(1704352123000)/",17100,8800,17908100,304937000000,300,true,1.79
"NVL",141008,"/Date(1704352123000)/",17100,1200,17899300,304787000000,300,true,1.79
"NVL",141008,"/Date(1704352123000)/",17100,800,17898100,304766000000,300,true,1.79
"NVL",141008,"/Date(1704352122000)/",17100,200,17897300,304752000000,300,true,1.79
"NVL",141008,"/Date(1704352122000)/",17100,300,17897100,304749000000,300,true,1.79
"NVL",141008,"/Date(1704352122000)/",17100,1000,17896800,304744000000,300,true,1.79
"NVL",141008,"/Date(1704352122000)/",17100,2500,17895800,304727000000,300,true,1.79
"NVL",141008,"/Date(1704352122000)/",17100,900,17893300,304684000000,300,true,1.79
"NVL",141008,"/Date(1704352122000)/",17100,600,17892400,304669000000,300,true,1.79
"NVL",141008,"/Date(1704352122000)/",17100,3500,17891800,304658000000,300,true,1.79
"NVL",141008,"/Date(1704352122000)/",17100,100,17888300,304598000000,300,true,1.79
"NVL",141008,"/Date(1704352122000)/",17100,1400,17888200,304597000000,300,true,1.79
"NVL",141008,"/Date(1704352122000)/",17100,100,17886800,304573000000,300,true,1.79
"NVL",141008,"/Date(1704352122000)/",17100,300,17886700,304571000000,300,true,1.79
"NVL",141008,"/Date(1704352122000)/",17100,200,17886400,304566000000,300,true,1.79
"NVL",141008,"/Date(1704352121000)/",17100,200,17886200,304563000000,300,true,1.79
"NVL",141008,"/Date(1704352121000)/",17100,2700,17886000,304559000000,300,true,1.79
"NVL",141008,"/Date(1704352121000)/",17100,1000,17883300,304513000000,300,true,1.79
"NVL",141005,"/Date(1704352120000)/",17100,2000,17882300,304496000000,300,true,1.79
"NVL",141005,"/Date(1704352119000)/",17100,1000,17880300,304462000000,300,true,1.79
"NVL",141005,"/Date(1704352119000)/",17100,2500,17879300,304445000000,300,true,1.79
"NVL",141005,"/Date(1704352119000)/",17100,1600,17876800,304402000000,300,true,1.79
"NVL",141005,"/Date(1704352119000)/",17100,5000,17875200,304374000000,300,true,1.79
"NVL",141005,"/Date(1704352118000)/",17100,1000,17870200,304289000000,300,true,1.79
"NVL",141005,"/Date(1704352118000)/",17100,100,17869200,304272000000,300,true,1.79
"NVL",141005,"/Date(1704352118000)/",17100,500,17869100,304270000000,300,true,1.79
"NVL",141001,"/Date(1704352117000)/",17100,1600,17868600,304262000000,300,true,1.79
"NVL",141001,"/Date(1704352117000)/",17100,11000,17867000,304234000000,300,true,1.79
"NVL",141001,"/Date(1704352117000)/",17100,500,17856000,304046000000,300,true,1.79
"NVL",141001,"/Date(1704352117000)/",17100,200,17855500,304038000000,300,true,1.79
"NVL",141001,"/Date(1704352117000)/",17100,400,17855300,304034000000,300,true,1.79
"NVL",141001,"/Date(1704352117000)/",17100,600,17854900,304027000000,300,true,1.79
"NVL",141001,"/Date(1704352117000)/",17100,100,17854300,304017000000,300,true,1.79
"NVL",141001,"/Date(1704352117000)/",17100,300,17854200,304015000000,300,true,1.79
"NVL",141001,"/Date(1704352117000)/",17100,4500,17853900,304010000000,300,true,1.79
"NVL",141001,"/Date(1704352117000)/",17100,5000,17849400,303933000000,300,true,1.79
"NVL",141001,"/Date(1704352117000)/",17100,300,17844400,303848000000,300,true,1.79
"NVL",141001,"/Date(1704352117000)/",17100,500,17844100,303843000000,300,true,1.79
"NVL",141001,"/Date(1704352117000)/",17100,100,17843600,303834000000,300,true,1.79
"NVL",141001,"/Date(1704352117000)/",17100,2400,17843500,303832000000,300,true,1.79
"NVL",141001,"/Date(1704352117000)/",17100,200,17841100,303791000000,300,true,1.79
"NVL",141001,"/Date(1704352117000)/",17100,100,17840900,303788000000,300,true,1.79
"NVL",141001,"/Date(1704352117000)/",17100,300,17840800,303786000000,300,true,1.79
"NVL",141001,"/Date(1704352117000)/",17100,3500,17840500,303781000000,300,true,1.79
"NVL",141001,"/Date(1704352117000)/",17100,6500,17837000,303721000000,300,true,1.79
"NVL",141001,"/Date(1704352117000)/",17100,2000,17830500,303610000000,300,true,1.79
"NVL",141001,"/Date(1704352117000)/",17100,100,17828500,303576000000,300,true,1.79
"NVL",141001,"/Date(1704352117000)/",17100,1400,17828400,303574000000,300,true,1.79
"NVL",141001,"/Date(1704352117000)/",17100,600,17827000,303550000000,300,true,1.79
"NVL",141001,"/Date(1704352117000)/",17100,1000,17826400,303540000000,300,true,1.79
"NVL",141001,"/Date(1704352117000)/",17100,200,17825400,303523000000,300,true,1.79
"NVL",141001,"/Date(1704352117000)/",17100,100,17825200,303519000000,300,true,1.79
"NVL",141001,"/Date(1704352117000)/",17100,500,17825100,303518000000,300,true,1.79
"NVL",141001,"/Date(1704352117000)/",17100,1000,17824600,303509000000,300,true,1.79
"NVL",141001,"/Date(1704352117000)/",17100,100,17823600,303492000000,300,true,1.79
"NVL",141001,"/Date(1704352117000)/",17100,3000,17823500,303490000000,300,true,1.79
"NVL",141001,"/Date(1704352117000)/",17100,2500,17820500,303439000000,300,true,1.79
"NVL",141001,"/Date(1704352117000)/",17100,1500,17818000,303396000000,300,true,1.79
"NVL",141001,"/Date(1704352117000)/",17100,5000,17816500,303371000000,300,true,1.79
"NVL",141001,"/Date(1704352117000)/",17100,2200,17811500,303285000000,300,true,1.79
"NVL",141001,"/Date(1704352116000)/",17100,2000,17809300,303248000000,300,true,1.79
"NVL",141001,"/Date(1704352116000)/",17100,3000,17807300,303213000000,300,true,1.79
"NVL",141001,"/Date(1704352114000)/",17100,2000,17804300,303162000000,300,true,1.79
"NVL",141001,"/Date(1704352114000)/",17100,1200,17802300,303128000000,300,true,1.79
"NVL",140958,"/Date(1704352113000)/",17100,6500,17801100,303107000000,300,true,1.79
"NVL",140958,"/Date(1704352112000)/",17100,10000,17794600,302996000000,300,true,1.79
"NVL",140958,"/Date(1704352111000)/",17100,5000,17784600,302825000000,300,true,1.79
"NVL",140958,"/Date(1704352111000)/",17100,2000,17779600,302740000000,300,true,1.79
"NVL",140958,"/Date(1704352111000)/",17100,6900,17777600,302706000000,300,true,1.79
"NVL",140958,"/Date(1704352111000)/",17100,500,17770700,302588000000,300,true,1.79
"NVL",140955,"/Date(1704352111000)/",17100,4300,17770200,302579000000,300,true,1.79
"NVL",140955,"/Date(1704352108000)/",17100,1400,17765900,302505000000,300,true,1.79
"NVL",140955,"/Date(1704352108000)/",17100,20000,17764500,302481000000,300,true,1.79
"NVL",140952,"/Date(1704352107000)/",17100,8000,17744500,302139000000,300,true,1.79
"NVL",140952,"/Date(1704352106000)/",17100,300,17736500,302003000000,300,true,1.79
"NVL",140949,"/Date(1704352104000)/",17100,24700,17736200,301998000000,300,true,1.79
"NVL",140949,"/Date(1704352104000)/",17100,500,17711500,301575000000,300,true,1.79
"NVL",140949,"/Date(1704352104000)/",17100,2000,17711000,301567000000,300,true,1.79
"NVL",140949,"/Date(1704352104000)/",17100,500,17709000,301532000000,300,true,1.79
"NVL",140949,"/Date(1704352104000)/",17100,5000,17708500,301524000000,300,true,1.79
"NVL",140949,"/Date(1704352104000)/",17100,300,17703500,301438000000,300,true,1.79
"NVL",140949,"/Date(1704352104000)/",17100,300,17703200,301433000000,300,true,1.79
"NVL",140949,"/Date(1704352104000)/",17100,1000,17702900,301428000000,300,true,1.79
"NVL",140949,"/Date(1704352104000)/",17100,500,17701900,301411000000,300,true,1.79
"NVL",140949,"/Date(1704352104000)/",17100,1000,17701400,301402000000,300,true,1.79
"NVL",140949,"/Date(1704352104000)/",17100,200,17700400,301385000000,300,true,1.79
"NVL",140949,"/Date(1704352103000)/",17100,4800,17700200,301382000000,300,true,1.79
"NVL",140949,"/Date(1704352103000)/",17100,1000,17695400,301300000000,300,true,1.79
"NVL",140949,"/Date(1704352103000)/",17100,2000,17694400,301283000000,300,true,1.79
"NVL",140949,"/Date(1704352103000)/",17100,300,17692400,301249000000,300,true,1.79
"NVL",140949,"/Date(1704352103000)/",17100,1000,17692100,301243000000,300,true,1.79
"NVL",140949,"/Date(1704352103000)/",17100,2900,17691100,301226000000,300,true,1.79
"NVL",140949,"/Date(1704352102000)/",17100,100,17688200,301177000000,300,true,1.79
"NVL",140949,"/Date(1704352102000)/",17100,300,17688100,301175000000,300,true,1.79
"NVL",140949,"/Date(1704352102000)/",17100,5000,17687800,301170000000,300,true,1.79
"NVL",140949,"/Date(1704352102000)/",17100,6600,17682800,301084000000,300,true,1.79
"NVL",140949,"/Date(1704352102000)/",17150,300,17676200,300972000000,350,false,2.08
"NVL",140949,"/Date(1704352102000)/",17100,4500,17675900,300966000000,300,true,1.79
"NVL",140949,"/Date(1704352101000)/",17100,100,17671400,300889000000,300,true,1.79
"NVL",140945,"/Date(1704352101000)/",17100,3400,17671300,300888000000,300,true,1.79
"NVL",140945,"/Date(1704352101000)/",17100,13000,17667900,300830000000,300,true,1.79
"NVL",140945,"/Date(1704352101000)/",17100,200,17654900,300607000000,300,true,1.79
"NVL",140945,"/Date(1704352101000)/",17100,2000,17654700,300604000000,300,true,1.79
"NVL",140945,"/Date(1704352101000)/",17100,1400,17652700,300570000000,300,true,1.79
"NVL",140945,"/Date(1704352101000)/",17100,10200,17651300,300546000000,300,true,1.79
"NVL",140945,"/Date(1704352101000)/",17100,2800,17641100,300371000000,300,true,1.79
"NVL",140945,"/Date(1704352099000)/",17100,3000,17638300,300323000000,300,true,1.79
"NVL",140942,"/Date(1704352097000)/",17100,4200,17635300,300272000000,300,true,1.79
"NVL",140942,"/Date(1704352097000)/",17100,800,17631100,300200000000,300,true,1.79
"NVL",140942,"/Date(1704352097000)/",17100,200,17630300,300187000000,300,true,1.79
"NVL",140942,"/Date(1704352097000)/",17100,3000,17630100,300183000000,300,true,1.79
"NVL",140942,"/Date(1704352097000)/",17100,1300,17627100,300132000000,300,true,1.79
"NVL",140939,"/Date(1704352093000)/",17100,2700,17625800,300110000000,300,true,1.79
"NVL",140939,"/Date(1704352092000)/",17100,2500,17623100,300064000000,300,true,1.79
"NVL",140939,"/Date(1704352092000)/",17100,2000,17620600,300021000000,300,true,1.79
"NVL",140936,"/Date(1704352090000)/",17100,1000,17618600,299987000000,300,true,1.79
"NVL",140933,"/Date(1704352088000)/",17100,500,17617600,299969000000,300,true,1.79
"NVL",140933,"/Date(1704352086000)/",17150,1000,17617100,299961000000,350,false,2.08
"NVL",140933,"/Date(1704352086000)/",17100,3000,17616100,299944000000,300,true,1.79
"NVL",140929,"/Date(1704352085000)/",17100,1000,17613100,299892000000,300,true,1.79
"NVL",140929,"/Date(1704352083000)/",17100,2000,17612100,299875000000,300,true,1.79
"NVL",140929,"/Date(1704352083000)/",17150,100,17610100,299841000000,350,false,2.08
"NVL",140929,"/Date(1704352083000)/",17100,2000,17610000,299839000000,300,true,1.79
"NVL",140923,"/Date(1704352078000)/",17150,1100,17608000,299805000000,350,false,2.08
"NVL",140923,"/Date(1704352077000)/",17150,2000,17606900,299786000000,350,false,2.08
"NVL",140923,"/Date(1704352077000)/",17100,100,17604900,299752000000,300,true,1.79
"NVL",140920,"/Date(1704352075000)/",17150,400,17604800,299750000000,350,false,2.08
"NVL",140920,"/Date(1704352075000)/",17150,1600,17604400,299744000000,350,false,2.08
"NVL",140920,"/Date(1704352075000)/",17100,76000,17602800,299716000000,300,true,1.79
"NVL",140920,"/Date(1704352073000)/",17100,600,17526800,298416000000,300,true,1.79
"NVL",140920,"/Date(1704352073000)/",17100,1000,17526200,298406000000,300,true,1.79
"NVL",140920,"/Date(1704352072000)/",17150,15000,17525200,298389000000,350,false,2.08
"NVL",140917,"/Date(1704352070000)/",17150,100,17510200,298132000000,350,false,2.08
"NVL",140913,"/Date(1704352068000)/",17100,2000,17510100,298130000000,300,true,1.79
"NVL",140913,"/Date(1704352067000)/",17100,400,17508100,298096000000,300,true,1.79
"NVL",140907,"/Date(1704352061000)/",17100,1000,17507700,298089000000,300,true,1.79
"NVL",140907,"/Date(1704352060000)/",17150,100,17506700,298072000000,350,false,2.08
"NVL",140904,"/Date(1704352057000)/",17150,1400,17506600,298070000000,350,false,2.08
"NVL",140904,"/Date(1704352056000)/",17150,1000,17505200,298046000000,350,false,2.08
"NVL",140901,"/Date(1704352056000)/",17150,800,17504200,298029000000,350,false,2.08
"NVL",140901,"/Date(1704352056000)/",17150,2000,17503400,298015000000,350,false,2.08
"NVL",140901,"/Date(1704352055000)/",17150,1000,17501400,297981000000,350,false,2.08
"NVL",140901,"/Date(1704352055000)/",17150,1000,17500400,297964000000,350,false,2.08
"NVL",140857,"/Date(1704352052000)/",17100,900,17499400,297947000000,300,true,1.79
"NVL",140857,"/Date(1704352052000)/",17100,1100,17498500,297931000000,300,true,1.79
"NVL",140854,"/Date(1704352047000)/",17150,1000,17497400,297913000000,350,false,2.08
"NVL",140851,"/Date(1704352044000)/",17150,500,17496400,297895000000,350,false,2.08
"NVL",140848,"/Date(1704352040000)/",17150,500,17495900,297887000000,350,false,2.08
"NVL",140841,"/Date(1704352037000)/",17150,1900,17495400,297878000000,350,false,2.08
"NVL",140841,"/Date(1704352036000)/",17150,2500,17493500,297846000000,350,false,2.08
