"Stockcode","Package","TradingDate","Price","Vol","TotalVol","TotalVal","Change","IsBuy","PerChange"
"VCG",144631,"/Date(1704354301000)/",24750,414300,9260800,231114000000,-350,false,-1.39
"VCG",143122,"/Date(1704353395000)/",24700,1000,8846500,220860000000,-400,true,-1.59
"VCG",143119,"/Date(1704353394000)/",24800,1000,8845500,220836000000,-300,false,-1.2
"VCG",143119,"/Date(1704353394000)/",24750,2000,8844500,220811000000,-350,false,-1.39
"VCG",143119,"/Date(1704353394000)/",24750,500,8842500,220761000000,-350,false,-1.39
"VCG",143119,"/Date(1704353394000)/",24750,1200,8842000,220749000000,-350,false,-1.39
"VCG",143119,"/Date(1704353394000)/",24700,100,8840800,220719000000,-400,false,-1.59
"VCG",143119,"/Date(1704353394000)/",24700,1500,8840700,220717000000,-400,false,-1.59
"VCG",143119,"/Date(1704353394000)/",24700,1000,8839200,220680000000,-400,false,-1.59
"VCG",143119,"/Date(1704353394000)/",24700,3000,8838200,220655000000,-400,false,-1.59
"VCG",143119,"/Date(1704353394000)/",24700,89700,8835200,220581000000,-400,false,-1.59
"VCG",143119,"/Date(1704353394000)/",24700,100,8745500,218365000000,-400,false,-1.59
"VCG",143119,"/Date(1704353393000)/",24700,100,8745400,218363000000,-400,false,-1.59
"VCG",143119,"/Date(1704353393000)/",24700,100,8745300,218360000000,-400,false,-1.59
"VCG",143116,"/Date(1704353390000)/",24700,900,8745200,218358000000,-400,false,-1.59
"VCG",143113,"/Date(1704353388000)/",24700,200,8744300,218336000000,-400,false,-1.59
"VCG",143113,"/Date(1704353388000)/",24700,300,8744100,218331000000,-400,false,-1.59
"VCG",143110,"/Date(1704353382000)/",24700,1000,8743800,218323000000,-400,false,-1.59
"VCG",143110,"/Date(1704353382000)/",24700,100,8742800,218299000000,-400,false,-1.59
"VCG",143106,"/Date(1704353381000)/",24700,200,8742700,218296000000,-400,false,-1.59
"VCG",143106,"/Date(1704353380000)/",24700,900,8742500,218291000000,-400,false,-1.59
"VCG",143106,"/Date(1704353380000)/",24700,200,8741600,218269000000,-400,false,-1.59
"VCG",143106,"/Date(1704353380000)/",24700,5000,8741400,218264000000,-400,false,-1.59
"VCG",143106,"/Date(1704353380000)/",24650,1000,8736400,218141000000,-450,true,-1.79
"VCG",143103,"/Date(1704353378000)/",24650,500,8735400,218116000000,-450,true,-1.79
"VCG",143103,"/Date(1704353378000)/",24700,900,8734900,218104000000,-400,false,-1.59
"VCG",143103,"/Date(1704353377000)/",24700,100,8734000,218081000000,-400,false,-1.59
"VCG",143103,"/Date(1704353376000)/",24700,200,8733900,218079000000,-400,false,-1.59
"VCG",143100,"/Date(1704353375000)/",24650,5300,8733700,218074000000,-450,true,-1.79
"VCG",143100,"/Date(1704353375000)/",24700,2000,8728400,217943000000,-400,false,-1.59
"VCG",143100,"/Date(1704353375000)/",24700,100,8726400,217894000000,-400,false,-1.59
"VCG",143100,"/Date(1704353375000)/",24700,300,8726300,217891000000,-400,false,-1.59
"VCG",143100,"/Date(1704353375000)/",24700,2300,8726000,217884000000,-400,false,-1.59
"VCG",143100,"/Date(1704353372000)/",24700,2700,8723700,217827000000,-400,false,-1.59
"VCG",143057,"/Date(1704353371000)/",24700,100,8721000,217761000000,-400,false,-1.59
"VCG",143057,"/Date(1704353371000)/",24700,100,8720900,217758000000,-400,false,-1.59
"VCG",143057,"/Date(1704353371000)/",24700,3000,8720800,217756000000,-400,false,-1.59
"VCG",143057,"/Date(1704353371000)/",24700,1000,8717800,217682000000,-400,false,-1.59
"VCG",143057,"/Date(1704353371000)/",24700,2000,8716800,217657000000,-400,false,-1.59
"VCG",143057,"/Date(1704353371000)/",24700,1000,8714800,217607000000,-400,false,-1.59
"VCG",143057,"/Date(1704353371000)/",24700,2200,8713800,217583000000,-400,false,-1.59
"VCG",143057,"/Date(1704353371000)/",24700,100,8711600,217528000000,-400,false,-1.59
"VCG",143057,"/Date(1704353371000)/",24700,100,8711500,217526000000,-400,false,-1.59
"VCG",143057,"/Date(1704353370000)/",24700,100,8711400,217523000000,-400,false,-1.59
"VCG",143057,"/Date(1704353370000)/",24700,4500,8711300,217521000000,-400,false,-1.59
"VCG",143057,"/Date(1704353370000)/",24700,1000,8706800,217410000000,-400,false,-1.59
"VCG",143057,"/Date(1704353370000)/",24700,400,8705800,217385000000,-400,false,-1.59
"VCG",143057,"/Date(1704353370000)/",24700,4100,8705400,217375000000,-400,false,-1.59
"VCG",143057,"/Date(1704353369000)/",24700,100,8701300,217274000000,-400,false,-1.59
"VCG",143054,"/Date(1704353368000)/",24650,2000,8701200,217271000000,-450,true,-1.79
"VCG",143054,"/Date(1704353368000)/",24650,200,8699200,217222000000,-450,true,-1.79
"VCG",143054,"/Date(1704353368000)/",24650,1000,8699000,217217000000,-450,true,-1.79
"VCG",143054,"/Date(1704353368000)/",24650,500,8698000,217193000000,-450,true,-1.79
"VCG",143054,"/Date(1704353368000)/",24650,1000,8697500,217180000000,-450,true,-1.79
"VCG",143054,"/Date(1704353368000)/",24650,5000,8696500,217156000000,-450,true,-1.79
"VCG",143054,"/Date(1704353368000)/",24650,100,8691500,217032000000,-450,true,-1.79
"VCG",143054,"/Date(1704353368000)/",24650,200,8691400,217030000000,-450,true,-1.79
"VCG",143050,"/Date(1704353364000)/",24700,400,8691200,217025000000,-400,false,-1.59
"VCG",143050,"/Date(1704353364000)/",24700,10000,8690800,217015000000,-400,false,-1.59
"VCG",143044,"/Date(1704353358000)/",24700,10000,8680800,216768000000,-400,false,-1.59
"VCG",143044,"/Date(1704353357000)/",24700,500,8670800,216521000000,-400,false,-1.59
"VCG",143041,"/Date(1704353356000)/",24700,200,8670300,216509000000,-400,false,-1.59
"VCG",143041,"/Date(1704353355000)/",24700,300,8670100,216504000000,-400,false,-1.59
"VCG",143041,"/Date(1704353355000)/",24600,3300,8669800,216496000000,-500,true,-1.99
"VCG",143041,"/Date(1704353355000)/",24600,200,8666500,216415000000,-500,true,-1.99
"VCG",143041,"/Date(1704353355000)/",24600,500,8666300,216410000000,-500,true,-1.99
"VCG",143041,"/Date(1704353355000)/",24600,5000,8665800,216398000000,-500,true,-1.99
"VCG",143041,"/Date(1704353355000)/",24600,300,8660800,216275000000,-500,true,-1.99
"VCG",143041,"/Date(1704353355000)/",24600,500,8660500,216268000000,-500,true,-1.99
"VCG",143041,"/Date(1704353355000)/",24600,200,8660000,216255000000,-500,true,-1.99
"VCG",143041,"/Date(1704353354000)/",24600,800,8659800,216250000000,-500,true,-1.99
"VCG",143041,"/Date(1704353354000)/",24600,2000,8659000,216231000000,-500,true,-1.99
"VCG",143041,"/Date(1704353354000)/",24600,1000,8657000,216182000000,-500,true,-1.99
"VCG",143041,"/Date(1704353354000)/",24600,400,8656000,216157000000,-500,true,-1.99
"VCG",143041,"/Date(1704353354000)/",24600,5000,8655600,216147000000,-500,true,-1.99
"VCG",143041,"/Date(1704353354000)/",24600,3000,8650600,216024000000,-500,true,-1.99
"VCG",143041,"/Date(1704353354000)/",24600,1000,8647600,215950000000,-500,true,-1.99
"VCG",143041,"/Date(1704353354000)/",24600,100,8646600,215926000000,-500,true,-1.99
"VCG",143041,"/Date(1704353354000)/",24600,3000,8646500,215923000000,-500,true,-1.99
"VCG",143041,"/Date(1704353354000)/",24600,200,8643500,215849000000,-500,true,-1.99
"VCG",143041,"/Date(1704353354000)/",24600,5000,8643300,215845000000,-500,true,-1.99
"VCG",143041,"/Date(1704353354000)/",24600,1500,8638300,215722000000,-500,true,-1.99
"VCG",143041,"/Date(1704353354000)/",24600,100,8636800,215685000000,-500,true,-1.99
"VCG",143041,"/Date(1704353354000)/",24600,5000,8636700,215682000000,-500,true,-1.99
"VCG",143041,"/Date(1704353354000)/",24600,200,8631700,215559000000,-500,true,-1.99
"VCG",143041,"/Date(1704353354000)/",24600,10000,8631500,215554000000,-500,true,-1.99
"VCG",143041,"/Date(1704353354000)/",24600,100,8621500,215308000000,-500,true,-1.99
"VCG",143041,"/Date(1704353354000)/",24600,500,8621400,215306000000,-500,true,-1.99
"VCG",143041,"/Date(1704353354000)/",24600,100,8620900,215293000000,-500,true,-1.99
"VCG",143041,"/Date(1704353354000)/",24600,100,8620800,215291000000,-500,true,-1.99
"VCG",143041,"/Date(1704353354000)/",24600,500,8620700,215289000000,-500,true,-1.99
"VCG",143041,"/Date(1704353354000)/",24600,2000,8620200,215276000000,-500,true,-1.99
"VCG",143041,"/Date(1704353354000)/",24600,200,8618200,215227000000,-500,true,-1.99
"VCG",143041,"/Date(1704353354000)/",24600,1000,8618000,215222000000,-500,true,-1.99
"VCG",143041,"/Date(1704353354000)/",24600,7000,8617000,215198000000,-500,true,-1.99
"VCG",143041,"/Date(1704353354000)/",24600,1000,8610000,215025000000,-500,true,-1.99
"VCG",143041,"/Date(1704353354000)/",24600,1000,8609000,215001000000,-500,true,-1.99
"VCG",143041,"/Date(1704353354000)/",24600,200,8608000,214976000000,-500,true,-1.99
"VCG",143041,"/Date(1704353354000)/",24600,200,8607800,214971000000,-500,true,-1.99
"VCG",143041,"/Date(1704353354000)/",24600,500,8607600,214966000000,-500,true,-1.99
"VCG",143041,"/Date(1704353354000)/",24600,200,8607100,214954000000,-500,true,-1.99
"VCG",143041,"/Date(1704353354000)/",24600,5000,8606900,214949000000,-500,true,-1.99
"VCG",143041,"/Date(1704353354000)/",24600,600,8601900,214826000000,-500,true,-1.99
"VCG",143041,"/Date(1704353354000)/",24600,600,8601300,214811000000,-500,true,-1.99
"VCG",143041,"/Date(1704353354000)/",24600,100,8600700,214797000000,-500,true,-1.99
"VCG",143041,"/Date(1704353354000)/",24600,500,8600600,214794000000,-500,true,-1.99
"VCG",143041,"/Date(1704353354000)/",24600,100,8600100,214782000000,-500,true,-1.99
"VCG",143041,"/Date(1704353354000)/",24600,1000,8600000,214779000000,-500,true,-1.99
"VCG",143041,"/Date(1704353354000)/",24600,2000,8599000,214755000000,-500,true,-1.99
"VCG",143041,"/Date(1704353354000)/",24600,100,8597000,214706000000,-500,true,-1.99
"VCG",143041,"/Date(1704353354000)/",24600,100,8596900,214703000000,-500,true,-1.99
"VCG",143041,"/Date(1704353354000)/",24600,200,8596800,214701000000,-500,true,-1.99
"VCG",143041,"/Date(1704353354000)/",24600,10000,8596600,214696000000,-500,true,-1.99
"VCG",143041,"/Date(1704353354000)/",24600,2000,8586600,214450000000,-500,true,-1.99
"VCG",143041,"/Date(1704353354000)/",24600,1000,8584600,214400000000,-500,true,-1.99
"VCG",143041,"/Date(1704353354000)/",24600,300,8583600,214376000000,-500,true,-1.99
"VCG",143041,"/Date(1704353354000)/",24600,3000,8583300,214369000000,-500,true,-1.99
"VCG",143041,"/Date(1704353354000)/",24600,300,8580300,214295000000,-500,true,-1.99
"VCG",143041,"/Date(1704353354000)/",24600,300,8580000,214287000000,-500,true,-1.99
"VCG",143041,"/Date(1704353354000)/",24600,500,8579700,214280000000,-500,true,-1.99
"VCG",143041,"/Date(1704353354000)/",24600,12000,8579200,214268000000,-500,true,-1.99
"VCG",143041,"/Date(1704353354000)/",24650,100,8567200,213972000000,-450,false,-1.79
"VCG",143041,"/Date(1704353354000)/",24650,100,8567100,213970000000,-450,false,-1.79
"VCG",143041,"/Date(1704353354000)/",24650,500,8567000,213968000000,-450,false,-1.79
"VCG",143041,"/Date(1704353354000)/",24650,2000,8566500,213955000000,-450,false,-1.79
"VCG",143041,"/Date(1704353354000)/",24650,100,8564500,213906000000,-450,false,-1.79
"VCG",143041,"/Date(1704353354000)/",24650,100,8564400,213903000000,-450,false,-1.79
"VCG",143041,"/Date(1704353354000)/",24650,200,8564300,213901000000,-450,false,-1.79
"VCG",143041,"/Date(1704353354000)/",24650,200,8564100,213896000000,-450,false,-1.79
"VCG",143041,"/Date(1704353354000)/",24650,100,8563900,213891000000,-450,false,-1.79
"VCG",143041,"/Date(1704353354000)/",24650,500,8563800,213889000000,-450,false,-1.79
"VCG",143041,"/Date(1704353354000)/",24650,200,8563300,213876000000,-450,false,-1.79
"VCG",143041,"/Date(1704353354000)/",24650,1000,8563100,213871000000,-450,false,-1.79
"VCG",143041,"/Date(1704353354000)/",24650,1000,8562100,213847000000,-450,false,-1.79
"VCG",143041,"/Date(1704353354000)/",24650,100,8561100,213822000000,-450,false,-1.79
"VCG",143041,"/Date(1704353354000)/",24650,1200,8561000,213820000000,-450,false,-1.79
"VCG",143041,"/Date(1704353353000)/",24700,100,8559800,213790000000,-400,false,-1.59
"VCG",143041,"/Date(1704353353000)/",24650,500,8559700,213788000000,-450,false,-1.79
"VCG",143038,"/Date(1704353353000)/",24650,1300,8559200,213775000000,-450,true,-1.79
"VCG",143038,"/Date(1704353353000)/",24650,200,8557900,213743000000,-450,true,-1.79
"VCG",143038,"/Date(1704353353000)/",24650,200,8557700,213738000000,-450,true,-1.79
"VCG",143038,"/Date(1704353353000)/",24650,1000,8557500,213733000000,-450,true,-1.79
"VCG",143038,"/Date(1704353353000)/",24650,300,8556500,213709000000,-450,true,-1.79
"VCG",143038,"/Date(1704353352000)/",24650,700,8556200,213701000000,-450,true,-1.79
"VCG",143038,"/Date(1704353352000)/",24650,1000,8555500,213684000000,-450,true,-1.79
"VCG",143038,"/Date(1704353352000)/",24650,300,8554500,213659000000,-450,true,-1.79
"VCG",143038,"/Date(1704353352000)/",24700,200,8554200,213652000000,-400,false,-1.59
"VCG",143038,"/Date(1704353351000)/",24700,500,8554000,213647000000,-400,false,-1.59
"VCG",143038,"/Date(1704353350000)/",24700,1000,8553500,213635000000,-400,false,-1.59
"VCG",143038,"/Date(1704353350000)/",24700,100,8552500,213610000000,-400,false,-1.59
"VCG",143034,"/Date(1704353349000)/",24700,100,8552400,213608000000,-400,false,-1.59
"VCG",143034,"/Date(1704353349000)/",24700,200,8552300,213605000000,-400,false,-1.59
"VCG",143034,"/Date(1704353349000)/",24700,100,8552100,213600000000,-400,false,-1.59
"VCG",143034,"/Date(1704353348000)/",24750,300,8552000,213598000000,-350,false,-1.39
"VCG",143034,"/Date(1704353347000)/",24750,1000,8551700,213590000000,-350,false,-1.39
"VCG",143031,"/Date(1704353347000)/",24750,2500,8550700,213565000000,-350,false,-1.39
"VCG",143031,"/Date(1704353346000)/",24650,200,8548200,213504000000,-450,true,-1.79
"VCG",143031,"/Date(1704353346000)/",24650,100,8548000,213499000000,-450,true,-1.79
"VCG",143031,"/Date(1704353346000)/",24650,100,8547900,213496000000,-450,true,-1.79
"VCG",143031,"/Date(1704353346000)/",24650,500,8547800,213494000000,-450,true,-1.79
"VCG",143031,"/Date(1704353346000)/",24650,100,8547300,213481000000,-450,true,-1.79
"VCG",143031,"/Date(1704353346000)/",24650,200,8547200,213479000000,-450,true,-1.79
"VCG",143031,"/Date(1704353346000)/",24650,1400,8547000,213474000000,-450,true,-1.79
"VCG",143031,"/Date(1704353346000)/",24650,200,8545600,213440000000,-450,true,-1.79
"VCG",143031,"/Date(1704353346000)/",24650,200,8545400,213435000000,-450,true,-1.79
"VCG",143031,"/Date(1704353345000)/",24750,500,8545200,213430000000,-350,false,-1.39
"VCG",143031,"/Date(1704353345000)/",24800,1900,8544700,213417000000,-300,false,-1.2
"VCG",143031,"/Date(1704353345000)/",24800,6600,8542800,213370000000,-300,false,-1.2
"VCG",143031,"/Date(1704353344000)/",24750,500,8536200,213206000000,-350,false,-1.39
"VCG",143028,"/Date(1704353343000)/",24650,300,8535700,213194000000,-450,true,-1.79
"VCG",143028,"/Date(1704353343000)/",24650,100,8535400,213187000000,-450,true,-1.79
"VCG",143028,"/Date(1704353343000)/",24650,300,8535300,213184000000,-450,true,-1.79
"VCG",143028,"/Date(1704353343000)/",24650,300,8535000,213177000000,-450,true,-1.79
"VCG",143028,"/Date(1704353343000)/",24700,400,8534700,213169000000,-400,false,-1.59
"VCG",143028,"/Date(1704353343000)/",24700,300,8534300,213160000000,-400,false,-1.59
"VCG",143028,"/Date(1704353342000)/",24800,100,8534000,213152000000,-300,false,-1.2
"VCG",143025,"/Date(1704353339000)/",24800,6700,8533900,213150000000,-300,false,-1.2
"VCG",143025,"/Date(1704353339000)/",24700,8300,8527200,212984000000,-400,true,-1.59
"VCG",143025,"/Date(1704353338000)/",24700,100,8518900,212779000000,-400,true,-1.59
"VCG",143025,"/Date(1704353338000)/",24700,5000,8518800,212776000000,-400,true,-1.59
"VCG",143025,"/Date(1704353338000)/",24700,200,8513800,212653000000,-400,true,-1.59
"VCG",143025,"/Date(1704353338000)/",24700,100,8513600,212648000000,-400,true,-1.59
"VCG",143025,"/Date(1704353338000)/",24700,500,8513500,212645000000,-400,true,-1.59
"VCG",143025,"/Date(1704353338000)/",24700,1000,8513000,212633000000,-400,true,-1.59
"VCG",143025,"/Date(1704353338000)/",24700,500,8512000,212608000000,-400,true,-1.59
"VCG",143025,"/Date(1704353338000)/",24700,500,8511500,212596000000,-400,true,-1.59
"VCG",143025,"/Date(1704353338000)/",24700,1000,8511000,212583000000,-400,true,-1.59
"VCG",143025,"/Date(1704353338000)/",24700,500,8510000,212559000000,-400,true,-1.59
"VCG",143025,"/Date(1704353338000)/",24700,200,8509500,212546000000,-400,true,-1.59
"VCG",143025,"/Date(1704353338000)/",24700,200,8509300,212541000000,-400,true,-1.59
"VCG",143025,"/Date(1704353338000)/",24700,500,8509100,212536000000,-400,true,-1.59
"VCG",143025,"/Date(1704353338000)/",24700,200,8508600,212524000000,-400,true,-1.59
"VCG",143025,"/Date(1704353338000)/",24700,300,8508400,212519000000,-400,true,-1.59
"VCG",143025,"/Date(1704353338000)/",24700,10000,8508100,212512000000,-400,true,-1.59
"VCG",143025,"/Date(1704353338000)/",24700,100,8498100,212265000000,-400,true,-1.59
"VCG",143025,"/Date(1704353338000)/",24700,200,8498000,212262000000,-400,true,-1.59
"VCG",143025,"/Date(1704353338000)/",24700,200,8497800,212257000000,-400,true,-1.59
"VCG",143025,"/Date(1704353338000)/",24700,900,8497600,212252000000,-400,true,-1.59
"VCG",143025,"/Date(1704353338000)/",24700,500,8496700,212230000000,-400,true,-1.59
"VCG",143025,"/Date(1704353338000)/",24700,100,8496200,212218000000,-400,true,-1.59
"VCG",143025,"/Date(1704353338000)/",24700,200,8496100,212215000000,-400,true,-1.59
"VCG",143025,"/Date(1704353338000)/",24700,1600,8495900,212210000000,-400,true,-1.59
"VCG",143025,"/Date(1704353338000)/",24700,1200,8494300,212171000000,-400,true,-1.59
"VCG",143025,"/Date(1704353338000)/",24700,200,8493100,212141000000,-400,true,-1.59
"VCG",143025,"/Date(1704353338000)/",24700,300,8492900,212136000000,-400,true,-1.59
"VCG",143025,"/Date(1704353338000)/",24700,1000,8492600,212129000000,-400,true,-1.59
"VCG",143025,"/Date(1704353338000)/",24700,3000,8491600,212104000000,-400,true,-1.59
"VCG",143025,"/Date(1704353338000)/",24700,200,8488600,212030000000,-400,true,-1.59
"VCG",143025,"/Date(1704353338000)/",24700,100,8488400,212025000000,-400,true,-1.59
"VCG",143025,"/Date(1704353338000)/",24700,200,8488300,212023000000,-400,true,-1.59
"VCG",143025,"/Date(1704353338000)/",24700,1000,8488100,212018000000,-400,true,-1.59
"VCG",143025,"/Date(1704353338000)/",24700,200,8487100,211993000000,-400,true,-1.59
"VCG",143025,"/Date(1704353338000)/",24700,1000,8486900,211988000000,-400,true,-1.59
"VCG",143025,"/Date(1704353338000)/",24700,100,8485900,211963000000,-400,true,-1.59
"VCG",143025,"/Date(1704353338000)/",24700,100,8485800,211961000000,-400,true,-1.59
"VCG",143025,"/Date(1704353338000)/",24700,100,8485700,211958000000,-400,true,-1.59
"VCG",143025,"/Date(1704353338000)/",24700,100,8485600,211956000000,-400,true,-1.59
"VCG",143025,"/Date(1704353338000)/",24700,100,8485500,211954000000,-400,true,-1.59
"VCG",143025,"/Date(1704353338000)/",24700,200,8485400,211951000000,-400,true,-1.59
"VCG",143025,"/Date(1704353338000)/",24700,2000,8485200,211946000000,-400,true,-1.59
"VCG",143025,"/Date(1704353338000)/",24700,200,8483200,211897000000,-400,true,-1.59
"VCG",143025,"/Date(1704353338000)/",24700,100,8483000,211892000000,-400,true,-1.59
"VCG",143025,"/Date(1704353338000)/",24700,600,8482900,211889000000,-400,true,-1.59
"VCG",143025,"/Date(1704353338000)/",24700,300,8482300,211875000000,-400,true,-1.59
"VCG",143025,"/Date(1704353338000)/",24700,300,8482000,211867000000,-400,true,-1.59
"VCG",143025,"/Date(1704353338000)/",24700,200,8481700,211860000000,-400,true,-1.59
"VCG",143025,"/Date(1704353338000)/",24700,500,8481500,211855000000,-400,true,-1.59
"VCG",143025,"/Date(1704353338000)/",24700,100,8481000,211842000000,-400,true,-1.59
"VCG",143025,"/Date(1704353338000)/",24700,5000,8480900,211840000000,-400,true,-1.59
"VCG",143025,"/Date(1704353338000)/",24700,1000,8475900,211716000000,-400,true,-1.59
"VCG",143025,"/Date(1704353338000)/",24700,3200,8474900,211692000000,-400,true,-1.59
"VCG",143025,"/Date(1704353338000)/",24750,20500,8471700,211613000000,-350,false,-1.39
"VCG",143025,"/Date(1704353337000)/",24750,500,8451200,211105000000,-350,false,-1.39
"VCG",143025,"/Date(1704353337000)/",24750,20000,8450700,211093000000,-350,false,-1.39
"VCG",143025,"/Date(1704353337000)/",24750,2000,8430700,210598000000,-350,false,-1.39
"VCG",143025,"/Date(1704353337000)/",24750,4000,8428700,210548000000,-350,false,-1.39
"VCG",143025,"/Date(1704353337000)/",24750,3000,8424700,210449000000,-350,false,-1.39
"VCG",143025,"/Date(1704353337000)/",24750,100,8421700,210375000000,-350,false,-1.39
"VCG",143021,"/Date(1704353336000)/",24700,1000,8421600,210373000000,-400,true,-1.59
"VCG",143018,"/Date(1704353334000)/",24750,3000,8420600,210348000000,-350,false,-1.39
"VCG",143018,"/Date(1704353333000)/",24750,2000,8417600,210274000000,-350,false,-1.39
"VCG",143018,"/Date(1704353333000)/",24750,100,8415600,210224000000,-350,false,-1.39
"VCG",143018,"/Date(1704353332000)/",24700,800,8415500,210222000000,-400,true,-1.59
"VCG",143018,"/Date(1704353332000)/",24700,100,8414700,210202000000,-400,true,-1.59
"VCG",143018,"/Date(1704353332000)/",24700,300,8414600,210200000000,-400,true,-1.59
"VCG",143018,"/Date(1704353332000)/",24700,1000,8414300,210192000000,-400,true,-1.59
"VCG",143018,"/Date(1704353332000)/",24700,100,8413300,210167000000,-400,true,-1.59
"VCG",143018,"/Date(1704353332000)/",24700,10000,8413200,210165000000,-400,true,-1.59
"VCG",143018,"/Date(1704353332000)/",24700,500,8403200,209918000000,-400,true,-1.59
"VCG",143018,"/Date(1704353332000)/",24700,5000,8402700,209906000000,-400,true,-1.59
"VCG",143018,"/Date(1704353332000)/",24700,2000,8397700,209782000000,-400,true,-1.59
"VCG",143018,"/Date(1704353332000)/",24700,1000,8395700,209733000000,-400,true,-1.59
"VCG",143018,"/Date(1704353332000)/",24700,300,8394700,209708000000,-400,true,-1.59
"VCG",143018,"/Date(1704353332000)/",24700,300,8394400,209701000000,-400,true,-1.59
"VCG",143018,"/Date(1704353332000)/",24750,200,8394100,209693000000,-350,false,-1.39
"VCG",143018,"/Date(1704353331000)/",24750,200,8393900,209688000000,-350,false,-1.39
"VCG",143018,"/Date(1704353331000)/",24750,500,8393700,209683000000,-350,false,-1.39
"VCG",143018,"/Date(1704353331000)/",24750,500,8393200,209671000000,-350,false,-1.39
"VCG",143018,"/Date(1704353331000)/",24750,300,8392700,209659000000,-350,false,-1.39
"VCG",143018,"/Date(1704353331000)/",24750,100,8392400,209651000000,-350,false,-1.39
"VCG",143015,"/Date(1704353329000)/",24750,500,8392300,209649000000,-350,true,-1.39
"VCG",143015,"/Date(1704353327000)/",24750,2400,8391800,209636000000,-350,true,-1.39
"VCG",143015,"/Date(1704353327000)/",24750,100,8389400,209577000000,-350,true,-1.39
"VCG",143015,"/Date(1704353327000)/",24750,4900,8389300,209574000000,-350,true,-1.39
"VCG",143015,"/Date(1704353327000)/",24750,100,8384400,209453000000,-350,true,-1.39
"VCG",143015,"/Date(1704353327000)/",24750,100,8384300,209451000000,-350,true,-1.39
"VCG",143015,"/Date(1704353327000)/",24750,200,8384200,209448000000,-350,true,-1.39
"VCG",143015,"/Date(1704353327000)/",24750,700,8384000,209443000000,-350,true,-1.39
"VCG",143015,"/Date(1704353326000)/",24750,900,8383300,209426000000,-350,true,-1.39
"VCG",143015,"/Date(1704353326000)/",24750,1000,8382400,209404000000,-350,true,-1.39
"VCG",143015,"/Date(1704353326000)/",24750,500,8381400,209379000000,-350,true,-1.39
"VCG",143015,"/Date(1704353326000)/",24750,500,8380900,209367000000,-350,true,-1.39
"VCG",143015,"/Date(1704353326000)/",24750,1000,8380400,209354000000,-350,true,-1.39
"VCG",143015,"/Date(1704353326000)/",24750,100,8379400,209329000000,-350,true,-1.39
"VCG",143015,"/Date(1704353326000)/",24750,3200,8379300,209327000000,-350,true,-1.39
"VCG",143015,"/Date(1704353326000)/",24750,7500,8376100,209248000000,-350,true,-1.39
"VCG",143015,"/Date(1704353326000)/",24750,500,8368600,209062000000,-350,true,-1.39
"VCG",143015,"/Date(1704353326000)/",24750,300,8368100,209050000000,-350,true,-1.39
"VCG",143015,"/Date(1704353326000)/",24750,200,8367800,209042000000,-350,true,-1.39
"VCG",143015,"/Date(1704353326000)/",24750,5000,8367600,209037000000,-350,true,-1.39
"VCG",143015,"/Date(1704353326000)/",24750,900,8362600,208914000000,-350,true,-1.39
"VCG",143015,"/Date(1704353326000)/",24750,200,8361700,208891000000,-350,true,-1.39
"VCG",143015,"/Date(1704353326000)/",24750,200,8361500,208886000000,-350,true,-1.39
"VCG",143015,"/Date(1704353326000)/",24750,200,8361300,208881000000,-350,true,-1.39
"VCG",143015,"/Date(1704353326000)/",24750,100,8361100,208876000000,-350,true,-1.39
"VCG",143015,"/Date(1704353326000)/",24750,100,8361000,208874000000,-350,true,-1.39
"VCG",143015,"/Date(1704353326000)/",24750,3000,8360900,208872000000,-350,true,-1.39
"VCG",143015,"/Date(1704353326000)/",24750,200,8357900,208797000000,-350,true,-1.39
"VCG",143015,"/Date(1704353326000)/",24750,200,8357700,208792000000,-350,true,-1.39
"VCG",143015,"/Date(1704353326000)/",24750,100,8357500,208787000000,-350,true,-1.39
"VCG",143015,"/Date(1704353326000)/",24750,100,8357400,208785000000,-350,true,-1.39
"VCG",143015,"/Date(1704353326000)/",24750,4000,8357300,208782000000,-350,true,-1.39
"VCG",143012,"/Date(1704353322000)/",24750,2400,8353300,208683000000,-350,true,-1.39
"VCG",143012,"/Date(1704353321000)/",24800,30000,8350900,208624000000,-300,false,-1.2
"VCG",143005,"/Date(1704353319000)/",24750,700,8320900,207880000000,-350,true,-1.39
"VCG",143002,"/Date(1704353317000)/",24750,2900,8320200,207863000000,-350,true,-1.39
"VCG",143002,"/Date(1704353317000)/",24750,100,8317300,207791000000,-350,true,-1.39
"VCG",143002,"/Date(1704353317000)/",24750,5000,8317200,207788000000,-350,true,-1.39
"VCG",143002,"/Date(1704353317000)/",24750,100,8312200,207665000000,-350,true,-1.39
"VCG",143002,"/Date(1704353317000)/",24750,100,8312100,207662000000,-350,true,-1.39
"VCG",143002,"/Date(1704353317000)/",24750,2500,8312000,207660000000,-350,true,-1.39
"VCG",143002,"/Date(1704353317000)/",24750,1000,8309500,207598000000,-350,true,-1.39
"VCG",143002,"/Date(1704353317000)/",24750,1000,8308500,207573000000,-350,true,-1.39
"VCG",143002,"/Date(1704353317000)/",24750,100,8307500,207548000000,-350,true,-1.39
"VCG",143002,"/Date(1704353317000)/",24750,500,8307400,207546000000,-350,true,-1.39
"VCG",143002,"/Date(1704353317000)/",24750,200,8306900,207534000000,-350,true,-1.39
"VCG",143002,"/Date(1704353317000)/",24750,100,8306700,207529000000,-350,true,-1.39
"VCG",143002,"/Date(1704353317000)/",24750,100,8306600,207526000000,-350,true,-1.39
"VCG",143002,"/Date(1704353317000)/",24750,2000,8306500,207524000000,-350,true,-1.39
"VCG",143002,"/Date(1704353317000)/",24750,100,8304500,207474000000,-350,true,-1.39
"VCG",143002,"/Date(1704353317000)/",24750,300,8304400,207472000000,-350,true,-1.39
"VCG",143002,"/Date(1704353317000)/",24750,300,8304100,207464000000,-350,true,-1.39
"VCG",143002,"/Date(1704353317000)/",24750,500,8303800,207457000000,-350,true,-1.39
"VCG",143002,"/Date(1704353317000)/",24750,3000,8303300,207444000000,-350,true,-1.39
"VCG",143002,"/Date(1704353317000)/",24750,100,8300300,207370000000,-350,true,-1.39
"VCG",142959,"/Date(1704353314000)/",24800,200,8300200,207368000000,-300,false,-1.2
"VCG",142959,"/Date(1704353312000)/",24800,500,8300000,207363000000,-300,false,-1.2
"VCG",142956,"/Date(1704353311000)/",24800,4000,8299500,207350000000,-300,false,-1.2
"VCG",142953,"/Date(1704353308000)/",24800,100,8295500,207251000000,-300,false,-1.2
"VCG",142949,"/Date(1704353303000)/",24800,100,8295400,207249000000,-300,true,-1.2
"VCG",142949,"/Date(1704353302000)/",24800,500,8295300,207246000000,-300,true,-1.2
"VCG",142949,"/Date(1704353302000)/",24800,1000,8294800,207234000000,-300,true,-1.2
"VCG",142949,"/Date(1704353302000)/",24800,200,8293800,207209000000,-300,true,-1.2
"VCG",142949,"/Date(1704353302000)/",24800,200,8293600,207204000000,-300,true,-1.2
"VCG",142949,"/Date(1704353302000)/",24800,5000,8293400,207199000000,-300,true,-1.2
"VCG",142949,"/Date(1704353302000)/",24800,200,8288400,207075000000,-300,true,-1.2
"VCG",142949,"/Date(1704353302000)/",24800,300,8288200,207070000000,-300,true,-1.2
"VCG",142949,"/Date(1704353302000)/",24800,200,8287900,207063000000,-300,true,-1.2
"VCG",142949,"/Date(1704353302000)/",24800,5000,8287700,207058000000,-300,true,-1.2
"VCG",142949,"/Date(1704353302000)/",24800,100,8282700,206934000000,-300,true,-1.2
"VCG",142949,"/Date(1704353302000)/",24800,300,8282600,206931000000,-300,true,-1.2
"VCG",142949,"/Date(1704353302000)/",24800,1000,8282300,206924000000,-300,true,-1.2
"VCG",142949,"/Date(1704353302000)/",24800,100,8281300,206899000000,-300,true,-1.2
"VCG",142949,"/Date(1704353302000)/",24800,2000,8281200,206896000000,-300,true,-1.2
"VCG",142949,"/Date(1704353302000)/",24800,300,8279200,206847000000,-300,true,-1.2
"VCG",142949,"/Date(1704353302000)/",24800,10000,8278900,206839000000,-300,true,-1.2
"VCG",142949,"/Date(1704353302000)/",24800,500,8268900,206591000000,-300,true,-1.2
"VCG",142949,"/Date(1704353302000)/",24800,5000,8268400,206579000000,-300,true,-1.2
"VCG",142949,"/Date(1704353302000)/",24800,200,8263400,206455000000,-300,true,-1.2
"VCG",142949,"/Date(1704353302000)/",24800,3000,8263200,206450000000,-300,true,-1.2
"VCG",142949,"/Date(1704353302000)/",24800,100,8260200,206376000000,-300,true,-1.2
"VCG",142949,"/Date(1704353302000)/",24800,100,8260100,206373000000,-300,true,-1.2
"VCG",142949,"/Date(1704353302000)/",24800,200,8260000,206371000000,-300,true,-1.2
"VCG",142949,"/Date(1704353302000)/",24800,100,8259800,206366000000,-300,true,-1.2
"VCG",142949,"/Date(1704353302000)/",24800,1000,8259700,206363000000,-300,true,-1.2
"VCG",142949,"/Date(1704353302000)/",24800,100,8258700,206338000000,-300,true,-1.2
"VCG",142949,"/Date(1704353302000)/",24800,10000,8258600,206336000000,-300,true,-1.2
"VCG",142949,"/Date(1704353302000)/",24800,200,8248600,206088000000,-300,true,-1.2
"VCG",142949,"/Date(1704353302000)/",24800,500,8248400,206083000000,-300,true,-1.2
"VCG",142949,"/Date(1704353302000)/",24800,100,8247900,206071000000,-300,true,-1.2
"VCG",142949,"/Date(1704353302000)/",24800,100,8247800,206068000000,-300,true,-1.2
"VCG",142949,"/Date(1704353302000)/",24800,1000,8247700,206066000000,-300,true,-1.2
"VCG",142949,"/Date(1704353302000)/",24800,400,8246700,206041000000,-300,true,-1.2
"VCG",142949,"/Date(1704353302000)/",24800,2700,8246300,206031000000,-300,true,-1.2
"VCG",142946,"/Date(1704353300000)/",24800,2000,8243600,205964000000,-300,true,-1.2
"VCG",142946,"/Date(1704353299000)/",24800,300,8241600,205914000000,-300,true,-1.2
"VCG",142943,"/Date(1704353298000)/",24800,1000,8241300,205907000000,-300,true,-1.2
"VCG",142943,"/Date(1704353298000)/",24800,500,8240300,205882000000,-300,true,-1.2
"VCG",142943,"/Date(1704353298000)/",24800,500,8239800,205870000000,-300,true,-1.2
"VCG",142943,"/Date(1704353298000)/",24800,100,8239300,205857000000,-300,true,-1.2
"VCG",142943,"/Date(1704353298000)/",24800,200,8239200,205855000000,-300,true,-1.2
"VCG",142943,"/Date(1704353298000)/",24800,3300,8239000,205850000000,-300,true,-1.2
"VCG",142943,"/Date(1704353298000)/",24800,2400,8235700,205768000000,-300,true,-1.2
"VCG",142943,"/Date(1704353298000)/",24800,200,8233300,205709000000,-300,true,-1.2
"VCG",142943,"/Date(1704353298000)/",24800,100,8233100,205704000000,-300,true,-1.2
"VCG",142943,"/Date(1704353298000)/",24800,200,8233000,205701000000,-300,true,-1.2
"VCG",142943,"/Date(1704353298000)/",24800,200,8232800,205696000000,-300,true,-1.2
"VCG",142943,"/Date(1704353298000)/",24800,1400,8232600,205691000000,-300,true,-1.2
"VCG",142943,"/Date(1704353297000)/",24800,1100,8231200,205656000000,-300,true,-1.2
"VCG",142943,"/Date(1704353297000)/",24800,500,8230100,205629000000,-300,true,-1.2
"VCG",142943,"/Date(1704353297000)/",24800,1000,8229600,205617000000,-300,true,-1.2
"VCG",142943,"/Date(1704353297000)/",24800,1200,8228600,205592000000,-300,true,-1.2
"VCG",142943,"/Date(1704353297000)/",24800,10000,8227400,205562000000,-300,true,-1.2
"VCG",142943,"/Date(1704353297000)/",24800,500,8217400,205314000000,-300,true,-1.2
"VCG",142943,"/Date(1704353297000)/",24800,200,8216900,205302000000,-300,true,-1.2
"VCG",142943,"/Date(1704353297000)/",24800,500,8216700,205297000000,-300,true,-1.2
"VCG",142943,"/Date(1704353296000)/",24800,500,8216200,205284000000,-300,true,-1.2
"VCG",142943,"/Date(1704353296000)/",24800,500,8215700,205272000000,-300,true,-1.2
"VCG",142943,"/Date(1704353296000)/",24800,800,8215200,205260000000,-300,true,-1.2
"VCG",142940,"/Date(1704353295000)/",24800,200,8214400,205240000000,-300,true,-1.2
"VCG",142940,"/Date(1704353295000)/",24800,1000,8214200,205235000000,-300,true,-1.2
"VCG",142940,"/Date(1704353295000)/",24800,2000,8213200,205210000000,-300,true,-1.2
"VCG",142940,"/Date(1704353295000)/",24800,500,8211200,205160000000,-300,true,-1.2
"VCG",142940,"/Date(1704353295000)/",24800,200,8210700,205148000000,-300,true,-1.2
"VCG",142940,"/Date(1704353295000)/",24800,500,8210500,205143000000,-300,true,-1.2
"VCG",142940,"/Date(1704353295000)/",24800,200,8210000,205131000000,-300,true,-1.2
"VCG",142940,"/Date(1704353295000)/",24800,10000,8209800,205126000000,-300,true,-1.2
"VCG",142940,"/Date(1704353295000)/",24800,200,8199800,204878000000,-300,true,-1.2
"VCG",142940,"/Date(1704353295000)/",24800,500,8199600,204873000000,-300,true,-1.2
"VCG",142940,"/Date(1704353295000)/",24800,200,8199100,204860000000,-300,true,-1.2
"VCG",142940,"/Date(1704353295000)/",24800,3000,8198900,204855000000,-300,true,-1.2
"VCG",142940,"/Date(1704353295000)/",24800,200,8195900,204781000000,-300,true,-1.2
"VCG",142940,"/Date(1704353295000)/",24800,7000,8195700,204776000000,-300,true,-1.2
"VCG",142940,"/Date(1704353295000)/",24800,200,8188700,204602000000,-300,true,-1.2
"VCG",142940,"/Date(1704353295000)/",24800,300,8188500,204598000000,-300,true,-1.2
"VCG",142940,"/Date(1704353295000)/",24800,200,8188200,204590000000,-300,true,-1.2
"VCG",142940,"/Date(1704353295000)/",24800,2200,8188000,204585000000,-300,true,-1.2
"VCG",142940,"/Date(1704353295000)/",24800,200,8185800,204531000000,-300,true,-1.2
"VCG",142940,"/Date(1704353293000)/",24800,7600,8185600,204526000000,-300,true,-1.2
"VCG",142940,"/Date(1704353293000)/",24800,100,8178000,204337000000,-300,true,-1.2
"VCG",142940,"/Date(1704353293000)/",24800,300,8177900,204335000000,-300,true,-1.2
"VCG",142940,"/Date(1704353293000)/",24800,100,8177600,204327000000,-300,true,-1.2
"VCG",142940,"/Date(1704353293000)/",24800,500,8177500,204325000000,-300,true,-1.2
"VCG",142940,"/Date(1704353293000)/",24800,200,8177000,204312000000,-300,true,-1.2
"VCG",142940,"/Date(1704353293000)/",24800,1000,8176800,204307000000,-300,true,-1.2
"VCG",142940,"/Date(1704353293000)/",24800,200,8175800,204283000000,-300,true,-1.2
"VCG",142940,"/Date(1704353293000)/",24800,300,8175600,204278000000,-300,true,-1.2
"VCG",142940,"/Date(1704353293000)/",24800,9700,8175300,204270000000,-300,true,-1.2
"VCG",142937,"/Date(1704353289000)/",24800,300,8165600,204030000000,-300,true,-1.2
"VCG",142937,"/Date(1704353289000)/",24800,200,8165300,204022000000,-300,true,-1.2
"VCG",142937,"/Date(1704353289000)/",24800,100,8165100,204017000000,-300,true,-1.2
"VCG",142937,"/Date(1704353289000)/",24800,900,8165000,204015000000,-300,true,-1.2
"VCG",142937,"/Date(1704353289000)/",24800,3100,8164100,203992000000,-300,true,-1.2
"VCG",142937,"/Date(1704353289000)/",24800,1000,8161000,203916000000,-300,true,-1.2
"VCG",142937,"/Date(1704353289000)/",24800,900,8160000,203891000000,-300,true,-1.2
"VCG",142930,"/Date(1704353285000)/",24800,1000,8159100,203868000000,-300,true,-1.2
"VCG",142930,"/Date(1704353284000)/",24800,100,8158100,203844000000,-300,true,-1.2
"VCG",142930,"/Date(1704353284000)/",24800,300,8158000,203841000000,-300,true,-1.2
"VCG",142930,"/Date(1704353284000)/",24800,100,8157700,203834000000,-300,true,-1.2
"VCG",142930,"/Date(1704353284000)/",24800,500,8157600,203831000000,-300,true,-1.2
"VCG",142930,"/Date(1704353284000)/",24800,6000,8157100,203819000000,-300,true,-1.2
"VCG",142930,"/Date(1704353284000)/",24800,300,8151100,203670000000,-300,true,-1.2
"VCG",142930,"/Date(1704353284000)/",24800,200,8150800,203663000000,-300,true,-1.2
"VCG",142930,"/Date(1704353284000)/",24800,3700,8150600,203658000000,-300,true,-1.2
"VCG",142930,"/Date(1704353284000)/",24800,500,8146900,203566000000,-300,true,-1.2
"VCG",142930,"/Date(1704353284000)/",24800,500,8146400,203553000000,-300,true,-1.2
"VCG",142930,"/Date(1704353284000)/",24800,100,8145900,203541000000,-300,true,-1.2
"VCG",142930,"/Date(1704353284000)/",24800,1000,8145800,203539000000,-300,true,-1.2
"VCG",142930,"/Date(1704353284000)/",24800,100,8144800,203514000000,-300,true,-1.2
"VCG",142930,"/Date(1704353284000)/",24800,500,8144700,203511000000,-300,true,-1.2
"VCG",142930,"/Date(1704353284000)/",24800,200,8144200,203499000000,-300,true,-1.2
"VCG",142930,"/Date(1704353284000)/",24800,200,8144000,203494000000,-300,true,-1.2
"VCG",142930,"/Date(1704353284000)/",24800,200,8143800,203489000000,-300,true,-1.2
"VCG",142930,"/Date(1704353284000)/",24800,200,8143600,203484000000,-300,true,-1.2
"VCG",142930,"/Date(1704353284000)/",24800,1000,8143400,203479000000,-300,true,-1.2
"VCG",142930,"/Date(1704353284000)/",24800,1300,8142400,203454000000,-300,true,-1.2
"VCG",142927,"/Date(1704353282000)/",24800,5700,8141100,203422000000,-300,true,-1.2
"VCG",142927,"/Date(1704353282000)/",24800,2400,8135400,203281000000,-300,true,-1.2
"VCG",142927,"/Date(1704353282000)/",24800,100,8133000,203221000000,-300,true,-1.2
"VCG",142927,"/Date(1704353282000)/",24800,500,8132900,203219000000,-300,true,-1.2
"VCG",142927,"/Date(1704353282000)/",24800,500,8132400,203206000000,-300,true,-1.2
"VCG",142927,"/Date(1704353282000)/",24800,100,8131900,203194000000,-300,true,-1.2
"VCG",142927,"/Date(1704353282000)/",24800,200,8131800,203191000000,-300,true,-1.2
"VCG",142927,"/Date(1704353282000)/",24800,4000,8131600,203186000000,-300,true,-1.2
"VCG",142927,"/Date(1704353282000)/",24800,100,8127600,203087000000,-300,true,-1.2
"VCG",142927,"/Date(1704353282000)/",24800,4100,8127500,203085000000,-300,true,-1.2
"VCG",142927,"/Date(1704353282000)/",24800,200,8123400,202983000000,-300,true,-1.2
"VCG",142927,"/Date(1704353282000)/",24800,10000,8123200,202978000000,-300,true,-1.2
"VCG",142927,"/Date(1704353282000)/",24800,300,8113200,202730000000,-300,true,-1.2
"VCG",142927,"/Date(1704353282000)/",24800,5000,8112900,202723000000,-300,true,-1.2
"VCG",142927,"/Date(1704353282000)/",24800,100,8107900,202599000000,-300,true,-1.2
"VCG",142927,"/Date(1704353282000)/",24800,300,8107800,202596000000,-300,true,-1.2
"VCG",142927,"/Date(1704353282000)/",24800,6000,8107500,202589000000,-300,true,-1.2
"VCG",142927,"/Date(1704353282000)/",24800,1000,8101500,202440000000,-300,true,-1.2
"VCG",142927,"/Date(1704353282000)/",24800,9400,8100500,202415000000,-300,true,-1.2
"VCG",142924,"/Date(1704353277000)/",24850,100,8091100,202182000000,-250,false,-1
"VCG",142921,"/Date(1704353275000)/",24800,1500,8091000,202180000000,-300,true,-1.2
"VCG",142921,"/Date(1704353273000)/",24850,2000,8089500,202142000000,-250,false,-1
"VCG",142917,"/Date(1704353270000)/",24800,6700,8087500,202093000000,-300,true,-1.2
"VCG",142914,"/Date(1704353267000)/",24850,300,8080800,201926000000,-250,false,-1
"VCG",142908,"/Date(1704353262000)/",24850,300,8080500,201919000000,-250,false,-1
"VCG",142904,"/Date(1704353257000)/",24800,2400,8080200,201912000000,-300,true,-1.2
"VCG",142904,"/Date(1704353257000)/",24800,600,8077800,201852000000,-300,true,-1.2
"VCG",142901,"/Date(1704353257000)/",24850,5000,8077200,201837000000,-250,false,-1
"VCG",142901,"/Date(1704353257000)/",24850,500,8072200,201713000000,-250,false,-1
"VCG",142901,"/Date(1704353256000)/",24850,300,8071700,201700000000,-250,false,-1
"VCG",142858,"/Date(1704353252000)/",24850,3000,8071400,201693000000,-250,false,-1
"VCG",142858,"/Date(1704353252000)/",24850,7700,8068400,201618000000,-250,false,-1
"VCG",142858,"/Date(1704353251000)/",24850,300,8060700,201427000000,-250,false,-1
"VCG",142858,"/Date(1704353251000)/",24850,2500,8060400,201420000000,-250,false,-1
"VCG",142858,"/Date(1704353251000)/",24850,300,8057900,201358000000,-250,false,-1
"VCG",142858,"/Date(1704353251000)/",24850,2000,8057600,201350000000,-250,false,-1
"VCG",142858,"/Date(1704353251000)/",24850,1000,8055600,201300000000,-250,false,-1
"VCG",142858,"/Date(1704353251000)/",24850,5800,8054600,201276000000,-250,false,-1
"VCG",142858,"/Date(1704353251000)/",24850,500,8048800,201131000000,-250,false,-1
"VCG",142855,"/Date(1704353249000)/",24850,1200,8048300,201119000000,-250,false,-1
"VCG",142852,"/Date(1704353245000)/",24850,100,8047100,201089000000,-250,false,-1
"VCG",142848,"/Date(1704353243000)/",24850,300,8047000,201087000000,-250,false,-1
"VCG",142848,"/Date(1704353242000)/",24850,1000,8046700,201079000000,-250,false,-1
"VCG",142845,"/Date(1704353239000)/",24800,400,8045700,201054000000,-300,true,-1.2
"VCG",142845,"/Date(1704353239000)/",24800,200,8045300,201044000000,-300,true,-1.2
"VCG",142845,"/Date(1704353239000)/",24800,1000,8045100,201039000000,-300,true,-1.2
"VCG",142845,"/Date(1704353239000)/",24800,100,8044100,201015000000,-300,true,-1.2
"VCG",142845,"/Date(1704353239000)/",24800,100,8044000,201012000000,-300,true,-1.2
"VCG",142845,"/Date(1704353239000)/",24800,200,8043900,201010000000,-300,true,-1.2
"VCG",142845,"/Date(1704353239000)/",24800,1000,8043700,201005000000,-300,true,-1.2
"VCG",142845,"/Date(1704353239000)/",24800,100,8042700,200980000000,-300,true,-1.2
"VCG",142845,"/Date(1704353239000)/",24800,100,8042600,200977000000,-300,true,-1.2
"VCG",142845,"/Date(1704353239000)/",24800,100,8042500,200975000000,-300,true,-1.2
"VCG",142845,"/Date(1704353239000)/",24800,500,8042400,200973000000,-300,true,-1.2
"VCG",142845,"/Date(1704353239000)/",24800,200,8041900,200960000000,-300,true,-1.2
"VCG",142845,"/Date(1704353239000)/",24800,2200,8041700,200955000000,-300,true,-1.2
"VCG",142845,"/Date(1704353238000)/",24850,100,8039500,200901000000,-250,true,-1
"VCG",142845,"/Date(1704353238000)/",24850,900,8039400,200898000000,-250,true,-1
"VCG",142845,"/Date(1704353238000)/",24850,100,8038500,200876000000,-250,true,-1
"VCG",142836,"/Date(1704353229000)/",24850,200,8038400,200873000000,-250,false,-1
"VCG",142836,"/Date(1704353229000)/",24850,300,8038200,200868000000,-250,false,-1
"VCG",142832,"/Date(1704353227000)/",24800,17800,8037900,200861000000,-300,true,-1.2
"VCG",142832,"/Date(1704353227000)/",24800,500,8020100,200419000000,-300,true,-1.2
"VCG",142832,"/Date(1704353227000)/",24800,5000,8019600,200407000000,-300,true,-1.2
"VCG",142832,"/Date(1704353227000)/",24800,1000,8014600,200283000000,-300,true,-1.2
"VCG",142832,"/Date(1704353227000)/",24800,2000,8013600,200258000000,-300,true,-1.2
"VCG",142832,"/Date(1704353227000)/",24800,100,8011600,200209000000,-300,true,-1.2
"VCG",142832,"/Date(1704353227000)/",24800,500,8011500,200206000000,-300,true,-1.2
"VCG",142832,"/Date(1704353227000)/",24800,3000,8011000,200194000000,-300,true,-1.2
"VCG",142832,"/Date(1704353227000)/",24800,100,8008000,200119000000,-300,true,-1.2
"VCG",142832,"/Date(1704353227000)/",24800,500,8007900,200117000000,-300,true,-1.2
"VCG",142832,"/Date(1704353227000)/",24800,100,8007400,200104000000,-300,true,-1.2
"VCG",142832,"/Date(1704353227000)/",24800,500,8007300,200102000000,-300,true,-1.2
"VCG",142832,"/Date(1704353227000)/",24800,300,8006800,200090000000,-300,true,-1.2
"VCG",142832,"/Date(1704353227000)/",24800,1000,8006500,200082000000,-300,true,-1.2
"VCG",142832,"/Date(1704353227000)/",24800,5000,8005500,200057000000,-300,true,-1.2
"VCG",142832,"/Date(1704353227000)/",24800,12600,8000500,199933000000,-300,true,-1.2
"VCG",142832,"/Date(1704353227000)/",24850,100,7987900,199621000000,-250,false,-1
"VCG",142832,"/Date(1704353227000)/",24800,1300,7987800,199618000000,-300,true,-1.2
"VCG",142832,"/Date(1704353226000)/",24850,400,7986500,199586000000,-250,false,-1
"VCG",142832,"/Date(1704353226000)/",24850,100,7986100,199576000000,-250,false,-1
"VCG",142832,"/Date(1704353225000)/",24850,100,7986000,199574000000,-250,false,-1
"VCG",142832,"/Date(1704353225000)/",24850,300,7985900,199571000000,-250,false,-1
"VCG",142832,"/Date(1704353225000)/",24850,1700,7985600,199564000000,-250,false,-1
"VCG",142829,"/Date(1704353222000)/",24850,1000,7983900,199522000000,-250,false,-1
"VCG",142829,"/Date(1704353222000)/",24850,1000,7982900,199497000000,-250,false,-1
"VCG",142820,"/Date(1704353214000)/",24850,100,7981900,199472000000,-250,true,-1
"VCG",142820,"/Date(1704353214000)/",24850,100,7981800,199469000000,-250,true,-1
"VCG",142813,"/Date(1704353207000)/",24850,1900,7981700,199467000000,-250,true,-1
"VCG",142813,"/Date(1704353207000)/",24850,2000,7979800,199420000000,-250,true,-1
"VCG",142813,"/Date(1704353207000)/",24850,3500,7977800,199370000000,-250,true,-1
"VCG",142810,"/Date(1704353204000)/",24900,2000,7974300,199283000000,-200,false,-0.8
"VCG",142807,"/Date(1704353202000)/",24900,100,7972300,199233000000,-200,false,-0.8
"VCG",142807,"/Date(1704353202000)/",24900,900,7972200,199231000000,-200,false,-0.8
"VCG",142807,"/Date(1704353202000)/",24900,200,7971300,199208000000,-200,false,-0.8
"VCG",142807,"/Date(1704353202000)/",24900,3000,7971100,199203000000,-200,false,-0.8
"VCG",142807,"/Date(1704353202000)/",24900,5800,7968100,199129000000,-200,false,-0.8
"VCG",142807,"/Date(1704353202000)/",24850,6000,7962300,198984000000,-250,false,-1
"VCG",142807,"/Date(1704353202000)/",24850,500,7956300,198835000000,-250,false,-1
"VCG",142807,"/Date(1704353201000)/",24850,500,7955800,198823000000,-250,false,-1
"VCG",142804,"/Date(1704353198000)/",24850,9000,7955300,198810000000,-250,false,-1
"VCG",142804,"/Date(1704353198000)/",24850,500,7946300,198587000000,-250,false,-1
"VCG",142804,"/Date(1704353198000)/",24850,200,7945800,198574000000,-250,false,-1
"VCG",142804,"/Date(1704353198000)/",24850,300,7945600,198569000000,-250,false,-1
"VCG",142804,"/Date(1704353198000)/",24850,700,7945300,198562000000,-250,false,-1
"VCG",142804,"/Date(1704353198000)/",24850,1800,7944600,198544000000,-250,false,-1
"VCG",142804,"/Date(1704353196000)/",24850,1000,7942800,198500000000,-250,false,-1
"VCG",142800,"/Date(1704353194000)/",24850,500,7941800,198475000000,-250,false,-1
"VCG",142757,"/Date(1704353192000)/",24850,200,7941300,198462000000,-250,false,-1
"VCG",142757,"/Date(1704353191000)/",24850,100,7941100,198457000000,-250,false,-1
"VCG",142754,"/Date(1704353188000)/",24850,2700,7941000,198455000000,-250,false,-1
"VCG",142754,"/Date(1704353188000)/",24850,1000,7938300,198388000000,-250,false,-1
"VCG",142754,"/Date(1704353188000)/",24850,1300,7937300,198363000000,-250,false,-1
"VCG",142754,"/Date(1704353187000)/",24850,700,7936000,198331000000,-250,false,-1
"VCG",142754,"/Date(1704353187000)/",24850,300,7935300,198313000000,-250,false,-1
"VCG",142751,"/Date(1704353186000)/",24800,500,7935000,198306000000,-300,true,-1.2
"VCG",142751,"/Date(1704353185000)/",24850,100,7934500,198293000000,-250,false,-1
"VCG",142751,"/Date(1704353184000)/",24850,100,7934400,198291000000,-250,false,-1
"VCG",142751,"/Date(1704353184000)/",24850,1000,7934300,198288000000,-250,false,-1
"VCG",142751,"/Date(1704353184000)/",24850,200,7933300,198264000000,-250,false,-1
"VCG",142748,"/Date(1704353180000)/",24850,300,7933100,198259000000,-250,false,-1
"VCG",142744,"/Date(1704353179000)/",24850,100,7932800,198251000000,-250,false,-1
"VCG",142744,"/Date(1704353178000)/",24850,200,7932700,198249000000,-250,false,-1
"VCG",142744,"/Date(1704353177000)/",24850,500,7932500,198244000000,-250,false,-1
"VCG",142741,"/Date(1704353176000)/",24850,200,7932000,198231000000,-250,false,-1
"VCG",142741,"/Date(1704353176000)/",24850,300,7931800,198226000000,-250,false,-1
"VCG",142741,"/Date(1704353174000)/",24850,1700,7931500,198219000000,-250,false,-1
"VCG",142741,"/Date(1704353174000)/",24850,1000,7929800,198177000000,-250,false,-1
"VCG",142741,"/Date(1704353174000)/",24850,1000,7928800,198152000000,-250,false,-1
"VCG",142741,"/Date(1704353174000)/",24850,200,7927800,198127000000,-250,false,-1
"VCG",142741,"/Date(1704353174000)/",24850,1100,7927600,198122000000,-250,false,-1
"VCG",142738,"/Date(1704353172000)/",24800,5600,7926500,198095000000,-300,true,-1.2
"VCG",142738,"/Date(1704353172000)/",24800,300,7920900,197956000000,-300,true,-1.2
"VCG",142738,"/Date(1704353172000)/",24800,300,7920600,197948000000,-300,true,-1.2
"VCG",142738,"/Date(1704353172000)/",24800,300,7920300,197941000000,-300,true,-1.2
"VCG",142735,"/Date(1704353168000)/",24850,200,7920000,197933000000,-250,false,-1
"VCG",142732,"/Date(1704353167000)/",24850,500,7919800,197928000000,-250,false,-1
"VCG",142732,"/Date(1704353167000)/",24850,100,7919300,197916000000,-250,false,-1
"VCG",142732,"/Date(1704353167000)/",24850,200,7919200,197913000000,-250,false,-1
"VCG",142732,"/Date(1704353167000)/",24850,100,7919000,197908000000,-250,false,-1
"VCG",142732,"/Date(1704353167000)/",24850,500,7918900,197906000000,-250,false,-1
"VCG",142732,"/Date(1704353167000)/",24850,500,7918400,197894000000,-250,false,-1
"VCG",142732,"/Date(1704353167000)/",24850,100,7917900,197881000000,-250,false,-1
"VCG",142732,"/Date(1704353167000)/",24850,1000,7917800,197879000000,-250,false,-1
"VCG",142732,"/Date(1704353167000)/",24850,700,7916800,197854000000,-250,false,-1
"VCG",142722,"/Date(1704353157000)/",24850,300,7916100,197836000000,-250,true,-1
"VCG",142722,"/Date(1704353157000)/",24850,4400,7915800,197829000000,-250,true,-1
"VCG",142722,"/Date(1704353157000)/",24850,500,7911400,197720000000,-250,true,-1
"VCG",142722,"/Date(1704353157000)/",24850,3000,7910900,197707000000,-250,true,-1
"VCG",142722,"/Date(1704353157000)/",24850,100,7907900,197633000000,-250,true,-1
"VCG",142722,"/Date(1704353157000)/",24850,5000,7907800,197630000000,-250,true,-1
"VCG",142722,"/Date(1704353157000)/",24850,1000,7902800,197506000000,-250,true,-1
"VCG",142722,"/Date(1704353157000)/",24850,2500,7901800,197481000000,-250,true,-1
"VCG",142722,"/Date(1704353157000)/",24850,1000,7899300,197419000000,-250,true,-1
"VCG",142722,"/Date(1704353157000)/",24850,3000,7898300,197394000000,-250,true,-1
"VCG",142722,"/Date(1704353157000)/",24850,200,7895300,197320000000,-250,true,-1
"VCG",142722,"/Date(1704353157000)/",24850,1000,7895100,197315000000,-250,true,-1
"VCG",142722,"/Date(1704353157000)/",24850,500,7894100,197290000000,-250,true,-1
"VCG",142722,"/Date(1704353157000)/",24850,100,7893600,197277000000,-250,true,-1
"VCG",142722,"/Date(1704353157000)/",24850,10000,7893500,197275000000,-250,true,-1
"VCG",142722,"/Date(1704353157000)/",24850,100,7883500,197026000000,-250,true,-1
"VCG",142722,"/Date(1704353157000)/",24850,200,7883400,197024000000,-250,true,-1
"VCG",142722,"/Date(1704353157000)/",24850,500,7883200,197019000000,-250,true,-1
"VCG",142722,"/Date(1704353157000)/",24850,1000,7882700,197006000000,-250,true,-1
"VCG",142722,"/Date(1704353157000)/",24850,100,7881700,196982000000,-250,true,-1
"VCG",142722,"/Date(1704353157000)/",24850,200,7881600,196979000000,-250,true,-1
"VCG",142722,"/Date(1704353157000)/",24850,100,7881400,196974000000,-250,true,-1
"VCG",142722,"/Date(1704353157000)/",24850,5000,7881300,196972000000,-250,true,-1
"VCG",142722,"/Date(1704353157000)/",24850,2000,7876300,196847000000,-250,true,-1
"VCG",142722,"/Date(1704353157000)/",24850,300,7874300,196798000000,-250,true,-1
"VCG",142722,"/Date(1704353157000)/",24850,1000,7874000,196790000000,-250,true,-1
"VCG",142722,"/Date(1704353157000)/",24850,900,7873000,196765000000,-250,true,-1
"VCG",142722,"/Date(1704353157000)/",24850,1000,7872100,196743000000,-250,true,-1
"VCG",142722,"/Date(1704353157000)/",24850,600,7871100,196718000000,-250,true,-1
"VCG",142722,"/Date(1704353157000)/",24850,1000,7870500,196703000000,-250,true,-1
"VCG",142722,"/Date(1704353157000)/",24850,200,7869500,196678000000,-250,true,-1
"VCG",142722,"/Date(1704353157000)/",24850,200,7869300,196673000000,-250,true,-1
"VCG",142722,"/Date(1704353157000)/",24850,1000,7869100,196668000000,-250,true,-1
"VCG",142722,"/Date(1704353157000)/",24850,1000,7868100,196644000000,-250,true,-1
"VCG",142722,"/Date(1704353157000)/",24850,300,7867100,196619000000,-250,true,-1
"VCG",142722,"/Date(1704353157000)/",24850,10000,7866800,196611000000,-250,true,-1
"VCG",142722,"/Date(1704353157000)/",24850,200,7856800,196363000000,-250,true,-1
"VCG",142722,"/Date(1704353157000)/",24850,200,7856600,196358000000,-250,true,-1
"VCG",142722,"/Date(1704353157000)/",24850,1000,7856400,196353000000,-250,true,-1
"VCG",142722,"/Date(1704353157000)/",24850,3500,7855400,196328000000,-250,true,-1
"VCG",142722,"/Date(1704353157000)/",24850,500,7851900,196241000000,-250,true,-1
"VCG",142722,"/Date(1704353157000)/",24850,200,7851400,196229000000,-250,true,-1
"VCG",142722,"/Date(1704353157000)/",24850,3000,7851200,196224000000,-250,true,-1
"VCG",142722,"/Date(1704353157000)/",24850,4000,7848200,196149000000,-250,true,-1
"VCG",142722,"/Date(1704353157000)/",24850,5000,7844200,196050000000,-250,true,-1
"VCG",142722,"/Date(1704353157000)/",24850,1000,7839200,195925000000,-250,true,-1
"VCG",142722,"/Date(1704353157000)/",24850,10000,7838200,195901000000,-250,true,-1
"VCG",142722,"/Date(1704353157000)/",24850,200,7828200,195652000000,-250,true,-1
"VCG",142722,"/Date(1704353157000)/",24850,2000,7828000,195647000000,-250,true,-1
"VCG",142722,"/Date(1704353157000)/",24850,100,7826000,195597000000,-250,true,-1
"VCG",142722,"/Date(1704353157000)/",24850,6000,7825900,195595000000,-250,true,-1
"VCG",142722,"/Date(1704353157000)/",24850,200,7819900,195446000000,-250,true,-1
"VCG",142722,"/Date(1704353157000)/",24850,5000,7819700,195441000000,-250,true,-1
"VCG",142722,"/Date(1704353157000)/",24850,400,7814700,195317000000,-250,true,-1
"VCG",142722,"/Date(1704353157000)/",24850,2000,7814300,195307000000,-250,true,-1
"VCG",142722,"/Date(1704353157000)/",24850,100,7812300,195257000000,-250,true,-1
"VCG",142722,"/Date(1704353157000)/",24850,5000,7812200,195255000000,-250,true,-1
"VCG",142722,"/Date(1704353157000)/",24850,1000,7807200,195130000000,-250,true,-1
"VCG",142722,"/Date(1704353157000)/",24850,500,7806200,195105000000,-250,true,-1
"VCG",142722,"/Date(1704353157000)/",24850,200,7805700,195093000000,-250,true,-1
"VCG",142722,"/Date(1704353157000)/",24850,100,7805500,195088000000,-250,true,-1
"VCG",142722,"/Date(1704353157000)/",24850,1000,7805400,195086000000,-250,true,-1
"VCG",142722,"/Date(1704353157000)/",24850,1000,7804400,195061000000,-250,true,-1
"VCG",142722,"/Date(1704353157000)/",24850,600,7803400,195036000000,-250,true,-1
"VCG",142722,"/Date(1704353157000)/",24850,100,7802800,195021000000,-250,true,-1
"VCG",142722,"/Date(1704353157000)/",24850,2000,7802700,195018000000,-250,true,-1
"VCG",142722,"/Date(1704353157000)/",24850,1000,7800700,194969000000,-250,true,-1
"VCG",142722,"/Date(1704353157000)/",24850,500,7799700,194944000000,-250,true,-1
"VCG",142722,"/Date(1704353157000)/",24850,1000,7799200,194931000000,-250,true,-1
"VCG",142722,"/Date(1704353157000)/",24850,100,7798200,194907000000,-250,true,-1
"VCG",142722,"/Date(1704353157000)/",24850,400,7798100,194904000000,-250,true,-1
"VCG",142722,"/Date(1704353157000)/",24850,200,7797700,194894000000,-250,true,-1
"VCG",142722,"/Date(1704353157000)/",24850,200,7797500,194889000000,-250,true,-1
"VCG",142722,"/Date(1704353157000)/",24850,100,7797300,194884000000,-250,true,-1
"VCG",142722,"/Date(1704353157000)/",24850,100,7797200,194882000000,-250,true,-1
"VCG",142722,"/Date(1704353157000)/",24850,200,7797100,194879000000,-250,true,-1
"VCG",142722,"/Date(1704353157000)/",24850,200,7796900,194874000000,-250,true,-1
"VCG",142722,"/Date(1704353157000)/",24850,200,7796700,194869000000,-250,true,-1
"VCG",142722,"/Date(1704353157000)/",24850,100,7796500,194864000000,-250,true,-1
"VCG",142722,"/Date(1704353157000)/",24850,100,7796400,194862000000,-250,true,-1
"VCG",142722,"/Date(1704353157000)/",24850,1000,7796300,194859000000,-250,true,-1
"VCG",142722,"/Date(1704353157000)/",24850,500,7795300,194835000000,-250,true,-1
"VCG",142722,"/Date(1704353157000)/",24850,400,7794800,194822000000,-250,true,-1
"VCG",142722,"/Date(1704353157000)/",24850,20000,7794400,194812000000,-250,true,-1
"VCG",142722,"/Date(1704353157000)/",24850,100,7774400,194315000000,-250,true,-1
"VCG",142722,"/Date(1704353157000)/",24850,100,7774300,194313000000,-250,true,-1
"VCG",142722,"/Date(1704353157000)/",24850,100,7774200,194310000000,-250,true,-1
"VCG",142722,"/Date(1704353157000)/",24850,3000,7774100,194308000000,-250,true,-1
"VCG",142722,"/Date(1704353157000)/",24850,5000,7771100,194233000000,-250,true,-1
"VCG",142709,"/Date(1704353145000)/",24850,100,7766100,194109000000,-250,true,-1
"VCG",142709,"/Date(1704353143000)/",24850,3000,7766000,194106000000,-250,true,-1
"VCG",142709,"/Date(1704353142000)/",24850,100,7763000,194032000000,-250,true,-1
"VCG",142709,"/Date(1704353142000)/",24850,8000,7762900,194029000000,-250,true,-1
"VCG",142706,"/Date(1704353141000)/",24900,100,7754900,193831000000,-200,false,-0.8
"VCG",142706,"/Date(1704353141000)/",24850,1000,7754800,193828000000,-250,true,-1
"VCG",142706,"/Date(1704353141000)/",24850,6000,7753800,193803000000,-250,true,-1
"VCG",142706,"/Date(1704353141000)/",24850,5700,7747800,193654000000,-250,true,-1
"VCG",142656,"/Date(1704353132000)/",24850,1500,7742100,193513000000,-250,true,-1
"VCG",142656,"/Date(1704353130000)/",24900,1000,7740600,193475000000,-200,false,-0.8
"VCG",142656,"/Date(1704353129000)/",24850,2000,7739600,193450000000,-250,true,-1
"VCG",142653,"/Date(1704353128000)/",24850,5000,7737600,193401000000,-250,true,-1
"VCG",142653,"/Date(1704353126000)/",24850,700,7732600,193276000000,-250,true,-1
"VCG",142650,"/Date(1704353125000)/",24900,3100,7731900,193259000000,-200,false,-0.8
"VCG",142650,"/Date(1704353125000)/",24900,300,7728800,193182000000,-200,false,-0.8
"VCG",142650,"/Date(1704353125000)/",24900,100,7728500,193174000000,-200,false,-0.8
"VCG",142650,"/Date(1704353125000)/",24900,900,7728400,193172000000,-200,false,-0.8
"VCG",142650,"/Date(1704353125000)/",24900,1600,7727500,193149000000,-200,false,-0.8
"VCG",142644,"/Date(1704353116000)/",24850,1000,7725900,193110000000,-250,true,-1
"VCG",142637,"/Date(1704353110000)/",24900,500,7724900,193085000000,-200,false,-0.8
"VCG",142628,"/Date(1704353101000)/",24900,2900,7724400,193072000000,-200,false,-0.8
"VCG",142628,"/Date(1704353101000)/",24900,3500,7721500,193000000000,-200,false,-0.8
"VCG",142628,"/Date(1704353101000)/",24900,300,7718000,192913000000,-200,false,-0.8
"VCG",142628,"/Date(1704353101000)/",24900,2300,7717700,192905000000,-200,false,-0.8
"VCG",142628,"/Date(1704353101000)/",24900,100,7715400,192848000000,-200,false,-0.8
"VCG",142628,"/Date(1704353101000)/",24900,500,7715300,192846000000,-200,false,-0.8
"VCG",142628,"/Date(1704353101000)/",24900,3000,7714800,192833000000,-200,false,-0.8
"VCG",142628,"/Date(1704353101000)/",24900,500,7711800,192759000000,-200,false,-0.8
"VCG",142628,"/Date(1704353101000)/",24900,5000,7711300,192746000000,-200,false,-0.8
"VCG",142628,"/Date(1704353101000)/",24900,2000,7706300,192622000000,-200,false,-0.8
"VCG",142628,"/Date(1704353101000)/",24900,500,7704300,192572000000,-200,false,-0.8
"VCG",142628,"/Date(1704353101000)/",24900,500,7703800,192559000000,-200,false,-0.8
"VCG",142628,"/Date(1704353101000)/",24900,1000,7703300,192547000000,-200,false,-0.8
"VCG",142628,"/Date(1704353101000)/",24900,5800,7702300,192522000000,-200,false,-0.8
"VCG",142628,"/Date(1704353101000)/",24900,2100,7696500,192378000000,-200,false,-0.8
"VCG",142621,"/Date(1704353096000)/",24900,1000,7694400,192325000000,-200,false,-0.8
"VCG",142608,"/Date(1704353083000)/",24900,1900,7693400,192300000000,-200,false,-0.8
"VCG",142608,"/Date(1704353083000)/",24900,100,7691500,192253000000,-200,false,-0.8
"VCG",142608,"/Date(1704353082000)/",24850,5900,7691400,192251000000,-250,true,-1
"VCG",142605,"/Date(1704353080000)/",24850,1500,7685500,192104000000,-250,true,-1
"VCG",142605,"/Date(1704353079000)/",24900,400,7684000,192067000000,-200,false,-0.8
"VCG",142605,"/Date(1704353079000)/",24900,100,7683600,192057000000,-200,false,-0.8
"VCG",142602,"/Date(1704353075000)/",24900,900,7683500,192054000000,-200,false,-0.8
"VCG",142602,"/Date(1704353075000)/",24900,700,7682600,192032000000,-200,false,-0.8
"VCG",142552,"/Date(1704353067000)/",24900,100,7681900,192014000000,-200,false,-0.8
"VCG",142549,"/Date(1704353062000)/",24900,400,7681800,192012000000,-200,false,-0.8
"VCG",142546,"/Date(1704353062000)/",24900,500,7681400,192002000000,-200,false,-0.8
"VCG",142546,"/Date(1704353059000)/",24900,1500,7680900,191990000000,-200,false,-0.8
"VCG",142546,"/Date(1704353059000)/",24900,3500,7679400,191952000000,-200,false,-0.8
"VCG",142540,"/Date(1704353052000)/",24850,3500,7675900,191865000000,-250,true,-1
"VCG",142540,"/Date(1704353052000)/",24850,500,7672400,191778000000,-250,true,-1
"VCG",142540,"/Date(1704353052000)/",24850,100,7671900,191766000000,-250,true,-1
"VCG",142540,"/Date(1704353052000)/",24850,500,7671800,191763000000,-250,true,-1
"VCG",142540,"/Date(1704353052000)/",24850,100,7671300,191751000000,-250,true,-1
"VCG",142540,"/Date(1704353052000)/",24850,200,7671200,191748000000,-250,true,-1
"VCG",142540,"/Date(1704353052000)/",24850,100,7671000,191743000000,-250,true,-1
"VCG",142540,"/Date(1704353052000)/",24850,100,7670900,191741000000,-250,true,-1
"VCG",142540,"/Date(1704353052000)/",24850,1000,7670800,191738000000,-250,true,-1
"VCG",142540,"/Date(1704353052000)/",24850,800,7669800,191713000000,-250,true,-1
"VCG",142540,"/Date(1704353052000)/",24850,100,7669000,191694000000,-250,true,-1
"VCG",142536,"/Date(1704353051000)/",24850,100,7668900,191691000000,-250,true,-1
"VCG",142533,"/Date(1704353047000)/",24900,300,7668800,191689000000,-200,false,-0.8
"VCG",142530,"/Date(1704353045000)/",24900,1200,7668500,191681000000,-200,false,-0.8
"VCG",142530,"/Date(1704353045000)/",24900,1800,7667300,191651000000,-200,false,-0.8
"VCG",142530,"/Date(1704353045000)/",24900,500,7665500,191606000000,-200,false,-0.8
"VCG",142517,"/Date(1704353030000)/",24900,100,7665000,191594000000,-200,false,-0.8
"VCG",142508,"/Date(1704353022000)/",24900,200,7664900,191591000000,-200,false,-0.8
"VCG",142504,"/Date(1704353018000)/",24900,1300,7664700,191587000000,-200,false,-0.8
"VCG",142501,"/Date(1704353014000)/",24900,500,7663400,191554000000,-200,false,-0.8
"VCG",142458,"/Date(1704353010000)/",24900,1300,7662900,191542000000,-200,false,-0.8
"VCG",142455,"/Date(1704353010000)/",24900,1000,7661600,191509000000,-200,false,-0.8
"VCG",142452,"/Date(1704353006000)/",24900,800,7660600,191484000000,-200,false,-0.8
"VCG",142445,"/Date(1704352998000)/",24900,1000,7659800,191464000000,-200,false,-0.8
"VCG",142445,"/Date(1704352998000)/",24900,3000,7658800,191440000000,-200,false,-0.8
"VCG",142442,"/Date(1704352996000)/",24900,1000,7655800,191365000000,-200,false,-0.8
"VCG",142439,"/Date(1704352994000)/",24900,7400,7654800,191340000000,-200,true,-0.8
"VCG",142439,"/Date(1704352994000)/",24900,100,7647400,191156000000,-200,true,-0.8
"VCG",142439,"/Date(1704352991000)/",24850,800,7647300,191153000000,-250,true,-1
"VCG",142439,"/Date(1704352991000)/",24900,1000,7646500,191133000000,-200,true,-0.8
"VCG",142439,"/Date(1704352991000)/",24900,100,7645500,191108000000,-200,true,-0.8
"VCG",142439,"/Date(1704352991000)/",24900,500,7645400,191106000000,-200,true,-0.8
"VCG",142439,"/Date(1704352991000)/",24900,1000,7644900,191094000000,-200,true,-0.8
"VCG",142439,"/Date(1704352991000)/",24900,900,7643900,191069000000,-200,true,-0.8
"VCG",142439,"/Date(1704352991000)/",24900,1500,7643000,191046000000,-200,true,-0.8
"VCG",142436,"/Date(1704352991000)/",24900,2000,7641500,191009000000,-200,true,-0.8
"VCG",142436,"/Date(1704352989000)/",24900,2300,7639500,190959000000,-200,true,-0.8
"VCG",142432,"/Date(1704352985000)/",24900,2000,7637200,190902000000,-200,false,-0.8
"VCG",142432,"/Date(1704352985000)/",24900,12200,7635200,190852000000,-200,false,-0.8
"VCG",142429,"/Date(1704352985000)/",24900,800,7623000,190548000000,-200,false,-0.8
"VCG",142429,"/Date(1704352985000)/",24900,100,7622200,190528000000,-200,false,-0.8
"VCG",142429,"/Date(1704352985000)/",24900,100,7622100,190526000000,-200,false,-0.8
"VCG",142429,"/Date(1704352984000)/",24850,400,7622000,190523000000,-250,true,-1
"VCG",142423,"/Date(1704352978000)/",24900,1100,7621600,190513000000,-200,false,-0.8
"VCG",142423,"/Date(1704352978000)/",24900,1000,7620500,190486000000,-200,false,-0.8
"VCG",142423,"/Date(1704352977000)/",24900,2700,7619500,190461000000,-200,false,-0.8
"VCG",142423,"/Date(1704352976000)/",24900,1000,7616800,190394000000,-200,false,-0.8
"VCG",142420,"/Date(1704352974000)/",24900,1000,7615800,190369000000,-200,false,-0.8
"VCG",142416,"/Date(1704352971000)/",24900,13100,7614800,190344000000,-200,false,-0.8
"VCG",142416,"/Date(1704352971000)/",24900,2000,7601700,190018000000,-200,false,-0.8
"VCG",142416,"/Date(1704352971000)/",24900,600,7599700,189968000000,-200,false,-0.8
"VCG",142416,"/Date(1704352971000)/",24900,4300,7599100,189953000000,-200,false,-0.8
"VCG",142416,"/Date(1704352970000)/",24900,1000,7594800,189846000000,-200,false,-0.8
"VCG",142413,"/Date(1704352968000)/",24900,1000,7593800,189821000000,-200,false,-0.8
"VCG",142413,"/Date(1704352967000)/",24900,1000,7592800,189796000000,-200,false,-0.8
"VCG",142413,"/Date(1704352967000)/",24900,4000,7591800,189771000000,-200,false,-0.8
"VCG",142410,"/Date(1704352965000)/",24900,300,7587800,189672000000,-200,false,-0.8
"VCG",142410,"/Date(1704352963000)/",24900,1000,7587500,189664000000,-200,false,-0.8
"VCG",142400,"/Date(1704352954000)/",24900,1000,7586500,189639000000,-200,true,-0.8
"VCG",142400,"/Date(1704352954000)/",24900,1000,7585500,189614000000,-200,true,-0.8
"VCG",142400,"/Date(1704352954000)/",24900,200,7584500,189590000000,-200,true,-0.8
"VCG",142400,"/Date(1704352954000)/",24900,500,7584300,189585000000,-200,true,-0.8
"VCG",142357,"/Date(1704352951000)/",24950,300,7583800,189572000000,-150,false,-0.6
"VCG",142357,"/Date(1704352950000)/",24900,200,7583500,189565000000,-200,true,-0.8
"VCG",142354,"/Date(1704352949000)/",24900,300,7583300,189560000000,-200,true,-0.8
"VCG",142354,"/Date(1704352947000)/",24900,200,7583000,189552000000,-200,true,-0.8
"VCG",142351,"/Date(1704352946000)/",24900,300,7582800,189547000000,-200,true,-0.8
"VCG",142351,"/Date(1704352946000)/",24900,100,7582500,189540000000,-200,true,-0.8
"VCG",142351,"/Date(1704352943000)/",24900,100,7582400,189537000000,-200,true,-0.8
"VCG",142351,"/Date(1704352943000)/",24900,900,7582300,189535000000,-200,true,-0.8
"VCG",142348,"/Date(1704352941000)/",24900,100,7581400,189512000000,-200,false,-0.8
"VCG",142348,"/Date(1704352941000)/",24900,400,7581300,189510000000,-200,false,-0.8
"VCG",142338,"/Date(1704352932000)/",24950,100,7580900,189500000000,-150,false,-0.6
"VCG",142338,"/Date(1704352932000)/",24900,100,7580800,189497000000,-200,true,-0.8
"VCG",142338,"/Date(1704352932000)/",24900,200,7580700,189495000000,-200,true,-0.8
"VCG",142338,"/Date(1704352932000)/",24900,200,7580500,189490000000,-200,true,-0.8
"VCG",142338,"/Date(1704352932000)/",24900,200,7580300,189485000000,-200,true,-0.8
"VCG",142338,"/Date(1704352932000)/",24900,1000,7580100,189480000000,-200,true,-0.8
"VCG",142338,"/Date(1704352932000)/",24900,1000,7579100,189455000000,-200,true,-0.8
"VCG",142338,"/Date(1704352932000)/",24900,400,7578100,189430000000,-200,true,-0.8
"VCG",142338,"/Date(1704352932000)/",24900,300,7577700,189420000000,-200,true,-0.8
"VCG",142338,"/Date(1704352932000)/",24900,300,7577400,189413000000,-200,true,-0.8
"VCG",142338,"/Date(1704352932000)/",24900,3000,7577100,189405000000,-200,true,-0.8
"VCG",142335,"/Date(1704352928000)/",24900,5000,7574100,189331000000,-200,true,-0.8
"VCG",142335,"/Date(1704352928000)/",24900,6600,7569100,189206000000,-200,true,-0.8
"VCG",142331,"/Date(1704352924000)/",24900,2500,7562500,189042000000,-200,true,-0.8
"VCG",142328,"/Date(1704352923000)/",24950,200,7560000,188980000000,-150,false,-0.6
"VCG",142325,"/Date(1704352919000)/",24900,1000,7559800,188975000000,-200,true,-0.8
"VCG",142322,"/Date(1704352917000)/",24900,1000,7558800,188950000000,-200,true,-0.8
"VCG",142319,"/Date(1704352913000)/",24950,200,7557800,188925000000,-150,false,-0.6
"VCG",142319,"/Date(1704352911000)/",24900,36300,7557600,188920000000,-200,true,-0.8
"VCG",142319,"/Date(1704352911000)/",24900,7200,7521300,188016000000,-200,true,-0.8
"VCG",142319,"/Date(1704352911000)/",24900,2000,7514100,187837000000,-200,true,-0.8
"VCG",142319,"/Date(1704352911000)/",24900,100,7512100,187787000000,-200,true,-0.8
"VCG",142319,"/Date(1704352911000)/",24900,5000,7512000,187784000000,-200,true,-0.8
"VCG",142319,"/Date(1704352911000)/",24900,500,7507000,187660000000,-200,true,-0.8
"VCG",142319,"/Date(1704352911000)/",24900,500,7506500,187647000000,-200,true,-0.8
"VCG",142319,"/Date(1704352911000)/",24900,1300,7506000,187635000000,-200,true,-0.8
"VCG",142319,"/Date(1704352911000)/",24900,100,7504700,187603000000,-200,true,-0.8
"VCG",142319,"/Date(1704352911000)/",24900,900,7504600,187600000000,-200,true,-0.8
"VCG",142319,"/Date(1704352911000)/",24900,200,7503700,187578000000,-200,true,-0.8
"VCG",142319,"/Date(1704352911000)/",24900,500,7503500,187573000000,-200,true,-0.8
"VCG",142319,"/Date(1704352911000)/",24900,500,7503000,187560000000,-200,true,-0.8
"VCG",142319,"/Date(1704352911000)/",24900,100,7502500,187548000000,-200,true,-0.8
"VCG",142319,"/Date(1704352911000)/",24900,1000,7502400,187545000000,-200,true,-0.8
"VCG",142319,"/Date(1704352911000)/",24900,1000,7501400,187520000000,-200,true,-0.8
"VCG",142319,"/Date(1704352911000)/",24900,100,7500400,187495000000,-200,true,-0.8
"VCG",142319,"/Date(1704352911000)/",24900,100,7500300,187493000000,-200,true,-0.8
"VCG",142319,"/Date(1704352911000)/",24900,100,7500200,187490000000,-200,true,-0.8
"VCG",142319,"/Date(1704352911000)/",24900,1400,7500100,187488000000,-200,true,-0.8
"VCG",142319,"/Date(1704352911000)/",24900,1000,7498700,187453000000,-200,true,-0.8
"VCG",142319,"/Date(1704352911000)/",24900,500,7497700,187428000000,-200,true,-0.8
"VCG",142319,"/Date(1704352911000)/",24900,1000,7497200,187416000000,-200,true,-0.8
"VCG",142319,"/Date(1704352911000)/",24900,2000,7496200,187391000000,-200,true,-0.8
"VCG",142319,"/Date(1704352911000)/",24900,200,7494200,187341000000,-200,true,-0.8
"VCG",142319,"/Date(1704352911000)/",24900,500,7494000,187336000000,-200,true,-0.8
"VCG",142319,"/Date(1704352911000)/",24900,200,7493500,187324000000,-200,true,-0.8
"VCG",142319,"/Date(1704352911000)/",24900,3000,7493300,187319000000,-200,true,-0.8
"VCG",142319,"/Date(1704352911000)/",24900,3000,7490300,187244000000,-200,true,-0.8
"VCG",142319,"/Date(1704352911000)/",24900,1000,7487300,187169000000,-200,true,-0.8
"VCG",142319,"/Date(1704352911000)/",24900,1000,7486300,187144000000,-200,true,-0.8
"VCG",142319,"/Date(1704352911000)/",24900,200,7485300,187119000000,-200,true,-0.8
"VCG",142319,"/Date(1704352911000)/",24900,100,7485100,187114000000,-200,true,-0.8
"VCG",142319,"/Date(1704352911000)/",24900,3000,7485000,187112000000,-200,true,-0.8
"VCG",142319,"/Date(1704352911000)/",24900,100,7482000,187037000000,-200,true,-0.8
"VCG",142319,"/Date(1704352911000)/",24900,1000,7481900,187035000000,-200,true,-0.8
"VCG",142319,"/Date(1704352911000)/",24900,200,7480900,187010000000,-200,true,-0.8
"VCG",142319,"/Date(1704352911000)/",24900,500,7480700,187005000000,-200,true,-0.8
"VCG",142319,"/Date(1704352911000)/",24900,400,7480200,186992000000,-200,true,-0.8
"VCG",142319,"/Date(1704352911000)/",24900,1000,7479800,186983000000,-200,true,-0.8
"VCG",142319,"/Date(1704352911000)/",24900,1100,7478800,186958000000,-200,true,-0.8
"VCG",142319,"/Date(1704352911000)/",24900,200,7477700,186930000000,-200,true,-0.8
"VCG",142319,"/Date(1704352911000)/",24900,5000,7477500,186925000000,-200,true,-0.8
"VCG",142319,"/Date(1704352911000)/",24900,100,7472500,186801000000,-200,true,-0.8
"VCG",142319,"/Date(1704352911000)/",24900,300,7472400,186798000000,-200,true,-0.8
"VCG",142319,"/Date(1704352911000)/",24900,3000,7472100,186791000000,-200,true,-0.8
"VCG",142319,"/Date(1704352911000)/",24900,500,7469100,186716000000,-200,true,-0.8
"VCG",142319,"/Date(1704352911000)/",24900,100,7468600,186704000000,-200,true,-0.8
"VCG",142319,"/Date(1704352911000)/",24900,100,7468500,186701000000,-200,true,-0.8
"VCG",142319,"/Date(1704352911000)/",24900,1000,7468400,186699000000,-200,true,-0.8
"VCG",142319,"/Date(1704352911000)/",24900,200,7467400,186674000000,-200,true,-0.8
"VCG",142319,"/Date(1704352911000)/",24900,2000,7467200,186669000000,-200,true,-0.8
"VCG",142319,"/Date(1704352911000)/",24900,500,7465200,186619000000,-200,true,-0.8
"VCG",142319,"/Date(1704352911000)/",24900,200,7464700,186607000000,-200,true,-0.8
"VCG",142319,"/Date(1704352911000)/",24900,1000,7464500,186602000000,-200,true,-0.8
"VCG",142319,"/Date(1704352911000)/",24900,5000,7463500,186577000000,-200,true,-0.8
"VCG",142319,"/Date(1704352911000)/",24900,100,7458500,186452000000,-200,true,-0.8
"VCG",142319,"/Date(1704352911000)/",24900,200,7458400,186450000000,-200,true,-0.8
"VCG",142319,"/Date(1704352911000)/",24900,1000,7458200,186445000000,-200,true,-0.8
"VCG",142319,"/Date(1704352911000)/",24900,1000,7457200,186420000000,-200,true,-0.8
"VCG",142319,"/Date(1704352911000)/",24900,100,7456200,186395000000,-200,true,-0.8
"VCG",142319,"/Date(1704352911000)/",24900,100,7456100,186392000000,-200,true,-0.8
"VCG",142319,"/Date(1704352911000)/",24900,300,7456000,186390000000,-200,true,-0.8
"VCG",142319,"/Date(1704352911000)/",24900,400,7455700,186382000000,-200,true,-0.8
"VCG",142319,"/Date(1704352911000)/",24900,15000,7455300,186372000000,-200,true,-0.8
"VCG",142319,"/Date(1704352911000)/",24900,1000,7440300,185999000000,-200,true,-0.8
"VCG",142319,"/Date(1704352911000)/",24900,300,7439300,185974000000,-200,true,-0.8
"VCG",142319,"/Date(1704352911000)/",24900,500,7439000,185967000000,-200,true,-0.8
"VCG",142319,"/Date(1704352911000)/",24900,1000,7438500,185954000000,-200,true,-0.8
"VCG",142319,"/Date(1704352911000)/",24900,1300,7437500,185929000000,-200,true,-0.8
"VCG",142319,"/Date(1704352911000)/",24900,200,7436200,185897000000,-200,true,-0.8
"VCG",142319,"/Date(1704352911000)/",24900,500,7436000,185892000000,-200,true,-0.8
"VCG",142319,"/Date(1704352911000)/",24900,1000,7435500,185879000000,-200,true,-0.8
"VCG",142319,"/Date(1704352911000)/",24900,100,7434500,185855000000,-200,true,-0.8
"VCG",142319,"/Date(1704352911000)/",24900,100,7434400,185852000000,-200,true,-0.8
"VCG",142319,"/Date(1704352911000)/",24900,5000,7434300,185850000000,-200,true,-0.8
"VCG",142319,"/Date(1704352911000)/",24900,100,7429300,185725000000,-200,true,-0.8
"VCG",142319,"/Date(1704352911000)/",24900,500,7429200,185723000000,-200,true,-0.8
"VCG",142319,"/Date(1704352911000)/",24900,300,7428700,185710000000,-200,true,-0.8
"VCG",142319,"/Date(1704352911000)/",24900,800,7428400,185703000000,-200,true,-0.8
"VCG",142319,"/Date(1704352911000)/",24900,300,7427600,185683000000,-200,true,-0.8
"VCG",142319,"/Date(1704352911000)/",24900,300,7427300,185675000000,-200,true,-0.8
"VCG",142319,"/Date(1704352911000)/",24900,200,7427000,185668000000,-200,true,-0.8
"VCG",142319,"/Date(1704352911000)/",24900,400,7426800,185663000000,-200,true,-0.8
"VCG",142319,"/Date(1704352911000)/",24900,1200,7426400,185653000000,-200,true,-0.8
"VCG",142319,"/Date(1704352911000)/",24900,1000,7425200,185623000000,-200,true,-0.8
"VCG",142319,"/Date(1704352911000)/",24900,200,7424200,185598000000,-200,true,-0.8
"VCG",142319,"/Date(1704352911000)/",24900,5000,7424000,185593000000,-200,true,-0.8
"VCG",142319,"/Date(1704352911000)/",24900,500,7419000,185469000000,-200,true,-0.8
"VCG",142319,"/Date(1704352911000)/",24900,2000,7418500,185456000000,-200,true,-0.8
"VCG",142319,"/Date(1704352911000)/",24900,200,7416500,185406000000,-200,true,-0.8
"VCG",142319,"/Date(1704352911000)/",24900,100,7416300,185401000000,-200,true,-0.8
"VCG",142319,"/Date(1704352911000)/",24900,200,7416200,185399000000,-200,true,-0.8
"VCG",142319,"/Date(1704352911000)/",24900,1000,7416000,185394000000,-200,true,-0.8
"VCG",142319,"/Date(1704352911000)/",24900,300,7415000,185369000000,-200,true,-0.8
"VCG",142319,"/Date(1704352911000)/",24900,500,7414700,185362000000,-200,true,-0.8
"VCG",142319,"/Date(1704352911000)/",24900,1000,7414200,185349000000,-200,true,-0.8
"VCG",142319,"/Date(1704352911000)/",24900,500,7413200,185324000000,-200,true,-0.8
"VCG",142319,"/Date(1704352911000)/",24900,100,7412700,185312000000,-200,true,-0.8
"VCG",142319,"/Date(1704352911000)/",24900,100,7412600,185309000000,-200,true,-0.8
"VCG",142319,"/Date(1704352911000)/",24900,1000,7412500,185307000000,-200,true,-0.8
"VCG",142319,"/Date(1704352911000)/",24900,3900,7411500,185282000000,-200,true,-0.8
"VCG",142315,"/Date(1704352910000)/",24950,400,7407600,185185000000,-150,false,-0.6
"VCG",142309,"/Date(1704352904000)/",24950,200,7407200,185175000000,-150,false,-0.6
"VCG",142309,"/Date(1704352903000)/",24950,200,7407000,185170000000,-150,false,-0.6
"VCG",142303,"/Date(1704352896000)/",24950,200,7406800,185165000000,-150,false,-0.6
"VCG",142303,"/Date(1704352895000)/",24900,6100,7406600,185160000000,-200,true,-0.8
"VCG",142303,"/Date(1704352895000)/",24900,400,7400500,185008000000,-200,true,-0.8
"VCG",142259,"/Date(1704352893000)/",24900,1700,7400100,184998000000,-200,true,-0.8
"VCG",142259,"/Date(1704352893000)/",24900,5000,7398400,184956000000,-200,true,-0.8
"VCG",142259,"/Date(1704352893000)/",24900,100,7393400,184831000000,-200,true,-0.8
"VCG",142259,"/Date(1704352893000)/",24900,200,7393300,184829000000,-200,true,-0.8
"VCG",142253,"/Date(1704352887000)/",24950,200,7393100,184824000000,-150,false,-0.6
"VCG",142244,"/Date(1704352877000)/",24950,200,7392900,184819000000,-150,false,-0.6
"VCG",142237,"/Date(1704352872000)/",24950,2000,7392700,184814000000,-150,false,-0.6
"VCG",142234,"/Date(1704352868000)/",24950,200,7390700,184764000000,-150,false,-0.6
"VCG",142231,"/Date(1704352865000)/",24900,300,7390500,184759000000,-200,true,-0.8
"VCG",142231,"/Date(1704352865000)/",24900,200,7390200,184751000000,-200,true,-0.8
"VCG",142231,"/Date(1704352865000)/",24900,1000,7390000,184746000000,-200,true,-0.8
"VCG",142231,"/Date(1704352865000)/",24900,100,7389000,184721000000,-200,true,-0.8
"VCG",142231,"/Date(1704352865000)/",24900,100,7388900,184719000000,-200,true,-0.8
"VCG",142231,"/Date(1704352865000)/",24900,200,7388800,184716000000,-200,true,-0.8
"VCG",142231,"/Date(1704352865000)/",24900,100,7388600,184711000000,-200,true,-0.8
"VCG",142231,"/Date(1704352865000)/",24900,100,7388500,184709000000,-200,true,-0.8
"VCG",142231,"/Date(1704352865000)/",24900,2000,7388400,184706000000,-200,true,-0.8
"VCG",142231,"/Date(1704352865000)/",24900,1000,7386400,184657000000,-200,true,-0.8
"VCG",142231,"/Date(1704352865000)/",24900,100,7385400,184632000000,-200,true,-0.8
"VCG",142231,"/Date(1704352865000)/",24900,500,7385300,184629000000,-200,true,-0.8
"VCG",142228,"/Date(1704352862000)/",24950,200,7384800,184617000000,-150,false,-0.6
"VCG",142221,"/Date(1704352856000)/",24950,700,7384600,184612000000,-150,false,-0.6
"VCG",142221,"/Date(1704352855000)/",24950,5000,7383900,184594000000,-150,false,-0.6
"VCG",142218,"/Date(1704352850000)/",24950,200,7378900,184470000000,-150,false,-0.6
"VCG",142215,"/Date(1704352848000)/",24950,100,7378700,184465000000,-150,false,-0.6
"VCG",142211,"/Date(1704352846000)/",24900,600,7378600,184462000000,-200,true,-0.8
"VCG",142208,"/Date(1704352841000)/",24950,100,7378000,184447000000,-150,false,-0.6
"VCG",142208,"/Date(1704352841000)/",24950,100,7377900,184445000000,-150,false,-0.6
"VCG",142202,"/Date(1704352837000)/",24950,400,7377800,184442000000,-150,false,-0.6
"VCG",142202,"/Date(1704352837000)/",24950,600,7377400,184432000000,-150,false,-0.6
"VCG",142202,"/Date(1704352836000)/",24900,4000,7376800,184417000000,-200,true,-0.8
"VCG",142202,"/Date(1704352836000)/",24900,900,7372800,184318000000,-200,true,-0.8
"VCG",142202,"/Date(1704352836000)/",24900,100,7371900,184295000000,-200,true,-0.8
"VCG",142202,"/Date(1704352836000)/",24900,100,7371800,184293000000,-200,true,-0.8
"VCG",142202,"/Date(1704352836000)/",24900,1000,7371700,184290000000,-200,true,-0.8
"VCG",142202,"/Date(1704352836000)/",24900,100,7370700,184265000000,-200,true,-0.8
"VCG",142202,"/Date(1704352836000)/",24900,100,7370600,184263000000,-200,true,-0.8
"VCG",142159,"/Date(1704352832000)/",24950,200,7370500,184260000000,-150,false,-0.6
"VCG",142159,"/Date(1704352832000)/",24900,1000,7370300,184255000000,-200,true,-0.8
"VCG",142155,"/Date(1704352831000)/",24900,900,7369300,184231000000,-200,true,-0.8
"VCG",142155,"/Date(1704352831000)/",24900,1000,7368400,184208000000,-200,true,-0.8
"VCG",142155,"/Date(1704352831000)/",24900,500,7367400,184183000000,-200,true,-0.8
"VCG",142155,"/Date(1704352831000)/",24900,1600,7366900,184171000000,-200,true,-0.8
"VCG",142149,"/Date(1704352824000)/",24900,500,7365300,184131000000,-200,true,-0.8
"VCG",142149,"/Date(1704352824000)/",24950,200,7364800,184118000000,-150,false,-0.6
"VCG",142149,"/Date(1704352823000)/",24950,500,7364600,184113000000,-150,false,-0.6
"VCG",142139,"/Date(1704352814000)/",24950,200,7364100,184101000000,-150,false,-0.6
"VCG",142130,"/Date(1704352805000)/",24950,200,7363900,184096000000,-150,false,-0.6
"VCG",142130,"/Date(1704352805000)/",24900,2900,7363700,184091000000,-200,true,-0.8
"VCG",142130,"/Date(1704352805000)/",24900,2000,7360800,184019000000,-200,true,-0.8
"VCG",142130,"/Date(1704352805000)/",24900,1000,7358800,183969000000,-200,true,-0.8
"VCG",142130,"/Date(1704352805000)/",24900,1000,7357800,183944000000,-200,true,-0.8
"VCG",142130,"/Date(1704352805000)/",24900,100,7356800,183919000000,-200,true,-0.8
"VCG",142130,"/Date(1704352805000)/",24900,200,7356700,183917000000,-200,true,-0.8
"VCG",142130,"/Date(1704352804000)/",24950,4100,7356500,183912000000,-150,false,-0.6
"VCG",142130,"/Date(1704352804000)/",24950,1000,7352400,183809000000,-150,false,-0.6
"VCG",142130,"/Date(1704352804000)/",24950,3000,7351400,183784000000,-150,false,-0.6
"VCG",142130,"/Date(1704352804000)/",24950,4000,7348400,183710000000,-150,false,-0.6
"VCG",142130,"/Date(1704352804000)/",24950,1700,7344400,183610000000,-150,false,-0.6
"VCG",142130,"/Date(1704352804000)/",24950,2000,7342700,183567000000,-150,false,-0.6
"VCG",142130,"/Date(1704352804000)/",24950,1000,7340700,183518000000,-150,false,-0.6
"VCG",142130,"/Date(1704352804000)/",24950,700,7339700,183493000000,-150,false,-0.6
"VCG",142130,"/Date(1704352804000)/",24950,100,7339000,183475000000,-150,false,-0.6
"VCG",142130,"/Date(1704352804000)/",24950,5400,7338900,183473000000,-150,false,-0.6
"VCG",142130,"/Date(1704352803000)/",24950,500,7333500,183338000000,-150,false,-0.6
"VCG",142127,"/Date(1704352802000)/",24950,9100,7333000,183325000000,-150,false,-0.6
"VCG",142127,"/Date(1704352802000)/",24950,10900,7323900,183098000000,-150,false,-0.6
"VCG",142123,"/Date(1704352796000)/",24950,200,7313000,182826000000,-150,false,-0.6
"VCG",142120,"/Date(1704352793000)/",24950,5000,7312800,182821000000,-150,false,-0.6
"VCG",142120,"/Date(1704352793000)/",24900,500,7307800,182697000000,-200,true,-0.8
"VCG",142120,"/Date(1704352793000)/",24900,3200,7307300,182684000000,-200,true,-0.8
"VCG",142114,"/Date(1704352787000)/",24950,200,7304100,182605000000,-150,false,-0.6
"VCG",142107,"/Date(1704352782000)/",24950,3700,7303900,182600000000,-150,false,-0.6
"VCG",142107,"/Date(1704352782000)/",24950,100,7300200,182507000000,-150,false,-0.6
"VCG",142107,"/Date(1704352782000)/",24950,200,7300100,182505000000,-150,false,-0.6
"VCG",142107,"/Date(1704352782000)/",24950,5000,7299900,182500000000,-150,false,-0.6
"VCG",142107,"/Date(1704352782000)/",24950,1000,7294900,182375000000,-150,false,-0.6
"VCG",142107,"/Date(1704352780000)/",24900,800,7293900,182350000000,-200,true,-0.8
"VCG",142104,"/Date(1704352779000)/",24950,2000,7293100,182330000000,-150,false,-0.6
"VCG",142104,"/Date(1704352778000)/",24900,2000,7291100,182280000000,-200,true,-0.8
"VCG",142104,"/Date(1704352778000)/",24900,500,7289100,182230000000,-200,true,-0.8
"VCG",142104,"/Date(1704352778000)/",24900,5500,7288600,182218000000,-200,true,-0.8
"VCG",142104,"/Date(1704352778000)/",24950,200,7283100,182081000000,-150,false,-0.6
"VCG",142058,"/Date(1704352770000)/",24900,2500,7282900,182076000000,-200,true,-0.8
"VCG",142058,"/Date(1704352770000)/",24900,500,7280400,182014000000,-200,true,-0.8
"VCG",142058,"/Date(1704352770000)/",24900,200,7279900,182001000000,-200,true,-0.8
"VCG",142058,"/Date(1704352770000)/",24900,500,7279700,181996000000,-200,true,-0.8
"VCG",142058,"/Date(1704352770000)/",24900,200,7279200,181984000000,-200,true,-0.8
"VCG",142058,"/Date(1704352770000)/",24900,2000,7279000,181979000000,-200,true,-0.8
"VCG",142058,"/Date(1704352770000)/",24900,1000,7277000,181929000000,-200,true,-0.8
"VCG",142055,"/Date(1704352769000)/",24950,200,7276000,181904000000,-150,false,-0.6
"VCG",142055,"/Date(1704352769000)/",24950,600,7275800,181899000000,-150,false,-0.6
"VCG",142055,"/Date(1704352768000)/",24900,900,7275200,181884000000,-200,true,-0.8
"VCG",142048,"/Date(1704352762000)/",24950,200,7274300,181862000000,-150,false,-0.6
"VCG",142045,"/Date(1704352760000)/",24950,200,7274100,181857000000,-150,false,-0.6
"VCG",142045,"/Date(1704352760000)/",24950,1000,7273900,181852000000,-150,false,-0.6
"VCG",142045,"/Date(1704352758000)/",24950,2600,7272900,181827000000,-150,false,-0.6
"VCG",142039,"/Date(1704352751000)/",24950,200,7270300,181762000000,-150,false,-0.6
"VCG",142035,"/Date(1704352750000)/",24900,100,7270100,181757000000,-200,true,-0.8
"VCG",142035,"/Date(1704352750000)/",24900,100,7270000,181755000000,-200,true,-0.8
"VCG",142029,"/Date(1704352744000)/",24900,200,7269900,181752000000,-200,true,-0.8
"VCG",142029,"/Date(1704352743000)/",24900,1700,7269700,181747000000,-200,true,-0.8
"VCG",142029,"/Date(1704352743000)/",24900,500,7268000,181705000000,-200,true,-0.8
"VCG",142029,"/Date(1704352743000)/",24900,300,7267500,181692000000,-200,true,-0.8
"VCG",142029,"/Date(1704352743000)/",24900,2500,7267200,181685000000,-200,true,-0.8
"VCG",142029,"/Date(1704352742000)/",24950,200,7264700,181623000000,-150,false,-0.6
"VCG",142023,"/Date(1704352737000)/",24900,6800,7264500,181618000000,-200,true,-0.8
"VCG",142023,"/Date(1704352736000)/",24900,100,7257700,181448000000,-200,true,-0.8
"VCG",142023,"/Date(1704352736000)/",24900,100,7257600,181446000000,-200,true,-0.8
"VCG",142019,"/Date(1704352733000)/",24950,300,7257500,181443000000,-150,false,-0.6
"VCG",142016,"/Date(1704352729000)/",24900,3000,7257200,181436000000,-200,true,-0.8
"VCG",142010,"/Date(1704352724000)/",24950,200,7254200,181361000000,-150,false,-0.6
"VCG",142007,"/Date(1704352722000)/",24950,100,7254000,181356000000,-150,false,-0.6
"VCG",142003,"/Date(1704352718000)/",24950,400,7253900,181354000000,-150,false,-0.6
"VCG",142000,"/Date(1704352715000)/",24950,200,7253500,181344000000,-150,false,-0.6
"VCG",142000,"/Date(1704352714000)/",24900,1500,7253300,181339000000,-200,true,-0.8
"VCG",142000,"/Date(1704352714000)/",24900,3500,7251800,181301000000,-200,true,-0.8
"VCG",141954,"/Date(1704352706000)/",24950,200,7248300,181214000000,-150,false,-0.6
"VCG",141951,"/Date(1704352705000)/",24900,5700,7248100,181209000000,-200,true,-0.8
"VCG",141944,"/Date(1704352699000)/",24950,500,7242400,181067000000,-150,false,-0.6
"VCG",141944,"/Date(1704352697000)/",24950,200,7241900,181055000000,-150,false,-0.6
"VCG",141941,"/Date(1704352694000)/",24900,1000,7241700,181050000000,-200,true,-0.8
"VCG",141938,"/Date(1704352691000)/",24900,200,7240700,181025000000,-200,true,-0.8
"VCG",141935,"/Date(1704352688000)/",24950,200,7240500,181020000000,-150,false,-0.6
"VCG",141935,"/Date(1704352687000)/",24950,200,7240300,181015000000,-150,false,-0.6
"VCG",141925,"/Date(1704352679000)/",24950,200,7240100,181010000000,-150,false,-0.6
"VCG",141922,"/Date(1704352676000)/",24900,6800,7239900,181005000000,-200,true,-0.8
"VCG",141919,"/Date(1704352671000)/",24950,200,7233100,180836000000,-150,false,-0.6
"VCG",141906,"/Date(1704352661000)/",24950,200,7232900,180831000000,-150,false,-0.6
"VCG",141859,"/Date(1704352652000)/",24900,2000,7232700,180826000000,-200,true,-0.8
"VCG",141856,"/Date(1704352651000)/",24950,200,7230700,180776000000,-150,false,-0.6
"VCG",141856,"/Date(1704352649000)/",24950,1000,7230500,180771000000,-150,false,-0.6
"VCG",141850,"/Date(1704352644000)/",24900,800,7229500,180746000000,-200,true,-0.8
"VCG",141850,"/Date(1704352644000)/",24900,100,7228700,180726000000,-200,true,-0.8
"VCG",141850,"/Date(1704352644000)/",24900,500,7228600,180723000000,-200,true,-0.8
"VCG",141850,"/Date(1704352644000)/",24900,4300,7228100,180711000000,-200,true,-0.8
"VCG",141850,"/Date(1704352643000)/",24900,5700,7223800,180604000000,-200,true,-0.8
"VCG",141850,"/Date(1704352643000)/",24900,100,7218100,180462000000,-200,true,-0.8
"VCG",141850,"/Date(1704352643000)/",24900,100,7218000,180460000000,-200,true,-0.8
"VCG",141850,"/Date(1704352643000)/",24900,100,7217900,180457000000,-200,true,-0.8
"VCG",141850,"/Date(1704352643000)/",24900,100,7217800,180455000000,-200,true,-0.8
"VCG",141850,"/Date(1704352643000)/",24900,1000,7217700,180452000000,-200,true,-0.8
"VCG",141850,"/Date(1704352643000)/",24900,100,7216700,180427000000,-200,true,-0.8
"VCG",141850,"/Date(1704352643000)/",24900,100,7216600,180425000000,-200,true,-0.8
"VCG",141850,"/Date(1704352643000)/",24900,300,7216500,180422000000,-200,true,-0.8
"VCG",141850,"/Date(1704352643000)/",24900,100,7216200,180415000000,-200,true,-0.8
"VCG",141850,"/Date(1704352643000)/",24900,1000,7216100,180412000000,-200,true,-0.8
"VCG",141850,"/Date(1704352643000)/",24900,100,7215100,180387000000,-200,true,-0.8
"VCG",141850,"/Date(1704352643000)/",24900,500,7215000,180385000000,-200,true,-0.8
"VCG",141850,"/Date(1704352643000)/",24900,100,7214500,180372000000,-200,true,-0.8
"VCG",141850,"/Date(1704352643000)/",24900,600,7214400,180370000000,-200,true,-0.8
"VCG",141850,"/Date(1704352643000)/",24900,100,7213800,180355000000,-200,true,-0.8
"VCG",141850,"/Date(1704352643000)/",24900,100,7213700,180352000000,-200,true,-0.8
"VCG",141850,"/Date(1704352643000)/",24900,100,7213600,180350000000,-200,true,-0.8
"VCG",141850,"/Date(1704352643000)/",24900,900,7213500,180347000000,-200,true,-0.8
"VCG",141850,"/Date(1704352643000)/",24900,500,7212600,180325000000,-200,true,-0.8
"VCG",141850,"/Date(1704352643000)/",24900,1000,7212100,180313000000,-200,true,-0.8
"VCG",141850,"/Date(1704352643000)/",24900,1000,7211100,180288000000,-200,true,-0.8
"VCG",141850,"/Date(1704352643000)/",24900,4000,7210100,180263000000,-200,true,-0.8
"VCG",141850,"/Date(1704352643000)/",24900,20000,7206100,180163000000,-200,true,-0.8
"VCG",141850,"/Date(1704352643000)/",24900,500,7186100,179665000000,-200,true,-0.8
"VCG",141850,"/Date(1704352643000)/",24900,200,7185600,179653000000,-200,true,-0.8
"VCG",141850,"/Date(1704352643000)/",24900,200,7185400,179648000000,-200,true,-0.8
"VCG",141850,"/Date(1704352643000)/",24900,100,7185200,179643000000,-200,true,-0.8
"VCG",141850,"/Date(1704352643000)/",24900,5000,7185100,179640000000,-200,true,-0.8
"VCG",141850,"/Date(1704352643000)/",24900,200,7180100,179516000000,-200,true,-0.8
"VCG",141850,"/Date(1704352643000)/",24900,3000,7179900,179511000000,-200,true,-0.8
"VCG",141850,"/Date(1704352643000)/",24900,500,7176900,179436000000,-200,true,-0.8
"VCG",141850,"/Date(1704352643000)/",24900,100,7176400,179424000000,-200,true,-0.8
"VCG",141850,"/Date(1704352643000)/",24900,2000,7176300,179421000000,-200,true,-0.8
"VCG",141850,"/Date(1704352643000)/",24900,500,7174300,179371000000,-200,true,-0.8
"VCG",141850,"/Date(1704352643000)/",24900,500,7173800,179359000000,-200,true,-0.8
"VCG",141850,"/Date(1704352643000)/",24900,500,7173300,179347000000,-200,true,-0.8
"VCG",141847,"/Date(1704352642000)/",24950,200,7172800,179334000000,-150,false,-0.6
"VCG",141843,"/Date(1704352637000)/",24900,500,7172600,179329000000,-200,true,-0.8
"VCG",141843,"/Date(1704352637000)/",24900,500,7172100,179317000000,-200,true,-0.8
"VCG",141843,"/Date(1704352637000)/",24900,200,7171600,179304000000,-200,true,-0.8
"VCG",141843,"/Date(1704352637000)/",24900,100,7171400,179299000000,-200,true,-0.8
"VCG",141843,"/Date(1704352637000)/",24900,100,7171300,179297000000,-200,true,-0.8
"VCG",141843,"/Date(1704352637000)/",24900,200,7171200,179294000000,-200,true,-0.8
"VCG",141843,"/Date(1704352637000)/",24900,400,7171000,179289000000,-200,true,-0.8
"VCG",141840,"/Date(1704352633000)/",24950,100,7170600,179279000000,-150,false,-0.6
"VCG",141840,"/Date(1704352633000)/",24950,100,7170500,179277000000,-150,false,-0.6
"VCG",141827,"/Date(1704352623000)/",24950,300,7170400,179274000000,-150,true,-0.6
"VCG",141827,"/Date(1704352623000)/",24950,200,7170100,179267000000,-150,true,-0.6
"VCG",141827,"/Date(1704352623000)/",24950,1000,7169900,179262000000,-150,true,-0.6
"VCG",141827,"/Date(1704352623000)/",24950,1000,7168900,179237000000,-150,true,-0.6
"VCG",141827,"/Date(1704352623000)/",24950,100,7167900,179212000000,-150,true,-0.6
"VCG",141827,"/Date(1704352623000)/",24950,10000,7167800,179209000000,-150,true,-0.6
"VCG",141827,"/Date(1704352623000)/",24950,100,7157800,178960000000,-150,true,-0.6
"VCG",141827,"/Date(1704352623000)/",24950,100,7157700,178957000000,-150,true,-0.6
"VCG",141827,"/Date(1704352623000)/",24950,100,7157600,178955000000,-150,true,-0.6
"VCG",141827,"/Date(1704352623000)/",24950,100,7157500,178952000000,-150,true,-0.6
"VCG",141827,"/Date(1704352623000)/",24950,1000,7157400,178950000000,-150,true,-0.6
"VCG",141827,"/Date(1704352623000)/",24950,500,7156400,178925000000,-150,true,-0.6
"VCG",141827,"/Date(1704352623000)/",24950,500,7155900,178913000000,-150,true,-0.6
"VCG",141827,"/Date(1704352623000)/",24950,100,7155400,178900000000,-150,true,-0.6
"VCG",141827,"/Date(1704352623000)/",24950,1000,7155300,178898000000,-150,true,-0.6
"VCG",141827,"/Date(1704352623000)/",24950,2000,7154300,178873000000,-150,true,-0.6
"VCG",141827,"/Date(1704352623000)/",24950,600,7152300,178823000000,-150,true,-0.6
"VCG",141827,"/Date(1704352623000)/",24950,200,7151700,178808000000,-150,true,-0.6
"VCG",141827,"/Date(1704352623000)/",24950,3000,7151500,178803000000,-150,true,-0.6
"VCG",141827,"/Date(1704352623000)/",24950,500,7148500,178728000000,-150,true,-0.6
"VCG",141827,"/Date(1704352623000)/",24950,300,7148000,178715000000,-150,true,-0.6
"VCG",141827,"/Date(1704352623000)/",24950,1000,7147700,178708000000,-150,true,-0.6
"VCG",141827,"/Date(1704352623000)/",24950,400,7146700,178683000000,-150,true,-0.6
"VCG",141827,"/Date(1704352623000)/",24950,100,7146300,178673000000,-150,true,-0.6
"VCG",141827,"/Date(1704352623000)/",24950,4000,7146200,178670000000,-150,true,-0.6
"VCG",141827,"/Date(1704352623000)/",24950,300,7142200,178571000000,-150,true,-0.6
"VCG",141827,"/Date(1704352623000)/",24950,1000,7141900,178563000000,-150,true,-0.6
"VCG",141827,"/Date(1704352623000)/",24950,100,7140900,178538000000,-150,true,-0.6
"VCG",141827,"/Date(1704352623000)/",24950,200,7140800,178536000000,-150,true,-0.6
"VCG",141827,"/Date(1704352623000)/",24950,2300,7140600,178531000000,-150,true,-0.6
"VCG",141827,"/Date(1704352621000)/",24950,1000,7138300,178473000000,-150,true,-0.6
"VCG",141827,"/Date(1704352621000)/",24950,6700,7137300,178448000000,-150,true,-0.6
"VCG",141827,"/Date(1704352621000)/",24950,200,7130600,178281000000,-150,true,-0.6
"VCG",141827,"/Date(1704352621000)/",24950,500,7130400,178276000000,-150,true,-0.6
"VCG",141827,"/Date(1704352621000)/",24950,2600,7129900,178264000000,-150,true,-0.6
"VCG",141827,"/Date(1704352621000)/",24950,1000,7127300,178199000000,-150,true,-0.6
"VCG",141824,"/Date(1704352618000)/",24950,1800,7126300,178174000000,-150,true,-0.6
"VCG",141824,"/Date(1704352617000)/",24950,600,7124500,178129000000,-150,true,-0.6
"VCG",141824,"/Date(1704352617000)/",24950,100,7123900,178114000000,-150,true,-0.6
"VCG",141824,"/Date(1704352617000)/",24950,500,7123800,178112000000,-150,true,-0.6
"VCG",141824,"/Date(1704352617000)/",24950,800,7123300,178099000000,-150,true,-0.6
"VCG",141821,"/Date(1704352615000)/",24950,1000,7122500,178079000000,-150,true,-0.6
"VCG",141821,"/Date(1704352614000)/",24950,1200,7121500,178054000000,-150,true,-0.6
"VCG",141821,"/Date(1704352614000)/",24950,1000,7120300,178024000000,-150,true,-0.6
"VCG",141821,"/Date(1704352614000)/",24950,2000,7119300,177999000000,-150,true,-0.6
"VCG",141821,"/Date(1704352614000)/",24950,2300,7117300,177949000000,-150,true,-0.6
"VCG",141821,"/Date(1704352614000)/",25000,200,7115000,177892000000,-100,false,-0.4
"VCG",141818,"/Date(1704352612000)/",24950,1000,7114800,177887000000,-150,true,-0.6
"VCG",141815,"/Date(1704352610000)/",24950,1700,7113800,177862000000,-150,true,-0.6
"VCG",141815,"/Date(1704352607000)/",24950,3000,7112100,177820000000,-150,true,-0.6
"VCG",141811,"/Date(1704352607000)/",24950,2000,7109100,177745000000,-150,true,-0.6
"VCG",141811,"/Date(1704352607000)/",24950,100,7107100,177695000000,-150,true,-0.6
"VCG",141811,"/Date(1704352607000)/",24950,100,7107000,177692000000,-150,true,-0.6
"VCG",141811,"/Date(1704352607000)/",24950,100,7106900,177690000000,-150,true,-0.6
"VCG",141811,"/Date(1704352607000)/",24950,400,7106800,177687000000,-150,true,-0.6
"VCG",141811,"/Date(1704352607000)/",24950,200,7106400,177677000000,-150,true,-0.6
"VCG",141811,"/Date(1704352607000)/",24950,1000,7106200,177672000000,-150,true,-0.6
"VCG",141811,"/Date(1704352607000)/",24950,1000,7105200,177648000000,-150,true,-0.6
"VCG",141811,"/Date(1704352607000)/",24950,100,7104200,177623000000,-150,true,-0.6
"VCG",141811,"/Date(1704352607000)/",24950,700,7104100,177620000000,-150,true,-0.6
"VCG",141811,"/Date(1704352607000)/",24950,3300,7103400,177603000000,-150,true,-0.6
"VCG",141811,"/Date(1704352607000)/",24950,500,7100100,177520000000,-150,true,-0.6
"VCG",141811,"/Date(1704352607000)/",24950,1000,7099600,177508000000,-150,true,-0.6
"VCG",141811,"/Date(1704352607000)/",24950,300,7098600,177483000000,-150,true,-0.6
"VCG",141811,"/Date(1704352607000)/",24950,500,7098300,177475000000,-150,true,-0.6
"VCG",141811,"/Date(1704352607000)/",24950,900,7097800,177463000000,-150,true,-0.6
"VCG",141811,"/Date(1704352607000)/",24950,4500,7096900,177440000000,-150,true,-0.6
"VCG",141811,"/Date(1704352604000)/",25000,200,7092400,177328000000,-100,false,-0.4
"VCG",141805,"/Date(1704352598000)/",24950,5500,7092200,177323000000,-150,true,-0.6
"VCG",141805,"/Date(1704352598000)/",24950,2000,7086700,177186000000,-150,true,-0.6
"VCG",141805,"/Date(1704352598000)/",24950,1000,7084700,177136000000,-150,true,-0.6
"VCG",141805,"/Date(1704352598000)/",24950,1000,7083700,177111000000,-150,true,-0.6
"VCG",141805,"/Date(1704352598000)/",24950,300,7082700,177086000000,-150,true,-0.6
"VCG",141805,"/Date(1704352598000)/",24950,200,7082400,177079000000,-150,true,-0.6
"VCG",141802,"/Date(1704352596000)/",24950,500,7082200,177074000000,-150,true,-0.6
"VCG",141802,"/Date(1704352596000)/",24950,2000,7081700,177061000000,-150,true,-0.6
"VCG",141802,"/Date(1704352596000)/",24950,500,7079700,177011000000,-150,true,-0.6
"VCG",141802,"/Date(1704352596000)/",24950,3000,7079200,176999000000,-150,true,-0.6
"VCG",141802,"/Date(1704352595000)/",25000,200,7076200,176924000000,-100,false,-0.4
"VCG",141755,"/Date(1704352589000)/",24950,1000,7076000,176919000000,-150,true,-0.6
"VCG",141755,"/Date(1704352588000)/",25000,200,7075000,176894000000,-100,false,-0.4
"VCG",141752,"/Date(1704352586000)/",24950,200,7074800,176889000000,-150,true,-0.6
"VCG",141749,"/Date(1704352583000)/",24950,800,7074600,176884000000,-150,true,-0.6
"VCG",141749,"/Date(1704352583000)/",24950,600,7073800,176864000000,-150,true,-0.6
"VCG",141749,"/Date(1704352583000)/",24950,300,7073200,176849000000,-150,true,-0.6
"VCG",141749,"/Date(1704352583000)/",24950,1000,7072900,176842000000,-150,true,-0.6
"VCG",141749,"/Date(1704352583000)/",24950,1700,7071900,176817000000,-150,true,-0.6
"VCG",141749,"/Date(1704352583000)/",24950,2400,7070200,176774000000,-150,true,-0.6
"VCG",141746,"/Date(1704352579000)/",24950,3500,7067800,176714000000,-150,true,-0.6
"VCG",141746,"/Date(1704352578000)/",25000,200,7064300,176627000000,-100,false,-0.4
"VCG",141736,"/Date(1704352571000)/",24950,1000,7064100,176622000000,-150,true,-0.6
"VCG",141736,"/Date(1704352569000)/",25000,200,7063100,176597000000,-100,false,-0.4
"VCG",141727,"/Date(1704352559000)/",25000,200,7062900,176592000000,-100,false,-0.4
"VCG",141720,"/Date(1704352555000)/",25000,600,7062700,176587000000,-100,false,-0.4
