"Stockcode","Package","TradingDate","Price","Vol","TotalVol","TotalVal","Change","IsBuy","PerChange"
"VCS",144520,"/Date(1704354302000)/",55200,1500,83638,4611039100,0,false,0
"VCS",142949,"/Date(1704353389000)/",55000,1200,82138,4528239100,-200,true,-0.36
"VCS",142921,"/Date(1704353361000)/",55100,300,80938,4462239100,-100,false,-0.18
"VCS",142523,"/Date(1704353122000)/",55100,700,80638,4445709100,-100,true,-0.18
"VCS",142500,"/Date(1704353099000)/",55100,100,79938,4407139100,-100,false,-0.18
"VCS",142457,"/Date(1704353096000)/",55100,500,79838,4401629100,-100,false,-0.18
"VCS",142240,"/Date(1704352960000)/",55100,100,79338,4374079100,-100,false,-0.18
"VCS",142217,"/Date(1704352937000)/",55100,500,79238,4368569100,-100,false,-0.18
"VCS",141853,"/Date(1704352733000)/",55000,500,78738,4341019100,-200,true,-0.36
"VCS",141506,"/Date(1704352506000)/",55100,100,78238,4313519100,-100,false,-0.18
"VCS",141016,"/Date(1704352216000)/",55100,500,78138,4308009100,-100,false,-0.18
"VCS",140640,"/Date(1704352000000)/",55100,8,77638,4280459100,-100,false,-0.18
"VCS",135635,"/Date(1704351394000)/",55100,2000,77630,4280017500,-100,false,-0.18
"VCS",135334,"/Date(1704351213000)/",55000,200,75630,4169817500,-200,true,-0.36
"VCS",135017,"/Date(1704351017000)/",55000,2200,75430,4158817500,-200,true,-0.36
"VCS",134903,"/Date(1704350943000)/",55000,100,73230,4037817500,-200,false,-0.36
"VCS",134715,"/Date(1704350835000)/",55000,100,73130,4032317500,-200,false,-0.36
"VCS",134607,"/Date(1704350767000)/",55000,100,73030,4026817500,-200,false,-0.36
"VCS",134510,"/Date(1704350710000)/",55000,500,72930,4021317500,-200,false,-0.36
"VCS",134359,"/Date(1704350639000)/",55000,100,72430,3993817500,-200,false,-0.36
"VCS",134121,"/Date(1704350481000)/",54900,500,72330,3988317500,-300,true,-0.54
"VCS",133936,"/Date(1704350376000)/",55000,1900,71830,3960867500,-200,false,-0.36
"VCS",133904,"/Date(1704350344000)/",55100,100,69930,3856367500,-100,false,-0.18
"VCS",133644,"/Date(1704350204000)/",55100,100,69830,3850857500,-100,false,-0.18
"VCS",133624,"/Date(1704350184000)/",55100,200,69730,3845347500,-100,true,-0.18
"VCS",133423,"/Date(1704350063000)/",55100,1100,69530,3834327500,-100,false,-0.18
"VCS",133410,"/Date(1704350050000)/",55100,500,68430,3773717500,-100,false,-0.18
"VCS",133222,"/Date(1704349942000)/",55100,100,67930,3746167500,-100,false,-0.18
"VCS",133115,"/Date(1704349875000)/",55100,2800,67830,3740657500,-100,false,-0.18
"VCS",132641,"/Date(1704349601000)/",55100,100,65030,3586377500,-100,false,-0.18
"VCS",132313,"/Date(1704349393000)/",55000,2300,64930,3580867500,-200,true,-0.36
"VCS",131504,"/Date(1704348904000)/",55100,1000,62630,3454367500,-100,false,-0.18
"VCS",131451,"/Date(1704348891000)/",55100,700,61630,3399267500,-100,false,-0.18
"VCS",131122,"/Date(1704348682000)/",55100,2000,60930,3360697500,-100,false,-0.18
"VCS",131026,"/Date(1704348626000)/",55100,3000,58930,3250497500,-100,false,-0.18
"VCS",131024,"/Date(1704348624000)/",55000,1300,55930,3085197500,-200,true,-0.36
"VCS",131008,"/Date(1704348608000)/",55100,200,54630,3013697500,-100,false,-0.18
"VCS",131005,"/Date(1704348605000)/",55100,900,54430,3002677500,-100,false,-0.18
"VCS",131004,"/Date(1704348604000)/",55100,1000,53530,2953087500,-100,false,-0.18
"VCS",130409,"/Date(1704348249000)/",55100,200,52530,2897987500,-100,false,-0.18
"VCS",130338,"/Date(1704348218000)/",55100,100,52330,2886967500,-100,false,-0.18
"VCS",130306,"/Date(1704348186000)/",55200,41,52230,2881457500,0,false,0
"VCS",130139,"/Date(1704348099000)/",55200,12,52189,2879194300,0,false,0
"VCS",130034,"/Date(1704348022000)/",55200,1,52177,2878533100,0,false,0
"VCS",130021,"/Date(1704348004000)/",55200,100,52176,2878477900,0,false,0
"VCS",112839,"/Date(1704342519000)/",55200,1000,52076,2872957900,0,false,0
"VCS",112758,"/Date(1704342478000)/",55200,2000,51076,2817757900,0,false,0
"VCS",112727,"/Date(1704342447000)/",55200,2000,49076,2707457900,0,false,0
"VCS",112636,"/Date(1704342396000)/",54800,3000,47076,2597107900,-400,true,-0.72
"VCS",112625,"/Date(1704342385000)/",54900,2500,44076,2432697900,-300,true,-0.54
"VCS",112432,"/Date(1704342272000)/",55100,500,41576,2295247900,-100,false,-0.18
"VCS",111741,"/Date(1704341861000)/",54800,300,41076,2267697900,-400,true,-0.72
"VCS",111731,"/Date(1704341851000)/",54800,100,40776,2251257900,-400,false,-0.72
"VCS",111710,"/Date(1704341830000)/",54800,100,40676,2245777900,-400,false,-0.72
"VCS",111634,"/Date(1704341794000)/",54800,3000,40576,2240297900,-400,true,-0.72
"VCS",111257,"/Date(1704341577000)/",54800,3000,37576,2075797900,-400,true,-0.72
"VCS",111029,"/Date(1704341428000)/",55100,1000,34576,1911307900,-100,false,-0.18
"VCS",110916,"/Date(1704341355000)/",55000,500,33576,1856207900,-200,false,-0.36
"VCS",110540,"/Date(1704341139000)/",54900,500,33076,1828707900,-300,true,-0.54
"VCS",105150,"/Date(1704340310000)/",55200,100,32576,1801237900,0,false,0
"VCS",104910,"/Date(1704340150000)/",55200,100,32476,1795717900,0,false,0
"VCS",104909,"/Date(1704340149000)/",55000,6000,32376,1790197900,-200,true,-0.36
"VCS",104853,"/Date(1704340133000)/",55100,1200,26376,1460197900,-100,true,-0.18
"VCS",104533,"/Date(1704339933000)/",55200,400,25176,1394077900,0,false,0
"VCS",103435,"/Date(1704339275000)/",55200,500,24776,1371997900,0,false,0
"VCS",103401,"/Date(1704339240000)/",55200,300,24276,1344397900,0,false,0
"VCS",102812,"/Date(1704338891000)/",55200,100,23976,1327837900,0,false,0
"VCS",102749,"/Date(1704338868000)/",55200,100,23876,1322317900,0,false,0
"VCS",102725,"/Date(1704338844000)/",55200,100,23776,1316797900,0,false,0
"VCS",102722,"/Date(1704338841000)/",55200,100,23676,1311277900,0,false,0
"VCS",102704,"/Date(1704338823000)/",55200,100,23576,1305757900,0,false,0
"VCS",102642,"/Date(1704338801000)/",55200,100,23476,1300237900,0,false,0
"VCS",102639,"/Date(1704338798000)/",55200,1500,23376,1294717900,0,true,0
"VCS",102142,"/Date(1704338502000)/",55200,100,21876,1211917900,0,true,0
"VCS",102106,"/Date(1704338465000)/",55300,500,21776,1206397900,100,false,0.18
"VCS",102026,"/Date(1704338426000)/",55300,300,21276,1178747900,100,true,0.18
"VCS",101927,"/Date(1704338366000)/",55300,200,20976,1162157900,100,true,0.18
"VCS",101925,"/Date(1704338364000)/",55200,200,20776,1151097900,0,true,0
"VCS",101540,"/Date(1704338140000)/",55300,100,20576,1140057900,100,false,0.18
"VCS",101224,"/Date(1704337944000)/",55100,9,20476,1134527900,-100,true,-0.18
"VCS",101001,"/Date(1704337801000)/",55100,500,20467,1134026600,-100,true,-0.18
"VCS",100937,"/Date(1704337777000)/",55100,500,19967,1106476600,-100,true,-0.18
"VCS",100925,"/Date(1704337765000)/",55100,200,19467,1078926600,-100,true,-0.18
"VCS",100346,"/Date(1704337426000)/",55500,300,19267,1067906600,300,false,0.54
"VCS",100316,"/Date(1704337396000)/",55300,200,18967,1051256600,100,true,0.18
"VCS",100258,"/Date(1704337378000)/",55300,500,18767,1040196600,100,true,0.18
"VCS",100246,"/Date(1704337366000)/",55300,400,18267,1012546600,100,true,0.18
"VCS",100234,"/Date(1704337354000)/",55400,100,17867,990426600,200,false,0.36
"VCS",100110,"/Date(1704337270000)/",55400,700,17767,984886600,200,true,0.36
"VCS",100039,"/Date(1704337239000)/",55500,100,17067,946096600,300,true,0.54
"VCS",100028,"/Date(1704337228000)/",55500,100,16967,940546600,300,true,0.54
"VCS",100007,"/Date(1704337207000)/",55500,200,16867,934996600,300,true,0.54
"VCS",95934,"/Date(1704337173000)/",55500,100,16667,923896600,300,true,0.54
"VCS",95252,"/Date(1704336772000)/",55600,200,16567,918346600,400,false,0.72
"VCS",95038,"/Date(1704336638000)/",55400,200,16367,907226600,200,true,0.36
"VCS",95015,"/Date(1704336615000)/",55400,100,16167,896146600,200,true,0.36
"VCS",94959,"/Date(1704336599000)/",55400,100,16067,890606600,200,true,0.36
"VCS",94953,"/Date(1704336593000)/",55600,100,15967,885066600,400,false,0.72
"VCS",94720,"/Date(1704336440000)/",55800,1,15867,879506600,600,false,1.09
"VCS",94559,"/Date(1704336359000)/",55800,3,15866,879451100,600,false,1.09
"VCS",94521,"/Date(1704336321000)/",55800,1700,15863,879285500,600,false,1.09
"VCS",94517,"/Date(1704336317000)/",55600,400,14163,784595500,400,false,0.72
"VCS",94512,"/Date(1704336312000)/",55400,300,13763,762355500,200,true,0.36
"VCS",93918,"/Date(1704335958000)/",55500,900,13463,745735500,300,false,0.54
"VCS",93914,"/Date(1704335954000)/",55300,100,12563,695785500,100,true,0.18
"VCS",93821,"/Date(1704335901000)/",55500,1000,12463,690255500,300,false,0.54
"VCS",93128,"/Date(1704335488000)/",55500,61,11463,634755500,300,false,0.54
"VCS",93118,"/Date(1704335478000)/",55500,400,11402,631420400,300,false,0.54
"VCS",93055,"/Date(1704335455000)/",55500,1000,11002,609220400,300,false,0.54
"VCS",93048,"/Date(1704335448000)/",55500,1500,10002,553720400,300,false,0.54
"VCS",93017,"/Date(1704335417000)/",55500,1000,8502,470470400,300,false,0.54
"VCS",92745,"/Date(1704335264000)/",55500,1800,7502,414970400,300,false,0.54
"VCS",92744,"/Date(1704335263000)/",55300,300,5702,315180400,100,true,0.18
"VCS",92652,"/Date(1704335211000)/",55400,1500,5402,298590400,200,false,0.36
"VCS",92631,"/Date(1704335190000)/",55300,400,3902,215490400,100,false,0.18
"VCS",92617,"/Date(1704335176000)/",55200,2,3502,193370400,0,true,0
"VCS",92316,"/Date(1704334996000)/",55200,1100,3500,193260000,0,true,0
"VCS",90149,"/Date(1704333708000)/",55200,2100,2400,132540000,0,false,0
"VCS",90106,"/Date(1704333621000)/",55500,200,300,16620000,300,true,0.54
"VCS",90045,"/Date(1704333610000)/",55200,100,100,5520000,0,false,0
