"Stockcode","Package","TradingDate","Price","Vol","TotalVol","TotalVal","Change","IsBuy","PerChange"
"VIG",144513,"/Date(1704354301000)/",7800,28300,1054951,8315637800,200,false,2.63
"VIG",142906,"/Date(1704353346000)/",7800,500,1026651,8094897800,200,true,2.63
"VIG",142843,"/Date(1704353323000)/",7800,3000,1026151,8090997800,200,true,2.63
"VIG",142833,"/Date(1704353313000)/",7800,500,1023151,8067597800,200,true,2.63
"VIG",142752,"/Date(1704353272000)/",7800,3000,1022651,8063697800,200,true,2.63
"VIG",142718,"/Date(1704353238000)/",7900,100,1019651,8040297800,300,false,3.95
"VIG",142716,"/Date(1704353236000)/",7800,2000,1019551,8039507800,200,true,2.63
"VIG",142702,"/Date(1704353222000)/",7800,4000,1017551,8023907800,200,true,2.63
"VIG",142351,"/Date(1704353031000)/",7900,12600,1013551,7992707800,300,false,3.95
"VIG",142128,"/Date(1704352888000)/",7900,9300,1000951,7893167800,300,false,3.95
"VIG",141937,"/Date(1704352776000)/",7900,700,991651,7819697800,300,false,3.95
"VIG",141745,"/Date(1704352664000)/",7900,10500,990951,7814167800,300,false,3.95
"VIG",141236,"/Date(1704352356000)/",7900,100,980451,7731217800,300,false,3.95
"VIG",140438,"/Date(1704351878000)/",7900,300,980351,7730427800,300,false,3.95
"VIG",140351,"/Date(1704351831000)/",7900,700,980051,7728057800,300,false,3.95
"VIG",140307,"/Date(1704351787000)/",8000,60000,979351,7722527800,400,false,5.26
"VIG",140148,"/Date(1704351708000)/",7900,500,919351,7242527800,300,false,3.95
"VIG",135949,"/Date(1704351589000)/",7900,500,918851,7238577800,300,false,3.95
"VIG",135730,"/Date(1704351450000)/",7900,4500,918351,7234627800,300,false,3.95
"VIG",135627,"/Date(1704351387000)/",7900,500,913851,7199077800,300,false,3.95
"VIG",135545,"/Date(1704351345000)/",7900,5000,913351,7195127800,300,false,3.95
"VIG",135505,"/Date(1704351305000)/",7900,900,908351,7155627800,300,true,3.95
"VIG",135435,"/Date(1704351275000)/",7900,1000,907451,7148517800,300,true,3.95
"VIG",135410,"/Date(1704351250000)/",7900,3500,906451,7140617800,300,true,3.95
"VIG",135253,"/Date(1704351173000)/",7900,1000,902951,7112967800,300,false,3.95
"VIG",135231,"/Date(1704351151000)/",7900,500,901951,7105067800,300,false,3.95
"VIG",135051,"/Date(1704351051000)/",7900,3000,901451,7101117800,300,false,3.95
"VIG",135006,"/Date(1704351006000)/",7900,100,898451,7077417800,300,false,3.95
"VIG",134941,"/Date(1704350981000)/",7900,2900,898351,7076627800,300,false,3.95
"VIG",134938,"/Date(1704350978000)/",7900,100,895451,7053717800,300,true,3.95
"VIG",134834,"/Date(1704350914000)/",7900,3500,895351,7052927800,300,false,3.95
"VIG",134701,"/Date(1704350821000)/",7900,1200,891851,7025277800,300,false,3.95
"VIG",134500,"/Date(1704350700000)/",7900,4900,890651,7015797800,300,false,3.95
"VIG",133903,"/Date(1704350343000)/",7900,5300,885751,6977087800,300,true,3.95
"VIG",133823,"/Date(1704350303000)/",7900,2000,880451,6935217800,300,true,3.95
"VIG",133659,"/Date(1704350219000)/",7900,20000,878451,6919417800,300,true,3.95
"VIG",133651,"/Date(1704350211000)/",7900,2000,858451,6761417800,300,true,3.95
"VIG",133634,"/Date(1704350193000)/",7900,1000,856451,6745617800,300,true,3.95
"VIG",133618,"/Date(1704350178000)/",7900,2000,855451,6737717800,300,true,3.95
"VIG",133436,"/Date(1704350075000)/",7900,100,853451,6721917800,300,true,3.95
"VIG",133424,"/Date(1704350064000)/",7900,10000,853351,6721127800,300,true,3.95
"VIG",133251,"/Date(1704349971000)/",8000,1500,843351,6642127800,400,false,5.26
"VIG",133218,"/Date(1704349938000)/",8000,1100,841851,6630127800,400,false,5.26
"VIG",133153,"/Date(1704349913000)/",8000,43700,840751,6621327800,400,false,5.26
"VIG",133144,"/Date(1704349904000)/",8000,400,797051,6271727800,400,false,5.26
"VIG",133121,"/Date(1704349880000)/",8000,58100,796651,6268527800,400,false,5.26
"VIG",133113,"/Date(1704349873000)/",8000,11400,738551,5803727800,400,false,5.26
"VIG",133026,"/Date(1704349826000)/",8000,1000,727151,5712527800,400,false,5.26
"VIG",132832,"/Date(1704349712000)/",8000,1600,726151,5704527800,400,false,5.26
"VIG",132827,"/Date(1704349707000)/",7900,1000,724551,5691727800,300,true,3.95
"VIG",132753,"/Date(1704349673000)/",8000,5000,723551,5683827800,400,false,5.26
"VIG",132720,"/Date(1704349640000)/",8000,200,718551,5643827800,400,false,5.26
"VIG",132636,"/Date(1704349596000)/",8000,17500,718351,5642227800,400,false,5.26
"VIG",132106,"/Date(1704349266000)/",8000,1,700851,5502227800,400,false,5.26
"VIG",132007,"/Date(1704349207000)/",8000,28600,700850,5502219800,400,false,5.26
"VIG",131433,"/Date(1704348873000)/",7900,2500,672250,5273419800,300,true,3.95
"VIG",131307,"/Date(1704348787000)/",7900,100,669750,5253669800,300,true,3.95
"VIG",131217,"/Date(1704348737000)/",7900,1000,669650,5252879800,300,true,3.95
"VIG",131153,"/Date(1704348713000)/",7900,100,668650,5244979800,300,true,3.95
"VIG",131128,"/Date(1704348688000)/",7900,1600,668550,5244189800,300,true,3.95
"VIG",131105,"/Date(1704348665000)/",8000,200,666950,5231549800,400,false,5.26
"VIG",131104,"/Date(1704348664000)/",7900,1000,666750,5229949800,300,true,3.95
"VIG",131052,"/Date(1704348652000)/",7900,3000,665750,5222049800,300,true,3.95
"VIG",131024,"/Date(1704348624000)/",7900,500,662750,5198349800,300,true,3.95
"VIG",131022,"/Date(1704348622000)/",7900,500,662250,5194399800,300,true,3.95
"VIG",131005,"/Date(1704348605000)/",7900,1000,661750,5190449800,300,true,3.95
"VIG",130932,"/Date(1704348572000)/",7900,600,660750,5182549800,300,true,3.95
"VIG",130857,"/Date(1704348537000)/",7900,2000,660150,5177809800,300,true,3.95
"VIG",130846,"/Date(1704348526000)/",7900,1000,658150,5162009800,300,true,3.95
"VIG",130845,"/Date(1704348525000)/",7900,9500,657150,5154109800,300,true,3.95
"VIG",130613,"/Date(1704348373000)/",7800,400,647650,5079059800,200,true,2.63
"VIG",130548,"/Date(1704348348000)/",7800,600,647250,5075939800,200,true,2.63
"VIG",130427,"/Date(1704348267000)/",7900,100,646650,5071259800,300,false,3.95
"VIG",130426,"/Date(1704348266000)/",7900,8300,646550,5070469800,300,false,3.95
"VIG",130347,"/Date(1704348227000)/",7900,2000,638250,5004899800,300,true,3.95
"VIG",130118,"/Date(1704348078000)/",7900,1600,636250,4989099800,300,true,3.95
"VIG",130104,"/Date(1704348064000)/",7900,1100,634650,4976459800,300,false,3.95
"VIG",130041,"/Date(1704348041000)/",7900,2000,633550,4967769800,300,true,3.95
"VIG",130032,"/Date(1704348010000)/",7900,200,631550,4951969800,300,true,3.95
"VIG",130029,"/Date(1704348009000)/",7900,3800,631350,4950389800,300,true,3.95
"VIG",130027,"/Date(1704348007000)/",7900,2700,627550,4920369800,300,false,3.95
"VIG",130025,"/Date(1704348006000)/",7900,5000,624850,4899039800,300,false,3.95
"VIG",112738,"/Date(1704342458000)/",7900,13800,619850,4859539800,300,false,3.95
"VIG",112412,"/Date(1704342252000)/",7900,500,606050,4750519800,300,false,3.95
"VIG",112057,"/Date(1704342057000)/",7900,200,605550,4746569800,300,false,3.95
"VIG",112008,"/Date(1704342008000)/",7900,400,605350,4744989800,300,true,3.95
"VIG",111741,"/Date(1704341861000)/",7900,2000,604950,4741829800,300,true,3.95
"VIG",111603,"/Date(1704341763000)/",7900,100,602950,4726029800,300,true,3.95
"VIG",111510,"/Date(1704341710000)/",7900,100,602850,4725239800,300,true,3.95
"VIG",111457,"/Date(1704341697000)/",7900,200,602750,4724449800,300,true,3.95
"VIG",111417,"/Date(1704341657000)/",7900,100,602550,4722869800,300,false,3.95
"VIG",111331,"/Date(1704341611000)/",7900,200,602450,4722079800,300,false,3.95
"VIG",111242,"/Date(1704341562000)/",7900,400,602250,4720499800,300,true,3.95
"VIG",111223,"/Date(1704341543000)/",7900,100,601850,4717339800,300,true,3.95
"VIG",111114,"/Date(1704341474000)/",7900,1000,601750,4716549800,300,true,3.95
"VIG",111025,"/Date(1704341425000)/",7900,100,600750,4708649800,300,true,3.95
"VIG",110950,"/Date(1704341390000)/",7900,100,600650,4707859800,300,true,3.95
"VIG",110923,"/Date(1704341363000)/",7900,1900,600550,4707069800,300,true,3.95
"VIG",110835,"/Date(1704341315000)/",7900,20000,598650,4692059800,300,false,3.95
"VIG",110735,"/Date(1704341254000)/",7900,500,578650,4534059800,300,false,3.95
"VIG",110721,"/Date(1704341240000)/",7800,200,578150,4530109800,200,true,2.63
"VIG",110607,"/Date(1704341166000)/",7900,2800,577950,4528549800,300,false,3.95
"VIG",110540,"/Date(1704341139000)/",7900,600,575150,4506429800,300,false,3.95
"VIG",110517,"/Date(1704341116000)/",7900,2000,574550,4501689800,300,false,3.95
"VIG",110354,"/Date(1704341033000)/",7900,3000,572550,4485889800,300,false,3.95
"VIG",110304,"/Date(1704340983000)/",7900,200,569550,4462189800,300,false,3.95
"VIG",110007,"/Date(1704340806000)/",7900,1000,569350,4460609800,300,false,3.95
"VIG",105928,"/Date(1704340767000)/",7900,200,568350,4452709800,300,false,3.95
"VIG",105900,"/Date(1704340739000)/",7900,5900,568150,4451129800,300,false,3.95
"VIG",105612,"/Date(1704340571000)/",7900,2000,562250,4404519800,300,false,3.95
"VIG",105514,"/Date(1704340513000)/",7900,1000,560250,4388719800,300,false,3.95
"VIG",105507,"/Date(1704340506000)/",7900,500,559250,4380819800,300,false,3.95
"VIG",105331,"/Date(1704340410000)/",7900,500,558750,4376869800,300,false,3.95
"VIG",105241,"/Date(1704340360000)/",7900,100,558250,4372919800,300,false,3.95
"VIG",104734,"/Date(1704340053000)/",7900,500,558150,4372129800,300,false,3.95
"VIG",104540,"/Date(1704339940000)/",7900,9900,557650,4368179800,300,false,3.95
"VIG",104447,"/Date(1704339887000)/",7900,8000,547750,4289969800,300,false,3.95
"VIG",103933,"/Date(1704339573000)/",7900,500,539750,4226769800,300,false,3.95
"VIG",103930,"/Date(1704339570000)/",7900,100,539250,4222819800,300,false,3.95
"VIG",103906,"/Date(1704339546000)/",7900,2200,539150,4222029800,300,false,3.95
"VIG",103900,"/Date(1704339540000)/",7900,15800,536950,4204649800,300,false,3.95
"VIG",103805,"/Date(1704339485000)/",7900,38300,521150,4079829800,300,false,3.95
"VIG",103716,"/Date(1704339436000)/",7900,14400,482850,3777259800,300,false,3.95
"VIG",103701,"/Date(1704339421000)/",7900,5000,468450,3663499800,300,false,3.95
"VIG",103210,"/Date(1704339130000)/",7900,9000,463450,3623999800,300,false,3.95
"VIG",103031,"/Date(1704339031000)/",7900,100,454450,3552899800,300,false,3.95
"VIG",102819,"/Date(1704338899000)/",7800,3000,454350,3552109800,200,true,2.63
"VIG",102639,"/Date(1704338799000)/",7900,3000,451350,3528709800,300,false,3.95
"VIG",102445,"/Date(1704338685000)/",7900,1000,448350,3505009800,300,false,3.95
"VIG",102138,"/Date(1704338498000)/",7900,100,447350,3497109800,300,false,3.95
"VIG",102130,"/Date(1704338490000)/",7900,500,447250,3496319800,300,false,3.95
"VIG",102111,"/Date(1704338471000)/",7900,46,446750,3492369800,300,false,3.95
"VIG",102039,"/Date(1704338439000)/",7900,1000,446704,3492011000,300,false,3.95
"VIG",102013,"/Date(1704338413000)/",7900,800,445704,3484111000,300,false,3.95
"VIG",101953,"/Date(1704338393000)/",7900,1000,444904,3477791000,300,false,3.95
"VIG",101917,"/Date(1704338357000)/",7900,1000,443904,3469891000,300,false,3.95
"VIG",101823,"/Date(1704338303000)/",7900,100,442904,3461991000,300,false,3.95
"VIG",101500,"/Date(1704338099000)/",7800,2000,442804,3461201000,200,true,2.63
"VIG",101133,"/Date(1704337892000)/",7900,400,440804,3445601000,300,false,3.95
"VIG",101037,"/Date(1704337836000)/",7900,13500,440404,3442441000,300,false,3.95
"VIG",101030,"/Date(1704337829000)/",7900,1000,426904,3335791000,300,false,3.95
"VIG",100949,"/Date(1704337788000)/",7900,5700,425904,3327891000,300,false,3.95
"VIG",100727,"/Date(1704337646000)/",7900,500,420204,3282861000,300,false,3.95
"VIG",100654,"/Date(1704337614000)/",7900,400,419704,3278911000,300,false,3.95
"VIG",100648,"/Date(1704337608000)/",7900,600,419304,3275751000,300,false,3.95
"VIG",100612,"/Date(1704337571000)/",7900,2500,418704,3271011000,300,false,3.95
"VIG",100040,"/Date(1704337240000)/",7900,400,416204,3251261000,300,false,3.95
"VIG",100036,"/Date(1704337236000)/",7900,3000,415804,3248101000,300,false,3.95
"VIG",95957,"/Date(1704337197000)/",7900,5000,412804,3224401000,300,false,3.95
"VIG",95944,"/Date(1704337184000)/",7900,500,407804,3184901000,300,false,3.95
"VIG",95937,"/Date(1704337177000)/",7900,2000,407304,3180951000,300,false,3.95
"VIG",95927,"/Date(1704337167000)/",7900,3200,405304,3165151000,300,false,3.95
"VIG",95924,"/Date(1704337164000)/",7900,300,402104,3139871000,300,true,3.95
"VIG",95903,"/Date(1704337143000)/",7900,1600,401804,3137501000,300,true,3.95
"VIG",95846,"/Date(1704337126000)/",7900,2,400204,3124861000,300,true,3.95
"VIG",95828,"/Date(1704337108000)/",7900,1000,400202,3124845400,300,true,3.95
"VIG",95733,"/Date(1704337053000)/",7900,100,399202,3116945400,300,true,3.95
"VIG",95724,"/Date(1704337044000)/",7900,1000,399102,3116155400,300,false,3.95
"VIG",95720,"/Date(1704337040000)/",7900,5000,398102,3108255400,300,false,3.95
"VIG",95634,"/Date(1704336994000)/",7900,2000,393102,3068755400,300,false,3.95
"VIG",95631,"/Date(1704336991000)/",7900,400,391102,3052955400,300,false,3.95
"VIG",95630,"/Date(1704336990000)/",7900,300,390702,3049795400,300,false,3.95
"VIG",95620,"/Date(1704336980000)/",7900,7000,390402,3047425400,300,false,3.95
"VIG",95619,"/Date(1704336979000)/",7900,7900,383402,2992125400,300,false,3.95
"VIG",95616,"/Date(1704336976000)/",7900,10000,375502,2929715400,300,false,3.95
"VIG",95611,"/Date(1704336971000)/",7900,2500,365502,2850715400,300,false,3.95
"VIG",95553,"/Date(1704336953000)/",7900,500,363002,2830965400,300,false,3.95
"VIG",95550,"/Date(1704336950000)/",7900,1000,362502,2827015400,300,false,3.95
"VIG",95545,"/Date(1704336945000)/",7900,3000,361502,2819115400,300,false,3.95
"VIG",95542,"/Date(1704336942000)/",7900,5000,358502,2795415400,300,false,3.95
"VIG",95541,"/Date(1704336941000)/",7900,500,353502,2755915400,300,false,3.95
"VIG",95534,"/Date(1704336934000)/",7900,3500,353002,2751965400,300,false,3.95
"VIG",95527,"/Date(1704336927000)/",7900,10000,349502,2724315400,300,false,3.95
"VIG",95520,"/Date(1704336920000)/",7900,1500,339502,2645315400,300,false,3.95
"VIG",95450,"/Date(1704336890000)/",7900,10000,338002,2633465400,300,false,3.95
"VIG",95402,"/Date(1704336842000)/",7900,2000,328002,2554465400,300,false,3.95
"VIG",95315,"/Date(1704336795000)/",7900,20000,326002,2538665400,300,false,3.95
"VIG",95204,"/Date(1704336724000)/",7900,4000,306002,2380665400,300,false,3.95
"VIG",94620,"/Date(1704336380000)/",7800,1000,302002,2349065400,200,true,2.63
"VIG",94530,"/Date(1704336330000)/",7800,500,301002,2341265400,200,true,2.63
"VIG",94343,"/Date(1704336223000)/",7900,1000,300502,2337365400,300,false,3.95
"VIG",94231,"/Date(1704336151000)/",7900,100,299502,2329465400,300,false,3.95
"VIG",94149,"/Date(1704336109000)/",7900,2,299402,2328675400,300,false,3.95
"VIG",94057,"/Date(1704336057000)/",7900,10000,299400,2328660000,300,false,3.95
"VIG",94037,"/Date(1704336037000)/",7900,45000,289400,2249660000,300,false,3.95
"VIG",94036,"/Date(1704336036000)/",7900,100,244400,1894160000,300,false,3.95
"VIG",93947,"/Date(1704335987000)/",7800,1000,244300,1893370000,200,true,2.63
"VIG",93909,"/Date(1704335949000)/",7800,500,243300,1885570000,200,true,2.63
"VIG",93839,"/Date(1704335919000)/",7800,100,242800,1881670000,200,false,2.63
"VIG",93835,"/Date(1704335915000)/",7800,3000,242700,1880890000,200,false,2.63
"VIG",93834,"/Date(1704335914000)/",7800,1000,239700,1857490000,200,false,2.63
"VIG",93833,"/Date(1704335913000)/",7800,19000,238700,1849690000,200,false,2.63
"VIG",93822,"/Date(1704335902000)/",7800,2000,219700,1701490000,200,false,2.63
"VIG",93814,"/Date(1704335894000)/",7800,5000,217700,1685890000,200,false,2.63
"VIG",93810,"/Date(1704335890000)/",7800,20000,212700,1646890000,200,false,2.63
"VIG",93740,"/Date(1704335860000)/",7800,1000,192700,1490890000,200,false,2.63
"VIG",93736,"/Date(1704335856000)/",7800,40000,191700,1483090000,200,false,2.63
"VIG",93725,"/Date(1704335845000)/",7700,1500,151700,1171090000,100,true,1.32
"VIG",93723,"/Date(1704335843000)/",7800,30000,150200,1159540000,200,false,2.63
"VIG",93700,"/Date(1704335820000)/",7700,3600,120200,925540000,100,true,1.32
"VIG",93659,"/Date(1704335819000)/",7700,600,116600,897820000,100,false,1.32
"VIG",93658,"/Date(1704335818000)/",7700,2000,116000,893200000,100,false,1.32
"VIG",93650,"/Date(1704335810000)/",7700,2200,114000,877800000,100,false,1.32
"VIG",93647,"/Date(1704335807000)/",7700,2000,111800,860860000,100,false,1.32
"VIG",93644,"/Date(1704335804000)/",7700,4900,109800,845460000,100,false,1.32
"VIG",93643,"/Date(1704335803000)/",7700,1000,104900,807730000,100,false,1.32
"VIG",93624,"/Date(1704335784000)/",7700,5000,103900,800030000,100,false,1.32
"VIG",93622,"/Date(1704335782000)/",7700,3400,98900,761530000,100,false,1.32
"VIG",93621,"/Date(1704335781000)/",7700,20000,95500,735350000,100,false,1.32
"VIG",93620,"/Date(1704335780000)/",7700,5000,75500,581350000,100,false,1.32
"VIG",93602,"/Date(1704335762000)/",7700,5000,70500,542850000,100,false,1.32
"VIG",93557,"/Date(1704335756000)/",7700,1500,65500,504350000,100,false,1.32
"VIG",93528,"/Date(1704335727000)/",7700,5000,64000,492800000,100,false,1.32
"VIG",93514,"/Date(1704335713000)/",7700,6500,59000,454300000,100,false,1.32
"VIG",93014,"/Date(1704335414000)/",7700,500,52500,404250000,100,false,1.32
"VIG",92746,"/Date(1704335265000)/",7700,5900,52000,400400000,100,false,1.32
"VIG",92621,"/Date(1704335181000)/",7700,200,46100,354970000,100,true,1.32
"VIG",92510,"/Date(1704335110000)/",7700,4200,45900,353430000,100,true,1.32
"VIG",92445,"/Date(1704335085000)/",7700,100,41700,321090000,100,false,1.32
"VIG",92420,"/Date(1704335060000)/",7700,400,41600,320320000,100,false,1.32
"VIG",92303,"/Date(1704334983000)/",7700,2000,41200,317240000,100,false,1.32
"VIG",92136,"/Date(1704334896000)/",7700,2100,39200,301840000,100,true,1.32
"VIG",92027,"/Date(1704334827000)/",7700,800,37100,285670000,100,false,1.32
"VIG",92023,"/Date(1704334823000)/",7700,700,36300,279510000,100,false,1.32
"VIG",92022,"/Date(1704334822000)/",7700,500,35600,274120000,100,false,1.32
"VIG",92016,"/Date(1704334816000)/",7700,3000,35100,270270000,100,false,1.32
"VIG",92011,"/Date(1704334811000)/",7700,500,32100,247170000,100,false,1.32
"VIG",92009,"/Date(1704334809000)/",7700,5000,31600,243320000,100,false,1.32
"VIG",92003,"/Date(1704334803000)/",7700,400,26600,204820000,100,false,1.32
"VIG",91958,"/Date(1704334798000)/",7700,100,26200,201740000,100,false,1.32
"VIG",91953,"/Date(1704334793000)/",7700,100,26100,200970000,100,false,1.32
"VIG",91949,"/Date(1704334789000)/",7700,1000,26000,200200000,100,false,1.32
"VIG",91925,"/Date(1704334765000)/",7700,500,25000,192500000,100,false,1.32
"VIG",91924,"/Date(1704334764000)/",7700,1000,24500,188650000,100,false,1.32
"VIG",91921,"/Date(1704334761000)/",7700,2000,23500,180950000,100,false,1.32
"VIG",91914,"/Date(1704334754000)/",7700,4000,21500,165550000,100,false,1.32
"VIG",91856,"/Date(1704334736000)/",7700,5000,17500,134750000,100,false,1.32
"VIG",91715,"/Date(1704334635000)/",7700,600,12500,96250000,100,false,1.32
"VIG",91356,"/Date(1704334436000)/",7700,100,11900,91630000,100,false,1.32
"VIG",91212,"/Date(1704334332000)/",7700,100,11800,90860000,100,false,1.32
"VIG",91133,"/Date(1704334293000)/",7700,100,11700,90090000,100,false,1.32
"VIG",90804,"/Date(1704334084000)/",7700,100,11600,89320000,100,false,1.32
"VIG",90444,"/Date(1704333884000)/",7700,3700,11500,88550000,100,false,1.32
"VIG",90255,"/Date(1704333775000)/",7700,7800,7800,60060000,100,false,1.32
