"Stockcode","Package","TradingDate","Price","Vol","TotalVol","TotalVal","Change","IsBuy","PerChange"
"VNM",144631,"/Date(1704354301000)/",69000,104500,3401500,235279000000,0,false,0
"VNM",143122,"/Date(1704353397000)/",69000,800,3297000,228069000000,0,false,0
"VNM",143122,"/Date(1704353397000)/",69000,1500,3296200,228014000000,0,false,0
"VNM",143122,"/Date(1704353397000)/",69000,2700,3294700,227910000000,0,false,0
"VNM",143119,"/Date(1704353394000)/",69000,2000,3292000,227724000000,0,false,0
"VNM",143119,"/Date(1704353394000)/",69000,5000,3290000,227586000000,0,false,0
"VNM",143116,"/Date(1704353390000)/",69000,2000,3285000,227241000000,0,false,0
"VNM",143113,"/Date(1704353388000)/",69000,100,3283000,227103000000,0,true,0
"VNM",143113,"/Date(1704353388000)/",69000,500,3282900,227096000000,0,true,0
"VNM",143113,"/Date(1704353388000)/",69000,100,3282400,227062000000,0,true,0
"VNM",143113,"/Date(1704353388000)/",69000,500,3282300,227055000000,0,true,0
"VNM",143113,"/Date(1704353388000)/",69000,100,3281800,227020000000,0,true,0
"VNM",143113,"/Date(1704353388000)/",69000,500,3281700,227013000000,0,true,0
"VNM",143113,"/Date(1704353388000)/",69000,100,3281200,226979000000,0,true,0
"VNM",143113,"/Date(1704353388000)/",69000,100,3281100,226972000000,0,true,0
"VNM",143113,"/Date(1704353388000)/",69000,500,3281000,226965000000,0,true,0
"VNM",143113,"/Date(1704353388000)/",69000,100,3280500,226930000000,0,true,0
"VNM",143113,"/Date(1704353388000)/",69000,100,3280400,226924000000,0,true,0
"VNM",143113,"/Date(1704353388000)/",69000,7000,3280300,226917000000,0,true,0
"VNM",143113,"/Date(1704353388000)/",69000,100,3273300,226434000000,0,true,0
"VNM",143113,"/Date(1704353388000)/",69000,100,3273200,226427000000,0,true,0
"VNM",143113,"/Date(1704353388000)/",69000,100,3273100,226420000000,0,true,0
"VNM",143113,"/Date(1704353388000)/",69000,100,3273000,226413000000,0,true,0
"VNM",143113,"/Date(1704353388000)/",69000,100,3272900,226406000000,0,true,0
"VNM",143113,"/Date(1704353388000)/",69000,100,3272800,226399000000,0,true,0
"VNM",143113,"/Date(1704353388000)/",69000,200,3272700,226392000000,0,true,0
"VNM",143113,"/Date(1704353388000)/",69000,1200,3272500,226378000000,0,true,0
"VNM",143113,"/Date(1704353388000)/",69000,100,3271300,226296000000,0,true,0
"VNM",143113,"/Date(1704353388000)/",69000,100,3271200,226289000000,0,true,0
"VNM",143113,"/Date(1704353388000)/",69000,100,3271100,226282000000,0,true,0
"VNM",143113,"/Date(1704353388000)/",69000,900,3271000,226275000000,0,true,0
"VNM",143113,"/Date(1704353388000)/",69000,100,3270100,226213000000,0,true,0
"VNM",143113,"/Date(1704353388000)/",69000,100,3270000,226206000000,0,true,0
"VNM",143113,"/Date(1704353388000)/",69000,1000,3269900,226199000000,0,true,0
"VNM",143113,"/Date(1704353388000)/",69000,900,3268900,226130000000,0,true,0
"VNM",143113,"/Date(1704353387000)/",69000,100,3268000,226068000000,0,true,0
"VNM",143113,"/Date(1704353387000)/",69000,5000,3267900,226061000000,0,true,0
"VNM",143113,"/Date(1704353387000)/",69000,100,3262900,225716000000,0,true,0
"VNM",143113,"/Date(1704353387000)/",69000,4800,3262800,225709000000,0,true,0
"VNM",143113,"/Date(1704353386000)/",69000,100,3258000,225378000000,0,true,0
"VNM",143113,"/Date(1704353386000)/",69000,2000,3257900,225371000000,0,true,0
"VNM",143106,"/Date(1704353380000)/",69000,1000,3255900,225233000000,0,true,0
"VNM",143103,"/Date(1704353378000)/",69000,100,3254900,225164000000,0,true,0
"VNM",143103,"/Date(1704353378000)/",69000,300,3254800,225157000000,0,true,0
"VNM",143100,"/Date(1704353375000)/",69000,300,3254500,225136000000,0,true,0
"VNM",143100,"/Date(1704353374000)/",69000,800,3254200,225116000000,0,true,0
"VNM",143100,"/Date(1704353374000)/",69000,200,3253400,225061000000,0,true,0
"VNM",143057,"/Date(1704353372000)/",69000,700,3253200,225047000000,0,true,0
"VNM",143054,"/Date(1704353369000)/",69000,4100,3252500,224998000000,0,true,0
"VNM",143054,"/Date(1704353369000)/",69000,100,3248400,224716000000,0,true,0
"VNM",143054,"/Date(1704353369000)/",69000,100,3248300,224709000000,0,true,0
"VNM",143054,"/Date(1704353369000)/",69000,200,3248200,224702000000,0,true,0
"VNM",143054,"/Date(1704353369000)/",69000,100,3248000,224688000000,0,true,0
"VNM",143054,"/Date(1704353369000)/",69000,400,3247900,224681000000,0,true,0
"VNM",143054,"/Date(1704353366000)/",69000,1100,3247500,224653000000,0,true,0
"VNM",143054,"/Date(1704353366000)/",69000,200,3246400,224578000000,0,true,0
"VNM",143054,"/Date(1704353366000)/",69000,100,3246200,224564000000,0,true,0
"VNM",143054,"/Date(1704353366000)/",69000,1400,3246100,224557000000,0,true,0
"VNM",143050,"/Date(1704353364000)/",69000,1000,3244700,224460000000,0,true,0
"VNM",143050,"/Date(1704353364000)/",69000,100,3243700,224391000000,0,true,0
"VNM",143050,"/Date(1704353364000)/",69000,2000,3243600,224384000000,0,true,0
"VNM",143044,"/Date(1704353358000)/",69000,5000,3241600,224246000000,0,true,0
"VNM",143038,"/Date(1704353351000)/",69000,11500,3236600,223901000000,0,true,0
"VNM",143038,"/Date(1704353351000)/",69000,100,3225100,223108000000,0,true,0
"VNM",143038,"/Date(1704353351000)/",69000,400,3225000,223101000000,0,true,0
"VNM",143034,"/Date(1704353349000)/",69000,600,3224600,223073000000,0,true,0
"VNM",143034,"/Date(1704353349000)/",69000,100,3224000,223032000000,0,true,0
"VNM",143034,"/Date(1704353349000)/",69000,100,3223900,223025000000,0,true,0
"VNM",143034,"/Date(1704353349000)/",69000,1000,3223800,223018000000,0,true,0
"VNM",143034,"/Date(1704353349000)/",69000,4200,3222800,222949000000,0,true,0
"VNM",143034,"/Date(1704353349000)/",69000,1000,3218600,222659000000,0,true,0
"VNM",143034,"/Date(1704353349000)/",69000,13000,3217600,222590000000,0,true,0
"VNM",143031,"/Date(1704353345000)/",69100,2800,3204600,221693000000,100,false,0.14
"VNM",143031,"/Date(1704353344000)/",69000,500,3201800,221500000000,0,true,0
"VNM",143031,"/Date(1704353344000)/",69000,3000,3201300,221465000000,0,true,0
"VNM",143031,"/Date(1704353344000)/",69000,200,3198300,221258000000,0,true,0
"VNM",143031,"/Date(1704353344000)/",69000,200,3198100,221245000000,0,true,0
"VNM",143031,"/Date(1704353344000)/",69000,100,3197900,221231000000,0,true,0
"VNM",143031,"/Date(1704353344000)/",69000,4200,3197800,221224000000,0,true,0
"VNM",143031,"/Date(1704353344000)/",69000,200,3193600,220934000000,0,true,0
"VNM",143031,"/Date(1704353344000)/",69000,100,3193400,220920000000,0,true,0
"VNM",143031,"/Date(1704353344000)/",69000,300,3193300,220913000000,0,true,0
"VNM",143031,"/Date(1704353344000)/",69000,100,3193000,220893000000,0,true,0
"VNM",143031,"/Date(1704353344000)/",69000,100,3192900,220886000000,0,true,0
"VNM",143031,"/Date(1704353344000)/",69000,500,3192800,220879000000,0,true,0
"VNM",143031,"/Date(1704353344000)/",69000,500,3192300,220844000000,0,true,0
"VNM",143031,"/Date(1704353344000)/",69000,2000,3191800,220810000000,0,true,0
"VNM",143031,"/Date(1704353344000)/",69000,400,3189800,220672000000,0,true,0
"VNM",143031,"/Date(1704353344000)/",69000,100,3189400,220644000000,0,true,0
"VNM",143031,"/Date(1704353344000)/",69000,1000,3189300,220637000000,0,true,0
"VNM",143031,"/Date(1704353344000)/",69000,100,3188300,220568000000,0,true,0
"VNM",143031,"/Date(1704353344000)/",69000,500,3188200,220561000000,0,true,0
"VNM",143031,"/Date(1704353344000)/",69000,100,3187700,220527000000,0,true,0
"VNM",143031,"/Date(1704353344000)/",69000,1000,3187600,220520000000,0,true,0
"VNM",143031,"/Date(1704353344000)/",69000,700,3186600,220451000000,0,true,0
"VNM",143031,"/Date(1704353344000)/",69000,100,3185900,220403000000,0,true,0
"VNM",143031,"/Date(1704353344000)/",69000,100,3185800,220396000000,0,true,0
"VNM",143031,"/Date(1704353344000)/",69000,1000,3185700,220389000000,0,true,0
"VNM",143031,"/Date(1704353344000)/",69000,1000,3184700,220320000000,0,true,0
"VNM",143031,"/Date(1704353344000)/",69000,100,3183700,220251000000,0,true,0
"VNM",143031,"/Date(1704353344000)/",69000,500,3183600,220244000000,0,true,0
"VNM",143031,"/Date(1704353344000)/",69000,1300,3183100,220210000000,0,true,0
"VNM",143028,"/Date(1704353341000)/",69100,3500,3181800,220120000000,100,false,0.14
"VNM",143018,"/Date(1704353333000)/",69000,1600,3178300,219878000000,0,true,0
"VNM",143015,"/Date(1704353331000)/",69000,200,3176700,219768000000,0,true,0
"VNM",143015,"/Date(1704353329000)/",69000,400,3176500,219754000000,0,true,0
"VNM",143015,"/Date(1704353329000)/",69000,700,3176100,219726000000,0,true,0
"VNM",143015,"/Date(1704353329000)/",69000,2300,3175400,219678000000,0,true,0
"VNM",143012,"/Date(1704353321000)/",69000,1000,3173100,219519000000,0,true,0
"VNM",142959,"/Date(1704353312000)/",69000,3700,3172100,219450000000,0,true,0
"VNM",142959,"/Date(1704353312000)/",69000,100,3168400,219195000000,0,true,0
"VNM",142959,"/Date(1704353312000)/",69000,200,3168300,219188000000,0,true,0
"VNM",142959,"/Date(1704353312000)/",69000,100,3168100,219174000000,0,true,0
"VNM",142959,"/Date(1704353312000)/",69000,1000,3168000,219167000000,0,true,0
"VNM",142959,"/Date(1704353312000)/",69000,200,3167000,219098000000,0,true,0
"VNM",142959,"/Date(1704353312000)/",69000,600,3166800,219084000000,0,true,0
"VNM",142959,"/Date(1704353312000)/",69000,1000,3166200,219043000000,0,true,0
"VNM",142959,"/Date(1704353312000)/",69000,500,3165200,218974000000,0,true,0
"VNM",142959,"/Date(1704353312000)/",69000,300,3164700,218940000000,0,true,0
"VNM",142959,"/Date(1704353312000)/",69000,500,3164400,218919000000,0,true,0
"VNM",142959,"/Date(1704353312000)/",69000,1000,3163900,218884000000,0,true,0
"VNM",142959,"/Date(1704353312000)/",69000,2000,3162900,218815000000,0,true,0
"VNM",142959,"/Date(1704353312000)/",69000,1000,3160900,218677000000,0,true,0
"VNM",142959,"/Date(1704353312000)/",69000,300,3159900,218608000000,0,true,0
"VNM",142959,"/Date(1704353312000)/",69000,100,3159600,218588000000,0,true,0
"VNM",142959,"/Date(1704353312000)/",69000,1000,3159500,218581000000,0,true,0
"VNM",142959,"/Date(1704353312000)/",69000,1000,3158500,218512000000,0,true,0
"VNM",142959,"/Date(1704353312000)/",69000,100,3157500,218443000000,0,true,0
"VNM",142959,"/Date(1704353312000)/",69000,1000,3157400,218436000000,0,true,0
"VNM",142959,"/Date(1704353312000)/",69000,400,3156400,218367000000,0,true,0
"VNM",142959,"/Date(1704353312000)/",69000,200,3156000,218339000000,0,true,0
"VNM",142959,"/Date(1704353312000)/",69000,100,3155800,218325000000,0,true,0
"VNM",142959,"/Date(1704353312000)/",69000,100,3155700,218319000000,0,true,0
"VNM",142959,"/Date(1704353312000)/",69000,100,3155600,218312000000,0,true,0
"VNM",142959,"/Date(1704353312000)/",69000,100,3155500,218305000000,0,true,0
"VNM",142959,"/Date(1704353312000)/",69000,1000,3155400,218298000000,0,true,0
"VNM",142959,"/Date(1704353312000)/",69000,100,3154400,218229000000,0,true,0
"VNM",142959,"/Date(1704353312000)/",69000,100,3154300,218222000000,0,true,0
"VNM",142959,"/Date(1704353312000)/",69000,500,3154200,218215000000,0,true,0
"VNM",142959,"/Date(1704353312000)/",69000,100,3153700,218181000000,0,true,0
"VNM",142959,"/Date(1704353312000)/",69000,300,3153600,218174000000,0,true,0
"VNM",142959,"/Date(1704353312000)/",69000,2000,3153300,218153000000,0,true,0
"VNM",142959,"/Date(1704353312000)/",69000,100,3151300,218015000000,0,true,0
"VNM",142959,"/Date(1704353312000)/",69000,2000,3151200,218008000000,0,true,0
"VNM",142959,"/Date(1704353312000)/",69000,100,3149200,217870000000,0,true,0
"VNM",142959,"/Date(1704353312000)/",69000,400,3149100,217863000000,0,true,0
"VNM",142959,"/Date(1704353312000)/",69000,200,3148700,217836000000,0,true,0
"VNM",142959,"/Date(1704353312000)/",69000,100,3148500,217822000000,0,true,0
"VNM",142959,"/Date(1704353312000)/",69000,1000,3148400,217815000000,0,true,0
"VNM",142959,"/Date(1704353312000)/",69000,4200,3147400,217746000000,0,true,0
"VNM",142959,"/Date(1704353312000)/",69000,1100,3143200,217456000000,0,true,0
"VNM",142956,"/Date(1704353311000)/",69000,500,3142100,217380000000,0,true,0
"VNM",142956,"/Date(1704353309000)/",69000,100,3141600,217346000000,0,true,0
"VNM",142956,"/Date(1704353309000)/",69000,500,3141500,217339000000,0,true,0
"VNM",142953,"/Date(1704353308000)/",69100,3800,3141000,217304000000,100,false,0.14
"VNM",142953,"/Date(1704353308000)/",69000,200,3137200,217042000000,0,true,0
"VNM",142953,"/Date(1704353306000)/",69000,100,3137000,217028000000,0,true,0
"VNM",142946,"/Date(1704353301000)/",69000,400,3136900,217021000000,0,true,0
"VNM",142943,"/Date(1704353298000)/",69100,400,3136500,216993000000,100,false,0.14
"VNM",142943,"/Date(1704353295000)/",69000,1300,3136100,216966000000,0,true,0
"VNM",142943,"/Date(1704353295000)/",69000,500,3134800,216876000000,0,true,0
"VNM",142943,"/Date(1704353295000)/",69000,500,3134300,216842000000,0,true,0
"VNM",142940,"/Date(1704353293000)/",69000,2000,3133800,216807000000,0,true,0
"VNM",142924,"/Date(1704353277000)/",69000,1000,3131800,216669000000,0,true,0
"VNM",142921,"/Date(1704353274000)/",69000,1000,3130800,216600000000,0,true,0
"VNM",142917,"/Date(1704353272000)/",69000,1200,3129800,216531000000,0,true,0
"VNM",142914,"/Date(1704353268000)/",69000,1000,3128600,216448000000,0,true,0
"VNM",142908,"/Date(1704353262000)/",69000,2000,3127600,216379000000,0,true,0
"VNM",142908,"/Date(1704353262000)/",69100,3700,3125600,216241000000,100,false,0.14
"VNM",142858,"/Date(1704353253000)/",69100,100,3121900,215986000000,100,false,0.14
"VNM",142852,"/Date(1704353245000)/",69000,400,3121800,215979000000,0,true,0
"VNM",142848,"/Date(1704353242000)/",69100,200,3121400,215951000000,100,false,0.14
"VNM",142845,"/Date(1704353240000)/",69000,1600,3121200,215937000000,0,true,0
"VNM",142839,"/Date(1704353233000)/",69000,1200,3119600,215827000000,0,true,0
"VNM",142836,"/Date(1704353229000)/",69100,400,3118400,215744000000,100,false,0.14
"VNM",142832,"/Date(1704353226000)/",69000,500,3118000,215716000000,0,true,0
"VNM",142829,"/Date(1704353224000)/",69100,200,3117500,215682000000,100,false,0.14
"VNM",142823,"/Date(1704353218000)/",69100,3000,3117300,215668000000,100,false,0.14
"VNM",142823,"/Date(1704353218000)/",69100,600,3114300,215461000000,100,false,0.14
"VNM",142823,"/Date(1704353218000)/",69100,200,3113700,215419000000,100,false,0.14
"VNM",142820,"/Date(1704353214000)/",69000,100,3113500,215406000000,0,true,0
"VNM",142816,"/Date(1704353211000)/",69000,2000,3113400,215399000000,0,true,0
"VNM",142813,"/Date(1704353209000)/",69000,500,3111400,215261000000,0,true,0
"VNM",142813,"/Date(1704353209000)/",69000,500,3110900,215226000000,0,true,0
"VNM",142813,"/Date(1704353209000)/",69000,100,3110400,215192000000,0,true,0
"VNM",142813,"/Date(1704353207000)/",69000,1000,3110300,215185000000,0,true,0
"VNM",142813,"/Date(1704353207000)/",69000,500,3109300,215116000000,0,true,0
"VNM",142813,"/Date(1704353206000)/",69100,100,3108800,215081000000,100,false,0.14
"VNM",142807,"/Date(1704353201000)/",69000,200,3108700,215074000000,0,true,0
"VNM",142807,"/Date(1704353201000)/",69000,100,3108500,215061000000,0,true,0
"VNM",142807,"/Date(1704353201000)/",69000,100,3108400,215054000000,0,true,0
"VNM",142807,"/Date(1704353201000)/",69000,800,3108300,215047000000,0,true,0
"VNM",142800,"/Date(1704353195000)/",69100,100,3107500,214992000000,100,false,0.14
"VNM",142800,"/Date(1704353195000)/",69100,1900,3107400,214985000000,100,false,0.14
"VNM",142751,"/Date(1704353185000)/",69000,100,3105500,214853000000,0,true,0
"VNM",142748,"/Date(1704353180000)/",69000,1100,3105400,214846000000,0,true,0
"VNM",142735,"/Date(1704353169000)/",69000,1200,3104300,214771000000,0,true,0
"VNM",142722,"/Date(1704353155000)/",69100,100,3103100,214688000000,100,true,0.14
"VNM",142722,"/Date(1704353154000)/",69100,200,3103000,214681000000,100,true,0.14
"VNM",142722,"/Date(1704353154000)/",69100,200,3102800,214667000000,100,true,0.14
"VNM",142722,"/Date(1704353154000)/",69100,500,3102600,214653000000,100,true,0.14
"VNM",142722,"/Date(1704353154000)/",69100,400,3102100,214619000000,100,true,0.14
"VNM",142722,"/Date(1704353154000)/",69100,100,3101700,214591000000,100,true,0.14
"VNM",142722,"/Date(1704353154000)/",69100,1400,3101600,214584000000,100,true,0.14
"VNM",142722,"/Date(1704353154000)/",69100,1400,3100200,214487000000,100,true,0.14
"VNM",142722,"/Date(1704353154000)/",69100,800,3098800,214391000000,100,true,0.14
"VNM",142719,"/Date(1704353151000)/",69100,600,3098000,214335000000,100,true,0.14
"VNM",142719,"/Date(1704353151000)/",69100,1400,3097400,214294000000,100,true,0.14
"VNM",142719,"/Date(1704353151000)/",69100,1400,3096000,214197000000,100,true,0.14
"VNM",142719,"/Date(1704353151000)/",69100,300,3094600,214100000000,100,true,0.14
"VNM",142719,"/Date(1704353151000)/",69100,10000,3094300,214080000000,100,true,0.14
"VNM",142719,"/Date(1704353151000)/",69100,1000,3084300,213389000000,100,true,0.14
"VNM",142719,"/Date(1704353151000)/",69100,500,3083300,213320000000,100,true,0.14
"VNM",142719,"/Date(1704353151000)/",69100,100,3082800,213285000000,100,true,0.14
"VNM",142719,"/Date(1704353151000)/",69100,1000,3082700,213278000000,100,true,0.14
"VNM",142719,"/Date(1704353151000)/",69100,3700,3081700,213209000000,100,true,0.14
"VNM",142716,"/Date(1704353150000)/",69100,1300,3078000,212953000000,100,true,0.14
"VNM",142716,"/Date(1704353150000)/",69100,1500,3076700,212863000000,100,true,0.14
"VNM",142716,"/Date(1704353150000)/",69100,2400,3075200,212760000000,100,true,0.14
"VNM",142716,"/Date(1704353148000)/",69100,600,3072800,212594000000,100,true,0.14
"VNM",142716,"/Date(1704353148000)/",69100,500,3072200,212553000000,100,true,0.14
"VNM",142716,"/Date(1704353148000)/",69100,900,3071700,212518000000,100,true,0.14
"VNM",142716,"/Date(1704353148000)/",69100,100,3070800,212456000000,100,true,0.14
"VNM",142716,"/Date(1704353148000)/",69100,200,3070700,212449000000,100,true,0.14
"VNM",142716,"/Date(1704353148000)/",69100,300,3070500,212435000000,100,true,0.14
"VNM",142712,"/Date(1704353147000)/",69100,1000,3070200,212414000000,100,true,0.14
"VNM",142712,"/Date(1704353146000)/",69100,200,3069200,212345000000,100,true,0.14
"VNM",142709,"/Date(1704353143000)/",69100,1000,3069000,212331000000,100,true,0.14
"VNM",142706,"/Date(1704353141000)/",69100,500,3068000,212262000000,100,true,0.14
"VNM",142706,"/Date(1704353141000)/",69100,500,3067500,212228000000,100,true,0.14
"VNM",142706,"/Date(1704353141000)/",69100,2000,3067000,212193000000,100,true,0.14
"VNM",142706,"/Date(1704353140000)/",69100,200,3065000,212055000000,100,true,0.14
"VNM",142706,"/Date(1704353140000)/",69100,100,3064800,212041000000,100,true,0.14
"VNM",142706,"/Date(1704353140000)/",69100,100,3064700,212034000000,100,true,0.14
"VNM",142706,"/Date(1704353140000)/",69100,300,3064600,212027000000,100,true,0.14
"VNM",142706,"/Date(1704353140000)/",69100,100,3064300,212007000000,100,true,0.14
"VNM",142706,"/Date(1704353140000)/",69100,500,3064200,212000000000,100,true,0.14
"VNM",142706,"/Date(1704353140000)/",69100,100,3063700,211965000000,100,true,0.14
"VNM",142706,"/Date(1704353140000)/",69100,300,3063600,211958000000,100,true,0.14
"VNM",142706,"/Date(1704353140000)/",69100,1300,3063300,211938000000,100,true,0.14
"VNM",142703,"/Date(1704353138000)/",69100,600,3062000,211848000000,100,true,0.14
"VNM",142703,"/Date(1704353138000)/",69100,300,3061400,211806000000,100,true,0.14
"VNM",142703,"/Date(1704353138000)/",69100,100,3061100,211786000000,100,true,0.14
"VNM",142703,"/Date(1704353138000)/",69100,84000,3061000,211779000000,100,true,0.14
"VNM",142703,"/Date(1704353136000)/",69100,1200,2977000,205974000000,100,true,0.14
"VNM",142700,"/Date(1704353133000)/",69200,700,2975800,205891000000,200,false,0.29
"VNM",142700,"/Date(1704353133000)/",69200,2900,2975100,205843000000,200,false,0.29
"VNM",142647,"/Date(1704353122000)/",69100,8000,2972200,205642000000,100,true,0.14
"VNM",142644,"/Date(1704353118000)/",69100,1100,2964200,205089000000,100,true,0.14
"VNM",142644,"/Date(1704353116000)/",69100,1400,2963100,205013000000,100,true,0.14
"VNM",142631,"/Date(1704353104000)/",69100,1100,2961700,204917000000,100,true,0.14
"VNM",142615,"/Date(1704353089000)/",69200,3600,2960600,204841000000,200,false,0.29
"VNM",142615,"/Date(1704353088000)/",69100,1100,2957000,204591000000,100,true,0.14
"VNM",142559,"/Date(1704353072000)/",69100,1100,2955900,204515000000,100,true,0.14
"VNM",142543,"/Date(1704353058000)/",69100,1100,2954800,204439000000,100,true,0.14
"VNM",142533,"/Date(1704353048000)/",69200,3400,2953700,204363000000,200,false,0.29
"VNM",142527,"/Date(1704353040000)/",69100,1000,2950300,204128000000,100,true,0.14
"VNM",142524,"/Date(1704353038000)/",69100,500,2949300,204059000000,100,true,0.14
"VNM",142514,"/Date(1704353028000)/",69200,100,2948800,204025000000,200,false,0.29
"VNM",142514,"/Date(1704353028000)/",69200,100,2948700,204018000000,200,false,0.29
"VNM",142514,"/Date(1704353028000)/",69200,800,2948600,204011000000,200,false,0.29
"VNM",142514,"/Date(1704353028000)/",69100,1100,2947800,203955000000,100,true,0.14
"VNM",142511,"/Date(1704353023000)/",69200,200,2946700,203879000000,200,false,0.29
"VNM",142452,"/Date(1704353007000)/",69100,1000,2946500,203865000000,100,true,0.14
"VNM",142452,"/Date(1704353006000)/",69300,3200,2945500,203796000000,300,false,0.43
"VNM",142452,"/Date(1704353006000)/",69200,100,2942300,203575000000,200,false,0.29
"VNM",142452,"/Date(1704353006000)/",69200,500,2942200,203568000000,200,false,0.29
"VNM",142445,"/Date(1704352998000)/",69100,1100,2941700,203533000000,100,true,0.14
"VNM",142439,"/Date(1704352994000)/",69300,18900,2940600,203457000000,300,false,0.43
"VNM",142439,"/Date(1704352994000)/",69200,100,2921700,202147000000,200,false,0.29
"VNM",142439,"/Date(1704352994000)/",69200,3000,2921600,202140000000,200,false,0.29
"VNM",142439,"/Date(1704352994000)/",69200,100,2918600,201933000000,200,false,0.29
"VNM",142439,"/Date(1704352994000)/",69200,7900,2918500,201926000000,200,false,0.29
"VNM",142420,"/Date(1704352974000)/",69100,900,2910600,201379000000,100,true,0.14
"VNM",142413,"/Date(1704352969000)/",69100,1400,2909700,201317000000,100,true,0.14
"VNM",142413,"/Date(1704352968000)/",69100,1100,2908300,201220000000,100,true,0.14
"VNM",142407,"/Date(1704352961000)/",69200,3500,2907200,201144000000,200,false,0.29
"VNM",142404,"/Date(1704352957000)/",69200,4200,2903700,200902000000,200,true,0.29
"VNM",142404,"/Date(1704352956000)/",69200,1400,2899500,200611000000,200,true,0.29
"VNM",142404,"/Date(1704352956000)/",69200,3000,2898100,200515000000,200,true,0.29
"VNM",142348,"/Date(1704352943000)/",69200,1000,2895100,200307000000,200,true,0.29
"VNM",142348,"/Date(1704352942000)/",69200,200,2894100,200238000000,200,true,0.29
"VNM",142348,"/Date(1704352942000)/",69200,700,2893900,200224000000,200,true,0.29
"VNM",142344,"/Date(1704352938000)/",69200,1100,2893200,200175000000,200,true,0.29
"VNM",142325,"/Date(1704352919000)/",69200,400,2892100,200099000000,200,true,0.29
"VNM",142325,"/Date(1704352919000)/",69300,3900,2891700,200072000000,300,false,0.43
"VNM",142315,"/Date(1704352910000)/",69200,900,2887800,199801000000,200,true,0.29
"VNM",142312,"/Date(1704352908000)/",69200,1100,2886900,199739000000,200,true,0.29
"VNM",142244,"/Date(1704352877000)/",69100,1100,2885800,199663000000,100,true,0.14
"VNM",142244,"/Date(1704352877000)/",69100,900,2884700,199587000000,100,true,0.14
"VNM",142240,"/Date(1704352874000)/",69300,3500,2883800,199525000000,300,false,0.43
"VNM",142234,"/Date(1704352869000)/",69300,4000,2880300,199282000000,300,false,0.43
"VNM",142234,"/Date(1704352869000)/",69200,200,2876300,199005000000,200,false,0.29
"VNM",142234,"/Date(1704352868000)/",69200,200,2876100,198991000000,200,false,0.29
"VNM",142228,"/Date(1704352863000)/",69200,100,2875900,198977000000,200,true,0.29
"VNM",142228,"/Date(1704352863000)/",69200,500,2875800,198970000000,200,true,0.29
"VNM",142228,"/Date(1704352862000)/",69300,1400,2875300,198936000000,300,false,0.43
"VNM",142218,"/Date(1704352853000)/",69200,500,2873900,198839000000,200,true,0.29
"VNM",142218,"/Date(1704352851000)/",69300,1400,2873400,198804000000,300,false,0.43
"VNM",142215,"/Date(1704352847000)/",69200,1100,2872000,198707000000,200,true,0.29
"VNM",142211,"/Date(1704352845000)/",69200,900,2870900,198631000000,200,true,0.29
"VNM",142211,"/Date(1704352845000)/",69300,1400,2870000,198569000000,300,false,0.43
"VNM",142211,"/Date(1704352844000)/",69200,500,2868600,198472000000,200,true,0.29
"VNM",142211,"/Date(1704352844000)/",69200,300,2868100,198437000000,200,true,0.29
"VNM",142205,"/Date(1704352840000)/",69200,1100,2867800,198416000000,200,true,0.29
"VNM",142205,"/Date(1704352838000)/",69200,400,2866700,198340000000,200,true,0.29
"VNM",142205,"/Date(1704352838000)/",69200,3800,2866300,198313000000,200,true,0.29
"VNM",142202,"/Date(1704352835000)/",69200,1400,2862500,198050000000,200,false,0.29
"VNM",142155,"/Date(1704352831000)/",69200,100,2861100,197953000000,200,false,0.29
"VNM",142152,"/Date(1704352827000)/",69200,100,2861000,197946000000,200,false,0.29
"VNM",142152,"/Date(1704352827000)/",69200,300,2860900,197939000000,200,false,0.29
"VNM",142152,"/Date(1704352827000)/",69200,200,2860600,197918000000,200,false,0.29
"VNM",142152,"/Date(1704352827000)/",69200,7100,2860400,197904000000,200,false,0.29
"VNM",142152,"/Date(1704352826000)/",69200,1000,2853300,197413000000,200,false,0.29
"VNM",142143,"/Date(1704352817000)/",69200,1100,2852300,197344000000,200,true,0.29
"VNM",142143,"/Date(1704352816000)/",69200,800,2851200,197268000000,200,true,0.29
"VNM",142143,"/Date(1704352816000)/",69200,100,2850400,197212000000,200,true,0.29
"VNM",142136,"/Date(1704352809000)/",69200,900,2850300,197205000000,200,true,0.29
"VNM",142136,"/Date(1704352809000)/",69200,100,2849400,197143000000,200,true,0.29
"VNM",142127,"/Date(1704352800000)/",69200,500,2849300,197136000000,200,true,0.29
"VNM",142114,"/Date(1704352788000)/",69200,500,2848800,197102000000,200,true,0.29
"VNM",142114,"/Date(1704352788000)/",69300,1400,2848300,197067000000,300,false,0.43
"VNM",142114,"/Date(1704352787000)/",69200,1100,2846900,196970000000,200,true,0.29
"VNM",142114,"/Date(1704352787000)/",69300,3600,2845800,196894000000,300,false,0.43
"VNM",142104,"/Date(1704352779000)/",69200,900,2842200,196644000000,200,true,0.29
"VNM",142104,"/Date(1704352778000)/",69200,300,2841300,196582000000,200,true,0.29
"VNM",142104,"/Date(1704352778000)/",69200,500,2841000,196561000000,200,true,0.29
"VNM",142042,"/Date(1704352757000)/",69100,100,2840500,196527000000,100,true,0.14
"VNM",142042,"/Date(1704352757000)/",69200,1000,2840400,196520000000,200,true,0.29
"VNM",142039,"/Date(1704352752000)/",69200,200,2839400,196451000000,200,false,0.29
"VNM",142039,"/Date(1704352752000)/",69200,100,2839200,196437000000,200,false,0.29
"VNM",142039,"/Date(1704352752000)/",69200,500,2839100,196430000000,200,false,0.29
"VNM",142039,"/Date(1704352752000)/",69200,700,2838600,196395000000,200,false,0.29
"VNM",142039,"/Date(1704352752000)/",69200,1500,2837900,196347000000,200,false,0.29
"VNM",142039,"/Date(1704352752000)/",69200,200,2836400,196243000000,200,false,0.29
"VNM",142032,"/Date(1704352747000)/",69100,900,2836200,196229000000,100,true,0.14
"VNM",142029,"/Date(1704352744000)/",69200,300,2835300,196167000000,200,false,0.29
"VNM",142029,"/Date(1704352744000)/",69200,3400,2835000,196146000000,200,false,0.29
"VNM",142029,"/Date(1704352742000)/",69100,400,2831600,195911000000,100,true,0.14
"VNM",142013,"/Date(1704352727000)/",69100,1100,2831200,195883000000,100,true,0.14
"VNM",142007,"/Date(1704352720000)/",69200,3600,2830100,195807000000,200,false,0.29
"VNM",142007,"/Date(1704352720000)/",69200,100,2826500,195558000000,200,false,0.29
"VNM",142007,"/Date(1704352720000)/",69200,300,2826400,195551000000,200,false,0.29
"VNM",142007,"/Date(1704352720000)/",69200,200,2826100,195531000000,200,false,0.29
"VNM",142000,"/Date(1704352714000)/",69100,900,2825900,195517000000,100,true,0.14
"VNM",141957,"/Date(1704352712000)/",69100,1000,2825000,195455000000,100,true,0.14
"VNM",141947,"/Date(1704352702000)/",69200,3600,2824000,195385000000,200,false,0.29
"VNM",141947,"/Date(1704352701000)/",69200,4200,2820400,195136000000,200,false,0.29
"VNM",141944,"/Date(1704352697000)/",69100,1100,2816200,194846000000,100,true,0.14
"VNM",141931,"/Date(1704352685000)/",69100,500,2815100,194770000000,100,true,0.14
"VNM",141931,"/Date(1704352685000)/",69100,400,2814600,194735000000,100,true,0.14
"VNM",141928,"/Date(1704352683000)/",69100,900,2814200,194707000000,100,true,0.14
"VNM",141912,"/Date(1704352666000)/",69100,1000,2813300,194645000000,100,true,0.14
"VNM",141903,"/Date(1704352658000)/",69200,3700,2812300,194576000000,200,false,0.29
"VNM",141859,"/Date(1704352652000)/",69100,2000,2808600,194320000000,100,true,0.14
"VNM",141856,"/Date(1704352651000)/",69100,900,2806600,194182000000,100,true,0.14
"VNM",141856,"/Date(1704352649000)/",69100,5000,2805700,194120000000,100,true,0.14
"VNM",141843,"/Date(1704352637000)/",69100,1000,2800700,193774000000,100,true,0.14
"VNM",141840,"/Date(1704352633000)/",69100,100,2799700,193705000000,100,true,0.14
"VNM",141834,"/Date(1704352626000)/",69100,400,2799600,193698000000,100,true,0.14
"VNM",141831,"/Date(1704352626000)/",69100,500,2799200,193671000000,100,true,0.14
"VNM",141824,"/Date(1704352618000)/",69100,900,2798700,193636000000,100,true,0.14
"VNM",141811,"/Date(1704352606000)/",69100,1000,2797800,193574000000,100,true,0.14
"VNM",141802,"/Date(1704352597000)/",69200,100,2796800,193505000000,200,true,0.29
"VNM",141802,"/Date(1704352596000)/",69200,1000,2796700,193498000000,200,true,0.29
"VNM",141802,"/Date(1704352596000)/",69200,1400,2795700,193429000000,200,true,0.29
"VNM",141802,"/Date(1704352596000)/",69200,500,2794300,193332000000,200,true,0.29
"VNM",141802,"/Date(1704352596000)/",69200,300,2793800,193297000000,200,true,0.29
"VNM",141759,"/Date(1704352592000)/",69200,2000,2793500,193276000000,200,true,0.29
"VNM",141752,"/Date(1704352585000)/",69200,900,2791500,193138000000,200,true,0.29
"VNM",141749,"/Date(1704352584000)/",69200,100,2790600,193076000000,200,true,0.29
"VNM",141749,"/Date(1704352584000)/",69200,300,2790500,193069000000,200,true,0.29
"VNM",141749,"/Date(1704352584000)/",69200,200,2790200,193048000000,200,true,0.29
"VNM",141746,"/Date(1704352580000)/",69200,100,2790000,193034000000,200,true,0.29
"VNM",141743,"/Date(1704352576000)/",69200,600,2789900,193027000000,200,true,0.29
"VNM",141743,"/Date(1704352576000)/",69200,400,2789300,192986000000,200,true,0.29
"VNM",141736,"/Date(1704352572000)/",69200,500,2788900,192958000000,200,true,0.29
"VNM",141736,"/Date(1704352569000)/",69200,9100,2788400,192923000000,200,true,0.29
"VNM",141736,"/Date(1704352569000)/",69200,900,2779300,192294000000,200,true,0.29
"VNM",141733,"/Date(1704352568000)/",69200,500,2778400,192231000000,200,true,0.29
"VNM",141733,"/Date(1704352568000)/",69200,400,2777900,192197000000,200,true,0.29
"VNM",141730,"/Date(1704352564000)/",69200,100,2777500,192169000000,200,true,0.29
"VNM",141720,"/Date(1704352553000)/",69200,900,2777400,192162000000,200,true,0.29
"VNM",141717,"/Date(1704352551000)/",69200,300,2776500,192100000000,200,true,0.29
"VNM",141714,"/Date(1704352547000)/",69200,1100,2776200,192079000000,200,true,0.29
"VNM",141714,"/Date(1704352547000)/",69200,100,2775100,192003000000,200,true,0.29
"VNM",141714,"/Date(1704352547000)/",69200,1000,2775000,191996000000,200,true,0.29
"VNM",141714,"/Date(1704352547000)/",69200,800,2774000,191927000000,200,true,0.29
"VNM",141714,"/Date(1704352546000)/",69200,1000,2773200,191872000000,200,true,0.29
"VNM",141711,"/Date(1704352543000)/",69200,2400,2772200,191802000000,200,true,0.29
"VNM",141711,"/Date(1704352543000)/",69200,100,2769800,191636000000,200,true,0.29
"VNM",141711,"/Date(1704352543000)/",69200,2500,2769700,191629000000,200,true,0.29
"VNM",141704,"/Date(1704352537000)/",69200,500,2767200,191456000000,200,true,0.29
"VNM",141651,"/Date(1704352525000)/",69200,100,2766700,191422000000,200,true,0.29
"VNM",141651,"/Date(1704352524000)/",69200,100,2766600,191415000000,200,true,0.29
"VNM",141648,"/Date(1704352523000)/",69300,3600,2766500,191408000000,300,false,0.43
"VNM",141645,"/Date(1704352520000)/",69200,900,2762900,191158000000,200,true,0.29
"VNM",141645,"/Date(1704352518000)/",69200,100,2762000,191096000000,200,true,0.29
"VNM",141642,"/Date(1704352516000)/",69200,1000,2761900,191089000000,200,true,0.29
"VNM",141632,"/Date(1704352506000)/",69300,100,2760900,191020000000,300,false,0.43
"VNM",141616,"/Date(1704352489000)/",69100,900,2760800,191013000000,100,true,0.14
"VNM",141613,"/Date(1704352486000)/",69100,500,2759900,190951000000,100,true,0.14
"VNM",141613,"/Date(1704352486000)/",69200,500,2759400,190916000000,200,true,0.29
"VNM",141610,"/Date(1704352484000)/",69300,4200,2758900,190882000000,300,false,0.43
"VNM",141610,"/Date(1704352483000)/",69300,3600,2754700,190591000000,300,false,0.43
"VNM",141606,"/Date(1704352481000)/",69200,1000,2751100,190341000000,200,true,0.29
"VNM",141600,"/Date(1704352474000)/",69300,800,2750100,190272000000,300,false,0.43
"VNM",141600,"/Date(1704352474000)/",69300,200,2749300,190217000000,300,false,0.43
"VNM",141600,"/Date(1704352474000)/",69300,100,2749100,190203000000,300,false,0.43
"VNM",141600,"/Date(1704352474000)/",69300,1000,2749000,190196000000,300,false,0.43
"VNM",141600,"/Date(1704352474000)/",69300,100,2748000,190127000000,300,false,0.43
"VNM",141600,"/Date(1704352474000)/",69300,2000,2747900,190120000000,300,false,0.43
"VNM",141554,"/Date(1704352467000)/",69200,300,2745900,189981000000,200,true,0.29
"VNM",141554,"/Date(1704352466000)/",69300,400,2745600,189960000000,300,false,0.43
"VNM",141550,"/Date(1704352463000)/",69300,700,2745200,189933000000,300,false,0.43
"VNM",141547,"/Date(1704352461000)/",69300,900,2744500,189884000000,300,false,0.43
"VNM",141547,"/Date(1704352461000)/",69300,500,2743600,189822000000,300,false,0.43
"VNM",141547,"/Date(1704352461000)/",69300,2000,2743100,189787000000,300,false,0.43
"VNM",141547,"/Date(1704352461000)/",69300,500,2741100,189648000000,300,false,0.43
"VNM",141547,"/Date(1704352461000)/",69300,300,2740600,189614000000,300,false,0.43
"VNM",141541,"/Date(1704352456000)/",69200,1000,2740300,189593000000,200,false,0.29
"VNM",141541,"/Date(1704352456000)/",69300,700,2739300,189524000000,300,false,0.43
"VNM",141541,"/Date(1704352455000)/",69100,900,2738600,189475000000,100,true,0.14
"VNM",141538,"/Date(1704352450000)/",69300,600,2737700,189413000000,300,false,0.43
"VNM",141538,"/Date(1704352450000)/",69200,100,2737100,189371000000,200,false,0.29
"VNM",141528,"/Date(1704352443000)/",69300,4200,2737000,189365000000,300,false,0.43
"VNM",141528,"/Date(1704352443000)/",69300,500,2732800,189074000000,300,false,0.43
"VNM",141528,"/Date(1704352443000)/",69200,200,2732300,189039000000,200,true,0.29
"VNM",141528,"/Date(1704352442000)/",69200,100,2732100,189025000000,200,true,0.29
"VNM",141522,"/Date(1704352437000)/",69200,100,2732000,189018000000,200,true,0.29
"VNM",141522,"/Date(1704352436000)/",69300,3700,2731900,189011000000,300,false,0.43
"VNM",141512,"/Date(1704352426000)/",69200,1000,2728200,188755000000,200,true,0.29
"VNM",141509,"/Date(1704352422000)/",69200,200,2727200,188686000000,200,true,0.29
"VNM",141509,"/Date(1704352422000)/",69200,600,2727000,188672000000,200,true,0.29
"VNM",141509,"/Date(1704352422000)/",69200,100,2726400,188630000000,200,true,0.29
"VNM",141443,"/Date(1704352396000)/",69100,1000,2726300,188623000000,100,true,0.14
"VNM",141437,"/Date(1704352392000)/",69300,1000,2725300,188554000000,300,false,0.43
"VNM",141437,"/Date(1704352392000)/",69300,600,2724300,188485000000,300,false,0.43
"VNM",141437,"/Date(1704352392000)/",69200,500,2723700,188443000000,200,false,0.29
"VNM",141437,"/Date(1704352392000)/",69200,400,2723200,188409000000,200,false,0.29
"VNM",141437,"/Date(1704352392000)/",69200,100,2722800,188381000000,200,false,0.29
"VNM",141437,"/Date(1704352392000)/",69200,300,2722700,188374000000,200,false,0.29
"VNM",141437,"/Date(1704352392000)/",69200,700,2722400,188353000000,200,false,0.29
"VNM",141437,"/Date(1704352391000)/",69200,200,2721700,188305000000,200,false,0.29
"VNM",141437,"/Date(1704352389000)/",69100,900,2721500,188291000000,100,true,0.14
"VNM",141434,"/Date(1704352387000)/",69200,1000,2720600,188229000000,200,false,0.29
"VNM",141424,"/Date(1704352378000)/",69200,700,2719600,188160000000,200,false,0.29
"VNM",141411,"/Date(1704352366000)/",69100,1200,2718900,188111000000,100,true,0.14
"VNM",141405,"/Date(1704352360000)/",69200,100,2717700,188028000000,200,false,0.29
"VNM",141405,"/Date(1704352357000)/",69100,900,2717600,188021000000,100,true,0.14
"VNM",141355,"/Date(1704352350000)/",69200,3500,2716700,187959000000,200,false,0.29
"VNM",141342,"/Date(1704352335000)/",69100,1300,2713200,187717000000,100,true,0.14
"VNM",141329,"/Date(1704352325000)/",69200,100,2711900,187627000000,200,false,0.29
"VNM",141329,"/Date(1704352325000)/",69100,900,2711800,187620000000,100,true,0.14
"VNM",141313,"/Date(1704352308000)/",69200,700,2710900,187558000000,200,false,0.29
"VNM",141313,"/Date(1704352308000)/",69200,500,2710200,187510000000,200,false,0.29
"VNM",141313,"/Date(1704352308000)/",69200,800,2709700,187475000000,200,false,0.29
"VNM",141313,"/Date(1704352308000)/",69200,400,2708900,187420000000,200,false,0.29
"VNM",141313,"/Date(1704352308000)/",69200,1300,2708500,187392000000,200,false,0.29
"VNM",141310,"/Date(1704352305000)/",69100,1500,2707200,187302000000,100,true,0.14
"VNM",141258,"/Date(1704352292000)/",69100,900,2705700,187198000000,100,true,0.14
"VNM",141258,"/Date(1704352292000)/",69200,2000,2704800,187136000000,200,false,0.29
"VNM",141254,"/Date(1704352287000)/",69200,600,2702800,186998000000,200,false,0.29
"VNM",141245,"/Date(1704352277000)/",69200,500,2702200,186956000000,200,false,0.29
"VNM",141241,"/Date(1704352275000)/",69100,1600,2701700,186922000000,100,true,0.14
"VNM",141238,"/Date(1704352274000)/",69200,100,2700100,186811000000,200,false,0.29
"VNM",141238,"/Date(1704352273000)/",69100,100,2700000,186804000000,100,true,0.14
"VNM",141235,"/Date(1704352270000)/",69200,500,2699900,186797000000,200,true,0.29
"VNM",141229,"/Date(1704352262000)/",69300,1300,2699400,186763000000,300,false,0.43
"VNM",141229,"/Date(1704352262000)/",69200,2000,2698100,186673000000,200,false,0.29
"VNM",141229,"/Date(1704352262000)/",69200,300,2696100,186534000000,200,false,0.29
"VNM",141225,"/Date(1704352259000)/",69100,800,2695800,186513000000,100,true,0.14
"VNM",141209,"/Date(1704352244000)/",69100,1100,2695000,186458000000,100,true,0.14
"VNM",141209,"/Date(1704352244000)/",69200,500,2693900,186382000000,200,true,0.29
"VNM",141206,"/Date(1704352240000)/",69200,500,2693400,186348000000,200,false,0.29
"VNM",141153,"/Date(1704352227000)/",69100,800,2692900,186313000000,100,true,0.14
"VNM",141144,"/Date(1704352219000)/",69300,1500,2692100,186258000000,300,false,0.43
"VNM",141144,"/Date(1704352219000)/",69200,2000,2690600,186154000000,200,false,0.29
"VNM",141141,"/Date(1704352214000)/",69100,1600,2688600,186015000000,100,true,0.14
"VNM",141121,"/Date(1704352194000)/",69100,800,2687000,185905000000,100,true,0.14
"VNM",141115,"/Date(1704352188000)/",69300,2000,2686200,185849000000,300,false,0.43
"VNM",141109,"/Date(1704352184000)/",69100,1500,2684200,185711000000,100,true,0.14
"VNM",141105,"/Date(1704352178000)/",69300,3500,2682700,185607000000,300,false,0.43
"VNM",141053,"/Date(1704352166000)/",69300,600,2679200,185365000000,300,false,0.43
"VNM",141049,"/Date(1704352163000)/",69100,400,2678600,185323000000,100,true,0.14
"VNM",141049,"/Date(1704352162000)/",69100,800,2678200,185295000000,100,true,0.14
"VNM",141040,"/Date(1704352154000)/",69100,200,2677400,185240000000,100,true,0.14
"VNM",141040,"/Date(1704352154000)/",69100,300,2677200,185226000000,100,true,0.14
"VNM",141040,"/Date(1704352154000)/",69200,1000,2676900,185206000000,200,false,0.29
"VNM",141021,"/Date(1704352136000)/",69300,500,2675900,185136000000,300,false,0.43
"VNM",141021,"/Date(1704352136000)/",69300,2800,2675400,185102000000,300,false,0.43
"VNM",141021,"/Date(1704352136000)/",69200,100,2672600,184908000000,200,false,0.29
"VNM",141021,"/Date(1704352136000)/",69200,100,2672500,184901000000,200,false,0.29
"VNM",141021,"/Date(1704352134000)/",69200,100,2672400,184894000000,200,false,0.29
"VNM",141014,"/Date(1704352130000)/",69100,200,2672300,184887000000,100,true,0.14
"VNM",141014,"/Date(1704352130000)/",69100,500,2672100,184873000000,100,true,0.14
"VNM",141014,"/Date(1704352130000)/",69100,100,2671600,184839000000,100,true,0.14
"VNM",141008,"/Date(1704352123000)/",69200,100,2671500,184832000000,200,true,0.29
"VNM",141008,"/Date(1704352123000)/",69200,700,2671400,184825000000,200,true,0.29
"VNM",141008,"/Date(1704352123000)/",69200,1500,2670700,184776000000,200,true,0.29
"VNM",140952,"/Date(1704352105000)/",69200,200,2669200,184673000000,200,true,0.29
"VNM",140952,"/Date(1704352105000)/",69200,300,2669000,184659000000,200,true,0.29
"VNM",140942,"/Date(1704352097000)/",69100,800,2668700,184638000000,100,true,0.14
"VNM",140939,"/Date(1704352095000)/",69300,200,2667900,184583000000,300,false,0.43
"VNM",140939,"/Date(1704352095000)/",69300,400,2667700,184569000000,300,false,0.43
"VNM",140939,"/Date(1704352095000)/",69300,300,2667300,184541000000,300,false,0.43
"VNM",140939,"/Date(1704352095000)/",69300,2500,2667000,184520000000,300,false,0.43
"VNM",140939,"/Date(1704352093000)/",69100,900,2664500,184347000000,100,true,0.14
"VNM",140939,"/Date(1704352093000)/",69200,500,2663600,184285000000,200,true,0.29
"VNM",140939,"/Date(1704352093000)/",69200,100,2663100,184250000000,200,true,0.29
"VNM",140933,"/Date(1704352088000)/",69200,400,2663000,184243000000,200,false,0.29
"VNM",140929,"/Date(1704352084000)/",69200,100,2662600,184216000000,200,false,0.29
"VNM",140926,"/Date(1704352080000)/",69100,300,2662500,184209000000,100,true,0.14
"VNM",140910,"/Date(1704352065000)/",69100,500,2662200,184188000000,100,true,0.14
"VNM",140910,"/Date(1704352065000)/",69200,100,2661700,184153000000,200,false,0.29
"VNM",140910,"/Date(1704352065000)/",69200,100,2661600,184147000000,200,false,0.29
"VNM",140910,"/Date(1704352065000)/",69200,100,2661500,184140000000,200,false,0.29
"VNM",140907,"/Date(1704352063000)/",69200,400,2661400,184133000000,200,true,0.29
"VNM",140907,"/Date(1704352063000)/",69200,1000,2661000,184105000000,200,true,0.29
"VNM",140907,"/Date(1704352061000)/",69200,1000,2660000,184036000000,200,true,0.29
"VNM",140907,"/Date(1704352061000)/",69200,200,2659000,183967000000,200,true,0.29
"VNM",140857,"/Date(1704352053000)/",69300,500,2658800,183953000000,300,false,0.43
"VNM",140857,"/Date(1704352053000)/",69300,200,2658300,183918000000,300,false,0.43
"VNM",140857,"/Date(1704352053000)/",69300,100,2658100,183904000000,300,false,0.43
"VNM",140857,"/Date(1704352053000)/",69300,2700,2658000,183897000000,300,false,0.43
"VNM",140857,"/Date(1704352050000)/",69200,100,2655300,183710000000,200,true,0.29
"VNM",140854,"/Date(1704352047000)/",69200,400,2655200,183703000000,200,true,0.29
"VNM",140838,"/Date(1704352032000)/",69200,1400,2654800,183676000000,200,true,0.29
"VNM",140838,"/Date(1704352032000)/",69200,800,2653400,183579000000,200,true,0.29
"VNM",140838,"/Date(1704352031000)/",69200,100,2652600,183523000000,200,true,0.29
"VNM",140829,"/Date(1704352023000)/",69200,600,2652500,183516000000,200,true,0.29
"VNM",140829,"/Date(1704352023000)/",69200,100,2651900,183475000000,200,true,0.29
"VNM",140829,"/Date(1704352022000)/",69200,100,2651800,183468000000,200,true,0.29
"VNM",140809,"/Date(1704352002000)/",69100,1400,2651700,183461000000,100,true,0.14
"VNM",140806,"/Date(1704352000000)/",69100,200,2650300,183364000000,100,true,0.14
"VNM",140806,"/Date(1704352000000)/",69100,600,2650100,183351000000,100,true,0.14
"VNM",140757,"/Date(1704351989000)/",69100,500,2649500,183309000000,100,true,0.14
"VNM",140753,"/Date(1704351987000)/",69100,1700,2649000,183275000000,100,true,0.14
"VNM",140753,"/Date(1704351987000)/",69200,500,2647300,183157000000,200,true,0.29
"VNM",140753,"/Date(1704351987000)/",69200,100,2646800,183122000000,200,true,0.29
"VNM",140753,"/Date(1704351987000)/",69200,1000,2646700,183116000000,200,true,0.29
"VNM",140753,"/Date(1704351987000)/",69200,200,2645700,183046000000,200,true,0.29
"VNM",140753,"/Date(1704351987000)/",69200,100,2645500,183032000000,200,true,0.29
"VNM",140753,"/Date(1704351987000)/",69200,500,2645400,183026000000,200,true,0.29
"VNM",140753,"/Date(1704351987000)/",69200,100,2644900,182991000000,200,true,0.29
"VNM",140744,"/Date(1704351977000)/",69200,500,2644800,182984000000,200,true,0.29
"VNM",140744,"/Date(1704351977000)/",69200,500,2644300,182949000000,200,true,0.29
"VNM",140744,"/Date(1704351977000)/",69200,100,2643800,182915000000,200,true,0.29
"VNM",140744,"/Date(1704351977000)/",69200,100,2643700,182908000000,200,true,0.29
"VNM",140741,"/Date(1704351975000)/",69200,100,2643600,182901000000,200,true,0.29
"VNM",140741,"/Date(1704351975000)/",69200,600,2643500,182894000000,200,true,0.29
"VNM",140737,"/Date(1704351972000)/",69200,400,2642900,182853000000,200,true,0.29
"VNM",140737,"/Date(1704351972000)/",69200,100,2642500,182825000000,200,true,0.29
"VNM",140737,"/Date(1704351972000)/",69200,900,2642400,182818000000,200,true,0.29
"VNM",140734,"/Date(1704351968000)/",69300,3500,2641500,182756000000,300,false,0.43
"VNM",140734,"/Date(1704351968000)/",69200,800,2638000,182513000000,200,true,0.29
"VNM",140728,"/Date(1704351961000)/",69200,100,2637200,182458000000,200,true,0.29
"VNM",140715,"/Date(1704351950000)/",69200,2400,2637100,182451000000,200,true,0.29
"VNM",140715,"/Date(1704351950000)/",69200,400,2634700,182285000000,200,true,0.29
"VNM",140715,"/Date(1704351950000)/",69200,200,2634300,182257000000,200,true,0.29
"VNM",140715,"/Date(1704351950000)/",69200,2000,2634100,182243000000,200,true,0.29
"VNM",140715,"/Date(1704351950000)/",69200,200,2632100,182105000000,200,true,0.29
"VNM",140715,"/Date(1704351950000)/",69200,4000,2631900,182091000000,200,true,0.29
"VNM",140715,"/Date(1704351950000)/",69200,200,2627900,181814000000,200,true,0.29
"VNM",140715,"/Date(1704351950000)/",69200,200,2627700,181800000000,200,true,0.29
"VNM",140715,"/Date(1704351950000)/",69200,300,2627500,181787000000,200,true,0.29
"VNM",140715,"/Date(1704351950000)/",69200,100,2627200,181766000000,200,true,0.29
"VNM",140712,"/Date(1704351947000)/",69300,1000,2627100,181759000000,300,false,0.43
"VNM",140709,"/Date(1704351942000)/",69200,700,2626100,181690000000,200,true,0.29
"VNM",140709,"/Date(1704351942000)/",69200,600,2625400,181641000000,200,true,0.29
"VNM",140702,"/Date(1704351936000)/",69200,400,2624800,181600000000,200,true,0.29
"VNM",140702,"/Date(1704351936000)/",69200,400,2624400,181572000000,200,true,0.29
"VNM",140659,"/Date(1704351932000)/",69200,500,2624000,181544000000,200,true,0.29
"VNM",140653,"/Date(1704351927000)/",69300,3400,2623500,181510000000,300,false,0.43
"VNM",140636,"/Date(1704351912000)/",69200,1300,2620100,181274000000,200,true,0.29
"VNM",140630,"/Date(1704351904000)/",69200,800,2618800,181184000000,200,true,0.29
"VNM",140611,"/Date(1704351886000)/",69300,3500,2618000,181129000000,300,false,0.43
"VNM",140608,"/Date(1704351881000)/",69200,1300,2614500,180886000000,200,true,0.29
"VNM",140558,"/Date(1704351873000)/",69200,500,2613200,180796000000,200,true,0.29
"VNM",140558,"/Date(1704351871000)/",69200,800,2612700,180762000000,200,true,0.29
"VNM",140552,"/Date(1704351865000)/",69300,300,2611900,180706000000,300,false,0.43
"VNM",140539,"/Date(1704351854000)/",69300,400,2611600,180685000000,300,false,0.43
"VNM",140536,"/Date(1704351851000)/",69200,1300,2611200,180658000000,200,true,0.29
"VNM",140529,"/Date(1704351844000)/",69300,3700,2609900,180568000000,300,false,0.43
"VNM",140523,"/Date(1704351838000)/",69200,800,2606200,180311000000,200,true,0.29
"VNM",140520,"/Date(1704351832000)/",69200,1200,2605400,180256000000,200,true,0.29
"VNM",140507,"/Date(1704351821000)/",69200,1100,2604200,180173000000,200,true,0.29
"VNM",140507,"/Date(1704351821000)/",69200,100,2603100,180097000000,200,true,0.29
"VNM",140500,"/Date(1704351816000)/",69200,200,2603000,180090000000,200,true,0.29
"VNM",140500,"/Date(1704351816000)/",69200,200,2602800,180076000000,200,true,0.29
"VNM",140454,"/Date(1704351808000)/",69200,200,2602600,180062000000,200,true,0.29
"VNM",140451,"/Date(1704351805000)/",69200,800,2602400,180048000000,200,true,0.29
"VNM",140444,"/Date(1704351799000)/",69300,3500,2601600,179993000000,300,false,0.43
"VNM",140444,"/Date(1704351799000)/",69300,200,2598100,179750000000,300,false,0.43
"VNM",140438,"/Date(1704351791000)/",69200,1200,2597900,179737000000,200,true,0.29
"VNM",140435,"/Date(1704351789000)/",69300,300,2596700,179654000000,300,false,0.43
"VNM",140419,"/Date(1704351773000)/",69200,800,2596400,179633000000,200,true,0.29
"VNM",140406,"/Date(1704351760000)/",69200,1200,2595600,179577000000,200,true,0.29
"VNM",140400,"/Date(1704351755000)/",69400,800,2594400,179494000000,400,false,0.58
"VNM",140400,"/Date(1704351755000)/",69400,100,2593600,179439000000,400,false,0.58
"VNM",140400,"/Date(1704351755000)/",69400,100,2593500,179432000000,400,false,0.58
"VNM",140400,"/Date(1704351755000)/",69400,3200,2593400,179425000000,400,false,0.58
"VNM",140400,"/Date(1704351755000)/",69400,100,2590200,179203000000,400,false,0.58
"VNM",140400,"/Date(1704351755000)/",69400,1200,2590100,179196000000,400,false,0.58
"VNM",140400,"/Date(1704351755000)/",69400,200,2588900,179113000000,400,false,0.58
"VNM",140400,"/Date(1704351755000)/",69400,500,2588700,179099000000,400,false,0.58
"VNM",140400,"/Date(1704351755000)/",69400,1700,2588200,179064000000,400,false,0.58
"VNM",140350,"/Date(1704351743000)/",69400,700,2586500,178946000000,400,false,0.58
"VNM",140347,"/Date(1704351741000)/",69400,1500,2585800,178898000000,400,false,0.58
"VNM",140347,"/Date(1704351741000)/",69300,100,2584300,178793000000,300,false,0.43
"VNM",140347,"/Date(1704351741000)/",69300,2000,2584200,178787000000,300,false,0.43
"VNM",140347,"/Date(1704351741000)/",69300,600,2582200,178648000000,300,false,0.43
"VNM",140347,"/Date(1704351741000)/",69200,800,2581600,178606000000,200,true,0.29
"VNM",140347,"/Date(1704351741000)/",69300,2400,2580800,178551000000,300,false,0.43
"VNM",140347,"/Date(1704351741000)/",69300,500,2578400,178385000000,300,false,0.43
"VNM",140344,"/Date(1704351738000)/",69300,500,2577900,178350000000,300,false,0.43
"VNM",140344,"/Date(1704351738000)/",69300,200,2577400,178315000000,300,false,0.43
"VNM",140340,"/Date(1704351733000)/",69300,700,2577200,178302000000,300,false,0.43
"VNM",140337,"/Date(1704351732000)/",69300,1100,2576500,178253000000,300,false,0.43
"VNM",140337,"/Date(1704351732000)/",69300,100,2575400,178177000000,300,false,0.43
"VNM",140337,"/Date(1704351732000)/",69300,1000,2575300,178170000000,300,false,0.43
"VNM",140337,"/Date(1704351732000)/",69300,100,2574300,178101000000,300,false,0.43
"VNM",140337,"/Date(1704351732000)/",69300,600,2574200,178094000000,300,false,0.43
"VNM",140337,"/Date(1704351731000)/",69200,1200,2573600,178052000000,200,true,0.29
"VNM",140337,"/Date(1704351730000)/",69300,400,2572400,177969000000,300,false,0.43
"VNM",140337,"/Date(1704351730000)/",69300,300,2572000,177941000000,300,false,0.43
"VNM",140337,"/Date(1704351730000)/",69300,2700,2571700,177920000000,300,false,0.43
"VNM",140337,"/Date(1704351730000)/",69300,100,2569000,177733000000,300,false,0.43
"VNM",140337,"/Date(1704351730000)/",69300,500,2568900,177726000000,300,false,0.43
"VNM",140337,"/Date(1704351730000)/",69300,900,2568400,177692000000,300,false,0.43
"VNM",140328,"/Date(1704351723000)/",69300,700,2567500,177629000000,300,false,0.43
"VNM",140328,"/Date(1704351723000)/",69200,100,2566800,177581000000,200,true,0.29
"VNM",140324,"/Date(1704351719000)/",69300,2700,2566700,177574000000,300,false,0.43
"VNM",140324,"/Date(1704351719000)/",69300,700,2564000,177387000000,300,false,0.43
"VNM",140324,"/Date(1704351718000)/",69300,4200,2563300,177338000000,300,false,0.43
"VNM",140321,"/Date(1704351714000)/",69300,700,2559100,177047000000,300,false,0.43
"VNM",140318,"/Date(1704351711000)/",69300,100,2558400,176999000000,300,false,0.43
"VNM",140318,"/Date(1704351711000)/",69300,3600,2558300,176992000000,300,false,0.43
"VNM",140315,"/Date(1704351710000)/",69300,900,2554700,176742000000,300,false,0.43
"VNM",140315,"/Date(1704351708000)/",69200,500,2553800,176680000000,200,true,0.29
"VNM",140315,"/Date(1704351708000)/",69200,800,2553300,176645000000,200,true,0.29
"VNM",140315,"/Date(1704351708000)/",69300,1500,2552500,176590000000,300,false,0.43
"VNM",140315,"/Date(1704351708000)/",69300,200,2551000,176486000000,300,false,0.43
"VNM",140315,"/Date(1704351708000)/",69300,300,2550800,176472000000,300,false,0.43
"VNM",140315,"/Date(1704351708000)/",69300,100,2550500,176451000000,300,false,0.43
"VNM",140315,"/Date(1704351708000)/",69300,100,2550400,176445000000,300,false,0.43
"VNM",140315,"/Date(1704351708000)/",69300,2000,2550300,176438000000,300,false,0.43
"VNM",140315,"/Date(1704351708000)/",69300,700,2548300,176299000000,300,false,0.43
"VNM",140305,"/Date(1704351700000)/",69200,1200,2547600,176250000000,200,true,0.29
"VNM",140305,"/Date(1704351699000)/",69200,400,2546400,176167000000,200,true,0.29
"VNM",140302,"/Date(1704351695000)/",69200,100,2546000,176140000000,200,true,0.29
"VNM",140252,"/Date(1704351688000)/",69200,500,2545900,176133000000,200,true,0.29
"VNM",140252,"/Date(1704351688000)/",69200,400,2545400,176098000000,200,true,0.29
"VNM",140243,"/Date(1704351678000)/",69200,300,2545000,176071000000,200,true,0.29
"VNM",140243,"/Date(1704351676000)/",69200,300,2544700,176050000000,200,true,0.29
"VNM",140243,"/Date(1704351676000)/",69200,500,2544400,176029000000,200,true,0.29
"VNM",140240,"/Date(1704351675000)/",69200,100,2543900,175994000000,200,true,0.29
"VNM",140240,"/Date(1704351674000)/",69200,100,2543800,175988000000,200,true,0.29
"VNM",140236,"/Date(1704351670000)/",69200,1100,2543700,175981000000,200,true,0.29
"VNM",140233,"/Date(1704351666000)/",69300,3700,2542600,175904000000,300,false,0.43
"VNM",140230,"/Date(1704351665000)/",69200,200,2538900,175648000000,200,true,0.29
"VNM",140230,"/Date(1704351665000)/",69200,100,2538700,175634000000,200,true,0.29
"VNM",140230,"/Date(1704351665000)/",69200,300,2538600,175627000000,200,true,0.29
"VNM",140227,"/Date(1704351660000)/",69200,5000,2538300,175607000000,200,true,0.29
"VNM",140227,"/Date(1704351660000)/",69300,200,2533300,175261000000,300,false,0.43
"VNM",140217,"/Date(1704351652000)/",69200,100,2533100,175247000000,200,true,0.29
"VNM",140211,"/Date(1704351644000)/",69200,800,2533000,175240000000,200,true,0.29
"VNM",140207,"/Date(1704351641000)/",69200,500,2532200,175184000000,200,true,0.29
"VNM",140207,"/Date(1704351640000)/",69200,1100,2531700,175150000000,200,true,0.29
"VNM",140204,"/Date(1704351637000)/",69200,500,2530600,175074000000,200,true,0.29
"VNM",140148,"/Date(1704351622000)/",69300,3600,2530100,175039000000,300,false,0.43
"VNM",140148,"/Date(1704351622000)/",69200,200,2526500,174790000000,200,true,0.29
"VNM",140138,"/Date(1704351611000)/",69200,800,2526300,174776000000,200,true,0.29
"VNM",140135,"/Date(1704351610000)/",69200,700,2525500,174720000000,200,true,0.29
"VNM",140135,"/Date(1704351610000)/",69200,400,2524800,174672000000,200,true,0.29
"VNM",140126,"/Date(1704351599000)/",69300,200,2524400,174644000000,300,false,0.43
"VNM",140110,"/Date(1704351583000)/",69300,100,2524200,174630000000,300,false,0.43
"VNM",140110,"/Date(1704351583000)/",69200,400,2524100,174624000000,200,true,0.29
"VNM",140110,"/Date(1704351582000)/",69200,100,2523700,174596000000,200,true,0.29
"VNM",140106,"/Date(1704351580000)/",69200,1100,2523600,174589000000,200,true,0.29
"VNM",140106,"/Date(1704351579000)/",69200,800,2522500,174513000000,200,true,0.29
"VNM",140103,"/Date(1704351578000)/",69300,3500,2521700,174457000000,300,false,0.43
"VNM",140047,"/Date(1704351561000)/",69300,200,2518200,174215000000,300,false,0.43
"VNM",140034,"/Date(1704351550000)/",69200,1100,2518000,174201000000,200,true,0.29
"VNM",140031,"/Date(1704351546000)/",69200,800,2516900,174125000000,200,true,0.29
"VNM",140022,"/Date(1704351537000)/",69300,3500,2516100,174070000000,300,false,0.43
"VNM",140022,"/Date(1704351535000)/",69300,4200,2512600,173827000000,300,false,0.43
"VNM",140018,"/Date(1704351533000)/",69300,200,2508400,173536000000,300,false,0.43
"VNM",140015,"/Date(1704351528000)/",69200,600,2508200,173522000000,200,true,0.29
"VNM",140012,"/Date(1704351525000)/",69200,500,2507600,173481000000,200,true,0.29
"VNM",140006,"/Date(1704351519000)/",69200,1100,2507100,173446000000,200,true,0.29
"VNM",135959,"/Date(1704351514000)/",69200,800,2506000,173370000000,200,true,0.29
"VNM",135946,"/Date(1704351500000)/",69200,1900,2505200,173314000000,200,true,0.29
"VNM",135940,"/Date(1704351495000)/",69300,3500,2503300,173183000000,300,false,0.43
"VNM",135940,"/Date(1704351493000)/",69200,200,2499800,172940000000,200,true,0.29
"VNM",135937,"/Date(1704351489000)/",69200,200,2499600,172927000000,200,true,0.29
"VNM",135937,"/Date(1704351489000)/",69200,100,2499400,172913000000,200,true,0.29
"VNM",135937,"/Date(1704351489000)/",69200,100,2499300,172906000000,200,true,0.29
"VNM",135937,"/Date(1704351489000)/",69200,500,2499200,172899000000,200,true,0.29
"VNM",135937,"/Date(1704351489000)/",69200,200,2498700,172864000000,200,true,0.29
"VNM",135934,"/Date(1704351489000)/",69300,100,2498500,172850000000,300,false,0.43
"VNM",135927,"/Date(1704351481000)/",69200,800,2498400,172844000000,200,true,0.29
"VNM",135921,"/Date(1704351474000)/",69300,600,2497600,172788000000,300,false,0.43
"VNM",135918,"/Date(1704351471000)/",69300,300,2497000,172747000000,300,false,0.43
"VNM",135914,"/Date(1704351467000)/",69200,400,2496700,172726000000,200,true,0.29
"VNM",135905,"/Date(1704351459000)/",69200,600,2496300,172698000000,200,true,0.29
"VNM",135905,"/Date(1704351459000)/",69200,100,2495700,172657000000,200,true,0.29
"VNM",135905,"/Date(1704351459000)/",69200,400,2495600,172650000000,200,true,0.29
"VNM",135902,"/Date(1704351456000)/",69300,4200,2495200,172622000000,300,false,0.43
"VNM",135858,"/Date(1704351453000)/",69300,3500,2491000,172331000000,300,false,0.43
"VNM",135855,"/Date(1704351449000)/",69200,100,2487500,172088000000,200,true,0.29
"VNM",135855,"/Date(1704351449000)/",69200,100,2487400,172081000000,200,true,0.29
"VNM",135855,"/Date(1704351449000)/",69200,600,2487300,172075000000,200,true,0.29
"VNM",135852,"/Date(1704351445000)/",69300,4200,2486700,172033000000,300,false,0.43
"VNM",135849,"/Date(1704351442000)/",69300,1400,2482500,171742000000,300,false,0.43
"VNM",135846,"/Date(1704351440000)/",69200,100,2481100,171645000000,200,true,0.29
"VNM",135839,"/Date(1704351434000)/",69300,4200,2481000,171638000000,300,false,0.43
"VNM",135836,"/Date(1704351429000)/",69200,1100,2476800,171347000000,200,true,0.29
"VNM",135826,"/Date(1704351421000)/",69300,4200,2475700,171271000000,300,false,0.43
"VNM",135826,"/Date(1704351420000)/",69300,700,2471500,170980000000,300,false,0.43
"VNM",135823,"/Date(1704351417000)/",69200,800,2470800,170931000000,200,true,0.29
"VNM",135823,"/Date(1704351416000)/",69300,700,2470000,170876000000,300,false,0.43
"VNM",135820,"/Date(1704351414000)/",69300,300,2469300,170827000000,300,true,0.43
"VNM",135817,"/Date(1704351411000)/",69400,1700,2469000,170807000000,400,false,0.58
"VNM",135817,"/Date(1704351411000)/",69400,100,2467300,170689000000,400,false,0.58
"VNM",135817,"/Date(1704351411000)/",69400,1000,2467200,170682000000,400,false,0.58
"VNM",135817,"/Date(1704351411000)/",69400,800,2466200,170612000000,400,false,0.58
"VNM",135817,"/Date(1704351411000)/",69300,500,2465400,170557000000,300,true,0.43
"VNM",135817,"/Date(1704351410000)/",69300,400,2464900,170522000000,300,true,0.43
"VNM",135817,"/Date(1704351410000)/",69400,200,2464500,170494000000,400,false,0.58
"VNM",135817,"/Date(1704351410000)/",69400,500,2464300,170481000000,400,false,0.58
"VNM",135814,"/Date(1704351409000)/",69300,3000,2463800,170446000000,300,false,0.43
"VNM",135807,"/Date(1704351402000)/",69200,2400,2460800,170238000000,200,true,0.29
"VNM",135807,"/Date(1704351402000)/",69200,500,2458400,170072000000,200,true,0.29
"VNM",135807,"/Date(1704351402000)/",69200,100,2457900,170037000000,200,true,0.29
"VNM",135804,"/Date(1704351399000)/",69200,1100,2457800,170030000000,200,true,0.29
"VNM",135751,"/Date(1704351384000)/",69200,800,2456700,169954000000,200,true,0.29
"VNM",135748,"/Date(1704351382000)/",69400,100,2455900,169899000000,400,false,0.58
"VNM",135748,"/Date(1704351382000)/",69400,100,2455800,169892000000,400,false,0.58
"VNM",135748,"/Date(1704351382000)/",69400,200,2455700,169885000000,400,false,0.58
"VNM",135748,"/Date(1704351382000)/",69400,100,2455500,169871000000,400,false,0.58
"VNM",135748,"/Date(1704351382000)/",69400,2100,2455400,169864000000,400,false,0.58
"VNM",135748,"/Date(1704351382000)/",69300,100,2453300,169718000000,300,false,0.43
"VNM",135748,"/Date(1704351382000)/",69300,1500,2453200,169711000000,300,false,0.43
"VNM",135745,"/Date(1704351378000)/",69300,1000,2451700,169608000000,300,false,0.43
"VNM",135735,"/Date(1704351370000)/",69300,100,2450700,169538000000,300,false,0.43
"VNM",135735,"/Date(1704351369000)/",69200,200,2450600,169531000000,200,true,0.29
"VNM",135735,"/Date(1704351369000)/",69200,900,2450400,169517000000,200,true,0.29
"VNM",135735,"/Date(1704351368000)/",69300,2400,2449500,169455000000,300,false,0.43
"VNM",135735,"/Date(1704351368000)/",69300,100,2447100,169289000000,300,false,0.43
"VNM",135735,"/Date(1704351368000)/",69300,500,2447000,169282000000,300,false,0.43
"VNM",135735,"/Date(1704351368000)/",69300,600,2446500,169247000000,300,false,0.43
"VNM",135732,"/Date(1704351366000)/",69300,600,2445900,169206000000,300,false,0.43
"VNM",135732,"/Date(1704351366000)/",69300,100,2445300,169164000000,300,false,0.43
"VNM",135729,"/Date(1704351361000)/",69300,700,2445200,169157000000,300,false,0.43
"VNM",135719,"/Date(1704351355000)/",69300,700,2444500,169109000000,300,false,0.43
"VNM",135719,"/Date(1704351352000)/",69200,800,2443800,169060000000,200,true,0.29
"VNM",135716,"/Date(1704351351000)/",69300,700,2443000,169005000000,300,false,0.43
"VNM",135710,"/Date(1704351344000)/",69300,700,2442300,168956000000,300,false,0.43
"VNM",135707,"/Date(1704351339000)/",69200,1100,2441600,168908000000,200,true,0.29
"VNM",135707,"/Date(1704351339000)/",69300,700,2440500,168832000000,300,false,0.43
"VNM",135703,"/Date(1704351336000)/",69300,1000,2439800,168783000000,300,true,0.43
"VNM",135703,"/Date(1704351336000)/",69300,2900,2438800,168714000000,300,true,0.43
"VNM",135703,"/Date(1704351336000)/",69300,3400,2435900,168513000000,300,true,0.43
"VNM",135700,"/Date(1704351335000)/",69400,700,2432500,168277000000,400,false,0.58
"VNM",135700,"/Date(1704351334000)/",69400,200,2431800,168229000000,400,false,0.58
"VNM",135700,"/Date(1704351334000)/",69400,200,2431600,168215000000,400,false,0.58
"VNM",135700,"/Date(1704351334000)/",69400,1000,2431400,168201000000,400,false,0.58
"VNM",135700,"/Date(1704351334000)/",69400,500,2430400,168132000000,400,false,0.58
"VNM",135700,"/Date(1704351334000)/",69400,500,2429900,168097000000,400,false,0.58
"VNM",135700,"/Date(1704351334000)/",69400,1800,2429400,168062000000,400,false,0.58
"VNM",135657,"/Date(1704351330000)/",69400,700,2427600,167937000000,400,false,0.58
"VNM",135651,"/Date(1704351325000)/",69400,4300,2426900,167889000000,400,false,0.58
"VNM",135647,"/Date(1704351323000)/",69400,700,2422600,167590000000,400,false,0.58
"VNM",135647,"/Date(1704351320000)/",69300,200,2421900,167542000000,300,true,0.43
"VNM",135647,"/Date(1704351320000)/",69300,600,2421700,167528000000,300,true,0.43
"VNM",135644,"/Date(1704351319000)/",69400,700,2421100,167486000000,400,false,0.58
"VNM",135644,"/Date(1704351317000)/",69300,100,2420400,167438000000,300,true,0.43
"VNM",135638,"/Date(1704351312000)/",69400,800,2420300,167431000000,400,false,0.58
"VNM",135638,"/Date(1704351312000)/",69300,1000,2419500,167375000000,300,false,0.43
"VNM",135638,"/Date(1704351312000)/",69300,200,2418500,167306000000,300,false,0.43
"VNM",135635,"/Date(1704351309000)/",69200,1100,2418300,167292000000,200,true,0.29
"VNM",135635,"/Date(1704351308000)/",69400,600,2417200,167216000000,400,false,0.58
"VNM",135635,"/Date(1704351308000)/",69300,100,2416600,167174000000,300,false,0.43
"VNM",135628,"/Date(1704351302000)/",69400,600,2416500,167167000000,400,false,0.58
"VNM",135628,"/Date(1704351302000)/",69300,100,2415900,167126000000,300,false,0.43
"VNM",135619,"/Date(1704351294000)/",69200,400,2415800,167119000000,200,true,0.29
"VNM",135612,"/Date(1704351287000)/",69200,800,2415400,167091000000,200,true,0.29
"VNM",135609,"/Date(1704351285000)/",69300,200,2414600,167036000000,300,false,0.43
"VNM",135606,"/Date(1704351279000)/",69200,1100,2414400,167022000000,200,true,0.29
"VNM",135556,"/Date(1704351271000)/",69400,4200,2413300,166946000000,400,false,0.58
"VNM",135543,"/Date(1704351259000)/",69400,600,2409100,166654000000,400,false,0.58
"VNM",135543,"/Date(1704351259000)/",69400,900,2408500,166613000000,400,false,0.58
"VNM",135540,"/Date(1704351255000)/",69200,200,2407600,166550000000,200,true,0.29
"VNM",135540,"/Date(1704351255000)/",69300,600,2407400,166536000000,300,true,0.43
"VNM",135540,"/Date(1704351254000)/",69300,3600,2406800,166495000000,300,true,0.43
"VNM",135540,"/Date(1704351254000)/",69300,3500,2403200,166245000000,300,true,0.43
"VNM",135540,"/Date(1704351254000)/",69300,32900,2399700,166003000000,300,true,0.43
"VNM",135534,"/Date(1704351249000)/",69300,1100,2366800,163723000000,300,true,0.43
"VNM",135524,"/Date(1704351237000)/",69300,100,2365700,163647000000,300,true,0.43
"VNM",135521,"/Date(1704351236000)/",69300,100,2365600,163640000000,300,true,0.43
"VNM",135515,"/Date(1704351229000)/",69400,3700,2365500,163633000000,400,false,0.58
"VNM",135508,"/Date(1704351223000)/",69300,3000,2361800,163376000000,300,true,0.43
"VNM",135508,"/Date(1704351223000)/",69300,800,2358800,163168000000,300,true,0.43
"VNM",135505,"/Date(1704351219000)/",69300,100,2358000,163113000000,300,true,0.43
"VNM",135505,"/Date(1704351219000)/",69300,1100,2357900,163106000000,300,true,0.43
"VNM",135505,"/Date(1704351218000)/",69300,500,2356800,163029000000,300,true,0.43
"VNM",135459,"/Date(1704351214000)/",69300,100,2356300,162995000000,300,true,0.43
"VNM",135452,"/Date(1704351207000)/",69300,100,2356200,162988000000,300,true,0.43
"VNM",135452,"/Date(1704351207000)/",69300,400,2356100,162981000000,300,true,0.43
"VNM",135452,"/Date(1704351207000)/",69300,1000,2355700,162953000000,300,true,0.43
"VNM",135452,"/Date(1704351207000)/",69300,18700,2354700,162884000000,300,true,0.43
"VNM",135436,"/Date(1704351190000)/",69200,800,2336000,161588000000,200,true,0.29
"VNM",135436,"/Date(1704351189000)/",69200,1100,2335200,161533000000,200,true,0.29
"VNM",135433,"/Date(1704351186000)/",69200,500,2334100,161456000000,200,true,0.29
"VNM",135423,"/Date(1704351177000)/",69300,500,2333600,161422000000,300,false,0.43
"VNM",135404,"/Date(1704351159000)/",69200,800,2333100,161387000000,200,true,0.29
"VNM",135404,"/Date(1704351159000)/",69200,400,2332300,161332000000,200,true,0.29
"VNM",135404,"/Date(1704351159000)/",69200,500,2331900,161304000000,200,true,0.29
"VNM",135404,"/Date(1704351159000)/",69200,200,2331400,161270000000,200,true,0.29
"VNM",135404,"/Date(1704351158000)/",69300,5600,2331200,161256000000,300,true,0.43
"VNM",135404,"/Date(1704351158000)/",69300,1000,2325600,160868000000,300,true,0.43
"VNM",135404,"/Date(1704351158000)/",69300,100,2324600,160798000000,300,true,0.43
"VNM",135404,"/Date(1704351158000)/",69300,100,2324500,160791000000,300,true,0.43
"VNM",135404,"/Date(1704351158000)/",69300,9000,2324400,160784000000,300,true,0.43
"VNM",135401,"/Date(1704351155000)/",69300,100,2315400,160161000000,300,true,0.43
"VNM",135351,"/Date(1704351144000)/",69400,1200,2315300,160154000000,400,false,0.58
"VNM",135351,"/Date(1704351144000)/",69400,100,2314100,160071000000,400,false,0.58
"VNM",135351,"/Date(1704351144000)/",69400,500,2314000,160064000000,400,false,0.58
"VNM",135351,"/Date(1704351144000)/",69400,1700,2313500,160029000000,400,false,0.58
"VNM",135342,"/Date(1704351137000)/",69300,500,2311800,159911000000,300,true,0.43
"VNM",135335,"/Date(1704351128000)/",69300,1100,2311300,159876000000,300,true,0.43
"VNM",135332,"/Date(1704351125000)/",69300,800,2310200,159800000000,300,true,0.43
"VNM",135329,"/Date(1704351124000)/",69300,500,2309400,159745000000,300,true,0.43
"VNM",135326,"/Date(1704351120000)/",69300,500,2308900,159710000000,300,true,0.43
"VNM",135313,"/Date(1704351108000)/",69300,500,2308400,159675000000,300,true,0.43
"VNM",135306,"/Date(1704351102000)/",69400,2100,2307900,159641000000,400,false,0.58
"VNM",135306,"/Date(1704351102000)/",69400,300,2305800,159495000000,400,false,0.58
"VNM",135306,"/Date(1704351102000)/",69400,100,2305500,159474000000,400,false,0.58
"VNM",135306,"/Date(1704351102000)/",69400,100,2305400,159467000000,400,false,0.58
"VNM",135306,"/Date(1704351102000)/",69400,1200,2305300,159460000000,400,false,0.58
"VNM",135306,"/Date(1704351099000)/",69300,100,2304100,159377000000,300,true,0.43
"VNM",135303,"/Date(1704351099000)/",69300,1100,2304000,159370000000,300,true,0.43
"VNM",135300,"/Date(1704351093000)/",69300,700,2302900,159294000000,300,true,0.43
"VNM",135238,"/Date(1704351071000)/",69300,1100,2302200,159245000000,300,true,0.43
"VNM",135231,"/Date(1704351065000)/",69400,100,2301100,159169000000,400,false,0.58
"VNM",135231,"/Date(1704351065000)/",69400,500,2301000,159162000000,400,false,0.58
"VNM",135231,"/Date(1704351065000)/",69400,400,2300500,159127000000,400,false,0.58
"VNM",135231,"/Date(1704351065000)/",69400,100,2300100,159100000000,400,false,0.58
"VNM",135231,"/Date(1704351065000)/",69400,500,2300000,159093000000,400,false,0.58
"VNM",135231,"/Date(1704351065000)/",69400,100,2299500,159058000000,400,false,0.58
"VNM",135231,"/Date(1704351065000)/",69400,2000,2299400,159051000000,400,false,0.58
"VNM",135231,"/Date(1704351065000)/",69400,1300,2297400,158912000000,400,false,0.58
"VNM",135228,"/Date(1704351062000)/",69300,400,2296100,158822000000,300,true,0.43
"VNM",135228,"/Date(1704351061000)/",69300,500,2295700,158794000000,300,true,0.43
"VNM",135222,"/Date(1704351057000)/",69300,700,2295200,158760000000,300,true,0.43
"VNM",135222,"/Date(1704351057000)/",69400,700,2294500,158711000000,400,false,0.58
"VNM",135222,"/Date(1704351057000)/",69400,100,2293800,158663000000,400,false,0.58
"VNM",135222,"/Date(1704351057000)/",69400,500,2293700,158656000000,400,false,0.58
"VNM",135222,"/Date(1704351057000)/",69400,200,2293200,158621000000,400,false,0.58
"VNM",135222,"/Date(1704351057000)/",69400,100,2293000,158607000000,400,false,0.58
"VNM",135222,"/Date(1704351057000)/",69400,1500,2292900,158600000000,400,false,0.58
"VNM",135222,"/Date(1704351057000)/",69400,100,2291400,158496000000,400,false,0.58
"VNM",135222,"/Date(1704351057000)/",69400,200,2291300,158489000000,400,false,0.58
"VNM",135222,"/Date(1704351057000)/",69400,100,2291100,158475000000,400,false,0.58
"VNM",135209,"/Date(1704351044000)/",69300,500,2291000,158468000000,300,true,0.43
"VNM",135209,"/Date(1704351043000)/",69300,4900,2290500,158434000000,300,true,0.43
"VNM",135209,"/Date(1704351043000)/",69300,100,2285600,158094000000,300,true,0.43
"VNM",135209,"/Date(1704351043000)/",69300,100,2285500,158087000000,300,true,0.43
"VNM",135209,"/Date(1704351043000)/",69300,4900,2285400,158080000000,300,true,0.43
"VNM",135206,"/Date(1704351038000)/",69300,100,2280500,157741000000,300,true,0.43
"VNM",135206,"/Date(1704351038000)/",69300,1000,2280400,157734000000,300,true,0.43
"VNM",135202,"/Date(1704351038000)/",69400,500,2279400,157664000000,400,false,0.58
"VNM",135156,"/Date(1704351029000)/",69300,100,2278900,157630000000,300,true,0.43
"VNM",135150,"/Date(1704351024000)/",69300,100,2278800,157623000000,300,true,0.43
"VNM",135150,"/Date(1704351024000)/",69300,500,2278700,157616000000,300,true,0.43
"VNM",135150,"/Date(1704351024000)/",69300,100,2278200,157581000000,300,true,0.43
"VNM",135140,"/Date(1704351015000)/",69400,400,2278100,157574000000,400,false,0.58
"VNM",135140,"/Date(1704351015000)/",69400,3200,2277700,157546000000,400,false,0.58
"VNM",135137,"/Date(1704351012000)/",69400,300,2274500,157324000000,400,true,0.58
"VNM",135137,"/Date(1704351010000)/",69400,1000,2274200,157304000000,400,true,0.58
"VNM",135137,"/Date(1704351010000)/",69400,100,2273200,157234000000,400,true,0.58
"VNM",135137,"/Date(1704351010000)/",69400,100,2273100,157227000000,400,true,0.58
"VNM",135137,"/Date(1704351010000)/",69400,300,2273000,157220000000,400,true,0.58
"VNM",135134,"/Date(1704351008000)/",69400,700,2272700,157199000000,400,true,0.58
"VNM",135134,"/Date(1704351008000)/",69400,400,2272000,157151000000,400,true,0.58
"VNM",135134,"/Date(1704351007000)/",69500,300,2271600,157123000000,500,false,0.72
"VNM",135130,"/Date(1704351006000)/",69400,200,2271300,157102000000,400,true,0.58
"VNM",135130,"/Date(1704351004000)/",69400,500,2271100,157088000000,400,true,0.58
"VNM",135127,"/Date(1704351001000)/",69400,100,2270600,157054000000,400,true,0.58
"VNM",135121,"/Date(1704350995000)/",69400,300,2270500,157047000000,400,true,0.58
"VNM",135121,"/Date(1704350995000)/",69400,1700,2270200,157026000000,400,true,0.58
"VNM",135118,"/Date(1704350992000)/",69400,700,2268500,156908000000,400,true,0.58
"VNM",135111,"/Date(1704350984000)/",69400,1000,2267800,156859000000,400,true,0.58
"VNM",135105,"/Date(1704350978000)/",69400,1100,2266800,156790000000,400,true,0.58
"VNM",135102,"/Date(1704350976000)/",69400,200,2265700,156714000000,400,true,0.58
"VNM",135059,"/Date(1704350973000)/",69400,100,2265500,156700000000,400,true,0.58
"VNM",135059,"/Date(1704350972000)/",69500,900,2265400,156693000000,500,false,0.72
"VNM",135059,"/Date(1704350972000)/",69500,100,2264500,156630000000,500,false,0.72
"VNM",135059,"/Date(1704350972000)/",69500,100,2264400,156623000000,500,false,0.72
"VNM",135059,"/Date(1704350972000)/",69500,100,2264300,156616000000,500,false,0.72
"VNM",135059,"/Date(1704350972000)/",69500,2000,2264200,156609000000,500,false,0.72
"VNM",135059,"/Date(1704350972000)/",69500,300,2262200,156470000000,500,false,0.72
"VNM",135055,"/Date(1704350969000)/",69400,100,2261900,156450000000,400,true,0.58
"VNM",135052,"/Date(1704350966000)/",69400,100,2261800,156443000000,400,true,0.58
"VNM",135049,"/Date(1704350964000)/",69400,100,2261700,156436000000,400,true,0.58
"VNM",135049,"/Date(1704350964000)/",69400,500,2261600,156429000000,400,true,0.58
"VNM",135049,"/Date(1704350964000)/",69400,400,2261100,156394000000,400,true,0.58
"VNM",135049,"/Date(1704350964000)/",69400,500,2260700,156366000000,400,true,0.58
"VNM",135049,"/Date(1704350964000)/",69400,200,2260200,156332000000,400,true,0.58
"VNM",135049,"/Date(1704350964000)/",69400,5000,2260000,156318000000,400,true,0.58
"VNM",135049,"/Date(1704350964000)/",69400,100,2255000,155971000000,400,true,0.58
"VNM",135049,"/Date(1704350964000)/",69400,500,2254900,155964000000,400,true,0.58
"VNM",135049,"/Date(1704350964000)/",69400,500,2254400,155929000000,400,true,0.58
"VNM",135049,"/Date(1704350964000)/",69400,100,2253900,155894000000,400,true,0.58
"VNM",135049,"/Date(1704350964000)/",69400,100,2253800,155887000000,400,true,0.58
"VNM",135049,"/Date(1704350964000)/",69400,200,2253700,155881000000,400,true,0.58
"VNM",135049,"/Date(1704350964000)/",69400,500,2253500,155867000000,400,true,0.58
"VNM",135049,"/Date(1704350964000)/",69400,5000,2253000,155832000000,400,true,0.58
"VNM",135049,"/Date(1704350964000)/",69400,1300,2248000,155485000000,400,true,0.58
"VNM",135046,"/Date(1704350960000)/",69300,700,2246700,155395000000,300,true,0.43
"VNM",135036,"/Date(1704350950000)/",69400,500,2246000,155346000000,400,false,0.58
"VNM",135033,"/Date(1704350948000)/",69300,600,2245500,155312000000,300,true,0.43
"VNM",135033,"/Date(1704350948000)/",69300,500,2244900,155270000000,300,true,0.43
"VNM",135033,"/Date(1704350948000)/",69400,500,2244400,155235000000,400,false,0.58
"VNM",135033,"/Date(1704350948000)/",69400,100,2243900,155201000000,400,false,0.58
"VNM",135033,"/Date(1704350948000)/",69400,4400,2243800,155194000000,400,false,0.58
"VNM",135033,"/Date(1704350946000)/",69400,500,2239400,154888000000,400,false,0.58
"VNM",135030,"/Date(1704350943000)/",69400,100,2238900,154854000000,400,false,0.58
"VNM",135030,"/Date(1704350943000)/",69400,2000,2238800,154847000000,400,false,0.58
"VNM",135027,"/Date(1704350940000)/",69400,3000,2236800,154708000000,400,false,0.58
"VNM",135027,"/Date(1704350940000)/",69400,100,2233800,154500000000,400,false,0.58
"VNM",135027,"/Date(1704350940000)/",69400,500,2233700,154493000000,400,false,0.58
"VNM",135027,"/Date(1704350940000)/",69400,1000,2233200,154458000000,400,false,0.58
"VNM",135027,"/Date(1704350940000)/",69400,500,2232200,154389000000,400,false,0.58
"VNM",135027,"/Date(1704350940000)/",69400,300,2231700,154354000000,400,false,0.58
"VNM",135027,"/Date(1704350940000)/",69400,100,2231400,154333000000,400,false,0.58
"VNM",135027,"/Date(1704350940000)/",69400,500,2231300,154326000000,400,false,0.58
"VNM",135027,"/Date(1704350940000)/",69400,100,2230800,154291000000,400,false,0.58
"VNM",135027,"/Date(1704350940000)/",69400,3900,2230700,154284000000,400,false,0.58
"VNM",135023,"/Date(1704350938000)/",69400,100,2226800,154014000000,400,false,0.58
"VNM",135023,"/Date(1704350936000)/",69400,300,2226700,154007000000,400,false,0.58
"VNM",135023,"/Date(1704350936000)/",69400,1800,2226400,153986000000,400,false,0.58
"VNM",135023,"/Date(1704350936000)/",69400,1000,2224600,153861000000,400,false,0.58
"VNM",135023,"/Date(1704350936000)/",69400,100,2223600,153792000000,400,false,0.58
"VNM",135023,"/Date(1704350936000)/",69400,100,2223500,153785000000,400,false,0.58
"VNM",135023,"/Date(1704350936000)/",69400,100,2223400,153778000000,400,false,0.58
"VNM",135023,"/Date(1704350936000)/",69400,100,2223300,153771000000,400,false,0.58
"VNM",135023,"/Date(1704350936000)/",69400,1800,2223200,153764000000,400,false,0.58
"VNM",135023,"/Date(1704350936000)/",69400,200,2221400,153639000000,400,false,0.58
"VNM",135023,"/Date(1704350936000)/",69400,500,2221200,153625000000,400,false,0.58
"VNM",135023,"/Date(1704350936000)/",69400,100,2220700,153590000000,400,false,0.58
"VNM",135023,"/Date(1704350936000)/",69400,100,2220600,153584000000,400,false,0.58
"VNM",135023,"/Date(1704350936000)/",69400,100,2220500,153577000000,400,false,0.58
"VNM",135023,"/Date(1704350936000)/",69400,200,2220400,153570000000,400,false,0.58
"VNM",135023,"/Date(1704350936000)/",69400,1800,2220200,153556000000,400,false,0.58
"VNM",135023,"/Date(1704350936000)/",69400,100,2218400,153431000000,400,false,0.58
"VNM",135023,"/Date(1704350936000)/",69400,100,2218300,153424000000,400,false,0.58
"VNM",135023,"/Date(1704350936000)/",69400,2000,2218200,153417000000,400,false,0.58
"VNM",135023,"/Date(1704350936000)/",69400,500,2216200,153278000000,400,false,0.58
"VNM",135023,"/Date(1704350936000)/",69400,100,2215700,153243000000,400,false,0.58
"VNM",135023,"/Date(1704350936000)/",69400,400,2215600,153237000000,400,false,0.58
"VNM",135023,"/Date(1704350936000)/",69400,500,2215200,153209000000,400,false,0.58
"VNM",135023,"/Date(1704350936000)/",69400,400,2214700,153174000000,400,false,0.58
"VNM",135023,"/Date(1704350936000)/",69400,100,2214300,153146000000,400,false,0.58
"VNM",135023,"/Date(1704350936000)/",69400,1000,2214200,153139000000,400,false,0.58
"VNM",135023,"/Date(1704350936000)/",69400,2000,2213200,153070000000,400,false,0.58
"VNM",135023,"/Date(1704350936000)/",69400,11000,2211200,152931000000,400,false,0.58
"VNM",135023,"/Date(1704350936000)/",69400,500,2200200,152168000000,400,false,0.58
"VNM",135023,"/Date(1704350936000)/",69400,100,2199700,152133000000,400,false,0.58
"VNM",135023,"/Date(1704350936000)/",69400,100,2199600,152126000000,400,false,0.58
"VNM",135023,"/Date(1704350936000)/",69400,5000,2199500,152119000000,400,false,0.58
"VNM",135023,"/Date(1704350936000)/",69400,500,2194500,151772000000,400,false,0.58
"VNM",135023,"/Date(1704350936000)/",69400,2000,2194000,151738000000,400,false,0.58
"VNM",135023,"/Date(1704350936000)/",69400,300,2192000,151599000000,400,false,0.58
"VNM",135023,"/Date(1704350936000)/",69400,100,2191700,151578000000,400,false,0.58
"VNM",135023,"/Date(1704350936000)/",69400,100,2191600,151571000000,400,false,0.58
"VNM",135023,"/Date(1704350936000)/",69400,100,2191500,151564000000,400,false,0.58
"VNM",135023,"/Date(1704350936000)/",69400,5000,2191400,151557000000,400,false,0.58
"VNM",135023,"/Date(1704350936000)/",69400,100,2186400,151210000000,400,false,0.58
"VNM",135023,"/Date(1704350936000)/",69400,500,2186300,151203000000,400,false,0.58
"VNM",135023,"/Date(1704350936000)/",69400,1000,2185800,151168000000,400,false,0.58
"VNM",135023,"/Date(1704350936000)/",69400,500,2184800,151099000000,400,false,0.58
"VNM",135023,"/Date(1704350936000)/",69400,1000,2184300,151064000000,400,false,0.58
"VNM",135023,"/Date(1704350936000)/",69400,300,2183300,150995000000,400,false,0.58
"VNM",135023,"/Date(1704350936000)/",69400,200,2183000,150974000000,400,false,0.58
"VNM",135023,"/Date(1704350936000)/",69400,2000,2182800,150960000000,400,false,0.58
"VNM",135023,"/Date(1704350936000)/",69400,1000,2180800,150821000000,400,false,0.58
"VNM",135023,"/Date(1704350936000)/",69400,2000,2179800,150752000000,400,false,0.58
"VNM",135023,"/Date(1704350936000)/",69400,100,2177800,150613000000,400,false,0.58
"VNM",135023,"/Date(1704350936000)/",69400,2000,2177700,150606000000,400,false,0.58
"VNM",135023,"/Date(1704350936000)/",69400,300,2175700,150467000000,400,false,0.58
"VNM",135023,"/Date(1704350936000)/",69400,100,2175400,150447000000,400,false,0.58
"VNM",135023,"/Date(1704350936000)/",69400,100,2175300,150440000000,400,false,0.58
"VNM",135023,"/Date(1704350936000)/",69400,200,2175200,150433000000,400,false,0.58
"VNM",135023,"/Date(1704350936000)/",69400,1000,2175000,150419000000,400,false,0.58
"VNM",135023,"/Date(1704350936000)/",69400,100,2174000,150350000000,400,false,0.58
"VNM",135023,"/Date(1704350936000)/",69400,100,2173900,150343000000,400,false,0.58
"VNM",135023,"/Date(1704350936000)/",69400,100,2173800,150336000000,400,false,0.58
"VNM",135023,"/Date(1704350936000)/",69400,100,2173700,150329000000,400,false,0.58
"VNM",135023,"/Date(1704350936000)/",69400,100,2173600,150322000000,400,false,0.58
"VNM",135023,"/Date(1704350936000)/",69400,300,2173500,150315000000,400,false,0.58
"VNM",135023,"/Date(1704350936000)/",69400,200,2173200,150294000000,400,false,0.58
"VNM",135023,"/Date(1704350936000)/",69400,100,2173000,150280000000,400,false,0.58
"VNM",135023,"/Date(1704350936000)/",69400,100,2172900,150273000000,400,false,0.58
"VNM",135023,"/Date(1704350936000)/",69400,200,2172800,150266000000,400,false,0.58
"VNM",135023,"/Date(1704350936000)/",69400,2000,2172600,150252000000,400,false,0.58
"VNM",135023,"/Date(1704350936000)/",69400,100,2170600,150114000000,400,false,0.58
"VNM",135023,"/Date(1704350936000)/",69400,100,2170500,150107000000,400,false,0.58
"VNM",135017,"/Date(1704350930000)/",69400,1900,2170400,150100000000,400,false,0.58
"VNM",135017,"/Date(1704350930000)/",69400,1800,2168500,149968000000,400,false,0.58
"VNM",135014,"/Date(1704350929000)/",69300,100,2166700,149843000000,300,true,0.43
"VNM",135014,"/Date(1704350927000)/",69300,700,2166600,149836000000,300,true,0.43
"VNM",135007,"/Date(1704350922000)/",69400,300,2165900,149787000000,400,false,0.58
"VNM",135004,"/Date(1704350918000)/",69300,1100,2165600,149767000000,300,true,0.43
"VNM",134951,"/Date(1704350906000)/",69300,100,2164500,149690000000,300,true,0.43
"VNM",134951,"/Date(1704350905000)/",69300,1000,2164400,149683000000,300,true,0.43
"VNM",134942,"/Date(1704350895000)/",69300,700,2163400,149614000000,300,true,0.43
"VNM",134939,"/Date(1704350894000)/",69300,200,2162700,149566000000,300,true,0.43
"VNM",134935,"/Date(1704350888000)/",69300,1100,2162500,149552000000,300,true,0.43
"VNM",134932,"/Date(1704350887000)/",69400,700,2161400,149476000000,400,false,0.58
"VNM",134932,"/Date(1704350886000)/",69400,2300,2160700,149427000000,400,false,0.58
"VNM",134932,"/Date(1704350886000)/",69400,1200,2158400,149267000000,400,false,0.58
"VNM",134929,"/Date(1704350882000)/",69400,1800,2157200,149184000000,400,false,0.58
"VNM",134929,"/Date(1704350882000)/",69400,1000,2155400,149059000000,400,false,0.58
"VNM",134929,"/Date(1704350882000)/",69400,300,2154400,148990000000,400,false,0.58
"VNM",134929,"/Date(1704350882000)/",69400,200,2154100,148969000000,400,false,0.58
"VNM",134929,"/Date(1704350882000)/",69400,400,2153900,148955000000,400,false,0.58
"VNM",134929,"/Date(1704350882000)/",69400,500,2153500,148927000000,400,false,0.58
"VNM",134929,"/Date(1704350882000)/",69400,200,2153000,148893000000,400,false,0.58
"VNM",134929,"/Date(1704350882000)/",69300,500,2152800,148879000000,300,false,0.43
"VNM",134926,"/Date(1704350879000)/",69400,300,2152300,148844000000,400,false,0.58
"VNM",134926,"/Date(1704350879000)/",69400,100,2152000,148823000000,400,false,0.58
"VNM",134926,"/Date(1704350879000)/",69300,300,2151900,148816000000,300,false,0.43
"VNM",134923,"/Date(1704350876000)/",69300,700,2151600,148796000000,300,true,0.43
"VNM",134916,"/Date(1704350871000)/",69400,100,2150900,148747000000,400,false,0.58
"VNM",134916,"/Date(1704350871000)/",69400,1400,2150800,148740000000,400,false,0.58
"VNM",134916,"/Date(1704350871000)/",69300,2700,2149400,148643000000,300,false,0.43
"VNM",134913,"/Date(1704350868000)/",69300,300,2146700,148456000000,300,true,0.43
"VNM",134913,"/Date(1704350866000)/",69400,600,2146400,148435000000,400,false,0.58
"VNM",134913,"/Date(1704350866000)/",69400,100,2145800,148393000000,400,false,0.58
"VNM",134910,"/Date(1704350862000)/",69300,700,2145700,148386000000,300,false,0.43
"VNM",134910,"/Date(1704350862000)/",69300,100,2145000,148338000000,300,false,0.43
"VNM",134910,"/Date(1704350862000)/",69300,100,2144900,148331000000,300,false,0.43
"VNM",134910,"/Date(1704350862000)/",69300,100,2144800,148324000000,300,false,0.43
"VNM",134910,"/Date(1704350862000)/",69300,100,2144700,148317000000,300,false,0.43
"VNM",134910,"/Date(1704350862000)/",69300,100,2144600,148310000000,300,false,0.43
"VNM",134910,"/Date(1704350862000)/",69300,5000,2144500,148303000000,300,false,0.43
"VNM",134910,"/Date(1704350862000)/",69300,500,2139500,147957000000,300,false,0.43
"VNM",134910,"/Date(1704350862000)/",69300,100,2139000,147922000000,300,false,0.43
"VNM",134910,"/Date(1704350862000)/",69300,100,2138900,147915000000,300,false,0.43
"VNM",134910,"/Date(1704350862000)/",69300,500,2138800,147908000000,300,false,0.43
"VNM",134910,"/Date(1704350862000)/",69300,100,2138300,147874000000,300,false,0.43
"VNM",134910,"/Date(1704350862000)/",69300,10000,2138200,147867000000,300,false,0.43
"VNM",134910,"/Date(1704350862000)/",69300,100,2128200,147174000000,300,false,0.43
"VNM",134910,"/Date(1704350862000)/",69300,200,2128100,147167000000,300,false,0.43
"VNM",134910,"/Date(1704350862000)/",69300,200,2127900,147153000000,300,false,0.43
"VNM",134910,"/Date(1704350862000)/",69300,300,2127700,147139000000,300,false,0.43
"VNM",134910,"/Date(1704350862000)/",69300,4000,2127400,147118000000,300,false,0.43
"VNM",134910,"/Date(1704350862000)/",69300,100,2123400,146841000000,300,false,0.43
"VNM",134910,"/Date(1704350862000)/",69300,100,2123300,146834000000,300,false,0.43
"VNM",134910,"/Date(1704350862000)/",69300,1000,2123200,146827000000,300,false,0.43
"VNM",134910,"/Date(1704350862000)/",69300,100,2122200,146758000000,300,false,0.43
"VNM",134910,"/Date(1704350862000)/",69300,200,2122100,146751000000,300,false,0.43
"VNM",134910,"/Date(1704350862000)/",69300,100,2121900,146737000000,300,false,0.43
"VNM",134910,"/Date(1704350862000)/",69300,400,2121800,146730000000,300,false,0.43
"VNM",134910,"/Date(1704350862000)/",69300,100,2121400,146702000000,300,false,0.43
"VNM",134910,"/Date(1704350862000)/",69300,100,2121300,146696000000,300,false,0.43
"VNM",134910,"/Date(1704350862000)/",69300,100,2121200,146689000000,300,false,0.43
"VNM",134910,"/Date(1704350862000)/",69300,1000,2121100,146682000000,300,false,0.43
"VNM",134910,"/Date(1704350862000)/",69300,100,2120100,146612000000,300,false,0.43
"VNM",134910,"/Date(1704350862000)/",69300,200,2120000,146605000000,300,false,0.43
"VNM",134910,"/Date(1704350862000)/",69300,1000,2119800,146592000000,300,false,0.43
"VNM",134910,"/Date(1704350862000)/",69300,1000,2118800,146522000000,300,false,0.43
"VNM",134910,"/Date(1704350862000)/",69300,300,2117800,146453000000,300,false,0.43
"VNM",134910,"/Date(1704350862000)/",69300,200,2117500,146432000000,300,false,0.43
"VNM",134910,"/Date(1704350862000)/",69300,6300,2117300,146418000000,300,false,0.43
"VNM",134907,"/Date(1704350862000)/",69300,700,2111000,145982000000,300,false,0.43
"VNM",134903,"/Date(1704350858000)/",69200,1100,2110300,145933000000,200,true,0.29
"VNM",134903,"/Date(1704350856000)/",69300,700,2109200,145857000000,300,false,0.43
"VNM",134857,"/Date(1704350850000)/",69300,700,2108500,145809000000,300,false,0.43
"VNM",134857,"/Date(1704350850000)/",69200,200,2107800,145760000000,200,true,0.29
"VNM",134854,"/Date(1704350847000)/",69300,700,2107600,145746000000,300,false,0.43
"VNM",134851,"/Date(1704350844000)/",69300,4100,2106900,145698000000,300,false,0.43
"VNM",134847,"/Date(1704350840000)/",69300,700,2102800,145414000000,300,false,0.43
"VNM",134841,"/Date(1704350836000)/",69300,700,2102100,145365000000,300,false,0.43
"VNM",134841,"/Date(1704350835000)/",69200,300,2101400,145317000000,200,true,0.29
"VNM",134838,"/Date(1704350831000)/",69300,700,2101100,145296000000,300,false,0.43
"VNM",134835,"/Date(1704350830000)/",69200,700,2100400,145247000000,200,true,0.29
"VNM",134835,"/Date(1704350830000)/",69200,400,2099700,145199000000,200,true,0.29
"VNM",134835,"/Date(1704350828000)/",69200,1100,2099300,145171000000,200,true,0.29
"VNM",134831,"/Date(1704350825000)/",69300,700,2098200,145095000000,300,false,0.43
"VNM",134825,"/Date(1704350820000)/",69300,700,2097500,145047000000,300,false,0.43
"VNM",134822,"/Date(1704350816000)/",69300,700,2096800,144998000000,300,false,0.43
"VNM",134803,"/Date(1704350798000)/",69200,700,2096100,144950000000,200,true,0.29
"VNM",134803,"/Date(1704350798000)/",69200,1100,2095400,144901000000,200,true,0.29
"VNM",134803,"/Date(1704350797000)/",69300,100,2094300,144825000000,300,false,0.43
"VNM",134759,"/Date(1704350794000)/",69300,2500,2094200,144818000000,300,false,0.43
"VNM",134759,"/Date(1704350794000)/",69300,200,2091700,144645000000,300,false,0.43
"VNM",134759,"/Date(1704350794000)/",69300,100,2091500,144631000000,300,false,0.43
"VNM",134759,"/Date(1704350794000)/",69300,200,2091400,144624000000,300,false,0.43
"VNM",134759,"/Date(1704350794000)/",69300,500,2091200,144610000000,300,false,0.43
"VNM",134759,"/Date(1704350794000)/",69300,200,2090700,144576000000,300,false,0.43
"VNM",134756,"/Date(1704350790000)/",69200,200,2090500,144562000000,200,true,0.29
"VNM",134753,"/Date(1704350788000)/",69300,3800,2090300,144548000000,300,false,0.43
"VNM",134753,"/Date(1704350788000)/",69300,400,2086500,144284000000,300,false,0.43
"VNM",134737,"/Date(1704350770000)/",69300,4200,2086100,144257000000,300,false,0.43
"VNM",134734,"/Date(1704350769000)/",69300,400,2081900,143966000000,300,false,0.43
"VNM",134734,"/Date(1704350769000)/",69300,100,2081500,143938000000,300,false,0.43
"VNM",134734,"/Date(1704350768000)/",69200,1100,2081400,143931000000,200,true,0.29
"VNM",134730,"/Date(1704350766000)/",69200,700,2080300,143855000000,200,true,0.29
"VNM",134715,"/Date(1704350750000)/",69300,3600,2079600,143806000000,300,false,0.43
"VNM",134705,"/Date(1704350739000)/",69300,300,2076000,143557000000,300,false,0.43
"VNM",134705,"/Date(1704350739000)/",69300,700,2075700,143536000000,300,false,0.43
"VNM",134705,"/Date(1704350737000)/",69200,1100,2075000,143488000000,200,true,0.29
"VNM",134658,"/Date(1704350733000)/",69200,700,2073900,143412000000,200,true,0.29
"VNM",134658,"/Date(1704350733000)/",69300,3800,2073200,143363000000,300,false,0.43
"VNM",134658,"/Date(1704350733000)/",69300,100,2069400,143100000000,300,false,0.43
"VNM",134658,"/Date(1704350733000)/",69300,300,2069300,143093000000,300,false,0.43
"VNM",134639,"/Date(1704350714000)/",69200,400,2069000,143072000000,200,true,0.29
"VNM",134633,"/Date(1704350707000)/",69100,1200,2068600,143044000000,100,true,0.14
"VNM",134633,"/Date(1704350707000)/",69300,200,2067400,142961000000,300,false,0.43
"VNM",134633,"/Date(1704350707000)/",69300,2300,2067200,142948000000,300,false,0.43
"VNM",134633,"/Date(1704350707000)/",69200,800,2064900,142788000000,200,false,0.29
"VNM",134633,"/Date(1704350707000)/",69200,300,2064100,142733000000,200,false,0.29
"VNM",134630,"/Date(1704350705000)/",69200,100,2063800,142712000000,200,false,0.29
"VNM",134630,"/Date(1704350705000)/",69200,500,2063700,142705000000,200,false,0.29
"VNM",134630,"/Date(1704350705000)/",69200,500,2063200,142671000000,200,false,0.29
"VNM",134630,"/Date(1704350705000)/",69200,3000,2062700,142636000000,200,false,0.29
"VNM",134630,"/Date(1704350705000)/",69200,400,2059700,142428000000,200,false,0.29
"VNM",134630,"/Date(1704350705000)/",69200,500,2059300,142401000000,200,false,0.29
"VNM",134626,"/Date(1704350702000)/",69100,700,2058800,142366000000,100,true,0.14
"VNM",134626,"/Date(1704350701000)/",69200,400,2058100,142318000000,200,false,0.29
"VNM",134626,"/Date(1704350701000)/",69200,200,2057700,142290000000,200,false,0.29
"VNM",134626,"/Date(1704350701000)/",69200,400,2057500,142276000000,200,false,0.29
"VNM",134623,"/Date(1704350696000)/",69200,100,2057100,142249000000,200,false,0.29
"VNM",134620,"/Date(1704350695000)/",69200,1500,2057000,142242000000,200,false,0.29
"VNM",134554,"/Date(1704350670000)/",69200,3000,2055500,142138000000,200,false,0.29
"VNM",134554,"/Date(1704350670000)/",69200,200,2052500,141930000000,200,false,0.29
"VNM",134554,"/Date(1704350670000)/",69200,600,2052300,141916000000,200,false,0.29
"VNM",134554,"/Date(1704350670000)/",69200,200,2051700,141875000000,200,false,0.29
"VNM",134554,"/Date(1704350670000)/",69200,3000,2051500,141861000000,200,false,0.29
"VNM",134554,"/Date(1704350670000)/",69200,200,2048500,141653000000,200,false,0.29
"VNM",134554,"/Date(1704350670000)/",69200,100,2048300,141640000000,200,false,0.29
"VNM",134554,"/Date(1704350670000)/",69200,1000,2048200,141633000000,200,false,0.29
"VNM",134554,"/Date(1704350670000)/",69200,100,2047200,141563000000,200,false,0.29
"VNM",134554,"/Date(1704350670000)/",69200,100,2047100,141557000000,200,false,0.29
"VNM",134554,"/Date(1704350670000)/",69200,200,2047000,141550000000,200,false,0.29
"VNM",134554,"/Date(1704350670000)/",69200,10000,2046800,141536000000,200,false,0.29
"VNM",134554,"/Date(1704350670000)/",69200,100,2036800,140844000000,200,false,0.29
"VNM",134554,"/Date(1704350670000)/",69200,500,2036700,140837000000,200,false,0.29
"VNM",134554,"/Date(1704350670000)/",69200,200,2036200,140802000000,200,false,0.29
"VNM",134554,"/Date(1704350670000)/",69200,500,2036000,140788000000,200,false,0.29
"VNM",134554,"/Date(1704350670000)/",69200,1900,2035500,140754000000,200,false,0.29
"VNM",134554,"/Date(1704350669000)/",69100,700,2033600,140622000000,100,true,0.14
"VNM",134548,"/Date(1704350664000)/",69200,1100,2032900,140574000000,200,false,0.29
"VNM",134548,"/Date(1704350664000)/",69200,2700,2031800,140498000000,200,false,0.29
"VNM",134526,"/Date(1704350638000)/",69200,500,2029100,140311000000,200,false,0.29
"VNM",134522,"/Date(1704350637000)/",69100,400,2028600,140276000000,100,true,0.14
"VNM",134522,"/Date(1704350637000)/",69100,300,2028200,140249000000,100,true,0.14
"VNM",134503,"/Date(1704350618000)/",69200,3400,2027900,140228000000,200,false,0.29
"VNM",134500,"/Date(1704350613000)/",69100,5300,2024500,139993000000,100,true,0.14
"VNM",134500,"/Date(1704350613000)/",69100,500,2019200,139627000000,100,true,0.14
"VNM",134500,"/Date(1704350613000)/",69100,1800,2018700,139592000000,100,true,0.14
"VNM",134500,"/Date(1704350613000)/",69100,100,2016900,139468000000,100,true,0.14
"VNM",134500,"/Date(1704350613000)/",69100,1000,2016800,139461000000,100,true,0.14
"VNM",134500,"/Date(1704350613000)/",69100,900,2015800,139392000000,100,true,0.14
"VNM",134500,"/Date(1704350613000)/",69100,400,2014900,139329000000,100,true,0.14
"VNM",134450,"/Date(1704350604000)/",69100,700,2014500,139302000000,100,true,0.14
"VNM",134438,"/Date(1704350593000)/",69200,3400,2013800,139253000000,200,false,0.29
"VNM",134438,"/Date(1704350593000)/",69200,200,2010400,139018000000,200,false,0.29
"VNM",134438,"/Date(1704350593000)/",69200,600,2010200,139004000000,200,false,0.29
"VNM",134422,"/Date(1704350577000)/",69200,1400,2009600,138963000000,200,false,0.29
"VNM",134422,"/Date(1704350577000)/",69200,2100,2008200,138866000000,200,false,0.29
"VNM",134419,"/Date(1704350573000)/",69100,700,2006100,138721000000,100,true,0.14
"VNM",134415,"/Date(1704350570000)/",69100,500,2005400,138672000000,100,true,0.14
"VNM",134403,"/Date(1704350557000)/",69100,1000,2004900,138638000000,100,true,0.14
"VNM",134403,"/Date(1704350555000)/",69100,300,2003900,138569000000,100,true,0.14
"VNM",134403,"/Date(1704350555000)/",69100,100,2003600,138548000000,100,true,0.14
"VNM",134403,"/Date(1704350555000)/",69100,100,2003500,138541000000,100,true,0.14
"VNM",134347,"/Date(1704350540000)/",69100,700,2003400,138534000000,100,true,0.14
"VNM",134340,"/Date(1704350536000)/",69200,3600,2002700,138486000000,200,false,0.29
"VNM",134315,"/Date(1704350507000)/",69100,700,1999100,138236000000,100,true,0.14
"VNM",134259,"/Date(1704350492000)/",69200,3700,1998400,138188000000,200,false,0.29
"VNM",134256,"/Date(1704350491000)/",69100,500,1994700,137932000000,100,false,0.14
"VNM",134246,"/Date(1704350481000)/",69200,600,1994200,137898000000,200,false,0.29
"VNM",134246,"/Date(1704350481000)/",69200,200,1993600,137856000000,200,false,0.29
"VNM",134246,"/Date(1704350481000)/",69200,100,1993400,137842000000,200,false,0.29
"VNM",134246,"/Date(1704350481000)/",69200,4200,1993300,137835000000,200,false,0.29
"VNM",134246,"/Date(1704350481000)/",69200,900,1989100,137545000000,200,false,0.29
"VNM",134246,"/Date(1704350481000)/",69100,100,1988200,137482000000,100,false,0.14
"VNM",134246,"/Date(1704350481000)/",69100,2000,1988100,137475000000,100,false,0.14
"VNM",134246,"/Date(1704350481000)/",69100,400,1986100,137337000000,100,false,0.14
"VNM",134246,"/Date(1704350481000)/",69100,1000,1985700,137310000000,100,false,0.14
"VNM",134246,"/Date(1704350481000)/",69100,5000,1984700,137240000000,100,false,0.14
"VNM",134246,"/Date(1704350481000)/",69100,1000,1979700,136895000000,100,false,0.14
"VNM",134246,"/Date(1704350481000)/",69100,400,1978700,136826000000,100,false,0.14
"VNM",134246,"/Date(1704350481000)/",69100,500,1978300,136798000000,100,false,0.14
"VNM",134246,"/Date(1704350481000)/",69100,1000,1977800,136764000000,100,false,0.14
"VNM",134246,"/Date(1704350481000)/",69100,5000,1976800,136695000000,100,false,0.14
"VNM",134246,"/Date(1704350481000)/",69100,400,1971800,136349000000,100,false,0.14
"VNM",134246,"/Date(1704350481000)/",69100,7100,1971400,136321000000,100,false,0.14
"VNM",134243,"/Date(1704350475000)/",69000,700,1964300,135831000000,0,true,0
"VNM",134220,"/Date(1704350455000)/",69100,1000,1963600,135783000000,100,false,0.14
"VNM",134214,"/Date(1704350448000)/",69100,1900,1962600,135713000000,100,false,0.14
"VNM",134214,"/Date(1704350448000)/",69100,400,1960700,135582000000,100,false,0.14
"VNM",134214,"/Date(1704350448000)/",69100,1300,1960300,135555000000,100,false,0.14
"VNM",134208,"/Date(1704350442000)/",69000,700,1959000,135465000000,0,true,0
"VNM",134204,"/Date(1704350439000)/",69000,400,1958300,135416000000,0,true,0
"VNM",134155,"/Date(1704350428000)/",69000,100,1957900,135389000000,0,true,0
"VNM",134148,"/Date(1704350422000)/",69100,700,1957800,135382000000,100,false,0.14
"VNM",134148,"/Date(1704350422000)/",69100,300,1957100,135334000000,100,false,0.14
"VNM",134135,"/Date(1704350410000)/",69000,700,1956800,135313000000,0,true,0
"VNM",134132,"/Date(1704350405000)/",69100,200,1956100,135264000000,100,false,0.14
"VNM",134132,"/Date(1704350405000)/",69100,300,1955900,135251000000,100,false,0.14
"VNM",134132,"/Date(1704350405000)/",69100,500,1955600,135230000000,100,false,0.14
"VNM",134132,"/Date(1704350405000)/",69100,700,1955100,135195000000,100,false,0.14
"VNM",134132,"/Date(1704350405000)/",69100,200,1954400,135147000000,100,false,0.14
