"price","change","match_qtty","side","time","total_vol"
4370,10,700,"bu","09:15:07",700
4370,10,800,"bu","09:15:39",1500
4350,-10,600,"bu","09:16:03",2100
4350,-10,100,"bu","09:16:42",2200
4350,-10,300,"bu","09:17:07",2500
4300,-60,1200,"bu","09:17:35",3700
4320,-40,1500,"sd","09:25:28",5200
4320,-40,5000,"sd","09:26:23",10200
4320,-40,1100,"bu","09:26:25",11300
4310,-50,1000,"sd","09:26:32",12300
4380,20,500,"bu","09:26:44",12800
4300,-60,36100,"sd","09:31:29",48900
4200,-160,3300,"bu","09:32:05",64300
4360,0,1000,"sd","09:38:50",65300
4360,0,300,"bu","09:40:18",65600
4360,0,200,"bu","09:41:55",65800
4360,0,3000,"bu","09:45:48",68800
4360,0,500,"bu","09:46:13",69300
4360,0,600,"sd","09:48:06",69900
4360,0,900,"bu","09:49:37",70800
4360,0,1000,"sd","09:51:45",71800
4290,-70,4000,"bu","09:52:47",75800
4270,-90,2000,"bu","09:53:45",77800
4350,-10,1200,"bu","09:59:30",79000
4350,-10,700,"sd","10:06:21",79700
4350,-10,800,"bu","10:07:25",80500
4310,-50,500,"sd","10:11:39",81000
4350,-10,600,"bu","10:17:18",81600
4350,-10,100,"bu","10:20:21",81700
4350,-10,500,"bu","10:23:06",82200
4350,-10,600,"bu","10:25:02",82800
4350,-10,1400,"sd","10:28:36",84200
4350,-10,1000,"bu","10:28:46",85200
4350,-10,100,"bu","10:31:08",85300
4360,0,3000,"bu","10:34:08",88300
4350,-10,7500,"bu","10:35:00",95800
4350,-10,2000,"sd","10:37:08",97800
4350,-10,100,"bu","10:38:47",97900
4360,0,2000,"bu","10:39:50",99900
4330,-30,200,"sd","10:59:12",100100
4330,-30,500,"bu","11:01:50",100600
4330,-30,300,"bu","11:05:14",100900
4330,-30,7900,"bu","11:17:29",108800
4320,-40,100,"sd","11:19:27",108900
4320,-40,22100,"sd","11:24:32",131000
4310,-50,6300,"sd","11:25:38",137300
4300,-60,700,"sd","11:25:56",138000
4350,-10,400,"sd","13:00:58",138400
4350,-10,100,"bu","13:02:27",138500
4330,-30,1000,"sd","13:04:50",139500
4320,-40,200,"bu","13:05:00",139700
4320,-40,1800,"sd","13:06:15",141500
4320,-40,100,"bu","13:06:19",141600
4320,-40,1400,"bu","13:08:57",143000
4320,-40,2000,"bu","13:10:20",145000
4320,-40,4700,"sd","13:10:31",149700
4320,-40,6600,"bu","13:14:59",156300
4320,-40,100,"bu","13:16:36",156400
4320,-40,900,"bu","13:16:51",157300
4320,-40,2400,"bu","13:18:03",159700
4350,-10,100,"bu","13:20:59",159800
4350,-10,2300,"bu","13:29:05",162100
4350,-10,2000,"bu","13:30:05",164100
4350,-10,300,"bu","13:31:00",164400
4350,-10,100,"sd","13:31:39",164500
4360,0,2000,"sd","13:33:18",166500
4360,0,9500,"sd","13:34:41",176000
4360,0,100,"sd","13:35:10",176100
4380,20,58000,"sd","13:36:23",234100
4380,20,1000,"sd","13:36:44",235100
4380,20,800,"sd","13:39:03",235900
4400,40,8700,"bu","13:42:18",244600
4420,60,400,"bu","13:43:38",245000
4420,60,6700,"sd","13:48:22",251700
4440,80,57100,"bu","13:49:45",308800
4450,90,500,"sd","13:50:33",309300
4450,90,100,"sd","13:50:48",309400
4450,90,1700,"bu","13:51:16",311100
4480,120,20000,"sd","13:51:39",331100
4440,80,8300,"sd","13:51:41",339400
4500,140,20000,"sd","13:52:41",359400
4520,160,123000,"sd","13:53:31",482400
4500,140,500,"bu","13:53:47",482900
4500,140,1300,"sd","13:54:25",484200
4510,150,2200,"sd","13:56:02",486400
4520,160,7000,"sd","13:56:17",493400
4520,160,100,"sd","13:57:25",493500
4520,160,500,"sd","13:57:36",494000
4520,160,100,"bu","13:58:40",494100
4540,180,13100,"sd","13:58:55",507200
4540,180,2000,"bu","13:59:12",509200
4560,200,15000,"sd","13:59:36",524200
4570,210,400,"bu","14:00:02",524600
4590,230,26200,"sd","14:00:10",550800
4570,210,1000,"sd","14:00:28",551800
4600,240,34600,"sd","14:00:43",586400
4600,240,6200,"sd","14:01:01",592600
4550,190,100,"bu","14:01:18",592700
4550,190,900,"sd","14:01:26",593600
4550,190,100,"bu","14:01:28",593700
4550,190,2100,"bu","14:02:16",595800
4550,190,200,"bu","14:02:24",596000
4500,140,500,"bu","14:02:25",596500
4600,240,15000,"sd","14:02:37",611500
4620,260,30000,"bu","14:02:54",641500
4630,270,25000,"bu","14:03:13",666500
4640,280,2500,"bu","14:03:30",669000
4640,280,1000,"bu","14:04:16",670000
4630,270,700,"bu","14:05:50",670700
4600,240,100,"bu","14:07:48",670800
4620,260,9000,"bu","14:08:31",679800
4630,270,27200,"bu","14:08:54",707000
4600,240,500,"bu","14:09:15",707500
4630,270,13200,"bu","14:10:37",720700
4630,270,1400,"sd","14:10:53",722100
4630,270,200,"sd","14:11:19",722300
4600,240,200,"sd","14:12:03",722500
4570,210,500,"bu","14:12:23",723000
4570,210,1000,"bu","14:13:15",724000
4570,210,500,"bu","14:14:35",724500
4570,210,100,"bu","14:15:47",724600
4630,270,20000,"sd","14:16:24",744600
4630,270,33000,"sd","14:16:38",777600
4600,240,400,"bu","14:18:24",778000
4600,240,100,"bu","14:18:38",778100
4560,200,2100,"bu","14:19:44",780200
4510,150,8900,"sd","14:20:09",789100
4500,140,10100,"bu","14:20:50",799200
4500,140,500,"bu","14:21:01",799700
4500,140,400,"bu","14:23:57",800100
4500,140,700,"sd","14:24:34",800800
4500,140,100,"bu","14:27:44",800900
4600,240,79200,"sd","14:27:51",880100
4600,240,100,"sd","14:28:14",880200
4460,100,16600,"bu","14:45:10",896800
