"price","change","match_qtty","side","time","total_vol"
32350,-150,82800,"sd","09:15:08",82800
32299.999999999996,-200,1200,"bu","09:15:14",84000
32350,-150,100,"bu","09:15:16",84100
32350,-150,3000,"sd","09:15:17",87100
32350,-150,100,"sd","09:15:18",87200
32350,-150,10100,"sd","09:15:36",97300
32350,-150,1000,"sd","09:15:38",98300
32350,-150,100,"bu","09:15:38",98400
32350,-150,500,"bu","09:15:40",98900
32350,-150,1000,"sd","09:15:40",99900
32299.999999999996,-200,1800,"bu","09:15:41",101700
32350,-150,600,"bu","09:15:43",102300
32350,-150,1000,"bu","09:15:43",103300
32350,-150,100,"bu","09:15:44",103400
32299.999999999996,-200,10800,"sd","09:15:46",114200
32350,-150,1500,"bu","09:15:51",115700
32350,-150,14200,"sd","09:15:56",129900
32350,-150,700,"bu","09:15:57",130600
32350,-150,1200,"bu","09:15:58",131800
32450.000000000004,-50,1000,"sd","09:16:03",132800
32450.000000000004,-50,100,"bu","09:16:16",132900
32450.000000000004,-50,400,"sd","09:16:28",133300
32450.000000000004,-50,2000,"bu","09:16:31",135300
32450.000000000004,-50,200,"bu","09:16:34",135500
32450.000000000004,-50,300,"sd","09:16:35",135800
32400,-100,3000,"bu","09:16:37",138800
32450.000000000004,-50,1000,"bu","09:16:38",139800
32400,-100,2000,"sd","09:16:39",141800
32450.000000000004,-50,600,"sd","09:16:45",142800
32450.000000000004,-50,100,"sd","09:16:46",142900
32450.000000000004,-50,5000,"sd","09:16:47",147900
32450.000000000004,-50,200,"bu","09:16:49",148100
32400,-100,2000,"sd","09:16:51",150100
32450.000000000004,-50,100,"sd","09:16:52",150200
32400,-100,7000,"sd","09:16:54",157200
32450.000000000004,-50,19400,"sd","09:16:56",176600
32500,0,100,"bu","09:17:13",178700
32450.000000000004,-50,800,"bu","09:17:18",179500
32500,0,100,"bu","09:17:34",179600
32500,0,5400,"bu","09:18:11",185000
32500,0,100,"sd","09:18:13",185100
32500,0,3100,"sd","09:18:21",188200
32500,0,100,"sd","09:18:22",188300
32500,0,600,"sd","09:18:26",188900
32450.000000000004,-50,500,"bu","09:18:40",189400
32500,0,1000,"sd","09:18:43",190400
32500,0,100,"sd","09:18:44",190500
32500,0,300,"bu","09:18:48",190800
32450.000000000004,-50,2000,"sd","09:18:50",192800
32450.000000000004,-50,5000,"bu","09:19:28",197800
32500,0,100,"sd","09:19:30",197900
32450.000000000004,-50,800,"sd","09:19:31",198700
32500,0,100,"sd","09:19:33",198800
32450.000000000004,-50,5000,"sd","09:19:36",203800
32450.000000000004,-50,300,"bu","09:19:50",204100
32450.000000000004,-50,100,"sd","09:19:51",204200
32450.000000000004,-50,200,"sd","09:19:57",204400
32500,0,100,"bu","09:19:59",204500
32500,0,1000,"bu","09:20:04",205500
32500,0,100,"sd","09:20:09",205600
32500,0,500,"sd","09:20:11",206100
32500,0,1000,"sd","09:20:13",207100
32450.000000000004,-50,20000,"bu","09:20:18",227100
32500,0,400,"sd","09:20:20",227500
32500,0,1000,"sd","09:20:21",228500
32450.000000000004,-50,9900,"sd","09:20:22",238400
32450.000000000004,-50,4100,"sd","09:20:32",242500
32500,0,200,"bu","09:20:36",242700
32500,0,4600,"bu","09:20:43",247300
32500,0,100,"bu","09:20:55",247400
32450.000000000004,-50,14800,"sd","09:21:09",262200
32450.000000000004,-50,1000,"bu","09:21:12",263200
32400,-100,500,"bu","09:21:13",263700
32450.000000000004,-50,4200,"sd","09:21:15",267900
32500,0,100,"sd","09:21:18",268000
32450.000000000004,-50,700,"bu","09:21:42",268700
32500,0,9000,"bu","09:21:51",277700
32450.000000000004,-50,500,"bu","09:21:56",278200
32450.000000000004,-50,9500,"sd","09:21:58",287700
32450.000000000004,-50,500,"bu","09:21:58",288200
32400,-100,8000,"sd","09:22:01",296200
32450.000000000004,-50,1000,"sd","09:22:04",297200
32450.000000000004,-50,100,"sd","09:22:08",297300
32450.000000000004,-50,500,"sd","09:22:09",297800
32450.000000000004,-50,300,"sd","09:22:17",298100
32450.000000000004,-50,5200,"sd","09:22:24",303300
32450.000000000004,-50,200,"bu","09:22:30",303500
32450.000000000004,-50,100,"bu","09:22:32",303600
32450.000000000004,-50,500,"sd","09:22:34",304100
32450.000000000004,-50,2400,"bu","09:22:43",306500
32450.000000000004,-50,17600,"sd","09:22:43",324100
32450.000000000004,-50,1100,"sd","09:22:47",325200
32450.000000000004,-50,500,"sd","09:22:52",325700
32450.000000000004,-50,100,"bu","09:22:53",325800
32450.000000000004,-50,800,"bu","09:23:02",326600
32450.000000000004,-50,200,"sd","09:23:03",326800
32450.000000000004,-50,400,"sd","09:23:07",327200
32450.000000000004,-50,1100,"bu","09:23:13",328300
32450.000000000004,-50,1000,"bu","09:23:14",329300
32450.000000000004,-50,100,"bu","09:23:16",329400
32450.000000000004,-50,20100,"sd","09:23:20",349500
32450.000000000004,-50,600,"bu","09:23:23",350100
32400,-100,3000,"sd","09:23:26",353100
32450.000000000004,-50,1000,"bu","09:23:30",354100
32450.000000000004,-50,300,"bu","09:23:30",354400
32450.000000000004,-50,1000,"sd","09:23:39",355400
32450.000000000004,-50,100,"bu","09:23:42",355500
32450.000000000004,-50,1000,"bu","09:23:43",356500
32450.000000000004,-50,500,"bu","09:23:48",357000
32450.000000000004,-50,900,"bu","09:23:49",357900
32450.000000000004,-50,100,"bu","09:23:50",358000
32450.000000000004,-50,400,"bu","09:23:56",358400
32450.000000000004,-50,1000,"bu","09:23:59",359400
32450.000000000004,-50,5000,"bu","09:24:06",364400
32450.000000000004,-50,20000,"sd","09:24:07",384400
32450.000000000004,-50,100,"sd","09:24:10",384500
32450.000000000004,-50,1100,"sd","09:24:16",385600
32450.000000000004,-50,500,"sd","09:24:21",386100
32450.000000000004,-50,3900,"sd","09:24:23",390000
32450.000000000004,-50,2200,"bu","09:24:24",392200
32500,0,100,"bu","09:24:28",392300
32500,0,600,"bu","09:25:05",392900
32500,0,100,"sd","09:25:06",393000
32500,0,10100,"sd","09:25:13",403100
32500,0,200,"bu","09:25:14",403300
32500,0,8100,"bu","09:25:15",411400
32500,0,2100,"bu","09:25:23",413500
32500,0,2000,"sd","09:25:43",415500
32500,0,100,"bu","09:25:59",415600
32500,0,5000,"bu","09:26:08",420600
32500,0,100,"sd","09:26:13",420700
32500,0,500,"sd","09:26:16",421200
32450.000000000004,-50,10000,"bu","09:26:18",431200
32500,0,10000,"sd","09:26:37",441200
32500,0,100,"sd","09:26:42",441300
32450.000000000004,-50,1000,"sd","09:26:44",442300
32500,0,100,"sd","09:26:46",442400
32500,0,5200,"bu","09:26:57",447600
32500,0,400,"bu","09:26:59",448000
32500,0,100,"bu","09:27:11",448100
32500,0,300,"bu","09:27:16",448400
32500,0,100,"bu","09:27:27",448500
32500,0,2100,"bu","09:27:47",450600
32500,0,100,"bu","09:27:48",450700
32500,0,1000,"sd","09:27:53",451700
32500,0,2000,"bu","09:28:01",453700
32500,0,5000,"bu","09:28:06",458700
32500,0,200,"bu","09:28:07",458900
32500,0,100,"bu","09:28:09",459000
32500,0,1000,"bu","09:28:15",460000
32500,0,1100,"sd","09:28:20",461100
32500,0,4100,"sd","09:28:27",465200
32500,0,5000,"sd","09:28:30",470200
32500,0,3400,"sd","09:28:35",473600
32500,0,1600,"bu","09:28:35",475200
32500,0,700,"bu","09:28:39",475900
32450.000000000004,-50,1000,"sd","09:28:40",476900
32500,0,100,"sd","09:28:46",477000
32450.000000000004,-50,500,"bu","09:28:48",477500
32450.000000000004,-50,200,"bu","09:28:56",477700
32450.000000000004,-50,1000,"sd","09:29:00",478700
32500,0,4000,"bu","09:29:04",482700
32500,0,3000,"bu","09:29:05",485700
32450.000000000004,-50,500,"bu","09:29:06",486200
32500,0,100,"bu","09:29:07",486300
32500,0,2300,"bu","09:29:09",488600
32500,0,1000,"bu","09:29:19",489600
32500,0,500,"sd","09:29:27",490100
32500,0,300,"sd","09:29:40",490400
32500,0,200,"bu","09:29:41",490600
32500,0,27800,"sd","09:29:45",518400
32500,0,900,"sd","09:30:08",519300
32500,0,1000,"sd","09:30:17",520300
32500,0,400,"bu","09:30:22",520700
32549.999999999996,50,100,"bu","09:30:22",520800
32549.999999999996,50,100,"bu","09:30:48",523200
32549.999999999996,50,400,"bu","09:30:56",524400
32549.999999999996,50,100,"sd","09:30:57",524500
32549.999999999996,50,500,"bu","09:31:00",525000
32549.999999999996,50,100,"sd","09:31:05",525100
32549.999999999996,50,500,"sd","09:31:09",525600
32549.999999999996,50,1000,"bu","09:31:19",526600
32549.999999999996,50,200,"bu","09:31:24",526800
32500,0,2000,"bu","09:31:25",528800
32549.999999999996,50,100,"sd","09:31:27",528900
32549.999999999996,50,30000,"bu","09:31:33",558900
32549.999999999996,50,100,"sd","09:31:35",559000
32500,0,500,"bu","09:31:45",559500
32549.999999999996,50,100,"sd","09:31:46",559600
32549.999999999996,50,3400,"sd","09:31:47",563000
32549.999999999996,50,100,"bu","09:31:52",563100
32500,0,2300,"sd","09:32:00",565400
32549.999999999996,50,100,"sd","09:32:01",565500
32549.999999999996,50,1000,"sd","09:32:09",566500
32549.999999999996,50,100,"bu","09:32:12",566600
32549.999999999996,50,2000,"sd","09:32:26",568600
32500,0,800,"sd","09:32:27",569400
32549.999999999996,50,100,"bu","09:32:31",569500
32549.999999999996,50,5300,"bu","09:32:40",574800
32549.999999999996,50,500,"bu","09:32:50",575300
32549.999999999996,50,100,"bu","09:33:00",575400
32549.999999999996,50,1200,"bu","09:33:11",576600
32549.999999999996,50,3400,"sd","09:33:18",580000
32549.999999999996,50,6600,"bu","09:33:19",586600
32500,0,200,"sd","09:33:23",586800
32549.999999999996,50,100,"sd","09:33:27",586900
32549.999999999996,50,2000,"bu","09:33:43",588900
32549.999999999996,50,500,"bu","09:33:52",589400
32549.999999999996,50,1000,"bu","09:33:55",590400
32549.999999999996,50,100,"bu","09:33:58",590500
32549.999999999996,50,300,"sd","09:34:06",590800
32549.999999999996,50,900,"bu","09:34:08",591700
32549.999999999996,50,100,"bu","09:34:12",591800
32549.999999999996,50,10000,"bu","09:34:13",601800
32549.999999999996,50,800,"bu","09:34:21",602600
32549.999999999996,50,1000,"bu","09:34:27",603600
32549.999999999996,50,100,"sd","09:34:29",603700
32549.999999999996,50,3000,"sd","09:34:35",606700
32549.999999999996,50,300,"sd","09:34:39",607000
32549.999999999996,50,1500,"sd","09:34:48",608500
32549.999999999996,50,1000,"sd","09:34:52",609500
32549.999999999996,50,100,"sd","09:35:01",609600
32549.999999999996,50,1000,"bu","09:35:02",610600
32549.999999999996,50,4200,"bu","09:35:05",614800
32549.999999999996,50,500,"bu","09:35:09",615300
32500,0,300,"bu","09:35:12",615600
32549.999999999996,50,8000,"sd","09:35:16",623600
32549.999999999996,50,2100,"sd","09:35:17",625700
32549.999999999996,50,100,"sd","09:35:19",625800
32549.999999999996,50,300,"bu","09:35:32",626100
32549.999999999996,50,4200,"sd","09:35:39",630300
32600,100,1000,"sd","09:35:57",631300
32600,100,15000,"sd","09:36:05",646300
32600,100,1800,"sd","09:36:10",648100
32600,100,5000,"bu","09:36:23",653100
32600,100,200,"bu","09:36:25",653300
32600,100,300,"sd","09:36:26",653600
32600,100,10000,"sd","09:36:28",663600
32549.999999999996,50,1200,"bu","09:36:34",664800
32549.999999999996,50,1000,"bu","09:36:50",665800
32549.999999999996,50,700,"sd","09:36:51",666500
32549.999999999996,50,3400,"sd","09:36:55",669900
32549.999999999996,50,17500,"sd","09:37:03",687400
32500,0,400,"bu","09:37:04",687800
32549.999999999996,50,1300,"bu","09:37:10",689100
32500,0,1800,"sd","09:37:19",690900
32549.999999999996,50,1200,"bu","09:37:20",692100
32549.999999999996,50,600,"sd","09:37:28",692700
32549.999999999996,50,100,"sd","09:37:30",692800
32549.999999999996,50,3500,"bu","09:37:31",696300
32600,100,400,"bu","09:37:34",696700
32549.999999999996,50,800,"sd","09:37:41",697500
32549.999999999996,50,8700,"bu","09:37:42",706200
32549.999999999996,50,300,"sd","09:37:43",706500
32549.999999999996,50,100,"bu","09:37:50",706600
32549.999999999996,50,7000,"sd","09:37:53",713600
32549.999999999996,50,11300,"bu","09:38:04",724900
32549.999999999996,50,3000,"sd","09:38:04",727900
32549.999999999996,50,100,"sd","09:38:11",728000
32549.999999999996,50,500,"bu","09:38:14",728500
32500,0,800,"sd","09:38:21",729300
32549.999999999996,50,600,"bu","09:38:22",729900
32549.999999999996,50,3000,"sd","09:38:23",732900
32549.999999999996,50,100,"sd","09:38:29",733000
32549.999999999996,50,2000,"sd","09:38:30",735000
32549.999999999996,50,400,"bu","09:38:33",735400
32549.999999999996,50,2000,"bu","09:38:42",737400
32549.999999999996,50,300,"bu","09:38:45",737700
32549.999999999996,50,100,"sd","09:38:46",737800
32549.999999999996,50,12200,"sd","09:38:52",750000
32549.999999999996,50,300,"bu","09:39:02",752600
32549.999999999996,50,3700,"bu","09:39:04",756300
32549.999999999996,50,1600,"bu","09:39:18",757900
32549.999999999996,50,11600,"sd","09:39:22",769500
32549.999999999996,50,200,"bu","09:39:38",769700
32549.999999999996,50,100,"sd","09:39:42",769800
32549.999999999996,50,800,"sd","09:39:48",770600
32549.999999999996,50,13200,"sd","09:40:01",783800
32549.999999999996,50,800,"sd","09:40:04",784600
32549.999999999996,50,12400,"sd","09:40:11",797000
32549.999999999996,50,800,"sd","09:40:15",797800
32549.999999999996,50,25000,"sd","09:40:19",822800
32549.999999999996,50,200,"sd","09:40:20",823000
32549.999999999996,50,800,"bu","09:40:21",823800
32549.999999999996,50,20000,"sd","09:40:22",843800
32549.999999999996,50,800,"bu","09:40:25",844600
32600,100,5000,"sd","09:40:32",849600
32549.999999999996,50,800,"sd","09:40:47",850400
32549.999999999996,50,1000,"sd","09:41:05",851400
32600,100,200,"sd","09:41:07",851600
32549.999999999996,50,4000,"bu","09:41:07",855600
32549.999999999996,50,1800,"bu","09:41:11",857400
32549.999999999996,50,100,"sd","09:41:13",857500
32549.999999999996,50,1100,"bu","09:41:23",858600
32549.999999999996,50,800,"bu","09:41:29",859400
32600,100,100,"sd","09:41:31",859500
32500,0,100000,"sd","09:41:37",959500
32549.999999999996,50,300,"sd","09:41:44",959800
32549.999999999996,50,300,"sd","09:41:49",960100
32600,100,500,"bu","09:41:56",960600
32549.999999999996,50,100,"bu","09:42:04",960700
32549.999999999996,50,5800,"sd","09:42:10",966500
32549.999999999996,50,25800,"bu","09:42:17",992300
32549.999999999996,50,500,"sd","09:42:24",992800
32549.999999999996,50,5000,"bu","09:42:25",997800
32549.999999999996,50,30000,"sd","09:43:03",1027800
32549.999999999996,50,600,"bu","09:43:08",1028400
32549.999999999996,50,3000,"sd","09:43:16",1031400
32549.999999999996,50,100,"bu","09:43:23",1031500
32549.999999999996,50,900,"sd","09:43:49",1032400
32500,0,10000,"bu","09:44:02",1042400
32500,0,500,"sd","09:44:04",1042900
32549.999999999996,50,100,"bu","09:44:11",1043000
32500,0,2300,"sd","09:44:11",1045300
32549.999999999996,50,1500,"bu","09:44:43",1046800
32549.999999999996,50,100,"sd","09:44:55",1046900
32549.999999999996,50,600,"sd","09:45:36",1047500
32500,0,5000,"bu","09:45:52",1052500
32549.999999999996,50,20000,"bu","09:46:00",1072500
32549.999999999996,50,3300,"sd","09:46:02",1075800
32500,0,3400,"bu","09:46:03",1079200
32500,0,500,"bu","09:46:06",1079700
32500,0,900,"bu","09:46:37",1080600
32549.999999999996,50,3100,"sd","09:46:52",1083700
32549.999999999996,50,100,"bu","09:46:54",1083800
32549.999999999996,50,1000,"sd","09:47:11",1084800
32549.999999999996,50,300,"bu","09:47:17",1085100
32549.999999999996,50,30000,"sd","09:47:32",1115100
32549.999999999996,50,100,"bu","09:47:46",1115200
32500,0,232700,"bu","09:48:15",1347900
32500,0,100,"bu","09:48:17",1348000
32500,0,5800,"sd","09:48:22",1353800
32500,0,100,"sd","09:48:23",1353900
32450.000000000004,-50,800,"sd","09:48:28",1354700
32450.000000000004,-50,2000,"sd","09:48:35",1356700
32450.000000000004,-50,6600,"bu","09:48:38",1363300
32500,0,100,"bu","09:48:42",1368400
32500,0,5000,"sd","09:48:49",1373400
32500,0,100,"bu","09:48:53",1373500
32500,0,500,"bu","09:49:00",1374000
32500,0,200,"bu","09:49:03",1374200
32500,0,300,"sd","09:49:32",1374500
32500,0,9200,"bu","09:49:35",1383700
32500,0,10800,"sd","09:49:35",1394500
32450.000000000004,-50,2000,"bu","09:49:56",1396500
32500,0,2100,"bu","09:50:07",1398600
32500,0,23700,"sd","09:50:33",1422300
32500,0,500,"bu","09:50:45",1422800
32500,0,5000,"bu","09:50:55",1427800
32500,0,1000,"sd","09:51:07",1428800
32500,0,5000,"bu","09:51:10",1433800
32450.000000000004,-50,800,"bu","09:51:11",1434600
32500,0,10000,"bu","09:51:17",1444600
32500,0,5000,"sd","09:51:42",1449600
32500,0,500,"sd","09:51:45",1450100
32450.000000000004,-50,300,"bu","09:52:26",1450400
32500,0,200,"sd","09:52:49",1450600
32450.000000000004,-50,700,"bu","09:52:52",1451300
32450.000000000004,-50,600,"bu","09:52:55",1451900
32500,0,2000,"sd","09:52:57",1453900
32500,0,100,"sd","09:53:02",1454000
32450.000000000004,-50,800,"bu","09:53:05",1454800
32450.000000000004,-50,400,"bu","09:53:05",1455200
32450.000000000004,-50,2000,"bu","09:53:25",1457200
32450.000000000004,-50,5800,"bu","09:53:32",1463000
32450.000000000004,-50,5800,"bu","09:53:39",1468800
32500,0,100,"bu","09:53:42",1468900
32450.000000000004,-50,400,"sd","09:54:02",1469300
32450.000000000004,-50,10000,"sd","09:54:02",1479300
32450.000000000004,-50,3000,"bu","09:54:17",1482300
32450.000000000004,-50,200,"bu","09:54:21",1482500
32450.000000000004,-50,400,"bu","09:54:25",1482900
32500,0,1000,"sd","09:54:30",1483900
32500,0,1000,"bu","09:54:32",1484900
32500,0,100,"bu","09:54:56",1485000
32450.000000000004,-50,300,"bu","09:54:58",1485300
32500,0,100,"bu","09:55:06",1485400
32500,0,21800,"sd","09:55:30",1507200
32450.000000000004,-50,200,"sd","09:55:35",1507400
32500,0,8000,"bu","09:55:39",1515400
32450.000000000004,-50,500,"bu","09:55:43",1515900
32500,0,1500,"sd","09:55:50",1517400
32450.000000000004,-50,2000,"bu","09:55:53",1519400
32500,0,100,"bu","09:55:56",1519500
32450.000000000004,-50,2100,"sd","09:56:11",1521600
32500,0,15000,"sd","09:56:17",1536600
32450.000000000004,-50,1600,"sd","09:56:18",1538200
32500,0,100,"bu","09:56:22",1538300
32500,0,200,"sd","09:56:46",1538500
32500,0,1000,"sd","09:57:00",1539500
32500,0,500,"sd","09:57:05",1540000
32500,0,300,"sd","09:57:08",1540300
32500,0,20000,"sd","09:57:13",1560300
32500,0,300,"sd","09:57:15",1560600
32500,0,8000,"bu","09:57:21",1568600
32500,0,1000,"sd","09:57:25",1569600
32450.000000000004,-50,500,"sd","09:57:35",1570100
32500,0,1800,"bu","09:57:38",1571900
32500,0,500,"bu","09:57:42",1572400
32500,0,100,"sd","09:57:45",1572500
32500,0,30000,"sd","09:57:55",1602500
32500,0,22000,"bu","09:58:03",1624500
32500,0,100,"bu","09:58:07",1624600
32500,0,20000,"bu","09:58:13",1644600
32500,0,100,"bu","09:58:14",1644700
32500,0,1000,"sd","09:58:17",1645700
32500,0,100,"sd","09:58:41",1645800
32450.000000000004,-50,400,"bu","09:59:10",1646200
32500,0,1000,"bu","09:59:16",1647200
32500,0,700,"bu","09:59:17",1647900
32500,0,100,"bu","09:59:18",1648000
32450.000000000004,-50,300,"bu","09:59:25",1648300
32500,0,5000,"bu","09:59:27",1653300
32450.000000000004,-50,4800,"sd","09:59:29",1658100
32500,0,1400,"sd","09:59:36",1659500
32500,0,5300,"bu","09:59:52",1664800
32500,0,100,"sd","09:59:53",1664900
32500,0,10800,"sd","10:00:11",1675700
32500,0,300,"bu","10:00:25",1676000
32500,0,100,"bu","10:00:41",1676100
32450.000000000004,-50,300,"sd","10:00:46",1676400
32500,0,100,"bu","10:00:49",1676500
32500,0,200,"bu","10:01:02",1676700
32500,0,300,"bu","10:01:05",1677000
32500,0,5000,"bu","10:01:23",1682000
32500,0,300,"bu","10:01:24",1682300
32500,0,1000,"bu","10:01:27",1683300
32500,0,5500,"bu","10:01:39",1688800
32500,0,100,"bu","10:01:40",1688900
32500,0,5000,"sd","10:01:43",1693900
32500,0,1000,"sd","10:01:45",1694900
32500,0,5100,"bu","10:01:55",1700000
32500,0,1200,"bu","10:02:01",1703200
32450.000000000004,-50,100,"bu","10:02:03",1703300
32500,0,1500,"sd","10:02:28",1704800
32500,0,5000,"sd","10:02:30",1709800
32450.000000000004,-50,1000,"bu","10:02:36",1710800
32450.000000000004,-50,600,"bu","10:02:46",1711400
32500,0,100,"sd","10:02:47",1711500
32500,0,7000,"bu","10:02:56",1718500
32450.000000000004,-50,200,"sd","10:03:04",1719700
32500,0,2500,"bu","10:03:14",1722200
32500,0,200,"sd","10:03:17",1722400
32500,0,5100,"sd","10:03:18",1727500
32450.000000000004,-50,6000,"sd","10:03:24",1733500
32450.000000000004,-50,200,"bu","10:03:25",1733700
32450.000000000004,-50,6200,"sd","10:03:33",1739900
32500,0,1400,"bu","10:03:34",1741300
32500,0,5000,"sd","10:03:38",1746300
32500,0,500,"bu","10:03:39",1746800
32500,0,1700,"sd","10:03:40",1748500
32450.000000000004,-50,200,"bu","10:03:41",1748700
32450.000000000004,-50,1200,"sd","10:04:05",1749900
32450.000000000004,-50,200,"sd","10:04:09",1750100
32450.000000000004,-50,2500,"bu","10:04:19",1752600
32450.000000000004,-50,100,"bu","10:04:34",1752700
32500,0,2100,"sd","10:05:03",1754800
32500,0,1700,"sd","10:05:18",1756500
32500,0,3400,"sd","10:05:19",1759900
32500,0,3400,"bu","10:05:21",1763300
32500,0,2000,"bu","10:05:23",1765300
32450.000000000004,-50,100,"sd","10:05:27",1765400
32500,0,12200,"bu","10:05:40",1777600
32450.000000000004,-50,7600,"bu","10:05:45",1785200
32450.000000000004,-50,2000,"bu","10:05:53",1787200
32549.999999999996,50,100,"sd","10:06:00",1787300
32500,0,1500,"sd","10:06:16",1788800
32500,0,100,"sd","10:06:21",1788900
32500,0,900,"bu","10:06:25",1789800
32500,0,400,"bu","10:06:44",1790200
32500,0,100,"sd","10:07:15",1790300
32500,0,300,"sd","10:07:22",1790600
32500,0,5800,"sd","10:07:24",1796400
32500,0,200,"bu","10:07:25",1796600
32549.999999999996,50,2000,"bu","10:07:40",1798600
32549.999999999996,50,100,"sd","10:07:51",1798700
32549.999999999996,50,3000,"sd","10:08:55",1801700
32549.999999999996,50,5000,"sd","10:09:10",1806700
32549.999999999996,50,10100,"bu","10:09:55",1816800
32500,0,2500,"bu","10:10:05",1819300
32500,0,5800,"sd","10:10:08",1825100
32549.999999999996,50,5000,"bu","10:10:13",1830100
32500,0,5100,"bu","10:10:16",1835200
32500,0,4000,"bu","10:10:18",1839200
32500,0,5800,"bu","10:10:26",1845000
32500,0,400,"bu","10:10:34",1845400
32500,0,1100,"bu","10:10:47",1846500
32500,0,3600,"bu","10:11:03",1850100
32500,0,500,"sd","10:11:09",1850600
32549.999999999996,50,100,"bu","10:11:15",1850700
32500,0,4200,"bu","10:11:27",1854900
32549.999999999996,50,100,"bu","10:11:31",1855000
32549.999999999996,50,5000,"bu","10:11:34",1860000
32549.999999999996,50,15000,"bu","10:12:00",1875000
32549.999999999996,50,8600,"sd","10:12:05",1883600
32500,0,2000,"sd","10:12:08",1885600
32500,0,100,"sd","10:12:14",1885700
32549.999999999996,50,10000,"sd","10:12:22",1895700
32549.999999999996,50,7000,"sd","10:12:23",1902700
32549.999999999996,50,5000,"bu","10:12:47",1907700
32500,0,5000,"bu","10:12:48",1912700
32500,0,300,"bu","10:12:51",1913000
32500,0,8000,"bu","10:13:14",1921000
32500,0,100,"bu","10:13:22",1921100
32500,0,5800,"sd","10:13:35",1926900
32500,0,50000,"sd","10:13:41",1976900
32500,0,200,"sd","10:13:51",1977100
32500,0,7800,"sd","10:13:53",1984900
32500,0,1000,"bu","10:14:07",1985900
32500,0,100,"sd","10:14:15",1986000
32500,0,10000,"bu","10:14:16",1996000
32500,0,1000,"bu","10:14:51",1997000
32500,0,4000,"bu","10:14:55",2001000
32500,0,900,"bu","10:15:12",2001900
32500,0,6300,"bu","10:15:13",2008200
32500,0,2600,"bu","10:15:13",2010800
32549.999999999996,50,300,"bu","10:15:22",2011100
32500,0,100,"bu","10:15:33",2011200
32549.999999999996,50,1000,"sd","10:15:34",2012200
32500,0,200,"sd","10:15:39",2012400
32500,0,100,"sd","10:15:41",2012500
32549.999999999996,50,20100,"sd","10:16:03",2032600
32549.999999999996,50,100,"sd","10:16:04",2032700
32549.999999999996,50,10100,"sd","10:16:10",2042800
32500,0,100,"bu","10:16:15",2042900
32500,0,5800,"bu","10:17:02",2048700
32549.999999999996,50,500,"sd","10:17:05",2049200
32500,0,1000,"sd","10:17:23",2050200
32549.999999999996,50,300,"sd","10:17:26",2050500
32549.999999999996,50,5000,"sd","10:17:30",2055500
32500,0,6600,"sd","10:17:33",2062100
32549.999999999996,50,11200,"sd","10:17:44",2073300
32500,0,2000,"sd","10:17:47",2075300
32549.999999999996,50,100,"sd","10:17:49",2075400
32500,0,1800,"bu","10:17:54",2077200
32549.999999999996,50,100,"bu","10:18:15",2077300
32549.999999999996,50,1000,"bu","10:18:24",2078300
32500,0,400,"bu","10:18:39",2078700
32500,0,5000,"bu","10:18:50",2083700
32500,0,200,"bu","10:18:52",2083900
32500,0,90000,"sd","10:18:57",2173900
32500,0,100,"bu","10:19:05",2174000
32500,0,5100,"sd","10:19:09",2179100
32500,0,1000,"sd","10:19:15",2180100
32500,0,4300,"bu","10:19:19",2184400
32500,0,25800,"sd","10:19:20",2210200
32500,0,18200,"sd","10:19:25",2228400
32450.000000000004,-50,100,"bu","10:19:33",2228500
32500,0,800,"sd","10:19:37",2229300
32450.000000000004,-50,100,"bu","10:19:49",2229400
32450.000000000004,-50,288700,"bu","10:20:27",2518100
32400,-100,500,"sd","10:20:32",2518600
32450.000000000004,-50,100,"sd","10:20:44",2518700
32450.000000000004,-50,500,"sd","10:20:46",2519200
32450.000000000004,-50,20000,"bu","10:20:55",2539200
32450.000000000004,-50,6000,"sd","10:21:02",2545200
32450.000000000004,-50,100,"bu","10:21:03",2545300
32450.000000000004,-50,2500,"bu","10:21:06",2547800
32450.000000000004,-50,100,"sd","10:21:07",2547900
32400,-100,1000,"bu","10:21:21",2548900
32450.000000000004,-50,300,"sd","10:21:28",2549200
32450.000000000004,-50,1000,"sd","10:21:36",2550200
32450.000000000004,-50,2000,"sd","10:21:37",2552200
32400,-100,50000,"sd","10:21:39",2602200
32400,-100,800,"sd","10:21:40",2603000
32450.000000000004,-50,20000,"sd","10:21:41",2623000
32450.000000000004,-50,1500,"sd","10:21:44",2624500
32450.000000000004,-50,2000,"sd","10:21:45",2626500
32450.000000000004,-50,500,"sd","10:21:47",2627000
32450.000000000004,-50,12600,"sd","10:21:48",2639600
32400,-100,100,"sd","10:21:52",2639700
32450.000000000004,-50,5000,"bu","10:21:58",2644700
32400,-100,100,"sd","10:21:59",2644800
32450.000000000004,-50,700,"sd","10:22:03",2645500
32400,-100,100,"bu","10:22:07",2645600
32450.000000000004,-50,1400,"sd","10:22:08",2647000
32450.000000000004,-50,100,"bu","10:22:13",2647100
32450.000000000004,-50,9900,"bu","10:22:28",2657000
32450.000000000004,-50,1000,"bu","10:22:35",2658000
32450.000000000004,-50,5000,"sd","10:22:39",2663000
32450.000000000004,-50,5000,"sd","10:22:41",2668000
32450.000000000004,-50,100,"sd","10:23:03",2668100
32450.000000000004,-50,8000,"bu","10:23:13",2676100
32450.000000000004,-50,800,"sd","10:23:31",2676900
32450.000000000004,-50,2000,"sd","10:23:40",2678900
32450.000000000004,-50,50000,"bu","10:23:45",2728900
32450.000000000004,-50,300,"bu","10:24:13",2729200
32500,0,100,"bu","10:24:44",2729300
32450.000000000004,-50,4100,"bu","10:26:24",2733400
32500,0,600,"bu","10:26:28",2734900
32500,0,300,"bu","10:26:48",2735200
32500,0,20000,"bu","10:26:55",2755200
32500,0,25000,"bu","10:27:00",2780200
32450.000000000004,-50,7000,"sd","10:27:05",2787200
32500,0,40000,"sd","10:27:07",2827200
32500,0,37400,"bu","10:27:16",2864600
32500,0,300,"bu","10:27:18",2864900
32500,0,2000,"sd","10:27:34",2866900
32500,0,4800,"bu","10:27:53",2871700
32500,0,6800,"sd","10:27:55",2878500
32500,0,500,"bu","10:28:05",2879000
32500,0,200,"bu","10:28:10",2879200
32500,0,700,"sd","10:28:13",2879900
32500,0,4600,"bu","10:28:16",2884500
32500,0,400,"sd","10:28:18",2884900
32500,0,3300,"bu","10:28:24",2888200
32500,0,800,"bu","10:28:29",2889000
32500,0,300,"sd","10:28:30",2889300
32500,0,600,"sd","10:28:32",2889900
32500,0,3000,"sd","10:28:35",2892900
32500,0,100,"bu","10:28:41",2893000
32500,0,1100,"bu","10:28:51",2894100
32500,0,15900,"sd","10:28:52",2910000
32500,0,500,"sd","10:29:10",2910500
32500,0,100,"bu","10:29:12",2910600
32500,0,800,"sd","10:29:29",2911400
32500,0,7000,"sd","10:29:36",2918400
32500,0,800,"sd","10:29:44",2919200
32500,0,1700,"sd","10:29:58",2920900
32500,0,800,"bu","10:29:59",2921700
32500,0,1300,"sd","10:30:07",2923000
32500,0,800,"bu","10:30:10",2923800
32500,0,3400,"bu","10:30:42",2927200
32500,0,4000,"sd","10:30:43",2931200
32500,0,800,"sd","10:30:54",2932000
32500,0,2800,"sd","10:31:19",2934800
32549.999999999996,50,900,"sd","10:31:20",2935700
32500,0,5000,"bu","10:31:27",2940700
32549.999999999996,50,9200,"bu","10:31:36",2949900
32500,0,800,"bu","10:31:37",2950700
32500,0,500,"sd","10:31:40",2951200
32500,0,100,"sd","10:31:47",2951300
32500,0,200,"sd","10:31:50",2951500
32500,0,5800,"bu","10:32:01",2957300
32500,0,2000,"sd","10:32:08",2959300
32500,0,5800,"sd","10:32:10",2965100
32500,0,200,"sd","10:32:13",2965300
32500,0,3000,"sd","10:32:19",2968300
32500,0,800,"bu","10:32:28",2969100
32549.999999999996,50,1000,"sd","10:32:32",2970100
32500,0,6800,"bu","10:32:33",2976900
32500,0,1500,"sd","10:32:35",2978400
32500,0,800,"sd","10:32:37",2979200
32500,0,2500,"sd","10:32:38",2981700
32500,0,6600,"bu","10:32:43",2988300
32549.999999999996,50,5900,"sd","10:32:57",2994200
32549.999999999996,50,2000,"bu","10:33:02",2996200
32549.999999999996,50,500,"bu","10:33:23",2996700
32500,0,800,"bu","10:33:38",2997500
32549.999999999996,50,15000,"sd","10:33:40",3012500
32500,0,100,"bu","10:33:41",3012600
32500,0,800,"sd","10:33:49",3013400
32500,0,800,"sd","10:33:59",3014200
32549.999999999996,50,100,"sd","10:34:04",3014300
32500,0,500,"bu","10:34:05",3014800
32500,0,800,"sd","10:34:07",3015600
32500,0,2000,"bu","10:34:08",3017600
32500,0,10000,"sd","10:34:12",3027600
32500,0,800,"sd","10:34:16",3028400
32549.999999999996,50,1300,"sd","10:34:19",3029700
32500,0,800,"sd","10:34:26",3030500
32500,0,1200,"bu","10:34:33",3031700
32500,0,800,"sd","10:34:45",3032500
32500,0,5800,"bu","10:34:52",3038300
32500,0,800,"sd","10:34:56",3039100
32500,0,300,"bu","10:35:01",3039400
32500,0,800,"bu","10:35:02",3040200
32500,0,20000,"bu","10:35:10",3060200
32500,0,500,"bu","10:35:15",3060700
32500,0,51900,"bu","10:35:29",3112600
32500,0,800,"bu","10:35:55",3113400
32549.999999999996,50,1500,"bu","10:36:09",3114900
32500,0,300,"bu","10:36:11",3115200
32500,0,800,"bu","10:36:16",3116000
32549.999999999996,50,15000,"bu","10:36:18",3131000
32500,0,1000,"sd","10:36:19",3132000
32549.999999999996,50,100000,"sd","10:36:21",3232000
32549.999999999996,50,18900,"bu","10:36:24",3250900
32500,0,1400,"bu","10:36:32",3252300
32549.999999999996,50,5000,"sd","10:36:53",3257300
32549.999999999996,50,800,"sd","10:36:55",3258100
32549.999999999996,50,5800,"bu","10:37:11",3263900
32549.999999999996,50,100,"bu","10:37:25",3264000
32549.999999999996,50,500,"bu","10:37:29",3264500
32549.999999999996,50,1600,"bu","10:37:30",3266100
32549.999999999996,50,1800,"bu","10:37:36",3267900
32549.999999999996,50,800,"bu","10:37:43",3268700
32549.999999999996,50,300,"bu","10:37:45",3269000
32549.999999999996,50,700,"sd","10:37:48",3269700
32549.999999999996,50,1500,"sd","10:38:18",3271200
32600,100,10000,"bu","10:38:25",3281200
32549.999999999996,50,9900,"bu","10:38:29",3291100
32549.999999999996,50,100,"sd","10:38:47",3291200
32549.999999999996,50,800,"sd","10:38:56",3292000
32600,100,10000,"bu","10:39:17",3302000
32549.999999999996,50,1300,"sd","10:40:05",3303300
32549.999999999996,50,800,"bu","10:40:10",3304100
32600,100,500,"sd","10:40:19",3304600
32600,100,100,"bu","10:40:23",3304700
32600,100,1500,"bu","10:40:24",3306200
32549.999999999996,50,800,"bu","10:40:44",3307000
32600,100,2900,"sd","10:40:46",3309900
32600,100,2000,"bu","10:40:54",3311900
32600,100,10000,"sd","10:41:03",3321900
32549.999999999996,50,800,"sd","10:41:08",3322700
32600,100,10000,"sd","10:41:10",3332700
32600,100,1300,"sd","10:41:13",3334000
32549.999999999996,50,800,"bu","10:41:14",3334800
32600,100,10000,"sd","10:41:18",3344800
32549.999999999996,50,20000,"sd","10:41:19",3364800
32600,100,700,"sd","10:41:22",3365500
32600,100,10000,"bu","10:41:28",3375500
32549.999999999996,50,800,"bu","10:41:30",3376300
32600,100,10900,"sd","10:41:37",3387200
32600,100,2000,"sd","10:41:38",3389200
32600,100,300,"bu","10:41:46",3389500
32600,100,10000,"bu","10:41:47",3399500
32600,100,5000,"sd","10:41:53",3404500
32549.999999999996,50,800,"sd","10:41:54",3405300
32600,100,100,"bu","10:42:01",3405400
32549.999999999996,50,13800,"sd","10:42:20",3419200
32600,100,200,"sd","10:42:24",3419400
32549.999999999996,50,1500,"sd","10:42:25",3420900
32549.999999999996,50,5800,"bu","10:42:31",3426700
32600,100,13700,"sd","10:42:50",3440400
32600,100,16300,"sd","10:42:51",3456700
32549.999999999996,50,800,"bu","10:42:55",3457500
32600,100,17000,"bu","10:43:05",3474500
32549.999999999996,50,800,"bu","10:43:06",3475300
32600,100,100,"bu","10:43:10",3475400
32549.999999999996,50,800,"bu","10:43:12",3476200
32600,100,400,"bu","10:43:13",3476600
32549.999999999996,50,800,"bu","10:43:14",3477400
32549.999999999996,50,5000,"sd","10:43:19",3482400
32549.999999999996,50,800,"sd","10:43:21",3483200
32600,100,1000,"sd","10:43:24",3484200
32549.999999999996,50,800,"bu","10:43:27",3485000
32600,100,1300,"bu","10:43:33",3486300
32600,100,100,"bu","10:43:49",3486400
32549.999999999996,50,800,"bu","10:43:54",3487200
32600,100,10000,"sd","10:44:00",3497200
32600,100,15000,"bu","10:44:05",3512200
32600,100,4800,"bu","10:44:10",3517000
32549.999999999996,50,800,"bu","10:44:12",3517800
32600,100,7800,"sd","10:44:21",3525600
32600,100,500,"bu","10:44:24",3526100
32549.999999999996,50,4800,"sd","10:44:26",3530900
32549.999999999996,50,800,"bu","10:44:37",3531700
32600,100,500,"bu","10:44:39",3532200
32600,100,40000,"sd","10:44:52",3572200
32600,100,1000,"sd","10:44:54",3573200
32600,100,1200,"sd","10:45:06",3574400
32600,100,9300,"sd","10:45:07",3583700
32600,100,2500,"sd","10:45:08",3586200
32600,100,3300,"sd","10:45:11",3589500
32600,100,10000,"sd","10:45:34",3599500
32600,100,1500,"sd","10:46:10",3601000
32600,100,400,"sd","10:46:29",3601400
32600,100,30000,"sd","10:46:30",3631400
32600,100,9000,"sd","10:46:37",3640400
32600,100,500,"sd","10:46:38",3640900
32600,100,8200,"sd","10:46:50",3649100
32600,100,5000,"sd","10:46:52",3654100
32600,100,600,"sd","10:47:08",3654700
32600,100,3000,"sd","10:47:30",3657700
32600,100,5000,"bu","10:47:31",3662700
32600,100,5800,"sd","10:47:33",3668500
32600,100,5000,"sd","10:47:39",3673500
32600,100,5000,"bu","10:47:40",3678500
32600,100,500,"bu","10:47:41",3679000
32600,100,5800,"sd","10:47:42",3684800
32600,100,2400,"sd","10:47:43",3687200
32600,100,10100,"bu","10:48:00",3697300
32600,100,600,"bu","10:48:05",3697900
32600,100,2000,"bu","10:48:31",3699900
32600,100,8000,"bu","10:48:33",3707900
32600,100,8000,"bu","10:48:46",3715900
32549.999999999996,50,20000,"bu","10:48:57",3735900
32549.999999999996,50,5000,"sd","10:49:04",3740900
32549.999999999996,50,9900,"sd","10:49:13",3750800
32549.999999999996,50,3000,"sd","10:49:23",3753800
32549.999999999996,50,2000,"sd","10:49:33",3755800
32549.999999999996,50,500,"sd","10:50:11",3756300
32549.999999999996,50,300,"bu","10:50:29",3756600
32549.999999999996,50,2000,"bu","10:50:43",3758600
32549.999999999996,50,100,"sd","10:51:31",3758700
32549.999999999996,50,1100,"bu","10:52:40",3759800
32549.999999999996,50,500,"bu","10:52:57",3760300
32549.999999999996,50,1900,"sd","10:53:10",3762200
32600,100,100000,"bu","10:53:12",3862200
32549.999999999996,50,100,"sd","10:53:20",3862300
32600,100,41600,"bu","10:53:38",3903900
32600,100,2000,"bu","10:53:58",3905900
32650,150,1000,"sd","10:54:02",3906900
32650,150,6200,"sd","10:54:28",3913100
32600,100,500,"sd","10:54:30",3913600
32650,150,86000,"sd","10:54:51",3999600
32600,100,40000,"sd","10:54:57",4039600
32600,100,4400,"bu","10:55:02",4044000
32600,100,100,"bu","10:55:03",4044100
32600,100,15500,"sd","10:55:17",4059600
32650,150,1000,"sd","10:55:19",4060600
32650,150,500,"sd","10:55:24",4061100
32600,100,100,"bu","10:55:26",4061200
32600,100,1200,"bu","10:55:44",4062400
32650,150,3000,"bu","10:56:00",4065400
32600,100,5000,"sd","10:56:13",4070400
32600,100,100,"sd","10:56:24",4070500
32600,100,800,"sd","10:56:42",4071300
32600,100,100,"sd","10:56:44",4071400
32600,100,50000,"bu","10:57:07",4121400
32600,100,800,"bu","10:57:24",4122200
32650,150,1000,"bu","10:57:43",4123200
32600,100,5000,"bu","10:57:48",4128200
32650,150,100,"bu","10:57:55",4128300
32650,150,5000,"bu","10:58:27",4133300
32650,150,500,"bu","10:58:33",4133800
32650,150,100,"bu","10:59:15",4133900
32650,150,200,"bu","10:59:40",4134100
32650,150,1800,"bu","10:59:45",4135900
32650,150,20000,"sd","10:59:58",4155900
32600,100,100,"sd","10:59:59",4156000
32600,100,4000,"sd","11:00:05",4160000
32650,150,19700,"sd","11:00:08",4179700
32650,150,9900,"sd","11:00:09",4189600
32650,150,4000,"bu","11:00:15",4193600
32650,150,100,"sd","11:00:49",4193700
32650,150,1000,"bu","11:00:58",4194700
32650,150,100,"bu","11:01:10",4194800
32700.000000000004,200,1000,"bu","11:01:26",4195800
32650,150,1000,"sd","11:01:58",4196800
32650,150,37000,"bu","11:02:12",4233800
32650,150,10800,"bu","11:02:44",4244600
32650,150,30000,"sd","11:02:45",4274600
32650,150,49900,"bu","11:02:55",4324500
32650,150,10000,"sd","11:02:56",4334500
32650,150,10000,"bu","11:03:12",4344500
32650,150,9700,"sd","11:03:14",4354200
32650,150,1500,"sd","11:03:15",4355700
32650,150,400,"sd","11:03:20",4356100
32650,150,1000,"bu","11:03:22",4357100
32650,150,1500,"sd","11:03:31",4358600
32650,150,5000,"bu","11:03:34",4363600
32650,150,500,"bu","11:03:54",4364100
32650,150,200,"sd","11:04:15",4364300
32650,150,1000,"sd","11:04:23",4365300
32650,150,4000,"sd","11:05:07",4369300
32650,150,10000,"bu","11:05:14",4379300
32650,150,200,"bu","11:05:33",4379500
32650,150,2000,"bu","11:05:34",4381500
32650,150,400,"sd","11:05:35",4381900
32700.000000000004,200,1000,"bu","11:05:41",4382900
32650,150,2000,"bu","11:06:29",4384900
32700.000000000004,200,1000,"bu","11:07:29",4385900
32700.000000000004,200,10500,"bu","11:07:46",4396400
32650,150,4000,"bu","11:07:52",4400400
32700.000000000004,200,200,"sd","11:08:07",4400600
32700.000000000004,200,800,"bu","11:08:11",4401400
32700.000000000004,200,200,"sd","11:08:25",4401600
32700.000000000004,200,3600,"bu","11:09:33",4405200
32700.000000000004,200,400,"bu","11:09:44",4405600
32700.000000000004,200,200,"bu","11:10:03",4405800
32700.000000000004,200,300,"sd","11:10:17",4406100
32700.000000000004,200,3000,"sd","11:10:25",4409100
32650,150,100,"bu","11:10:47",4409200
32700.000000000004,200,6400,"bu","11:10:51",4415600
32700.000000000004,200,17400,"bu","11:10:52",4433000
32650,150,5000,"sd","11:11:01",4438000
32650,150,500,"bu","11:12:17",4438500
32700.000000000004,200,2000,"bu","11:12:29",4440500
32700.000000000004,200,100,"sd","11:12:37",4440600
32700.000000000004,200,200,"bu","11:12:39",4440800
32700.000000000004,200,4000,"bu","11:12:40",4444800
32650,150,3500,"bu","11:12:44",4448300
32650,150,500,"sd","11:12:54",4448800
32650,150,2000,"sd","11:13:22",4450800
32650,150,500,"bu","11:13:32",4451300
32650,150,1000,"bu","11:13:33",4452300
32700.000000000004,200,5000,"bu","11:13:40",4457300
32700.000000000004,200,3000,"bu","11:13:43",4460300
32700.000000000004,200,14100,"sd","11:14:30",4474400
32700.000000000004,200,4600,"bu","11:15:09",4479000
32650,150,1000,"sd","11:15:39",4480000
32650,150,100,"bu","11:15:49",4480100
32650,150,1000,"bu","11:15:52",4481100
32650,150,500,"sd","11:15:53",4481600
32650,150,300,"sd","11:16:23",4481900
32650,150,10300,"sd","11:16:56",4492200
32650,150,500,"sd","11:16:58",4492700
32650,150,2300,"bu","11:17:13",4495000
32650,150,1000,"sd","11:17:22",4496000
32650,150,30000,"sd","11:17:23",4526000
32650,150,10100,"sd","11:17:54",4536100
32650,150,500,"bu","11:18:03",4536600
32700.000000000004,200,28000,"bu","11:18:05",4564600
32650,150,500,"sd","11:18:12",4565100
32650,150,5000,"sd","11:18:14",4570100
32700.000000000004,200,200,"bu","11:18:17",4570300
32650,150,4000,"bu","11:18:27",4574300
32650,150,500,"sd","11:18:36",4574800
32650,150,300,"bu","11:18:51",4575100
32650,150,500,"bu","11:18:55",4575600
32650,150,6000,"bu","11:19:10",4581600
32650,150,500,"bu","11:19:41",4582100
32650,150,200,"bu","11:19:43",4582300
32650,150,700,"sd","11:19:46",4583000
32650,150,17000,"bu","11:19:54",4600000
32650,150,4800,"bu","11:20:06",4604800
32650,150,200,"bu","11:20:07",4605000
32650,150,500,"sd","11:20:15",4605500
32650,150,1000,"sd","11:20:25",4606500
32650,150,1200,"sd","11:20:31",4607700
32650,150,50000,"sd","11:20:50",4657700
32650,150,1300,"sd","11:20:57",4659000
32650,150,2300,"bu","11:21:13",4661300
32650,150,2000,"bu","11:21:25",4663300
32650,150,2000,"sd","11:21:34",4665300
32650,150,2000,"bu","11:21:35",4667300
32650,150,1000,"sd","11:21:36",4668300
32650,150,3800,"sd","11:21:42",4672100
32650,150,4000,"sd","11:21:45",4676100
32700.000000000004,200,200,"sd","11:21:50",4676300
32650,150,30000,"bu","11:22:37",4706300
32650,150,20000,"sd","11:22:41",4726300
32700.000000000004,200,3000,"sd","11:22:53",4729300
32650,150,500,"bu","11:23:03",4729800
32650,150,1000,"sd","11:23:04",4730800
32650,150,500,"sd","11:23:23",4731300
32650,150,4100,"sd","11:23:55",4735400
32650,150,24000,"bu","11:23:58",4759400
32650,150,500,"bu","11:24:00",4759900
32650,150,5800,"bu","11:24:02",4765700
32650,150,1900,"bu","11:24:04",4767600
32650,150,13800,"bu","11:24:10",4781400
32650,150,36100,"sd","11:24:27",4817500
32650,150,700,"bu","11:24:36",4818200
32650,150,100,"bu","11:24:43",4818300
32600,100,3700,"sd","11:25:52",4822000
32600,100,800,"sd","11:26:01",4822800
32600,100,27800,"bu","11:26:18",4850600
32600,100,100,"bu","11:26:24",4850700
32600,100,1000,"sd","11:26:38",4851700
32600,100,2500,"bu","11:27:13",4854200
32600,100,5800,"sd","11:27:19",4860000
32600,100,1000,"bu","11:27:54",4861000
32600,100,10500,"sd","11:27:59",4871500
32600,100,700,"bu","11:28:07",4872200
32600,100,50000,"bu","11:28:23",4922200
32600,100,2000,"bu","11:28:28",4924200
32600,100,1100,"sd","11:28:38",4925300
32600,100,2000,"bu","11:28:51",4927300
32600,100,5800,"bu","11:28:58",4933100
32600,100,3000,"sd","11:29:32",4936100
32600,100,2500,"bu","11:29:38",4938600
32600,100,1000,"bu","11:29:55",4939600
32600,100,100,"bu","13:00:18",4939700
32600,100,5600,"bu","13:00:20",4945300
32600,100,1000,"bu","13:00:21",4946300
32650,150,5500,"sd","13:00:32",4951800
32650,150,400,"bu","13:00:41",4952200
32650,150,1800,"sd","13:00:41",4954000
32650,150,100,"sd","13:00:43",4954100
32600,100,48300,"sd","13:00:52",5002400
32650,150,100,"bu","13:00:59",5002500
32600,100,3000,"bu","13:01:00",5005500
32650,150,10000,"sd","13:01:03",5015500
32600,100,3100,"sd","13:01:07",5018600
32600,100,500,"sd","13:01:09",5019100
32600,100,10000,"sd","13:01:12",5029100
32600,100,1000,"sd","13:01:27",5030100
32600,100,2300,"bu","13:02:35",5032400
32600,100,1000,"sd","13:02:45",5033400
32600,100,19000,"sd","13:03:20",5052400
32650,150,100,"bu","13:03:24",5052500
32600,100,300,"bu","13:03:25",5052800
32600,100,28700,"bu","13:04:11",5081500
32600,100,5000,"bu","13:04:16",5086500
32600,100,1000,"bu","13:04:23",5087500
32600,100,3400,"sd","13:04:29",5090900
32600,100,50000,"sd","13:04:57",5140900
32600,100,100,"sd","13:05:16",5141000
32600,100,10600,"sd","13:05:21",5151600
32600,100,900,"bu","13:05:24",5152500
32600,100,8000,"sd","13:05:26",5160500
32600,100,3000,"sd","13:05:37",5163500
32600,100,1100,"sd","13:05:41",5164600
32600,100,1000,"sd","13:05:42",5165600
32600,100,2000,"bu","13:05:51",5167600
32600,100,1500,"bu","13:06:01",5169100
32600,100,400,"bu","13:06:10",5169500
32600,100,5800,"sd","13:06:21",5175300
32600,100,5000,"sd","13:06:30",5180300
32600,100,300,"sd","13:06:37",5180600
32600,100,5800,"bu","13:06:38",5186400
32600,100,1000,"sd","13:06:40",5187400
32600,100,1500,"sd","13:06:45",5188900
32600,100,1700,"sd","13:06:54",5190600
32600,100,1600,"bu","13:07:09",5192200
32600,100,1100,"sd","13:07:13",5193300
32600,100,200,"bu","13:07:17",5193500
32600,100,500,"sd","13:07:22",5194000
32600,100,800,"bu","13:07:36",5194800
32600,100,5000,"sd","13:07:53",5199800
32600,100,1000,"bu","13:07:57",5200800
32600,100,200,"sd","13:08:04",5201000
32600,100,9000,"bu","13:08:13",5210000
32600,100,200,"bu","13:08:16",5210200
32600,100,100,"sd","13:08:56",5210300
32600,100,200,"bu","13:09:05",5210500
32600,100,600,"bu","13:09:17",5211100
32600,100,100,"bu","13:09:48",5211200
32600,100,15400,"sd","13:10:48",5226600
32600,100,700,"sd","13:10:49",5227300
32549.999999999996,50,1500,"sd","13:10:51",5228800
32549.999999999996,50,25000,"sd","13:11:05",5253800
32549.999999999996,50,200,"bu","13:11:15",5254000
32549.999999999996,50,5000,"sd","13:11:36",5259000
32600,100,100,"sd","13:11:40",5259100
32549.999999999996,50,5900,"sd","13:12:44",5265000
32549.999999999996,50,20800,"bu","13:13:00",5285800
32549.999999999996,50,300,"bu","13:13:07",5286100
32549.999999999996,50,1800,"sd","13:13:21",5287900
32549.999999999996,50,3300,"bu","13:13:44",5291200
32549.999999999996,50,800,"bu","13:13:45",5292000
32549.999999999996,50,500,"bu","13:14:02",5292500
32549.999999999996,50,1000,"bu","13:14:21",5293500
32600,100,11000,"sd","13:14:38",5304500
32600,100,200,"bu","13:14:48",5304700
32600,100,500,"bu","13:14:50",5305200
32600,100,600,"sd","13:14:53",5305800
32600,100,2000,"sd","13:14:57",5307800
32600,100,10000,"sd","13:15:08",5317800
32600,100,6500,"bu","13:15:10",5324300
32600,100,2100,"sd","13:15:16",5326400
32600,100,2000,"sd","13:15:29",5328400
32600,100,4000,"bu","13:16:21",5332400
32600,100,5000,"bu","13:16:23",5337400
32600,100,15000,"bu","13:16:52",5352400
32600,100,1100,"sd","13:16:55",5353500
32600,100,1600,"sd","13:17:02",5355100
32549.999999999996,50,3400,"bu","13:17:13",5358500
32600,100,1700,"sd","13:17:20",5360200
32600,100,7600,"sd","13:17:21",5367800
32600,100,1500,"sd","13:17:39",5369300
32600,100,1000,"bu","13:17:48",5370300
32600,100,5000,"sd","13:17:52",5375300
32549.999999999996,50,1000,"sd","13:18:05",5376300
32600,100,500,"sd","13:18:22",5376800
32549.999999999996,50,200,"bu","13:18:25",5377000
32600,100,2000,"sd","13:18:49",5379000
32600,100,200,"sd","13:18:52",5379200
32600,100,5000,"bu","13:19:07",5384200
32600,100,1000,"sd","13:19:09",5385200
32600,100,8700,"sd","13:19:36",5393900
32600,100,2000,"bu","13:19:40",5395900
32600,100,200,"sd","13:19:41",5396100
32600,100,16000,"bu","13:19:44",5412100
32600,100,300,"sd","13:19:47",5412400
32600,100,200,"sd","13:19:54",5412600
32600,100,25200,"bu","13:20:01",5437800
32600,100,1000,"bu","13:20:11",5438800
32600,100,10500,"bu","13:20:16",5449300
32600,100,2200,"bu","13:20:28",5451500
32600,100,800,"sd","13:20:34",5452300
32549.999999999996,50,50000,"sd","13:20:37",5502300
32600,100,1000,"sd","13:20:38",5503300
32600,100,2600,"sd","13:20:43",5505900
32600,100,1000,"bu","13:20:45",5506900
32600,100,100,"bu","13:20:56",5507000
32600,100,5000,"bu","13:20:57",5512000
32600,100,500,"bu","13:20:59",5512500
32600,100,1000,"bu","13:21:03",5513500
32600,100,700,"bu","13:21:06",5514200
32600,100,700,"bu","13:21:08",5514900
32600,100,800,"bu","13:21:15",5515700
32600,100,7500,"sd","13:21:17",5523200
32600,100,900,"bu","13:21:57",5524100
32549.999999999996,50,1000,"sd","13:22:08",5525100
32549.999999999996,50,300,"bu","13:22:20",5525400
32600,100,5000,"sd","13:22:50",5530400
32549.999999999996,50,400,"sd","13:23:14",5530800
32600,100,1000,"sd","13:23:17",5531800
32600,100,800,"sd","13:23:30",5532600
32600,100,300,"sd","13:23:35",5532900
32600,100,500,"bu","13:23:46",5533400
32600,100,3000,"sd","13:23:49",5536400
32600,100,1000,"bu","13:23:53",5537400
32549.999999999996,50,61200,"bu","13:24:00",5598600
32600,100,700,"sd","13:24:01",5599300
32549.999999999996,50,70000,"sd","13:24:05",5669300
32600,100,200,"sd","13:24:09",5669500
32549.999999999996,50,37300,"sd","13:24:23",5706800
32549.999999999996,50,16000,"bu","13:24:25",5722800
32549.999999999996,50,1000,"sd","13:24:48",5723800
32549.999999999996,50,3000,"sd","13:24:49",5726800
32549.999999999996,50,2000,"sd","13:25:06",5728800
32600,100,3600,"bu","13:25:07",5732400
32600,100,500,"bu","13:25:17",5732900
32600,100,3000,"bu","13:25:30",5735900
32600,100,2000,"bu","13:25:32",5737900
32600,100,7300,"sd","13:25:56",5745200
32600,100,10000,"bu","13:25:59",5755200
32600,100,2000,"bu","13:26:02",5757200
32600,100,1000,"sd","13:26:05",5758200
32600,100,400,"sd","13:26:09",5758600
32600,100,5100,"bu","13:26:11",5763700
32600,100,4200,"bu","13:26:12",5767900
32600,100,27500,"bu","13:26:13",5795400
32600,100,600,"bu","13:26:18",5796000
32600,100,5000,"bu","13:26:34",5801000
32650,150,2000,"bu","13:27:08",5803000
32650,150,5000,"bu","13:27:17",5808000
32600,100,1500,"sd","13:27:18",5809500
32650,150,9700,"bu","13:27:29",5819200
32600,100,2000,"sd","13:27:32",5821200
32600,100,800,"bu","13:27:35",5822000
32600,100,5600,"bu","13:27:53",5827600
32650,150,6000,"sd","13:27:58",5833600
32600,100,4000,"sd","13:28:00",5837600
32600,100,5800,"sd","13:28:42",5843400
32600,100,14300,"bu","13:29:02",5857700
32650,150,100,"sd","13:29:05",5857800
32600,100,800,"bu","13:29:13",5858600
32600,100,8600,"sd","13:29:27",5867200
32650,150,3000,"bu","13:29:30",5870200
32600,100,2500,"bu","13:29:32",5872700
32600,100,800,"sd","13:29:35",5873500
32650,150,10000,"bu","13:29:42",5883500
32600,100,800,"bu","13:29:43",5884300
32650,150,7800,"bu","13:29:47",5892100
32600,100,800,"sd","13:29:53",5892900
32650,150,5800,"sd","13:30:00",5898700
32600,100,1100,"sd","13:30:02",5899800
32650,150,3000,"bu","13:30:05",5902800
32650,150,2800,"sd","13:30:08",5905600
32600,100,800,"sd","13:30:13",5906400
32650,150,200,"bu","13:30:14",5906600
32650,150,100800,"sd","13:30:19",6007400
32650,150,600,"sd","13:30:22",6008000
32650,150,800,"sd","13:30:24",6008800
32650,150,3400,"bu","13:30:32",6012200
32650,150,800,"bu","13:30:33",6013000
32650,150,5800,"sd","13:30:40",6018800
32650,150,1800,"bu","13:30:43",6020600
32650,150,800,"bu","13:30:46",6021400
32650,150,32900,"sd","13:31:05",6054300
32650,150,800,"sd","13:31:06",6055100
32650,150,1800,"sd","13:31:27",6056900
32650,150,25000,"bu","13:31:39",6081900
32650,150,300,"sd","13:31:41",6082200
32650,150,3000,"bu","13:31:42",6085200
32650,150,800,"sd","13:31:44",6086000
32650,150,200,"sd","13:31:48",6086200
32650,150,9000,"sd","13:31:51",6095200
32650,150,6600,"bu","13:31:53",6101800
32650,150,10000,"bu","13:31:56",6111800
32650,150,6100,"sd","13:32:06",6117900
32650,150,5000,"sd","13:32:07",6122900
32650,150,100,"sd","13:32:14",6123000
32650,150,10300,"bu","13:32:15",6133300
32650,150,800,"bu","13:32:17",6134100
32650,150,1700,"bu","13:32:23",6135800
32650,150,100,"bu","13:32:32",6135900
32600,100,5200,"bu","13:33:15",6141100
32650,150,200,"sd","13:33:34",6141300
32600,100,500,"bu","13:33:38",6141800
32600,100,5800,"sd","13:33:53",6147600
32650,150,900,"sd","13:34:01",6148500
32600,100,3000,"bu","13:34:02",6151500
32600,100,2000,"bu","13:34:30",6153500
32600,100,3400,"bu","13:34:34",6156900
32600,100,800,"sd","13:34:46",6157700
32600,100,600,"sd","13:34:54",6158300
32600,100,800,"bu","13:35:01",6159100
32600,100,5800,"bu","13:35:04",6164900
32600,100,282600,"bu","13:35:13",6447500
32549.999999999996,50,800,"bu","13:35:21",6448300
32600,100,2000,"sd","13:35:29",6450300
32549.999999999996,50,800,"sd","13:35:37",6451100
32549.999999999996,50,1600,"bu","13:35:49",6452700
32549.999999999996,50,800,"bu","13:35:55",6453500
32549.999999999996,50,81600,"bu","13:36:06",6535100
32549.999999999996,50,1800,"sd","13:36:09",6536900
32600,100,100,"bu","13:36:11",6537000
32549.999999999996,50,2300,"sd","13:36:15",6539300
32600,100,9000,"bu","13:36:27",6548300
32600,100,5500,"bu","13:36:42",6553800
32549.999999999996,50,800,"sd","13:36:47",6554600
32600,100,200,"sd","13:36:51",6554800
32600,100,3000,"sd","13:36:55",6557800
32549.999999999996,50,100,"bu","13:37:00",6557900
32600,100,25000,"bu","13:37:27",6582900
32600,100,20000,"bu","13:37:41",6602900
32600,100,1000,"sd","13:37:47",6603900
32600,100,100,"bu","13:37:50",6604000
32600,100,30000,"sd","13:37:55",6634000
32600,100,100,"sd","13:38:06",6634100
32600,100,23600,"bu","13:38:09",6657700
32600,100,500,"sd","13:38:14",6658200
32600,100,3100,"sd","13:38:22",6661300
32600,100,3200,"bu","13:38:51",6664500
32600,100,21100,"sd","13:39:03",6685600
32600,100,1200,"bu","13:39:33",6686800
32600,100,500,"bu","13:39:48",6687300
32600,100,300,"sd","13:39:53",6687600
32600,100,300,"bu","13:39:56",6687900
32549.999999999996,50,3000,"sd","13:39:57",6690900
32600,100,400,"sd","13:40:07",6691300
32600,100,5000,"sd","13:40:14",6696300
32600,100,2000,"sd","13:40:17",6698300
32600,100,2000,"bu","13:40:18",6700300
32600,100,1600,"bu","13:40:20",6701900
32650,150,2000,"bu","13:40:32",6703900
32650,150,1000,"sd","13:40:40",6704900
32650,150,1000,"sd","13:40:45",6705900
32650,150,100,"bu","13:40:46",6706000
32650,150,1000,"sd","13:40:50",6707000
32600,100,1200,"bu","13:41:05",6708200
32650,150,1000,"sd","13:41:10",6709200
32600,100,10400,"bu","13:41:55",6719600
32600,100,100,"bu","13:42:25",6719700
32600,100,3000,"bu","13:42:36",6722700
32600,100,5800,"bu","13:42:58",6728500
32600,100,20500,"sd","13:42:59",6749000
32600,100,5800,"bu","13:43:06",6754800
32600,100,5800,"bu","13:43:16",6760600
32600,100,700,"sd","13:43:33",6761300
32600,100,9200,"sd","13:43:35",6770500
32600,100,1000,"bu","13:43:38",6771500
32600,100,5800,"bu","13:43:45",6777300
32600,100,300,"bu","13:44:03",6777600
32600,100,5800,"bu","13:44:09",6783400
32600,100,10000,"bu","13:44:14",6793400
32600,100,15000,"sd","13:44:19",6808400
32600,100,100,"bu","13:44:25",6808500
32600,100,1000,"bu","13:44:27",6809500
32600,100,500,"sd","13:44:32",6810000
32600,100,23400,"sd","13:44:40",6833400
32600,100,500,"sd","13:44:49",6833900
32600,100,30000,"bu","13:44:55",6863900
32600,100,400,"sd","13:45:03",6864300
32600,100,2100,"sd","13:45:12",6866400
32600,100,6000,"bu","13:45:17",6872400
32549.999999999996,50,3400,"bu","13:45:27",6875800
32600,100,13100,"bu","13:45:31",6888900
32600,100,1000,"sd","13:45:39",6889900
32600,100,5000,"sd","13:45:44",6894900
32600,100,2000,"sd","13:45:47",6896900
32600,100,1600,"bu","13:45:54",6898500
32600,100,100,"bu","13:45:59",6898600
32600,100,3600,"bu","13:46:00",6902200
32600,100,6400,"bu","13:46:02",6908600
32600,100,1500,"bu","13:46:09",6910100
32600,100,1000,"sd","13:46:10",6911100
32600,100,5000,"sd","13:46:31",6916100
32600,100,2000,"bu","13:46:32",6918100
32600,100,16100,"sd","13:47:07",6934200
32600,100,200,"bu","13:47:27",6934400
32600,100,10000,"bu","13:47:36",6944400
32600,100,15200,"bu","13:47:38",6959600
32600,100,10000,"bu","13:47:41",6969600
32600,100,10000,"bu","13:47:44",6979600
32600,100,200,"sd","13:47:46",6979800
32600,100,1000,"sd","13:47:48",6980800
32600,100,2000,"sd","13:47:56",6982800
32600,100,500,"sd","13:47:58",6983300
32600,100,100,"sd","13:48:02",6983400
32600,100,1000,"bu","13:48:07",6984400
32600,100,1300,"sd","13:48:12",6985700
32600,100,1000,"sd","13:48:18",6986700
32600,100,26000,"bu","13:48:24",7012700
32600,100,900,"bu","13:48:29",7013600
32600,100,5000,"bu","13:48:38",7018600
32600,100,900,"bu","13:48:40",7019500
32600,100,5200,"sd","13:48:58",7024700
32650,150,10500,"sd","13:49:13",7035200
32600,100,8000,"bu","13:49:16",7043200
32600,100,500,"sd","13:49:25",7043700
32650,150,11000,"sd","13:49:33",7054700
32600,100,800,"sd","13:49:36",7055500
32650,150,3800,"bu","13:49:46",7059300
32600,100,800,"bu","13:49:50",7060100
32600,100,2100,"bu","13:50:04",7062200
32600,100,800,"sd","13:50:08",7063000
32650,150,1500,"bu","13:50:13",7064500
32600,100,6600,"sd","13:50:14",7071100
32600,100,800,"sd","13:50:17",7071900
32600,100,8300,"sd","13:50:24",7080200
32600,100,800,"sd","13:50:29",7081000
32600,100,1300,"sd","13:50:31",7082300
32600,100,1300,"sd","13:50:35",7083600
32600,100,800,"bu","13:50:40",7084400
32650,150,400,"bu","13:50:43",7084800
32600,100,800,"sd","13:50:45",7085600
32600,100,5000,"bu","13:51:16",7090600
32600,100,51600,"sd","13:51:35",7142200
32600,100,800,"bu","13:51:41",7143000
32600,100,5000,"sd","13:51:42",7148000
32600,100,1200,"sd","13:51:52",7149200
32650,150,37900,"sd","13:52:01",7187100
32650,150,1800,"sd","13:52:15",7188900
32600,100,1300,"sd","13:52:23",7190200
32600,100,800,"bu","13:52:26",7191000
32650,150,1900,"sd","13:52:42",7192900
32600,100,800,"bu","13:52:46",7193700
32650,150,500,"bu","13:52:49",7194200
32650,150,90000,"bu","13:53:10",7284200
32650,150,5000,"bu","13:53:13",7289200
32650,150,1200,"bu","13:53:28",7290400
32650,150,1300,"sd","13:53:32",7291700
32650,150,4900,"bu","13:53:50",7296600
32650,150,8000,"bu","13:53:54",7304600
32650,150,1200,"sd","13:54:06",7305800
32600,100,800,"sd","13:54:45",7306600
32600,100,800,"sd","13:54:47",7307400
32600,100,3300,"sd","13:55:10",7310700
32600,100,800,"sd","13:55:12",7311500
32600,100,5000,"bu","13:55:13",7316500
32650,150,30000,"bu","13:55:23",7346500
32600,100,1700,"bu","13:55:30",7348200
32650,150,20000,"sd","13:55:41",7368200
32600,100,200,"sd","13:55:53",7368400
32600,100,5800,"sd","13:56:07",7374200
32650,150,1700,"sd","13:56:14",7375900
32600,100,400,"bu","13:56:31",7376300
32650,150,11000,"sd","13:56:51",7387300
32650,150,100,"bu","13:57:09",7387400
32650,150,1900,"bu","13:57:16",7389300
32600,100,6000,"bu","13:58:09",7395300
32600,100,1000,"sd","13:58:16",7396300
32600,100,2000,"bu","13:59:12",7398300
32600,100,5000,"sd","13:59:16",7403300
32600,100,1600,"bu","13:59:19",7404900
32600,100,1700,"sd","13:59:21",7406600
32600,100,200,"sd","13:59:40",7406800
32650,150,20000,"bu","13:59:42",7426800
32650,150,300,"sd","13:59:51",7427100
32650,150,900,"bu","14:00:03",7428000
32650,150,2500,"sd","14:00:05",7430500
32650,150,12600,"sd","14:00:12",7443100
32650,150,1100,"bu","14:00:14",7444200
32650,150,1000,"sd","14:00:30",7445200
32650,150,100,"bu","14:00:33",7445300
32650,150,300,"bu","14:00:41",7445600
32650,150,1000,"sd","14:00:52",7446600
32600,100,6000,"bu","14:01:05",7452600
32650,150,2000,"sd","14:01:07",7454600
32650,150,62400,"bu","14:01:11",7517000
32650,150,2000,"sd","14:01:13",7519000
32650,150,3600,"sd","14:01:18",7522600
32650,150,33100,"sd","14:01:26",7555700
32600,100,10100,"sd","14:01:34",7565800
32650,150,4700,"sd","14:01:36",7570500
32650,150,100,"sd","14:01:39",7570600
32650,150,2000,"bu","14:01:42",7572600
32650,150,4100,"bu","14:01:43",7576700
32650,150,1000,"bu","14:01:48",7577700
32650,150,1000,"sd","14:02:03",7578700
32650,150,500,"sd","14:02:10",7579200
32650,150,20000,"sd","14:02:14",7599200
32650,150,300,"bu","14:02:17",7599500
32650,150,20000,"bu","14:02:20",7619500
32650,150,700,"bu","14:02:25",7620200
32650,150,600,"bu","14:02:29",7620800
32650,150,30000,"sd","14:02:30",7650800
32650,150,3400,"bu","14:02:36",7654200
32650,150,2200,"sd","14:02:39",7656400
32650,150,100,"bu","14:02:43",7656500
32650,150,400,"sd","14:02:50",7656900
32650,150,10000,"bu","14:02:55",7666900
32650,150,1000,"bu","14:02:59",7667900
32650,150,1100,"sd","14:03:11",7669000
32650,150,1000,"sd","14:03:24",7670000
32650,150,200,"bu","14:03:29",7670200
32650,150,16200,"sd","14:03:34",7686400
32650,150,200,"bu","14:03:37",7686600
32650,150,5000,"bu","14:03:39",7691600
32650,150,600,"bu","14:03:41",7692200
32650,150,34200,"sd","14:03:46",7726400
32650,150,700,"sd","14:03:50",7727100
32650,150,1700,"sd","14:04:00",7728800
32650,150,4000,"sd","14:04:36",7732800
32650,150,2300,"bu","14:04:58",7735100
32650,150,1000,"sd","14:05:02",7736100
32650,150,200,"sd","14:05:44",7736300
32650,150,1000,"bu","14:05:50",7737300
32700.000000000004,200,2700,"sd","14:06:27",7740000
32650,150,200,"bu","14:06:39",7740200
32650,150,500,"bu","14:06:41",7740700
32650,150,1600,"sd","14:06:50",7742300
32700.000000000004,200,1700,"sd","14:06:59",7744000
32650,150,400,"sd","14:07:05",7744400
32650,150,100,"sd","14:07:07",7744500
32700.000000000004,200,600,"sd","14:07:18",7745100
32700.000000000004,200,200,"sd","14:07:24",7745300
32650,150,4500,"sd","14:07:33",7749800
32700.000000000004,200,100,"sd","14:07:40",7749900
32700.000000000004,200,6000,"bu","14:07:44",7755900
32700.000000000004,200,100,"bu","14:07:52",7756000
32700.000000000004,200,10000,"bu","14:08:12",7766000
32700.000000000004,200,200,"bu","14:08:14",7766200
32700.000000000004,200,600,"sd","14:08:16",7766800
32700.000000000004,200,2300,"sd","14:08:35",7769100
32700.000000000004,200,100,"bu","14:08:39",7769200
32700.000000000004,200,3000,"sd","14:08:40",7772200
32700.000000000004,200,300,"bu","14:08:42",7772500
32700.000000000004,200,4900,"bu","14:09:09",7777400
32700.000000000004,200,600,"bu","14:09:17",7778000
32700.000000000004,200,1500,"sd","14:09:22",7779500
32700.000000000004,200,200,"bu","14:09:27",7779700
32700.000000000004,200,1900,"bu","14:09:31",7781600
32650,150,800,"sd","14:09:32",7782400
32700.000000000004,200,200,"sd","14:09:35",7782600
32650,150,800,"bu","14:09:36",7783400
32650,150,5200,"bu","14:09:42",7788600
32650,150,800,"bu","14:09:44",7789400
32700.000000000004,200,2100,"sd","14:09:56",7791500
32650,150,800,"bu","14:09:57",7792300
32700.000000000004,200,2000,"bu","14:09:59",7794300
32650,150,800,"sd","14:10:05",7795100
32650,150,2000,"bu","14:10:16",7797100
32650,150,2000,"bu","14:10:20",7799100
32650,150,300,"bu","14:10:22",7799400
32650,150,4300,"sd","14:10:29",7803700
32650,150,1000,"bu","14:10:37",7804700
32650,150,1800,"bu","14:10:44",7806500
32650,150,1800,"sd","14:10:47",7808300
32650,150,1100,"sd","14:10:51",7809400
32650,150,800,"sd","14:10:53",7810200
32650,150,1000,"bu","14:10:57",7811200
32650,150,21000,"bu","14:10:58",7832200
32650,150,1400,"sd","14:11:00",7833600
32650,150,11000,"sd","14:11:04",7844600
32650,150,800,"sd","14:11:06",7845400
32650,150,2000,"sd","14:11:08",7847400
32650,150,800,"bu","14:11:10",7848200
32650,150,3200,"bu","14:11:12",7851400
32650,150,1800,"sd","14:11:14",7853200
32650,150,50000,"bu","14:11:16",7903200
32650,150,12000,"sd","14:11:18",7915200
32650,150,300,"sd","14:11:19",7915500
32650,150,3600,"sd","14:11:31",7919100
32650,150,1700,"bu","14:11:34",7920800
32650,150,10000,"bu","14:11:53",7930800
32650,150,3500,"sd","14:12:01",7934300
32650,150,2900,"sd","14:12:07",7937200
32600,100,4000,"sd","14:12:14",7941200
32600,100,100,"bu","14:12:16",7941300
32650,150,10000,"sd","14:12:26",7951300
32650,150,45100,"bu","14:12:32",7996400
32650,150,6000,"bu","14:12:41",8002400
32650,150,2700,"bu","14:12:49",8005100
32650,150,1000,"bu","14:12:51",8006100
32650,150,300,"bu","14:12:55",8006400
32650,150,2000,"sd","14:13:00",8008400
32650,150,50000,"bu","14:13:05",8058400
32650,150,500,"sd","14:13:07",8058900
32600,100,2700,"bu","14:13:09",8061600
32600,100,200,"bu","14:13:12",8061800
32650,150,2200,"sd","14:13:15",8064000
32650,150,100,"bu","14:13:21",8064100
32650,150,3700,"sd","14:13:28",8067800
32650,150,300,"sd","14:13:34",8068100
32650,150,600,"bu","14:13:36",8068700
32600,100,4000,"bu","14:13:41",8072700
32650,150,100,"bu","14:13:43",8072800
32600,100,2600,"bu","14:13:47",8075400
32600,100,800,"bu","14:13:54",8076200
32600,100,100,"bu","14:13:58",8076300
32650,150,3600,"sd","14:14:08",8079900
32600,100,1000,"sd","14:14:10",8080900
32600,100,800,"bu","14:14:12",8081700
32600,100,1800,"bu","14:14:19",8083500
32600,100,800,"sd","14:14:20",8084300
32600,100,2700,"sd","14:14:24",8087000
32600,100,800,"sd","14:14:28",8087800
32600,100,11200,"bu","14:14:42",8099000
32600,100,3400,"bu","14:14:44",8102400
32600,100,5800,"bu","14:14:53",8108200
32600,100,18800,"sd","14:14:56",8127000
32600,100,2600,"sd","14:15:02",8129600
32600,100,10000,"sd","14:15:05",8139600
32600,100,5800,"sd","14:15:09",8145400
32600,100,800,"bu","14:15:13",8146200
32600,100,20000,"bu","14:15:15",8166200
32600,100,10000,"sd","14:15:17",8176200
32600,100,5800,"sd","14:15:19",8182000
32600,100,2700,"sd","14:15:21",8184700
32600,100,5000,"bu","14:15:23",8189700
32600,100,400,"sd","14:15:25",8190100
32600,100,200,"bu","14:15:30",8190300
32600,100,10800,"sd","14:15:34",8201100
32600,100,1000,"bu","14:15:38",8202100
32600,100,5700,"bu","14:15:39",8207800
32600,100,1000,"sd","14:15:41",8208800
32600,100,100,"sd","14:15:43",8208900
32600,100,23900,"sd","14:15:47",8232800
32600,100,10400,"bu","14:15:49",8243200
32600,100,8100,"bu","14:15:52",8251300
32600,100,9100,"bu","14:15:53",8260400
32600,100,6800,"bu","14:15:56",8267200
32600,100,8400,"sd","14:15:59",8275600
32600,100,1100,"bu","14:16:01",8276700
32600,100,2000,"bu","14:16:03",8278700
32600,100,3800,"sd","14:16:06",8282500
32600,100,5800,"bu","14:16:08",8288300
32600,100,500,"bu","14:16:11",8288800
32600,100,1100,"sd","14:16:13",8289900
32600,100,300,"sd","14:16:15",8290200
32600,100,3900,"bu","14:16:18",8294100
32600,100,4600,"bu","14:16:20",8298700
32600,100,100,"sd","14:16:28",8298800
32549.999999999996,50,2700,"bu","14:16:38",8301500
32600,100,2800,"bu","14:16:56",8304300
32600,100,3000,"sd","14:16:58",8307300
32600,100,2100,"sd","14:17:03",8309400
32600,100,200,"sd","14:17:09",8309600
32600,100,4400,"sd","14:17:16",8314000
32600,100,3000,"bu","14:17:18",8317000
32600,100,100,"bu","14:17:20",8317100
32600,100,2000,"bu","14:17:24",8319100
32600,100,4500,"bu","14:17:33",8323600
32600,100,4500,"sd","14:17:35",8328100
32600,100,42300,"sd","14:17:46",8370400
32600,100,4300,"bu","14:17:53",8374700
32600,100,10000,"sd","14:17:57",8384700
32600,100,700,"sd","14:17:58",8385400
32600,100,4600,"sd","14:18:05",8390000
32600,100,1500,"bu","14:18:09",8391500
32600,100,6100,"bu","14:18:13",8397600
32600,100,200,"bu","14:18:17",8397800
32650,150,300,"sd","14:18:21",8398100
32600,100,1000,"sd","14:18:22",8399100
32600,100,1800,"bu","14:18:26",8400900
32600,100,1500,"bu","14:18:28",8402400
32600,100,4300,"bu","14:18:32",8406700
32600,100,2000,"bu","14:18:38",8408700
32600,100,4400,"sd","14:18:51",8413100
32600,100,50000,"bu","14:18:55",8463100
32600,100,500,"sd","14:18:59",8463600
32600,100,10500,"bu","14:19:05",8474100
32600,100,4400,"bu","14:19:10",8478500
32600,100,2000,"sd","14:19:11",8480500
32600,100,3200,"sd","14:19:21",8483700
32600,100,400,"bu","14:19:23",8484100
32600,100,4300,"sd","14:19:29",8488400
32600,100,1000,"bu","14:19:32",8489400
32600,100,700,"sd","14:19:34",8490100
32600,100,14400,"sd","14:19:49",8504500
32600,100,200,"bu","14:19:59",8504700
32600,100,10800,"sd","14:20:07",8515500
32600,100,1000,"bu","14:20:19",8516500
32600,100,500,"sd","14:20:24",8517000
32600,100,4400,"bu","14:20:26",8521400
32600,100,4000,"bu","14:20:28",8525400
32600,100,4400,"sd","14:20:46",8529800
32600,100,500,"sd","14:20:48",8530300
32650,150,200,"sd","14:20:50",8530500
32650,150,100,"bu","14:20:57",8530600
32600,100,4500,"bu","14:21:06",8535100
32600,100,24300,"bu","14:21:23",8559400
32650,150,300,"sd","14:21:27",8559700
32650,150,5000,"sd","14:21:37",8564700
32600,100,6400,"bu","14:21:44",8571100
32600,100,2000,"bu","14:21:52",8573100
32600,100,30000,"bu","14:21:59",8603100
32600,100,4400,"bu","14:22:01",8607500
32600,100,4300,"sd","14:22:20",8611800
32600,100,800,"sd","14:22:26",8612600
32600,100,5800,"sd","14:22:37",8618400
32600,100,4400,"sd","14:22:39",8622800
32600,100,5800,"bu","14:22:45",8628600
32600,100,14000,"sd","14:22:47",8642600
32600,100,800,"bu","14:22:56",8643400
32600,100,5600,"sd","14:23:02",8649000
32600,100,15800,"bu","14:23:08",8664800
32600,100,700,"bu","14:23:13",8665500
32600,100,4500,"sd","14:23:18",8670000
32600,100,1000,"bu","14:23:22",8671000
32600,100,500,"bu","14:23:30",8671500
32600,100,4300,"bu","14:23:37",8675800
32650,150,20000,"bu","14:23:43",8695800
32600,100,3900,"sd","14:23:45",8699700
32600,100,200,"bu","14:23:47",8699900
32600,100,4400,"sd","14:23:55",8704300
32650,150,60000,"sd","14:23:57",8764300
32650,150,500,"sd","14:24:05",8764800
32600,100,10000,"sd","14:24:07",8774800
32600,100,34300,"bu","14:24:16",8809100
32650,150,6800,"sd","14:24:17",8815900
32600,100,1000,"bu","14:24:25",8816900
32650,150,3000,"bu","14:24:27",8819900
32650,150,1000,"sd","14:24:28",8820900
32600,100,4400,"bu","14:24:32",8825300
32650,150,1000,"bu","14:24:36",8826300
32650,150,200,"sd","14:24:48",8826500
32600,100,5900,"bu","14:24:53",8832400
32600,100,100,"bu","14:24:59",8832500
32600,100,1100,"bu","14:25:03",8833600
32600,100,500,"bu","14:25:11",8834100
32600,100,4300,"bu","14:25:13",8838400
32650,150,2000,"sd","14:25:18",8840400
32650,150,40000,"bu","14:25:26",8880400
32600,100,9300,"sd","14:25:30",8889700
32650,150,1000,"bu","14:25:33",8890700
32650,150,23500,"bu","14:25:39",8914200
32650,150,5100,"sd","14:25:41",8919300
32650,150,13100,"bu","14:25:46",8932400
32650,150,4300,"bu","14:25:51",8936700
32650,150,200,"bu","14:25:55",8936900
32650,150,100,"bu","14:25:57",8937000
32650,150,1000,"bu","14:26:02",8938000
32650,150,4500,"sd","14:26:09",8942500
32650,150,2300,"bu","14:26:17",8944800
32650,150,9700,"bu","14:26:19",8954500
32650,150,400,"bu","14:26:24",8954900
32650,150,200,"bu","14:26:29",8955100
32650,150,2000,"sd","14:26:33",8957100
32650,150,500,"sd","14:26:35",8957600
32700.000000000004,200,15600,"bu","14:26:41",8973200
32700.000000000004,200,1000,"sd","14:27:15",8974200
32650,150,2900,"sd","14:27:17",8977100
32700.000000000004,200,300,"bu","14:27:23",8977400
32650,150,39600,"sd","14:27:28",9017000
32650,150,2900,"bu","14:27:32",9019900
32650,150,2000,"sd","14:27:34",9021900
32650,150,900,"sd","14:27:40",9022800
32650,150,6500,"sd","14:27:51",9029300
32650,150,33600,"sd","14:27:54",9062900
32650,150,10100,"sd","14:28:08",9073000
32650,150,200,"bu","14:28:10",9073200
32650,150,4000,"bu","14:28:19",9077200
32650,150,1000,"sd","14:28:28",9078200
32700.000000000004,200,30000,"bu","14:28:32",9108200
32650,150,1000,"sd","14:28:36",9109200
32700.000000000004,200,1300,"sd","14:28:40",9110500
32650,150,10000,"bu","14:28:42",9120500
32650,150,50000,"sd","14:28:48",9170500
32650,150,700,"bu","14:29:00",9171200
32650,150,100,"bu","14:29:02",9171300
32650,150,4000,"sd","14:29:06",9175300
32700.000000000004,200,3000,"bu","14:29:18",9178300
32650,150,6600,"sd","14:29:26",9184900
32650,150,5100,"bu","14:29:31",9190000
32650,150,200,"sd","14:29:32",9190200
32650,150,500,"bu","14:29:37",9190700
32700.000000000004,200,10800,"sd","14:29:50",9201500
32650,150,2500,"sd","14:29:52",9204000
32700.000000000004,200,1500,"sd","14:29:56",9205500
32650,150,200,"bu","14:30:03",9205700
32950,450,2203000,"sd","14:45:19",11408700
