"price","change","match_qtty","side","time","total_vol"
16350.000000000002,-50,342000,"sd","09:15:12",342000
16350.000000000002,-50,3000,"sd","09:15:15",345000
16350.000000000002,-50,800,"bu","09:15:29",345800
16350.000000000002,-50,500,"sd","09:15:37",346300
16400,0,20100,"sd","09:15:39",366400
16350.000000000002,-50,300,"bu","09:15:45",366700
16400,0,100,"bu","09:15:46",366800
16350.000000000002,-50,2900,"sd","09:15:51",369700
16400,0,200,"sd","09:15:53",370100
16400,0,100,"bu","09:15:53",370200
16350.000000000002,-50,1200,"sd","09:15:57",371400
16350.000000000002,-50,4000,"sd","09:15:58",375400
16400,0,100,"bu","09:16:00",375500
16350.000000000002,-50,4000,"bu","09:16:03",379500
16400,0,2000,"sd","09:16:04",381500
16400,0,1000,"bu","09:16:13",382500
16400,0,10200,"bu","09:16:15",392700
16350.000000000002,-50,500,"sd","09:16:17",393200
16350.000000000002,-50,2000,"sd","09:16:20",395200
16400,0,1000,"sd","09:16:24",396200
16400,0,600,"sd","09:16:27",396800
16350.000000000002,-50,2200,"bu","09:16:28",399000
16400,0,300,"bu","09:16:30",399300
16400,0,2300,"bu","09:16:31",401600
16350.000000000002,-50,100,"bu","09:16:33",401700
16400,0,1000,"bu","09:16:37",402700
16400,0,200,"sd","09:16:43",402900
16400,0,500,"sd","09:16:44",403400
16350.000000000002,-50,4800,"bu","09:16:47",408200
16350.000000000002,-50,200,"bu","09:16:51",408400
16400,0,600,"sd","09:16:59",409000
16400,0,200,"sd","09:17:02",409200
16400,0,21000,"sd","09:17:05",430200
16400,0,102300,"sd","09:17:09",532500
16400,0,500,"sd","09:17:10",533800
16400,0,600,"bu","09:17:12",534800
16400,0,100,"bu","09:17:14",534900
16400,0,300,"bu","09:17:17",535200
16400,0,3000,"sd","09:17:20",538200
16450,50,100,"sd","09:17:22",538300
16450,50,1100,"bu","09:17:26",539400
16450,50,3800,"bu","09:17:34",543200
16400,0,100,"sd","09:17:34",540000
16450,50,6800,"bu","09:17:35",546800
16450,50,5100,"bu","09:17:37",570800
16450,50,3000,"sd","09:17:38",573800
16450,50,3000,"sd","09:17:39",576800
16500,100,100,"bu","09:17:48",577900
16500,100,1100,"bu","09:17:49",579000
16450,50,1200,"sd","09:17:50",580200
16450,50,800,"sd","09:17:50",581000
16450,50,6800,"bu","09:17:53",587800
16450,50,3200,"bu","09:18:02",591000
16450,50,16800,"bu","09:18:02",607800
16500,100,3100,"bu","09:18:03",610900
16450,50,500,"sd","09:18:05",611400
16500,100,50000,"bu","09:18:09",661400
16500,100,100,"sd","09:18:09",661500
16500,100,600,"bu","09:18:12",662100
16500,100,15800,"bu","09:18:15",677900
16500,100,200,"sd","09:18:15",672400
16500,100,1000,"sd","09:18:19",681600
16500,100,4000,"bu","09:18:27",685600
16500,100,15000,"bu","09:18:28",700600
16500,100,100,"bu","09:18:29",700700
16500,100,600,"bu","09:18:30",701300
16550,150,11000,"bu","09:18:31",712300
16550,150,5200,"bu","09:18:37",717500
16550,150,500,"sd","09:18:38",718000
16550,150,700,"sd","09:18:40",718700
16550,150,5000,"bu","09:18:41",723700
16550,150,2000,"sd","09:18:44",725700
16550,150,200,"bu","09:18:48",726200
16600,200,600,"sd","09:18:51",726800
16550,150,600,"bu","09:18:52",728800
16550,150,100,"sd","09:18:55",728900
16600,200,5000,"bu","09:18:56",733900
16550,150,2200,"sd","09:18:57",736100
16600,200,4000,"bu","09:18:58",740100
16600,200,200,"sd","09:19:00",740300
16600,200,500,"sd","09:19:03",740800
16600,200,400,"sd","09:19:04",741200
16600,200,100,"sd","09:19:07",753600
16600,200,1000,"bu","09:19:09",805100
16550,150,5000,"bu","09:19:13",810100
16600,200,100,"bu","09:19:14",810200
16600,200,1000,"sd","09:19:15",811200
16550,150,1500,"bu","09:19:17",812700
16600,200,17200,"bu","09:19:18",829900
16550,150,100,"bu","09:19:18",827700
16600,200,3200,"bu","09:19:19",830900
16600,200,5600,"sd","09:19:22",836500
16550,150,3200,"sd","09:19:30",839700
16600,200,1500,"sd","09:19:32",841200
16600,200,2000,"sd","09:19:34",843200
16550,150,200,"sd","09:19:38",843400
16550,150,12000,"bu","09:19:38",855400
16600,200,16100,"bu","09:19:39",871500
16550,150,300,"bu","09:19:41",875000
16550,150,1100,"sd","09:19:41",876100
16550,150,5400,"bu","09:19:44",881500
16550,150,5500,"sd","09:19:44",887000
16550,150,1000,"sd","09:19:46",888000
16550,150,2000,"sd","09:19:47",890000
16550,150,100,"sd","09:19:48",890100
16550,150,2100,"sd","09:19:50",892200
16550,150,500,"bu","09:19:51",893200
16550,150,12000,"bu","09:19:56",905200
16550,150,900,"sd","09:19:57",906100
16550,150,1100,"bu","09:19:59",907200
16550,150,500,"sd","09:20:00",907700
16550,150,7000,"bu","09:20:02",914700
16500,100,200,"bu","09:20:07",916500
16500,100,5200,"bu","09:20:09",921700
16500,100,5000,"sd","09:20:10",926700
16500,100,1200,"bu","09:20:13",927900
16550,150,20100,"sd","09:20:14",948000
16500,100,1000,"bu","09:20:14",932600
16500,100,20900,"sd","09:20:15",953500
16500,100,2000,"sd","09:20:16",958800
16500,100,11100,"bu","09:20:16",969900
16500,100,7000,"sd","09:20:21",976900
16500,100,500,"bu","09:20:22",977400
16500,100,600,"bu","09:20:25",978000
16500,100,4900,"sd","09:20:26",982900
16500,100,500,"bu","09:20:28",983400
16500,100,100,"bu","09:20:29",983500
16500,100,200,"sd","09:20:29",983700
16500,100,1000,"sd","09:20:29",984700
16500,100,4500,"bu","09:20:31",989200
16450,50,1300,"bu","09:20:33",990500
16500,100,1700,"sd","09:20:35",992200
16500,100,300,"bu","09:20:36",992500
16500,100,2300,"sd","09:20:38",994800
16450,50,20000,"sd","09:20:41",1014800
16450,50,50500,"sd","09:20:43",1065300
16500,100,8500,"sd","09:20:45",1073800
16450,50,2200,"bu","09:20:45",1067500
16450,50,7300,"sd","09:20:46",1074800
16450,50,1000,"bu","09:20:49",1075800
16450,50,4000,"bu","09:20:50",1079800
16450,50,5500,"bu","09:20:51",1085300
16500,100,1000,"bu","09:20:53",1086300
16450,50,200,"sd","09:20:57",1086500
16450,50,1000,"bu","09:21:00",1087500
16500,100,7800,"sd","09:21:02",1097500
16450,50,500,"sd","09:21:03",1098000
16450,50,2500,"sd","09:21:05",1100500
16450,50,700,"sd","09:21:05",1101200
16450,50,13500,"sd","09:21:07",1114700
16450,50,300,"bu","09:21:13",1115000
16450,50,4600,"bu","09:21:13",1119600
16450,50,5000,"bu","09:21:16",1124600
16450,50,500,"sd","09:21:19",1125100
16450,50,5500,"sd","09:21:24",1130600
16450,50,22100,"sd","09:21:25",1152700
16450,50,100,"bu","09:21:25",1130700
16450,50,24400,"bu","09:21:27",1155100
16500,100,1300,"bu","09:21:29",1156400
16450,50,300,"sd","09:21:30",1158200
16450,50,3200,"sd","09:21:31",1161400
16450,50,100,"bu","09:21:35",1161500
16450,50,2500,"bu","09:21:35",1164000
16450,50,2000,"sd","09:21:37",1166000
16450,50,6000,"sd","09:21:38",1172000
16450,50,2000,"sd","09:21:40",1174000
16450,50,2400,"bu","09:21:40",1176400
16450,50,25900,"bu","09:21:41",1202300
16400,0,2000,"sd","09:21:41",1191100
16450,50,12300,"bu","09:21:43",1203400
16450,50,300,"sd","09:21:44",1203700
16450,50,300,"sd","09:21:46",1205800
16450,50,800,"sd","09:21:48",1206800
16450,50,200,"bu","09:21:50",1207000
16400,0,2300,"bu","09:21:52",1209300
16400,0,6000,"bu","09:21:53",1215300
16450,50,200,"sd","09:21:56",1215500
16450,50,300,"bu","09:21:56",1215800
16450,50,200,"bu","09:21:56",1216000
16450,50,2400,"bu","09:21:57",1218400
16400,0,300,"sd","09:21:57",1216300
16450,50,4400,"bu","09:21:58",1220700
16450,50,100,"bu","09:21:59",1220800
16400,0,1000,"sd","09:22:01",1221800
16450,50,500,"bu","09:22:14",1222300
16450,50,700,"bu","09:22:20",1223000
16450,50,1000,"bu","09:22:23",1224000
16450,50,2000,"bu","09:22:24",1226000
16450,50,23400,"sd","09:22:25",1249400
16450,50,6000,"sd","09:22:26",1256400
16450,50,200,"bu","09:22:27",1256600
16450,50,100,"sd","09:22:28",1256700
16450,50,5000,"bu","09:22:28",1261700
16450,50,500,"bu","09:22:30",1262200
16450,50,300,"bu","09:22:31",1265800
16400,0,2400,"sd","09:22:32",1269600
16450,50,100,"sd","09:22:36",1271600
16450,50,1000,"bu","09:22:46",1272600
16450,50,100,"bu","09:22:51",1272700
16500,100,1200,"sd","09:23:14",1273900
16500,100,100,"bu","09:23:19",1274000
16500,100,1100,"sd","09:23:22",1275100
16500,100,2000,"sd","09:23:31",1277100
16500,100,300,"bu","09:23:39",1277400
16500,100,1000,"bu","09:23:46",1278400
16450,50,200,"bu","09:23:53",1278600
16450,50,2500,"sd","09:23:55",1281100
16500,100,500,"bu","09:24:06",1281600
16450,50,1000,"bu","09:24:08",1282600
16500,100,200,"sd","09:24:19",1282800
16500,100,100,"bu","09:24:19",1282900
16450,50,10000,"bu","09:24:21",1292900
16500,100,100,"sd","09:24:23",1293000
16450,50,10300,"sd","09:24:24",1303300
16500,100,4500,"sd","09:24:24",1297500
16450,50,10800,"sd","09:24:28",1308300
16450,50,22000,"bu","09:24:36",1330300
16500,100,100,"bu","09:24:42",1330400
16500,100,200,"bu","09:24:51",1330600
16500,100,10100,"bu","09:24:57",1340700
16500,100,200,"sd","09:25:05",1340900
16500,100,500,"bu","09:25:09",1341400
16500,100,300,"sd","09:25:10",1341700
16450,50,10900,"sd","09:25:13",1352600
16450,50,1100,"bu","09:25:14",1356700
16500,100,600,"sd","09:25:15",1357300
16500,100,10000,"sd","09:25:16",1367300
16500,100,100,"bu","09:25:18",1367400
16500,100,200,"bu","09:25:21",1367600
16500,100,100,"sd","09:25:31",1367700
16450,50,3000,"sd","09:25:32",1370700
16450,50,3000,"sd","09:25:35",1373700
16500,100,500,"sd","09:25:38",1374200
16500,100,1000,"bu","09:25:43",1375200
16500,100,100,"sd","09:25:52",1375300
16500,100,2200,"sd","09:25:53",1377500
16500,100,6100,"bu","09:25:54",1395700
16500,100,100,"sd","09:25:58",1395800
16500,100,8000,"sd","09:26:01",1403800
16500,100,400,"bu","09:26:08",1404200
16450,50,10000,"bu","09:26:09",1414200
16500,100,1000,"sd","09:26:09",1415200
16500,100,5000,"bu","09:26:10",1420200
16500,100,1800,"sd","09:26:20",1422000
16500,100,100,"sd","09:26:20",1422100
16500,100,500,"sd","09:26:21",1422600
16500,100,30000,"bu","09:26:24",1452600
16500,100,100,"sd","09:26:25",1452700
16500,100,4000,"sd","09:26:27",1456700
16450,50,6000,"sd","09:26:31",1462700
16500,100,1000,"sd","09:26:32",1463700
16500,100,200,"sd","09:26:32",1463900
16500,100,100,"bu","09:26:33",1464000
16500,100,1000,"sd","09:26:36",1465000
16500,100,100,"bu","09:26:38",1465100
16500,100,400,"bu","09:26:39",1465500
16450,50,7000,"sd","09:26:51",1472500
16500,100,5000,"bu","09:26:52",1477500
16450,50,9000,"sd","09:26:53",1486500
16500,100,3000,"bu","09:26:58",1489500
16500,100,2000,"sd","09:26:58",1491500
16500,100,100,"bu","09:27:02",1491600
16500,100,700,"bu","09:27:10",1492300
16500,100,166300,"sd","09:27:11",1658600
16500,100,300,"sd","09:27:18",1658900
16550,150,100,"sd","09:27:20",1659000
16500,100,10100,"sd","09:27:25",1669100
16500,100,41900,"bu","09:27:27",1711000
16500,100,4000,"sd","09:27:31",1715000
16500,100,300,"sd","09:27:34",1715300
16500,100,2000,"bu","09:27:35",1717300
16500,100,100,"bu","09:27:35",1715400
16500,100,2900,"bu","09:27:37",1718300
16500,100,4000,"sd","09:27:38",1722300
16500,100,100,"bu","09:27:39",1722400
16500,100,10000,"sd","09:27:46",1732400
16500,100,10700,"sd","09:27:48",1743100
16500,100,800,"sd","09:27:49",1743900
16500,100,11700,"sd","09:27:51",1755600
16500,100,100,"bu","09:27:52",1755700
16500,100,15600,"bu","09:28:01",1771300
16500,100,400,"bu","09:28:02",1771700
16500,100,1000,"sd","09:28:08",1772700
16550,150,2500,"sd","09:28:27",1775200
16500,100,600,"sd","09:28:28",1775800
16500,100,8500,"bu","09:28:31",1784300
16500,100,1300,"sd","09:28:34",1785600
16500,100,100,"bu","09:28:36",1785700
16550,150,600,"sd","09:28:57",1786300
16550,150,10100,"bu","09:29:05",1796400
16550,150,200,"sd","09:29:10",1796600
16550,150,300,"sd","09:29:10",1796900
16550,150,100,"sd","09:29:16",1797000
16550,150,500,"bu","09:29:18",1797500
16500,100,5000,"sd","09:29:23",1802500
16550,150,1000,"sd","09:29:26",1803500
16550,150,100,"bu","09:29:34",1803600
16550,150,200,"sd","09:29:37",1803800
16550,150,100,"sd","09:29:39",1803900
16500,100,1000,"bu","09:29:42",1804900
16550,150,500,"bu","09:29:46",1805400
16500,100,1000,"bu","09:29:50",1806400
16550,150,2200,"sd","09:29:53",1808600
16550,150,100,"sd","09:29:55",1808700
16500,100,10000,"sd","09:29:57",1818700
16550,150,2000,"bu","09:30:08",1820700
16500,100,10000,"bu","09:30:09",1830700
16550,150,10000,"bu","09:30:12",1840700
16550,150,21000,"sd","09:30:15",1861700
16550,150,1000,"bu","09:30:20",1862700
16550,150,100,"bu","09:30:28",1862800
16550,150,1100,"bu","09:30:32",1863900
16550,150,3900,"bu","09:30:41",1867800
16550,150,100,"sd","09:30:42",1867900
16500,100,20100,"sd","09:30:46",1888000
16500,100,18000,"bu","09:30:56",1906000
16550,150,100,"sd","09:30:56",1906100
16500,100,1000,"bu","09:30:59",1907100
16500,100,1500,"sd","09:31:01",1908600
16500,100,2000,"sd","09:31:04",1910600
16500,100,200,"bu","09:31:08",1910800
16500,100,3000,"bu","09:31:12",1913800
16550,150,100,"bu","09:31:13",1913900
16500,100,10000,"bu","09:31:15",1923900
16500,100,2000,"sd","09:31:17",1925900
16500,100,300,"sd","09:31:19",1926200
16500,100,6900,"sd","09:31:19",1933100
16500,100,7300,"bu","09:31:22",1940400
16550,150,5000,"sd","09:31:23",1945400
16550,150,2500,"bu","09:31:25",1947900
16500,100,13600,"sd","09:31:29",1961500
16500,100,200,"sd","09:31:32",1961700
16500,100,300,"bu","09:31:38",1962000
16500,100,1000,"bu","09:31:39",1963000
16500,100,800,"sd","09:31:41",1963800
16500,100,100,"bu","09:31:43",1963900
16500,100,400,"bu","09:31:46",1964300
16500,100,500,"sd","09:31:47",1964800
16500,100,200,"sd","09:31:55",1965000
16500,100,500,"sd","09:32:01",1965500
16450,50,300,"bu","09:32:02",1965800
16450,50,1500,"bu","09:32:18",1967300
16500,100,100,"sd","09:32:20",1967400
16500,100,1000,"bu","09:32:21",1968400
16450,50,3000,"bu","09:32:30",1971400
16500,100,200,"sd","09:32:36",1971600
16450,50,1200,"sd","09:32:39",1972800
16500,100,300,"sd","09:32:40",1973100
16500,100,100,"bu","09:32:42",1973200
16500,100,9600,"sd","09:32:49",1982800
16500,100,200,"bu","09:32:57",1983000
16500,100,300,"sd","09:32:58",1983300
16450,50,10000,"bu","09:33:01",1993300
16500,100,100,"sd","09:33:02",1993400
16500,100,2000,"sd","09:33:09",1995400
16500,100,100,"bu","09:33:10",1995500
16500,100,10000,"sd","09:33:13",2005500
16500,100,2000,"sd","09:33:15",2007500
16500,100,94900,"sd","09:33:19",2102400
16500,100,1000,"sd","09:33:27",2103400
16500,100,10000,"bu","09:33:31",2113400
16500,100,300,"bu","09:33:32",2113700
16500,100,1300,"sd","09:33:35",2115000
16500,100,500,"bu","09:33:48",2115500
16550,150,100,"sd","09:33:49",2115600
16500,100,500,"sd","09:33:55",2116100
16550,150,1100,"sd","09:34:16",2117200
16550,150,2000,"sd","09:34:20",2119200
16500,100,1500,"bu","09:34:21",2120700
16500,100,700,"bu","09:34:28",2121400
16500,100,2500,"sd","09:34:29",2123900
16550,150,10000,"bu","09:34:33",2133900
16550,150,100,"sd","09:34:37",2134000
16550,150,4100,"bu","09:34:48",2138100
16550,150,500,"sd","09:34:51",2138600
16500,100,100,"bu","09:34:54",2138700
16550,150,1000,"sd","09:35:19",2139700
16550,150,1200,"bu","09:35:22",2140900
16550,150,800,"bu","09:35:26",2141700
16550,150,1300,"bu","09:35:27",2143000
16550,150,700,"sd","09:35:30",2143700
16550,150,100,"sd","09:35:31",2143800
16550,150,15000,"sd","09:35:35",2158800
16550,150,9100,"bu","09:35:41",2167900
16550,150,3000,"sd","09:35:55",2170900
16500,100,19600,"sd","09:35:55",2190500
16550,150,23700,"sd","09:35:58",2290500
16550,150,500,"bu","09:36:08",2291000
16550,150,100,"sd","09:36:10",2291100
16500,100,1100,"bu","09:36:13",2292200
16550,150,300,"bu","09:36:14",2292500
16550,150,600,"sd","09:36:17",2293100
16550,150,500,"bu","09:36:18",2293600
16500,100,300,"bu","09:36:19",2293900
16550,150,400,"sd","09:36:24",2294300
16550,150,2200,"sd","09:36:26",2296500
16550,150,3500,"bu","09:36:31",2300000
16550,150,2000,"sd","09:36:32",2302000
16550,150,500,"bu","09:36:34",2302500
16550,150,200,"sd","09:36:35",2302700
16550,150,200,"sd","09:36:37",2302900
16550,150,300,"bu","09:36:40",2303200
16550,150,5600,"sd","09:36:40",2308800
16550,150,200,"bu","09:36:41",2309000
16550,150,500,"sd","09:36:44",2309500
16550,150,2000,"sd","09:36:45",2311500
16550,150,700,"sd","09:36:48",2312200
16500,100,10000,"sd","09:36:48",2322200
16550,150,1500,"sd","09:36:50",2323700
16550,150,500,"sd","09:36:53",2324200
16550,150,100,"bu","09:36:55",2324300
16550,150,300,"bu","09:36:56",2324600
16550,150,5000,"bu","09:36:58",2329600
16550,150,15000,"sd","09:37:02",2344600
16550,150,5000,"bu","09:37:03",2349600
16550,150,500,"sd","09:37:07",2350100
16500,100,1100,"bu","09:37:08",2351200
16550,150,100,"bu","09:37:15",2351300
16550,150,6000,"sd","09:37:16",2357300
16550,150,13000,"sd","09:37:17",2370300
16550,150,100,"bu","09:37:20",2372400
16550,150,5700,"bu","09:37:22",2378100
16550,150,5000,"bu","09:37:26",2383100
16550,150,6500,"bu","09:37:30",2389600
16550,150,31700,"bu","09:37:32",2421300
16550,150,300,"sd","09:37:34",2421600
16550,150,1500,"sd","09:37:39",2423100
16600,200,500,"sd","09:37:40",2423600
16600,200,500,"bu","09:37:50",2424100
16600,200,1100,"bu","09:37:51",2425200
16550,150,300,"bu","09:37:55",2425500
16550,150,6500,"sd","09:38:11",2432000
16600,200,500,"sd","09:38:12",2432500
16550,150,1000,"sd","09:38:13",2433500
16600,200,10000,"bu","09:38:17",2443500
16600,200,6000,"sd","09:38:22",2449500
16600,200,1500,"bu","09:38:24",2451000
16600,200,500,"bu","09:38:27",2451500
16600,200,20000,"bu","09:38:28",2471500
16600,200,1100,"bu","09:38:38",2472600
16600,200,600,"bu","09:38:43",2473200
16600,200,1400,"bu","09:38:55",2474600
16600,200,100,"bu","09:38:56",2474700
16550,150,1600,"sd","09:38:57",2476300
16600,200,5900,"sd","09:39:00",2482200
16600,200,700,"bu","09:39:04",2482900
16600,200,200,"bu","09:39:10",2483100
16600,200,10000,"sd","09:39:12",2493100
16600,200,100,"bu","09:39:14",2493200
16600,200,2600,"sd","09:39:23",2495800
16600,200,100,"sd","09:39:26",2495900
16600,200,5000,"bu","09:39:28",2500900
16600,200,100,"sd","09:39:32",2501000
16600,200,14000,"sd","09:39:41",2515000
16600,200,5100,"bu","09:39:49",2520100
16600,200,400,"sd","09:39:58",2520500
16600,200,500,"sd","09:40:08",2521000
16550,150,100,"bu","09:40:13",2521100
16600,200,900,"sd","09:40:22",2522000
16600,200,500,"sd","09:40:24",2522500
16600,200,200,"sd","09:40:25",2522700
16600,200,2000,"sd","09:40:26",2524700
16600,200,100,"sd","09:40:34",2524800
16600,200,10000,"bu","09:40:36",2534800
16600,200,300,"sd","09:40:39",2535100
16550,150,300,"bu","09:40:42",2535400
16600,200,100,"bu","09:40:43",2535500
16600,200,500,"sd","09:40:45",2536000
16550,150,1000,"bu","09:40:49",2537000
16600,200,10000,"bu","09:40:51",2547000
16600,200,200,"sd","09:41:00",2547200
16600,200,500,"bu","09:41:07",2547700
16600,200,10000,"sd","09:41:13",2557700
16550,150,5500,"sd","09:41:26",2563200
16600,200,200,"bu","09:41:30",2563400
16550,150,500,"bu","09:41:33",2563900
16550,150,600,"bu","09:41:34",2564500
16550,150,200,"bu","09:41:35",2564700
16600,200,700,"bu","09:41:39",2565400
16550,150,5000,"bu","09:41:40",2570400
16550,150,100,"sd","09:41:45",2570500
16550,150,1500,"sd","09:41:46",2572000
16550,150,100,"sd","09:41:48",2572100
16550,150,9400,"sd","09:41:52",2581500
16550,150,500,"bu","09:41:53",2582000
16600,200,100,"sd","09:41:54",2582100
16600,200,2800,"bu","09:41:56",2584900
16550,150,1500,"bu","09:41:57",2586400
16600,200,100,"bu","09:42:06",2586500
16550,150,14100,"sd","09:42:07",2600600
16550,150,1000,"sd","09:42:09",2601600
16550,150,25000,"sd","09:42:10",2626600
16550,150,100,"bu","09:42:11",2626700
16550,150,300,"bu","09:42:13",2627000
16550,150,500,"bu","09:42:13",2627500
16550,150,4600,"bu","09:42:14",2632100
16550,150,3000,"sd","09:42:16",2635100
16550,150,16000,"sd","09:42:17",2651100
16550,150,22700,"bu","09:42:23",2673800
16550,150,6500,"sd","09:42:24",2680300
16550,150,1600,"bu","09:42:25",2683300
16550,150,500,"bu","09:42:25",2681400
16550,150,7000,"bu","09:42:27",2688400
16550,150,500,"bu","09:42:30",2690400
16550,150,2000,"sd","09:42:32",2692400
16550,150,6000,"bu","09:42:33",2698400
16550,150,300,"sd","09:42:33",2698700
16550,150,5100,"sd","09:42:37",2703800
16550,150,35400,"sd","09:42:38",2739200
16550,150,10900,"bu","09:42:38",2750100
16550,150,100,"bu","09:42:42",2750200
16550,150,2100,"bu","09:43:01",2752300
16550,150,1200,"bu","09:43:09",2753500
16500,100,5000,"bu","09:43:10",2758500
16500,100,100,"sd","09:43:23",2758600
16500,100,1000,"bu","09:43:26",2759600
16550,150,100,"sd","09:43:34",2759700
16500,100,1000,"bu","09:43:48",2760700
16550,150,100,"bu","09:43:55",2760800
16500,100,200,"sd","09:44:00",2761000
16550,150,400,"bu","09:44:06",2761400
16500,100,4000,"bu","09:44:09",2765400
16550,150,1100,"sd","09:44:14",2766500
16500,100,4100,"bu","09:44:33",2770600
16500,100,5000,"sd","09:44:34",2775600
16500,100,200,"sd","09:44:42",2775800
16550,150,100,"sd","09:44:46",2775900
16500,100,600,"sd","09:44:58",2776500
16550,150,100,"sd","09:45:24",2776600
16550,150,9800,"bu","09:45:38",2786400
16550,150,100,"sd","09:45:46",2786500
16550,150,800,"sd","09:46:01",2787300
16550,150,100,"bu","09:46:03",2787400
16500,100,500,"bu","09:46:05",2787900
16550,150,600,"bu","09:46:06",2788500
16550,150,300,"bu","09:46:08",2788800
16500,100,700,"bu","09:46:09",2789500
16550,150,100,"sd","09:46:15",2789600
16550,150,1100,"sd","09:46:23",2790700
16500,100,6200,"sd","09:46:25",2797900
16550,150,3000,"bu","09:46:28",2800900
16550,150,100,"bu","09:46:33",2801000
16550,150,3100,"bu","09:46:52",2804100
16500,100,8000,"sd","09:46:58",2812100
16550,150,100,"bu","09:47:02",2812200
16500,100,1000,"sd","09:47:09",2813200
16500,100,10000,"bu","09:47:10",2823200
16500,100,1000,"bu","09:47:20",2824200
16550,150,100,"bu","09:47:23",2824300
16500,100,2000,"sd","09:47:28",2826300
16500,100,5000,"bu","09:47:29",2831300
16550,150,2700,"bu","09:47:43",2834000
16500,100,20000,"sd","09:47:51",2854000
16500,100,100,"sd","09:48:00",2854100
16500,100,1000,"sd","09:48:05",2855100
16500,100,2000,"sd","09:48:07",2857100
16550,150,100,"sd","09:48:14",2857200
16550,150,4100,"sd","09:48:17",2861300
16500,100,100,"sd","09:48:22",2861400
16550,150,1100,"sd","09:48:23",2862500
16550,150,1600,"sd","09:48:56",2864100
16550,150,100,"bu","09:49:03",2864200
16550,150,2000,"sd","09:49:07",2866200
16550,150,3000,"bu","09:49:13",2869200
16550,150,1000,"bu","09:49:15",2870200
16500,100,300,"sd","09:49:22",2870500
16550,150,1000,"bu","09:49:34",2871500
16500,100,7000,"sd","09:49:41",2878500
16550,150,100,"sd","09:49:42",2878600
16500,100,16000,"bu","09:49:49",2894600
16500,100,4000,"sd","09:49:53",2898600
16500,100,1000,"bu","09:49:56",2899600
16500,100,8000,"sd","09:50:00",2907600
16500,100,2000,"bu","09:50:02",2909600
16500,100,1000,"bu","09:50:05",2910600
16550,150,100,"bu","09:50:17",2910700
16500,100,1600,"bu","09:50:19",2912300
16500,100,500,"sd","09:50:23",2912800
16500,100,2200,"sd","09:50:26",2915000
16500,100,17800,"sd","09:50:27",2932800
16500,100,50000,"bu","09:50:33",2982800
16500,100,1000,"bu","09:50:34",2983800
16500,100,45000,"bu","09:50:35",3028800
16500,100,3400,"sd","09:50:38",3033800
16500,100,5700,"bu","09:50:39",3039500
16500,100,1400,"bu","09:50:40",3040900
16500,100,2000,"sd","09:50:41",3042900
16500,100,100,"bu","09:50:43",3043000
16500,100,5000,"sd","09:50:44",3048000
16500,100,900,"sd","09:50:46",3048900
16500,100,10000,"bu","09:50:48",3058900
16500,100,5000,"sd","09:50:48",3063900
16500,100,1700,"bu","09:50:50",3065600
16500,100,1300,"bu","09:50:51",3066900
16500,100,200,"sd","09:50:51",3067100
16500,100,6800,"bu","09:50:54",3073900
16500,100,300,"sd","09:50:56",3074200
16500,100,400,"sd","09:50:56",3074600
16500,100,200,"sd","09:51:00",3074800
16500,100,600,"sd","09:51:04",3075400
16500,100,1700,"sd","09:51:05",3077100
16500,100,3100,"sd","09:51:18",3080200
16500,100,200,"bu","09:51:21",3080400
16500,100,100,"sd","09:51:25",3080500
16500,100,200,"sd","09:51:28",3080700
16500,100,1900,"bu","09:51:35",3082600
16500,100,1000,"sd","09:51:39",3083600
16500,100,100,"bu","09:51:43",3083700
16500,100,500,"bu","09:51:50",3084200
16450,50,1000,"sd","09:51:58",3085200
16500,100,500,"sd","09:51:59",3085700
16500,100,3000,"bu","09:52:05",3088700
16500,100,800,"bu","09:52:07",3093700
16500,100,600,"sd","09:52:19",3094300
16500,100,5000,"sd","09:52:20",3099300
16500,100,10100,"sd","09:52:21",3109400
16500,100,100,"sd","09:52:25",3110700
16500,100,400,"bu","09:52:27",3111100
16450,50,1800,"bu","09:52:30",3112900
16500,100,8000,"bu","09:52:38",3120900
16500,100,100,"sd","09:52:45",3121000
16450,50,2500,"bu","09:52:50",3123500
16500,100,200,"sd","09:53:05",3123700
16450,50,8000,"sd","09:53:05",3131700
16450,50,400,"sd","09:53:07",3132100
16500,100,100,"sd","09:53:12",3132200
16500,100,20000,"bu","09:53:19",3152200
16450,50,10000,"sd","09:53:20",3162200
16500,100,1000,"bu","09:53:21",3163200
16500,100,7900,"bu","09:53:28",3171100
16450,50,300,"sd","09:53:30",3171400
16450,50,400,"sd","09:53:39",3171800
16500,100,100,"bu","09:53:54",3171900
16450,50,2000,"sd","09:53:55",3173900
16450,50,1000,"sd","09:54:00",3174900
16450,50,31000,"bu","09:54:08",3205900
16450,50,2000,"sd","09:54:09",3207900
16450,50,3000,"sd","09:54:19",3210900
16450,50,1000,"bu","09:54:20",3211900
16450,50,500,"sd","09:54:21",3212400
16450,50,7000,"sd","09:54:30",3219400
16450,50,500,"sd","09:54:39",3219900
16500,100,100,"bu","09:54:40",3220000
16450,50,10000,"sd","09:54:42",3230000
16450,50,20000,"sd","09:54:45",3250000
16450,50,200,"sd","09:54:47",3250200
16500,100,100,"bu","09:54:49",3250300
16450,50,400,"bu","09:54:59",3250700
16500,100,200,"bu","09:55:00",3250900
16500,100,3000,"sd","09:55:02",3253900
16500,100,100,"bu","09:55:04",3254000
16500,100,3000,"sd","09:55:10",3257000
16500,100,3000,"sd","09:55:14",3260000
16450,50,50000,"sd","09:55:21",3310000
16450,50,1000,"sd","09:55:25",3311000
16450,50,6100,"bu","09:55:27",3317100
16450,50,1000,"sd","09:55:33",3318100
16450,50,20500,"bu","09:55:46",3338600
16450,50,15700,"bu","09:55:48",3354300
16450,50,10000,"bu","09:55:52",3364300
16450,50,900,"bu","09:55:52",3365200
16450,50,200,"sd","09:55:55",3365400
16450,50,1800,"sd","09:55:58",3367200
16450,50,2200,"sd","09:55:59",3369400
16450,50,2800,"bu","09:56:05",3372200
16500,100,11100,"sd","09:56:10",3383300
16450,50,20300,"sd","09:56:12",3403600
16450,50,5000,"bu","09:56:13",3408600
16500,100,500,"sd","09:56:16",3409100
16500,100,1000,"bu","09:56:18",3410100
16450,50,1400,"bu","09:56:23",3411500
16450,50,23200,"sd","09:56:29",3434700
16500,100,5200,"bu","09:56:33",3439900
16450,50,400,"sd","09:56:34",3440300
16450,50,50000,"bu","09:56:36",3490300
16450,50,200,"bu","09:56:40",3490500
16450,50,200,"sd","09:56:50",3490700
16450,50,10000,"sd","09:56:53",3500700
16450,50,3000,"sd","09:56:57",3503700
16450,50,500,"sd","09:56:58",3504200
16450,50,2000,"sd","09:57:00",3506200
16450,50,3800,"sd","09:57:10",3510000
16450,50,100,"bu","09:57:14",3510100
16500,100,5500,"bu","09:57:18",3515600
16450,50,500,"sd","09:57:40",3516100
16500,100,1500,"bu","09:57:59",3517600
16500,100,10000,"bu","09:58:04",3527600
16450,50,10000,"sd","09:58:14",3537600
16500,100,200,"bu","09:58:16",3537800
16450,50,20000,"sd","09:58:19",3557800
16450,50,2000,"bu","09:58:20",3559800
16500,100,5000,"sd","09:58:21",3564800
16450,50,8000,"sd","09:58:27",3572800
16450,50,500,"sd","09:58:28",3573300
16450,50,6000,"bu","09:58:32",3579300
16450,50,500,"bu","09:58:33",3579800
16450,50,50000,"bu","09:58:35",3629800
16450,50,100,"sd","09:58:39",3629900
16450,50,15000,"bu","09:58:44",3644900
16450,50,11000,"sd","09:59:01",3655900
16450,50,40000,"bu","09:59:04",3695900
16450,50,600,"bu","09:59:06",3696500
16450,50,10000,"bu","09:59:12",3706500
16500,100,200,"bu","09:59:13",3706700
16450,50,100,"bu","09:59:14",3706800
16450,50,10000,"bu","09:59:40",3716800
16450,50,200,"sd","09:59:44",3717000
16450,50,49800,"bu","09:59:52",3766800
16450,50,10400,"sd","09:59:56",3777200
16450,50,600,"sd","09:59:59",3777800
16450,50,6000,"bu","10:00:01",3783800
16450,50,600,"bu","10:00:03",3784400
16450,50,14300,"sd","10:00:09",3798700
16450,50,200,"bu","10:00:13",3798900
16450,50,2500,"sd","10:00:21",3801400
16450,50,1500,"sd","10:00:26",3802900
16450,50,600,"bu","10:00:31",3803500
16450,50,300,"bu","10:00:38",3803800
16450,50,6100,"sd","10:00:42",3809900
16450,50,3000,"sd","10:01:07",3812900
16500,100,1000,"bu","10:01:13",3813900
16450,50,1000,"sd","10:01:17",3814900
16500,100,300,"bu","10:01:23",3815200
16500,100,2000,"bu","10:01:28",3817200
16450,50,3100,"sd","10:01:33",3820300
16500,100,2000,"sd","10:01:53",3822300
16500,100,2100,"bu","10:02:04",3824400
16500,100,7100,"bu","10:02:19",3831500
16500,100,500,"bu","10:02:25",3832000
16500,100,4500,"bu","10:02:27",3836500
16500,100,1000,"sd","10:02:35",3837500
16500,100,300,"sd","10:02:37",3837800
16500,100,15400,"bu","10:02:40",3853200
16500,100,1100,"sd","10:03:05",3854300
16500,100,100,"bu","10:03:06",3854400
16450,50,1000,"bu","10:03:06",3855400
16500,100,500,"bu","10:03:07",3855900
16500,100,100,"sd","10:03:23",3856000
16500,100,6000,"sd","10:03:32",3862000
16500,100,100,"sd","10:03:33",3862100
16500,100,800,"sd","10:03:34",3862900
16500,100,1000,"sd","10:03:37",3863900
16450,50,200,"sd","10:03:38",3864100
16450,50,2000,"bu","10:03:42",3866100
16450,50,5000,"bu","10:03:47",3871100
16500,100,1000,"sd","10:03:52",3872100
16500,100,100,"bu","10:04:07",3872200
16500,100,200,"bu","10:04:09",3872400
16500,100,40000,"sd","10:04:18",3912400
16450,50,900,"bu","10:04:22",3913300
16500,100,500,"bu","10:04:24",3913800
16450,50,2000,"bu","10:04:26",3915800
16500,100,100,"sd","10:04:30",3915900
16450,50,200,"sd","10:04:34",3916100
16500,100,500,"bu","10:04:42",3916600
16500,100,200,"sd","10:04:42",3916800
16500,100,400,"bu","10:04:47",3917200
16450,50,3500,"bu","10:04:48",3920700
16450,50,6500,"bu","10:04:49",3927200
16450,50,100,"bu","10:04:50",3927300
16500,100,7100,"sd","10:04:59",3934400
16450,50,14000,"bu","10:05:02",3948400
16500,100,1900,"sd","10:05:04",3950300
16450,50,2000,"bu","10:05:14",3952300
16500,100,100,"sd","10:05:18",3952400
16450,50,200,"bu","10:05:26",3952600
16450,50,10300,"bu","10:05:36",3962900
16500,100,100,"bu","10:05:39",3963000
16500,100,5000,"sd","10:05:44",3968000
16500,100,100,"bu","10:06:06",3968100
16500,100,2800,"sd","10:06:13",3970900
16500,100,1000,"sd","10:06:14",3971900
16500,100,100,"bu","10:06:15",3972000
16500,100,400,"bu","10:06:52",3972400
16450,50,600,"sd","10:06:54",3973000
16450,50,10000,"bu","10:06:59",3983000
16500,100,30000,"sd","10:07:03",4013000
16500,100,500,"sd","10:07:14",4013500
16500,100,5100,"sd","10:07:24",4018600
16500,100,2100,"sd","10:07:33",4020700
16500,100,1000,"bu","10:07:35",4021700
16500,100,300,"sd","10:07:48",4022000
16500,100,400,"bu","10:07:59",4022400
16500,100,131100,"sd","10:08:15",4153500
16500,100,100,"bu","10:08:18",4153600
16500,100,10000,"sd","10:08:19",4163600
16500,100,1000,"bu","10:08:21",4164600
16500,100,500,"bu","10:08:24",4165100
16500,100,10000,"bu","10:08:36",4175100
16500,100,200,"sd","10:08:42",4175300
16500,100,200,"sd","10:08:43",4175500
16500,100,2000,"sd","10:08:44",4177500
16500,100,1000,"bu","10:08:45",4178500
16500,100,2000,"bu","10:08:49",4180500
16500,100,1300,"sd","10:08:55",4181800
16500,100,3000,"sd","10:08:58",4184800
16500,100,1200,"sd","10:09:02",4186000
16500,100,100,"sd","10:09:04",4186100
16450,50,1000,"bu","10:09:06",4187100
16500,100,200,"sd","10:09:07",4187300
16500,100,500,"sd","10:09:13",4187800
16500,100,2000,"bu","10:09:16",4189800
16500,100,500,"sd","10:09:24",4190300
16500,100,2000,"sd","10:09:25",4192300
16500,100,500,"sd","10:09:26",4192800
16500,100,100,"bu","10:09:27",4192900
16500,100,1000,"bu","10:09:33",4193900
16450,50,6000,"bu","10:09:35",4199900
16500,100,90500,"bu","10:09:36",4290400
16500,100,300,"sd","10:09:37",4290700
16500,100,500,"bu","10:09:38",4291200
16500,100,100,"sd","10:09:45",4291300
16500,100,300,"sd","10:09:47",4291600
16500,100,19700,"bu","10:09:48",4311300
16550,150,1000,"bu","10:09:49",4312300
16500,100,1400,"sd","10:09:56",4313700
16500,100,6000,"sd","10:10:07",4319700
16500,100,10000,"bu","10:10:13",4329700
16500,100,1500,"bu","10:10:34",4331200
16500,100,2500,"bu","10:10:44",4336200
16500,100,20000,"bu","10:11:02",4356200
16500,100,2000,"sd","10:11:12",4358200
16500,100,1000,"bu","10:11:15",4359200
16500,100,2000,"bu","10:11:15",4361200
16500,100,10300,"bu","10:11:26",4371500
16500,100,2000,"sd","10:11:28",4373500
16500,100,2000,"bu","10:11:35",4375500
16500,100,100,"sd","10:11:39",4375600
16500,100,4500,"sd","10:11:42",4380100
16500,100,10000,"bu","10:11:50",4390100
16500,100,7500,"bu","10:11:51",4397600
16500,100,32600,"bu","10:11:52",4430200
16500,100,600,"bu","10:11:53",4430800
16500,100,500,"bu","10:11:55",4431300
16500,100,100,"bu","10:12:00",4431400
16450,50,5000,"sd","10:12:01",4436400
16500,100,100,"sd","10:12:02",4436500
16500,100,500,"bu","10:12:18",4437000
16500,100,100,"sd","10:12:19",4437100
16450,50,5000,"sd","10:12:21",4442100
16500,100,8000,"sd","10:12:27",4450100
16500,100,100,"sd","10:12:46",4450200
16450,50,3000,"bu","10:12:50",4453200
16500,100,200,"bu","10:12:52",4453400
16500,100,100,"sd","10:12:52",4453500
16500,100,1000,"sd","10:12:53",4454500
16500,100,5000,"sd","10:13:05",4459500
16500,100,100,"bu","10:13:07",4459600
16450,50,3100,"bu","10:13:29",4462700
16500,100,100,"sd","10:13:31",4462800
16450,50,400,"bu","10:13:36",4463200
16500,100,1000,"bu","10:13:58",4464200
16500,100,5000,"bu","10:13:59",4469200
16450,50,3000,"bu","10:14:01",4472200
16500,100,1000,"sd","10:14:04",4473200
16500,100,4300,"bu","10:14:13",4477500
16500,100,10000,"bu","10:14:31",4487500
16450,50,3000,"sd","10:14:32",4490500
16450,50,200,"sd","10:14:38",4490700
16450,50,1100,"sd","10:14:41",4491800
16500,100,500,"sd","10:14:45",4492300
16450,50,10000,"sd","10:14:51",4502300
16500,100,2300,"bu","10:15:04",4504600
16450,50,100,"sd","10:15:06",4504700
16500,100,1100,"sd","10:15:08",4505800
16450,50,8000,"bu","10:15:09",4513800
16450,50,4800,"sd","10:15:13",4518600
16500,100,1500,"sd","10:15:27",4520100
16500,100,1000,"sd","10:15:42",4521100
16500,100,400,"sd","10:15:50",4521500
16500,100,5200,"bu","10:15:51",4526700
16500,100,500,"sd","10:15:57",4527200
16500,100,1000,"sd","10:16:12",4528200
16500,100,700,"sd","10:16:13",4528900
16450,50,100,"sd","10:16:31",4529000
16500,100,200,"bu","10:16:39",4529200
16450,50,600,"sd","10:16:48",4529800
16500,100,100,"sd","10:16:51",4529900
16500,100,500,"bu","10:17:00",4530400
16500,100,1000,"bu","10:17:14",4531400
16500,100,2300,"sd","10:17:18",4533700
16500,100,500,"bu","10:17:23",4534200
16500,100,600,"sd","10:17:26",4534800
16500,100,100,"sd","10:17:36",4534900
16500,100,5200,"bu","10:17:41",4540100
16450,50,700,"sd","10:17:42",4540800
16500,100,100,"bu","10:18:04",4540900
16500,100,2000,"sd","10:18:27",4542900
16500,100,600,"sd","10:18:32",4543500
16500,100,1900,"sd","10:18:34",4545400
16500,100,2100,"bu","10:18:39",4547600
16500,100,1000,"bu","10:18:47",4548600
16500,100,100,"sd","10:18:52",4548700
16450,50,9000,"bu","10:19:02",4557700
16500,100,200,"sd","10:19:03",4557900
16500,100,100,"bu","10:19:09",4558000
16450,50,1500,"bu","10:19:12",4559500
16500,100,500,"sd","10:19:14",4560000
16500,100,200,"bu","10:19:17",4560200
16450,50,1000,"sd","10:19:20",4561200
16500,100,200,"bu","10:19:32",4561400
16450,50,100,"bu","10:19:34",4561500
16500,100,300,"sd","10:19:38",4561800
16450,50,400,"bu","10:19:45",4562200
16500,100,11500,"sd","10:20:06",4573700
16450,50,100,"bu","10:20:34",4578800
16500,100,500,"bu","10:20:40",4579300
16500,100,6000,"bu","10:21:12",4585300
16500,100,8000,"sd","10:21:17",4593300
16500,100,200,"sd","10:21:20",4593500
16500,100,3300,"sd","10:21:24",4596800
16450,50,3100,"bu","10:21:48",4599900
16450,50,100,"sd","10:22:08",4600000
16450,50,500,"sd","10:22:17",4600500
16450,50,1000,"sd","10:22:20",4601500
16450,50,7000,"sd","10:22:25",4608500
16500,100,200,"bu","10:22:30",4608700
16450,50,1000,"bu","10:22:34",4609700
16500,100,100,"bu","10:22:48",4609800
16450,50,4000,"sd","10:22:52",4613800
16450,50,10000,"bu","10:23:14",4623800
16450,50,5000,"bu","10:23:20",4628800
16500,100,100,"bu","10:23:23",4628900
16500,100,500,"sd","10:23:24",4629400
16500,100,300,"sd","10:23:53",4629700
16450,50,400,"sd","10:23:57",4630100
16450,50,200,"bu","10:24:09",4630300
16500,100,500,"sd","10:24:13",4630800
16450,50,3500,"sd","10:24:22",4634300
16450,50,400,"sd","10:24:39",4634700
16450,50,4000,"bu","10:24:45",4638700
16450,50,200,"bu","10:25:03",4638900
16500,100,50000,"bu","10:25:11",4688900
16500,100,1000,"sd","10:25:29",4689900
16500,100,100,"bu","10:25:30",4690000
16500,100,300,"sd","10:25:37",4690300
16500,100,3000,"bu","10:25:39",4693300
16500,100,10000,"bu","10:25:43",4703300
16500,100,300,"sd","10:25:53",4703600
16500,100,200,"bu","10:25:57",4703800
16500,100,100,"sd","10:25:58",4703900
16500,100,2100,"sd","10:26:03",4706000
16500,100,100,"bu","10:26:09",4706100
16500,100,600,"sd","10:26:14",4706700
16500,100,300,"sd","10:26:17",4707000
16500,100,3000,"sd","10:26:32",4710000
16450,50,2000,"sd","10:26:43",4712000
16500,100,50000,"bu","10:26:52",4762000
16500,100,1100,"bu","10:26:55",4763100
16500,100,3000,"sd","10:27:02",4766100
16500,100,600,"sd","10:27:14",4766700
16500,100,1100,"bu","10:27:32",4767800
16500,100,4000,"sd","10:27:35",4771800
16500,100,10000,"bu","10:27:41",4781800
16500,100,500,"bu","10:27:44",4782300
16500,100,5000,"bu","10:27:47",4787300
16500,100,3200,"sd","10:27:54",4790500
16500,100,100,"bu","10:28:02",4790600
16500,100,500,"sd","10:28:24",4791100
16500,100,5000,"sd","10:28:28",4796100
16450,50,200,"bu","10:28:31",4796300
16500,100,500,"bu","10:28:33",4796800
16450,50,53400,"sd","10:28:39",4850200
16500,100,2000,"bu","10:28:42",4852200
16500,100,1000,"bu","10:28:58",4853200
16500,100,500,"sd","10:29:04",4853700
16500,100,600,"sd","10:29:11",4854300
16500,100,1500,"bu","10:29:19",4855800
16500,100,2000,"bu","10:29:22",4857800
16500,100,100,"sd","10:29:38",4857900
16500,100,400,"bu","10:29:39",4858300
16500,100,100,"bu","10:29:42",4858400
16500,100,1000,"sd","10:29:47",4859400
16500,100,300,"bu","10:29:51",4859700
16500,100,2000,"bu","10:29:57",4861700
16500,100,100,"sd","10:29:59",4861800
16500,100,1000,"bu","10:30:04",4862800
16500,100,500,"sd","10:30:06",4863300
16500,100,400,"sd","10:30:09",4863700
16450,50,5000,"sd","10:30:20",4868700
16500,100,5700,"bu","10:30:23",4874400
16500,100,50100,"sd","10:30:27",4924500
16500,100,2400,"bu","10:30:49",4933600
16500,100,800,"sd","10:30:52",4934400
16500,100,100,"sd","10:31:10",4934500
16500,100,5000,"sd","10:31:27",4939500
16500,100,200,"sd","10:31:33",4939700
16500,100,100,"sd","10:31:38",4939800
16500,100,11000,"sd","10:31:42",4950800
16500,100,500,"sd","10:31:44",4951300
16500,100,1200,"sd","10:31:48",4952500
16500,100,100,"sd","10:31:50",4952600
16500,100,5500,"sd","10:31:51",4958100
16500,100,100,"sd","10:31:52",4958200
16500,100,1000,"bu","10:31:53",4959200
16500,100,2000,"bu","10:31:55",4961200
16500,100,100,"sd","10:31:56",4961300
16500,100,5800,"sd","10:31:57",4967100
16500,100,2100,"bu","10:31:58",4969200
16500,100,700,"sd","10:32:00",4969900
16450,50,3800,"sd","10:32:01",4973700
16500,100,3000,"sd","10:32:03",4976700
16500,100,1000,"bu","10:32:05",4977700
16500,100,2000,"bu","10:32:07",4979700
16500,100,1000,"sd","10:32:08",4980700
16500,100,20000,"bu","10:32:09",5000700
16500,100,5000,"bu","10:32:12",5005700
16500,100,7000,"sd","10:32:13",5012700
16500,100,3000,"bu","10:32:14",5015700
16500,100,900,"sd","10:32:16",5016600
16500,100,600,"bu","10:32:19",5017200
16500,100,3100,"bu","10:32:24",5020300
16500,100,12100,"sd","10:32:25",5032400
16500,100,10000,"sd","10:32:27",5042400
16500,100,153400,"bu","10:32:28",5195800
16500,100,22500,"bu","10:32:28",5218300
16500,100,28200,"sd","10:32:29",5246500
16500,100,20500,"bu","10:32:31",5267000
16550,150,15000,"bu","10:32:42",5282000
16550,150,1000,"sd","10:32:49",5283000
16500,100,3000,"sd","10:33:01",5286000
16500,100,200,"sd","10:33:15",5286200
16550,150,15000,"bu","10:33:16",5301200
16500,100,3500,"sd","10:33:17",5304700
16550,150,500,"sd","10:33:27",5305200
16550,150,2400,"bu","10:33:39",5307600
16550,150,10000,"bu","10:33:45",5317600
16550,150,1000,"sd","10:33:46",5318600
16500,100,100,"bu","10:33:49",5318700
16550,150,200,"bu","10:33:51",5318900
16550,150,900,"sd","10:33:55",5319800
16550,150,9300,"bu","10:34:02",5329100
16550,150,50000,"sd","10:34:04",5379100
16500,100,2500,"sd","10:34:10",5381600
16550,150,500,"bu","10:34:11",5382100
16550,150,900,"bu","10:34:14",5383000
16550,150,6000,"bu","10:34:15",5389000
16550,150,50000,"bu","10:34:20",5439000
16550,150,2000,"sd","10:34:26",5441000
16550,150,1000,"sd","10:34:29",5442000
16550,150,1800,"bu","10:34:34",5443800
16550,150,300,"bu","10:34:38",5444100
16550,150,700,"bu","10:34:40",5444800
16550,150,300,"bu","10:34:42",5445100
16550,150,500,"sd","10:34:46",5445600
16550,150,100,"bu","10:34:49",5445700
16550,150,1000,"bu","10:34:50",5446700
16550,150,18800,"bu","10:34:51",5465500
16550,150,200,"bu","10:34:52",5465700
16550,150,600,"sd","10:34:54",5466300
16550,150,1500,"sd","10:34:55",5467800
16550,150,4000,"bu","10:34:57",5471800
16550,150,2000,"bu","10:35:03",5473800
16550,150,100,"sd","10:35:04",5473900
16550,150,1800,"sd","10:35:10",5475700
16550,150,300,"sd","10:35:15",5476000
16550,150,87000,"sd","10:35:18",5563000
16550,150,1000,"sd","10:35:19",5564000
16550,150,100,"bu","10:35:20",5564100
16550,150,6800,"sd","10:35:21",5570900
16550,150,81700,"bu","10:35:22",5652600
16550,150,600,"bu","10:35:24",5662600
16550,150,23100,"sd","10:35:25",5685700
16550,150,100,"sd","10:35:26",5685800
16550,150,20000,"bu","10:35:30",5705800
16550,150,800,"sd","10:35:38",5706600
16550,150,100,"bu","10:35:41",5706700
16550,150,20000,"bu","10:35:51",5726700
16600,200,14100,"sd","10:35:52",5740800
16600,200,1400,"bu","10:35:57",5742200
16600,200,100,"sd","10:36:08",5742300
16600,200,20000,"sd","10:36:09",5762300
16600,200,1000,"bu","10:36:21",5763300
16600,200,500,"bu","10:36:29",5763800
16600,200,200,"bu","10:36:33",5764000
16600,200,100,"sd","10:36:40",5764100
16600,200,1100,"bu","10:37:02",5765200
16600,200,200,"sd","10:37:18",5765400
16600,200,1000,"sd","10:37:22",5766400
16600,200,5000,"sd","10:37:27",5771400
16600,200,2000,"bu","10:37:29",5773400
16600,200,100,"bu","10:37:31",5773500
16600,200,5100,"sd","10:37:44",5778600
16600,200,100,"bu","10:37:46",5778700
16550,150,5000,"bu","10:37:50",5783700
16600,200,10400,"bu","10:37:53",5794100
16600,200,14600,"sd","10:37:54",5808700
16600,200,100,"bu","10:37:59",5808800
16600,200,1800,"sd","10:38:20",5810600
16600,200,200,"sd","10:38:25",5810800
16600,200,30000,"sd","10:38:26",5840800
16600,200,20100,"bu","10:38:32",5860900
16600,200,600,"sd","10:38:40",5861500
16600,200,100,"bu","10:38:44",5861600
16600,200,3000,"sd","10:38:47",5864600
16600,200,1000,"sd","10:39:02",5865600
16600,200,200,"sd","10:39:03",5865800
16600,200,100,"sd","10:39:05",5865900
16600,200,300,"sd","10:39:09",5866200
16550,150,500,"bu","10:39:13",5866700
16600,200,2200,"bu","10:39:14",5868900
16600,200,23200,"bu","10:39:16",5892100
16600,200,1000,"sd","10:39:19",5893100
16600,200,600,"sd","10:39:24",5893700
16600,200,26300,"bu","10:39:25",5920000
16550,150,22000,"sd","10:39:30",5942000
16600,200,300,"sd","10:39:39",5942300
16600,200,6000,"sd","10:39:45",5948300
16550,150,500,"sd","10:39:48",5948800
16550,150,100,"bu","10:40:03",5948900
16600,200,1000,"sd","10:40:04",5949900
16550,150,300,"sd","10:40:15",5950200
16600,200,100,"sd","10:40:19",5950300
16550,150,1000,"bu","10:40:23",5951300
16600,200,9100,"sd","10:40:39",5960400
16600,200,500,"sd","10:40:46",5960900
16600,200,200,"bu","10:40:47",5961100
16600,200,19700,"sd","10:40:53",5980800
16600,200,300,"sd","10:40:56",5981100
16600,200,500,"sd","10:40:59",5981600
16600,200,100,"bu","10:41:07",5981700
16600,200,4500,"sd","10:41:10",5986200
16600,200,3000,"bu","10:41:17",5989200
16550,150,1500,"bu","10:41:22",5990700
16600,200,500,"bu","10:41:35",5991200
16550,150,22000,"sd","10:41:41",6013200
16600,200,300,"sd","10:41:45",6013500
16550,150,1000,"bu","10:41:47",6014500
16550,150,400,"bu","10:41:52",6014900
16600,200,100,"sd","10:41:55",6015000
16550,150,3000,"sd","10:41:56",6018000
16550,150,200,"bu","10:42:05",6018200
16550,150,900,"sd","10:42:13",6019100
16550,150,21000,"sd","10:42:18",6040100
16550,150,100,"sd","10:42:23",6040200
16550,150,300,"sd","10:42:26",6040500
16600,200,500,"bu","10:42:30",6041000
16550,150,300,"bu","10:42:31",6041300
16550,150,300,"bu","10:42:32",6041600
16550,150,1000,"sd","10:42:46",6042600
16550,150,5000,"bu","10:42:47",6047600
16550,150,25000,"bu","10:42:49",6072600
16550,150,1000,"sd","10:42:50",6073600
16550,150,1000,"bu","10:43:02",6074600
16550,150,4000,"sd","10:43:06",6078600
16600,200,5000,"sd","10:43:07",6083600
16550,150,1000,"sd","10:43:08",6084600
16550,150,7000,"sd","10:43:11",6091600
16550,150,5000,"sd","10:43:23",6096600
16550,150,100,"sd","10:43:29",6096700
16550,150,700,"bu","10:43:33",6097400
16600,200,100,"bu","10:43:50",6097500
16550,150,30000,"sd","10:44:02",6127500
16600,200,200,"bu","10:44:03",6127700
16550,150,20000,"sd","10:44:11",6147700
16600,200,500,"sd","10:44:15",6148200
16550,150,300,"sd","10:44:23",6148500
16550,150,2000,"sd","10:44:40",6150500
16550,150,4500,"bu","10:44:43",6155000
16550,150,1000,"sd","10:44:45",6156000
16550,150,1800,"bu","10:44:47",6157800
16550,150,500,"bu","10:44:48",6158300
16550,150,3000,"bu","10:44:55",6161300
16550,150,500,"bu","10:44:57",6161800
16550,150,1000,"sd","10:44:59",6162800
16550,150,100,"sd","10:45:12",6162900
16600,200,200,"bu","10:45:24",6163100
16550,150,1000,"sd","10:45:31",6164100
16550,150,600,"bu","10:45:40",6164700
16550,150,100,"sd","10:45:48",6164800
16550,150,1500,"sd","10:45:52",6166300
16550,150,2000,"sd","10:45:55",6168300
16550,150,100,"sd","10:45:58",6168400
16550,150,1000,"sd","10:46:08",6169400
16550,150,100,"sd","10:46:16",6169500
16550,150,70000,"bu","10:46:22",6239500
16550,150,4500,"bu","10:46:26",6244000
16550,150,400,"sd","10:46:28",6244400
16550,150,32500,"bu","10:46:29",6276900
16550,150,100,"sd","10:46:30",6277000
16550,150,800,"bu","10:46:32",6277800
16550,150,100,"bu","10:46:38",6277900
16550,150,800,"sd","10:46:39",6278700
16550,150,10000,"bu","10:46:40",6288700
16550,150,700,"bu","10:46:41",6289400
16550,150,3600,"sd","10:46:45",6293000
16550,150,1600,"sd","10:46:50",6294600
16550,150,20000,"sd","10:46:54",6314600
16550,150,10000,"bu","10:46:55",6324600
16550,150,600,"bu","10:46:59",6325200
16550,150,3000,"bu","10:47:01",6328200
16550,150,24000,"bu","10:47:02",6352200
16600,200,3000,"sd","10:47:03",6355200
16550,150,42000,"sd","10:47:04",6397200
16550,150,3200,"sd","10:47:06",6400400
16550,150,2000,"sd","10:47:08",6402400
16550,150,10300,"bu","10:47:11",6412700
16550,150,11000,"bu","10:47:15",6423700
16550,150,4500,"sd","10:47:17",6428200
16550,150,6000,"sd","10:47:18",6434200
16550,150,2000,"bu","10:47:29",6436200
16550,150,200,"bu","10:47:41",6436400
16550,150,700,"bu","10:47:51",6437100
16550,150,500,"sd","10:47:54",6437600
16550,150,5500,"bu","10:47:56",6443100
16550,150,100,"sd","10:48:07",6443200
16550,150,3000,"sd","10:48:08",6446200
16550,150,2200,"bu","10:48:24",6448400
16550,150,10000,"bu","10:48:34",6458400
16550,150,900,"bu","10:48:41",6459300
16550,150,1000,"sd","10:48:46",6460300
16550,150,500,"bu","10:49:29",6460800
16550,150,200,"sd","10:49:35",6461000
16550,150,100,"sd","10:49:50",6461100
16500,100,2000,"sd","10:49:51",6463100
16500,100,50200,"bu","10:50:00",6513300
16500,100,2000,"bu","10:50:18",6515300
16500,100,100,"bu","10:50:23",6515400
16550,150,1000,"sd","10:50:26",6516400
16550,150,6000,"bu","10:50:39",6522400
16500,100,10500,"bu","10:50:52",6532900
16550,150,2700,"sd","10:51:00",6535600
16500,100,5000,"sd","10:51:09",6540600
16550,150,200,"bu","10:51:11",6540800
16550,150,1200,"sd","10:51:12",6542000
16550,150,500,"bu","10:51:22",6542500
16500,100,3000,"bu","10:51:40",6545500
16500,100,2100,"sd","10:51:56",6547600
16550,150,1000,"bu","10:52:02",6548600
16550,150,9900,"bu","10:52:04",6558500
16550,150,5000,"bu","10:52:22",6563500
16550,150,200,"bu","10:52:23",6563700
16550,150,300,"bu","10:52:32",6564000
16550,150,200,"bu","10:52:46",6564200
16550,150,2100,"sd","10:53:02",6566300
16550,150,500,"bu","10:53:05",6566800
16500,100,3000,"bu","10:53:13",6569800
16550,150,2000,"sd","10:53:20",6571800
16550,150,5000,"bu","10:53:39",6576800
16550,150,100,"bu","10:53:48",6576900
16550,150,700,"bu","10:53:52",6577600
16550,150,800,"bu","10:53:56",6578400
16550,150,500,"bu","10:53:58",6578900
16550,150,2000,"bu","10:54:05",6580900
16550,150,100,"sd","10:54:16",6581000
16550,150,1000,"sd","10:54:23",6582000
16550,150,500,"sd","10:54:44",6582500
16550,150,100,"bu","10:54:47",6582600
16550,150,3000,"bu","10:54:51",6585600
16550,150,1000,"bu","10:54:58",6586600
16500,100,100,"sd","10:54:59",6586700
16500,100,100200,"sd","10:55:12",6686900
16500,100,20500,"bu","10:55:18",6707400
16550,150,200,"sd","10:55:29",6707600
16550,150,100,"sd","10:55:34",6707700
16500,100,11700,"sd","10:55:48",6719400
16550,150,100,"sd","10:55:56",6719500
16550,150,800,"sd","10:56:05",6720300
16550,150,200,"sd","10:56:09",6720500
16550,150,1000,"bu","10:56:40",6721500
16550,150,4000,"sd","10:57:04",6725500
16500,100,10000,"bu","10:57:12",6735500
16500,100,10000,"bu","10:57:16",6745500
16500,100,1500,"sd","10:57:31",6747000
16500,100,2000,"sd","10:57:32",6749000
16550,150,100,"sd","10:57:57",6749100
16500,100,500,"bu","10:58:17",6749600
16500,100,2000,"sd","10:58:20",6751600
16550,150,100,"sd","10:58:30",6751700
16500,100,400,"sd","10:58:34",6752100
16550,150,10000,"bu","10:58:37",6762100
16550,150,100,"sd","10:59:17",6762200
16550,150,10000,"sd","10:59:28",6772200
16550,150,100,"sd","10:59:33",6772300
16550,150,400,"bu","10:59:58",6772700
16550,150,11000,"bu","11:00:05",6783700
16550,150,10000,"bu","11:00:32",6793700
16550,150,1000,"bu","11:00:49",6794700
16550,150,1000,"bu","11:01:05",6795700
16500,100,10000,"bu","11:01:28",6805700
16550,150,2000,"sd","11:01:46",6807700
16550,150,1300,"bu","11:02:00",6809000
16550,150,5000,"bu","11:02:21",6814000
16500,100,3000,"bu","11:02:32",6817000
16550,150,3000,"bu","11:02:36",6820000
16550,150,5500,"sd","11:02:40",6825500
16550,150,200,"sd","11:02:49",6825700
16550,150,100,"sd","11:03:01",6825800
16500,100,13000,"sd","11:03:02",6838800
16550,150,5500,"bu","11:03:04",6844300
16550,150,100,"sd","11:03:07",6844400
16550,150,21400,"bu","11:03:42",6865800
16550,150,100,"bu","11:03:50",6865900
16550,150,400,"sd","11:03:54",6866300
16550,150,12000,"sd","11:03:57",6878300
16500,100,100,"sd","11:03:58",6878400
16550,150,4500,"sd","11:04:02",6882900
16550,150,500,"bu","11:04:03",6883400
16550,150,100,"sd","11:04:10",6883500
16550,150,1400,"bu","11:04:34",6884900
16550,150,100,"sd","11:04:41",6885000
16500,100,1000,"bu","11:04:43",6886000
16500,100,10000,"sd","11:05:00",6896000
16550,150,500,"bu","11:05:11",6896500
16550,150,300,"bu","11:05:21",6896800
16500,100,500,"sd","11:05:38",6897300
16550,150,100,"bu","11:05:42",6897400
16550,150,2000,"bu","11:05:45",6899400
16500,100,100,"bu","11:06:26",6899500
16500,100,200,"bu","11:06:49",6899700
16550,150,5200,"sd","11:07:02",6904900
16500,100,400,"bu","11:07:04",6905300
16550,150,300,"bu","11:07:14",6905600
16550,150,10100,"sd","11:07:16",6915700
16550,150,1900,"sd","11:07:19",6917600
16550,150,100,"sd","11:07:34",6917700
16550,150,2000,"bu","11:07:41",6919700
16550,150,5000,"bu","11:07:45",6924700
16500,100,10000,"bu","11:07:51",6934700
16550,150,1700,"sd","11:07:53",6936400
16550,150,100,"sd","11:07:54",6936500
16550,150,1000,"sd","11:08:03",6937500
16550,150,3900,"sd","11:08:07",6941400
16550,150,2000,"bu","11:08:12",6943400
16550,150,4000,"sd","11:08:15",6947400
16500,100,500,"bu","11:08:20",6947900
16500,100,100,"sd","11:08:31",6948000
16550,150,1100,"sd","11:08:41",6949100
16550,150,5000,"bu","11:08:44",6954100
16550,150,5000,"sd","11:08:49",6959100
16550,150,200,"sd","11:08:50",6959300
16550,150,100,"bu","11:09:05",6959400
16550,150,12000,"bu","11:09:08",6971400
16550,150,5000,"sd","11:09:29",6976400
16550,150,33500,"bu","11:09:34",7009900
16550,150,200,"bu","11:09:35",7010100
16550,150,2000,"sd","11:09:39",7012100
16550,150,500,"sd","11:09:40",7012600
16550,150,200,"sd","11:09:50",7012800
16550,150,3500,"sd","11:09:55",7016300
16550,150,5100,"sd","11:10:07",7021400
16550,150,200,"bu","11:10:12",7021600
16550,150,100,"sd","11:10:14",7021700
16550,150,3200,"sd","11:10:28",7024900
16550,150,100,"bu","11:10:32",7025000
16550,150,1000,"sd","11:10:42",7026000
16550,150,300,"bu","11:10:43",7026300
16550,150,100,"bu","11:11:02",7026400
16550,150,5000,"bu","11:11:06",7031400
16550,150,500,"bu","11:11:09",7031900
16550,150,200,"bu","11:11:11",7032100
16550,150,1500,"sd","11:11:12",7033600
16550,150,300,"sd","11:11:18",7033900
16550,150,100,"bu","11:11:21",7034000
16500,100,2000,"sd","11:11:23",7036000
16550,150,100,"bu","11:11:37",7036100
16550,150,2000,"sd","11:11:44",7038100
16550,150,300,"sd","11:11:59",7038400
16500,100,1500,"bu","11:12:20",7039900
16500,100,12400,"sd","11:12:25",7052300
16500,100,2000,"sd","11:12:32",7054300
16500,100,10000,"bu","11:12:48",7064300
16500,100,5000,"sd","11:12:49",7069300
16500,100,10000,"bu","11:13:17",7079300
16550,150,100,"sd","11:13:19",7079400
16500,100,5400,"sd","11:13:47",7084800
16550,150,100,"bu","11:13:57",7084900
16500,100,8000,"sd","11:14:05",7092900
16500,100,5000,"bu","11:14:20",7097900
16500,100,500,"sd","11:14:30",7098400
16500,100,3000,"sd","11:14:35",7101400
16550,150,100,"bu","11:14:38",7101500
16500,100,600,"bu","11:14:52",7102100
16500,100,53300,"sd","11:15:06",7155400
16500,100,46700,"sd","11:15:07",7202100
16550,150,100,"bu","11:15:14",7202200
16500,100,23100,"bu","11:15:18",7225300
16500,100,10000,"sd","11:15:37",7235300
16500,100,500,"sd","11:15:49",7235800
16550,150,200,"bu","11:15:56",7236000
16550,150,1000,"sd","11:15:57",7237000
16500,100,10500,"sd","11:15:59",7247500
16500,100,10000,"bu","11:16:07",7257500
16550,150,100,"sd","11:16:17",7257600
16500,100,3000,"sd","11:16:42",7260600
16500,100,10000,"bu","11:16:54",7270600
16500,100,5000,"sd","11:17:08",7275600
16500,100,8000,"sd","11:17:26",7283600
16500,100,11000,"bu","11:18:30",7294600
16500,100,5000,"bu","11:18:47",7299600
16500,100,1000,"sd","11:18:56",7300600
16500,100,2000,"sd","11:19:11",7302600
16500,100,1000,"bu","11:19:15",7303600
16500,100,100,"sd","11:19:18",7303700
16500,100,3000,"sd","11:19:20",7306700
16500,100,400,"sd","11:19:29",7307100
16500,100,100,"bu","11:19:41",7307200
16500,100,7000,"bu","11:19:43",7314200
16500,100,10000,"bu","11:19:53",7324200
16500,100,20000,"sd","11:19:58",7344200
16500,100,100,"bu","11:20:19",7344300
16500,100,5000,"bu","11:20:26",7349300
16500,100,100,"bu","11:20:30",7349400
16500,100,300,"sd","11:20:37",7349700
16500,100,2000,"bu","11:20:50",7351700
16500,100,1500,"sd","11:21:01",7353200
16500,100,5000,"bu","11:21:05",7358200
16500,100,300,"bu","11:21:14",7358500
16500,100,100,"sd","11:21:26",7358600
16500,100,2200,"bu","11:21:32",7360800
16500,100,2400,"sd","11:21:45",7363200
16500,100,100,"bu","11:21:47",7363300
16550,150,1000,"bu","11:21:54",7364300
16500,100,2000,"bu","11:22:03",7366300
16550,150,600,"sd","11:22:08",7366900
16550,150,10000,"sd","11:22:24",7376900
16500,100,9600,"bu","11:22:54",7386500
16550,150,1000,"bu","11:22:55",7387500
16550,150,200,"sd","11:23:03",7387700
16500,100,1000,"sd","11:23:17",7388700
16500,100,3300,"sd","11:24:01",7392000
16550,150,2000,"bu","11:24:35",7394000
16500,100,1000,"bu","11:24:39",7395000
16500,100,3000,"bu","11:24:44",7398000
16500,100,200,"bu","11:24:47",7398200
16500,100,7000,"sd","11:24:55",7405200
16550,150,2000,"bu","11:25:01",7407200
16550,150,1300,"bu","11:25:25",7408500
16500,100,1000,"sd","11:25:39",7409500
16500,100,3500,"sd","11:25:58",7413000
16500,100,6000,"bu","11:26:21",7419000
16500,100,5000,"bu","11:26:22",7424000
16500,100,10700,"bu","11:26:37",7434700
16500,100,13000,"sd","11:26:38",7447700
16500,100,1000,"bu","11:26:42",7448700
16500,100,3000,"sd","11:26:52",7451700
16500,100,6500,"sd","11:27:10",7458200
16500,100,6000,"bu","11:27:14",7464200
16550,150,6000,"sd","11:27:26",7470200
16550,150,200,"sd","11:27:37",7470400
16550,150,2500,"sd","11:27:39",7472900
16550,150,1200,"sd","11:27:48",7474100
16550,150,1000,"bu","11:27:50",7475100
16500,100,500,"sd","11:28:45",7475600
16500,100,4000,"bu","11:29:25",7479600
16550,150,3000,"sd","11:29:32",7482600
16550,150,100,"bu","11:29:37",7482700
16500,100,7000,"sd","11:29:58",7489700
16550,150,3100,"bu","11:30:07",7492800
16500,100,1100,"sd","13:00:18",7493900
16500,100,11500,"bu","13:00:19",7505400
16500,100,2000,"bu","13:00:20",7507400
16500,100,5000,"sd","13:00:22",7512400
16500,100,10000,"sd","13:00:23",7522400
16500,100,3000,"bu","13:00:24",7525400
16500,100,100,"sd","13:00:25",7525500
16550,150,400,"bu","13:00:26",7525900
16500,100,5100,"sd","13:00:28",7531000
16500,100,10000,"bu","13:00:31",7541000
16550,150,1700,"sd","13:00:32",7542700
16500,100,53000,"bu","13:00:34",7595700
16550,150,3000,"bu","13:00:35",7599700
16550,150,3700,"sd","13:00:36",7603400
16550,150,100,"bu","13:00:38",7603500
16550,150,400,"sd","13:00:40",7603900
16550,150,300,"bu","13:00:41",7604200
16500,100,3000,"sd","13:00:44",7607200
16500,100,1000,"bu","13:00:45",7608200
16500,100,1900,"sd","13:00:48",7610100
16550,150,1000,"sd","13:00:49",7611100
16550,150,100,"bu","13:00:50",7611200
16500,100,1200,"sd","13:00:55",7612400
16500,100,500,"bu","13:00:58",7612900
16500,100,1300,"bu","13:01:02",7614200
16500,100,400,"bu","13:01:03",7614600
16500,100,100,"sd","13:01:06",7614700
16500,100,3000,"sd","13:01:09",7617700
16550,150,100,"sd","13:01:15",7617800
16500,100,1500,"sd","13:01:18",7619300
16500,100,1000,"sd","13:01:21",7620300
16500,100,4000,"sd","13:01:25",7624300
16500,100,5000,"sd","13:01:34",7629300
16500,100,100,"bu","13:01:36",7629400
16500,100,600,"bu","13:01:42",7630000
16500,100,2000,"sd","13:01:55",7632000
16500,100,500,"bu","13:01:57",7632500
16500,100,300,"bu","13:02:05",7632800
16500,100,900,"bu","13:02:10",7633700
16500,100,300,"bu","13:02:23",7634000
16500,100,1000,"bu","13:02:25",7635000
16500,100,2100,"sd","13:02:46",7637100
16500,100,5100,"bu","13:02:49",7642200
16500,100,2000,"bu","13:02:52",7644200
16500,100,3000,"bu","13:02:53",7647200
16500,100,2800,"bu","13:02:58",7650000
16500,100,7000,"sd","13:02:59",7657000
16500,100,5000,"sd","13:03:13",7662000
16500,100,6000,"sd","13:03:52",7668000
16500,100,1200,"sd","13:04:05",7669200
16500,100,1000,"bu","13:04:25",7670200
16500,100,700,"bu","13:04:34",7670900
16550,150,6000,"bu","13:04:39",7676900
16550,150,500,"bu","13:04:45",7677400
16550,150,3000,"bu","13:05:25",7680400
16550,150,5000,"sd","13:05:26",7685400
16550,150,100,"sd","13:05:38",7685500
16550,150,400,"bu","13:05:41",7685900
16550,150,2300,"bu","13:05:47",7688200
16550,150,400,"sd","13:05:49",7688600
16550,150,100,"bu","13:05:56",7688700
16550,150,8400,"bu","13:06:54",7697100
16500,100,500,"sd","13:07:02",7697600
16550,150,900,"bu","13:07:20",7698500
16550,150,9000,"sd","13:07:35",7707500
16550,150,800,"bu","13:07:43",7708300
16500,100,1000,"sd","13:07:46",7709300
16500,100,3500,"bu","13:07:47",7712800
16500,100,200,"sd","13:08:03",7713000
16550,150,1700,"sd","13:08:06",7714700
16500,100,300,"sd","13:08:09",7715000
16500,100,16500,"bu","13:08:14",7731500
16500,100,1200,"sd","13:08:26",7732700
16500,100,3600,"bu","13:08:28",7736300
16500,100,1000,"bu","13:08:44",7737300
16550,150,10000,"bu","13:08:49",7747300
16500,100,1400,"sd","13:08:51",7748700
16550,150,3000,"sd","13:08:56",7751700
16500,100,3000,"sd","13:09:00",7754700
16500,100,5000,"bu","13:09:05",7759700
16500,100,20000,"sd","13:09:08",7779700
16500,100,3100,"sd","13:09:12",7782800
16550,150,100,"bu","13:09:13",7782900
16500,100,2200,"bu","13:09:21",7785100
16500,100,300,"sd","13:09:28",7785400
16500,100,400,"sd","13:09:33",7785800
16500,100,9700,"sd","13:09:36",7795500
16500,100,9700,"bu","13:09:37",7805200
16500,100,10000,"bu","13:09:41",7815200
16500,100,6000,"bu","13:09:43",7821200
16500,100,100,"sd","13:09:46",7821300
16500,100,5000,"sd","13:09:57",7826300
16500,100,10000,"bu","13:10:07",7836300
16500,100,5500,"bu","13:10:11",7841800
16500,100,16900,"bu","13:10:16",7858700
16500,100,2500,"sd","13:10:18",7861200
16500,100,10000,"bu","13:10:24",7871200
16500,100,10000,"sd","13:10:26",7881200
16500,100,100,"sd","13:10:27",7881300
16500,100,11900,"bu","13:10:30",7893200
16500,100,8000,"bu","13:10:34",7901200
16500,100,20000,"bu","13:10:35",7921200
16500,100,10000,"bu","13:10:37",7931200
16500,100,200,"bu","13:10:38",7931400
16500,100,500,"bu","13:10:39",7931900
16500,100,44500,"bu","13:10:42",7976400
16450,50,10800,"bu","13:10:43",7987200
16500,100,3000,"bu","13:10:47",7990200
16450,50,800,"bu","13:10:48",7991000
16450,50,12600,"bu","13:10:49",8003600
16450,50,2800,"bu","13:10:59",8006400
16500,100,5000,"bu","13:11:00",8011400
16500,100,14000,"sd","13:11:09",8025400
16500,100,1000,"sd","13:11:10",8026400
16500,100,2000,"bu","13:11:13",8028400
16500,100,200,"sd","13:11:15",8028600
16450,50,800,"sd","13:11:19",8029400
16500,100,1000,"sd","13:11:22",8030400
16450,50,3100,"sd","13:11:23",8033500
16500,100,2400,"sd","13:11:30",8035900
16450,50,800,"bu","13:11:35",8036700
16500,100,300,"sd","13:11:47",8037000
16500,100,1300,"sd","13:12:06",8038300
16500,100,10500,"sd","13:12:11",8048800
16500,100,10000,"sd","13:12:16",8058800
16500,100,2000,"bu","13:12:20",8060800
16500,100,100,"sd","13:12:26",8060900
16500,100,5000,"sd","13:12:27",8065900
16500,100,1600,"sd","13:12:43",8067500
16500,100,10900,"sd","13:12:52",8078400
16500,100,67300,"sd","13:13:00",8145700
16500,100,2000,"bu","13:13:02",8147700
16500,100,300,"bu","13:13:06",8148000
16500,100,1000,"bu","13:13:09",8149000
16500,100,3700,"sd","13:13:15",8152700
16500,100,66100,"sd","13:13:25",8218800
16500,100,5000,"sd","13:13:27",8223800
16500,100,13000,"sd","13:13:30",8236800
16550,150,1000,"sd","13:13:33",8237800
16500,100,1000,"bu","13:13:34",8238800
16500,100,2000,"bu","13:13:35",8240800
16500,100,13500,"bu","13:13:44",8254300
16500,100,4200,"sd","13:13:49",8258500
16500,100,300,"sd","13:13:52",8258800
16500,100,600,"sd","13:13:56",8259400
16500,100,18000,"bu","13:14:03",8277400
16500,100,10000,"sd","13:14:11",8287400
16500,100,14300,"bu","13:14:15",8301700
16500,100,500,"sd","13:14:17",8302200
16500,100,1000,"bu","13:14:21",8303200
16500,100,600,"bu","13:14:25",8303800
16500,100,5000,"sd","13:14:30",8308800
16500,100,500,"bu","13:14:36",8309300
16500,100,6500,"bu","13:14:37",8315800
16500,100,3500,"sd","13:14:38",8319300
16500,100,1000,"sd","13:14:44",8320300
16500,100,200,"sd","13:14:45",8320500
16500,100,400,"bu","13:14:48",8320900
16500,100,600,"bu","13:14:56",8321500
16500,100,300,"sd","13:14:59",8321800
16500,100,5000,"bu","13:15:00",8326800
16500,100,8900,"bu","13:15:02",8335700
16500,100,200,"bu","13:15:16",8335900
16500,100,1000,"bu","13:15:18",8336900
16500,100,3100,"sd","13:15:36",8340000
16500,100,3000,"sd","13:15:44",8343000
16500,100,1000,"sd","13:16:15",8344000
16500,100,5000,"bu","13:16:25",8349000
16500,100,5000,"bu","13:16:44",8354000
16550,150,2000,"sd","13:16:47",8356000
16500,100,15000,"bu","13:16:55",8371000
16500,100,11000,"bu","13:16:57",8382000
16500,100,1000,"bu","13:17:01",8383000
16500,100,18000,"bu","13:17:11",8401000
16500,100,600,"bu","13:17:17",8401600
16500,100,6000,"bu","13:17:18",8407600
16500,100,500,"sd","13:17:21",8408100
16500,100,1000,"sd","13:17:39",8409100
16500,100,26300,"bu","13:17:40",8435400
16500,100,50000,"sd","13:17:48",8485400
16500,100,100,"sd","13:17:54",8485500
16500,100,8000,"sd","13:18:06",8493500
16500,100,600,"sd","13:18:09",8494100
16550,150,300,"bu","13:18:12",8494400
16500,100,10000,"bu","13:18:13",8504400
16550,150,5000,"sd","13:18:40",8509400
16500,100,400,"bu","13:18:50",8509800
16550,150,300,"bu","13:18:53",8510100
16550,150,5000,"sd","13:18:56",8515100
16500,100,100,"bu","13:19:05",8515200
16500,100,5000,"bu","13:19:27",8520200
16500,100,1000,"bu","13:19:32",8521200
16500,100,600,"sd","13:19:36",8521800
16500,100,100,"bu","13:19:37",8521900
16550,150,2100,"bu","13:19:42",8524000
16550,150,100,"sd","13:19:50",8524100
16550,150,200,"bu","13:19:51",8524300
16500,100,700,"bu","13:19:59",8525000
16550,150,800,"bu","13:20:03",8525800
16550,150,1000,"bu","13:20:05",8526800
16550,150,42000,"bu","13:20:08",8568800
16550,150,700,"sd","13:20:16",8569500
16550,150,100,"bu","13:20:22",8569600
16550,150,200,"sd","13:20:24",8569800
16550,150,5000,"bu","13:20:37",8574800
16550,150,500,"bu","13:20:40",8575300
16550,150,4800,"bu","13:20:46",8580100
16500,100,1000,"bu","13:20:52",8581100
16500,100,3000,"sd","13:20:56",8584100
16500,100,3000,"sd","13:21:06",8587100
16500,100,1300,"bu","13:21:45",8588400
16500,100,5000,"bu","13:21:50",8593400
16500,100,200,"sd","13:22:00",8593600
16550,150,5100,"sd","13:22:01",8598700
16500,100,500,"bu","13:22:03",8599200
16500,100,12500,"bu","13:22:27",8611700
16550,150,7500,"sd","13:22:51",8619200
16500,100,100,"sd","13:22:54",8619300
16550,150,200,"bu","13:23:03",8619500
16550,150,1000,"bu","13:23:08",8620500
16550,150,4000,"bu","13:23:17",8624500
16550,150,1000,"sd","13:23:20",8625500
16550,150,155000,"sd","13:23:33",8780500
16550,150,500,"sd","13:23:41",8781000
16550,150,3500,"sd","13:23:43",8784500
16550,150,20000,"bu","13:23:46",8804500
16550,150,3000,"bu","13:23:47",8807500
16550,150,5400,"bu","13:23:49",8812900
16550,150,2000,"bu","13:23:53",8814900
16550,150,3100,"bu","13:24:05",8818000
16500,100,1200,"sd","13:24:09",8819200
16550,150,7500,"sd","13:24:10",8826700
16550,150,1000,"bu","13:24:15",8827700
16550,150,2000,"sd","13:24:18",8829700
16550,150,1000,"sd","13:24:19",8830700
16550,150,5000,"sd","13:24:20",8835700
16550,150,200,"bu","13:24:22",8835900
16550,150,10000,"sd","13:24:25",8845900
16550,150,1000,"bu","13:24:28",8846900
16550,150,2000,"bu","13:24:29",8848900
16550,150,7600,"bu","13:24:36",8856500
16550,150,3800,"bu","13:24:38",8860300
16550,150,2000,"sd","13:24:39",8862300
16550,150,5300,"bu","13:24:41",8867600
16550,150,7300,"bu","13:24:42",8874900
16500,100,10000,"sd","13:24:44",8884900
16550,150,2000,"bu","13:24:47",8886900
16550,150,5700,"bu","13:24:49",8892600
16550,150,100,"sd","13:24:51",8892700
16550,150,200,"sd","13:25:00",8892900
16550,150,7000,"bu","13:25:05",8899900
16550,150,3000,"sd","13:25:10",8902900
16550,150,400,"bu","13:25:11",8903300
16550,150,5000,"bu","13:25:15",8908300
16550,150,6000,"bu","13:25:16",8914300
16550,150,1400,"bu","13:25:17",8915700
16550,150,2300,"sd","13:25:19",8918000
16550,150,1400,"bu","13:25:25",8919400
16550,150,1000,"bu","13:25:27",8920400
16500,100,18000,"bu","13:25:33",8938400
16550,150,5300,"bu","13:25:36",8943700
16550,150,500,"sd","13:25:38",8944200
16550,150,8500,"sd","13:25:39",8952700
16550,150,9200,"sd","13:25:41",8961900
16550,150,6100,"bu","13:25:42",8968000
16550,150,30100,"bu","13:25:43",8998100
16550,150,100,"bu","13:25:45",8998200
16550,150,5500,"bu","13:25:50",9003700
16550,150,500,"bu","13:25:57",9004200
16550,150,3000,"sd","13:26:05",9007200
16550,150,300,"bu","13:26:12",9007500
16550,150,400,"bu","13:26:23",9007900
16550,150,300,"bu","13:26:25",9008200
16600,200,1000,"bu","13:26:28",9009200
16550,150,1500,"bu","13:26:31",9010700
16550,150,1000,"bu","13:26:36",9011700
16600,200,1000,"bu","13:26:59",9012700
16550,150,600,"bu","13:27:07",9013300
16550,150,2000,"bu","13:27:08",9015300
16600,200,10500,"sd","13:27:23",9025800
16600,200,5000,"bu","13:27:29",9030800
16600,200,1000,"sd","13:27:30",9031800
16600,200,300,"bu","13:27:38",9032100
16600,200,1000,"bu","13:27:39",9033100
16600,200,1000,"sd","13:28:00",9034100
16600,200,1000,"bu","13:28:06",9035100
16600,200,500,"sd","13:28:18",9035600
16600,200,30300,"bu","13:28:20",9065900
16600,200,2000,"bu","13:28:21",9067900
16600,200,1200,"bu","13:28:25",9069100
16600,200,400,"bu","13:28:26",9069500
16600,200,100,"sd","13:28:34",9069600
16600,200,600,"bu","13:28:35",9070200
16550,150,2000,"bu","13:28:39",9072200
16600,200,1000,"sd","13:28:40",9073200
16600,200,1000,"bu","13:28:49",9074200
16600,200,200,"sd","13:28:55",9074400
16600,200,100,"sd","13:29:07",9074500
16600,200,58100,"sd","13:29:12",9132600
16600,200,6300,"sd","13:29:13",9138900
16600,200,10000,"sd","13:29:18",9148900
16600,200,100,"bu","13:29:19",9149000
16600,200,1000,"sd","13:29:22",9150000
16600,200,50000,"bu","13:29:25",9200000
16600,200,100,"sd","13:29:27",9200100
16600,200,7100,"bu","13:29:28",9207200
16600,200,10300,"sd","13:29:32",9217500
16600,200,3200,"sd","13:29:35",9220700
16550,150,42600,"sd","13:29:37",9263300
16600,200,33000,"bu","13:29:40",9296300
16600,200,2400,"sd","13:29:43",9298700
16600,200,6600,"bu","13:29:45",9305300
16600,200,11000,"bu","13:29:48",9316300
16600,200,3000,"sd","13:29:50",9319300
16600,200,12500,"bu","13:29:53",9331800
16600,200,31100,"bu","13:29:55",9362900
16600,200,100,"bu","13:29:56",9363000
16600,200,300,"bu","13:30:02",9363300
16600,200,5100,"bu","13:30:05",9368400
16600,200,1000,"sd","13:30:08",9369400
16600,200,1800,"sd","13:30:11",9371200
16600,200,3400,"bu","13:30:13",9374600
16600,200,1600,"sd","13:30:14",9376200
16600,200,200,"sd","13:30:16",9376400
16600,200,1200,"bu","13:30:20",9377600
16600,200,7200,"sd","13:30:31",9384800
16600,200,600,"bu","13:30:32",9385400
16600,200,6500,"bu","13:30:33",9391900
16600,200,7500,"bu","13:30:35",9399400
16600,200,200,"sd","13:30:36",9399600
16600,200,5000,"bu","13:30:38",9404600
16600,200,3900,"bu","13:30:41",9408500
16600,200,500,"sd","13:30:53",9409000
16600,200,1000,"bu","13:30:58",9410000
16600,200,500,"sd","13:31:05",9410500
16600,200,100,"bu","13:31:15",9410600
16600,200,2000,"sd","13:31:19",9412600
16600,200,500,"bu","13:31:24",9413100
16600,200,1900,"bu","13:31:25",9415000
16600,200,1400,"bu","13:31:29",9416400
16600,200,500,"bu","13:31:35",9416900
16600,200,300,"bu","13:31:44",9417200
16600,200,600,"sd","13:31:47",9417800
16600,200,500,"sd","13:31:59",9418300
16600,200,1900,"bu","13:32:05",9420200
16550,150,600,"sd","13:32:09",9420800
16550,150,300,"sd","13:32:12",9421100
16600,200,200,"bu","13:32:25",9421300
16550,150,500,"sd","13:32:31",9421800
16600,200,100,"sd","13:32:43",9421900
16600,200,500,"bu","13:33:05",9422400
16550,150,700,"sd","13:33:07",9423100
16550,150,7000,"sd","13:33:24",9430100
16550,150,1000,"bu","13:33:26",9431100
16600,200,20000,"sd","13:33:52",9451100
16550,150,2800,"bu","13:33:53",9453900
16600,200,10500,"bu","13:33:58",9464400
16600,200,300,"bu","13:34:08",9464700
16600,200,1000,"bu","13:34:41",9465700
16600,200,100,"sd","13:34:48",9465800
16550,150,18500,"bu","13:34:52",9484300
16600,200,2600,"sd","13:34:53",9486900
16550,150,100,"sd","13:34:54",9487000
16550,150,10000,"sd","13:34:57",9497000
16600,200,600,"bu","13:35:01",9497600
16600,200,500,"sd","13:35:07",9498100
16550,150,2600,"sd","13:35:18",9500700
16600,200,100,"sd","13:35:24",9500800
16550,150,1500,"sd","13:35:27",9502300
16550,150,500,"bu","13:35:45",9502800
16550,150,10000,"sd","13:35:52",9512800
16550,150,500,"sd","13:36:01",9513300
16600,200,100,"sd","13:36:06",9513400
16600,200,200,"bu","13:36:18",9513600
16550,150,1300,"sd","13:36:25",9514900
16550,150,2000,"bu","13:36:33",9516900
16550,150,4000,"bu","13:36:39",9520900
16550,150,500,"sd","13:36:41",9521400
16550,150,100,"sd","13:36:51",9521500
16550,150,2000,"sd","13:36:53",9523500
16550,150,10000,"sd","13:36:57",9533500
16550,150,400,"sd","13:36:58",9533900
16550,150,1000,"sd","13:37:01",9534900
16550,150,300,"sd","13:37:07",9535200
16550,150,100,"sd","13:37:09",9535300
16550,150,2100,"sd","13:37:18",9537400
16550,150,10000,"sd","13:37:21",9547400
16550,150,3000,"bu","13:37:23",9550400
16550,150,5000,"sd","13:37:25",9555400
16550,150,2000,"bu","13:37:43",9557400
16550,150,500,"sd","13:37:57",9557900
16550,150,1000,"sd","13:38:08",9558900
16550,150,500,"sd","13:38:11",9559400
16550,150,9900,"bu","13:38:13",9569300
16550,150,2000,"bu","13:38:20",9571300
16550,150,5000,"bu","13:38:30",9576300
16600,200,100,"sd","13:38:45",9576400
16550,150,500,"sd","13:38:49",9576900
16550,150,1500,"sd","13:39:18",9578400
16550,150,15900,"bu","13:39:21",9594300
16550,150,200,"bu","13:39:25",9594500
16550,150,30000,"sd","13:39:32",9624500
16550,150,900,"sd","13:39:38",9625400
16600,200,800,"sd","13:39:40",9626200
16550,150,200,"bu","13:39:47",9626400
16550,150,1000,"sd","13:39:50",9627400
16600,200,100,"sd","13:39:51",9627500
16550,150,15400,"sd","13:39:57",9642900
16600,200,26000,"sd","13:40:06",9668900
16550,150,3000,"bu","13:40:07",9671900
16550,150,2000,"sd","13:40:12",9673900
16550,150,2600,"sd","13:40:15",9676500
16600,200,2000,"sd","13:40:18",9678500
16550,150,5000,"sd","13:40:40",9683500
16550,150,1300,"bu","13:40:57",9684800
16600,200,100,"sd","13:40:59",9684900
16550,150,500,"bu","13:41:00",9685400
16550,150,100,"bu","13:41:02",9685500
16550,150,7000,"sd","13:41:29",9692500
16600,200,1200,"sd","13:41:31",9693700
16550,150,800,"sd","13:41:36",9694500
16550,150,2000,"bu","13:41:45",9696500
16550,150,500,"bu","13:41:48",9697000
16600,200,300,"sd","13:42:04",9697300
16600,200,100,"sd","13:42:18",9697400
16600,200,1300,"sd","13:42:25",9698700
16550,150,600,"bu","13:42:36",9699300
16600,200,1000,"bu","13:42:43",9700300
16600,200,1000,"bu","13:42:50",9701300
16600,200,400,"sd","13:42:58",9701700
16600,200,500,"sd","13:42:59",9702200
16600,200,100,"sd","13:43:06",9702300
16600,200,2000,"bu","13:43:09",9704300
16600,200,200,"bu","13:43:33",9704500
16600,200,100,"bu","13:43:35",9704600
16600,200,1100,"bu","13:43:43",9705700
16550,150,3000,"bu","13:43:45",9708700
16550,150,5000,"bu","13:44:03",9713700
16600,200,3000,"sd","13:44:05",9716700
16550,150,500,"bu","13:44:07",9717200
16600,200,200,"sd","13:44:09",9717400
16600,200,9000,"sd","13:44:22",9726400
16600,200,100,"bu","13:44:33",9726500
16600,200,500,"bu","13:44:36",9727000
16600,200,10600,"bu","13:44:41",9737600
16600,200,700,"bu","13:44:49",9738300
16600,200,100,"sd","13:45:03",9738400
16550,150,1000,"bu","13:45:04",9739400
16600,200,100,"sd","13:45:07",9739500
16600,200,7700,"sd","13:45:10",9747200
16600,200,100,"sd","13:45:19",9747300
16600,200,3000,"sd","13:45:26",9750300
16600,200,200,"sd","13:45:27",9750500
16600,200,500,"sd","13:45:29",9751000
16600,200,30000,"sd","13:45:31",9781000
16550,150,500,"bu","13:45:32",9781500
16600,200,100,"bu","13:45:34",9781600
16600,200,6000,"bu","13:45:38",9787600
16600,200,1000,"sd","13:45:39",9788600
16600,200,200,"bu","13:45:44",9788800
16600,200,500,"bu","13:45:45",9789300
16600,200,100,"sd","13:45:47",9789400
16600,200,10000,"sd","13:45:52",9799400
16600,200,10400,"bu","13:45:57",9809800
16600,200,3000,"bu","13:45:59",9812800
16600,200,400,"bu","13:46:02",9813200
16550,150,1000,"sd","13:46:03",9814200
16600,200,2000,"bu","13:46:07",9816200
16600,200,1000,"bu","13:46:12",9817200
16600,200,51000,"sd","13:46:17",9868200
16600,200,1000,"sd","13:46:18",9869200
16600,200,600,"bu","13:46:24",9869800
16600,200,1000,"bu","13:46:29",9870800
16600,200,10000,"bu","13:46:32",9880800
16600,200,500,"sd","13:46:34",9881300
16600,200,1000,"bu","13:46:39",9882300
16550,150,11500,"bu","13:46:45",9893800
16600,200,10100,"bu","13:46:47",9903900
16600,200,2000,"sd","13:46:50",9905900
16600,200,1000,"sd","13:46:52",9906900
16600,200,21100,"bu","13:46:53",9928000
16600,200,1500,"sd","13:46:55",9929500
16600,200,1500,"bu","13:47:00",9931000
16600,200,10000,"sd","13:47:02",9941000
16600,200,10000,"sd","13:47:13",9951000
16600,200,51000,"bu","13:47:16",10002000
16600,200,36600,"sd","13:47:20",10038600
16600,200,1200,"sd","13:47:21",10039800
16600,200,5000,"bu","13:47:22",10044800
16600,200,42300,"bu","13:47:24",10087100
16600,200,8000,"bu","13:47:27",10095100
16600,200,100,"bu","13:47:29",10095200
16600,200,11000,"bu","13:48:00",10106200
16600,200,100,"bu","13:48:07",10106300
16650,250,200,"bu","13:48:12",10106500
16600,200,300,"bu","13:48:18",10106800
16600,200,600,"sd","13:48:38",10107400
16600,200,1000,"bu","13:48:45",10108400
16600,200,500,"bu","13:48:47",10108900
16600,200,1100,"bu","13:48:51",10110000
16600,200,100,"sd","13:48:55",10110100
16600,200,30000,"sd","13:49:10",10140100
16600,200,1000,"sd","13:49:11",10141100
16650,250,100,"sd","13:49:13",10141200
16650,250,300,"bu","13:49:20",10141500
16650,250,1500,"sd","13:49:33",10143000
16650,250,100,"bu","13:49:50",10143100
16650,250,2500,"sd","13:49:54",10145600
16650,250,1000,"sd","13:49:56",10146600
16600,200,2000,"bu","13:50:02",10148600
16650,250,100,"bu","13:50:06",10148700
16650,250,2100,"sd","13:50:09",10150800
16600,200,100,"bu","13:50:11",10150900
16650,250,1100,"bu","13:50:26",10152000
16650,250,100,"sd","13:50:35",10152100
16650,250,1000,"bu","13:50:40",10153100
16650,250,50000,"sd","13:50:55",10203100
16600,200,500,"sd","13:51:01",10203600
16600,200,5000,"bu","13:51:07",10208600
16650,250,600,"sd","13:51:08",10209200
16650,250,8800,"sd","13:51:12",10218000
16650,250,500,"sd","13:51:16",10218500
16650,250,100,"bu","13:51:19",10218600
16600,200,4000,"bu","13:51:20",10222600
16650,250,5000,"bu","13:51:23",10227600
16600,200,600,"bu","13:51:28",10228200
16600,200,7000,"bu","13:51:32",10235200
16600,200,5100,"sd","13:51:44",10240300
16650,250,400,"sd","13:51:49",10240700
16600,200,300,"bu","13:51:52",10241000
16600,200,1000,"bu","13:52:01",10242000
16600,200,8000,"bu","13:52:08",10250000
16650,250,23800,"sd","13:52:15",10273800
16600,200,1000,"sd","13:52:19",10274800
16650,250,2100,"bu","13:52:26",10276900
16600,200,800,"bu","13:52:42",10277700
16600,200,2500,"bu","13:52:46",10280200
16600,200,2200,"sd","13:53:01",10282400
16650,250,2000,"sd","13:53:04",10284400
16600,200,500,"sd","13:53:06",10284900
16600,200,1000,"bu","13:53:08",10285900
16600,200,200,"sd","13:53:10",10286100
16600,200,500,"bu","13:53:17",10286600
16600,200,300,"sd","13:53:23",10286900
16600,200,800,"sd","13:53:29",10287700
16600,200,1100,"bu","13:53:34",10288800
16600,200,113300,"bu","13:53:38",10402100
16600,200,400,"bu","13:53:39",10402500
16650,250,700,"sd","13:53:41",10403200
16600,200,2100,"bu","13:53:43",10405300
16600,200,57400,"sd","13:53:50",10462700
16600,200,50300,"bu","13:53:52",10513000
16600,200,7200,"sd","13:53:54",10520200
16550,150,10200,"sd","13:53:56",10530400
16550,150,1000,"sd","13:54:06",10531400
16600,200,200,"bu","13:54:14",10531600
16600,200,400,"sd","13:54:30",10532000
16600,200,800,"bu","13:54:32",10532800
16600,200,200,"sd","13:54:34",10533000
16600,200,3000,"bu","13:54:45",10536000
16600,200,1000,"bu","13:54:50",10537000
16600,200,100,"bu","13:54:58",10537100
16600,200,1200,"sd","13:55:10",10538300
16600,200,10000,"bu","13:55:21",10548300
16600,200,500,"sd","13:55:32",10548800
16550,150,1000,"sd","13:55:41",10549800
16600,200,100,"sd","13:55:43",10549900
16600,200,800,"bu","13:55:53",10550700
16600,200,1000,"bu","13:55:57",10551700
16600,200,1100,"sd","13:56:23",10552800
16550,150,600,"sd","13:56:27",10553400
16550,150,200,"sd","13:56:36",10553600
16600,200,1000,"bu","13:56:42",10554600
16600,200,1600,"bu","13:57:00",10556200
16600,200,200,"bu","13:57:09",10556400
16600,200,100,"bu","13:57:12",10556500
16600,200,2100,"bu","13:57:21",10558600
16600,200,200,"sd","13:57:25",10558800
16600,200,5100,"bu","13:57:27",10563900
16600,200,1000,"bu","13:57:34",10564900
16600,200,2000,"bu","13:57:50",10566900
16600,200,1000,"bu","13:58:02",10567900
16600,200,1500,"sd","13:58:06",10569400
16600,200,10000,"bu","13:58:14",10579400
16600,200,400,"bu","13:58:27",10579800
16600,200,600,"sd","13:58:29",10580400
16600,200,1000,"bu","13:58:31",10581400
16600,200,500,"sd","13:58:53",10581900
16600,200,100,"bu","13:59:04",10582000
16600,200,2300,"bu","13:59:09",10584300
16550,150,5100,"sd","13:59:17",10589400
16550,150,500,"sd","13:59:26",10589900
16550,150,300,"sd","13:59:46",10590200
16550,150,1000,"sd","13:59:47",10591200
16550,150,700,"bu","13:59:53",10591900
16600,200,1000,"bu","13:59:54",10592900
16600,200,6000,"bu","13:59:56",10598900
16550,150,3000,"bu","14:00:03",10601900
16600,200,300,"sd","14:00:05",10602200
16600,200,100,"sd","14:00:07",10602300
16600,200,500,"bu","14:00:10",10602800
16600,200,100,"sd","14:00:33",10602900
16600,200,200,"sd","14:00:40",10603100
16600,200,500,"bu","14:00:41",10603600
16600,200,1000,"bu","14:00:45",10604600
16600,200,700,"bu","14:00:58",10605300
16600,200,2000,"sd","14:01:01",10607300
16600,200,200,"bu","14:01:03",10607500
16600,200,300,"sd","14:01:13",10607800
16550,150,300,"bu","14:01:16",10608100
16600,200,2000,"bu","14:01:18",10610100
16600,200,8000,"bu","14:01:22",10618100
16600,200,1000,"bu","14:01:43",10619100
16600,200,100,"sd","14:01:45",10619200
16600,200,300,"sd","14:01:47",10619500
16600,200,900,"sd","14:02:01",10620400
16600,200,1900,"sd","14:02:08",10622300
16600,200,500,"bu","14:02:16",10622800
16600,200,100,"sd","14:02:20",10622900
16600,200,1000,"sd","14:02:29",10623900
16550,150,300,"sd","14:02:41",10624200
16550,150,200,"sd","14:02:46",10624400
16600,200,300,"sd","14:03:00",10624700
16600,200,50100,"sd","14:03:27",10674800
16600,200,200,"sd","14:03:41",10675000
16600,200,800,"bu","14:03:45",10675800
16600,200,1600,"bu","14:03:53",10677400
16600,200,1300,"bu","14:03:55",10678700
16600,200,2000,"sd","14:03:58",10680700
16600,200,1000,"bu","14:04:00",10681700
16600,200,67300,"bu","14:04:09",10749000
16600,200,9900,"sd","14:04:26",10758900
16600,200,1100,"bu","14:04:28",10760000
16600,200,10000,"sd","14:04:33",10770000
16600,200,13500,"bu","14:04:38",10783500
16600,200,1000,"bu","14:04:40",10784500
16600,200,4000,"bu","14:04:47",10788500
16600,200,3200,"bu","14:04:49",10791700
16550,150,6100,"bu","14:04:51",10797800
16600,200,3800,"sd","14:04:55",10801600
16600,200,1500,"bu","14:04:56",10803100
16600,200,33200,"sd","14:04:58",10836300
16600,200,13000,"bu","14:05:00",10849300
16600,200,2000,"sd","14:05:02",10851300
16600,200,19100,"bu","14:05:03",10870400
16600,200,5000,"sd","14:05:16",10875400
16650,250,5500,"sd","14:05:23",10880900
16650,250,100,"bu","14:05:39",10881000
16600,200,32500,"bu","14:05:40",10913500
16600,200,2000,"bu","14:05:46",10915500
16600,200,400,"bu","14:05:52",10915900
16600,200,200,"sd","14:06:00",10916100
16650,250,100,"bu","14:06:02",10916200
16600,200,1000,"bu","14:06:06",10917200
16600,200,500,"sd","14:06:09",10917700
16600,200,5000,"bu","14:06:18",10922700
16600,200,300,"bu","14:06:20",10923000
16600,200,200,"bu","14:06:22",10923200
16650,250,100,"bu","14:06:24",10923300
16600,200,2000,"bu","14:06:27",10925300
16600,200,500,"bu","14:06:29",10925800
16600,200,300,"bu","14:06:31",10926100
16600,200,200,"sd","14:06:37",10926300
16600,200,700,"bu","14:06:41",10927000
16600,200,100,"sd","14:06:43",10927100
16600,200,1000,"bu","14:06:54",10928100
16650,250,100,"bu","14:07:07",10928200
16600,200,10000,"bu","14:07:10",10938200
16600,200,2200,"sd","14:07:20",10940400
16600,200,700,"sd","14:07:22",10941100
16600,200,7000,"sd","14:07:28",10948100
16600,200,300,"bu","14:07:31",10948400
16600,200,100,"sd","14:07:39",10948500
16600,200,500,"sd","14:07:48",10949000
16600,200,1000,"bu","14:07:57",10950000
16600,200,3500,"bu","14:08:00",10953500
16650,250,2100,"sd","14:08:06",10955600
16600,200,10000,"bu","14:08:25",10965600
16600,200,3000,"bu","14:08:35",10968600
16600,200,1000,"bu","14:08:52",10969600
16650,250,200,"bu","14:08:54",10969800
16650,250,4000,"sd","14:08:56",10973800
16650,250,100,"bu","14:09:29",10973900
16650,250,3600,"sd","14:10:01",10977500
16600,200,1000,"sd","14:10:07",10978500
16600,200,1300,"bu","14:10:24",10979800
16600,200,10000,"bu","14:10:25",10989800
16600,200,1100,"bu","14:10:35",10990900
16600,200,100,"sd","14:10:40",10991000
16600,200,3300,"bu","14:10:51",10994300
16600,200,100,"bu","14:10:55",10994400
16600,200,500,"bu","14:11:00",10994900
16650,250,100,"sd","14:11:04",10995000
16600,200,5500,"bu","14:11:08",11000500
16600,200,15000,"sd","14:11:10",11015500
16600,200,21000,"bu","14:11:12",11036500
16600,200,1000,"sd","14:11:14",11037500
16600,200,63500,"bu","14:11:16",11101000
16600,200,25700,"sd","14:11:18",11126700
16600,200,3900,"bu","14:11:19",11130600
16600,200,1000,"bu","14:11:22",11131600
16600,200,6100,"sd","14:11:24",11137700
16600,200,62400,"sd","14:11:26",11200100
16600,200,13200,"sd","14:11:29",11213300
16600,200,12000,"sd","14:11:31",11225300
16600,200,4900,"sd","14:11:33",11230200
16600,200,16200,"sd","14:11:34",11246400
16600,200,14300,"bu","14:11:37",11260700
16600,200,12000,"bu","14:11:39",11272700
16600,200,10000,"sd","14:11:41",11282700
16600,200,2600,"bu","14:11:43",11285300
16600,200,1000,"bu","14:11:47",11286300
16600,200,1100,"bu","14:11:51",11287400
16600,200,10000,"bu","14:11:53",11297400
16550,150,41400,"sd","14:11:55",11338800
16600,200,9900,"sd","14:12:07",11348700
16600,200,600,"bu","14:12:23",11349300
16550,150,1800,"sd","14:12:25",11351100
16600,200,500,"bu","14:12:26",11351600
16600,200,800,"sd","14:12:30",11352400
16600,200,100,"sd","14:12:36",11352500
16600,200,1000,"sd","14:12:41",11353500
16600,200,100,"bu","14:12:43",11353600
16600,200,400,"bu","14:12:47",11354000
16600,200,300,"sd","14:12:49",11354300
16600,200,500,"bu","14:13:15",11354800
16600,200,1500,"bu","14:13:17",11356300
16600,200,500,"sd","14:13:21",11356800
16550,150,16000,"sd","14:13:28",11372800
16600,200,100,"bu","14:13:31",11372900
16550,150,2100,"sd","14:13:32",11375000
16600,200,1800,"sd","14:13:43",11376800
16550,150,10000,"bu","14:13:45",11386800
16600,200,1000,"sd","14:13:47",11387800
16550,150,10000,"bu","14:13:54",11397800
16550,150,3400,"bu","14:14:02",11401200
16550,150,400,"sd","14:14:12",11401600
16550,150,300,"bu","14:14:17",11401900
16600,200,1400,"bu","14:14:28",11403300
16600,200,1500,"bu","14:14:39",11404800
16550,150,100,"bu","14:14:53",11404900
16600,200,400,"bu","14:14:55",11405300
16550,150,100,"bu","14:15:02",11405400
16550,150,300,"sd","14:15:25",11405700
16550,150,2100,"sd","14:15:29",11407800
16600,200,100,"sd","14:15:30",11407900
16600,200,400,"sd","14:15:34",11408300
16600,200,100,"bu","14:15:41",11408400
16600,200,200,"sd","14:15:56",11408600
16550,150,20200,"sd","14:16:34",11428800
16600,200,6000,"bu","14:16:47",11434800
16550,150,13600,"sd","14:16:49",11448400
16550,150,1000,"sd","14:16:51",11449400
16550,150,15300,"bu","14:17:03",11464700
16550,150,100,"sd","14:17:05",11464800
16550,150,900,"sd","14:17:07",11465700
16600,200,100,"bu","14:17:09",11465800
16550,150,5000,"bu","14:17:12",11470800
16550,150,30000,"bu","14:17:20",11500800
16550,150,23000,"bu","14:17:24",11523800
16600,200,100,"sd","14:17:27",11523900
16550,150,300,"sd","14:17:39",11524200
16550,150,100,"bu","14:17:40",11524300
16550,150,3000,"bu","14:17:43",11527300
16600,200,100,"bu","14:17:46",11527400
16600,200,5500,"bu","14:17:53",11532900
16550,150,1100,"sd","14:17:55",11534000
16550,150,7400,"bu","14:17:57",11541400
16550,150,100,"sd","14:18:02",11541500
16600,200,1000,"bu","14:18:04",11542500
16550,150,22700,"sd","14:18:07",11565200
16550,150,2000,"sd","14:18:19",11567200
16550,150,80100,"sd","14:18:22",11647300
16550,150,800,"sd","14:18:34",11648100
16550,150,10000,"bu","14:18:42",11658100
16550,150,101000,"sd","14:18:51",11759100
16550,150,5000,"sd","14:18:57",11764100
16550,150,52300,"sd","14:18:59",11816400
16550,150,1000,"sd","14:19:01",11817400
16550,150,61700,"bu","14:19:07",11879100
16550,150,300,"bu","14:19:10",11879400
16550,150,16300,"sd","14:19:27",11895700
16550,150,400,"sd","14:19:29",11896100
16550,150,2000,"sd","14:19:32",11898100
16550,150,2000,"bu","14:19:34",11900100
16550,150,300,"sd","14:19:36",11900400
16500,100,3000,"sd","14:19:42",11903400
16550,150,5100,"sd","14:19:44",11908500
16550,150,2500,"bu","14:19:46",11911000
16550,150,100,"sd","14:19:51",11911100
16550,150,700,"bu","14:19:53",11911800
16550,150,1000,"sd","14:19:55",11912800
16550,150,1000,"sd","14:19:59",11913800
16550,150,6500,"sd","14:20:01",11920300
16550,150,5300,"bu","14:20:03",11925600
16550,150,2100,"sd","14:20:05",11927700
16550,150,50000,"bu","14:20:07",11977700
16550,150,8800,"bu","14:20:09",11986500
16550,150,5900,"sd","14:20:11",11992400
16500,100,19000,"bu","14:20:15",12011400
16550,150,400,"bu","14:20:19",12011800
16550,150,6000,"bu","14:20:28",12017800
16550,150,300,"bu","14:20:31",12018100
16550,150,1700,"bu","14:20:37",12019800
16550,150,2600,"sd","14:20:50",12022400
16600,200,1000,"bu","14:20:52",12023400
16600,200,100,"sd","14:20:57",12023500
16550,150,500,"sd","14:21:01",12024000
16550,150,100,"sd","14:21:13",12024100
16550,150,3400,"sd","14:21:15",12027500
16550,150,2000,"sd","14:21:21",12029500
16550,150,1400,"sd","14:21:27",12030900
16550,150,5000,"sd","14:21:29",12035900
16550,150,2000,"bu","14:21:35",12037900
16550,150,800,"bu","14:21:44",12038700
16550,150,1000,"bu","14:21:49",12039700
16550,150,3700,"bu","14:21:56",12043400
16600,200,100,"bu","14:21:59",12043500
16550,150,500,"bu","14:22:04",12044000
16550,150,5500,"bu","14:22:08",12049500
16550,150,2500,"sd","14:22:14",12052000
16600,200,5000,"sd","14:22:16",12057000
16550,150,7500,"bu","14:22:20",12064500
16550,150,6500,"sd","14:22:22",12071000
16550,150,5000,"bu","14:22:29",12076000
16550,150,400,"sd","14:22:37",12076400
16550,150,1000,"sd","14:22:45",12077400
16550,150,10100,"sd","14:22:52",12087500
16600,200,100,"sd","14:22:56",12087600
16550,150,5000,"bu","14:23:00",12092600
16550,150,10000,"bu","14:23:02",12102600
16550,150,1000,"bu","14:23:03",12103600
16600,200,500,"sd","14:23:22",12104100
16550,150,2000,"bu","14:23:28",12106100
16550,150,1100,"bu","14:23:33",12107200
16550,150,11000,"sd","14:23:39",12118200
16550,150,1000,"bu","14:23:43",12119200
16550,150,6800,"sd","14:23:51",12126000
16550,150,2000,"bu","14:23:59",12128000
16550,150,1000,"bu","14:24:03",12129000
16600,200,100,"sd","14:24:07",12129100
16600,200,21000,"bu","14:24:09",12150100
16550,150,200,"sd","14:24:16",12150300
16550,150,2000,"sd","14:24:19",12152300
16600,200,2000,"sd","14:24:28",12154300
16550,150,2500,"bu","14:24:34",12156800
16550,150,3000,"sd","14:24:36",12159800
16550,150,8500,"sd","14:24:41",12168300
16550,150,200,"sd","14:24:44",12168500
16550,150,100,"bu","14:24:48",12168600
16550,150,500,"sd","14:24:57",12169100
16550,150,900,"sd","14:25:03",12170000
16550,150,5200,"sd","14:25:15",12175200
16550,150,54500,"bu","14:25:26",12229700
16550,150,8000,"sd","14:25:33",12237700
16550,150,13400,"bu","14:25:35",12251100
16550,150,7000,"bu","14:25:41",12258100
16600,200,600,"sd","14:25:46",12258700
16550,150,4000,"bu","14:25:53",12262700
16550,150,400,"bu","14:25:57",12263100
16550,150,10700,"bu","14:26:11",12273800
16550,150,300,"bu","14:26:17",12274100
16550,150,700,"sd","14:26:19",12274800
16550,150,2000,"bu","14:26:22",12276800
16550,150,700,"sd","14:26:24",12277500
16550,150,47000,"bu","14:26:27",12324500
16550,150,5000,"bu","14:26:29",12329500
16550,150,1700,"sd","14:26:31",12331200
16550,150,10100,"sd","14:26:35",12341300
16550,150,8200,"bu","14:26:41",12349500
16550,150,2000,"sd","14:26:46",12351500
16550,150,2600,"sd","14:26:51",12354100
16550,150,3100,"bu","14:26:53",12357200
16600,200,1000,"bu","14:26:56",12358200
16600,200,2600,"sd","14:27:02",12360800
16550,150,200,"bu","14:27:05",12361000
16550,150,1000,"bu","14:27:09",12362000
16550,150,5100,"bu","14:27:17",12367100
16550,150,100,"bu","14:27:19",12367200
16550,150,6000,"bu","14:27:28",12373200
16550,150,5600,"sd","14:27:34",12378800
16550,150,100,"sd","14:27:38",12378900
16550,150,200,"sd","14:27:42",12379100
16550,150,4000,"sd","14:27:44",12383100
16550,150,10800,"bu","14:27:49",12393900
16550,150,200,"sd","14:27:56",12394100
16550,150,5800,"sd","14:28:03",12399900
16550,150,2000,"sd","14:28:05",12401900
16550,150,2500,"bu","14:28:06",12404400
16550,150,3400,"bu","14:28:14",12407800
16550,150,46600,"bu","14:28:32",12454400
16550,150,5000,"sd","14:28:34",12459400
16550,150,1000,"bu","14:28:36",12460400
16600,200,100,"bu","14:28:40",12460500
16600,200,50000,"sd","14:28:42",12510500
16550,150,200,"sd","14:28:44",12510700
16550,150,1000,"bu","14:28:46",12511700
16550,150,17100,"bu","14:28:50",12528800
16550,150,5200,"sd","14:28:54",12534000
16600,200,800,"sd","14:28:56",12534800
16600,200,600,"bu","14:29:11",12535400
16600,200,2300,"sd","14:29:28",12537700
16600,200,100,"bu","14:29:32",12537800
16600,200,500,"sd","14:29:37",12538300
16600,200,100,"bu","14:29:41",12538400
16600,200,7000,"bu","14:29:47",12545400
16550,150,200,"bu","14:29:52",12545600
16600,200,3800,"bu","14:29:54",12549400
16600,200,1700,"sd","14:29:58",12551100
16600,200,4100,"sd","14:30:01",12555200
16550,150,4100,"bu","14:30:05",12559300
16600,200,600,"bu","14:30:07",12559900
16650,250,1111900,"sd","14:45:26",13671800
