"symbol","time","price","change","vol","total","side"
"CII","14:45:00",18.1,-0.7,1202200,18223700,
"CII","14:29:59",18.3,-0.5,1000,17021500,"S"
"CII","14:29:56",18.3,-0.5,1000,17020500,"S"
"CII","14:29:50",18.3,-0.5,14200,17019500,"S"
"CII","14:29:46",18.25,-0.55,1800,17005300,"B"
"CII","14:29:40",18.25,-0.55,10000,17003500,"B"
"CII","14:29:38",18.25,-0.55,2500,16993500,"B"
"CII","14:29:35",18.25,-0.55,500,16991000,"B"
"CII","14:29:33",18.25,-0.55,2000,16990500,"B"
"CII","14:29:32",18.25,-0.55,300,16988500,"B"
"CII","14:29:28",18.25,-0.55,500,16988200,"B"
"CII","14:29:22",18.25,-0.55,2000,16987700,"B"
"CII","14:29:20",18.3,-0.5,100,16985700,"S"
"CII","14:29:19",18.25,-0.55,1000,16985600,"B"
"CII","14:29:15",18.3,-0.5,100,16984600,"S"
"CII","14:29:14",18.25,-0.55,500,16984500,"B"
"CII","14:29:13",18.25,-0.55,5000,16984000,"B"
"CII","14:29:12",18.25,-0.55,1300,16979000,"B"
"CII","14:29:10",18.3,-0.5,200,16977700,"S"
"CII","14:29:07",18.25,-0.55,200,16977500,"B"
"CII","14:29:06",18.25,-0.55,2000,16977300,"B"
"CII","14:28:53",18.3,-0.5,500,16975300,"S"
"CII","14:28:53",18.25,-0.55,5000,16974800,"B"
"CII","14:28:51",18.3,-0.5,600,16969800,"S"
"CII","14:28:40",18.3,-0.5,4000,16969200,"S"
"CII","14:28:28",18.3,-0.5,1100,16965200,"S"
"CII","14:28:27",18.25,-0.55,18700,16964100,"S"
"CII","14:28:26",18.25,-0.55,5000,16945400,"S"
"CII","14:28:24",18.25,-0.55,1000,16940400,"S"
"CII","14:28:23",18.25,-0.55,4000,16939400,"S"
"CII","14:28:21",18.25,-0.55,38300,16935400,"S"
"CII","14:28:21",18.25,-0.55,100,16897100,"S"
"CII","14:28:19",18.25,-0.55,14700,16897000,"S"
"CII","14:28:15",18.25,-0.55,300,16882300,"S"
"CII","14:28:11",18.25,-0.55,7300,16882000,"S"
"CII","14:28:10",18.25,-0.55,1000,16874700,"S"
"CII","14:28:08",18.25,-0.55,2100,16873700,"S"
"CII","14:28:08",18.2,-0.6,300,16871600,"B"
"CII","14:28:07",18.25,-0.55,2700,16871300,"S"
"CII","14:28:06",18.25,-0.55,3000,16868600,"S"
"CII","14:27:58",18.2,-0.6,2000,16865600,"B"
"CII","14:27:55",18.25,-0.55,500,16863600,"S"
"CII","14:27:53",18.2,-0.6,2500,16863100,"B"
"CII","14:27:50",18.25,-0.55,4000,16860600,"S"
"CII","14:27:47",18.25,-0.55,200,16856600,"S"
"CII","14:27:46",18.2,-0.6,300,16856400,"B"
"CII","14:27:45",18.25,-0.55,100,16856100,"S"
"CII","14:27:43",18.25,-0.55,9900,16856000,"S"
"CII","14:27:39",18.25,-0.55,100,16846100,"S"
"CII","14:27:36",18.25,-0.55,200,16846000,"S"
"CII","14:27:33",18.25,-0.55,1000,16845800,"S"
"CII","14:27:31",18.25,-0.55,300,16844800,"S"
"CII","14:27:30",18.25,-0.55,5000,16844500,"S"
"CII","14:27:26",18.2,-0.6,5400,16839500,"B"
"CII","14:27:23",18.25,-0.55,1000,16834100,"S"
"CII","14:27:19",18.25,-0.55,10000,16833100,"S"
"CII","14:27:17",18.25,-0.55,1000,16823100,"S"
"CII","14:27:11",18.2,-0.6,100,16822100,"B"
"CII","14:27:08",18.2,-0.6,3900,16817000,"B"
"CII","14:27:01",18.2,-0.6,400,16813100,"B"
"CII","14:26:57",18.2,-0.6,500,16812700,"B"
"CII","14:26:56",18.25,-0.55,3000,16812200,"S"
"CII","14:26:52",18.25,-0.55,1400,16809200,"S"
"CII","14:26:50",18.2,-0.6,200,16807800,"B"
"CII","14:26:47",18.25,-0.55,200,16807600,"S"
"CII","14:26:45",18.25,-0.55,100,16807400,"S"
"CII","14:26:44",18.25,-0.55,500,16807300,"S"
"CII","14:26:42",18.25,-0.55,100,16806800,"S"
"CII","14:26:41",18.25,-0.55,100,16806700,"S"
"CII","14:26:40",18.2,-0.6,3000,16806600,"B"
"CII","14:26:38",18.25,-0.55,3100,16803600,"S"
"CII","14:26:37",18.25,-0.55,500,16800500,"S"
"CII","14:26:37",18.25,-0.55,2000,16800000,"S"
"CII","14:26:36",18.25,-0.55,1500,16798000,"S"
"CII","14:26:33",18.25,-0.55,500,16796500,"S"
"CII","14:26:26",18.25,-0.55,5000,16796000,"S"
"CII","14:26:24",18.25,-0.55,2000,16791000,"S"
"CII","14:26:16",18.25,-0.55,1000,16789000,"S"
"CII","14:26:14",18.25,-0.55,3700,16788000,"S"
"CII","14:26:11",18.25,-0.55,12300,16784300,"B"
"CII","14:26:10",18.25,-0.55,300,16772000,"B"
"CII","14:26:09",18.25,-0.55,1000,16771700,"B"
"CII","14:26:04",18.3,-0.5,3000,16770700,"S"
"CII","14:26:04",18.25,-0.55,3000,16767700,"B"
"CII","14:26:01",18.25,-0.55,100,16764700,"B"
"CII","14:25:57",18.25,-0.55,30000,16764600,"B"
"CII","14:25:50",18.25,-0.55,700,16734600,"B"
"CII","14:25:46",18.25,-0.55,1500,16733900,"B"
"CII","14:25:40",18.25,-0.55,1300,16732400,"B"
"CII","14:25:40",18.25,-0.55,400,16731100,"B"
"CII","14:25:37",18.25,-0.55,2000,16730700,"B"
"CII","14:25:36",18.25,-0.55,10000,16728700,"B"
"CII","14:25:30",18.25,-0.55,2000,16718700,"B"
"CII","14:25:29",18.25,-0.55,200,16716700,"B"
"CII","14:25:22",18.25,-0.55,3400,16716500,"S"
"CII","14:25:21",18.25,-0.55,6600,16713100,"B"
"CII","14:25:19",18.25,-0.55,9400,16706500,"S"
"CII","14:25:16",18.25,-0.55,800,16697100,"S"
"CII","14:25:14",18.25,-0.55,5000,16696300,"S"
"CII","14:25:12",18.25,-0.55,1000,16691300,"S"
"CII","14:25:11",18.25,-0.55,1100,16690300,"S"
"CII","14:25:09",18.25,-0.55,200,16689200,"S"
"CII","14:25:09",18.25,-0.55,4300,16689000,"S"
"CII","14:25:08",18.25,-0.55,4100,16684700,"S"
"CII","14:24:56",18.25,-0.55,1000,16680600,"S"
"CII","14:24:56",18.2,-0.6,500,16679600,"B"
"CII","14:24:56",18.25,-0.55,19700,16679100,"S"
"CII","14:24:55",18.25,-0.55,1000,16659400,"S"
"CII","14:24:54",18.25,-0.55,600,16658400,"S"
"CII","14:24:53",18.25,-0.55,5000,16657800,"S"
"CII","14:24:49",18.2,-0.6,100,16652800,"B"
"CII","14:24:48",18.25,-0.55,3000,16652700,"S"
"CII","14:24:47",18.2,-0.6,500,16649700,"B"
"CII","14:24:45",18.25,-0.55,500,16649200,"S"
"CII","14:24:44",18.25,-0.55,3500,16648700,"S"
"CII","14:24:43",18.25,-0.55,100,16645200,"S"
"CII","14:24:42",18.25,-0.55,100,16645100,"S"
"CII","14:24:36",18.25,-0.55,2000,16645000,"S"
"CII","14:24:33",18.25,-0.55,20000,16643000,"S"
"CII","14:24:32",18.2,-0.6,800,16623000,"B"
"CII","14:24:20",18.2,-0.6,700,16622200,"B"
"CII","14:24:19",18.2,-0.6,500,16621500,"B"
"CII","14:24:16",18.2,-0.6,300,16621000,"B"
"CII","14:24:13",18.2,-0.6,200,16620700,"B"
"CII","14:24:12",18.2,-0.6,5000,16620500,"B"
"CII","14:24:12",18.25,-0.55,2600,16615500,"S"
"CII","14:24:11",18.2,-0.6,1000,16612900,"B"
"CII","14:24:06",18.2,-0.6,200,16611900,"B"
"CII","14:24:04",18.2,-0.6,2000,16611700,"B"
"CII","14:24:01",18.2,-0.6,300,16609700,"B"
"CII","14:24:00",18.2,-0.6,1000,16609400,"B"
"CII","14:23:56",18.2,-0.6,700,16608400,"S"
"CII","14:23:55",18.2,-0.6,10000,16607700,"S"
"CII","14:23:51",18.2,-0.6,5900,16597700,"S"
"CII","14:23:49",18.2,-0.6,100,16591800,"S"
"CII","14:23:45",18.2,-0.6,10400,16591700,"B"
"CII","14:23:45",18.2,-0.6,27000,16581300,"B"
"CII","14:23:42",18.2,-0.6,300,16554300,"B"
"CII","14:23:39",18.2,-0.6,16600,16554000,"S"
"CII","14:23:39",18.2,-0.6,1500,16537400,"S"
"CII","14:23:36",18.2,-0.6,500,16535900,"S"
"CII","14:23:32",18.2,-0.6,500,16535400,"S"
"CII","14:23:31",18.2,-0.6,21600,16534900,"S"
"CII","14:23:30",18.2,-0.6,1000,16513300,"S"
"CII","14:23:29",18.2,-0.6,100,16512300,"S"
"CII","14:23:28",18.2,-0.6,1000,16512200,"S"
"CII","14:23:21",18.2,-0.6,200,16511200,"S"
"CII","14:23:20",18.2,-0.6,1000,16511000,"S"
"CII","14:23:19",18.2,-0.6,500,16510000,"S"
"CII","14:23:19",18.2,-0.6,700,16509500,"S"
"CII","14:23:18",18.2,-0.6,100,16508800,"S"
"CII","14:23:16",18.2,-0.6,10000,16508700,"S"
"CII","14:23:12",18.2,-0.6,500,16498700,"S"
"CII","14:23:11",18.2,-0.6,2000,16498200,"S"
"CII","14:23:07",18.2,-0.6,300,16496200,"S"
"CII","14:23:05",18.2,-0.6,5000,16495900,"S"
"CII","14:23:02",18.15,-0.65,600,16490900,"B"
"CII","14:23:02",18.2,-0.6,1000,16490300,"S"
"CII","14:22:57",18.2,-0.6,2000,16489300,"S"
"CII","14:22:54",18.2,-0.6,3000,16487300,"S"
"CII","14:22:50",18.2,-0.6,10000,16484300,"S"
"CII","14:22:49",18.2,-0.6,4400,16474300,"S"
"CII","14:22:47",18.2,-0.6,10000,16469900,"S"
"CII","14:22:45",18.2,-0.6,100,16459900,"S"
"CII","14:22:40",18.2,-0.6,900,16459800,"S"
"CII","14:22:37",18.2,-0.6,100,16458900,"S"
"CII","14:22:36",18.2,-0.6,23200,16458800,"B"
"CII","14:22:35",18.25,-0.55,11800,16435600,"B"
"CII","14:22:34",18.25,-0.55,10300,16423800,"S"
"CII","14:22:32",18.25,-0.55,100,16413500,"S"
"CII","14:22:31",18.25,-0.55,2600,16413400,"S"
"CII","14:22:30",18.25,-0.55,17400,16410800,"S"
"CII","14:22:27",18.2,-0.6,500,16393400,"B"
"CII","14:22:26",18.25,-0.55,5000,16392900,"S"
"CII","14:22:24",18.2,-0.6,200,16387900,"B"
"CII","14:22:20",18.2,-0.6,1300,16387700,"B"
"CII","14:22:14",18.25,-0.55,2700,16386400,"S"
"CII","14:22:14",18.2,-0.6,2300,16383700,"S"
"CII","14:22:13",18.2,-0.6,9700,16381400,"B"
"CII","14:22:10",18.25,-0.55,2000,16371700,"S"
"CII","14:22:06",18.2,-0.6,13200,16369700,"S"
"CII","14:22:02",18.2,-0.6,10000,16356500,"S"
"CII","14:21:59",18.15,-0.65,500,16346500,"B"
"CII","14:21:59",18.2,-0.6,20000,16346000,"S"
"CII","14:21:55",18.2,-0.6,3000,16326000,"S"
"CII","14:21:54",18.2,-0.6,500,16323000,"S"
"CII","14:21:53",18.2,-0.6,200,16322500,"S"
"CII","14:21:53",18.15,-0.65,1800,16322300,"B"
"CII","14:21:52",18.2,-0.6,1000,16320500,"S"
"CII","14:21:51",18.15,-0.65,1100,16319500,"B"
"CII","14:21:50",18.2,-0.6,1000,16318400,"S"
"CII","14:21:46",18.2,-0.6,4000,16317400,"S"
"CII","14:21:44",18.2,-0.6,100,16313400,"S"
"CII","14:21:43",18.15,-0.65,1000,16313300,"B"
"CII","14:21:42",18.2,-0.6,2000,16312300,"S"
"CII","14:21:40",18.15,-0.65,100,16310300,"B"
"CII","14:21:40",18.2,-0.6,100,16310200,"S"
"CII","14:21:38",18.2,-0.6,1200,16310100,"S"
"CII","14:21:37",18.2,-0.6,4900,16308900,"S"
"CII","14:21:35",18.2,-0.6,100,16304000,"S"
"CII","14:21:28",18.2,-0.6,400,16303900,"S"
"CII","14:21:28",18.15,-0.65,200,16303500,"B"
"CII","14:21:27",18.15,-0.65,2000,16303300,"B"
"CII","14:21:19",18.2,-0.6,1000,16301300,"S"
"CII","14:21:17",18,-0.8,646400,16300300,"B"
"CII","14:21:17",18.05,-0.75,115500,15653900,"B"
"CII","14:21:17",18.1,-0.7,116200,15538400,"B"
"CII","14:21:17",18.15,-0.65,121900,15422200,"B"
"CII","14:21:09",18.2,-0.6,500,15300300,"S"
"CII","14:21:08",18.2,-0.6,1000,15299800,"S"
"CII","14:21:06",18.2,-0.6,400,15298800,"S"
"CII","14:21:05",18.2,-0.6,900,15298400,"S"
"CII","14:21:04",18.2,-0.6,500,15297500,"S"
"CII","14:21:03",18.2,-0.6,2000,15297000,"S"
"CII","14:21:01",18.2,-0.6,1000,15295000,"S"
"CII","14:20:58",18.2,-0.6,1000,15294000,"S"
"CII","14:20:56",18.2,-0.6,100,15293000,"S"
"CII","14:20:53",18.2,-0.6,100,15292900,"S"
"CII","14:20:52",18.2,-0.6,500,15292800,"S"
"CII","14:20:51",18.2,-0.6,1000,15292300,"S"
"CII","14:20:49",18.15,-0.65,1000,15291300,"B"
"CII","14:20:46",18.15,-0.65,700,15290300,"B"
"CII","14:20:44",18.15,-0.65,400,15289600,"B"
"CII","14:20:43",18.15,-0.65,11800,15289200,"S"
"CII","14:20:43",18.15,-0.65,800,15277400,"S"
"CII","14:20:38",18.15,-0.65,2000,15276600,"S"
"CII","14:20:37",18.1,-0.7,8000,15274600,"B"
"CII","14:20:37",18.15,-0.65,1000,15266600,"S"
"CII","14:20:33",18.1,-0.7,10000,15265600,"B"
"CII","14:20:33",18.15,-0.65,700,15255600,"S"
"CII","14:20:31",18.15,-0.65,1000,15254900,"S"
"CII","14:20:29",18.15,-0.65,1000,15253900,"S"
"CII","14:20:28",18.15,-0.65,1000,15252900,"S"
"CII","14:20:26",18.15,-0.65,700,15251900,"S"
"CII","14:20:25",18.15,-0.65,2500,15251200,"S"
"CII","14:20:24",18.15,-0.65,3500,15248700,"S"
"CII","14:20:24",18.1,-0.7,3000,15245200,"B"
"CII","14:20:22",18.15,-0.65,800,15242200,"S"
"CII","14:20:20",18.15,-0.65,1000,15241400,"S"
"CII","14:20:19",18.15,-0.65,500,15240400,"S"
"CII","14:20:18",18.15,-0.65,1000,15239900,"S"
"CII","14:20:18",18.15,-0.65,5000,15238900,"S"
"CII","14:20:10",18.15,-0.65,700,15233900,"S"
"CII","14:20:02",18.1,-0.7,4000,15233200,"B"
"CII","14:19:55",18.1,-0.7,4500,15229200,"S"
"CII","14:19:53",18.05,-0.75,1100,15224700,"B"
"CII","14:19:53",18.05,-0.75,400,15223600,"B"
"CII","14:19:52",18.1,-0.7,3100,15223200,"S"
"CII","14:19:51",18.1,-0.7,39000,15220100,"S"
"CII","14:19:50",18.1,-0.7,2000,15181100,"S"
"CII","14:19:47",18.05,-0.75,2200,15179100,"B"
"CII","14:19:46",18.05,-0.75,400,15176900,"B"
"CII","14:19:41",18.05,-0.75,5000,15176500,"B"
"CII","14:19:40",18.05,-0.75,500,15171500,"B"
"CII","14:19:39",18.1,-0.7,2500,15171000,"S"
"CII","14:19:37",18.1,-0.7,1500,15168500,"S"
"CII","14:19:37",18.05,-0.75,200,15167000,"B"
"CII","14:19:34",18.05,-0.75,500,15166800,"B"
"CII","14:19:33",18.05,-0.75,500,15166300,"B"
"CII","14:19:32",18.05,-0.75,500,15165800,"B"
"CII","14:19:31",18.05,-0.75,1000,15165300,"B"
"CII","14:19:30",18.05,-0.75,15500,15164300,"B"
"CII","14:19:28",18.05,-0.75,5000,15148800,"B"
"CII","14:19:28",18.1,-0.7,900,15143800,"S"
"CII","14:19:27",18.05,-0.75,900,15142900,"B"
"CII","14:19:26",18.05,-0.75,4000,15142000,"B"
"CII","14:19:24",18.05,-0.75,10000,15138000,"B"
"CII","14:19:22",18.05,-0.75,300,15128000,"B"
"CII","14:19:21",18.05,-0.75,1500,15127700,"B"
"CII","14:19:15",18.05,-0.75,24400,15126200,"S"
"CII","14:19:13",18.05,-0.75,10000,15101800,"S"
"CII","14:19:12",18.05,-0.75,1900,15091800,"S"
"CII","14:19:11",18.05,-0.75,55000,15089900,"S"
"CII","14:19:10",18.05,-0.75,100,15034900,"S"
"CII","14:19:09",18,-0.8,200,15034800,"B"
"CII","14:19:09",18.05,-0.75,2000,15034600,"S"
"CII","14:19:09",18,-0.8,500,15032600,"B"
"CII","14:19:08",18.05,-0.75,1000,15032100,"S"
"CII","14:19:08",18,-0.8,6400,15031100,"B"
"CII","14:19:07",18,-0.8,1000,15024700,"B"
"CII","14:19:07",18.05,-0.75,20000,15023700,"S"
"CII","14:19:05",18.05,-0.75,50000,15003700,"S"
"CII","14:19:04",18.05,-0.75,300,14953700,"S"
"CII","14:19:03",18.05,-0.75,600,14953400,"S"
"CII","14:19:02",18.05,-0.75,1200,14952800,"S"
"CII","14:19:00",18.05,-0.75,1000,14951600,"S"
"CII","14:18:59",18.05,-0.75,5000,14950600,"S"
"CII","14:18:56",18.05,-0.75,4000,14945000,"S"
"CII","14:18:55",18.05,-0.75,500,14941000,"S"
"CII","14:18:51",18,-0.8,2000,14940500,"B"
"CII","14:18:51",18.05,-0.75,2100,14938500,"S"
"CII","14:18:50",18.05,-0.75,300,14936400,"S"
"CII","14:18:49",18.05,-0.75,400,14936100,"S"
"CII","14:18:46",18,-0.8,7000,14935700,"B"
"CII","14:18:46",18.05,-0.75,5000,14928700,"S"
"CII","14:18:45",18.05,-0.75,10000,14923700,"S"
"CII","14:18:44",18.05,-0.75,500,14913700,"S"
"CII","14:18:43",18.05,-0.75,20000,14913200,"S"
"CII","14:18:42",18,-0.8,1000,14893200,"B"
"CII","14:18:40",18.05,-0.75,3000,14892200,"S"
"CII","14:18:40",18,-0.8,1000,14889200,"B"
"CII","14:18:36",18.05,-0.75,10000,14888200,"S"
"CII","14:18:36",18,-0.8,1200,14878200,"B"
"CII","14:18:35",18,-0.8,500,14877000,"B"
"CII","14:18:31",18,-0.8,2000,14875500,"B"
"CII","14:18:30",18.05,-0.75,4800,14873500,"S"
"CII","14:18:27",18.05,-0.75,200,14868700,"S"
"CII","14:18:23",18.05,-0.75,2000,14868500,"S"
"CII","14:18:21",18.05,-0.75,1500,14866500,"S"
"CII","14:18:20",18.05,-0.75,600,14865000,"S"
"CII","14:18:18",18,-0.8,100000,14864400,"B"
"CII","14:18:13",18.05,-0.75,1000,14764400,"S"
"CII","14:18:10",18.05,-0.75,3000,14763400,"S"
"CII","14:18:08",18.05,-0.75,3200,14760400,"S"
"CII","14:18:07",18,-0.8,10300,14757200,"B"
"CII","14:18:07",18.05,-0.75,5000,14746900,"S"
"CII","14:18:05",18.05,-0.75,2500,14741900,"S"
"CII","14:18:04",18.05,-0.75,100,14739400,"S"
"CII","14:18:03",18.05,-0.75,2000,14739300,"S"
"CII","14:18:02",18.05,-0.75,500,14737300,"S"
"CII","14:18:02",18,-0.8,3000,14736800,"B"
"CII","14:17:58",18.05,-0.75,5000,14733800,"S"
"CII","14:17:52",18.05,-0.75,59900,14728800,"B"
"CII","14:17:51",18.05,-0.75,500,14668900,"B"
"CII","14:17:51",18.05,-0.75,1000,14668400,"B"
"CII","14:17:49",18.05,-0.75,1000,14667400,"B"
"CII","14:17:48",18.05,-0.75,10000,14666400,"B"
"CII","14:17:47",18.05,-0.75,10000,14656400,"B"
"CII","14:17:46",18.05,-0.75,200,14646400,"B"
"CII","14:17:45",18.05,-0.75,20000,14646200,"B"
"CII","14:17:44",18.05,-0.75,10000,14626200,"B"
"CII","14:17:42",18.05,-0.75,40000,14616200,"B"
"CII","14:17:41",18.05,-0.75,26000,14576200,"B"
"CII","14:17:40",18.1,-0.7,1000,14550200,"S"
"CII","14:17:40",18.05,-0.75,10600,14549200,"B"
"CII","14:17:40",18.1,-0.7,500,14538600,"S"
"CII","14:17:39",18.1,-0.7,500,14538100,"S"
"CII","14:17:38",18.05,-0.75,31000,14537600,"B"
"CII","14:17:36",18.1,-0.7,100,14506600,"S"
"CII","14:17:34",18.05,-0.75,900,14506500,"B"
"CII","14:17:31",18.1,-0.7,5000,14505600,"S"
"CII","14:17:30",18.05,-0.75,15000,14500600,"B"
"CII","14:17:29",18.05,-0.75,1000,14485600,"B"
"CII","14:17:27",18.1,-0.7,100,14484600,"S"
"CII","14:17:24",18.05,-0.75,200,14484500,"B"
"CII","14:17:21",18.1,-0.7,5000,14484300,"S"
"CII","14:17:17",18.05,-0.75,6100,14479300,"B"
"CII","14:17:12",18.1,-0.7,1000,14473200,"S"
"CII","14:17:09",18.05,-0.75,5000,14472200,"B"
"CII","14:17:09",18.1,-0.7,5000,14467200,"S"
"CII","14:17:09",18.05,-0.75,300,14462200,"B"
"CII","14:17:06",18.1,-0.7,1500,14461900,"S"
"CII","14:17:05",18.05,-0.75,9200,14460400,"B"
"CII","14:17:03",18.1,-0.7,3000,14451200,"S"
"CII","14:17:01",18.1,-0.7,2200,14448200,"S"
"CII","14:17:00",18.05,-0.75,13100,14446000,"B"
"CII","14:16:58",18.1,-0.7,100,14432900,"S"
"CII","14:16:57",18.1,-0.7,13800,14432800,"S"
"CII","14:16:55",18.1,-0.7,200,14419000,"S"
"CII","14:16:52",18.1,-0.7,100,14418800,"S"
"CII","14:16:51",18.1,-0.7,500,14418700,"S"
"CII","14:16:50",18.1,-0.7,500,14418200,"S"
"CII","14:16:50",18.05,-0.75,5000,14417700,"B"
"CII","14:16:44",18.1,-0.7,22100,14412700,"B"
"CII","14:16:43",18.1,-0.7,1000,14390600,"B"
"CII","14:16:41",18.1,-0.7,2000,14389600,"B"
"CII","14:16:38",18.1,-0.7,5000,14387600,"B"
"CII","14:16:38",18.1,-0.7,4200,14382600,"B"
"CII","14:16:37",18.1,-0.7,1600,14378400,"B"
"CII","14:16:36",18.1,-0.7,2100,14376800,"B"
"CII","14:16:35",18.1,-0.7,4000,14374700,"B"
"CII","14:16:34",18.1,-0.7,2000,14370700,"B"
"CII","14:16:34",18.1,-0.7,4000,14368700,"B"
"CII","14:16:33",18.1,-0.7,80500,14364700,"B"
"CII","14:16:31",18.1,-0.7,2000,14284200,"B"
"CII","14:16:31",18.1,-0.7,2500,14282200,"B"
"CII","14:16:30",18.1,-0.7,8200,14279700,"B"
"CII","14:16:30",18.1,-0.7,26800,14271500,"B"
"CII","14:16:30",18.15,-0.65,300,14244700,"S"
"CII","14:16:26",18.1,-0.7,22000,14244400,"B"
"CII","14:16:25",18.15,-0.65,11700,14222400,"S"
"CII","14:16:25",18.15,-0.65,100,14210700,"S"
"CII","14:16:23",18.1,-0.7,50000,14210600,"B"
"CII","14:16:21",18.1,-0.7,10000,14160600,"B"
"CII","14:16:18",18.15,-0.65,400,14150600,"S"
"CII","14:16:18",18.1,-0.7,3100,14150200,"B"
"CII","14:16:18",18.15,-0.65,5000,14147100,"S"
"CII","14:16:16",18.15,-0.65,500,14142100,"S"
"CII","14:16:15",18.15,-0.65,2000,14141600,"S"
"CII","14:16:14",18.1,-0.7,500,14139600,"B"
"CII","14:16:12",18.15,-0.65,5000,14139100,"S"
"CII","14:16:10",18.15,-0.65,2000,14134100,"S"
"CII","14:16:08",18.15,-0.65,100,14132100,"S"
"CII","14:16:04",18.15,-0.65,5000,14132000,"S"
"CII","14:16:04",18.15,-0.65,5000,14127000,"S"
"CII","14:16:03",18.15,-0.65,700,14122000,"S"
"CII","14:15:57",18.15,-0.65,52500,14121300,"B"
"CII","14:15:57",18.15,-0.65,1000,14068800,"B"
"CII","14:15:56",18.15,-0.65,2500,14067800,"B"
"CII","14:15:53",18.1,-0.7,69100,14065300,"B"
"CII","14:15:53",18.15,-0.65,53500,13996200,"B"
"CII","14:15:51",18.15,-0.65,1000,13942700,"B"
"CII","14:15:49",18.15,-0.65,1000,13941700,"B"
"CII","14:15:48",18.15,-0.65,10000,13940700,"B"
"CII","14:15:47",18.2,-0.6,5000,13930700,"S"
"CII","14:15:44",18.15,-0.65,20000,13925700,"B"
"CII","14:15:41",18.15,-0.65,4500,13905700,"B"
"CII","14:15:38",18.15,-0.65,600,13901200,"B"
"CII","14:15:36",18.15,-0.65,3400,13900600,"B"
"CII","14:15:34",18.15,-0.65,1500,13897200,"B"
"CII","14:15:31",18.15,-0.65,200,13895700,"B"
"CII","14:15:27",18.15,-0.65,4000,13895500,"B"
"CII","14:15:26",18.15,-0.65,5000,13891500,"B"
"CII","14:15:24",18.15,-0.65,8300,13886500,"S"
"CII","14:15:23",18.15,-0.65,2000,13878200,"S"
"CII","14:15:22",18.15,-0.65,400,13876200,"S"
"CII","14:15:21",18.15,-0.65,2000,13875800,"S"
"CII","14:15:20",18.15,-0.65,600,13873800,"S"
"CII","14:15:18",18.15,-0.65,1000,13873200,"S"
"CII","14:15:17",18.15,-0.65,500,13872200,"S"
"CII","14:15:14",18.15,-0.65,5000,13871700,"S"
"CII","14:15:13",18.15,-0.65,600,13866700,"S"
"CII","14:15:11",18.15,-0.65,100,13866100,"S"
"CII","14:15:09",18.15,-0.65,5000,13866000,"S"
"CII","14:15:04",18.15,-0.65,2000,13861000,"S"
"CII","14:15:02",18.15,-0.65,1000,13859000,"S"
"CII","14:15:01",18.15,-0.65,1000,13858000,"S"
"CII","14:15:01",18.1,-0.7,30000,13857000,"B"
"CII","14:15:00",18.15,-0.65,1200,13827000,"B"
"CII","14:14:56",18.15,-0.65,1300,13825800,"B"
"CII","14:14:55",18.15,-0.65,500,13824500,"S"
"CII","14:14:53",18.1,-0.7,30500,13824000,"B"
"CII","14:14:53",18.15,-0.65,1500,13793500,"B"
"CII","14:14:52",18.15,-0.65,48500,13792000,"S"
"CII","14:14:51",18.15,-0.65,10100,13743500,"S"
"CII","14:14:51",18.15,-0.65,5000,13733400,"S"
"CII","14:14:50",18.15,-0.65,1600,13728400,"S"
"CII","14:14:49",18.15,-0.65,100,13726800,"S"
"CII","14:14:48",18.15,-0.65,1000,13726700,"S"
"CII","14:14:46",18.15,-0.65,9000,13725700,"S"
"CII","14:14:45",18.15,-0.65,100,13716700,"S"
"CII","14:14:43",18.15,-0.65,1000,13716600,"S"
"CII","14:14:42",18.15,-0.65,200,13715600,"S"
"CII","14:14:38",18.15,-0.65,2000,13715400,"S"
"CII","14:14:38",18.15,-0.65,9500,13713400,"B"
"CII","14:14:37",18.15,-0.65,15600,13703900,"B"
"CII","14:14:36",18.15,-0.65,17000,13688300,"B"
"CII","14:14:35",18.15,-0.65,12200,13671300,"B"
"CII","14:14:34",18.15,-0.65,11500,13659100,"B"
"CII","14:14:32",18.15,-0.65,10600,13647600,"B"
"CII","14:14:31",18.15,-0.65,17000,13637000,"B"
"CII","14:14:29",18.15,-0.65,14000,13620000,"B"
"CII","14:14:25",18.15,-0.65,6600,13606000,"B"
"CII","14:14:24",18.15,-0.65,2500,13599400,"B"
"CII","14:14:20",18.15,-0.65,20600,13596900,"B"
"CII","14:14:06",18.2,-0.6,500,13576300,"S"
"CII","14:14:01",18.2,-0.6,1000,13575800,"S"
"CII","14:13:57",18.2,-0.6,238400,13574800,"B"
"CII","14:13:57",18.2,-0.6,47200,13336400,"B"
"CII","14:13:55",18.2,-0.6,500,13289200,"B"
"CII","14:13:54",18.2,-0.6,2000,13288700,"B"
"CII","14:13:52",18.2,-0.6,15000,13286700,"B"
"CII","14:13:50",18.2,-0.6,2000,13271700,"B"
"CII","14:13:47",18.2,-0.6,10000,13269700,"B"
"CII","14:13:46",18.2,-0.6,300,13259700,"B"
"CII","14:13:45",18.25,-0.55,5000,13259400,"S"
"CII","14:13:34",18.25,-0.55,1200,13254400,"S"
"CII","14:13:32",18.2,-0.6,500,13253200,"B"
"CII","14:13:29",18.2,-0.6,3000,13252700,"B"
"CII","14:13:24",18.2,-0.6,1700,13249700,"B"
"CII","14:13:21",18.2,-0.6,1000,13248000,"B"
"CII","14:13:20",18.2,-0.6,1500,13247000,"B"
"CII","14:13:19",18.2,-0.6,500,13245500,"B"
"CII","14:13:18",18.2,-0.6,8900,13245000,"B"
"CII","14:13:16",18.2,-0.6,100,13236100,"B"
"CII","14:13:15",18.25,-0.55,200,13236000,"S"
"CII","14:13:14",18.2,-0.6,25100,13235800,"B"
"CII","14:13:13",18.2,-0.6,300,13210700,"B"
"CII","14:13:10",18.2,-0.6,5700,13210400,"B"
"CII","14:13:10",18.2,-0.6,3500,13204700,"B"
"CII","14:13:07",18.2,-0.6,100000,13201200,"B"
"CII","14:13:05",18.2,-0.6,1000,13101200,"B"
"CII","14:13:05",18.25,-0.55,5000,13100200,"S"
"CII","14:13:03",18.2,-0.6,12000,13095200,"B"
"CII","14:13:01",18.2,-0.6,500,13083200,"B"
"CII","14:12:59",18.2,-0.6,500,13082700,"B"
"CII","14:12:59",18.25,-0.55,1400,13082200,"S"
"CII","14:12:57",18.2,-0.6,7000,13080800,"B"
"CII","14:12:51",18.2,-0.6,100,13073800,"B"
"CII","14:12:45",18.2,-0.6,100,13073700,"B"
"CII","14:12:44",18.2,-0.6,100,13073600,"B"
"CII","14:12:36",18.2,-0.6,1000,13073500,"B"
"CII","14:12:35",18.25,-0.55,1000,13072500,"S"
"CII","14:12:34",18.2,-0.6,100,13071500,"B"
"CII","14:12:28",18.2,-0.6,900,13071400,"B"
"CII","14:12:23",18.25,-0.55,3000,13070500,"S"
"CII","14:12:22",18.25,-0.55,200,13067500,"S"
"CII","14:12:19",18.25,-0.55,100,13067300,"S"
"CII","14:12:13",18.25,-0.55,500,13067200,"S"
"CII","14:12:11",18.25,-0.55,500,13066700,"S"
"CII","14:12:09",18.25,-0.55,27200,13066200,"B"
"CII","14:12:04",18.25,-0.55,200,13039000,"B"
"CII","14:12:04",18.25,-0.55,1400,13038800,"B"
"CII","14:12:00",18.25,-0.55,400,13037400,"B"
"CII","14:12:00",18.25,-0.55,300,13037000,"B"
"CII","14:11:57",18.25,-0.55,6600,13036700,"B"
"CII","14:11:57",18.25,-0.55,5800,13030100,"B"
"CII","14:11:48",18.25,-0.55,5800,13024300,"S"
"CII","14:11:39",18.25,-0.55,200,13018500,"B"
"CII","14:11:36",18.25,-0.55,2000,13018300,"B"
"CII","14:11:30",18.25,-0.55,4800,13016300,"S"
"CII","14:11:26",18.25,-0.55,200,13011500,"B"
"CII","14:11:25",18.25,-0.55,500,13011300,"B"
"CII","14:11:24",18.25,-0.55,1000,13010800,"B"
"CII","14:11:21",18.25,-0.55,2000,13009800,"B"
"CII","14:11:20",18.25,-0.55,200,13007800,"B"
"CII","14:11:19",18.25,-0.55,500,13007600,"B"
"CII","14:11:18",18.25,-0.55,1000,13007100,"B"
"CII","14:11:13",18.25,-0.55,400,13006100,"B"
"CII","14:11:00",18.25,-0.55,23500,13005700,"S"
"CII","14:10:55",18.25,-0.55,3000,12982200,"S"
"CII","14:10:54",18.2,-0.6,5000,12979200,"B"
"CII","14:10:53",18.25,-0.55,100,12974200,"S"
"CII","14:10:51",18.25,-0.55,200,12974100,"S"
"CII","14:10:50",18.2,-0.6,20000,12973900,"B"
"CII","14:10:48",18.25,-0.55,100,12953900,"S"
"CII","14:10:47",18.25,-0.55,100,12953800,"S"
"CII","14:10:45",18.25,-0.55,500,12953700,"S"
"CII","14:10:37",18.25,-0.55,500,12953200,"B"
"CII","14:10:35",18.2,-0.6,2500,12952700,"B"
"CII","14:10:35",18.25,-0.55,7500,12950200,"B"
"CII","14:10:34",18.25,-0.55,3800,12942700,"B"
"CII","14:10:33",18.25,-0.55,100,12938900,"B"
"CII","14:10:28",18.25,-0.55,1600,12938800,"S"
"CII","14:10:27",18.25,-0.55,10000,12937200,"S"
"CII","14:10:10",18.25,-0.55,1000,12927200,"S"
"CII","14:10:09",18.25,-0.55,100,12926200,"S"
"CII","14:09:58",18.25,-0.55,100,12926100,"S"
"CII","14:09:57",18.25,-0.55,1000,12926000,"S"
"CII","14:09:56",18.25,-0.55,9500,12925000,"B"
"CII","14:09:47",18.25,-0.55,5000,12915500,"B"
"CII","14:09:46",18.25,-0.55,7500,12910500,"S"
"CII","14:09:42",18.25,-0.55,200,12903000,"S"
"CII","14:09:38",18.25,-0.55,500,12902800,"S"
"CII","14:09:37",18.25,-0.55,1000,12902300,"S"
"CII","14:09:33",18.25,-0.55,200,12901300,"S"
"CII","14:09:32",18.2,-0.6,10000,12901100,"B"
"CII","14:09:28",18.25,-0.55,10000,12891100,"S"
"CII","14:09:27",18.25,-0.55,2100,12881100,"S"
"CII","14:09:20",18.25,-0.55,100,12879000,"S"
"CII","14:09:19",18.25,-0.55,5000,12878900,"S"
"CII","14:09:18",18.2,-0.6,5900,12873900,"B"
"CII","14:09:18",18.25,-0.55,600,12868000,"S"
"CII","14:09:16",18.25,-0.55,9100,12867400,"S"
"CII","14:09:14",18.2,-0.6,1000,12858300,"B"
"CII","14:09:13",18.25,-0.55,3000,12857300,"S"
"CII","14:09:08",18.25,-0.55,16000,12854300,"S"
"CII","14:09:06",18.2,-0.6,20000,12838300,"B"
"CII","14:09:00",18.25,-0.55,300,12818300,"S"
"CII","14:08:59",18.25,-0.55,200,12818000,"S"
"CII","14:08:58",18.25,-0.55,1000,12817800,"S"
"CII","14:08:54",18.25,-0.55,1000,12816800,"S"
"CII","14:08:52",18.25,-0.55,200,12815800,"S"
"CII","14:08:48",18.25,-0.55,3000,12815600,"S"
"CII","14:08:40",18.25,-0.55,700,12812600,"S"
"CII","14:08:40",18.2,-0.6,2000,12811900,"B"
"CII","14:08:37",18.25,-0.55,100,12809900,"S"
"CII","14:08:33",18.2,-0.6,8700,12809800,"B"
"CII","14:08:32",18.25,-0.55,1600,12801100,"S"
"CII","14:08:29",18.25,-0.55,100,12799500,"S"
"CII","14:08:26",18.25,-0.55,600,12799400,"S"
"CII","14:08:21",18.25,-0.55,8100,12798800,"B"
"CII","14:08:19",18.25,-0.55,200,12790700,"B"
"CII","14:08:17",18.25,-0.55,200,12790500,"B"
"CII","14:08:11",18.25,-0.55,20000,12790300,"B"
"CII","14:08:06",18.25,-0.55,500,12770300,"B"
"CII","14:08:02",18.3,-0.5,500,12769800,"S"
"CII","14:08:01",18.25,-0.55,1000,12769300,"B"
"CII","14:07:59",18.25,-0.55,1000,12768300,"B"
"CII","14:07:58",18.25,-0.55,5000,12767300,"B"
"CII","14:07:53",18.25,-0.55,17100,12762300,"B"
"CII","14:07:46",18.25,-0.55,600,12745200,"B"
"CII","14:07:44",18.3,-0.5,200,12744600,"S"
"CII","14:07:40",18.25,-0.55,3100,12744400,"B"
"CII","14:07:27",18.3,-0.5,600,12741300,"S"
"CII","14:07:26",18.25,-0.55,72000,12740700,"B"
"CII","14:07:14",18.3,-0.5,200,12668700,"S"
"CII","14:07:11",18.3,-0.5,1000,12668500,"S"
"CII","14:06:50",18.25,-0.55,500,12667500,"B"
"CII","14:06:39",18.3,-0.5,5000,12667000,"S"
"CII","14:06:39",18.3,-0.5,3000,12662000,"S"
"CII","14:06:31",18.3,-0.5,1000,12659000,"S"
"CII","14:06:23",18.3,-0.5,5000,12658000,"S"
"CII","14:06:22",18.3,-0.5,5000,12653000,"S"
"CII","14:06:18",18.3,-0.5,100,12648000,"S"
"CII","14:06:17",18.3,-0.5,4900,12647900,"S"
"CII","14:06:12",18.3,-0.5,500,12643000,"S"
"CII","14:06:09",18.3,-0.5,5000,12642500,"S"
"CII","14:06:08",18.25,-0.55,1000,12637500,"B"
"CII","14:06:05",18.3,-0.5,100,12636500,"S"
"CII","14:06:01",18.3,-0.5,1000,12636400,"S"
"CII","14:05:57",18.3,-0.5,1100,12635400,"S"
"CII","14:05:54",18.3,-0.5,500,12634300,"S"
"CII","14:05:52",18.3,-0.5,1200,12633800,"S"
"CII","14:05:49",18.3,-0.5,100,12632600,"S"
"CII","14:05:45",18.3,-0.5,3700,12632500,"S"
"CII","14:05:39",18.3,-0.5,60000,12628800,"S"
"CII","14:05:30",18.3,-0.5,2500,12568800,"S"
"CII","14:05:10",18.25,-0.55,9000,12566300,"B"
"CII","14:04:55",18.25,-0.55,1000,12557300,"B"
"CII","14:04:53",18.25,-0.55,600,12556300,"B"
"CII","14:04:44",18.25,-0.55,11700,12555700,"S"
"CII","14:04:39",18.25,-0.55,500,12544000,"S"
"CII","14:04:36",18.25,-0.55,1000,12543500,"S"
"CII","14:04:35",18.25,-0.55,1000,12542500,"S"
"CII","14:04:35",18.25,-0.55,100,12541500,"S"
"CII","14:04:33",18.25,-0.55,1000,12541400,"S"
"CII","14:04:32",18.25,-0.55,50000,12540400,"S"
"CII","14:04:29",18.25,-0.55,5000,12490400,"S"
"CII","14:04:26",18.25,-0.55,800,12485400,"S"
"CII","14:04:23",18.25,-0.55,600,12484600,"S"
"CII","14:04:17",18.25,-0.55,500,12484000,"S"
"CII","14:04:15",18.25,-0.55,17000,12483500,"S"
"CII","14:04:08",18.25,-0.55,1000,12466500,"S"
"CII","14:04:03",18.25,-0.55,3300,12465500,"S"
"CII","14:04:02",18.25,-0.55,500,12462200,"S"
"CII","14:03:58",18.25,-0.55,39000,12461700,"S"
"CII","14:03:57",18.2,-0.6,2000,12422700,"B"
"CII","14:03:47",18.25,-0.55,1000,12420700,"S"
"CII","14:03:45",18.25,-0.55,400,12419700,"S"
"CII","14:03:42",18.2,-0.6,500,12419300,"B"
"CII","14:03:36",18.25,-0.55,1000,12418800,"S"
"CII","14:03:35",18.25,-0.55,300,12417800,"S"
"CII","14:03:28",18.25,-0.55,500,12417500,"S"
"CII","14:03:26",18.2,-0.6,1600,12417000,"B"
"CII","14:03:25",18.2,-0.6,500,12415400,"B"
"CII","14:03:18",18.25,-0.55,500,12414900,"S"
"CII","14:03:16",18.25,-0.55,8700,12414400,"B"
"CII","14:03:14",18.25,-0.55,1000,12405700,"B"
"CII","14:03:11",18.25,-0.55,41000,12398700,"B"
"CII","14:03:11",18.3,-0.5,8000,12357700,"S"
"CII","14:03:09",18.25,-0.55,21000,12349700,"B"
"CII","14:03:05",18.3,-0.5,2000,12328700,"S"
"CII","14:02:54",18.25,-0.55,34500,12326700,"B"
"CII","14:02:53",18.25,-0.55,65500,12292200,"B"
"CII","14:02:32",18.3,-0.5,20000,12226700,"S"
"CII","14:02:29",18.25,-0.55,300,12206700,"B"
"CII","14:02:25",18.25,-0.55,300,12206400,"B"
"CII","14:02:20",18.3,-0.5,300,12206100,"S"
"CII","14:02:19",18.3,-0.5,100,12205800,"S"
"CII","14:02:18",18.3,-0.5,1000,12205700,"S"
"CII","14:02:15",18.3,-0.5,2000,12204700,"S"
"CII","14:02:13",18.3,-0.5,1000,12202700,"S"
"CII","14:02:11",18.3,-0.5,5000,12201700,"S"
"CII","14:02:09",18.25,-0.55,200000,12196700,"B"
"CII","14:02:04",18.3,-0.5,1000,11996700,"S"
"CII","14:02:03",18.3,-0.5,33000,11995700,"S"
"CII","14:01:58",18.3,-0.5,500,11962700,"S"
"CII","14:01:48",18.3,-0.5,1300,11962200,"S"
"CII","14:01:47",18.3,-0.5,300,11960900,"S"
"CII","14:01:40",18.3,-0.5,2800,11960600,"S"
"CII","14:01:22",18.25,-0.55,29400,11957800,"B"
"CII","14:01:22",18.25,-0.55,20600,11928400,"B"
"CII","14:01:21",18.3,-0.5,3000,11907800,"S"
"CII","14:01:12",18.3,-0.5,1000,11904800,"S"
"CII","14:01:06",18.3,-0.5,1000,11903800,"S"
"CII","14:01:01",18.3,-0.5,100,11902800,"S"
"CII","14:00:57",18.3,-0.5,16200,11902700,"B"
"CII","14:00:54",18.3,-0.5,8000,11886500,"B"
"CII","14:00:51",18.3,-0.5,10000,11878500,"B"
"CII","14:00:47",18.3,-0.5,1000,11868500,"B"
"CII","14:00:41",18.3,-0.5,3900,11867500,"S"
"CII","14:00:36",18.3,-0.5,1900,11863600,"B"
"CII","14:00:34",18.3,-0.5,3700,11861700,"B"
"CII","14:00:26",18.3,-0.5,1500,11858000,"B"
"CII","14:00:22",18.3,-0.5,1100,11856500,"B"
"CII","14:00:21",18.3,-0.5,500,11855400,"B"
"CII","13:59:56",18.3,-0.5,100,11854900,"B"
"CII","13:59:53",18.35,-0.45,1000,11854800,"S"
"CII","13:59:52",18.3,-0.5,800,11853800,"S"
"CII","13:59:52",18.3,-0.5,1200,11853000,"B"
"CII","13:59:47",18.3,-0.5,2200,11851800,"S"
"CII","13:59:40",18.3,-0.5,1500,11849600,"S"
"CII","13:59:32",18.3,-0.5,300,11848100,"S"
"CII","13:59:28",18.3,-0.5,100,11847800,"S"
"CII","13:59:27",18.3,-0.5,800,11847700,"S"
"CII","13:59:20",18.3,-0.5,14900,11846900,"S"
"CII","13:59:17",18.3,-0.5,100,11832000,"S"
"CII","13:59:12",18.3,-0.5,300,11831900,"S"
"CII","13:59:08",18.3,-0.5,10000,11831600,"S"
"CII","13:59:04",18.25,-0.55,1000,11821600,"B"
"CII","13:59:04",18.3,-0.5,6000,11820600,"S"
"CII","13:59:03",18.3,-0.5,500,11814600,"S"
"CII","13:59:02",18.3,-0.5,400,11814100,"S"
"CII","13:59:00",18.3,-0.5,1500,11813700,"S"
"CII","13:58:57",18.3,-0.5,1000,11812200,"S"
"CII","13:58:54",18.3,-0.5,3000,11811200,"S"
"CII","13:58:53",18.3,-0.5,1100,11808200,"S"
"CII","13:58:46",18.3,-0.5,1000,11807100,"S"
"CII","13:58:40",18.3,-0.5,3000,11806100,"S"
"CII","13:58:35",18.3,-0.5,100,11803100,"S"
"CII","13:58:34",18.3,-0.5,100,11803000,"S"
"CII","13:58:29",18.3,-0.5,1000,11802900,"S"
"CII","13:58:27",18.3,-0.5,4000,11801900,"S"
"CII","13:58:22",18.3,-0.5,500,11797900,"S"
"CII","13:58:21",18.3,-0.5,1900,11797400,"S"
"CII","13:58:17",18.3,-0.5,700,11795500,"S"
"CII","13:58:15",18.3,-0.5,300,11794800,"S"
"CII","13:58:13",18.3,-0.5,7600,11794500,"B"
"CII","13:58:03",18.3,-0.5,1400,11786900,"S"
"CII","13:58:03",18.3,-0.5,100,11785500,"S"
"CII","13:57:59",18.3,-0.5,500,11785400,"S"
"CII","13:57:56",18.3,-0.5,300,11784900,"S"
"CII","13:57:54",18.3,-0.5,2000,11784600,"S"
"CII","13:57:51",18.3,-0.5,500,11782600,"S"
"CII","13:57:48",18.3,-0.5,5000,11782100,"S"
"CII","13:57:45",18.3,-0.5,10000,11777100,"S"
"CII","13:57:37",18.3,-0.5,100,11767100,"S"
"CII","13:57:35",18.3,-0.5,500,11767000,"S"
"CII","13:57:35",18.3,-0.5,100,11766500,"B"
"CII","13:57:34",18.3,-0.5,2600,11766400,"B"
"CII","13:57:28",18.3,-0.5,2000,11763800,"B"
"CII","13:57:25",18.3,-0.5,800,11761800,"B"
"CII","13:57:10",18.3,-0.5,400,11761000,"S"
"CII","13:57:07",18.3,-0.5,600,11760600,"B"
"CII","13:57:04",18.3,-0.5,600,11760000,"S"
"CII","13:57:02",18.3,-0.5,100,11759400,"S"
"CII","13:57:01",18.3,-0.5,1400,11759300,"S"
"CII","13:57:00",18.3,-0.5,100,11757900,"S"
"CII","13:56:58",18.3,-0.5,7200,11757800,"S"
"CII","13:56:46",18.3,-0.5,1300,11750600,"S"
"CII","13:56:41",18.3,-0.5,3000,11749300,"S"
"CII","13:56:40",18.3,-0.5,5000,11746300,"S"
"CII","13:56:39",18.3,-0.5,10000,11741300,"S"
"CII","13:56:35",18.3,-0.5,2000,11731300,"S"
"CII","13:56:34",18.3,-0.5,10000,11729300,"S"
"CII","13:56:33",18.3,-0.5,200,11719300,"S"
"CII","13:56:25",18.3,-0.5,3800,11719100,"S"
"CII","13:56:24",18.25,-0.55,500,11715300,"B"
"CII","13:56:21",18.3,-0.5,1500,11714800,"S"
"CII","13:56:21",18.3,-0.5,10000,11713300,"S"
"CII","13:56:17",18.3,-0.5,200,11703300,"S"
"CII","13:55:58",18.3,-0.5,1000,11703100,"S"
"CII","13:55:48",18.25,-0.55,1500,11702100,"B"
"CII","13:55:45",18.3,-0.5,100,11700600,"S"
"CII","13:55:40",18.3,-0.5,6000,11700500,"S"
"CII","13:55:40",18.25,-0.55,1000,11694500,"B"
"CII","13:55:37",18.3,-0.5,5000,11693500,"S"
"CII","13:55:34",18.25,-0.55,1000,11688500,"B"
"CII","13:55:31",18.3,-0.5,1400,11687500,"S"
"CII","13:55:30",18.3,-0.5,800,11686100,"S"
"CII","13:55:23",18.3,-0.5,200,11685300,"S"
"CII","13:55:11",18.3,-0.5,1000,11685100,"S"
"CII","13:55:08",18.3,-0.5,100,11684100,"S"
"CII","13:55:01",18.3,-0.5,500,11684000,"S"
"CII","13:55:00",18.3,-0.5,2700,11683500,"S"
"CII","13:54:51",18.3,-0.5,100,11680800,"S"
"CII","13:54:41",18.3,-0.5,6000,11680700,"B"
"CII","13:54:18",18.3,-0.5,400,11674700,"B"
"CII","13:54:17",18.3,-0.5,50000,11674300,"B"
"CII","13:53:56",18.3,-0.5,400,11624300,"B"
"CII","13:53:37",18.3,-0.5,100,11623900,"B"
"CII","13:53:33",18.3,-0.5,5400,11623800,"B"
"CII","13:53:30",18.3,-0.5,2000,11618400,"B"
"CII","13:53:24",18.35,-0.45,5000,11616400,"S"
"CII","13:53:23",18.3,-0.5,2400,11611400,"S"
"CII","13:53:22",18.3,-0.5,200,11609000,"S"
"CII","13:53:19",18.3,-0.5,2000,11608800,"S"
"CII","13:53:18",18.3,-0.5,200,11606800,"S"
"CII","13:53:18",18.25,-0.55,5000,11606600,"B"
"CII","13:53:16",18.3,-0.5,1200,11601600,"S"
"CII","13:53:15",18.3,-0.5,100,11600400,"S"
"CII","13:53:13",18.3,-0.5,500,11600300,"S"
"CII","13:53:09",18.3,-0.5,2900,11599800,"S"
"CII","13:53:06",18.3,-0.5,6000,11596900,"S"
"CII","13:53:04",18.25,-0.55,1500,11590900,"B"
"CII","13:52:58",18.3,-0.5,2000,11589000,"S"
"CII","13:52:55",18.3,-0.5,10500,11587000,"S"
"CII","13:52:52",18.25,-0.55,2000,11576500,"B"
"CII","13:52:43",18.3,-0.5,100,11573500,"S"
"CII","13:52:41",18.3,-0.5,4000,11573400,"S"
"CII","13:52:40",18.3,-0.5,500,11569400,"S"
"CII","13:52:39",18.3,-0.5,100,11568900,"S"
"CII","13:52:38",18.3,-0.5,500,11568800,"S"
"CII","13:52:33",18.3,-0.5,1200,11568300,"S"
"CII","13:52:28",18.3,-0.5,22500,11567100,"S"
"CII","13:52:25",18.25,-0.55,500,11544600,"B"
"CII","13:52:23",18.3,-0.5,5100,11544100,"S"
"CII","13:52:21",18.3,-0.5,6000,11539000,"S"
"CII","13:52:15",18.3,-0.5,100,11533000,"S"
"CII","13:52:12",18.3,-0.5,200,11532900,"S"
"CII","13:52:11",18.3,-0.5,1000,11532700,"S"
"CII","13:52:10",18.3,-0.5,800,11531700,"S"
"CII","13:52:07",18.3,-0.5,4200,11530900,"S"
"CII","13:52:00",18.3,-0.5,2000,11526700,"S"
"CII","13:51:58",18.3,-0.5,1000,11524700,"S"
"CII","13:51:53",18.3,-0.5,5000,11523700,"S"
"CII","13:51:52",18.3,-0.5,500,11518700,"S"
"CII","13:51:50",18.3,-0.5,600,11518200,"S"
"CII","13:51:49",18.3,-0.5,6800,11517600,"B"
"CII","13:51:41",18.3,-0.5,100,11510800,"S"
"CII","13:51:38",18.3,-0.5,1700,11510700,"S"
"CII","13:51:37",18.25,-0.55,600,11509000,"B"
"CII","13:51:36",18.3,-0.5,5700,11508400,"S"
"CII","13:51:36",18.3,-0.5,900,11502700,"S"
"CII","13:51:32",18.3,-0.5,5000,11501800,"S"
"CII","13:51:30",18.3,-0.5,1400,11496800,"S"
"CII","13:51:29",18.3,-0.5,1000,11495400,"S"
"CII","13:51:28",18.3,-0.5,10000,11494400,"S"
"CII","13:51:26",18.3,-0.5,1000,11484400,"S"
"CII","13:51:25",18.3,-0.5,700,11483400,"S"
"CII","13:51:24",18.25,-0.55,24000,11482700,"B"
"CII","13:51:22",18.3,-0.5,100,11458700,"S"
"CII","13:51:20",18.3,-0.5,10000,11458600,"S"
"CII","13:51:18",18.3,-0.5,300,11448600,"S"
"CII","13:51:05",18.3,-0.5,200,11448300,"S"
"CII","13:50:54",18.3,-0.5,11000,11448100,"S"
"CII","13:50:53",18.3,-0.5,900,11437100,"S"
"CII","13:50:51",18.3,-0.5,200,11436200,"S"
"CII","13:50:47",18.3,-0.5,1000,11436000,"S"
"CII","13:50:44",18.3,-0.5,500,11435000,"S"
"CII","13:50:43",18.3,-0.5,1000,11434500,"S"
"CII","13:50:43",18.3,-0.5,7600,11433500,"B"
"CII","13:50:37",18.3,-0.5,200,11425900,"B"
"CII","13:50:23",18.3,-0.5,3000,11425700,"B"
"CII","13:50:23",18.3,-0.5,1600,11422700,"B"
"CII","13:50:20",18.3,-0.5,200,11421100,"B"
"CII","13:50:09",18.3,-0.5,1200,11420900,"S"
"CII","13:50:08",18.3,-0.5,500,11419700,"S"
"CII","13:50:05",18.3,-0.5,900,11419200,"S"
"CII","13:50:03",18.3,-0.5,5000,11418300,"S"
"CII","13:50:01",18.3,-0.5,21400,11413300,"B"
"CII","13:49:59",18.3,-0.5,600,11391900,"B"
"CII","13:49:59",18.35,-0.45,200,11391300,"S"
"CII","13:49:58",18.35,-0.45,5000,11391100,"S"
"CII","13:49:57",18.35,-0.45,200,11386100,"S"
"CII","13:49:50",18.3,-0.5,1300,11385900,"S"
"CII","13:49:49",18.3,-0.5,100,11384600,"S"
"CII","13:49:46",18.3,-0.5,2000,11384500,"S"
"CII","13:49:45",18.3,-0.5,1600,11382500,"B"
"CII","13:49:43",18.3,-0.5,2000,11380900,"B"
"CII","13:49:43",18.35,-0.45,100,11378900,"S"
"CII","13:49:42",18.3,-0.5,1400,11378800,"S"
"CII","13:49:40",18.3,-0.5,31300,11377400,"B"
"CII","13:49:37",18.3,-0.5,2000,11346100,"B"
"CII","13:49:36",18.3,-0.5,2500,11344100,"B"
"CII","13:49:20",18.3,-0.5,500,11341600,"B"
"CII","13:49:16",18.3,-0.5,200,11341100,"B"
"CII","13:48:57",18.3,-0.5,154000,11340900,"B"
"CII","13:48:49",18.35,-0.45,100,11186900,"S"
"CII","13:48:47",18.35,-0.45,100,11186800,"S"
"CII","13:48:39",18.35,-0.45,2300,11186700,"S"
"CII","13:48:34",18.35,-0.45,400,11184400,"S"
"CII","13:48:26",18.35,-0.45,1500,11184000,"S"
"CII","13:48:18",18.35,-0.45,100,11182500,"S"
"CII","13:48:16",18.35,-0.45,100,11182400,"S"
"CII","13:48:12",18.3,-0.5,100,11182300,"B"
"CII","13:47:56",18.3,-0.5,700,11182200,"B"
"CII","13:47:42",18.3,-0.5,1000,11181500,"B"
"CII","13:47:40",18.35,-0.45,300,11180500,"S"
"CII","13:47:25",18.3,-0.5,2000,11180200,"B"
"CII","13:46:51",18.35,-0.45,100,11178200,"S"
"CII","13:46:49",18.3,-0.5,9400,11178100,"S"
"CII","13:46:48",18.3,-0.5,100,11168700,"S"
"CII","13:46:47",18.3,-0.5,300,11168600,"S"
"CII","13:46:46",18.3,-0.5,500,11168300,"S"
"CII","13:46:45",18.3,-0.5,2000,11167800,"S"
"CII","13:46:45",18.3,-0.5,6800,11165800,"S"
"CII","13:46:43",18.3,-0.5,100,11159000,"S"
"CII","13:46:42",18.25,-0.55,36100,11158900,"B"
"CII","13:46:42",18.3,-0.5,1600,11122800,"S"
"CII","13:46:41",18.3,-0.5,5000,11121200,"S"
"CII","13:46:39",18.3,-0.5,2000,11116200,"S"
"CII","13:46:38",18.3,-0.5,1000,11114200,"S"
"CII","13:46:36",18.3,-0.5,10000,11113200,"S"
"CII","13:46:35",18.3,-0.5,100,11103200,"S"
"CII","13:46:35",18.3,-0.5,10100,11103100,"S"
"CII","13:46:34",18.3,-0.5,1000,11093000,"S"
"CII","13:46:26",18.3,-0.5,7800,11092000,"S"
"CII","13:46:23",18.3,-0.5,100,11084200,"S"
"CII","13:46:20",18.3,-0.5,6600,11084100,"S"
"CII","13:46:15",18.3,-0.5,1000,11077500,"S"
"CII","13:46:13",18.3,-0.5,7300,11076500,"S"
"CII","13:46:11",18.3,-0.5,37900,11069200,"B"
"CII","13:46:07",18.3,-0.5,400,11031300,"B"
"CII","13:46:04",18.3,-0.5,100,11030900,"B"
"CII","13:45:59",18.3,-0.5,1000,11030800,"B"
"CII","13:45:50",18.3,-0.5,1000,11029800,"B"
"CII","13:45:49",18.3,-0.5,200,11028800,"B"
"CII","13:45:46",18.35,-0.45,5000,11028600,"S"
"CII","13:45:41",18.3,-0.5,4200,11023600,"S"
"CII","13:45:41",18.3,-0.5,300,11019400,"S"
"CII","13:45:40",18.3,-0.5,2000,11017900,"S"
"CII","13:45:38",18.3,-0.5,100,11015900,"S"
"CII","13:45:38",18.3,-0.5,20200,11015800,"S"
"CII","13:45:37",18.3,-0.5,100,10995600,"S"
"CII","13:45:36",18.25,-0.55,300,10995500,"B"
"CII","13:45:34",18.3,-0.5,79000,10995200,"S"
"CII","13:45:29",18.3,-0.5,40000,10916200,"S"
"CII","13:45:28",18.3,-0.5,3000,10876200,"S"
"CII","13:45:27",18.25,-0.55,3000,10873200,"B"
"CII","13:45:26",18.3,-0.5,5000,10870200,"S"
"CII","13:45:25",18.3,-0.5,1000,10865200,"S"
"CII","13:45:22",18.3,-0.5,50000,10864200,"S"
"CII","13:45:19",18.25,-0.55,1500,10814200,"B"
"CII","13:45:18",18.3,-0.5,1500,10812700,"S"
"CII","13:45:17",18.3,-0.5,5000,10811200,"S"
"CII","13:45:07",18.3,-0.5,2600,10806200,"S"
"CII","13:45:07",18.25,-0.55,8800,10803600,"B"
"CII","13:45:06",18.3,-0.5,5000,10794800,"S"
"CII","13:44:57",18.3,-0.5,5000,10789800,"S"
"CII","13:44:49",18.3,-0.5,5000,10784800,"S"
"CII","13:44:45",18.3,-0.5,100,10779800,"S"
"CII","13:44:42",18.3,-0.5,200,10779700,"S"
"CII","13:44:33",18.3,-0.5,3500,10779500,"S"
"CII","13:44:28",18.3,-0.5,2600,10776000,"S"
"CII","13:44:26",18.3,-0.5,3000,10773400,"S"
"CII","13:44:23",18.25,-0.55,1000,10770400,"B"
"CII","13:44:10",18.3,-0.5,5000,10769400,"S"
"CII","13:44:07",18.3,-0.5,1000,10764400,"S"
"CII","13:44:04",18.3,-0.5,500,10763400,"S"
"CII","13:44:00",18.3,-0.5,400,10762900,"S"
"CII","13:43:57",18.3,-0.5,5500,10762500,"S"
"CII","13:43:50",18.3,-0.5,1000,10757000,"S"
"CII","13:43:39",18.25,-0.55,1000,10756000,"B"
"CII","13:43:38",18.25,-0.55,100,10755000,"B"
"CII","13:43:32",18.25,-0.55,1500,10754900,"B"
"CII","13:43:29",18.3,-0.5,200,10753400,"S"
"CII","13:43:28",18.25,-0.55,500,10753200,"B"
"CII","13:43:24",18.3,-0.5,2000,10752700,"S"
"CII","13:43:23",18.3,-0.5,1000,10750700,"S"
"CII","13:43:15",18.25,-0.55,6500,10749700,"B"
"CII","13:43:12",18.25,-0.55,3900,10743200,"B"
"CII","13:43:07",18.25,-0.55,1000,10739300,"B"
"CII","13:43:06",18.3,-0.5,1000,10738300,"S"
"CII","13:43:05",18.3,-0.5,500,10737300,"S"
"CII","13:43:05",18.25,-0.55,100,10736800,"B"
"CII","13:43:05",18.25,-0.55,2000,10736700,"B"
"CII","13:43:05",18.3,-0.5,100,10734700,"S"
"CII","13:42:44",18.25,-0.55,200,10734600,"B"
"CII","13:42:42",18.3,-0.5,200,10734400,"S"
"CII","13:42:40",18.25,-0.55,3200,10734200,"B"
"CII","13:42:39",18.3,-0.5,6200,10731000,"S"
"CII","13:42:36",18.3,-0.5,1900,10724800,"S"
"CII","13:42:30",18.3,-0.5,100,10722900,"S"
"CII","13:42:27",18.3,-0.5,35200,10722800,"B"
"CII","13:42:25",18.3,-0.5,12100,10687600,"B"
"CII","13:42:24",18.35,-0.45,100,10675500,"S"
"CII","13:42:24",18.3,-0.5,15000,10675400,"B"
"CII","13:42:24",18.35,-0.45,3200,10660400,"S"
"CII","13:42:22",18.3,-0.5,149900,10657200,"B"
"CII","13:42:21",18.35,-0.45,3000,10507300,"S"
"CII","13:42:19",18.3,-0.5,5000,10504300,"B"
"CII","13:42:17",18.3,-0.5,400,10499300,"B"
"CII","13:42:16",18.35,-0.45,36000,10498900,"S"
"CII","13:42:14",18.3,-0.5,25000,10462900,"B"
"CII","13:42:12",18.3,-0.5,100,10437900,"B"
"CII","13:42:08",18.3,-0.5,2000,10437800,"B"
"CII","13:42:04",18.3,-0.5,500,10435800,"B"
"CII","13:42:02",18.3,-0.5,10000,10435300,"B"
"CII","13:42:01",18.3,-0.5,50000,10425300,"B"
"CII","13:41:59",18.35,-0.45,2000,10375300,"S"
"CII","13:41:58",18.3,-0.5,500,10373300,"B"
"CII","13:41:57",18.3,-0.5,500,10372800,"B"
"CII","13:41:55",18.3,-0.5,50000,10372300,"B"
"CII","13:41:55",18.3,-0.5,100,10322300,"B"
"CII","13:41:51",18.3,-0.5,100000,10322200,"B"
"CII","13:41:49",18.3,-0.5,500,10222200,"B"
"CII","13:41:45",18.3,-0.5,10400,10221700,"B"
"CII","13:41:41",18.35,-0.45,20000,10211300,"S"
"CII","13:41:36",18.35,-0.45,100,10191300,"S"
"CII","13:41:30",18.35,-0.45,100,10191200,"S"
"CII","13:41:17",18.35,-0.45,100,10191100,"S"
"CII","13:41:05",18.35,-0.45,500,10191000,"S"
"CII","13:40:57",18.35,-0.45,100,10190500,"S"
"CII","13:40:56",18.35,-0.45,200,10190400,"S"
"CII","13:40:55",18.3,-0.5,1000,10190200,"B"
"CII","13:40:52",18.35,-0.45,20000,10189200,"S"
"CII","13:40:35",18.35,-0.45,1000,10169200,"S"
"CII","13:40:19",18.35,-0.45,7000,10168200,"S"
"CII","13:40:18",18.35,-0.45,300,10161200,"S"
"CII","13:39:50",18.35,-0.45,100,10160900,"S"
"CII","13:39:46",18.35,-0.45,1000,10160800,"S"
"CII","13:39:37",18.35,-0.45,500,10159800,"S"
"CII","13:39:36",18.35,-0.45,33000,10159300,"S"
"CII","13:39:31",18.35,-0.45,1000,10126300,"S"
"CII","13:39:24",18.35,-0.45,200,10125300,"S"
"CII","13:39:21",18.35,-0.45,5000,10125100,"S"
"CII","13:39:16",18.35,-0.45,1000,10120100,"S"
"CII","13:39:09",18.35,-0.45,200,10119100,"S"
"CII","13:39:01",18.35,-0.45,30000,10118900,"S"
"CII","13:38:58",18.35,-0.45,15000,10088900,"S"
"CII","13:38:51",18.35,-0.45,300,10073900,"S"
"CII","13:38:50",18.3,-0.5,5500,10073600,"B"
"CII","13:38:39",18.35,-0.45,132600,10068100,"B"
"CII","13:38:38",18.35,-0.45,60500,9935500,"B"
"CII","13:38:29",18.4,-0.4,2000,9875000,"S"
"CII","13:37:42",18.4,-0.4,200,9873000,"S"
"CII","13:37:41",18.35,-0.45,1500,9872800,"B"
"CII","13:37:38",18.35,-0.45,300,9871300,"B"
"CII","13:37:31",18.35,-0.45,900,9871000,"B"
"CII","13:37:19",18.4,-0.4,5000,9870100,"S"
"CII","13:37:16",18.4,-0.4,1000,9865100,"S"
"CII","13:37:15",18.4,-0.4,5000,9864100,"S"
"CII","13:37:05",18.4,-0.4,200,9859100,"S"
"CII","13:37:03",18.4,-0.4,1000,9858900,"S"
"CII","13:36:58",18.4,-0.4,300,9857900,"S"
"CII","13:36:49",18.4,-0.4,1900,9857600,"B"
"CII","13:36:46",18.4,-0.4,2000,9855700,"B"
"CII","13:36:44",18.4,-0.4,100,9853700,"B"
"CII","13:36:40",18.4,-0.4,1400,9853600,"B"
"CII","13:36:36",18.4,-0.4,1000,9852200,"B"
"CII","13:36:36",18.4,-0.4,800,9851200,"B"
"CII","13:36:27",18.4,-0.4,10000,9850400,"B"
"CII","13:36:26",18.4,-0.4,5900,9840400,"B"
"CII","13:36:24",18.4,-0.4,1000,9834500,"B"
"CII","13:36:22",18.4,-0.4,12400,9833500,"S"
"CII","13:36:15",18.4,-0.4,1000,9821100,"S"
"CII","13:35:56",18.4,-0.4,10000,9820100,"S"
"CII","13:35:53",18.4,-0.4,100,9810100,"S"
"CII","13:35:48",18.35,-0.45,200,9810000,"B"
"CII","13:35:30",18.4,-0.4,100,9809800,"S"
"CII","13:35:24",18.4,-0.4,300,9809700,"S"
"CII","13:35:19",18.4,-0.4,5000,9809400,"S"
"CII","13:34:58",18.4,-0.4,17800,9804400,"B"
"CII","13:34:57",18.4,-0.4,1000,9786600,"B"
"CII","13:34:54",18.4,-0.4,1000,9785600,"B"
"CII","13:34:50",18.4,-0.4,100,9784600,"B"
"CII","13:34:49",18.4,-0.4,6000,9784500,"B"
"CII","13:34:49",18.4,-0.4,400,9778500,"B"
"CII","13:34:46",18.4,-0.4,9900,9778100,"B"
"CII","13:34:46",18.4,-0.4,1000,9768200,"B"
"CII","13:34:41",18.4,-0.4,5000,9767200,"B"
"CII","13:34:24",18.4,-0.4,2000,9762200,"B"
"CII","13:34:18",18.45,-0.35,100,9760200,"S"
"CII","13:34:17",18.4,-0.4,13000,9760100,"B"
"CII","13:34:15",18.4,-0.4,2000,9747100,"B"
"CII","13:34:09",18.4,-0.4,2100,9745100,"B"
"CII","13:34:02",18.4,-0.4,2000,9743000,"B"
"CII","13:33:55",18.4,-0.4,2000,9741000,"B"
"CII","13:33:48",18.45,-0.35,100,9739000,"S"
"CII","13:33:47",18.4,-0.4,3400,9738900,"B"
"CII","13:33:41",18.4,-0.4,500,9735500,"B"
"CII","13:33:29",18.4,-0.4,11900,9735000,"S"
"CII","13:33:26",18.4,-0.4,500,9723100,"S"
"CII","13:33:20",18.4,-0.4,4500,9722600,"S"
"CII","13:32:49",18.4,-0.4,100,9718100,"S"
"CII","13:32:46",18.4,-0.4,2000,9718000,"S"
"CII","13:32:40",18.4,-0.4,10000,9716000,"S"
"CII","13:32:38",18.4,-0.4,200,9706000,"S"
"CII","13:32:37",18.35,-0.45,500,9705800,"B"
"CII","13:32:35",18.4,-0.4,100,9705300,"S"
"CII","13:32:25",18.4,-0.4,2000,9705200,"S"
"CII","13:32:18",18.4,-0.4,100,9703200,"S"
"CII","13:32:06",18.4,-0.4,900,9703100,"S"
"CII","13:32:02",18.4,-0.4,128100,9702200,"B"
"CII","13:31:37",18.45,-0.35,100,9574100,"S"
"CII","13:31:15",18.45,-0.35,100,9574000,"S"
"CII","13:31:03",18.45,-0.35,500,9573900,"S"
"CII","13:31:00",18.45,-0.35,500,9573400,"S"
"CII","13:30:47",18.45,-0.35,70800,9572900,"S"
"CII","13:30:23",18.45,-0.35,100,9502100,"S"
"CII","13:30:17",18.4,-0.4,900,9502000,"B"
"CII","13:30:06",18.4,-0.4,99300,9501100,"S"
"CII","13:30:05",18.4,-0.4,500,9401800,"S"
"CII","13:30:02",18.4,-0.4,100,9401300,"S"
"CII","13:29:48",18.4,-0.4,2400,9401200,"B"
"CII","13:29:41",18.4,-0.4,1000,9398800,"B"
"CII","13:29:29",18.35,-0.45,112700,9397800,"B"
"CII","13:29:29",18.4,-0.4,87300,9285100,"B"
"CII","13:29:09",18.4,-0.4,2000,9197800,"B"
"CII","13:28:47",18.4,-0.4,100,9195800,"B"
"CII","13:28:46",18.4,-0.4,19000,9195700,"B"
"CII","13:28:42",18.45,-0.35,1800,9176700,"S"
"CII","13:28:26",18.45,-0.35,50000,9174900,"S"
"CII","13:28:19",18.45,-0.35,600,9124900,"S"
"CII","13:27:55",18.45,-0.35,1000,9124300,"S"
"CII","13:27:49",18.4,-0.4,200,9123300,"B"
"CII","13:27:43",18.45,-0.35,20000,9123100,"S"
"CII","13:27:39",18.45,-0.35,1500,9103100,"S"
"CII","13:27:25",18.45,-0.35,5000,9101600,"S"
"CII","13:27:17",18.45,-0.35,5000,9096600,"S"
"CII","13:27:17",18.4,-0.4,3800,9091600,"B"
"CII","13:27:12",18.45,-0.35,500,9087800,"S"
"CII","13:27:04",18.45,-0.35,2000,9087300,"S"
"CII","13:26:55",18.45,-0.35,4000,9085300,"S"
"CII","13:26:37",18.45,-0.35,100,9081300,"S"
"CII","13:26:26",18.4,-0.4,1600,9081200,"B"
"CII","13:26:20",18.4,-0.4,10000,9079600,"B"
"CII","13:26:10",18.4,-0.4,100,9069600,"B"
"CII","13:25:51",18.4,-0.4,4300,9069500,"B"
"CII","13:25:37",18.4,-0.4,1900,9065200,"S"
"CII","13:25:36",18.4,-0.4,500,9063300,"S"
"CII","13:25:35",18.4,-0.4,1500,9062800,"S"
"CII","13:25:30",18.4,-0.4,5000,9061300,"S"
"CII","13:25:27",18.4,-0.4,1300,9056300,"S"
"CII","13:25:26",18.4,-0.4,100,9055000,"S"
"CII","13:25:25",18.4,-0.4,100,9054900,"S"
"CII","13:25:22",18.4,-0.4,65000,9054800,"S"
"CII","13:25:18",18.4,-0.4,1400,8989800,"S"
"CII","13:25:13",18.4,-0.4,500,8988400,"S"
"CII","13:25:10",18.4,-0.4,1700,8987900,"B"
"CII","13:25:08",18.4,-0.4,3300,8986200,"S"
"CII","13:25:05",18.4,-0.4,1000,8982900,"S"
"CII","13:25:03",18.4,-0.4,14700,8981900,"B"
"CII","13:25:02",18.4,-0.4,2800,8967200,"B"
"CII","13:24:33",18.4,-0.4,100,8964400,"B"
"CII","13:24:32",18.45,-0.35,1400,8964300,"S"
"CII","13:24:31",18.45,-0.35,1600,8962900,"S"
"CII","13:24:31",18.45,-0.35,1400,8961300,"S"
"CII","13:24:30",18.4,-0.4,2600,8959900,"B"
"CII","13:24:28",18.4,-0.4,2000,8957300,"B"
"CII","13:24:21",18.4,-0.4,100,8955300,"B"
"CII","13:24:20",18.4,-0.4,100,8955200,"B"
"CII","13:24:08",18.4,-0.4,18300,8955100,"S"
"CII","13:23:57",18.4,-0.4,5000,8936800,"S"
"CII","13:23:56",18.4,-0.4,15100,8931800,"B"
"CII","13:23:55",18.4,-0.4,900,8916700,"B"
"CII","13:23:53",18.4,-0.4,300,8915800,"B"
"CII","13:23:48",18.4,-0.4,100,8915500,"B"
"CII","13:23:47",18.4,-0.4,1000,8915400,"B"
"CII","13:23:23",18.4,-0.4,1000,8914400,"B"
"CII","13:23:19",18.4,-0.4,6600,8913400,"S"
"CII","13:23:16",18.4,-0.4,1500,8906800,"S"
"CII","13:23:15",18.4,-0.4,1200,8905300,"S"
"CII","13:23:13",18.4,-0.4,700,8904100,"S"
"CII","13:23:11",18.4,-0.4,15300,8903400,"S"
"CII","13:23:10",18.4,-0.4,1000,8888100,"S"
"CII","13:23:03",18.4,-0.4,1000,8887100,"S"
"CII","13:23:00",18.4,-0.4,500,8886100,"S"
"CII","13:22:56",18.4,-0.4,5000,8885600,"S"
"CII","13:22:55",18.4,-0.4,300,8880600,"S"
"CII","13:22:46",18.4,-0.4,1000,8880300,"S"
"CII","13:22:42",18.4,-0.4,1000,8879300,"S"
"CII","13:22:40",18.4,-0.4,2900,8878300,"B"
"CII","13:22:33",18.4,-0.4,15000,8875400,"B"
"CII","13:22:16",18.45,-0.35,100,8860400,"S"
"CII","13:22:11",18.45,-0.35,100,8860300,"S"
"CII","13:22:06",18.4,-0.4,7300,8838800,"S"
"CII","13:22:00",18.4,-0.4,12700,8831500,"B"
"CII","13:21:54",18.4,-0.4,500,8818800,"B"
"CII","13:21:48",18.45,-0.35,1000,8818300,"S"
"CII","13:21:39",18.4,-0.4,20000,8817300,"B"
"CII","13:21:14",18.45,-0.35,100,8797300,"S"
"CII","13:21:05",18.4,-0.4,100,8797200,"B"
"CII","13:20:56",18.4,-0.4,1800,8797100,"B"
"CII","13:20:56",18.4,-0.4,7200,8795300,"B"
"CII","13:20:31",18.4,-0.4,3000,8788100,"B"
"CII","13:20:28",18.45,-0.35,400,8785100,"S"
"CII","13:20:26",18.4,-0.4,1000,8784700,"B"
"CII","13:20:21",18.4,-0.4,600,8783700,"B"
"CII","13:20:16",18.4,-0.4,100,8783100,"B"
"CII","13:20:15",18.4,-0.4,3100,8783000,"S"
"CII","13:20:13",18.4,-0.4,2000,8779900,"S"
"CII","13:20:03",18.4,-0.4,1000,8777900,"S"
"CII","13:20:00",18.4,-0.4,1000,8776900,"S"
"CII","13:19:55",18.4,-0.4,300,8775900,"S"
"CII","13:19:51",18.4,-0.4,2000,8775600,"S"
"CII","13:19:50",18.4,-0.4,2300,8773600,"S"
"CII","13:19:35",18.4,-0.4,100,8771300,"S"
"CII","13:19:09",18.4,-0.4,500,8771200,"S"
"CII","13:19:02",18.4,-0.4,20100,8770700,"S"
"CII","13:18:56",18.4,-0.4,1500,8750600,"S"
"CII","13:18:40",18.4,-0.4,5000,8749100,"S"
"CII","13:18:34",18.4,-0.4,700,8744100,"S"
"CII","13:18:22",18.4,-0.4,300,8743400,"S"
"CII","13:18:21",18.4,-0.4,57200,8743100,"B"
"CII","13:18:14",18.4,-0.4,1000,8685900,"B"
"CII","13:18:12",18.4,-0.4,5000,8684900,"B"
"CII","13:18:11",18.4,-0.4,5000,8679900,"B"
"CII","13:17:34",18.4,-0.4,1000,8674900,"B"
"CII","13:17:33",18.4,-0.4,1000,8673900,"B"
"CII","13:17:19",18.4,-0.4,500,8672900,"B"
"CII","13:17:00",18.45,-0.35,5000,8672400,"S"
"CII","13:16:56",18.45,-0.35,900,8667400,"S"
"CII","13:16:53",18.45,-0.35,300,8666500,"S"
"CII","13:16:44",18.45,-0.35,100,8666200,"S"
"CII","13:16:24",18.45,-0.35,200,8666100,"S"
"CII","13:15:49",18.4,-0.4,300,8665900,"B"
"CII","13:15:49",18.4,-0.4,100,8665600,"B"
"CII","13:15:39",18.4,-0.4,1800,8665500,"B"
"CII","13:15:13",18.4,-0.4,1700,8663700,"B"
"CII","13:14:54",18.4,-0.4,1000,8662000,"B"
"CII","13:14:53",18.4,-0.4,100,8661000,"B"
"CII","13:14:52",18.45,-0.35,400,8660900,"S"
"CII","13:14:42",18.4,-0.4,1600,8660500,"S"
"CII","13:14:41",18.4,-0.4,900,8658900,"S"
"CII","13:14:38",18.4,-0.4,10000,8658000,"S"
"CII","13:14:33",18.35,-0.45,200,8648000,"B"
"CII","13:14:33",18.4,-0.4,16000,8647800,"S"
"CII","13:14:32",18.4,-0.4,1000,8631800,"S"
"CII","13:14:30",18.4,-0.4,1500,8630800,"S"
"CII","13:14:29",18.35,-0.45,4000,8629300,"B"
"CII","13:14:19",18.4,-0.4,400,8625300,"S"
"CII","13:14:12",18.35,-0.45,10000,8624900,"B"
"CII","13:14:11",18.4,-0.4,5000,8614900,"S"
"CII","13:13:48",18.4,-0.4,500,8609900,"S"
"CII","13:13:35",18.4,-0.4,200,8609400,"S"
"CII","13:13:05",18.4,-0.4,1000,8609200,"S"
"CII","13:13:05",18.4,-0.4,4300,8608200,"B"
"CII","13:13:03",18.4,-0.4,1000,8603900,"B"
"CII","13:12:55",18.4,-0.4,19700,8602900,"S"
"CII","13:12:52",18.4,-0.4,500,8583200,"S"
"CII","13:12:50",18.4,-0.4,500,8582700,"S"
"CII","13:12:37",18.4,-0.4,5000,8582200,"S"
"CII","13:12:32",18.4,-0.4,400,8577200,"S"
"CII","13:12:31",18.4,-0.4,6800,8576800,"S"
"CII","13:12:24",18.4,-0.4,4000,8570000,"S"
"CII","13:12:23",18.4,-0.4,5000,8566000,"S"
"CII","13:12:09",18.4,-0.4,2400,8561000,"S"
"CII","13:11:43",18.35,-0.45,100,8558600,"B"
"CII","13:11:37",18.4,-0.4,200,8558500,"S"
"CII","13:11:31",18.4,-0.4,5000,8558300,"S"
"CII","13:11:30",18.4,-0.4,300,8553300,"S"
"CII","13:11:28",18.35,-0.45,1000,8553000,"B"
"CII","13:11:27",18.4,-0.4,3000,8552000,"S"
"CII","13:11:26",18.4,-0.4,3000,8549000,"S"
"CII","13:11:03",18.4,-0.4,4200,8546000,"S"
"CII","13:10:59",18.35,-0.45,500,8541800,"B"
"CII","13:10:58",18.35,-0.45,4000,8541300,"B"
"CII","13:10:51",18.4,-0.4,1300,8537300,"S"
"CII","13:10:34",18.4,-0.4,8900,8536000,"S"
"CII","13:10:29",18.4,-0.4,1600,8527100,"S"
"CII","13:10:24",18.4,-0.4,4000,8525500,"S"
"CII","13:10:12",18.4,-0.4,100,8521500,"S"
"CII","13:10:11",18.4,-0.4,2500,8521400,"S"
"CII","13:10:00",18.35,-0.45,2000,8518900,"B"
"CII","13:09:42",18.35,-0.45,50000,8516900,"B"
"CII","13:09:38",18.35,-0.45,2000,8466900,"B"
"CII","13:09:35",18.35,-0.45,300,8464900,"B"
"CII","13:09:30",18.35,-0.45,4000,8464600,"B"
"CII","13:08:59",18.35,-0.45,5500,8460600,"B"
"CII","13:08:46",18.35,-0.45,200,8455100,"B"
"CII","13:08:34",18.35,-0.45,3400,8454900,"B"
"CII","13:08:24",18.35,-0.45,1000,8451500,"B"
"CII","13:08:23",18.35,-0.45,100,8450500,"B"
"CII","13:08:23",18.35,-0.45,100,8450400,"B"
"CII","13:07:52",18.35,-0.45,500,8450300,"B"
"CII","13:07:51",18.35,-0.45,1000,8449800,"S"
"CII","13:07:50",18.35,-0.45,2000,8448800,"S"
"CII","13:07:49",18.35,-0.45,1000,8446800,"S"
"CII","13:07:31",18.35,-0.45,1000,8445800,"S"
"CII","13:07:25",18.35,-0.45,2800,8444800,"B"
"CII","13:07:05",18.35,-0.45,18600,8442000,"S"
"CII","13:07:04",18.3,-0.5,100,8423400,"B"
"CII","13:07:04",18.35,-0.45,6000,8423300,"S"
"CII","13:06:57",18.35,-0.45,2000,8417300,"S"
"CII","13:06:51",18.35,-0.45,5000,8415300,"S"
"CII","13:06:47",18.35,-0.45,100,8410300,"S"
"CII","13:06:46",18.35,-0.45,5000,8410200,"S"
"CII","13:06:44",18.35,-0.45,5000,8405200,"S"
"CII","13:06:43",18.35,-0.45,300,8400200,"S"
"CII","13:06:38",18.3,-0.5,700,8399900,"B"
"CII","13:06:31",18.35,-0.45,158200,8399200,"B"
"CII","13:06:30",18.35,-0.45,27900,8241000,"B"
"CII","13:06:29",18.35,-0.45,3100,8213100,"B"
"CII","13:06:20",18.35,-0.45,100,8210000,"B"
"CII","13:06:13",18.35,-0.45,300,8209900,"B"
"CII","13:06:08",18.35,-0.45,8000,8209600,"B"
"CII","13:06:07",18.35,-0.45,500,8201600,"B"
"CII","13:06:04",18.35,-0.45,100,8201100,"B"
"CII","13:05:55",18.35,-0.45,30000,8201000,"B"
"CII","13:05:36",18.35,-0.45,2500,8171000,"B"
"CII","13:05:36",18.35,-0.45,800,8168500,"B"
"CII","13:05:25",18.35,-0.45,2000,8167700,"B"
"CII","13:05:04",18.4,-0.4,100,8165700,"S"
"CII","13:04:47",18.4,-0.4,100,8165600,"S"
"CII","13:04:41",18.4,-0.4,3500,8165500,"B"
"CII","13:04:34",18.4,-0.4,3000,8162000,"B"
"CII","13:04:33",18.4,-0.4,300,8159000,"B"
"CII","13:04:28",18.4,-0.4,3200,8158700,"S"
"CII","13:04:24",18.4,-0.4,1800,8155500,"B"
"CII","13:04:19",18.4,-0.4,100,8153700,"B"
"CII","13:04:17",18.45,-0.35,500,8153600,"S"
"CII","13:04:17",18.4,-0.4,2000,8153100,"B"
"CII","13:03:23",18.4,-0.4,100,8151100,"B"
"CII","13:03:20",18.4,-0.4,2800,8151000,"S"
"CII","13:03:13",18.4,-0.4,10000,8148200,"S"
"CII","13:03:01",18.4,-0.4,500,8138200,"S"
"CII","13:02:56",18.4,-0.4,1000,8137700,"S"
"CII","13:02:54",18.4,-0.4,400,8136700,"S"
"CII","13:02:49",18.4,-0.4,500,8136300,"S"
"CII","13:02:46",18.4,-0.4,1000,8135800,"S"
"CII","13:02:39",18.4,-0.4,2000,8134800,"S"
"CII","13:02:35",18.4,-0.4,500,8132800,"S"
"CII","13:02:26",18.4,-0.4,300,8132300,"B"
"CII","13:02:21",18.4,-0.4,100,8132000,"B"
"CII","13:02:19",18.4,-0.4,9600,8131900,"S"
"CII","13:02:11",18.4,-0.4,300,8122300,"S"
"CII","13:01:59",18.4,-0.4,3200,8122000,"S"
"CII","13:01:53",18.4,-0.4,500,8118800,"S"
"CII","13:01:39",18.35,-0.45,2000,8118300,"B"
"CII","13:01:34",18.35,-0.45,500,8116300,"B"
"CII","13:01:21",18.4,-0.4,100000,8115800,"S"
"CII","13:00:59",18.35,-0.45,100,8015800,"B"
"CII","13:00:47",18.35,-0.45,1000,8015700,"B"
"CII","13:00:43",18.35,-0.45,2500,8014700,"B"
"CII","13:00:28",18.4,-0.4,7300,8012200,"S"
"CII","13:00:26",18.4,-0.4,500,8004900,"S"
"CII","13:00:26",18.35,-0.45,59100,8004400,"B"
"CII","13:00:25",18.4,-0.4,5000,7945300,"S"
"CII","13:00:25",18.4,-0.4,3500,7940300,"S"
"CII","13:00:21",18.4,-0.4,2000,7936800,"S"
"CII","13:00:20",18.4,-0.4,3000,7934800,"S"
"CII","13:00:17",18.35,-0.45,500,7931800,"B"
"CII","13:00:16",18.4,-0.4,200,7931300,"S"
"CII","13:00:14",18.4,-0.4,100,7931100,"S"
"CII","13:00:13",18.4,-0.4,2000,7931000,"S"
"CII","13:00:08",18.4,-0.4,2200,7929000,"S"
"CII","13:00:08",18.4,-0.4,1500,7926800,"S"
"CII","13:00:06",18.4,-0.4,1400,7925300,"S"
"CII","13:00:05",18.4,-0.4,3000,7923900,"S"
"CII","13:00:04",18.4,-0.4,100,7920900,"S"
"CII","13:00:03",18.4,-0.4,52500,7920800,"B"
"CII","13:00:01",18.4,-0.4,300,7868300,"B"
"CII","13:00:00",18.45,-0.35,600,7868000,"S"
"CII","13:00:00",18.4,-0.4,31600,7867400,"B"
"CII","13:00:00",18.45,-0.35,400,7835800,"S"
"CII","11:29:38",18.4,-0.4,4800,7835400,"B"
"CII","11:29:33",18.45,-0.35,300,7830600,"S"
"CII","11:28:58",18.45,-0.35,300,7830300,"S"
"CII","11:28:41",18.45,-0.35,100,7830000,"S"
"CII","11:28:40",18.4,-0.4,1500,7829900,"B"
"CII","11:28:29",18.45,-0.35,100,7828400,"S"
"CII","11:28:06",18.4,-0.4,1000,7828300,"B"
"CII","11:27:41",18.45,-0.35,100,7827300,"S"
"CII","11:27:40",18.45,-0.35,100,7827200,"S"
"CII","11:27:19",18.4,-0.4,1200,7826100,"B"
"CII","11:27:10",18.45,-0.35,3000,7824700,"S"
"CII","11:26:55",18.45,-0.35,1100,7821700,"S"
"CII","11:26:53",18.4,-0.4,500,7820600,"B"
"CII","11:26:48",18.45,-0.35,200,7820100,"S"
"CII","11:26:43",18.45,-0.35,200,7819900,"S"
"CII","11:26:35",18.45,-0.35,500,7819700,"S"
"CII","11:26:34",18.45,-0.35,2000,7819200,"S"
"CII","11:26:30",18.45,-0.35,10000,7817200,"S"
"CII","11:26:10",18.45,-0.35,100,7807200,"S"
"CII","11:25:49",18.45,-0.35,1000,7807100,"S"
"CII","11:25:14",18.45,-0.35,5000,7806100,"S"
"CII","11:25:10",18.45,-0.35,100,7801100,"S"
"CII","11:24:48",18.45,-0.35,1000,7801000,"S"
"CII","11:24:33",18.4,-0.4,1600,7800000,"B"
"CII","11:24:25",18.45,-0.35,1700,7798400,"S"
"CII","11:24:21",18.4,-0.4,3000,7796700,"B"
"CII","11:24:09",18.45,-0.35,100,7793700,"S"
"CII","11:23:37",18.4,-0.4,100,7793600,"S"
"CII","11:23:32",18.4,-0.4,1400,7793500,"S"
"CII","11:23:22",18.4,-0.4,100,7792100,"S"
"CII","11:23:19",18.4,-0.4,2400,7792000,"S"
"CII","11:23:05",18.4,-0.4,200,7789600,"B"
"CII","11:22:44",18.4,-0.4,15000,7789400,"B"
"CII","11:22:32",18.4,-0.4,1500,7774400,"B"
"CII","11:22:15",18.4,-0.4,3000,7772900,"B"
"CII","11:21:51",18.4,-0.4,5300,7769900,"S"
"CII","11:21:46",18.4,-0.4,300,7764600,"S"
"CII","11:21:39",18.4,-0.4,200,7764300,"S"
"CII","11:21:32",18.4,-0.4,2000,7764100,"S"
"CII","11:21:25",18.4,-0.4,4400,7762100,"S"
"CII","11:21:13",18.35,-0.45,1000,7757700,"B"
"CII","11:21:06",18.35,-0.45,1000,7756700,"B"
"CII","11:20:51",18.4,-0.4,100,7755700,"S"
"CII","11:20:33",18.4,-0.4,1000,7755600,"S"
"CII","11:20:20",18.4,-0.4,5000,7754600,"S"
"CII","11:20:03",18.4,-0.4,1400,7749600,"S"
"CII","11:19:44",18.4,-0.4,2000,7748200,"S"
"CII","11:19:39",18.35,-0.45,200,7746200,"B"
"CII","11:18:24",18.4,-0.4,100,7746000,"S"
"CII","11:18:19",18.4,-0.4,1000,7745900,"S"
"CII","11:18:11",18.4,-0.4,2500,7744900,"S"
"CII","11:18:08",18.4,-0.4,16100,7742400,"B"
"CII","11:18:08",18.4,-0.4,4400,7726300,"B"
"CII","11:17:56",18.4,-0.4,500,7721900,"B"
"CII","11:17:37",18.4,-0.4,2000,7721400,"B"
"CII","11:17:19",18.4,-0.4,200,7719400,"B"
"CII","11:17:03",18.45,-0.35,10000,7719200,"S"
"CII","11:16:54",18.45,-0.35,500,7709200,"S"
"CII","11:16:51",18.4,-0.4,100,7708700,"B"
"CII","11:16:21",18.4,-0.4,5000,7708600,"B"
"CII","11:15:01",18.4,-0.4,1100,7703600,"B"
"CII","11:14:17",18.4,-0.4,1000,7702500,"B"
"CII","11:14:12",18.4,-0.4,700,7701500,"B"
"CII","11:13:31",18.4,-0.4,1000,7700800,"B"
"CII","11:13:11",18.4,-0.4,2200,7699800,"S"
"CII","11:13:09",18.4,-0.4,4000,7697600,"S"
"CII","11:13:07",18.4,-0.4,100,7693600,"S"
"CII","11:13:05",18.4,-0.4,2000,7693500,"S"
"CII","11:12:52",18.4,-0.4,5000,7691500,"S"
"CII","11:12:35",18.4,-0.4,100,7686500,"S"
"CII","11:12:34",18.35,-0.45,500,7686400,"B"
"CII","11:12:24",18.4,-0.4,2000,7685900,"S"
"CII","11:12:19",18.4,-0.4,2000,7683900,"S"
"CII","11:12:02",18.4,-0.4,300,7681900,"S"
"CII","11:11:59",18.4,-0.4,4300,7681600,"B"
"CII","11:11:36",18.4,-0.4,1000,7677300,"S"
"CII","11:11:26",18.4,-0.4,100,7676300,"S"
"CII","11:11:06",18.4,-0.4,35000,7676200,"S"
"CII","11:10:53",18.4,-0.4,5000,7641200,"S"
"CII","11:10:48",18.4,-0.4,2300,7636200,"S"
"CII","11:10:37",18.4,-0.4,100,7633900,"S"
"CII","11:10:25",18.35,-0.45,3000,7633800,"B"
"CII","11:10:23",18.4,-0.4,600,7630800,"S"
"CII","11:10:15",18.4,-0.4,43800,7630200,"B"
"CII","11:10:06",18.4,-0.4,5000,7586400,"B"
"CII","11:09:36",18.4,-0.4,1000,7581400,"B"
"CII","11:09:32",18.4,-0.4,5000,7580400,"B"
"CII","11:09:31",18.45,-0.35,500,7575400,"S"
"CII","11:09:19",18.4,-0.4,6000,7574900,"B"
"CII","11:08:46",18.4,-0.4,1000,7568900,"B"
"CII","11:08:25",18.4,-0.4,1000,7567900,"B"
"CII","11:07:34",18.4,-0.4,300,7566900,"B"
"CII","11:07:25",18.4,-0.4,20000,7566600,"B"
"CII","11:06:54",18.4,-0.4,1000,7546600,"B"
"CII","11:06:42",18.4,-0.4,10000,7545600,"B"
"CII","11:06:24",18.45,-0.35,1000,7535600,"S"
"CII","11:06:13",18.4,-0.4,500,7534600,"B"
"CII","11:06:10",18.45,-0.35,2500,7534100,"S"
"CII","11:06:03",18.4,-0.4,2000,7531600,"B"
"CII","11:06:02",18.45,-0.35,3200,7529600,"S"
"CII","11:05:57",18.45,-0.35,500,7526400,"S"
"CII","11:05:56",18.45,-0.35,10000,7525900,"S"
"CII","11:05:55",18.45,-0.35,100,7515900,"S"
"CII","11:05:45",18.45,-0.35,3000,7515800,"S"
"CII","11:05:26",18.4,-0.4,2500,7512800,"B"
"CII","11:05:23",18.45,-0.35,300,7510300,"S"
"CII","11:05:18",18.45,-0.35,1000,7510000,"S"
"CII","11:05:08",18.45,-0.35,200,7509000,"S"
"CII","11:05:00",18.45,-0.35,500,7508800,"S"
"CII","11:04:59",18.45,-0.35,400,7508300,"S"
"CII","11:04:58",18.45,-0.35,200,7507900,"S"
"CII","11:04:41",18.45,-0.35,100,7507700,"S"
"CII","11:04:38",18.45,-0.35,9000,7507600,"S"
"CII","11:04:18",18.45,-0.35,100,7498600,"S"
"CII","11:04:07",18.4,-0.4,300,7498500,"B"
"CII","11:03:35",18.4,-0.4,500,7498200,"B"
"CII","11:03:11",18.4,-0.4,4000,7497700,"B"
"CII","11:03:08",18.4,-0.4,2000,7493700,"B"
"CII","11:02:58",18.45,-0.35,500,7491700,"S"
"CII","11:02:36",18.45,-0.35,5000,7491200,"S"
"CII","11:02:31",18.45,-0.35,1000,7486200,"S"
"CII","11:02:30",18.45,-0.35,10000,7485200,"S"
"CII","11:02:30",18.4,-0.4,3000,7475200,"B"
"CII","11:02:24",18.4,-0.4,60000,7472200,"B"
"CII","11:02:23",18.45,-0.35,1000,7412200,"S"
"CII","11:02:20",18.45,-0.35,1000,7411200,"S"
"CII","11:01:58",18.45,-0.35,2000,7410200,"S"
"CII","11:01:57",18.45,-0.35,200,7408200,"S"
"CII","11:01:51",18.4,-0.4,6000,7408000,"B"
"CII","11:01:47",18.45,-0.35,2000,7402000,"S"
"CII","11:01:35",18.45,-0.35,64100,7400000,"B"
"CII","11:01:31",18.45,-0.35,200,7335900,"B"
"CII","11:01:28",18.45,-0.35,1000,7335700,"B"
"CII","11:01:27",18.45,-0.35,2500,7334700,"B"
"CII","11:01:22",18.45,-0.35,300,7332200,"B"
"CII","11:01:18",18.45,-0.35,300,7331900,"B"
"CII","11:00:38",18.45,-0.35,1100,7331600,"B"
"CII","11:00:34",18.5,-0.3,100,7330500,"S"
"CII","11:00:20",18.45,-0.35,5000,7330400,"B"
"CII","11:00:14",18.5,-0.3,100,7325400,"S"
"CII","11:00:09",18.45,-0.35,300,7325300,"B"
"CII","11:00:05",18.45,-0.35,11300,7325000,"B"
"CII","10:59:58",18.45,-0.35,300,7313700,"B"
"CII","10:59:57",18.45,-0.35,400,7313400,"B"
"CII","10:59:30",18.5,-0.3,1400,7313000,"S"
"CII","10:59:20",18.5,-0.3,100,7311600,"S"
"CII","10:59:08",18.45,-0.35,700,7311500,"B"
"CII","10:59:08",18.45,-0.35,900,7310800,"B"
"CII","10:59:00",18.5,-0.3,300,7309900,"S"
"CII","10:58:56",18.5,-0.3,58600,7309600,"B"
"CII","10:58:50",18.5,-0.3,6700,7251000,"B"
"CII","10:58:49",18.5,-0.3,10000,7244300,"B"
"CII","10:58:45",18.5,-0.3,5000,7219300,"B"
"CII","10:58:39",18.5,-0.3,20000,7214300,"B"
"CII","10:58:16",18.55,-0.25,1000,7194300,"S"
"CII","10:58:10",18.5,-0.3,5000,7193300,"B"
"CII","10:57:57",18.55,-0.25,500,7188300,"S"
"CII","10:57:55",18.55,-0.25,100,7187800,"S"
"CII","10:57:54",18.55,-0.25,10000,7187700,"S"
"CII","10:57:48",18.55,-0.25,9600,7177700,"B"
"CII","10:57:44",18.55,-0.25,1000,7168100,"B"
"CII","10:57:35",18.55,-0.25,500,7167100,"B"
"CII","10:57:28",18.55,-0.25,1700,7166600,"B"
"CII","10:57:17",18.6,-0.2,8700,7164900,"S"
"CII","10:57:16",18.55,-0.25,3900,7156200,"B"
"CII","10:57:14",18.6,-0.2,500,7152300,"S"
"CII","10:57:09",18.55,-0.25,100,7151800,"B"
"CII","10:57:06",18.6,-0.2,900,7151700,"S"
"CII","10:57:00",18.55,-0.25,500,7150800,"B"
"CII","10:56:49",18.55,-0.25,500,7150300,"B"
"CII","10:56:47",18.55,-0.25,2000,7149800,"B"
"CII","10:56:47",18.55,-0.25,500,7147800,"B"
"CII","10:56:46",18.55,-0.25,100,7147300,"B"
"CII","10:56:37",18.55,-0.25,10000,7147200,"B"
"CII","10:56:24",18.6,-0.2,100,7137200,"S"
"CII","10:56:22",18.6,-0.2,500,7137100,"S"
"CII","10:56:13",18.6,-0.2,2800,7136600,"S"
"CII","10:56:09",18.6,-0.2,30000,7133800,"S"
"CII","10:55:43",18.6,-0.2,100,7103800,"S"
"CII","10:55:43",18.55,-0.25,1000,7103700,"B"
"CII","10:55:39",18.6,-0.2,100,7102700,"S"
"CII","10:55:20",18.55,-0.25,200,7102600,"B"
"CII","10:55:17",18.55,-0.25,1000,7102400,"B"
"CII","10:55:14",18.55,-0.25,100,7101400,"B"
"CII","10:55:05",18.55,-0.25,34800,7101300,"S"
"CII","10:54:56",18.55,-0.25,100,7066500,"S"
"CII","10:54:54",18.55,-0.25,12000,7066400,"S"
"CII","10:54:49",18.55,-0.25,800,7054400,"S"
"CII","10:54:45",18.55,-0.25,4200,7053600,"S"
"CII","10:54:42",18.55,-0.25,2000,7049400,"S"
"CII","10:54:41",18.55,-0.25,100,7047400,"S"
"CII","10:54:35",18.55,-0.25,5000,7047300,"S"
"CII","10:54:33",18.55,-0.25,1000,7042300,"S"
"CII","10:54:30",18.55,-0.25,500,7041300,"S"
"CII","10:54:29",18.55,-0.25,2000,7040800,"S"
"CII","10:54:28",18.55,-0.25,100,7038800,"S"
"CII","10:54:27",18.55,-0.25,1000,7038700,"S"
"CII","10:54:22",18.55,-0.25,1500,7037700,"S"
"CII","10:54:21",18.5,-0.3,300,7036200,"B"
"CII","10:54:20",18.55,-0.25,5000,7035900,"S"
"CII","10:54:19",18.55,-0.25,5000,7030900,"S"
"CII","10:54:17",18.55,-0.25,1000,7025900,"S"
"CII","10:54:12",18.55,-0.25,200,7024900,"S"
"CII","10:54:10",18.55,-0.25,51000,7024700,"S"
"CII","10:54:08",18.55,-0.25,600,6973700,"S"
"CII","10:54:04",18.55,-0.25,200,6973100,"S"
"CII","10:54:02",18.55,-0.25,100,6972900,"S"
"CII","10:53:55",18.55,-0.25,10000,6972800,"S"
"CII","10:53:51",18.55,-0.25,100,6962800,"S"
"CII","10:53:36",18.55,-0.25,20000,6962700,"S"
"CII","10:53:24",18.55,-0.25,300,6942700,"S"
"CII","10:53:24",18.55,-0.25,200,6942400,"S"
"CII","10:52:56",18.5,-0.3,49900,6942200,"S"
"CII","10:52:53",18.5,-0.3,500,6892300,"S"
"CII","10:52:49",18.5,-0.3,100,6891800,"S"
"CII","10:52:46",18.5,-0.3,50000,6891700,"S"
"CII","10:52:44",18.5,-0.3,1000,6841700,"S"
"CII","10:52:26",18.5,-0.3,7600,6840700,"S"
"CII","10:52:25",18.5,-0.3,36100,6833100,"S"
"CII","10:52:21",18.5,-0.3,2000,6797000,"S"
"CII","10:52:13",18.5,-0.3,100,6795000,"S"
"CII","10:52:09",18.5,-0.3,100,6794900,"S"
"CII","10:51:58",18.45,-0.35,200,6794800,"B"
"CII","10:51:54",18.5,-0.3,100,6794600,"S"
"CII","10:51:33",18.5,-0.3,100,6794500,"S"
"CII","10:51:24",18.5,-0.3,100,6794400,"S"
"CII","10:51:02",18.5,-0.3,200,6794300,"S"
"CII","10:50:59",18.45,-0.35,2900,6794100,"B"
"CII","10:50:23",18.5,-0.3,10000,6791200,"S"
"CII","10:50:08",18.45,-0.35,1800,6781200,"B"
"CII","10:49:57",18.45,-0.35,2000,6779400,"S"
"CII","10:49:54",18.45,-0.35,3000,6777400,"S"
"CII","10:49:51",18.45,-0.35,900,6774400,"S"
"CII","10:49:35",18.45,-0.35,500,6773500,"S"
"CII","10:49:20",18.45,-0.35,9000,6773000,"S"
"CII","10:49:08",18.45,-0.35,500,6764000,"S"
"CII","10:48:57",18.45,-0.35,5000,6763500,"S"
"CII","10:48:54",18.45,-0.35,100,6758500,"S"
"CII","10:48:47",18.45,-0.35,500,6758400,"S"
"CII","10:48:45",18.45,-0.35,2000,6757900,"S"
"CII","10:48:33",18.45,-0.35,500,6755900,"S"
"CII","10:48:19",18.45,-0.35,7200,6755400,"B"
"CII","10:48:12",18.45,-0.35,200,6748200,"B"
"CII","10:48:07",18.45,-0.35,5000,6748000,"B"
"CII","10:47:57",18.45,-0.35,1500,6743000,"B"
"CII","10:47:55",18.45,-0.35,100,6741500,"B"
"CII","10:47:41",18.45,-0.35,100,6741400,"B"
"CII","10:47:34",18.45,-0.35,7200,6741300,"S"
"CII","10:47:31",18.45,-0.35,3000,6734100,"S"
"CII","10:47:29",18.45,-0.35,50000,6731100,"S"
"CII","10:47:26",18.4,-0.4,600,6681100,"B"
"CII","10:47:22",18.45,-0.35,8000,6680500,"S"
"CII","10:47:16",18.45,-0.35,1600,6672500,"S"
"CII","10:47:11",18.45,-0.35,9200,6670900,"B"
"CII","10:47:10",18.45,-0.35,6000,6661700,"B"
"CII","10:47:05",18.45,-0.35,5000,6655700,"B"
"CII","10:46:24",18.5,-0.3,100,6650700,"S"
"CII","10:46:24",18.45,-0.35,12500,6650600,"B"
"CII","10:46:22",18.45,-0.35,500,6638100,"B"
"CII","10:46:08",18.45,-0.35,53400,6637600,"S"
"CII","10:46:05",18.45,-0.35,1000,6584200,"S"
"CII","10:46:03",18.4,-0.4,25000,6583200,"B"
"CII","10:46:01",18.45,-0.35,6300,6558200,"B"
"CII","10:45:57",18.5,-0.3,100,6551900,"S"
"CII","10:45:50",18.45,-0.35,500,6551800,"B"
"CII","10:45:48",18.45,-0.35,3300,6551300,"S"
"CII","10:45:47",18.45,-0.35,4700,6548000,"B"
"CII","10:45:38",18.45,-0.35,2300,6543300,"B"
"CII","10:45:25",18.5,-0.3,1000,6541000,"S"
"CII","10:45:06",18.5,-0.3,100,6540000,"S"
"CII","10:44:55",18.5,-0.3,100,6539900,"S"
"CII","10:44:54",18.5,-0.3,500,6539800,"S"
"CII","10:44:48",18.45,-0.35,42200,6539300,"S"
"CII","10:44:47",18.45,-0.35,5000,6497100,"S"
"CII","10:44:44",18.45,-0.35,100000,6492100,"S"
"CII","10:44:37",18.45,-0.35,5000,6392100,"S"
"CII","10:44:33",18.45,-0.35,100,6387100,"S"
"CII","10:44:15",18.45,-0.35,10000,6387000,"S"
"CII","10:44:14",18.4,-0.4,100,6377000,"B"
"CII","10:43:55",18.45,-0.35,1000,6376900,"S"
"CII","10:43:37",18.45,-0.35,300,6375900,"S"
"CII","10:43:29",18.45,-0.35,100,6375600,"S"
"CII","10:43:23",18.45,-0.35,3000,6375500,"S"
"CII","10:42:37",18.45,-0.35,300,6372500,"S"
"CII","10:42:32",18.45,-0.35,200,6372200,"S"
"CII","10:42:15",18.45,-0.35,100,6372000,"S"
"CII","10:42:05",18.45,-0.35,1000,6371900,"S"
"CII","10:41:15",18.45,-0.35,2000,6370900,"S"
"CII","10:41:00",18.4,-0.4,100,6368900,"B"
"CII","10:40:52",18.4,-0.4,1000,6368800,"B"
"CII","10:40:50",18.45,-0.35,300,6367800,"S"
"CII","10:40:34",18.45,-0.35,15500,6367500,"S"
"CII","10:40:29",18.4,-0.4,1600,6352000,"B"
"CII","10:40:18",18.45,-0.35,200,6350400,"S"
"CII","10:40:17",18.4,-0.4,100,6350200,"B"
"CII","10:40:07",18.45,-0.35,1000,6350100,"S"
"CII","10:39:54",18.45,-0.35,100,6349100,"S"
"CII","10:39:39",18.45,-0.35,3300,6349000,"S"
"CII","10:39:38",18.4,-0.4,10000,6345700,"B"
"CII","10:39:24",18.4,-0.4,100,6335700,"B"
"CII","10:39:19",18.4,-0.4,3000,6335600,"B"
"CII","10:39:13",18.45,-0.35,100,6332600,"S"
"CII","10:38:49",18.45,-0.35,100,6332500,"S"
"CII","10:38:45",18.45,-0.35,5000,6332400,"S"
"CII","10:38:38",18.45,-0.35,3000,6327400,"S"
"CII","10:38:35",18.45,-0.35,1900,6324400,"S"
"CII","10:38:28",18.45,-0.35,1000,6322500,"S"
"CII","10:38:27",18.45,-0.35,1000,6321500,"S"
"CII","10:38:20",18.45,-0.35,3000,6320500,"S"
"CII","10:38:03",18.45,-0.35,1000,6317500,"S"
"CII","10:38:01",18.45,-0.35,1000,6316500,"S"
"CII","10:37:52",18.45,-0.35,100,6315500,"S"
"CII","10:37:51",18.45,-0.35,500,6315400,"S"
"CII","10:37:45",18.4,-0.4,500,6314900,"B"
"CII","10:37:44",18.45,-0.35,100,6314400,"S"
"CII","10:37:32",18.45,-0.35,100,6314300,"S"
"CII","10:37:20",18.4,-0.4,7800,6314200,"B"
"CII","10:37:15",18.45,-0.35,500,6306400,"S"
"CII","10:37:08",18.4,-0.4,1500,6305900,"B"
"CII","10:36:19",18.4,-0.4,100,6304400,"B"
"CII","10:36:02",18.45,-0.35,100,6304300,"S"
"CII","10:35:54",18.45,-0.35,900,6304200,"S"
"CII","10:35:53",18.4,-0.4,3000,6303300,"B"
"CII","10:35:53",18.45,-0.35,100,6300300,"S"
"CII","10:35:42",18.45,-0.35,4000,6300200,"S"
"CII","10:35:39",18.4,-0.4,1000,6296200,"B"
"CII","10:35:28",18.45,-0.35,1000,6295200,"S"
"CII","10:35:24",18.45,-0.35,100,6294200,"S"
"CII","10:35:12",18.45,-0.35,4700,6294100,"S"
"CII","10:34:33",18.45,-0.35,1000,6289400,"S"
"CII","10:34:31",18.4,-0.4,2000,6288400,"B"
"CII","10:34:18",18.4,-0.4,1400,6286400,"S"
"CII","10:34:17",18.4,-0.4,3600,6285000,"B"
"CII","10:34:16",18.4,-0.4,16400,6281400,"S"
"CII","10:34:12",18.4,-0.4,1000,6265000,"S"
"CII","10:34:11",18.4,-0.4,6000,6264000,"S"
"CII","10:34:07",18.4,-0.4,500,6258000,"S"
"CII","10:34:02",18.4,-0.4,300,6257500,"S"
"CII","10:34:01",18.4,-0.4,900,6257200,"S"
"CII","10:34:01",18.4,-0.4,2000,6256300,"S"
"CII","10:33:57",18.4,-0.4,26000,6254300,"S"
"CII","10:33:53",18.4,-0.4,3000,6228300,"S"
"CII","10:33:52",18.4,-0.4,200,6225300,"S"
"CII","10:33:46",18.4,-0.4,10000,6225100,"S"
"CII","10:33:41",18.4,-0.4,200,6215100,"S"
"CII","10:33:18",18.4,-0.4,100,6214900,"S"
"CII","10:33:13",18.35,-0.45,5000,6214800,"B"
"CII","10:33:01",18.35,-0.45,10000,6209800,"B"
"CII","10:32:47",18.4,-0.4,5000,6199800,"S"
"CII","10:32:33",18.4,-0.4,5000,6194800,"S"
"CII","10:32:25",18.4,-0.4,2000,6189800,"S"
"CII","10:32:21",18.35,-0.45,500,6187800,"B"
"CII","10:32:09",18.35,-0.45,1100,6187300,"B"
"CII","10:31:53",18.4,-0.4,100,6186200,"S"
"CII","10:31:47",18.35,-0.45,1000,6186100,"B"
"CII","10:31:29",18.35,-0.45,4900,6185100,"B"
"CII","10:31:07",18.4,-0.4,20000,6180200,"S"
"CII","10:30:59",18.4,-0.4,3000,6160200,"S"
"CII","10:30:45",18.35,-0.45,17300,6157200,"S"
"CII","10:30:40",18.35,-0.45,11200,6139900,"S"
"CII","10:30:38",18.35,-0.45,100,6128700,"S"
"CII","10:30:33",18.35,-0.45,1500,6128600,"S"
"CII","10:30:31",18.35,-0.45,4000,6127100,"S"
"CII","10:30:26",18.35,-0.45,10000,6123100,"S"
"CII","10:30:19",18.35,-0.45,20000,6113100,"S"
"CII","10:30:17",18.35,-0.45,1000,6093100,"S"
"CII","10:30:15",18.35,-0.45,5000,6092100,"S"
"CII","10:30:08",18.35,-0.45,300,6087100,"S"
"CII","10:30:02",18.35,-0.45,10000,6086800,"S"
"CII","10:29:54",18.35,-0.45,500,6076800,"S"
"CII","10:29:46",18.35,-0.45,100,6076300,"S"
"CII","10:29:45",18.35,-0.45,28700,6076200,"B"
"CII","10:29:33",18.35,-0.45,10000,6047500,"B"
"CII","10:29:26",18.35,-0.45,1000,6037500,"B"
"CII","10:29:21",18.4,-0.4,1000,6036500,"S"
"CII","10:29:10",18.35,-0.45,5000,6035500,"B"
"CII","10:29:04",18.4,-0.4,200,6030500,"S"
"CII","10:28:48",18.35,-0.45,2000,6030300,"B"
"CII","10:28:42",18.35,-0.45,600,6028300,"B"
"CII","10:28:34",18.35,-0.45,200,6027700,"B"
"CII","10:28:28",18.35,-0.45,2000,6027500,"B"
"CII","10:27:55",18.35,-0.45,500,6025500,"B"
"CII","10:27:25",18.35,-0.45,1000,6025000,"B"
"CII","10:27:08",18.35,-0.45,6900,6024000,"S"
"CII","10:27:07",18.35,-0.45,700,6017100,"S"
"CII","10:27:05",18.35,-0.45,2900,6016400,"S"
"CII","10:26:58",18.35,-0.45,2900,6013500,"S"
"CII","10:26:58",18.35,-0.45,100,6010600,"S"
"CII","10:26:57",18.35,-0.45,7300,6010500,"S"
"CII","10:26:55",18.35,-0.45,100,6003200,"S"
"CII","10:26:48",18.35,-0.45,12000,6003100,"S"
"CII","10:26:43",18.35,-0.45,1600,5991100,"S"
"CII","10:26:41",18.35,-0.45,2200,5989500,"S"
"CII","10:26:39",18.35,-0.45,600,5987300,"S"
"CII","10:26:38",18.35,-0.45,1500,5986700,"S"
"CII","10:26:34",18.35,-0.45,300,5985200,"S"
"CII","10:26:32",18.35,-0.45,100,5984900,"S"
"CII","10:26:31",18.35,-0.45,1000,5984800,"S"
"CII","10:26:26",18.35,-0.45,900,5983800,"S"
"CII","10:26:25",18.35,-0.45,200,5982900,"S"
"CII","10:26:20",18.35,-0.45,2000,5982700,"S"
"CII","10:26:17",18.35,-0.45,900,5980700,"S"
"CII","10:26:05",18.35,-0.45,1500,5979800,"S"
"CII","10:25:59",18.35,-0.45,5000,5978300,"S"
"CII","10:25:52",18.35,-0.45,100,5973300,"S"
"CII","10:25:37",18.35,-0.45,400,5973200,"S"
"CII","10:25:32",18.35,-0.45,2400,5972800,"S"
"CII","10:25:27",18.35,-0.45,8000,5970400,"S"
"CII","10:25:19",18.3,-0.5,3000,5962400,"B"
"CII","10:25:16",18.3,-0.5,10000,5959400,"B"
"CII","10:25:09",18.35,-0.45,3000,5949400,"S"
"CII","10:25:08",18.3,-0.5,1000,5946400,"B"
"CII","10:25:07",18.35,-0.45,5600,5945400,"S"
"CII","10:25:06",18.35,-0.45,1200,5939800,"S"
"CII","10:24:55",18.35,-0.45,300,5938600,"S"
"CII","10:24:45",18.35,-0.45,2000,5938300,"S"
"CII","10:24:26",18.35,-0.45,100,5936300,"S"
"CII","10:24:06",18.35,-0.45,500,5936200,"S"
"CII","10:23:52",18.35,-0.45,100,5935700,"S"
"CII","10:23:46",18.35,-0.45,300,5935600,"S"
"CII","10:23:30",18.35,-0.45,1600,5935300,"S"
"CII","10:23:27",18.35,-0.45,100,5933700,"S"
"CII","10:23:26",18.35,-0.45,500,5933600,"S"
"CII","10:23:23",18.35,-0.45,100,5932600,"S"
"CII","10:23:17",18.35,-0.45,1000,5932500,"S"
"CII","10:23:15",18.35,-0.45,500,5931500,"S"
"CII","10:23:11",18.35,-0.45,200,5931000,"S"
"CII","10:23:08",18.35,-0.45,1000,5930800,"S"
"CII","10:23:00",18.35,-0.45,1000,5929800,"S"
"CII","10:22:57",18.35,-0.45,1100,5928800,"S"
"CII","10:22:53",18.35,-0.45,1000,5927700,"S"
"CII","10:22:53",18.35,-0.45,2000,5926700,"S"
"CII","10:22:51",18.3,-0.5,800,5924700,"B"
"CII","10:22:50",18.35,-0.45,5000,5923900,"S"
"CII","10:22:49",18.35,-0.45,1000,5918700,"S"
"CII","10:22:40",18.35,-0.45,10000,5917700,"S"
"CII","10:22:33",18.35,-0.45,20000,5907700,"S"
"CII","10:22:23",18.35,-0.45,10000,5887700,"S"
"CII","10:22:15",18.35,-0.45,1200,5877700,"S"
"CII","10:22:12",18.3,-0.5,100,5876500,"B"
"CII","10:22:04",18.3,-0.5,100,5876400,"B"
"CII","10:21:53",18.3,-0.5,600,5876300,"B"
"CII","10:21:44",18.3,-0.5,5000,5875700,"B"
"CII","10:21:41",18.35,-0.45,100,5870700,"S"
"CII","10:20:49",18.3,-0.5,100,5870600,"B"
"CII","10:20:48",18.35,-0.45,1000,5870500,"S"
"CII","10:20:46",18.35,-0.45,5000,5869500,"S"
"CII","10:20:32",18.35,-0.45,2000,5864500,"S"
"CII","10:20:30",18.35,-0.45,200,5862500,"S"
"CII","10:20:30",18.3,-0.5,100,5862300,"B"
"CII","10:20:27",18.35,-0.45,4000,5862200,"S"
"CII","10:20:23",18.35,-0.45,500,5858200,"S"
"CII","10:20:17",18.35,-0.45,1400,5857700,"S"
"CII","10:20:10",18.35,-0.45,200,5856300,"S"
"CII","10:20:01",18.35,-0.45,400,5856100,"S"
"CII","10:19:58",18.35,-0.45,300,5855700,"S"
"CII","10:19:28",18.35,-0.45,2000,5855400,"S"
"CII","10:19:14",18.35,-0.45,100,5853400,"S"
"CII","10:18:55",18.35,-0.45,100,5853300,"S"
"CII","10:18:45",18.35,-0.45,200,5853200,"S"
"CII","10:18:28",18.3,-0.5,100,5853000,"B"
"CII","10:18:25",18.35,-0.45,200,5852900,"S"
"CII","10:18:17",18.35,-0.45,700,5852700,"S"
"CII","10:17:49",18.35,-0.45,2000,5852000,"S"
"CII","10:17:41",18.35,-0.45,1000,5850000,"S"
"CII","10:17:35",18.35,-0.45,6700,5849000,"S"
"CII","10:17:34",18.35,-0.45,1000,5842300,"S"
"CII","10:17:27",18.35,-0.45,200,5841300,"S"
"CII","10:17:20",18.35,-0.45,100,5841100,"S"
"CII","10:17:14",18.35,-0.45,200,5841000,"S"
"CII","10:17:07",18.35,-0.45,100,5840800,"S"
"CII","10:16:54",18.35,-0.45,300,5840700,"S"
"CII","10:16:50",18.35,-0.45,1500,5840400,"S"
"CII","10:16:49",18.35,-0.45,900,5838900,"S"
"CII","10:16:45",18.35,-0.45,3000,5838000,"S"
"CII","10:16:44",18.35,-0.45,100,5835000,"S"
"CII","10:16:38",18.35,-0.45,1000,5834900,"S"
"CII","10:16:37",18.35,-0.45,400,5833900,"S"
"CII","10:16:35",18.35,-0.45,2000,5833500,"S"
"CII","10:16:33",18.35,-0.45,200,5831500,"S"
"CII","10:16:33",18.35,-0.45,100,5831300,"S"
"CII","10:16:30",18.35,-0.45,45300,5831200,"B"
"CII","10:16:26",18.4,-0.4,400,5785900,"S"
"CII","10:16:20",18.4,-0.4,1000,5785500,"S"
"CII","10:16:17",18.35,-0.45,4700,5784500,"B"
"CII","10:16:17",18.4,-0.4,5300,5779800,"B"
"CII","10:16:12",18.4,-0.4,9700,5774500,"S"
"CII","10:16:09",18.4,-0.4,14800,5764800,"S"
"CII","10:15:59",18.4,-0.4,1000,5750000,"S"
"CII","10:15:50",18.4,-0.4,20000,5749000,"S"
"CII","10:15:45",18.4,-0.4,400,5729000,"S"
"CII","10:15:37",18.4,-0.4,1000,5728600,"S"
"CII","10:15:36",18.4,-0.4,500,5727600,"S"
"CII","10:15:20",18.4,-0.4,100,5727100,"S"
"CII","10:15:06",18.4,-0.4,500,5727000,"S"
"CII","10:15:01",18.4,-0.4,200,5726500,"S"
"CII","10:15:00",18.4,-0.4,400,5726300,"S"
"CII","10:14:57",18.4,-0.4,100,5725900,"S"
"CII","10:14:41",18.4,-0.4,3000,5725800,"S"
"CII","10:14:38",18.4,-0.4,100,5722800,"S"
"CII","10:14:32",18.4,-0.4,1000,5722700,"S"
"CII","10:14:29",18.35,-0.45,6300,5721700,"B"
"CII","10:14:29",18.35,-0.45,4300,5715400,"B"
"CII","10:14:28",18.35,-0.45,2700,5711100,"B"
"CII","10:14:24",18.35,-0.45,300,5708400,"S"
"CII","10:14:23",18.35,-0.45,2000,5708100,"S"
"CII","10:14:22",18.35,-0.45,200,5706100,"S"
"CII","10:14:21",18.35,-0.45,1000,5705900,"S"
"CII","10:14:20",18.35,-0.45,4900,5704900,"S"
"CII","10:14:18",18.35,-0.45,3000,5700000,"S"
"CII","10:14:16",18.35,-0.45,3000,5697000,"S"
"CII","10:14:14",18.35,-0.45,1000,5694000,"S"
"CII","10:14:13",18.35,-0.45,200,5693000,"S"
"CII","10:14:12",18.35,-0.45,1900,5692800,"S"
"CII","10:14:07",18.35,-0.45,7500,5690900,"S"
"CII","10:14:06",18.35,-0.45,200,5683400,"S"
"CII","10:14:03",18.35,-0.45,100,5682200,"S"
"CII","10:14:00",18.35,-0.45,1000,5682100,"S"
"CII","10:13:54",18.35,-0.45,200,5681100,"S"
"CII","10:13:54",18.3,-0.5,2000,5680900,"B"
"CII","10:13:53",18.35,-0.45,1100,5678900,"S"
"CII","10:13:53",18.35,-0.45,200,5677800,"S"
"CII","10:13:52",18.35,-0.45,300,5677600,"S"
"CII","10:13:50",18.35,-0.45,300,5677300,"S"
"CII","10:13:44",18.35,-0.45,2000,5677000,"S"
"CII","10:13:42",18.35,-0.45,300,5675000,"S"
"CII","10:13:41",18.35,-0.45,5000,5674700,"S"
"CII","10:13:35",18.35,-0.45,2000,5669700,"S"
"CII","10:13:27",18.35,-0.45,2000,5667700,"S"
"CII","10:13:22",18.3,-0.5,2000,5665700,"B"
"CII","10:13:20",18.35,-0.45,91100,5663700,"B"
"CII","10:13:20",18.4,-0.4,1600,5572600,"S"
"CII","10:13:15",18.4,-0.4,100,5571000,"S"
"CII","10:13:00",18.4,-0.4,500,5570900,"S"
"CII","10:12:49",18.4,-0.4,90600,5570400,"B"
"CII","10:12:45",18.45,-0.35,1000,5479800,"S"
"CII","10:12:37",18.45,-0.35,300,5478800,"S"
"CII","10:12:32",18.45,-0.35,100,5478500,"S"
"CII","10:12:24",18.45,-0.35,1000,5478400,"S"
"CII","10:12:19",18.45,-0.35,500,5477400,"S"
"CII","10:12:16",18.45,-0.35,3000,5476900,"S"
"CII","10:12:14",18.4,-0.4,1000,5473900,"B"
"CII","10:12:06",18.45,-0.35,1000,5472900,"S"
"CII","10:12:03",18.45,-0.35,300,5471900,"S"
"CII","10:11:59",18.45,-0.35,100,5471600,"S"
"CII","10:11:54",18.45,-0.35,100,5471500,"S"
"CII","10:11:50",18.45,-0.35,500,5471400,"S"
"CII","10:11:37",18.45,-0.35,200,5470900,"S"
"CII","10:11:09",18.45,-0.35,500,5470700,"S"
"CII","10:11:09",18.4,-0.4,800,5470200,"B"
"CII","10:11:04",18.45,-0.35,3000,5469400,"S"
"CII","10:10:52",18.45,-0.35,300,5466400,"S"
"CII","10:10:51",18.45,-0.35,1000,5466100,"S"
"CII","10:10:47",18.45,-0.35,100,5465100,"S"
"CII","10:10:44",18.45,-0.35,300,5465000,"S"
"CII","10:10:40",18.45,-0.35,6300,5464700,"S"
"CII","10:10:30",18.45,-0.35,200,5458400,"S"
"CII","10:10:28",18.45,-0.35,10000,5458200,"S"
"CII","10:10:28",18.4,-0.4,200,5448200,"B"
"CII","10:10:17",18.45,-0.35,5000,5448000,"S"
"CII","10:10:15",18.45,-0.35,1400,5443000,"S"
"CII","10:10:09",18.45,-0.35,500,5441600,"S"
"CII","10:10:05",18.45,-0.35,100,5441100,"S"
"CII","10:10:01",18.45,-0.35,6000,5441000,"S"
"CII","10:10:01",18.45,-0.35,1000,5435000,"S"
"CII","10:10:00",18.45,-0.35,300,5434000,"S"
"CII","10:09:56",18.45,-0.35,25000,5433700,"B"
"CII","10:09:53",18.45,-0.35,20000,5408700,"S"
"CII","10:09:46",18.45,-0.35,100,5388700,"S"
"CII","10:09:41",18.4,-0.4,500,5388600,"B"
"CII","10:09:40",18.45,-0.35,5000,5388100,"S"
"CII","10:09:33",18.4,-0.4,200,5383100,"B"
"CII","10:09:28",18.4,-0.4,3000,5382900,"B"
"CII","10:09:22",18.45,-0.35,100,5379900,"S"
"CII","10:08:55",18.4,-0.4,2800,5379800,"S"
"CII","10:08:53",18.4,-0.4,10000,5377000,"S"
"CII","10:08:49",18.4,-0.4,2000,5367000,"S"
"CII","10:08:47",18.4,-0.4,8400,5365000,"S"
"CII","10:08:45",18.4,-0.4,200,5356600,"S"
"CII","10:08:43",18.4,-0.4,50000,5356400,"S"
"CII","10:08:38",18.4,-0.4,10000,5306400,"S"
"CII","10:08:36",18.4,-0.4,500,5296400,"S"
"CII","10:08:33",18.4,-0.4,300,5295900,"S"
"CII","10:08:30",18.4,-0.4,500,5295600,"S"
"CII","10:08:29",18.4,-0.4,500,5295100,"S"
"CII","10:08:27",18.4,-0.4,20100,5294600,"B"
"CII","10:08:25",18.4,-0.4,200,5274500,"B"
"CII","10:08:04",18.4,-0.4,3900,5274300,"S"
"CII","10:08:03",18.4,-0.4,200,5270400,"S"
"CII","10:08:03",18.4,-0.4,100,5270200,"S"
"CII","10:08:01",18.4,-0.4,20000,5270100,"S"
"CII","10:07:59",18.4,-0.4,200,5250100,"S"
"CII","10:07:59",18.4,-0.4,1000,5249900,"S"
"CII","10:07:58",18.4,-0.4,5000,5248900,"S"
"CII","10:07:50",18.4,-0.4,29500,5243900,"B"
"CII","10:07:48",18.45,-0.35,500,5194300,"S"
"CII","10:07:35",18.45,-0.35,1000,5193800,"S"
"CII","10:07:29",18.45,-0.35,5000,5192800,"S"
"CII","10:07:25",18.4,-0.4,20000,5187800,"B"
"CII","10:07:17",18.4,-0.4,500,5167800,"S"
"CII","10:07:16",18.4,-0.4,2000,5167300,"S"
"CII","10:07:14",18.4,-0.4,6000,5165300,"S"
"CII","10:07:13",18.4,-0.4,800,5159300,"S"
"CII","10:07:13",18.35,-0.45,2000,5158500,"B"
"CII","10:07:12",18.4,-0.4,200,5156500,"S"
"CII","10:07:11",18.4,-0.4,1000,5156300,"S"
"CII","10:07:10",18.4,-0.4,1000,5155300,"S"
"CII","10:07:06",18.35,-0.45,200,5154300,"B"
"CII","10:07:05",18.4,-0.4,10400,5154100,"S"
"CII","10:07:02",18.4,-0.4,100,5143700,"S"
"CII","10:07:01",18.4,-0.4,2000,5143600,"S"
"CII","10:06:57",18.4,-0.4,1000,5141600,"S"
"CII","10:06:56",18.4,-0.4,3000,5140600,"S"
"CII","10:06:55",18.4,-0.4,5100,5137600,"S"
"CII","10:06:54",18.4,-0.4,66900,5132500,"B"
"CII","10:06:54",18.45,-0.35,5000,5065600,"S"
"CII","10:06:49",18.45,-0.35,1000,5060600,"S"
"CII","10:06:48",18.45,-0.35,500,5059600,"S"
"CII","10:06:47",18.45,-0.35,6000,5059100,"S"
"CII","10:06:46",18.45,-0.35,5100,5053100,"S"
"CII","10:06:45",18.45,-0.35,1000,5048000,"S"
"CII","10:06:44",18.45,-0.35,500,5047000,"S"
"CII","10:06:43",18.45,-0.35,100,5046500,"S"
"CII","10:06:41",18.45,-0.35,1100,5046400,"S"
"CII","10:06:40",18.45,-0.35,100,5045300,"S"
"CII","10:06:39",18.45,-0.35,1300,5045200,"S"
"CII","10:06:38",18.45,-0.35,3100,5043900,"S"
"CII","10:06:34",18.45,-0.35,300,5040800,"S"
"CII","10:06:33",18.45,-0.35,4000,5040500,"S"
"CII","10:06:32",18.45,-0.35,200,5036500,"S"
"CII","10:06:31",18.45,-0.35,3000,5036300,"S"
"CII","10:06:29",18.45,-0.35,300,5033300,"S"
"CII","10:06:28",18.45,-0.35,300,5033000,"S"
"CII","10:06:26",18.45,-0.35,200,5032700,"S"
"CII","10:06:25",18.45,-0.35,4000,5032500,"S"
"CII","10:06:23",18.45,-0.35,1000,5028500,"S"
"CII","10:06:19",18.45,-0.35,1000,5027500,"S"
"CII","10:06:18",18.45,-0.35,500,5026500,"S"
"CII","10:06:15",18.45,-0.35,100,5026000,"S"
"CII","10:06:11",18.45,-0.35,3000,5025900,"S"
"CII","10:06:03",18.45,-0.35,200,5022900,"S"
"CII","10:05:56",18.45,-0.35,10000,5022700,"S"
"CII","10:05:46",18.45,-0.35,11400,5012700,"S"
"CII","10:05:33",18.4,-0.4,2000,5001300,"B"
"CII","10:05:31",18.45,-0.35,100,4999300,"S"
"CII","10:05:30",18.4,-0.4,2400,4999200,"B"
"CII","10:05:27",18.45,-0.35,100,4996800,"S"
"CII","10:05:21",18.4,-0.4,6500,4996700,"S"
"CII","10:05:21",18.4,-0.4,200,4990200,"S"
"CII","10:05:19",18.4,-0.4,2000,4987200,"S"
"CII","10:05:14",18.4,-0.4,900,4985200,"S"
"CII","10:05:10",18.4,-0.4,80000,4984300,"S"
"CII","10:05:08",18.4,-0.4,400,4904300,"S"
"CII","10:05:07",18.4,-0.4,500,4903900,"S"
"CII","10:05:04",18.4,-0.4,500,4903400,"S"
"CII","10:05:03",18.4,-0.4,300,4902900,"S"
"CII","10:04:59",18.4,-0.4,100,4902600,"S"
"CII","10:04:50",18.4,-0.4,1000,4902500,"S"
"CII","10:04:44",18.4,-0.4,1000,4901500,"S"
"CII","10:04:43",18.4,-0.4,1600,4900500,"S"
"CII","10:04:42",18.4,-0.4,200,4898900,"S"
"CII","10:04:39",18.4,-0.4,2000,4898700,"S"
"CII","10:04:36",18.4,-0.4,5000,4896700,"S"
"CII","10:04:35",18.4,-0.4,500,4891700,"S"
"CII","10:04:34",18.4,-0.4,200,4891200,"S"
"CII","10:04:27",18.4,-0.4,400,4891000,"S"
"CII","10:04:17",18.4,-0.4,300,4890600,"S"
"CII","10:04:15",18.4,-0.4,300,4890300,"S"
"CII","10:04:10",18.4,-0.4,200,4890000,"S"
"CII","10:04:06",18.4,-0.4,3000,4889800,"S"
"CII","10:04:02",18.4,-0.4,500,4886800,"S"
"CII","10:04:00",18.4,-0.4,500,4886300,"S"
"CII","10:03:56",18.4,-0.4,200,4885800,"S"
"CII","10:03:50",18.4,-0.4,700,4885600,"S"
"CII","10:03:33",18.4,-0.4,200,4884900,"S"
"CII","10:03:12",18.35,-0.45,1000,4884700,"B"
"CII","10:03:11",18.35,-0.45,200,4883700,"B"
"CII","10:02:13",18.35,-0.45,2000,4883500,"B"
"CII","10:02:03",18.35,-0.45,5700,4881500,"S"
"CII","10:01:58",18.35,-0.45,100,4875800,"S"
"CII","10:01:57",18.35,-0.45,10000,4875700,"S"
"CII","10:01:56",18.35,-0.45,4000,4865700,"S"
"CII","10:01:55",18.35,-0.45,500,4861700,"S"
"CII","10:01:55",18.3,-0.5,500,4861200,"B"
"CII","10:01:54",18.35,-0.45,10000,4860700,"S"
"CII","10:01:51",18.35,-0.45,10000,4850700,"S"
"CII","10:01:51",18.35,-0.45,30000,4840700,"S"
"CII","10:01:50",18.35,-0.45,1000,4810700,"S"
"CII","10:01:47",18.35,-0.45,500,4809700,"S"
"CII","10:01:16",18.35,-0.45,30000,4809200,"S"
"CII","10:01:13",18.35,-0.45,200,4779200,"S"
"CII","10:00:55",18.35,-0.45,100,4779000,"S"
"CII","10:00:44",18.3,-0.5,200,4778900,"B"
"CII","10:00:28",18.35,-0.45,500,4778700,"S"
"CII","10:00:27",18.3,-0.5,4000,4778200,"B"
"CII","10:00:22",18.35,-0.45,100,4774200,"S"
"CII","10:00:15",18.35,-0.45,1000,4774100,"S"
"CII","10:00:09",18.35,-0.45,300,4773100,"S"
"CII","10:00:08",18.35,-0.45,1000,4772800,"S"
"CII","09:59:58",18.35,-0.45,1900,4771800,"B"
"CII","09:59:48",18.35,-0.45,500,4769900,"B"
"CII","09:59:37",18.35,-0.45,30000,4769400,"B"
"CII","09:59:27",18.35,-0.45,100,4739400,"B"
"CII","09:59:08",18.35,-0.45,7000,4739300,"S"
"CII","09:58:56",18.35,-0.45,200,4732300,"S"
"CII","09:58:52",18.3,-0.5,3800,4732100,"B"
"CII","09:58:50",18.35,-0.45,200,4728300,"S"
"CII","09:58:43",18.3,-0.5,2000,4728100,"S"
"CII","09:58:36",18.3,-0.5,1000,4726100,"S"
"CII","09:58:35",18.3,-0.5,20700,4725100,"S"
"CII","09:58:34",18.3,-0.5,1000,4704400,"S"
"CII","09:58:33",18.3,-0.5,22000,4703400,"S"
"CII","09:58:30",18.3,-0.5,3000,4681400,"S"
"CII","09:58:18",18.3,-0.5,100,4678400,"S"
"CII","09:58:16",18.3,-0.5,5000,4678300,"S"
"CII","09:58:14",18.3,-0.5,300,4673300,"S"
"CII","09:58:10",18.3,-0.5,1000,4673000,"S"
"CII","09:58:08",18.3,-0.5,1000,4672000,"S"
"CII","09:58:07",18.3,-0.5,100,4671000,"S"
"CII","09:57:57",18.3,-0.5,16000,4670900,"S"
"CII","09:57:56",18.3,-0.5,300,4654900,"S"
"CII","09:57:53",18.25,-0.55,3400,4654600,"B"
"CII","09:57:53",18.3,-0.5,500,4651200,"S"
"CII","09:57:52",18.3,-0.5,100,4650700,"S"
"CII","09:57:49",18.3,-0.5,1000,4650600,"S"
"CII","09:57:47",18.3,-0.5,50000,4649600,"S"
"CII","09:57:40",18.3,-0.5,100,4599600,"S"
"CII","09:57:37",18.25,-0.55,4600,4599500,"B"
"CII","09:57:37",18.3,-0.5,500,4594900,"S"
"CII","09:57:30",18.3,-0.5,1100,4594400,"S"
"CII","09:57:28",18.3,-0.5,5000,4593300,"S"
"CII","09:57:27",18.3,-0.5,500,4588300,"S"
"CII","09:57:26",18.3,-0.5,1000,4587800,"S"
"CII","09:57:19",18.3,-0.5,1000,4586800,"S"
"CII","09:57:16",18.3,-0.5,7000,4585800,"S"
"CII","09:57:08",18.3,-0.5,100,4578800,"S"
"CII","09:57:07",18.3,-0.5,1800,4578700,"S"
"CII","09:57:05",18.3,-0.5,14800,4576900,"B"
"CII","09:57:05",18.35,-0.45,100,4562100,"S"
"CII","09:57:00",18.3,-0.5,30000,4562000,"B"
"CII","09:56:59",18.35,-0.45,100,4532000,"S"
"CII","09:56:58",18.35,-0.45,1000,4531900,"S"
"CII","09:56:57",18.35,-0.45,1000,4530900,"S"
"CII","09:56:53",18.35,-0.45,3500,4529900,"S"
"CII","09:56:42",18.3,-0.5,1700,4526400,"S"
"CII","09:56:42",18.3,-0.5,4500,4524700,"S"
"CII","09:56:41",18.3,-0.5,46700,4520200,"S"
"CII","09:56:40",18.3,-0.5,1500,4473500,"S"
"CII","09:56:39",18.3,-0.5,100,4472000,"S"
"CII","09:56:36",18.3,-0.5,1000,4471900,"S"
"CII","09:56:33",18.3,-0.5,1500,4470900,"S"
"CII","09:56:31",18.3,-0.5,100,4469400,"S"
"CII","09:56:29",18.3,-0.5,2100,4469300,"S"
"CII","09:56:28",18.3,-0.5,3000,4467200,"S"
"CII","09:56:26",18.3,-0.5,1200,4464200,"S"
"CII","09:56:23",18.3,-0.5,100,4463000,"S"
"CII","09:56:22",18.3,-0.5,500,4462900,"S"
"CII","09:56:21",18.3,-0.5,500,4462400,"S"
"CII","09:56:16",18.3,-0.5,500,4461900,"S"
"CII","09:56:15",18.3,-0.5,2000,4461400,"S"
"CII","09:56:13",18.3,-0.5,2000,4459400,"S"
"CII","09:56:12",18.25,-0.55,600,4457400,"B"
"CII","09:56:10",18.3,-0.5,600,4456800,"S"
"CII","09:56:09",18.3,-0.5,100,4456200,"S"
"CII","09:56:02",18.3,-0.5,500,4456100,"S"
"CII","09:56:01",18.3,-0.5,700,4455600,"S"
"CII","09:56:00",18.3,-0.5,100,4454900,"S"
"CII","09:55:58",18.3,-0.5,19900,4454800,"S"
"CII","09:55:56",18.3,-0.5,5000,4434900,"S"
"CII","09:55:51",18.3,-0.5,200,4429900,"S"
"CII","09:55:50",18.3,-0.5,100,4429700,"S"
"CII","09:55:49",18.3,-0.5,1000,4429600,"S"
"CII","09:55:42",18.3,-0.5,10000,4428600,"S"
"CII","09:55:32",18.3,-0.5,500,4418600,"S"
"CII","09:55:25",18.3,-0.5,1000,4418100,"S"
"CII","09:55:23",18.3,-0.5,20000,4417100,"S"
"CII","09:55:18",18.3,-0.5,100,4397100,"S"
"CII","09:55:09",18.3,-0.5,300,4397000,"S"
"CII","09:54:55",18.25,-0.55,600,4396700,"B"
"CII","09:54:55",18.3,-0.5,5000,4396100,"S"
"CII","09:54:53",18.3,-0.5,5000,4391100,"S"
"CII","09:54:52",18.3,-0.5,3000,4386100,"S"
"CII","09:54:52",18.25,-0.55,20000,4383100,"B"
"CII","09:54:50",18.3,-0.5,15900,4363100,"S"
"CII","09:54:46",18.3,-0.5,30000,4347200,"S"
"CII","09:54:42",18.3,-0.5,4000,4317200,"S"
"CII","09:54:39",18.3,-0.5,3000,4313200,"S"
"CII","09:54:34",18.3,-0.5,500,4310200,"S"
"CII","09:54:32",18.25,-0.55,6300,4309700,"B"
"CII","09:54:21",18.25,-0.55,300,4303400,"B"
"CII","09:54:20",18.3,-0.5,200,4302600,"S"
"CII","09:54:19",18.3,-0.5,200,4302400,"S"
"CII","09:54:09",18.25,-0.55,100,4302200,"B"
"CII","09:54:08",18.3,-0.5,5000,4302100,"S"
"CII","09:54:06",18.3,-0.5,263500,4297100,"B"
"CII","09:54:06",18.35,-0.45,75700,4033600,"B"
"CII","09:54:05",18.4,-0.4,1500,3957900,"S"
"CII","09:53:59",18.35,-0.45,2000,3956400,"B"
"CII","09:53:43",18.35,-0.45,100,3954400,"B"
"CII","09:53:35",18.35,-0.45,500,3954300,"B"
"CII","09:53:29",18.35,-0.45,100,3953800,"B"
"CII","09:53:24",18.35,-0.45,300,3953700,"B"
"CII","09:53:23",18.35,-0.45,1000,3953400,"B"
"CII","09:53:12",18.35,-0.45,400,3952400,"B"
"CII","09:52:45",18.4,-0.4,200,3952000,"S"
"CII","09:52:44",18.4,-0.4,1100,3951800,"S"
"CII","09:52:17",18.4,-0.4,4000,3950700,"S"
"CII","09:52:14",18.35,-0.45,5000,3946700,"B"
"CII","09:52:13",18.35,-0.45,200,3941700,"B"
"CII","09:52:02",18.35,-0.45,100,3941500,"B"
"CII","09:51:58",18.35,-0.45,100,3941400,"S"
"CII","09:51:57",18.35,-0.45,500,3941300,"S"
"CII","09:51:56",18.3,-0.5,400,3940800,"B"
"CII","09:51:55",18.35,-0.45,2000,3940400,"S"
"CII","09:51:50",18.35,-0.45,2000,3938400,"S"
"CII","09:51:49",18.35,-0.45,100,3936400,"S"
"CII","09:51:45",18.35,-0.45,10000,3936300,"S"
"CII","09:51:44",18.35,-0.45,5000,3926300,"S"
"CII","09:51:41",18.35,-0.45,100,3921300,"S"
"CII","09:51:35",18.35,-0.45,30000,3921200,"S"
"CII","09:51:23",18.35,-0.45,200,3891200,"S"
"CII","09:51:19",18.35,-0.45,5000,3891000,"S"
"CII","09:51:13",18.35,-0.45,100,3886000,"S"
"CII","09:51:06",18.35,-0.45,200,3885900,"S"
"CII","09:50:52",18.35,-0.45,100,3885700,"S"
"CII","09:50:40",18.35,-0.45,100,3885600,"S"
"CII","09:50:38",18.3,-0.5,500,3885500,"B"
"CII","09:50:25",18.35,-0.45,500,3885000,"S"
"CII","09:50:18",18.35,-0.45,5000,3884500,"S"
"CII","09:50:17",18.3,-0.5,500,3879500,"B"
"CII","09:50:10",18.35,-0.45,900,3879000,"S"
"CII","09:50:07",18.3,-0.5,1000,3878100,"B"
"CII","09:49:52",18.3,-0.5,1200,3877100,"B"
"CII","09:49:50",18.35,-0.45,1000,3875900,"S"
"CII","09:49:49",18.3,-0.5,6000,3874900,"B"
"CII","09:49:46",18.3,-0.5,2200,3868900,"B"
"CII","09:49:43",18.3,-0.5,5000,3866700,"B"
"CII","09:49:33",18.3,-0.5,2900,3861700,"B"
"CII","09:49:28",18.3,-0.5,1000,3858800,"B"
"CII","09:49:20",18.3,-0.5,100,3857800,"B"
"CII","09:49:00",18.35,-0.45,1000,3857700,"S"
"CII","09:48:51",18.35,-0.45,2000,3856700,"S"
"CII","09:48:39",18.3,-0.5,30000,3854700,"B"
"CII","09:48:28",18.3,-0.5,1300,3824700,"B"
"CII","09:48:27",18.35,-0.45,100,3823400,"S"
"CII","09:48:21",18.3,-0.5,4000,3823300,"B"
"CII","09:48:00",18.3,-0.5,200,3819300,"B"
"CII","09:47:44",18.3,-0.5,500,3819100,"B"
"CII","09:47:35",18.3,-0.5,200,3818600,"B"
"CII","09:47:22",18.3,-0.5,500,3818400,"B"
"CII","09:47:20",18.3,-0.5,2200,3817900,"B"
"CII","09:47:19",18.35,-0.45,100,3815700,"S"
"CII","09:47:11",18.3,-0.5,3000,3815600,"B"
"CII","09:47:10",18.35,-0.45,13000,3812600,"S"
"CII","09:46:57",18.3,-0.5,500,3799600,"B"
"CII","09:46:39",18.3,-0.5,500,3799100,"B"
"CII","09:46:37",18.35,-0.45,13100,3798600,"S"
"CII","09:46:31",18.3,-0.5,1000,3785500,"B"
"CII","09:46:25",18.35,-0.45,100,3784500,"S"
"CII","09:46:16",18.3,-0.5,9000,3784400,"B"
"CII","09:45:58",18.3,-0.5,1100,3775400,"B"
"CII","09:45:55",18.3,-0.5,500,3774300,"S"
"CII","09:45:52",18.3,-0.5,10500,3773800,"S"
"CII","09:45:48",18.3,-0.5,500,3763300,"S"
"CII","09:45:47",18.3,-0.5,100,3762800,"S"
"CII","09:45:41",18.3,-0.5,2000,3762700,"S"
"CII","09:45:37",18.3,-0.5,100,3760700,"B"
"CII","09:45:37",18.3,-0.5,13200,3760600,"B"
"CII","09:45:28",18.3,-0.5,70000,3747400,"B"
"CII","09:45:22",18.35,-0.45,100,3677400,"S"
"CII","09:45:17",18.3,-0.5,5000,3677300,"B"
"CII","09:45:16",18.35,-0.45,100,3672300,"S"
"CII","09:45:14",18.35,-0.45,100,3672200,"S"
"CII","09:45:04",18.35,-0.45,2000,3672100,"S"
"CII","09:45:01",18.35,-0.45,900,3670100,"S"
"CII","09:45:01",18.3,-0.5,6100,3669200,"B"
"CII","09:45:01",18.35,-0.45,200,3663100,"S"
"CII","09:45:00",18.3,-0.5,154900,3662900,"B"
"CII","09:44:44",18.35,-0.45,1100,3508000,"S"
"CII","09:44:34",18.35,-0.45,5100,3506900,"S"
"CII","09:44:27",18.35,-0.45,700,3501800,"S"
"CII","09:44:25",18.3,-0.5,3000,3501100,"B"
"CII","09:44:22",18.35,-0.45,4000,3498100,"S"
"CII","09:44:21",18.35,-0.45,100,3494100,"S"
"CII","09:44:19",18.35,-0.45,10300,3494000,"S"
"CII","09:44:16",18.35,-0.45,800,3483700,"S"
"CII","09:44:14",18.35,-0.45,800,3482900,"S"
"CII","09:44:12",18.3,-0.5,200,3482100,"B"
"CII","09:43:56",18.35,-0.45,300,3481900,"S"
"CII","09:43:49",18.35,-0.45,8100,3481600,"B"
"CII","09:43:41",18.35,-0.45,100000,3473500,"B"
"CII","09:43:35",18.4,-0.4,300,3373500,"S"
"CII","09:43:24",18.35,-0.45,600,3373200,"B"
"CII","09:43:07",18.4,-0.4,500,3372600,"S"
"CII","09:43:05",18.35,-0.45,200,3372100,"B"
