"symbol","time","price","change","vol","total","side"
"DBC","14:45:00",25.5,-0.7,643400,9896700,
"DBC","14:29:59",25.75,-0.45,2000,9253300,"B"
"DBC","14:29:37",25.75,-0.45,500,9251300,"B"
"DBC","14:29:36",25.75,-0.45,200,9250800,"S"
"DBC","14:29:32",25.85,-0.35,2100,9250600,"S"
"DBC","14:29:32",25.8,-0.4,6700,9248500,"S"
"DBC","14:29:32",25.75,-0.45,3000,9241800,"S"
"DBC","14:29:32",25.7,-0.5,8200,9238800,"S"
"DBC","14:29:25",25.75,-0.45,11900,9230600,"S"
"DBC","14:29:25",25.7,-0.5,8100,9218700,"S"
"DBC","14:29:20",25.7,-0.5,500,9210600,"S"
"DBC","14:29:19",25.7,-0.5,12000,9210100,"B"
"DBC","14:29:10",25.7,-0.5,300,9198100,"B"
"DBC","14:29:07",25.7,-0.5,11100,9197800,"B"
"DBC","14:28:59",25.7,-0.5,2900,9186700,"S"
"DBC","14:28:47",25.7,-0.5,100,9183800,"S"
"DBC","14:28:45",25.7,-0.5,3000,9183700,"S"
"DBC","14:28:41",25.7,-0.5,5100,9180700,"B"
"DBC","14:28:28",25.7,-0.5,500,9175600,"B"
"DBC","14:28:27",25.7,-0.5,10400,9175100,"S"
"DBC","14:28:27",25.65,-0.55,4000,9164700,"S"
"DBC","14:28:22",25.6,-0.6,3000,9160700,"B"
"DBC","14:28:18",25.6,-0.6,800,9157700,"B"
"DBC","14:28:13",25.6,-0.6,1500,9156900,"B"
"DBC","14:28:05",25.6,-0.6,500,9155400,"B"
"DBC","14:28:04",25.65,-0.55,100000,9154900,"S"
"DBC","14:28:00",25.6,-0.6,100,9054900,"B"
"DBC","14:27:59",25.65,-0.55,300,9054800,"S"
"DBC","14:27:59",25.6,-0.6,300,9054500,"B"
"DBC","14:27:54",25.6,-0.6,500,9054200,"B"
"DBC","14:27:53",25.6,-0.6,7000,9053700,"B"
"DBC","14:27:53",25.6,-0.6,1000,9046700,"B"
"DBC","14:27:38",25.6,-0.6,100,9045700,"B"
"DBC","14:27:29",25.6,-0.6,5000,9045600,"B"
"DBC","14:27:23",25.65,-0.55,1000,9040600,"S"
"DBC","14:27:18",25.65,-0.55,1500,9039600,"S"
"DBC","14:27:06",25.6,-0.6,200,9038100,"S"
"DBC","14:26:58",25.6,-0.6,200,9037900,"B"
"DBC","14:26:50",25.55,-0.65,15800,9037700,"B"
"DBC","14:26:50",25.6,-0.6,5200,9021900,"B"
"DBC","14:26:37",25.65,-0.55,1400,9016700,"S"
"DBC","14:26:29",25.65,-0.55,9800,9015300,"S"
"DBC","14:26:27",25.6,-0.6,200,9005500,"B"
"DBC","14:26:26",25.6,-0.6,500,9005300,"B"
"DBC","14:26:22",25.6,-0.6,2400,9004800,"B"
"DBC","14:26:21",25.65,-0.55,10000,9002400,"S"
"DBC","14:26:14",25.6,-0.6,500,8992400,"B"
"DBC","14:25:58",25.6,-0.6,1100,8991900,"B"
"DBC","14:25:45",25.6,-0.6,11000,8990800,"B"
"DBC","14:25:35",25.65,-0.55,2000,8979800,"S"
"DBC","14:25:28",25.6,-0.6,500,8977800,"B"
"DBC","14:25:27",25.6,-0.6,100,8977300,"B"
"DBC","14:25:23",25.6,-0.6,10900,8977200,"S"
"DBC","14:25:19",25.55,-0.65,500,8966300,"B"
"DBC","14:25:16",25.55,-0.65,700,8965800,"B"
"DBC","14:25:13",25.6,-0.6,2000,8965100,"S"
"DBC","14:25:02",25.55,-0.65,5000,8963100,"B"
"DBC","14:24:48",25.6,-0.6,100,8958100,"S"
"DBC","14:24:45",25.6,-0.6,10000,8958000,"S"
"DBC","14:24:23",25.6,-0.6,1000,8948000,"S"
"DBC","14:24:19",25.6,-0.6,100,8947000,"S"
"DBC","14:24:08",25.6,-0.6,100,8946900,"S"
"DBC","14:24:02",25.55,-0.65,200,8946800,"B"
"DBC","14:23:55",25.6,-0.6,1000,8946600,"S"
"DBC","14:23:17",25.55,-0.65,1000,8945600,"B"
"DBC","14:23:07",25.55,-0.65,700,8944600,"S"
"DBC","14:23:00",25.55,-0.65,100,8943900,"B"
"DBC","14:22:59",25.55,-0.65,900,8943800,"S"
"DBC","14:22:57",25.55,-0.65,100,8942900,"B"
"DBC","14:22:56",25.55,-0.65,3000,8942800,"B"
"DBC","14:22:55",25.6,-0.6,400,8939800,"S"
"DBC","14:22:54",25.55,-0.65,500,8939400,"B"
"DBC","14:22:52",25.55,-0.65,3000,8938900,"B"
"DBC","14:22:46",25.55,-0.65,3400,8935900,"S"
"DBC","14:22:39",25.5,-0.7,1000,8932500,"B"
"DBC","14:22:37",25.5,-0.7,1100,8931500,"S"
"DBC","14:22:36",25.5,-0.7,1000,8930400,"S"
"DBC","14:22:35",25.5,-0.7,2000,8929400,"S"
"DBC","14:22:30",25.5,-0.7,400,8927400,"S"
"DBC","14:22:26",25.5,-0.7,7000,8927000,"S"
"DBC","14:22:23",25.5,-0.7,300,8920000,"S"
"DBC","14:22:20",25.5,-0.7,1000,8919700,"S"
"DBC","14:22:19",25.5,-0.7,500,8918700,"S"
"DBC","14:22:16",25.5,-0.7,2000,8918200,"S"
"DBC","14:22:12",25.5,-0.7,1000,8916200,"S"
"DBC","14:21:57",25.5,-0.7,600,8915200,"S"
"DBC","14:21:56",25.45,-0.75,700,8914600,"B"
"DBC","14:21:45",25.5,-0.7,500,8913900,"S"
"DBC","14:21:29",25.45,-0.75,10000,8913400,"B"
"DBC","14:21:23",25.45,-0.75,8300,8903400,"S"
"DBC","14:21:22",25.45,-0.75,900,8895100,"S"
"DBC","14:21:21",25.4,-0.8,15000,8894200,"B"
"DBC","14:21:21",25.45,-0.75,1000,8879200,"S"
"DBC","14:21:19",25.45,-0.75,300,8878200,"S"
"DBC","14:21:15",25.45,-0.75,2000,8877900,"S"
"DBC","14:21:12",25.45,-0.75,400,8875900,"S"
"DBC","14:21:05",25.45,-0.75,1500,8875500,"S"
"DBC","14:21:03",25.45,-0.75,100,8874000,"S"
"DBC","14:20:56",25.45,-0.75,500,8873900,"S"
"DBC","14:20:52",25.4,-0.8,1000,8873400,"B"
"DBC","14:20:52",25.45,-0.75,700,8872400,"S"
"DBC","14:20:51",25.45,-0.75,600,8871700,"S"
"DBC","14:20:41",25.45,-0.75,500,8871100,"S"
"DBC","14:20:40",25.4,-0.8,2000,8870600,"B"
"DBC","14:20:36",25.45,-0.75,1900,8868600,"S"
"DBC","14:20:30",25.4,-0.8,1000,8866700,"B"
"DBC","14:20:30",25.4,-0.8,5000,8865700,"B"
"DBC","14:20:14",25.4,-0.8,200,8860700,"B"
"DBC","14:20:10",25.4,-0.8,3500,8860500,"B"
"DBC","14:20:05",25.4,-0.8,200,8857000,"S"
"DBC","14:20:04",25.4,-0.8,10000,8856800,"S"
"DBC","14:19:59",25.35,-0.85,10000,8846800,"B"
"DBC","14:19:57",25.4,-0.8,100,8836800,"S"
"DBC","14:19:55",25.4,-0.8,400,8836700,"S"
"DBC","14:19:54",25.4,-0.8,2200,8836300,"B"
"DBC","14:19:50",25.4,-0.8,600,8834100,"B"
"DBC","14:19:48",25.4,-0.8,1000,8833500,"B"
"DBC","14:19:42",25.4,-0.8,4000,8832500,"B"
"DBC","14:19:37",25.45,-0.75,1200,8828500,"S"
"DBC","14:19:35",25.4,-0.8,5000,8827300,"B"
"DBC","14:19:34",25.4,-0.8,20000,8822300,"B"
"DBC","14:19:32",25.4,-0.8,1300,8802300,"B"
"DBC","14:19:27",25.4,-0.8,900,8801000,"B"
"DBC","14:19:26",25.4,-0.8,300,8800100,"B"
"DBC","14:19:25",25.45,-0.75,5000,8799800,"S"
"DBC","14:19:21",25.4,-0.8,100,8794800,"B"
"DBC","14:19:18",25.4,-0.8,3900,8794700,"B"
"DBC","14:19:14",25.45,-0.75,2000,8790800,"S"
"DBC","14:19:08",25.4,-0.8,100,8788800,"B"
"DBC","14:19:07",25.4,-0.8,12300,8788700,"B"
"DBC","14:19:06",25.4,-0.8,2500,8776400,"B"
"DBC","14:19:04",25.4,-0.8,3300,8773900,"B"
"DBC","14:19:02",25.45,-0.75,1000,8770600,"S"
"DBC","14:19:00",25.4,-0.8,1600,8769600,"B"
"DBC","14:18:57",25.4,-0.8,800,8768000,"B"
"DBC","14:18:53",25.4,-0.8,2000,8767200,"B"
"DBC","14:18:52",25.4,-0.8,10000,8765200,"B"
"DBC","14:18:46",25.4,-0.8,4000,8755200,"B"
"DBC","14:18:43",25.4,-0.8,3000,8751200,"B"
"DBC","14:18:40",25.4,-0.8,50000,8748200,"B"
"DBC","14:18:37",25.4,-0.8,500,8698200,"B"
"DBC","14:18:35",25.45,-0.75,300,8697700,"S"
"DBC","14:18:33",25.4,-0.8,100,8697400,"B"
"DBC","14:18:27",25.45,-0.75,200,8697300,"S"
"DBC","14:18:23",25.4,-0.8,14000,8697100,"B"
"DBC","14:18:21",25.4,-0.8,100,8683100,"B"
"DBC","14:18:21",25.45,-0.75,2000,8683000,"S"
"DBC","14:18:19",25.45,-0.75,100,8681000,"S"
"DBC","14:18:16",25.45,-0.75,1000,8680900,"S"
"DBC","14:18:12",25.45,-0.75,1000,8679900,"S"
"DBC","14:18:09",25.45,-0.75,15900,8678900,"B"
"DBC","14:18:08",25.45,-0.75,12600,8663000,"B"
"DBC","14:18:00",25.45,-0.75,100,8650400,"B"
"DBC","14:17:55",25.5,-0.7,100,8650300,"S"
"DBC","14:17:53",25.45,-0.75,600,8650200,"B"
"DBC","14:17:51",25.45,-0.75,43000,8649600,"B"
"DBC","14:17:37",25.45,-0.75,100,8606600,"B"
"DBC","14:17:24",25.45,-0.75,5000,8606500,"B"
"DBC","14:17:22",25.5,-0.7,5000,8601500,"S"
"DBC","14:17:14",25.5,-0.7,1400,8596500,"B"
"DBC","14:17:13",25.5,-0.7,5000,8595100,"B"
"DBC","14:17:11",25.5,-0.7,1000,8590100,"B"
"DBC","14:17:10",25.5,-0.7,6000,8589100,"B"
"DBC","14:17:10",25.5,-0.7,10000,8583100,"B"
"DBC","14:17:08",25.5,-0.7,1000,8573100,"B"
"DBC","14:17:07",25.5,-0.7,10000,8572100,"B"
"DBC","14:17:06",25.5,-0.7,100,8562100,"B"
"DBC","14:17:06",25.5,-0.7,21500,8562000,"B"
"DBC","14:17:03",25.5,-0.7,4000,8540500,"B"
"DBC","14:17:01",25.5,-0.7,4000,8536500,"B"
"DBC","14:16:58",25.5,-0.7,1000,8532500,"B"
"DBC","14:16:56",25.5,-0.7,4000,8531500,"B"
"DBC","14:16:54",25.55,-0.65,500,8527500,"S"
"DBC","14:16:51",25.5,-0.7,10000,8527000,"B"
"DBC","14:16:46",25.5,-0.7,2000,8517000,"B"
"DBC","14:16:45",25.55,-0.65,200,8515000,"S"
"DBC","14:16:44",25.55,-0.65,5000,8514800,"S"
"DBC","14:16:40",25.5,-0.7,11000,8509800,"B"
"DBC","14:16:31",25.6,-0.6,2500,8498800,"S"
"DBC","14:16:29",25.55,-0.65,2500,8493800,"B"
"DBC","14:16:26",25.6,-0.6,200,8491300,"S"
"DBC","14:16:21",25.55,-0.65,3000,8491100,"B"
"DBC","14:16:20",25.55,-0.65,1000,8488100,"B"
"DBC","14:16:19",25.6,-0.6,2000,8487100,"S"
"DBC","14:16:17",25.55,-0.65,21000,8480100,"B"
"DBC","14:16:13",25.55,-0.65,400,8459100,"B"
"DBC","14:16:11",25.55,-0.65,5400,8458700,"B"
"DBC","14:15:59",25.55,-0.65,500,8453300,"B"
"DBC","14:15:57",25.55,-0.65,1300,8452800,"B"
"DBC","14:15:40",25.6,-0.6,3800,8451500,"B"
"DBC","14:15:34",25.6,-0.6,1000,8447700,"B"
"DBC","14:15:31",25.6,-0.6,1000,8446700,"B"
"DBC","14:15:19",25.6,-0.6,4200,8445700,"S"
"DBC","14:15:09",25.55,-0.65,2200,8441500,"B"
"DBC","14:15:02",25.55,-0.65,200,8439300,"B"
"DBC","14:14:53",25.55,-0.65,200,8439100,"B"
"DBC","14:14:52",25.55,-0.65,1000,8438900,"B"
"DBC","14:14:35",25.55,-0.65,200,8437900,"B"
"DBC","14:14:35",25.6,-0.6,2500,8437700,"B"
"DBC","14:14:25",25.6,-0.6,2500,8435200,"S"
"DBC","14:14:19",25.6,-0.6,10500,8432700,"B"
"DBC","14:14:05",25.65,-0.55,1200,8422200,"S"
"DBC","14:13:41",25.65,-0.55,1000,8421000,"S"
"DBC","14:13:34",25.6,-0.6,200,8420000,"B"
"DBC","14:13:18",25.65,-0.55,1500,8419800,"S"
"DBC","14:13:18",25.6,-0.6,1100,8418300,"B"
"DBC","14:13:16",25.6,-0.6,100,8417200,"B"
"DBC","14:12:58",25.6,-0.6,10400,8417100,"S"
"DBC","14:12:47",25.6,-0.6,1200,8406700,"S"
"DBC","14:12:40",25.55,-0.65,10000,8405500,"B"
"DBC","14:12:36",25.6,-0.6,88400,8395500,"B"
"DBC","14:12:29",25.65,-0.55,2300,8307100,"B"
"DBC","14:12:28",25.65,-0.55,2700,8304800,"S"
"DBC","14:12:27",25.65,-0.55,300,8302100,"S"
"DBC","14:12:18",25.65,-0.55,500,8301800,"B"
"DBC","14:12:17",25.65,-0.55,500,8301300,"B"
"DBC","14:12:06",25.65,-0.55,700,8300800,"B"
"DBC","14:12:03",25.65,-0.55,200,8300100,"B"
"DBC","14:12:00",25.65,-0.55,4000,8299900,"B"
"DBC","14:11:49",25.7,-0.5,500,8295900,"S"
"DBC","14:11:37",25.65,-0.55,4100,8295400,"S"
"DBC","14:11:20",25.65,-0.55,1500,8291300,"S"
"DBC","14:10:37",25.65,-0.55,1000,8289800,"S"
"DBC","14:10:15",25.65,-0.55,2400,8288800,"B"
"DBC","14:10:07",25.65,-0.55,500,8286400,"B"
"DBC","14:09:52",25.65,-0.55,400,8285900,"B"
"DBC","14:09:47",25.65,-0.55,1500,8285500,"B"
"DBC","14:09:35",25.65,-0.55,5200,8284000,"S"
"DBC","14:09:20",25.65,-0.55,1500,8278800,"S"
"DBC","14:08:52",25.6,-0.6,2000,8277300,"B"
"DBC","14:08:45",25.65,-0.55,1000,8275300,"S"
"DBC","14:08:44",25.65,-0.55,1000,8274300,"S"
"DBC","14:08:34",25.65,-0.55,2800,8273300,"B"
"DBC","14:08:31",25.65,-0.55,300,8270500,"B"
"DBC","14:08:25",25.65,-0.55,50000,8270200,"B"
"DBC","14:08:17",25.65,-0.55,100,8220200,"B"
"DBC","14:08:10",25.7,-0.5,10000,8220100,"B"
"DBC","14:08:01",25.7,-0.5,10000,8210100,"B"
"DBC","14:07:43",25.7,-0.5,500,8200100,"B"
"DBC","14:07:38",25.7,-0.5,1000,8199600,"B"
"DBC","14:06:50",25.7,-0.5,18000,8198600,"S"
"DBC","14:06:48",25.7,-0.5,200,8180600,"S"
"DBC","14:06:48",25.7,-0.5,2500,8180400,"S"
"DBC","14:06:45",25.7,-0.5,1000,8177900,"S"
"DBC","14:06:43",25.7,-0.5,100,8176900,"S"
"DBC","14:06:38",25.7,-0.5,400,8176800,"S"
"DBC","14:06:18",25.7,-0.5,4000,8176400,"S"
"DBC","14:06:15",25.7,-0.5,2000,8172400,"S"
"DBC","14:06:14",25.7,-0.5,3000,8170400,"S"
"DBC","14:06:07",25.7,-0.5,1000,8167400,"S"
"DBC","14:06:01",25.7,-0.5,20000,8166400,"S"
"DBC","14:05:57",25.7,-0.5,30000,8146400,"S"
"DBC","14:05:55",25.65,-0.55,3000,8116400,"B"
"DBC","14:05:47",25.65,-0.55,100,8113400,"B"
"DBC","14:05:40",25.7,-0.5,10000,8113300,"S"
"DBC","14:05:36",25.7,-0.5,20000,8103300,"S"
"DBC","14:05:33",25.65,-0.55,700,8083300,"B"
"DBC","14:05:30",25.7,-0.5,2000,8082600,"S"
"DBC","14:05:26",25.65,-0.55,1700,8080600,"B"
"DBC","14:05:18",25.7,-0.5,1500,8078900,"S"
"DBC","14:05:11",25.65,-0.55,100,8077400,"B"
"DBC","14:05:06",25.7,-0.5,300,8077300,"S"
"DBC","14:05:04",25.7,-0.5,3000,8077000,"S"
"DBC","14:04:59",25.7,-0.5,1000,8074000,"S"
"DBC","14:04:55",25.7,-0.5,1500,8073000,"S"
"DBC","14:04:54",25.65,-0.55,6400,8071500,"S"
"DBC","14:04:48",25.65,-0.55,20000,8065100,"S"
"DBC","14:04:01",25.65,-0.55,100,8045100,"S"
"DBC","14:04:00",25.6,-0.6,1700,8045000,"B"
"DBC","14:03:50",25.6,-0.6,100,8043300,"B"
"DBC","14:03:43",25.65,-0.55,1500,8043200,"S"
"DBC","14:03:41",25.6,-0.6,2000,8041700,"B"
"DBC","14:03:27",25.65,-0.55,1500,8039700,"S"
"DBC","14:03:25",25.6,-0.6,7200,8038200,"S"
"DBC","14:03:18",25.6,-0.6,2000,8031000,"S"
"DBC","14:03:02",25.6,-0.6,100,8029000,"S"
"DBC","14:03:01",25.55,-0.65,12300,8028900,"B"
"DBC","14:03:00",25.6,-0.6,2000,8016600,"S"
"DBC","14:02:54",25.6,-0.6,2000,8014600,"S"
"DBC","14:02:51",25.6,-0.6,50000,8012600,"S"
"DBC","14:02:49",25.6,-0.6,1500,7962600,"S"
"DBC","14:02:48",25.6,-0.6,500,7961100,"S"
"DBC","14:02:47",25.6,-0.6,8500,7960600,"S"
"DBC","14:02:43",25.6,-0.6,1000,7952100,"S"
"DBC","14:02:30",25.6,-0.6,10000,7951100,"S"
"DBC","14:02:25",25.6,-0.6,20000,7941100,"S"
"DBC","14:02:19",25.55,-0.65,400,7921100,"B"
"DBC","14:02:17",25.6,-0.6,1000,7920700,"S"
"DBC","14:02:17",25.6,-0.6,5000,7919700,"S"
"DBC","14:02:01",25.55,-0.65,200,7914700,"B"
"DBC","14:01:35",25.6,-0.6,600,7914500,"S"
"DBC","14:01:09",25.6,-0.6,30000,7913900,"S"
"DBC","14:01:03",25.6,-0.6,2000,7883900,"S"
"DBC","14:00:51",25.55,-0.65,3800,7881900,"B"
"DBC","14:00:40",25.55,-0.65,800,7878100,"S"
"DBC","14:00:39",25.55,-0.65,1000,7877300,"S"
"DBC","14:00:36",25.55,-0.65,500,7876300,"S"
"DBC","14:00:26",25.55,-0.65,11400,7875800,"S"
"DBC","14:00:02",25.55,-0.65,500,7864400,"S"
"DBC","14:00:00",25.55,-0.65,20000,7863900,"S"
"DBC","13:59:58",25.55,-0.65,200,7843900,"S"
"DBC","13:59:35",25.55,-0.65,300,7843700,"S"
"DBC","13:59:16",25.55,-0.65,2000,7843400,"S"
"DBC","13:59:06",25.55,-0.65,1200,7841400,"S"
"DBC","13:58:56",25.55,-0.65,2000,7840200,"S"
"DBC","13:58:46",25.5,-0.7,10000,7838200,"B"
"DBC","13:58:35",25.5,-0.7,200,7828200,"B"
"DBC","13:58:12",25.5,-0.7,2000,7828000,"B"
"DBC","13:58:02",25.5,-0.7,3000,7826000,"S"
"DBC","13:57:51",25.5,-0.7,300,7823000,"S"
"DBC","13:57:46",25.5,-0.7,1000,7822700,"S"
"DBC","13:57:44",25.5,-0.7,1000,7821700,"S"
"DBC","13:57:39",25.5,-0.7,1000,7820700,"S"
"DBC","13:57:39",25.5,-0.7,200,7819700,"S"
"DBC","13:57:35",25.5,-0.7,100,7819500,"S"
"DBC","13:57:33",25.5,-0.7,44600,7819400,"B"
"DBC","13:57:08",25.55,-0.65,200,7774800,"S"
"DBC","13:56:58",25.55,-0.65,3200,7774600,"S"
"DBC","13:56:51",25.55,-0.65,8000,7771400,"S"
"DBC","13:56:30",25.5,-0.7,300,7763400,"B"
"DBC","13:56:28",25.5,-0.7,2000,7763100,"B"
"DBC","13:56:16",25.55,-0.65,1200,7761100,"S"
"DBC","13:56:13",25.5,-0.7,25000,7759900,"B"
"DBC","13:56:11",25.5,-0.7,2000,7734900,"B"
"DBC","13:56:06",25.5,-0.7,25000,7732900,"B"
"DBC","13:55:19",25.5,-0.7,5000,7707900,"B"
"DBC","13:54:47",25.55,-0.65,15400,7702900,"B"
"DBC","13:54:47",25.55,-0.65,1900,7687500,"B"
"DBC","13:54:40",25.55,-0.65,100,7685600,"B"
"DBC","13:54:17",25.55,-0.65,200,7685500,"B"
"DBC","13:54:04",25.6,-0.6,1200,7685300,"S"
"DBC","13:53:53",25.55,-0.65,300,7684100,"S"
"DBC","13:53:50",25.55,-0.65,1000,7683800,"S"
"DBC","13:53:47",25.55,-0.65,100,7682800,"S"
"DBC","13:53:39",25.55,-0.65,1000,7682700,"S"
"DBC","13:53:38",25.55,-0.65,2500,7681700,"S"
"DBC","13:53:35",25.55,-0.65,700,7679200,"S"
"DBC","13:53:28",25.55,-0.65,100,7678500,"S"
"DBC","13:53:22",25.55,-0.65,11000,7678400,"S"
"DBC","13:53:21",25.55,-0.65,100,7667400,"S"
"DBC","13:53:15",25.55,-0.65,5000,7667300,"S"
"DBC","13:53:04",25.55,-0.65,1100,7662300,"S"
"DBC","13:52:55",25.55,-0.65,2000,7661200,"S"
"DBC","13:52:53",25.55,-0.65,10000,7659200,"S"
"DBC","13:52:48",25.55,-0.65,100,7649200,"S"
"DBC","13:52:44",25.55,-0.65,100,7649100,"S"
"DBC","13:52:36",25.55,-0.65,200,7649000,"S"
"DBC","13:52:32",25.55,-0.65,1000,7648800,"S"
"DBC","13:52:31",25.55,-0.65,200,7647800,"S"
"DBC","13:52:26",25.5,-0.7,1900,7647600,"B"
"DBC","13:52:16",25.55,-0.65,1700,7645700,"S"
"DBC","13:52:15",25.55,-0.65,300,7644000,"S"
"DBC","13:52:11",25.55,-0.65,700,7643700,"S"
"DBC","13:52:01",25.55,-0.65,100,7643000,"S"
"DBC","13:51:44",25.55,-0.65,1900,7642900,"B"
"DBC","13:51:40",25.5,-0.7,500,7641000,"B"
"DBC","13:51:40",25.55,-0.65,1300,7640500,"B"
"DBC","13:51:05",25.5,-0.7,200,7639200,"B"
"DBC","13:50:55",25.6,-0.6,1200,7639000,"S"
"DBC","13:50:33",25.55,-0.65,20000,7637800,"S"
"DBC","13:50:32",25.55,-0.65,1000,7617800,"S"
"DBC","13:50:30",25.5,-0.7,100,7616800,"B"
"DBC","13:50:17",25.5,-0.7,5000,7616700,"S"
"DBC","13:50:16",25.5,-0.7,1000,7611700,"S"
"DBC","13:50:15",25.5,-0.7,100,7610700,"S"
"DBC","13:50:08",25.5,-0.7,1000,7610600,"S"
"DBC","13:50:04",25.5,-0.7,3000,7609600,"S"
"DBC","13:49:51",25.5,-0.7,500,7606600,"S"
"DBC","13:49:51",25.5,-0.7,500,7606100,"S"
"DBC","13:49:40",25.5,-0.7,6900,7604600,"B"
"DBC","13:49:40",25.55,-0.65,1000,7597700,"B"
"DBC","13:49:36",25.6,-0.6,1500,7596700,"S"
"DBC","13:49:26",25.5,-0.7,100,7595200,"B"
"DBC","13:49:13",25.6,-0.6,1000,7595100,"S"
"DBC","13:49:08",25.5,-0.7,300,7594100,"B"
"DBC","13:48:39",25.6,-0.6,21500,7593800,"S"
"DBC","13:48:39",25.55,-0.65,54900,7572300,"S"
"DBC","13:48:39",25.5,-0.7,23600,7517400,"S"
"DBC","13:48:10",25.5,-0.7,600,7493800,"S"
"DBC","13:48:04",25.5,-0.7,18800,7493200,"B"
"DBC","13:47:41",25.5,-0.7,100,7474400,"B"
"DBC","13:47:20",25.5,-0.7,100,7474300,"B"
"DBC","13:47:13",25.5,-0.7,10000,7474200,"B"
"DBC","13:47:12",25.55,-0.65,2000,7464200,"S"
"DBC","13:46:26",25.55,-0.65,1500,7462200,"S"
"DBC","13:46:23",25.5,-0.7,12900,7460700,"S"
"DBC","13:46:21",25.45,-0.75,3000,7447800,"B"
"DBC","13:46:04",25.5,-0.7,900,7444800,"S"
"DBC","13:45:57",25.45,-0.75,3000,7443900,"B"
"DBC","13:45:53",25.55,-0.65,100,7440900,"S"
"DBC","13:45:45",25.45,-0.75,100,7440800,"B"
"DBC","13:45:41",25.45,-0.75,500,7440700,"B"
"DBC","13:45:41",25.5,-0.7,2200,7440200,"B"
"DBC","13:45:40",25.5,-0.7,47800,7438000,"S"
"DBC","13:45:39",25.45,-0.75,5000,7390200,"B"
"DBC","13:45:15",25.45,-0.75,50000,7385200,"B"
"DBC","13:45:09",25.45,-0.75,100,7335200,"B"
"DBC","13:45:01",25.5,-0.7,1500,7335100,"S"
"DBC","13:44:30",25.5,-0.7,10000,7333600,"S"
"DBC","13:44:26",25.45,-0.75,1500,7323600,"B"
"DBC","13:44:18",25.45,-0.75,50000,7322100,"B"
"DBC","13:44:12",25.5,-0.7,500,7272100,"S"
"DBC","13:44:12",25.45,-0.75,700,7271600,"B"
"DBC","13:44:12",25.5,-0.7,100,7270900,"S"
"DBC","13:44:08",25.5,-0.7,1000,7270800,"S"
"DBC","13:44:07",25.5,-0.7,3000,7269800,"S"
"DBC","13:44:05",25.5,-0.7,500,7266800,"S"
"DBC","13:44:03",25.5,-0.7,1000,7266300,"S"
"DBC","13:44:01",25.5,-0.7,2300,7265300,"S"
"DBC","13:43:56",25.5,-0.7,2000,7263000,"S"
"DBC","13:43:55",25.5,-0.7,700,7261000,"S"
"DBC","13:43:53",25.5,-0.7,2300,7260300,"B"
"DBC","13:43:48",25.5,-0.7,3700,7258000,"S"
"DBC","13:43:38",25.5,-0.7,200,7254300,"S"
"DBC","13:43:38",25.5,-0.7,6100,7254100,"B"
"DBC","13:43:36",25.55,-0.65,2000,7248000,"S"
"DBC","13:43:31",25.5,-0.7,3900,7246000,"S"
"DBC","13:43:30",25.5,-0.7,8500,7242100,"S"
"DBC","13:43:28",25.5,-0.7,200,7233600,"S"
"DBC","13:43:24",25.5,-0.7,1000,7233400,"S"
"DBC","13:43:18",25.5,-0.7,1400,7232400,"S"
"DBC","13:43:15",25.5,-0.7,1500,7231000,"S"
"DBC","13:43:14",25.5,-0.7,500,7229500,"S"
"DBC","13:43:07",25.45,-0.75,12800,7229000,"B"
"DBC","13:43:02",25.5,-0.7,2000,7216200,"S"
"DBC","13:42:52",25.45,-0.75,70000,7214200,"B"
"DBC","13:42:42",25.5,-0.7,100,7144200,"S"
"DBC","13:42:35",25.45,-0.75,1500,7144100,"B"
"DBC","13:42:33",25.5,-0.7,5800,7142600,"S"
"DBC","13:42:32",25.5,-0.7,100,7136800,"S"
"DBC","13:42:26",25.5,-0.7,1000,7136700,"S"
"DBC","13:42:08",25.5,-0.7,500,7135700,"S"
"DBC","13:42:01",25.5,-0.7,1000,7135200,"S"
"DBC","13:41:55",25.5,-0.7,4400,7134200,"S"
"DBC","13:41:54",25.5,-0.7,1500,7129800,"S"
"DBC","13:41:52",25.5,-0.7,1100,7128300,"S"
"DBC","13:41:49",25.5,-0.7,500,7127200,"S"
"DBC","13:41:46",25.5,-0.7,200,7126700,"S"
"DBC","13:41:39",25.5,-0.7,1500,7126500,"S"
"DBC","13:41:36",25.5,-0.7,200,7125000,"S"
"DBC","13:41:32",25.5,-0.7,1000,7124800,"S"
"DBC","13:41:16",25.5,-0.7,2300,7123800,"B"
"DBC","13:40:49",25.5,-0.7,100,7121500,"B"
"DBC","13:40:42",25.45,-0.75,22100,7121400,"B"
"DBC","13:40:42",25.5,-0.7,27900,7099300,"B"
"DBC","13:40:38",25.5,-0.7,22600,7071400,"S"
"DBC","13:40:27",25.5,-0.7,200,7048800,"S"
"DBC","13:40:20",25.5,-0.7,1000,7048600,"S"
"DBC","13:40:19",25.5,-0.7,1000,7047600,"S"
"DBC","13:40:07",25.5,-0.7,100,7046600,"S"
"DBC","13:40:05",25.5,-0.7,100,7046500,"S"
"DBC","13:40:02",25.5,-0.7,100,7046400,"S"
"DBC","13:39:58",25.5,-0.7,500,7046300,"S"
"DBC","13:39:57",25.5,-0.7,2100,7045800,"S"
"DBC","13:39:55",25.5,-0.7,1600,7043700,"S"
"DBC","13:39:44",25.5,-0.7,100,7042100,"S"
"DBC","13:39:39",25.5,-0.7,1000,7042000,"S"
"DBC","13:39:28",25.5,-0.7,100,7041000,"S"
"DBC","13:39:22",25.5,-0.7,1200,7040900,"S"
"DBC","13:39:20",25.5,-0.7,1000,7039700,"S"
"DBC","13:39:16",25.5,-0.7,5400,7038700,"S"
"DBC","13:39:15",25.5,-0.7,1000,7033300,"S"
"DBC","13:39:12",25.5,-0.7,1100,7032300,"S"
"DBC","13:39:10",25.5,-0.7,100,7031200,"S"
"DBC","13:39:02",25.5,-0.7,100,7031100,"S"
"DBC","13:39:01",25.5,-0.7,100,7031000,"S"
"DBC","13:38:58",25.5,-0.7,900,7030900,"S"
"DBC","13:38:47",25.5,-0.7,21900,7030000,"B"
"DBC","13:38:26",25.55,-0.65,16100,7008100,"S"
"DBC","13:38:26",25.5,-0.7,13900,6992000,"S"
"DBC","13:38:26",25.5,-0.7,500,6978100,"S"
"DBC","13:38:21",25.5,-0.7,15600,6977600,"B"
"DBC","13:38:19",25.5,-0.7,14400,6962000,"S"
"DBC","13:38:16",25.5,-0.7,200,6947600,"S"
"DBC","13:38:14",25.5,-0.7,200,6947400,"S"
"DBC","13:38:07",25.5,-0.7,500,6947200,"S"
"DBC","13:38:03",25.5,-0.7,2000,6946700,"S"
"DBC","13:38:00",25.5,-0.7,100,6944700,"S"
"DBC","13:37:55",25.5,-0.7,100,6944600,"S"
"DBC","13:37:52",25.5,-0.7,5000,6944500,"S"
"DBC","13:37:50",25.45,-0.75,1000,6939500,"B"
"DBC","13:37:41",25.5,-0.7,1000,6938500,"S"
"DBC","13:37:39",25.5,-0.7,1000,6937500,"S"
"DBC","13:37:36",25.5,-0.7,1000,6936500,"S"
"DBC","13:37:34",25.5,-0.7,3900,6935500,"B"
"DBC","13:37:31",25.5,-0.7,1000,6931600,"B"
"DBC","13:37:29",25.5,-0.7,200,6921000,"B"
"DBC","13:37:25",25.5,-0.7,10000,6920800,"B"
"DBC","13:37:24",25.5,-0.7,30000,6910800,"B"
"DBC","13:37:17",25.5,-0.7,500,6880800,"B"
"DBC","13:37:10",25.5,-0.7,1000,6880300,"B"
"DBC","13:37:09",25.5,-0.7,9800,6879300,"B"
"DBC","13:37:09",25.5,-0.7,10200,6869500,"B"
"DBC","13:37:07",25.55,-0.65,200,6859300,"S"
"DBC","13:37:04",25.5,-0.7,30000,6859100,"B"
"DBC","13:37:03",25.55,-0.65,1000,6829100,"S"
"DBC","13:37:00",25.5,-0.7,800,6828100,"B"
"DBC","13:36:59",25.5,-0.7,21000,6827300,"B"
"DBC","13:36:51",25.55,-0.65,200,6806300,"S"
"DBC","13:36:43",25.5,-0.7,5000,6806100,"B"
"DBC","13:36:42",25.55,-0.65,100,6801100,"S"
"DBC","13:36:41",25.5,-0.7,6500,6801000,"B"
"DBC","13:36:24",25.55,-0.65,500,6794500,"S"
"DBC","13:36:22",25.5,-0.7,1000,6794000,"B"
"DBC","13:36:10",25.55,-0.65,800,6793000,"S"
"DBC","13:36:03",25.55,-0.65,800,6792200,"S"
"DBC","13:35:51",25.55,-0.65,6100,6791400,"B"
"DBC","13:35:50",25.55,-0.65,15000,6785300,"B"
"DBC","13:35:41",25.55,-0.65,30000,6770300,"B"
"DBC","13:35:38",25.6,-0.6,200,6740300,"S"
"DBC","13:35:28",25.55,-0.65,23300,6740100,"B"
"DBC","13:35:26",25.6,-0.6,2000,6716800,"S"
"DBC","13:35:23",25.6,-0.6,5000,6714800,"S"
"DBC","13:35:03",25.6,-0.6,100,6709800,"S"
"DBC","13:35:02",25.6,-0.6,500,6709700,"S"
"DBC","13:35:02",25.6,-0.6,1000,6709200,"S"
"DBC","13:34:46",25.6,-0.6,200,6708200,"S"
"DBC","13:34:33",25.6,-0.6,200,6708000,"S"
"DBC","13:34:14",25.6,-0.6,1200,6707800,"B"
"DBC","13:34:13",25.6,-0.6,39600,6706600,"B"
"DBC","13:33:54",25.65,-0.55,2000,6667000,"S"
"DBC","13:33:15",25.65,-0.55,1000,6665000,"S"
"DBC","13:33:07",25.6,-0.6,15600,6664000,"S"
"DBC","13:32:46",25.6,-0.6,200,6648400,"S"
"DBC","13:32:45",25.6,-0.6,1000,6648200,"S"
"DBC","13:32:42",25.6,-0.6,100,6647200,"S"
"DBC","13:32:30",25.6,-0.6,1000,6647100,"S"
"DBC","13:32:23",25.6,-0.6,100,6646100,"S"
"DBC","13:32:15",25.6,-0.6,100,6646000,"S"
"DBC","13:32:13",25.6,-0.6,100,6645900,"S"
"DBC","13:32:05",25.6,-0.6,3000,6645800,"S"
"DBC","13:32:03",25.6,-0.6,100,6642800,"S"
"DBC","13:31:43",25.6,-0.6,200,6642700,"S"
"DBC","13:31:40",25.6,-0.6,100,6642500,"S"
"DBC","13:31:37",25.6,-0.6,500,6642400,"S"
"DBC","13:31:37",25.6,-0.6,500,6641900,"S"
"DBC","13:31:35",25.6,-0.6,39600,6641400,"B"
"DBC","13:31:16",25.65,-0.55,1200,6601800,"S"
"DBC","13:31:13",25.65,-0.55,2000,6600600,"S"
"DBC","13:30:59",25.6,-0.6,110000,6598600,"B"
"DBC","13:30:58",25.65,-0.55,1000,6488600,"S"
"DBC","13:30:23",25.65,-0.55,200,6487600,"S"
"DBC","13:30:15",25.65,-0.55,300,6487400,"S"
"DBC","13:30:11",25.65,-0.55,9400,6487100,"B"
"DBC","13:30:04",25.65,-0.55,400,6477700,"B"
"DBC","13:30:02",25.7,-0.5,100,6477300,"S"
"DBC","13:29:54",25.65,-0.55,1500,6477200,"B"
"DBC","13:29:30",25.65,-0.55,2500,6475700,"B"
"DBC","13:29:27",25.7,-0.5,1500,6473200,"S"
"DBC","13:29:26",25.65,-0.55,1000,6471700,"B"
"DBC","13:29:26",25.65,-0.55,20000,6470700,"S"
"DBC","13:29:20",25.65,-0.55,2000,6450700,"S"
"DBC","13:29:18",25.65,-0.55,1900,6448700,"S"
"DBC","13:29:14",25.65,-0.55,800,6446800,"S"
"DBC","13:29:07",25.6,-0.6,100,6446000,"B"
"DBC","13:29:05",25.6,-0.6,300,6445900,"B"
"DBC","13:29:02",25.6,-0.6,10000,6445600,"B"
"DBC","13:29:01",25.65,-0.55,500,6435600,"S"
"DBC","13:28:42",25.6,-0.6,2000,6435100,"B"
"DBC","13:28:41",25.65,-0.55,3000,6433100,"S"
"DBC","13:28:31",25.6,-0.6,5800,6430100,"B"
"DBC","13:28:26",25.6,-0.6,5000,6424300,"B"
"DBC","13:28:17",25.65,-0.55,1100,6419300,"S"
"DBC","13:28:10",25.65,-0.55,3000,6418200,"S"
"DBC","13:27:43",25.65,-0.55,2000,6415200,"S"
"DBC","13:27:24",25.65,-0.55,100,6413200,"S"
"DBC","13:27:22",25.65,-0.55,100,6413100,"S"
"DBC","13:27:20",25.65,-0.55,3000,6413000,"S"
"DBC","13:27:02",25.65,-0.55,2500,6410000,"B"
"DBC","13:26:43",25.65,-0.55,10000,6407500,"B"
"DBC","13:26:34",25.65,-0.55,3000,6397500,"B"
"DBC","13:26:22",25.7,-0.5,1000,6394500,"S"
"DBC","13:26:09",25.65,-0.55,2300,6393500,"S"
"DBC","13:26:02",25.65,-0.55,1000,6391200,"S"
"DBC","13:25:58",25.65,-0.55,10000,6390200,"S"
"DBC","13:25:57",25.65,-0.55,6700,6380200,"B"
"DBC","13:25:47",25.65,-0.55,300,6373500,"B"
"DBC","13:25:47",25.7,-0.5,5000,6373200,"S"
"DBC","13:25:32",25.7,-0.5,100,6368200,"S"
"DBC","13:25:20",25.7,-0.5,1000,6368100,"S"
"DBC","13:25:15",25.65,-0.55,400,6367100,"B"
"DBC","13:25:13",25.65,-0.55,2400,6366700,"S"
"DBC","13:25:10",25.65,-0.55,5000,6364300,"S"
"DBC","13:25:08",25.65,-0.55,100,6359300,"S"
"DBC","13:25:07",25.65,-0.55,900,6359200,"S"
"DBC","13:25:07",25.65,-0.55,1000,6358300,"S"
"DBC","13:25:04",25.65,-0.55,10000,6357300,"S"
"DBC","13:24:57",25.65,-0.55,29000,6347300,"S"
"DBC","13:24:57",25.65,-0.55,100,6318300,"S"
"DBC","13:24:53",25.65,-0.55,20000,6318200,"S"
"DBC","13:24:50",25.65,-0.55,5000,6298200,"S"
"DBC","13:24:38",25.65,-0.55,8000,6293200,"S"
"DBC","13:24:33",25.65,-0.55,800,6285200,"S"
"DBC","13:24:06",25.65,-0.55,200,6284400,"S"
"DBC","13:23:51",25.65,-0.55,2000,6284200,"S"
"DBC","13:23:50",25.6,-0.6,100,6282200,"S"
"DBC","13:23:49",25.6,-0.6,1500,6282100,"B"
"DBC","13:23:40",25.6,-0.6,3600,6280600,"S"
"DBC","13:23:37",25.6,-0.6,100,6277000,"S"
"DBC","13:23:33",25.6,-0.6,5000,6276900,"S"
"DBC","13:23:32",25.6,-0.6,1000,6271900,"S"
"DBC","13:23:27",25.6,-0.6,5000,6270900,"S"
"DBC","13:23:23",25.6,-0.6,30000,6265900,"S"
"DBC","13:23:14",25.6,-0.6,1000,6235900,"S"
"DBC","13:23:04",25.6,-0.6,4000,6234900,"S"
"DBC","13:22:54",25.6,-0.6,200,6230900,"S"
"DBC","13:22:47",25.6,-0.6,200,6230700,"S"
"DBC","13:22:35",25.6,-0.6,100,6230500,"S"
"DBC","13:22:32",25.6,-0.6,2000,6230400,"S"
"DBC","13:22:31",25.55,-0.65,100,6228400,"B"
"DBC","13:22:00",25.6,-0.6,4300,6228300,"B"
"DBC","13:21:40",25.6,-0.6,10000,6224000,"B"
"DBC","13:21:35",25.6,-0.6,500,6214000,"B"
"DBC","13:21:15",25.6,-0.6,300,6213500,"B"
"DBC","13:21:08",25.6,-0.6,1000,6213200,"B"
"DBC","13:21:05",25.6,-0.6,10000,6212200,"B"
"DBC","13:20:36",25.6,-0.6,32800,6202200,"S"
"DBC","13:20:33",25.6,-0.6,500,6169400,"S"
"DBC","13:20:26",25.55,-0.65,15000,6168900,"B"
"DBC","13:20:08",25.6,-0.6,100,6153900,"S"
"DBC","13:19:55",25.6,-0.6,8600,6153800,"B"
"DBC","13:19:39",25.6,-0.6,400,6145200,"B"
"DBC","13:19:37",25.6,-0.6,10000,6144800,"B"
"DBC","13:19:15",25.65,-0.55,1000,6134800,"S"
"DBC","13:19:12",25.6,-0.6,10000,6133800,"B"
"DBC","13:18:31",25.65,-0.55,2200,6123800,"S"
"DBC","13:18:29",25.6,-0.6,15100,6121600,"S"
"DBC","13:18:21",25.6,-0.6,1500,6106500,"S"
"DBC","13:18:17",25.6,-0.6,4000,6105000,"S"
"DBC","13:18:11",25.6,-0.6,400,6101000,"S"
"DBC","13:18:09",25.6,-0.6,1000,6100600,"S"
"DBC","13:18:05",25.6,-0.6,1000,6099600,"S"
"DBC","13:17:59",25.6,-0.6,100,6098600,"S"
"DBC","13:17:54",25.6,-0.6,100,6098500,"S"
"DBC","13:17:52",25.6,-0.6,2000,6098400,"S"
"DBC","13:17:52",25.6,-0.6,1000,6096400,"S"
"DBC","13:17:45",25.6,-0.6,100,6095400,"S"
"DBC","13:17:42",25.6,-0.6,2000,6095300,"S"
"DBC","13:17:38",25.6,-0.6,100,6093300,"S"
"DBC","13:17:33",25.6,-0.6,1100,6093200,"S"
"DBC","13:17:30",25.6,-0.6,23000,6092100,"B"
"DBC","13:17:20",25.6,-0.6,5000,6069100,"B"
"DBC","13:17:08",25.6,-0.6,1000,6064100,"B"
"DBC","13:16:44",25.65,-0.55,1500,6063100,"S"
"DBC","13:16:35",25.6,-0.6,800,6061600,"S"
"DBC","13:16:32",25.6,-0.6,9200,6060800,"B"
"DBC","13:16:21",25.65,-0.55,1000,6051600,"S"
"DBC","13:16:20",25.6,-0.6,21400,6050600,"S"
"DBC","13:16:17",25.55,-0.65,800,6029200,"B"
"DBC","13:16:16",25.6,-0.6,600,6028400,"S"
"DBC","13:16:13",25.6,-0.6,3000,6027800,"S"
"DBC","13:16:11",25.6,-0.6,5000,6024800,"S"
"DBC","13:16:08",25.6,-0.6,500,6019800,"S"
"DBC","13:16:06",25.6,-0.6,1000,6019300,"S"
"DBC","13:16:01",25.6,-0.6,200,6018300,"S"
"DBC","13:15:54",25.6,-0.6,500,6018100,"S"
"DBC","13:15:49",25.6,-0.6,100,6017600,"S"
"DBC","13:15:47",25.6,-0.6,1000,6017500,"S"
"DBC","13:15:41",25.6,-0.6,20000,6016500,"S"
"DBC","13:15:38",25.55,-0.65,10000,5996500,"B"
"DBC","13:15:34",25.6,-0.6,500,5986500,"S"
"DBC","13:15:32",25.6,-0.6,900,5986000,"S"
"DBC","13:15:31",25.6,-0.6,5000,5985100,"S"
"DBC","13:15:27",25.6,-0.6,5000,5980100,"S"
"DBC","13:15:19",25.55,-0.65,5000,5975100,"B"
"DBC","13:15:19",25.6,-0.6,20000,5970100,"S"
"DBC","13:14:55",25.55,-0.65,7000,5950100,"B"
"DBC","13:14:48",25.6,-0.6,900,5943100,"S"
"DBC","13:14:46",25.6,-0.6,20000,5942200,"S"
"DBC","13:14:45",25.55,-0.65,25000,5922200,"B"
"DBC","13:13:46",25.6,-0.6,1000,5897200,"S"
"DBC","13:13:40",25.55,-0.65,43000,5896200,"B"
"DBC","13:13:37",25.6,-0.6,1000,5853200,"S"
"DBC","13:13:35",25.6,-0.6,100,5852200,"S"
"DBC","13:13:32",25.6,-0.6,1000,5852100,"S"
"DBC","13:13:27",25.55,-0.65,1000,5851100,"B"
"DBC","13:13:25",25.6,-0.6,100,5850100,"S"
"DBC","13:13:24",25.6,-0.6,500,5850000,"S"
"DBC","13:13:10",25.6,-0.6,500,5849500,"S"
"DBC","13:13:06",25.6,-0.6,500,5849000,"S"
"DBC","13:13:00",25.6,-0.6,10000,5848500,"S"
"DBC","13:12:50",25.6,-0.6,400,5838500,"S"
"DBC","13:12:14",25.55,-0.65,500,5838100,"S"
"DBC","13:12:14",25.55,-0.65,1000,5837600,"S"
"DBC","13:12:10",25.55,-0.65,100,5836600,"S"
"DBC","13:12:06",25.55,-0.65,300,5836500,"S"
"DBC","13:12:04",25.55,-0.65,2000,5836200,"S"
"DBC","13:12:01",25.55,-0.65,200,5834200,"S"
"DBC","13:11:50",25.55,-0.65,500,5834000,"S"
"DBC","13:11:46",25.55,-0.65,200,5833500,"S"
"DBC","13:11:44",25.55,-0.65,1000,5833300,"S"
"DBC","13:11:40",25.55,-0.65,1000,5832300,"S"
"DBC","13:11:37",25.55,-0.65,1500,5831300,"S"
"DBC","13:11:34",25.55,-0.65,2400,5829800,"S"
"DBC","13:11:32",25.55,-0.65,100,5827400,"S"
"DBC","13:11:30",25.55,-0.65,300,5827300,"S"
"DBC","13:11:29",25.55,-0.65,1500,5827000,"S"
"DBC","13:11:25",25.55,-0.65,2000,5825500,"S"
"DBC","13:11:25",25.55,-0.65,800,5823500,"B"
"DBC","13:11:20",25.55,-0.65,10000,5822700,"B"
"DBC","13:11:19",25.55,-0.65,10000,5812700,"B"
"DBC","13:11:08",25.55,-0.65,1100,5802700,"S"
"DBC","13:11:01",25.55,-0.65,2100,5801600,"B"
"DBC","13:10:54",25.55,-0.65,10000,5799500,"B"
"DBC","13:10:45",25.55,-0.65,1000,5789500,"B"
"DBC","13:10:40",25.6,-0.6,9300,5788500,"S"
"DBC","13:10:40",25.55,-0.65,10700,5779200,"S"
"DBC","13:10:39",25.55,-0.65,500,5768500,"S"
"DBC","13:10:36",25.55,-0.65,500,5768000,"S"
"DBC","13:10:28",25.55,-0.65,13300,5767500,"B"
"DBC","13:10:27",25.55,-0.65,200,5754200,"B"
"DBC","13:10:23",25.55,-0.65,14000,5754000,"B"
"DBC","13:10:22",25.55,-0.65,11000,5740000,"B"
"DBC","13:10:11",25.55,-0.65,300,5729000,"B"
"DBC","13:09:54",25.55,-0.65,200,5728700,"B"
"DBC","13:09:32",25.55,-0.65,7600,5728500,"S"
"DBC","13:09:29",25.55,-0.65,1000,5720900,"S"
"DBC","13:09:25",25.55,-0.65,1400,5719900,"B"
"DBC","13:09:16",25.55,-0.65,100,5718500,"S"
"DBC","13:09:12",25.55,-0.65,500,5718400,"S"
"DBC","13:09:09",25.55,-0.65,500,5717900,"S"
"DBC","13:09:06",25.55,-0.65,1000,5717400,"S"
"DBC","13:08:47",25.55,-0.65,2000,5716400,"S"
"DBC","13:08:42",25.55,-0.65,1900,5714400,"B"
"DBC","13:08:40",25.55,-0.65,3100,5712500,"S"
"DBC","13:08:38",25.55,-0.65,500,5709400,"S"
"DBC","13:08:36",25.55,-0.65,100,5708900,"S"
"DBC","13:08:32",25.55,-0.65,100,5708800,"S"
"DBC","13:08:32",25.55,-0.65,6800,5708700,"S"
"DBC","13:08:30",25.55,-0.65,9400,5701900,"B"
"DBC","13:08:25",25.55,-0.65,5000,5692500,"B"
"DBC","13:08:19",25.55,-0.65,6700,5687500,"S"
"DBC","13:08:06",25.55,-0.65,1000,5680800,"S"
"DBC","13:07:56",25.55,-0.65,200,5679800,"S"
"DBC","13:07:52",25.55,-0.65,3900,5679600,"B"
"DBC","13:07:45",25.55,-0.65,12100,5675700,"S"
"DBC","13:07:43",25.55,-0.65,1000,5663600,"S"
"DBC","13:07:41",25.55,-0.65,500,5662600,"S"
"DBC","13:07:40",25.55,-0.65,400,5662100,"S"
"DBC","13:07:25",25.55,-0.65,200,5661700,"S"
"DBC","13:07:22",25.55,-0.65,100,5661500,"S"
"DBC","13:07:20",25.55,-0.65,6000,5661400,"S"
"DBC","13:07:19",25.55,-0.65,20000,5655400,"B"
"DBC","13:06:58",25.6,-0.6,500,5635400,"S"
"DBC","13:06:46",25.55,-0.65,10000,5634900,"B"
"DBC","13:06:36",25.55,-0.65,1000,5624900,"B"
"DBC","13:06:34",25.55,-0.65,3500,5623900,"B"
"DBC","13:06:32",25.55,-0.65,8900,5620400,"S"
"DBC","13:06:29",25.55,-0.65,200,5611500,"S"
"DBC","13:06:14",25.55,-0.65,1000,5611300,"S"
"DBC","13:06:04",25.55,-0.65,500,5610300,"S"
"DBC","13:05:55",25.55,-0.65,100,5609800,"S"
"DBC","13:05:53",25.55,-0.65,100,5609700,"S"
"DBC","13:05:45",25.55,-0.65,1000,5609600,"S"
"DBC","13:05:37",25.55,-0.65,500,5608600,"S"
"DBC","13:05:34",25.55,-0.65,300,5608100,"S"
"DBC","13:05:32",25.55,-0.65,200,5607800,"S"
"DBC","13:05:25",25.55,-0.65,5000,5607600,"S"
"DBC","13:05:18",25.55,-0.65,2000,5602600,"S"
"DBC","13:05:17",25.55,-0.65,100,5600600,"S"
"DBC","13:05:13",25.55,-0.65,300,5600500,"S"
"DBC","13:05:01",25.55,-0.65,900,5600200,"B"
"DBC","13:05:01",25.55,-0.65,400,5599300,"B"
"DBC","13:04:47",25.55,-0.65,1300,5598900,"S"
"DBC","13:04:38",25.55,-0.65,700,5597600,"B"
"DBC","13:04:36",25.55,-0.65,10000,5596900,"B"
"DBC","13:04:29",25.55,-0.65,1000,5586900,"B"
"DBC","13:04:17",25.55,-0.65,3000,5585900,"B"
"DBC","13:04:13",25.55,-0.65,18700,5582900,"S"
"DBC","13:04:11",25.55,-0.65,200,5564200,"S"
"DBC","13:04:09",25.55,-0.65,2000,5564000,"S"
"DBC","13:04:07",25.55,-0.65,500,5562000,"S"
"DBC","13:04:02",25.55,-0.65,1000,5561500,"S"
"DBC","13:04:01",25.55,-0.65,500,5560500,"S"
"DBC","13:03:54",25.55,-0.65,100,5560000,"S"
"DBC","13:03:48",25.55,-0.65,10000,5559900,"S"
"DBC","13:03:47",25.55,-0.65,500,5549900,"S"
"DBC","13:03:46",25.55,-0.65,100,5549400,"S"
"DBC","13:03:36",25.55,-0.65,200,5549300,"S"
"DBC","13:03:34",25.55,-0.65,500,5549100,"S"
"DBC","13:03:33",25.55,-0.65,1200,5548600,"S"
"DBC","13:03:31",25.55,-0.65,2000,5545800,"S"
"DBC","13:03:28",25.55,-0.65,1000,5543800,"S"
"DBC","13:03:13",25.55,-0.65,1000,5542800,"S"
"DBC","13:03:13",25.5,-0.7,100800,5541800,"B"
"DBC","13:03:12",25.55,-0.65,200,5441000,"S"
"DBC","13:03:11",25.55,-0.65,100,5440800,"S"
"DBC","13:03:09",25.55,-0.65,5000,5440700,"S"
"DBC","13:03:08",25.55,-0.65,1000,5435700,"S"
"DBC","13:03:06",25.55,-0.65,1000,5434700,"S"
"DBC","13:03:03",25.55,-0.65,2300,5433700,"B"
"DBC","13:03:00",25.6,-0.6,400,5431400,"S"
"DBC","13:02:58",25.55,-0.65,200,5431000,"B"
"DBC","13:02:57",25.55,-0.65,100,5430800,"B"
"DBC","13:02:46",25.55,-0.65,40000,5430700,"B"
"DBC","13:02:28",25.55,-0.65,2000,5390700,"B"
"DBC","13:02:07",25.55,-0.65,14900,5388700,"B"
"DBC","13:01:35",25.6,-0.6,100,5373800,"S"
"DBC","13:01:34",25.6,-0.6,600,5373700,"B"
"DBC","13:01:29",25.6,-0.6,100,5373100,"B"
"DBC","13:01:26",25.6,-0.6,1000,5373000,"B"
"DBC","13:01:25",25.6,-0.6,5000,5372000,"B"
"DBC","13:01:19",25.6,-0.6,2000,5367000,"B"
"DBC","13:01:14",25.6,-0.6,300,5365000,"B"
"DBC","13:01:11",25.6,-0.6,20000,5364700,"B"
"DBC","13:01:06",25.6,-0.6,1000,5344700,"B"
"DBC","13:00:29",25.6,-0.6,5000,5343700,"S"
"DBC","13:00:26",25.6,-0.6,100,5338700,"S"
"DBC","13:00:20",25.6,-0.6,200,5338600,"S"
"DBC","13:00:19",25.6,-0.6,300,5338400,"S"
"DBC","13:00:18",25.6,-0.6,100,5338100,"S"
"DBC","13:00:17",25.6,-0.6,100,5338000,"S"
"DBC","13:00:11",25.6,-0.6,500,5337900,"S"
"DBC","13:00:09",25.6,-0.6,100,5337400,"S"
"DBC","13:00:08",25.6,-0.6,100,5337300,"S"
"DBC","13:00:07",25.6,-0.6,2000,5337200,"S"
"DBC","13:00:06",25.6,-0.6,66000,5335200,"B"
"DBC","13:00:06",25.65,-0.55,6000,5269200,"B"
"DBC","13:00:04",25.7,-0.5,3000,5263200,"S"
"DBC","13:00:03",25.7,-0.5,100,5260200,"S"
"DBC","13:00:01",25.65,-0.55,5000,5260100,"B"
"DBC","13:00:01",25.7,-0.5,400,5255100,"S"
"DBC","13:00:00",25.7,-0.5,3200,5254700,"B"
"DBC","11:29:54",25.7,-0.5,1500,5251500,"S"
"DBC","11:29:39",25.7,-0.5,500,5250000,"B"
"DBC","11:29:35",25.7,-0.5,2000,5249500,"B"
"DBC","11:29:34",25.7,-0.5,200,5247500,"B"
"DBC","11:29:33",25.7,-0.5,2000,5247300,"B"
"DBC","11:29:28",25.7,-0.5,200,5245300,"S"
"DBC","11:29:28",25.65,-0.55,100,5245100,"S"
"DBC","11:29:27",25.65,-0.55,1900,5245000,"B"
"DBC","11:29:21",25.7,-0.5,12300,5243100,"S"
"DBC","11:29:21",25.7,-0.5,17700,5230800,"S"
"DBC","11:29:08",25.65,-0.55,800,5213100,"B"
"DBC","11:28:24",25.65,-0.55,5000,5212300,"B"
"DBC","11:28:17",25.65,-0.55,4000,5207300,"B"
"DBC","11:28:04",25.7,-0.5,5000,5203300,"S"
"DBC","11:28:04",25.7,-0.5,10000,5198300,"S"
"DBC","11:27:11",25.6,-0.6,10100,5188300,"B"
"DBC","11:27:11",25.65,-0.55,14900,5178200,"B"
"DBC","11:26:01",25.65,-0.55,400,5163300,"B"
"DBC","11:25:48",25.65,-0.55,2000,5162900,"B"
"DBC","11:25:48",25.65,-0.55,12400,5160900,"S"
"DBC","11:25:47",25.65,-0.55,500,5148500,"S"
"DBC","11:25:14",25.65,-0.55,500,5148000,"S"
"DBC","11:25:08",25.65,-0.55,2000,5147500,"S"
"DBC","11:24:59",25.65,-0.55,1000,5145500,"S"
"DBC","11:24:54",25.65,-0.55,15000,5144500,"S"
"DBC","11:24:53",25.65,-0.55,2800,5129500,"S"
"DBC","11:24:39",25.65,-0.55,400,5126700,"S"
"DBC","11:24:35",25.65,-0.55,100,5126300,"S"
"DBC","11:24:10",25.65,-0.55,100,5126200,"S"
"DBC","11:24:01",25.65,-0.55,21200,5126100,"B"
"DBC","11:23:52",25.65,-0.55,25000,5104900,"B"
"DBC","11:23:44",25.7,-0.5,500,5079900,"S"
"DBC","11:23:03",25.7,-0.5,300,5079400,"S"
"DBC","11:22:49",25.7,-0.5,2000,5079100,"S"
"DBC","11:21:51",25.7,-0.5,6600,5077100,"B"
"DBC","11:19:58",25.7,-0.5,2400,5070500,"S"
"DBC","11:19:40",25.7,-0.5,200,5068100,"S"
"DBC","11:19:34",25.7,-0.5,10000,5067900,"S"
"DBC","11:19:23",25.7,-0.5,200,5057900,"S"
"DBC","11:19:18",25.65,-0.55,800,5057700,"B"
"DBC","11:19:14",25.65,-0.55,30000,5056900,"B"
"DBC","11:17:54",25.7,-0.5,23400,5026900,"B"
"DBC","11:17:29",25.7,-0.5,5000,5003500,"B"
"DBC","11:16:38",25.7,-0.5,200,4998500,"B"
"DBC","11:16:01",25.7,-0.5,2400,4998300,"S"
"DBC","11:15:58",25.7,-0.5,100,4995900,"S"
"DBC","11:15:57",25.7,-0.5,200,4995800,"S"
"DBC","11:15:50",25.7,-0.5,1000,4995600,"S"
"DBC","11:15:38",25.7,-0.5,300,4994600,"S"
"DBC","11:15:29",25.7,-0.5,26000,4994300,"B"
"DBC","11:14:13",25.75,-0.45,1200,4968300,"S"
"DBC","11:14:09",25.7,-0.5,30000,4967100,"B"
"DBC","11:13:33",25.75,-0.45,2000,4937100,"S"
"DBC","11:12:20",25.7,-0.5,500,4935100,"B"
"DBC","11:12:19",25.75,-0.45,2000,4934600,"S"
"DBC","11:12:10",25.7,-0.5,500,4932600,"B"
"DBC","11:11:40",25.7,-0.5,1300,4932100,"B"
"DBC","11:11:32",25.7,-0.5,1100,4930800,"S"
"DBC","11:11:21",25.7,-0.5,500,4929700,"S"
"DBC","11:11:12",25.7,-0.5,1000,4929200,"S"
"DBC","11:11:07",25.7,-0.5,500,4928200,"S"
"DBC","11:10:38",25.7,-0.5,500,4927700,"S"
"DBC","11:10:15",25.7,-0.5,100,4927200,"S"
"DBC","11:10:06",25.7,-0.5,3600,4927100,"B"
"DBC","11:09:54",25.7,-0.5,600,4923500,"B"
"DBC","11:07:43",25.7,-0.5,300,4922900,"S"
"DBC","11:07:35",25.7,-0.5,1000,4922600,"S"
"DBC","11:07:17",25.7,-0.5,300,4921600,"S"
"DBC","11:07:12",25.7,-0.5,2000,4921300,"S"
"DBC","11:07:01",25.7,-0.5,16400,4919300,"B"
"DBC","11:05:27",25.7,-0.5,4100,4902900,"S"
"DBC","11:04:59",25.7,-0.5,500,4898800,"S"
"DBC","11:04:57",25.7,-0.5,500,4898300,"S"
"DBC","11:04:41",25.7,-0.5,200,4897800,"S"
"DBC","11:04:12",25.7,-0.5,4700,4897600,"B"
"DBC","11:03:56",25.7,-0.5,500,4892900,"S"
"DBC","11:03:48",25.65,-0.55,6300,4892400,"B"
"DBC","11:03:47",25.7,-0.5,3700,4886100,"B"
"DBC","11:03:47",25.7,-0.5,200,4882400,"B"
"DBC","11:03:43",25.7,-0.5,12900,4882200,"B"
"DBC","11:03:42",25.7,-0.5,7100,4869300,"B"
"DBC","11:03:33",25.7,-0.5,30000,4862200,"B"
"DBC","11:02:04",25.75,-0.45,20000,4832200,"S"
"DBC","11:01:35",25.75,-0.45,300,4812200,"S"
"DBC","11:01:16",25.75,-0.45,28600,4811900,"B"
"DBC","11:00:57",25.75,-0.45,25000,4783300,"B"
"DBC","11:00:51",25.8,-0.4,100,4758300,"S"
"DBC","11:00:13",25.8,-0.4,1000,4758200,"S"
"DBC","10:59:57",25.8,-0.4,300,4757200,"S"
"DBC","10:59:48",25.8,-0.4,18600,4756900,"B"
"DBC","10:59:44",25.8,-0.4,50000,4738300,"B"
"DBC","10:59:40",25.8,-0.4,30000,4688300,"B"
"DBC","10:59:16",25.85,-0.35,100,4658300,"S"
"DBC","10:59:06",25.85,-0.35,200,4658200,"S"
"DBC","10:59:03",25.85,-0.35,1000,4658000,"S"
"DBC","10:59:00",25.85,-0.35,125400,4657000,"B"
"DBC","10:58:56",25.9,-0.3,500,4531600,"S"
"DBC","10:58:24",25.9,-0.3,200,4531100,"S"
"DBC","10:58:20",25.9,-0.3,10000,4530900,"S"
"DBC","10:58:14",25.9,-0.3,600,4520900,"B"
"DBC","10:58:04",25.9,-0.3,6800,4520300,"B"
"DBC","10:57:49",25.9,-0.3,500,4513500,"B"
"DBC","10:57:28",25.95,-0.25,1000,4513000,"S"
"DBC","10:57:26",25.95,-0.25,100,4512000,"S"
"DBC","10:57:14",25.95,-0.25,1500,4511900,"S"
"DBC","10:57:11",25.9,-0.3,1900,4510400,"B"
"DBC","10:57:05",25.9,-0.3,13400,4508500,"S"
"DBC","10:56:54",25.9,-0.3,2000,4495100,"S"
"DBC","10:56:52",25.9,-0.3,400,4493100,"S"
"DBC","10:56:36",25.9,-0.3,15200,4492700,"B"
"DBC","10:56:30",25.95,-0.25,1000,4477500,"S"
"DBC","10:56:18",25.9,-0.3,4800,4476500,"S"
"DBC","10:56:06",25.9,-0.3,30000,4471700,"S"
"DBC","10:55:54",25.9,-0.3,1000,4441700,"S"
"DBC","10:55:46",25.9,-0.3,1000,4440700,"S"
"DBC","10:55:41",25.9,-0.3,5000,4439700,"S"
"DBC","10:55:33",25.9,-0.3,25000,4434700,"S"
"DBC","10:55:27",25.9,-0.3,5000,4409700,"S"
"DBC","10:55:19",25.9,-0.3,7000,4404700,"S"
"DBC","10:55:17",25.85,-0.35,200,4397700,"B"
"DBC","10:55:01",25.85,-0.35,2500,4397500,"S"
"DBC","10:54:50",25.85,-0.35,1000,4395000,"S"
"DBC","10:54:41",25.85,-0.35,100,4394000,"S"
"DBC","10:54:25",25.85,-0.35,2000,4393900,"S"
"DBC","10:54:21",25.85,-0.35,1000,4391900,"S"
"DBC","10:54:19",25.85,-0.35,100,4390900,"S"
"DBC","10:54:11",25.85,-0.35,800,4390800,"S"
"DBC","10:54:05",25.85,-0.35,22500,4390000,"B"
"DBC","10:53:52",25.85,-0.35,6900,4367500,"S"
"DBC","10:53:35",25.85,-0.35,100,4360600,"S"
"DBC","10:53:26",25.85,-0.35,1500,4360500,"S"
"DBC","10:53:20",25.85,-0.35,700,4359000,"S"
"DBC","10:53:16",25.85,-0.35,11800,4358300,"B"
"DBC","10:53:11",25.9,-0.3,15000,4346500,"S"
"DBC","10:52:52",25.9,-0.3,15000,4331500,"S"
"DBC","10:52:31",25.9,-0.3,700,4316500,"S"
"DBC","10:52:02",25.85,-0.35,12500,4315800,"S"
"DBC","10:51:55",25.85,-0.35,3000,4303300,"S"
"DBC","10:51:25",25.8,-0.4,4200,4300300,"S"
"DBC","10:51:24",25.8,-0.4,400,4296100,"S"
"DBC","10:51:09",25.8,-0.4,700,4295700,"S"
"DBC","10:50:59",25.8,-0.4,34700,4295000,"B"
"DBC","10:50:57",25.8,-0.4,10000,4260300,"B"
"DBC","10:50:54",25.85,-0.35,10000,4250300,"S"
"DBC","10:50:53",25.8,-0.4,1000,4240300,"B"
"DBC","10:50:41",25.8,-0.4,10000,4239300,"B"
"DBC","10:50:33",25.8,-0.4,10000,4229300,"B"
"DBC","10:50:04",25.8,-0.4,200,4219300,"B"
"DBC","10:49:47",25.85,-0.35,2900,4219100,"S"
"DBC","10:49:22",25.85,-0.35,7700,4216200,"B"
"DBC","10:48:35",25.85,-0.35,200,4208500,"B"
"DBC","10:48:27",25.85,-0.35,12100,4208300,"S"
"DBC","10:48:21",25.85,-0.35,100,4196200,"S"
"DBC","10:47:53",25.85,-0.35,2800,4196100,"B"
"DBC","10:47:02",25.85,-0.35,5000,4193300,"B"
"DBC","10:46:37",25.85,-0.35,2400,4188300,"S"
"DBC","10:45:48",25.85,-0.35,500,4185900,"S"
"DBC","10:45:27",25.85,-0.35,5000,4185400,"S"
"DBC","10:45:21",25.85,-0.35,2100,4180400,"B"
"DBC","10:44:50",25.85,-0.35,12900,4178300,"S"
"DBC","10:44:47",25.85,-0.35,15000,4165400,"S"
"DBC","10:44:21",25.85,-0.35,8100,4150400,"B"
"DBC","10:43:28",25.9,-0.3,500,4142300,"S"
"DBC","10:43:26",25.9,-0.3,1000,4141800,"S"
"DBC","10:43:24",25.9,-0.3,1300,4140800,"S"
"DBC","10:43:19",25.9,-0.3,100,4139500,"S"
"DBC","10:43:05",25.9,-0.3,1100,4139400,"B"
"DBC","10:42:44",25.9,-0.3,200,4138300,"B"
"DBC","10:42:33",25.95,-0.25,100,4138100,"S"
"DBC","10:42:30",25.9,-0.3,500,4138000,"B"
"DBC","10:42:17",25.95,-0.25,2000,4137500,"S"
"DBC","10:42:14",25.9,-0.3,10000,4135500,"B"
"DBC","10:42:03",25.9,-0.3,20600,4125500,"S"
"DBC","10:42:00",25.9,-0.3,100,4104900,"S"
"DBC","10:41:38",25.9,-0.3,5000,4104800,"S"
"DBC","10:41:23",25.9,-0.3,10000,4099800,"S"
"DBC","10:41:09",25.85,-0.35,1000,4089800,"B"
"DBC","10:40:58",25.9,-0.3,1000,4088800,"S"
"DBC","10:40:49",25.85,-0.35,500,4087800,"B"
"DBC","10:40:38",25.85,-0.35,300,4087300,"B"
"DBC","10:40:30",25.85,-0.35,700,4087000,"B"
"DBC","10:40:20",25.9,-0.3,1000,4086300,"S"
"DBC","10:39:59",25.85,-0.35,200,4085300,"B"
"DBC","10:39:56",25.9,-0.3,200,4085100,"S"
"DBC","10:39:49",25.85,-0.35,1500,4084900,"B"
"DBC","10:39:45",25.9,-0.3,500,4083400,"S"
"DBC","10:39:44",25.85,-0.35,500,4082900,"B"
"DBC","10:39:42",25.9,-0.3,300,4082400,"S"
"DBC","10:39:36",25.9,-0.3,900,4082100,"S"
"DBC","10:39:33",25.9,-0.3,200,4081200,"S"
"DBC","10:39:31",25.9,-0.3,15000,4081000,"S"
"DBC","10:39:26",25.9,-0.3,10000,4066000,"S"
"DBC","10:39:17",25.9,-0.3,2000,4056000,"S"
"DBC","10:39:09",25.85,-0.35,9500,4054000,"S"
"DBC","10:39:05",25.85,-0.35,20000,4044500,"S"
"DBC","10:38:48",25.85,-0.35,3000,4024500,"S"
"DBC","10:38:43",25.85,-0.35,500,4021500,"S"
"DBC","10:38:37",25.85,-0.35,1000,4021000,"S"
"DBC","10:38:36",25.85,-0.35,3000,4020000,"S"
"DBC","10:38:35",25.85,-0.35,30000,4017000,"S"
"DBC","10:38:32",25.85,-0.35,2700,3987000,"S"
"DBC","10:38:24",25.85,-0.35,5400,3984300,"S"
"DBC","10:38:12",25.85,-0.35,1000,3978900,"S"
"DBC","10:38:11",25.85,-0.35,1000,3977900,"S"
"DBC","10:38:05",25.85,-0.35,13000,3976900,"S"
"DBC","10:38:04",25.85,-0.35,15000,3963900,"S"
"DBC","10:37:57",25.85,-0.35,15000,3948900,"S"
"DBC","10:37:20",25.8,-0.4,10000,3933900,"B"
"DBC","10:37:09",25.8,-0.4,10000,3923900,"B"
"DBC","10:37:08",25.85,-0.35,5000,3913900,"S"
"DBC","10:36:59",25.8,-0.4,600,3908900,"S"
"DBC","10:36:54",25.8,-0.4,5000,3908300,"S"
"DBC","10:36:53",25.8,-0.4,900,3903300,"S"
"DBC","10:36:47",25.8,-0.4,100,3902400,"S"
"DBC","10:36:45",25.8,-0.4,20000,3902300,"S"
"DBC","10:36:40",25.8,-0.4,2000,3882300,"S"
"DBC","10:36:32",25.8,-0.4,1200,3880300,"S"
"DBC","10:36:26",25.8,-0.4,2000,3879100,"S"
"DBC","10:36:24",25.8,-0.4,300,3877100,"S"
"DBC","10:35:55",25.8,-0.4,20000,3876800,"S"
"DBC","10:34:29",25.75,-0.45,9500,3856800,"S"
"DBC","10:34:25",25.75,-0.45,500,3847300,"S"
"DBC","10:34:24",25.75,-0.45,100,3846800,"S"
"DBC","10:34:23",25.75,-0.45,100,3846700,"S"
"DBC","10:34:19",25.75,-0.45,30800,3846600,"B"
"DBC","10:34:16",25.8,-0.4,15000,3815800,"S"
"DBC","10:34:11",25.8,-0.4,15000,3800800,"S"
"DBC","10:34:10",25.8,-0.4,1500,3785800,"S"
"DBC","10:33:30",25.75,-0.45,3600,3784300,"S"
"DBC","10:33:23",25.75,-0.45,20000,3780700,"S"
"DBC","10:33:03",25.75,-0.45,1000,3760700,"S"
"DBC","10:33:00",25.7,-0.5,1500,3759700,"B"
"DBC","10:32:57",25.7,-0.5,18300,3758200,"S"
"DBC","10:32:55",25.7,-0.5,15000,3739900,"S"
"DBC","10:32:49",25.7,-0.5,15000,3724900,"S"
"DBC","10:32:45",25.7,-0.5,5000,3709900,"S"
"DBC","10:32:24",25.7,-0.5,500,3704900,"S"
"DBC","10:32:15",25.7,-0.5,2000,3704400,"S"
"DBC","10:32:11",25.65,-0.55,700,3702400,"S"
"DBC","10:32:06",25.65,-0.55,500,3701700,"S"
"DBC","10:31:57",25.65,-0.55,500,3701200,"S"
"DBC","10:31:51",25.65,-0.55,5000,3700700,"S"
"DBC","10:31:47",25.65,-0.55,1000,3695700,"S"
"DBC","10:31:44",25.65,-0.55,500,3694700,"S"
"DBC","10:31:32",25.65,-0.55,11800,3694200,"B"
"DBC","10:31:27",25.7,-0.5,5000,3682400,"S"
"DBC","10:30:37",25.65,-0.55,18000,3677400,"S"
"DBC","10:30:13",25.65,-0.55,500,3659400,"S"
"DBC","10:30:07",25.65,-0.55,1000,3658900,"S"
"DBC","10:30:03",25.65,-0.55,1000,3657900,"S"
"DBC","10:29:58",25.65,-0.55,500,3656900,"S"
"DBC","10:29:32",25.65,-0.55,800,3656400,"S"
"DBC","10:29:03",25.65,-0.55,100,3655600,"S"
"DBC","10:28:49",25.65,-0.55,1000,3655500,"S"
"DBC","10:28:44",25.65,-0.55,1000,3654500,"S"
"DBC","10:28:40",25.6,-0.6,1200,3653500,"B"
"DBC","10:28:01",25.6,-0.6,7400,3652300,"S"
"DBC","10:27:58",25.6,-0.6,1000,3644900,"S"
"DBC","10:27:54",25.6,-0.6,6600,3643900,"B"
"DBC","10:27:10",25.6,-0.6,700,3637300,"S"
"DBC","10:27:07",25.6,-0.6,9300,3636600,"B"
"DBC","10:25:57",25.65,-0.55,1500,3627300,"S"
"DBC","10:25:51",25.6,-0.6,12200,3625800,"S"
"DBC","10:25:35",25.6,-0.6,100,3613600,"S"
"DBC","10:24:55",25.6,-0.6,300,3613500,"S"
"DBC","10:24:51",25.55,-0.65,1600,3613200,"S"
"DBC","10:24:49",25.55,-0.65,5000,3611600,"S"
"DBC","10:24:46",25.55,-0.65,800,3606600,"S"
"DBC","10:24:40",25.55,-0.65,500,3605800,"S"
"DBC","10:24:37",25.55,-0.65,500,3605300,"S"
"DBC","10:24:32",25.55,-0.65,4300,3604800,"S"
"DBC","10:24:30",25.55,-0.65,500,3600500,"S"
"DBC","10:24:25",25.55,-0.65,500,3600000,"S"
"DBC","10:24:15",25.55,-0.65,16300,3599500,"B"
"DBC","10:23:37",25.6,-0.6,900,3583200,"S"
"DBC","10:23:17",25.55,-0.65,1000,3582300,"B"
"DBC","10:22:40",25.6,-0.6,1000,3581300,"S"
"DBC","10:22:08",25.6,-0.6,500,3580300,"S"
"DBC","10:22:07",25.55,-0.65,100,3579800,"S"
"DBC","10:21:54",25.55,-0.65,900,3579700,"S"
"DBC","10:21:49",25.55,-0.65,200,3578800,"S"
"DBC","10:21:41",25.55,-0.65,800,3578600,"B"
"DBC","10:21:37",25.55,-0.65,10000,3577800,"B"
"DBC","10:21:31",25.6,-0.6,5000,3567800,"S"
"DBC","10:21:28",25.6,-0.6,500,3562800,"S"
"DBC","10:21:18",25.55,-0.65,40000,3562300,"B"
"DBC","10:21:10",25.6,-0.6,5000,3522300,"S"
"DBC","10:21:00",25.6,-0.6,500,3517300,"S"
"DBC","10:20:58",25.55,-0.65,500,3516800,"B"
"DBC","10:19:45",25.6,-0.6,200,3516300,"S"
"DBC","10:19:26",25.55,-0.65,4500,3516100,"B"
"DBC","10:18:57",25.6,-0.6,3000,3511600,"S"
"DBC","10:18:48",25.6,-0.6,25600,3508600,"B"
"DBC","10:18:47",25.6,-0.6,2200,3483000,"B"
"DBC","10:18:47",25.6,-0.6,1000,3480800,"B"
"DBC","10:18:43",25.6,-0.6,20000,3479800,"B"
"DBC","10:18:32",25.6,-0.6,30000,3459800,"B"
"DBC","10:18:32",25.6,-0.6,700,3429800,"B"
"DBC","10:17:43",25.6,-0.6,30000,3429100,"B"
"DBC","10:17:40",25.65,-0.55,100,3399100,"S"
"DBC","10:17:30",25.65,-0.55,1200,3399000,"S"
"DBC","10:16:55",25.6,-0.6,500,3397800,"B"
"DBC","10:16:54",25.65,-0.55,1000,3397300,"S"
"DBC","10:16:46",25.65,-0.55,5000,3396300,"S"
"DBC","10:16:43",25.65,-0.55,7900,3391300,"B"
"DBC","10:16:07",25.65,-0.55,1500,3383400,"S"
"DBC","10:16:06",25.65,-0.55,200,3381900,"S"
"DBC","10:15:50",25.65,-0.55,400,3381700,"S"
"DBC","10:15:49",25.65,-0.55,500,3381300,"S"
"DBC","10:15:30",25.65,-0.55,200,3380800,"S"
"DBC","10:15:22",25.65,-0.55,17200,3380600,"B"
"DBC","10:15:17",25.65,-0.55,30000,3363400,"B"
"DBC","10:14:32",25.7,-0.5,1000,3333400,"B"
"DBC","10:14:32",25.7,-0.5,6300,3332400,"B"
"DBC","10:14:07",25.7,-0.5,500,3326100,"B"
"DBC","10:13:35",25.7,-0.5,8700,3325600,"S"
"DBC","10:13:23",25.7,-0.5,1300,3316900,"B"
"DBC","10:13:10",25.7,-0.5,10000,3315600,"B"
"DBC","10:12:58",25.75,-0.45,2200,3305600,"S"
"DBC","10:12:39",25.75,-0.45,1000,3303400,"S"
"DBC","10:12:27",25.7,-0.5,4500,3302400,"S"
"DBC","10:12:25",25.7,-0.5,8900,3297900,"S"
"DBC","10:12:19",25.7,-0.5,1000,3289000,"S"
"DBC","10:11:59",25.7,-0.5,1000,3288000,"S"
"DBC","10:11:37",25.7,-0.5,5000,3287000,"S"
"DBC","10:11:17",25.7,-0.5,4000,3282000,"S"
"DBC","10:11:15",25.7,-0.5,3000,3278000,"S"
"DBC","10:11:02",25.7,-0.5,400,3275000,"S"
"DBC","10:10:48",25.7,-0.5,13600,3274600,"B"
"DBC","10:10:47",25.7,-0.5,8600,3261000,"B"
"DBC","10:10:28",25.75,-0.45,2500,3252400,"S"
"DBC","10:10:21",25.75,-0.45,200,3249900,"S"
"DBC","10:10:10",25.75,-0.45,2000,3249700,"S"
"DBC","10:10:02",25.75,-0.45,2000,3247700,"S"
"DBC","10:09:41",25.75,-0.45,4900,3245700,"B"
"DBC","10:09:35",25.75,-0.45,5000,3240800,"B"
"DBC","10:09:04",25.75,-0.45,10000,3235800,"B"
"DBC","10:08:58",25.8,-0.4,500,3225800,"S"
"DBC","10:08:53",25.8,-0.4,100,3225300,"S"
"DBC","10:08:49",25.8,-0.4,1000,3225200,"S"
"DBC","10:08:38",25.8,-0.4,6000,3224200,"S"
"DBC","10:08:35",25.8,-0.4,6200,3218200,"B"
"DBC","10:08:33",25.8,-0.4,5000,3212000,"B"
"DBC","10:08:23",25.8,-0.4,500,3207000,"B"
"DBC","10:08:10",25.8,-0.4,100,3206500,"S"
"DBC","10:08:03",25.8,-0.4,100,3206400,"S"
"DBC","10:08:03",25.8,-0.4,1400,3206300,"S"
"DBC","10:08:01",25.8,-0.4,1000,3204900,"S"
"DBC","10:08:00",25.8,-0.4,1000,3203900,"S"
"DBC","10:07:58",25.8,-0.4,20000,3202900,"S"
"DBC","10:07:53",25.8,-0.4,100,3182900,"S"
"DBC","10:07:48",25.8,-0.4,600,3182800,"S"
"DBC","10:07:38",25.8,-0.4,50000,3182200,"S"
"DBC","10:07:37",25.75,-0.45,5900,3132200,"S"
"DBC","10:07:36",25.75,-0.45,100,3126300,"S"
"DBC","10:07:25",25.75,-0.45,1600,3126200,"S"
"DBC","10:07:23",25.75,-0.45,50000,3124600,"S"
"DBC","10:07:22",25.75,-0.45,15000,3074600,"S"
"DBC","10:07:17",25.75,-0.45,5000,3059600,"S"
"DBC","10:07:08",25.7,-0.5,400,3054600,"B"
"DBC","10:07:07",25.75,-0.45,15000,3054200,"S"
"DBC","10:06:41",25.7,-0.5,3500,3039200,"B"
"DBC","10:06:39",25.7,-0.5,3000,3035700,"S"
"DBC","10:06:36",25.7,-0.5,1000,3032700,"S"
"DBC","10:06:35",25.7,-0.5,4000,3031700,"S"
"DBC","10:06:31",25.7,-0.5,500,3027700,"S"
"DBC","10:06:31",25.7,-0.5,1500,3027200,"B"
"DBC","10:06:20",25.65,-0.55,2000,3025700,"B"
"DBC","10:06:20",25.7,-0.5,3000,3023700,"B"
"DBC","10:06:07",25.7,-0.5,1100,3020700,"S"
"DBC","10:06:06",25.7,-0.5,1500,3019600,"S"
"DBC","10:06:04",25.7,-0.5,500,3018100,"S"
"DBC","10:06:02",25.7,-0.5,1100,3017600,"S"
"DBC","10:05:59",25.7,-0.5,500,3016500,"S"
"DBC","10:05:55",25.7,-0.5,20000,3016000,"S"
"DBC","10:05:54",25.7,-0.5,5000,2996000,"S"
"DBC","10:05:51",25.7,-0.5,500,2991000,"S"
"DBC","10:05:43",25.7,-0.5,15000,2990500,"S"
"DBC","10:05:40",25.7,-0.5,1000,2975500,"S"
"DBC","10:05:36",25.7,-0.5,15000,2974500,"S"
"DBC","10:05:28",25.7,-0.5,10000,2959500,"S"
"DBC","10:05:15",25.65,-0.55,10000,2949500,"B"
"DBC","10:05:15",25.7,-0.5,10000,2939500,"S"
"DBC","10:04:58",25.65,-0.55,16400,2929500,"S"
"DBC","10:04:56",25.65,-0.55,500,2913100,"S"
"DBC","10:04:50",25.6,-0.6,3700,2912600,"B"
"DBC","10:04:27",25.6,-0.6,4100,2908900,"B"
"DBC","10:04:17",25.65,-0.55,3000,2904800,"S"
"DBC","10:04:05",25.65,-0.55,500,2901800,"S"
"DBC","10:03:53",25.5,-0.7,122300,2901300,"B"
"DBC","10:03:53",25.6,-0.6,21500,2701300,"B"
"DBC","10:03:50",25.65,-0.55,5000,2679800,"S"
"DBC","10:03:44",25.6,-0.6,23500,2674800,"S"
"DBC","10:03:43",25.6,-0.6,1500,2651300,"S"
"DBC","10:03:40",25.6,-0.6,500,2649800,"S"
"DBC","10:03:37",25.6,-0.6,1000,2649300,"S"
"DBC","10:03:37",25.6,-0.6,10000,2648300,"S"
"DBC","10:03:35",25.6,-0.6,500,2638300,"S"
"DBC","10:03:16",25.6,-0.6,1000,2637800,"S"
"DBC","10:02:52",25.55,-0.65,1000,2636800,"S"
"DBC","10:02:50",25.55,-0.65,1900,2635800,"S"
"DBC","10:02:39",25.55,-0.65,27100,2633900,"B"
"DBC","10:02:38",25.6,-0.6,1000,2606800,"S"
"DBC","10:02:35",25.55,-0.65,1000,2605800,"B"
"DBC","10:02:14",25.6,-0.6,300,2604800,"S"
"DBC","10:02:00",25.6,-0.6,24700,2604500,"B"
"DBC","10:01:59",25.65,-0.55,200,2579800,"S"
"DBC","10:01:55",25.65,-0.55,400,2579600,"S"
"DBC","10:01:47",25.65,-0.55,10000,2579200,"S"
"DBC","10:01:41",25.65,-0.55,5000,2569200,"S"
"DBC","10:01:27",25.65,-0.55,8000,2564200,"S"
"DBC","10:01:22",25.6,-0.6,10000,2556200,"B"
"DBC","10:01:08",25.6,-0.6,46300,2546200,"S"
"DBC","10:01:07",25.6,-0.6,1000,2499900,"S"
"DBC","10:00:55",25.6,-0.6,5000,2498900,"S"
"DBC","10:00:40",25.55,-0.65,10000,2493900,"B"
"DBC","10:00:28",25.6,-0.6,400,2483900,"S"
"DBC","10:00:22",25.55,-0.65,21300,2483500,"S"
"DBC","10:00:07",25.55,-0.65,500,2462200,"S"
"DBC","09:59:54",25.55,-0.65,100,2461700,"S"
"DBC","09:59:53",25.55,-0.65,100,2461600,"S"
"DBC","09:59:52",25.55,-0.65,500,2461500,"S"
"DBC","09:59:46",25.55,-0.65,500,2461000,"S"
"DBC","09:59:45",25.55,-0.65,100,2460500,"S"
"DBC","09:59:41",25.55,-0.65,17000,2460400,"B"
"DBC","09:59:37",25.6,-0.6,2500,2443400,"S"
"DBC","09:59:29",25.55,-0.65,5000,2440900,"B"
"DBC","09:59:10",25.55,-0.65,1300,2435900,"S"
"DBC","09:59:05",25.55,-0.65,400,2434600,"S"
"DBC","09:59:04",25.55,-0.65,500,2434200,"S"
"DBC","09:59:02",25.55,-0.65,2000,2433700,"S"
"DBC","09:59:02",25.55,-0.65,800,2431700,"B"
"DBC","09:58:58",25.55,-0.65,2300,2430900,"B"
"DBC","09:58:50",25.55,-0.65,800,2428600,"S"
"DBC","09:58:48",25.55,-0.65,100,2427800,"S"
"DBC","09:58:46",25.55,-0.65,5000,2427700,"S"
"DBC","09:58:46",25.55,-0.65,10200,2422700,"S"
"DBC","09:58:28",25.55,-0.65,1000,2412500,"S"
"DBC","09:58:21",25.55,-0.65,2000,2411500,"S"
"DBC","09:58:17",25.55,-0.65,2500,2409500,"S"
"DBC","09:58:09",25.55,-0.65,100,2407000,"S"
"DBC","09:57:54",25.55,-0.65,1000,2406900,"S"
"DBC","09:57:53",25.55,-0.65,400,2405900,"S"
"DBC","09:57:48",25.55,-0.65,2200,2405500,"S"
"DBC","09:57:46",25.55,-0.65,1400,2403300,"S"
"DBC","09:57:42",25.55,-0.65,8400,2401900,"B"
"DBC","09:57:10",25.55,-0.65,6300,2393500,"S"
"DBC","09:57:05",25.55,-0.65,300,2387200,"S"
"DBC","09:57:03",25.55,-0.65,2500,2386900,"S"
"DBC","09:57:02",25.55,-0.65,400,2384400,"S"
"DBC","09:56:58",25.55,-0.65,10000,2384000,"S"
"DBC","09:56:40",25.55,-0.65,1000,2374000,"S"
"DBC","09:56:24",25.5,-0.7,600,2373000,"S"
"DBC","09:56:22",25.5,-0.7,1000,2372400,"S"
"DBC","09:56:13",25.5,-0.7,1000,2371400,"S"
"DBC","09:56:09",25.5,-0.7,5000,2370400,"S"
"DBC","09:56:04",25.5,-0.7,5000,2365400,"S"
"DBC","09:55:55",25.5,-0.7,2100,2360400,"S"
"DBC","09:55:46",25.5,-0.7,4600,2358300,"S"
"DBC","09:55:35",25.5,-0.7,15000,2353700,"S"
"DBC","09:55:34",25.5,-0.7,3000,2338700,"S"
"DBC","09:55:04",25.5,-0.7,1400,2335700,"B"
"DBC","09:54:53",25.5,-0.7,20000,2334300,"B"
"DBC","09:54:53",25.55,-0.65,500,2314300,"S"
"DBC","09:54:25",25.5,-0.7,9000,2313800,"B"
"DBC","09:54:24",25.5,-0.7,10100,2304800,"B"
"DBC","09:54:24",25.5,-0.7,39900,2294700,"B"
"DBC","09:54:22",25.55,-0.65,500,2254800,"S"
"DBC","09:54:18",25.5,-0.7,25000,2254300,"B"
"DBC","09:54:14",25.55,-0.65,1000,2229300,"S"
"DBC","09:54:09",25.5,-0.7,800,2228300,"B"
"DBC","09:53:57",25.55,-0.65,5000,2227500,"S"
"DBC","09:53:51",25.5,-0.7,2700,2222500,"B"
"DBC","09:53:51",25.55,-0.65,2300,2219800,"B"
"DBC","09:53:39",25.55,-0.65,12900,2217500,"S"
"DBC","09:53:38",25.5,-0.7,25000,2204600,"B"
"DBC","09:53:32",25.55,-0.65,5000,2179600,"S"
"DBC","09:53:22",25.5,-0.7,700,2174600,"B"
"DBC","09:53:21",25.5,-0.7,9000,2173900,"B"
"DBC","09:53:19",25.55,-0.65,500,2164900,"S"
"DBC","09:53:14",25.55,-0.65,1600,2164400,"B"
"DBC","09:52:56",25.55,-0.65,100,2162800,"S"
"DBC","09:52:50",25.55,-0.65,5000,2162700,"S"
"DBC","09:52:50",25.55,-0.65,300,2157700,"S"
"DBC","09:52:40",25.55,-0.65,100,2157400,"S"
"DBC","09:52:33",25.55,-0.65,4500,2157300,"B"
"DBC","09:52:31",25.6,-0.6,1000,2152800,"S"
"DBC","09:52:24",25.55,-0.65,20000,2151800,"B"
"DBC","09:52:12",25.55,-0.65,30000,2131800,"B"
"DBC","09:52:00",25.6,-0.6,10000,2101800,"S"
"DBC","09:51:58",25.6,-0.6,1000,2091800,"S"
"DBC","09:51:37",25.55,-0.65,100,2090800,"S"
"DBC","09:51:32",25.55,-0.65,1000,2090700,"S"
"DBC","09:51:30",25.55,-0.65,1000,2089700,"S"
"DBC","09:51:30",25.55,-0.65,3000,2088700,"S"
"DBC","09:51:26",25.55,-0.65,2000,2085700,"S"
"DBC","09:51:20",25.55,-0.65,12900,2083700,"B"
"DBC","09:51:09",25.6,-0.6,500,2070800,"S"
"DBC","09:50:55",25.6,-0.6,100,2070300,"S"
"DBC","09:50:29",25.55,-0.65,6600,2070200,"S"
"DBC","09:50:28",25.55,-0.65,2000,2063600,"S"
"DBC","09:50:14",25.55,-0.65,41400,2061600,"B"
"DBC","09:50:13",25.6,-0.6,1000,2020200,"S"
"DBC","09:50:11",25.6,-0.6,1000,2019200,"S"
"DBC","09:50:07",25.6,-0.6,10000,2018200,"S"
"DBC","09:50:04",25.6,-0.6,500,2008200,"S"
"DBC","09:50:03",25.6,-0.6,26800,2007700,"S"
"DBC","09:49:52",25.6,-0.6,1000,1980900,"S"
"DBC","09:49:42",25.6,-0.6,1000,1979900,"S"
"DBC","09:49:40",25.55,-0.65,30000,1978900,"B"
"DBC","09:49:35",25.6,-0.6,200,1948900,"S"
"DBC","09:49:23",25.6,-0.6,200,1948700,"S"
"DBC","09:49:22",25.6,-0.6,500,1948500,"S"
"DBC","09:49:19",25.55,-0.65,4000,1948000,"B"
"DBC","09:49:18",25.6,-0.6,100,1944000,"S"
"DBC","09:49:13",25.6,-0.6,500,1943900,"S"
"DBC","09:49:05",25.6,-0.6,500,1943400,"S"
"DBC","09:48:53",25.6,-0.6,2000,1942900,"S"
"DBC","09:48:51",25.6,-0.6,200,1940900,"S"
"DBC","09:48:49",25.6,-0.6,500,1940700,"S"
"DBC","09:48:47",25.6,-0.6,200,1940200,"S"
"DBC","09:48:45",25.6,-0.6,2000,1940000,"S"
"DBC","09:48:39",25.6,-0.6,900,1938000,"S"
"DBC","09:48:28",25.6,-0.6,9200,1937100,"B"
"DBC","09:48:17",25.65,-0.55,1000,1927900,"S"
"DBC","09:48:08",25.6,-0.6,5900,1926900,"S"
"DBC","09:48:05",25.6,-0.6,2200,1921000,"S"
"DBC","09:47:56",25.6,-0.6,12900,1918800,"B"
"DBC","09:47:29",25.6,-0.6,500,1905900,"B"
"DBC","09:47:24",25.6,-0.6,10000,1905400,"B"
"DBC","09:47:08",25.6,-0.6,5700,1895400,"B"
"DBC","09:47:01",25.65,-0.55,100,1889700,"S"
"DBC","09:46:55",25.65,-0.55,24200,1889600,"B"
"DBC","09:46:53",25.7,-0.5,500,1865400,"S"
"DBC","09:46:51",25.65,-0.55,1000,1864900,"B"
"DBC","09:46:42",25.7,-0.5,1500,1863900,"S"
"DBC","09:46:30",25.65,-0.55,27200,1862400,"S"
"DBC","09:46:17",25.6,-0.6,1000,1835200,"B"
"DBC","09:46:13",25.6,-0.6,6400,1834200,"S"
"DBC","09:46:10",25.6,-0.6,100,1827800,"S"
"DBC","09:46:03",25.6,-0.6,2000,1827700,"S"
"DBC","09:45:53",25.6,-0.6,11500,1825700,"B"
"DBC","09:45:52",25.6,-0.6,1000,1814200,"B"
"DBC","09:45:38",25.6,-0.6,800,1813200,"S"
"DBC","09:45:35",25.6,-0.6,100,1812400,"S"
"DBC","09:45:32",25.6,-0.6,200,1812300,"S"
"DBC","09:45:26",25.6,-0.6,1000,1812100,"S"
"DBC","09:45:24",25.6,-0.6,100,1811100,"S"
"DBC","09:45:20",25.6,-0.6,5000,1811000,"S"
"DBC","09:45:16",25.6,-0.6,100,1806000,"S"
"DBC","09:45:11",25.6,-0.6,1300,1805900,"S"
"DBC","09:45:10",25.6,-0.6,11400,1804600,"B"
"DBC","09:45:06",25.6,-0.6,200,1793200,"B"
"DBC","09:44:50",25.65,-0.55,200,1793000,"S"
"DBC","09:44:50",25.65,-0.55,600,1792800,"S"
"DBC","09:44:48",25.65,-0.55,100,1792200,"S"
"DBC","09:44:46",25.6,-0.6,37200,1792100,"B"
"DBC","09:44:46",25.6,-0.6,12800,1754900,"B"
"DBC","09:44:44",25.65,-0.55,2000,1742100,"S"
"DBC","09:44:30",25.65,-0.55,500,1740100,"S"
"DBC","09:44:16",25.65,-0.55,5000,1739600,"S"
"DBC","09:44:13",25.65,-0.55,700,1734600,"S"
"DBC","09:44:01",25.65,-0.55,10000,1733900,"S"
"DBC","09:43:41",25.65,-0.55,300,1723900,"S"
"DBC","09:43:33",25.6,-0.6,8200,1723600,"S"
"DBC","09:43:31",25.6,-0.6,300,1715400,"S"
"DBC","09:43:24",25.6,-0.6,200,1715100,"S"
"DBC","09:43:19",25.6,-0.6,1000,1714900,"S"
"DBC","09:43:16",25.6,-0.6,500,1713900,"S"
"DBC","09:43:12",25.6,-0.6,1000,1713400,"S"
"DBC","09:42:55",25.6,-0.6,500,1712400,"S"
"DBC","09:42:54",25.6,-0.6,1000,1711900,"S"
"DBC","09:42:52",25.6,-0.6,37300,1710900,"B"
"DBC","09:42:51",25.6,-0.6,1000,1673600,"B"
"DBC","09:42:48",25.65,-0.55,500,1672600,"S"
"DBC","09:42:30",25.65,-0.55,1000,1672100,"S"
"DBC","09:42:28",25.65,-0.55,500,1671100,"S"
"DBC","09:42:28",25.65,-0.55,200,1670600,"S"
"DBC","09:42:18",25.65,-0.55,2000,1670400,"S"
"DBC","09:42:17",25.65,-0.55,400,1668400,"S"
"DBC","09:42:13",25.65,-0.55,300,1668000,"S"
"DBC","09:41:56",25.65,-0.55,100,1667700,"S"
"DBC","09:41:47",25.6,-0.6,10000,1667600,"B"
"DBC","09:41:11",25.6,-0.6,8000,1657600,"B"
"DBC","09:41:06",25.65,-0.55,18900,1649600,"B"
"DBC","09:40:39",25.65,-0.55,10200,1630700,"S"
"DBC","09:40:33",25.65,-0.55,5000,1620500,"S"
"DBC","09:40:24",25.65,-0.55,10800,1615500,"B"
"DBC","09:39:59",25.6,-0.6,38300,1604700,"B"
"DBC","09:39:59",25.65,-0.55,9000,1566400,"B"
"DBC","09:39:53",25.65,-0.55,7000,1557400,"S"
"DBC","09:39:53",25.65,-0.55,1000,1550400,"S"
"DBC","09:39:44",25.65,-0.55,300,1549400,"S"
"DBC","09:39:39",25.65,-0.55,700,1549100,"S"
"DBC","09:39:35",25.65,-0.55,1000,1548400,"S"
"DBC","09:39:27",25.65,-0.55,6900,1547400,"B"
"DBC","09:39:26",25.65,-0.55,2300,1540500,"B"
"DBC","09:38:36",25.6,-0.6,20800,1538200,"B"
"DBC","09:38:36",25.65,-0.55,10300,1517400,"B"
"DBC","09:38:31",25.65,-0.55,600,1507100,"S"
"DBC","09:38:29",25.65,-0.55,19400,1506500,"B"
"DBC","09:38:28",25.7,-0.5,1000,1487100,"S"
"DBC","09:38:27",25.7,-0.5,1000,1486100,"S"
"DBC","09:38:18",25.7,-0.5,10000,1485100,"S"
"DBC","09:37:56",25.65,-0.55,100,1475100,"B"
"DBC","09:37:52",25.65,-0.55,300,1475000,"B"
"DBC","09:37:43",25.65,-0.55,9200,1474700,"S"
"DBC","09:37:39",25.65,-0.55,5000,1465500,"S"
"DBC","09:37:37",25.65,-0.55,35800,1460500,"B"
"DBC","09:37:26",25.7,-0.5,1000,1424700,"S"
"DBC","09:37:15",25.7,-0.5,400,1423700,"S"
"DBC","09:37:13",25.7,-0.5,100,1423300,"S"
"DBC","09:37:11",25.7,-0.5,300,1423200,"S"
"DBC","09:37:10",25.7,-0.5,6000,1422900,"B"
"DBC","09:36:45",25.7,-0.5,31000,1416900,"B"
"DBC","09:36:44",25.7,-0.5,20400,1385900,"S"
"DBC","09:36:33",25.7,-0.5,100,1365500,"S"
"DBC","09:36:33",25.7,-0.5,1900,1365400,"S"
"DBC","09:36:28",25.7,-0.5,3000,1363500,"S"
"DBC","09:36:24",25.7,-0.5,200,1360500,"S"
"DBC","09:36:21",25.7,-0.5,200,1360300,"S"
"DBC","09:36:19",25.65,-0.55,31200,1360100,"B"
"DBC","09:36:04",25.7,-0.5,30000,1328900,"S"
"DBC","09:36:01",25.7,-0.5,600,1298900,"S"
"DBC","09:35:51",25.7,-0.5,100,1298300,"S"
"DBC","09:35:43",25.7,-0.5,1700,1298200,"S"
"DBC","09:35:40",25.7,-0.5,5000,1296500,"S"
"DBC","09:35:34",25.7,-0.5,200,1291500,"S"
"DBC","09:35:29",25.7,-0.5,500,1291300,"S"
"DBC","09:35:21",25.7,-0.5,67100,1290800,"B"
"DBC","09:35:01",25.7,-0.5,3000,1223700,"B"
"DBC","09:34:57",25.75,-0.45,200,1220700,"S"
"DBC","09:34:54",25.75,-0.45,500,1220500,"S"
"DBC","09:34:49",25.75,-0.45,1000,1220000,"S"
"DBC","09:34:45",25.75,-0.45,100,1219000,"S"
"DBC","09:34:39",25.75,-0.45,800,1218900,"S"
"DBC","09:34:37",25.75,-0.45,500,1218100,"S"
"DBC","09:34:32",25.75,-0.45,24400,1217600,"B"
"DBC","09:34:31",25.8,-0.4,100,1193200,"S"
"DBC","09:34:26",25.8,-0.4,100,1193100,"S"
"DBC","09:34:20",25.8,-0.4,100,1193000,"S"
"DBC","09:34:19",25.8,-0.4,2000,1192900,"S"
"DBC","09:33:58",25.8,-0.4,300,1190900,"S"
"DBC","09:33:53",25.8,-0.4,600,1190600,"S"
"DBC","09:33:49",25.8,-0.4,100,1190000,"S"
"DBC","09:33:44",25.8,-0.4,2000,1189900,"S"
"DBC","09:33:40",25.8,-0.4,5200,1187900,"B"
"DBC","09:33:37",25.8,-0.4,50000,1182700,"B"
"DBC","09:33:35",25.85,-0.35,1000,1132700,"S"
"DBC","09:33:28",25.85,-0.35,300,1131700,"S"
"DBC","09:33:19",25.85,-0.35,1000,1131400,"S"
"DBC","09:33:17",25.85,-0.35,1000,1130400,"S"
"DBC","09:33:13",25.85,-0.35,500,1129400,"S"
"DBC","09:33:13",25.85,-0.35,500,1128900,"S"
"DBC","09:33:03",25.85,-0.35,1200,1128400,"S"
"DBC","09:33:00",25.85,-0.35,20900,1127200,"B"
"DBC","09:32:46",25.85,-0.35,1000,1106300,"B"
"DBC","09:32:19",25.9,-0.3,15000,1105300,"S"
"DBC","09:32:15",25.9,-0.3,15000,1090300,"S"
"DBC","09:32:15",25.8,-0.4,12000,1075300,"B"
"DBC","09:32:15",25.85,-0.35,23300,1063300,"B"
"DBC","09:32:14",25.85,-0.35,10700,1040000,"B"
"DBC","09:31:45",25.85,-0.35,11700,1029300,"S"
"DBC","09:31:43",25.85,-0.35,5000,1017600,"S"
"DBC","09:31:42",25.85,-0.35,500,1012600,"S"
"DBC","09:31:42",25.85,-0.35,900,1012100,"S"
"DBC","09:31:37",25.85,-0.35,10000,1011200,"S"
"DBC","09:31:31",25.85,-0.35,10000,1001200,"S"
"DBC","09:31:28",25.85,-0.35,1800,991200,"S"
"DBC","09:31:27",25.85,-0.35,400,989400,"S"
"DBC","09:31:25",25.85,-0.35,400,989000,"S"
"DBC","09:31:23",25.85,-0.35,1000,988600,"S"
"DBC","09:31:20",25.85,-0.35,20000,987600,"S"
"DBC","09:31:08",25.85,-0.35,100,967600,"S"
"DBC","09:31:04",25.85,-0.35,100,967500,"S"
"DBC","09:31:01",25.85,-0.35,100,967400,"S"
"DBC","09:30:52",25.85,-0.35,300,967300,"S"
"DBC","09:30:52",25.8,-0.4,2700,967000,"S"
"DBC","09:30:48",25.8,-0.4,20000,964300,"S"
"DBC","09:30:47",25.75,-0.45,1000,944300,"B"
"DBC","09:30:45",25.75,-0.45,3600,943300,"B"
"DBC","09:30:44",25.8,-0.4,300,939700,"S"
"DBC","09:30:42",25.8,-0.4,100,939400,"S"
"DBC","09:30:41",25.8,-0.4,5000,939300,"S"
"DBC","09:30:31",25.8,-0.4,5000,934300,"S"
"DBC","09:30:20",25.8,-0.4,7000,929300,"S"
"DBC","09:30:15",25.75,-0.45,1600,922300,"S"
"DBC","09:30:12",25.75,-0.45,1000,920700,"S"
"DBC","09:30:10",25.75,-0.45,500,919700,"S"
"DBC","09:30:08",25.75,-0.45,800,919200,"S"
"DBC","09:30:04",25.75,-0.45,11000,918400,"S"
"DBC","09:30:03",25.75,-0.45,16200,907400,"B"
"DBC","09:30:03",25.8,-0.4,10000,891200,"S"
"DBC","09:29:59",25.8,-0.4,100,881200,"S"
"DBC","09:29:59",25.8,-0.4,100,881100,"S"
"DBC","09:29:55",25.8,-0.4,500,881000,"S"
"DBC","09:29:49",25.8,-0.4,5000,880500,"S"
"DBC","09:29:46",25.75,-0.45,1000,875500,"B"
"DBC","09:29:36",25.8,-0.4,15000,874500,"S"
"DBC","09:29:35",25.75,-0.45,300,859500,"B"
"DBC","09:29:26",25.8,-0.4,700,859200,"S"
"DBC","09:29:18",25.8,-0.4,9900,858500,"S"
"DBC","09:29:18",25.75,-0.45,100,848600,"S"
"DBC","09:29:09",25.7,-0.5,3600,848500,"S"
"DBC","09:29:08",25.7,-0.5,2000,844900,"S"
"DBC","09:29:05",25.7,-0.5,500,842900,"S"
"DBC","09:29:04",25.7,-0.5,3000,842400,"S"
"DBC","09:29:03",25.7,-0.5,21900,839400,"B"
"DBC","09:28:49",25.75,-0.45,100,817500,"S"
"DBC","09:28:34",25.75,-0.45,100,817400,"S"
"DBC","09:28:27",25.7,-0.5,1200,817300,"S"
"DBC","09:28:23",25.7,-0.5,1500,816100,"S"
"DBC","09:28:18",25.7,-0.5,1000,814600,"S"
"DBC","09:28:15",25.65,-0.55,700,813600,"B"
"DBC","09:28:15",25.7,-0.5,1000,812900,"S"
"DBC","09:28:14",25.7,-0.5,100,811900,"S"
"DBC","09:28:12",25.7,-0.5,500,811800,"S"
"DBC","09:28:09",25.7,-0.5,8900,811300,"B"
"DBC","09:28:09",25.75,-0.45,6800,802400,"B"
"DBC","09:28:01",25.75,-0.45,3700,795600,"S"
"DBC","09:27:56",25.75,-0.45,500,791900,"S"
"DBC","09:27:55",25.75,-0.45,100,791400,"S"
"DBC","09:27:51",25.7,-0.5,8000,791300,"B"
"DBC","09:27:44",25.75,-0.45,5700,783300,"B"
"DBC","09:27:43",25.75,-0.45,4300,777600,"S"
"DBC","09:27:29",25.7,-0.5,1000,773300,"B"
"DBC","09:27:24",25.7,-0.5,100,772300,"B"
"DBC","09:27:19",25.7,-0.5,600,772200,"S"
"DBC","09:27:18",25.7,-0.5,1000,771600,"S"
"DBC","09:27:17",25.7,-0.5,1000,770600,"S"
"DBC","09:27:08",25.65,-0.55,1000,769600,"B"
"DBC","09:26:54",25.65,-0.55,2000,768600,"B"
"DBC","09:26:54",25.7,-0.5,1600,766600,"S"
"DBC","09:26:43",25.7,-0.5,200,765000,"S"
"DBC","09:26:42",25.7,-0.5,1000,764800,"S"
"DBC","09:26:41",25.7,-0.5,500,763800,"S"
"DBC","09:26:41",25.7,-0.5,1000,763300,"S"
"DBC","09:26:37",25.7,-0.5,100,762300,"S"
"DBC","09:26:36",25.7,-0.5,1100,762200,"S"
"DBC","09:26:30",25.7,-0.5,700,761100,"S"
"DBC","09:26:26",25.7,-0.5,20000,760400,"S"
"DBC","09:26:21",25.65,-0.55,1000,740400,"B"
"DBC","09:26:07",25.7,-0.5,1000,739400,"S"
"DBC","09:25:56",25.65,-0.55,30000,738400,"B"
"DBC","09:25:49",25.7,-0.5,1000,708400,"S"
"DBC","09:25:42",25.65,-0.55,21000,707400,"B"
"DBC","09:25:28",25.65,-0.55,20400,686400,"S"
"DBC","09:25:17",25.65,-0.55,2200,666000,"S"
"DBC","09:25:16",25.65,-0.55,1200,663800,"S"
"DBC","09:25:09",25.65,-0.55,700,662600,"S"
"DBC","09:25:01",25.65,-0.55,5000,661900,"S"
"DBC","09:25:00",25.6,-0.6,6000,656900,"B"
"DBC","09:24:57",25.65,-0.55,5000,650900,"S"
"DBC","09:24:52",25.6,-0.6,500,645900,"B"
"DBC","09:24:49",25.65,-0.55,10000,645400,"S"
"DBC","09:24:43",25.6,-0.6,3500,635400,"B"
"DBC","09:24:42",25.6,-0.6,3000,631900,"B"
"DBC","09:24:41",25.65,-0.55,1600,628900,"S"
"DBC","09:24:29",25.65,-0.55,5000,627300,"S"
"DBC","09:24:28",25.6,-0.6,5000,622300,"B"
"DBC","09:24:23",25.65,-0.55,1000,617300,"S"
"DBC","09:24:23",25.65,-0.55,200,616300,"S"
"DBC","09:24:20",25.65,-0.55,4300,616100,"B"
"DBC","09:24:11",25.65,-0.55,100,611800,"B"
"DBC","09:24:04",25.65,-0.55,3500,611700,"B"
"DBC","09:23:51",25.7,-0.5,100,608200,"S"
"DBC","09:23:49",25.7,-0.5,2000,608100,"S"
"DBC","09:23:48",25.65,-0.55,22300,606100,"B"
"DBC","09:23:45",25.65,-0.55,10000,583800,"B"
"DBC","09:23:40",25.65,-0.55,8000,573800,"B"
"DBC","09:23:33",25.65,-0.55,200,565800,"B"
"DBC","09:23:33",25.65,-0.55,200,565600,"B"
"DBC","09:23:02",25.7,-0.5,500,565400,"S"
"DBC","09:23:00",25.65,-0.55,6000,564900,"B"
"DBC","09:22:56",25.65,-0.55,400,558900,"B"
"DBC","09:22:49",25.65,-0.55,2200,558500,"B"
"DBC","09:22:47",25.65,-0.55,25000,556300,"B"
"DBC","09:22:40",25.7,-0.5,10000,531300,"S"
"DBC","09:22:37",25.65,-0.55,20200,521300,"B"
"DBC","09:22:27",25.65,-0.55,8000,501100,"B"
"DBC","09:22:25",25.7,-0.5,200,493100,"S"
"DBC","09:22:25",25.65,-0.55,2300,492900,"B"
"DBC","09:22:24",25.65,-0.55,3000,490600,"B"
"DBC","09:22:17",25.7,-0.5,300,487600,"S"
"DBC","09:22:16",25.7,-0.5,10000,487300,"S"
"DBC","09:22:14",25.7,-0.5,1000,477300,"S"
"DBC","09:21:52",25.7,-0.5,100,476300,"S"
"DBC","09:21:50",25.7,-0.5,100,476200,"S"
"DBC","09:21:47",25.7,-0.5,100,476100,"S"
"DBC","09:21:46",25.7,-0.5,500,476000,"S"
"DBC","09:21:44",25.7,-0.5,1000,475500,"S"
"DBC","09:21:34",25.7,-0.5,27300,474500,"B"
"DBC","09:21:24",25.7,-0.5,5000,447200,"B"
"DBC","09:21:23",25.7,-0.5,1000,442200,"B"
"DBC","09:21:19",25.7,-0.5,11500,441200,"B"
"DBC","09:21:14",25.7,-0.5,5000,429700,"B"
"DBC","09:21:08",25.7,-0.5,1400,424700,"B"
"DBC","09:21:07",25.8,-0.4,3000,423300,"S"
"DBC","09:20:47",25.8,-0.4,19800,420300,"B"
"DBC","09:20:41",25.8,-0.4,200,400500,"B"
"DBC","09:20:39",25.8,-0.4,6000,400300,"B"
"DBC","09:20:33",25.8,-0.4,600,394300,"B"
"DBC","09:20:33",25.85,-0.35,500,393700,"S"
"DBC","09:20:29",25.8,-0.4,1500,393200,"B"
"DBC","09:20:20",25.8,-0.4,2000,391700,"B"
"DBC","09:20:20",25.85,-0.35,1000,389700,"S"
"DBC","09:20:16",25.85,-0.35,1000,388700,"S"
"DBC","09:20:16",25.8,-0.4,10000,387700,"B"
"DBC","09:20:15",25.8,-0.4,4000,377700,"B"
"DBC","09:20:07",25.85,-0.35,5000,373700,"S"
"DBC","09:20:01",25.8,-0.4,2000,368700,"B"
"DBC","09:19:51",25.85,-0.35,100,366700,"S"
"DBC","09:19:50",25.8,-0.4,3100,366600,"B"
"DBC","09:19:49",25.85,-0.35,200,363500,"S"
"DBC","09:19:47",25.8,-0.4,5000,363300,"B"
"DBC","09:19:37",25.85,-0.35,20400,358300,"B"
"DBC","09:19:32",25.85,-0.35,26000,337900,"B"
"DBC","09:19:31",25.85,-0.35,1000,311900,"B"
"DBC","09:19:24",25.85,-0.35,24000,310900,"B"
"DBC","09:19:22",25.85,-0.35,1000,286900,"B"
"DBC","09:18:59",25.9,-0.3,500,285900,"S"
"DBC","09:18:59",25.85,-0.35,10000,285400,"B"
"DBC","09:18:58",25.9,-0.3,500,275400,"S"
"DBC","09:18:51",25.9,-0.3,1000,274900,"S"
"DBC","09:18:47",25.9,-0.3,500,273900,"S"
"DBC","09:18:45",25.85,-0.35,500,273400,"B"
"DBC","09:18:43",25.9,-0.3,1200,272900,"S"
"DBC","09:18:36",25.9,-0.3,5000,271700,"S"
"DBC","09:18:33",25.9,-0.3,2000,266700,"B"
"DBC","09:18:26",25.9,-0.3,1800,264700,"S"
"DBC","09:18:18",25.9,-0.3,400,262900,"S"
"DBC","09:18:14",25.9,-0.3,2000,262500,"S"
"DBC","09:18:08",25.9,-0.3,5000,260500,"S"
"DBC","09:18:02",25.9,-0.3,5000,255500,"S"
"DBC","09:17:59",25.9,-0.3,5000,250500,"S"
"DBC","09:17:57",25.9,-0.3,18200,245500,"B"
"DBC","09:17:49",25.9,-0.3,3000,227300,"B"
"DBC","09:17:48",25.9,-0.3,1100,224300,"B"
"DBC","09:17:42",25.9,-0.3,500,223200,"B"
"DBC","09:17:40",25.9,-0.3,100,222700,"B"
"DBC","09:17:35",25.9,-0.3,30000,222600,"B"
"DBC","09:17:28",25.9,-0.3,5900,192600,"B"
"DBC","09:17:12",25.9,-0.3,5000,186700,"B"
"DBC","09:17:12",25.9,-0.3,1000,181700,"B"
"DBC","09:17:04",25.95,-0.25,54700,180700,"B"
"DBC","09:16:56",25.95,-0.25,100,126000,"B"
"DBC","09:16:56",25.95,-0.25,500,125900,"B"
"DBC","09:16:34",25.95,-0.25,300,125400,"B"
"DBC","09:16:29",25.95,-0.25,4000,125100,"B"
"DBC","09:16:20",26,-0.2,36200,121100,"B"
"DBC","09:16:01",26,-0.2,6800,84900,"B"
"DBC","09:16:00",26,-0.2,400,78100,"B"
"DBC","09:15:51",26,-0.2,500,77700,"B"
"DBC","09:15:50",26,-0.2,18000,77200,"B"
"DBC","09:15:44",26.05,-0.15,2000,59200,"S"
"DBC","09:15:39",26,-0.2,300,57200,"B"
"DBC","09:15:36",26,-0.2,200,56900,"B"
"DBC","09:15:29",26,-0.2,8000,56700,"B"
"DBC","09:15:22",26,-0.2,100,48700,"B"
"DBC","09:15:00",26,-0.2,48600,48600,
