"symbol","time","price","change","vol","total","side"
"DCM","14:45:00",31.5,-0.85,165900,4392000,
"DCM","14:29:59",31.55,-0.8,500,4226100,"B"
"DCM","14:29:58",31.55,-0.8,400,4225600,"B"
"DCM","14:29:49",31.55,-0.8,1000,4225200,"B"
"DCM","14:29:37",31.55,-0.8,400,4224200,"S"
"DCM","14:29:34",31.55,-0.8,2800,4223800,"S"
"DCM","14:29:28",31.55,-0.8,2000,4221000,"S"
"DCM","14:29:17",31.6,-0.75,100,4219000,"S"
"DCM","14:29:12",31.6,-0.75,100,4218900,"S"
"DCM","14:29:10",31.5,-0.85,1600,4218800,"B"
"DCM","14:29:10",31.55,-0.8,4900,4217200,"B"
"DCM","14:29:10",31.55,-0.8,5000,4212300,"B"
"DCM","14:29:07",31.55,-0.8,200,4207300,"B"
"DCM","14:28:58",31.55,-0.8,100,4207100,"B"
"DCM","14:28:46",31.55,-0.8,1000,4207000,"S"
"DCM","14:28:07",31.55,-0.8,100,4206000,"S"
"DCM","14:28:06",31.55,-0.8,500,4205900,"S"
"DCM","14:27:54",31.55,-0.8,900,4205400,"B"
"DCM","14:27:52",31.55,-0.8,1000,4204500,"B"
"DCM","14:27:47",31.55,-0.8,200,4203500,"B"
"DCM","14:27:23",31.55,-0.8,5400,4203300,"B"
"DCM","14:26:57",31.55,-0.8,2000,4197900,"B"
"DCM","14:26:22",31.55,-0.8,300,4195900,"S"
"DCM","14:26:22",31.55,-0.8,200,4195600,"S"
"DCM","14:26:21",31.55,-0.8,1400,4195400,"S"
"DCM","14:26:11",31.55,-0.8,2200,4194000,"S"
"DCM","14:26:09",31.55,-0.8,4200,4191800,"S"
"DCM","14:26:06",31.55,-0.8,100,4187600,"S"
"DCM","14:26:05",31.55,-0.8,600,4187500,"S"
"DCM","14:26:00",31.55,-0.8,500,4186900,"S"
"DCM","14:25:48",31.55,-0.8,500,4186400,"S"
"DCM","14:25:45",31.5,-0.85,5000,4185900,"B"
"DCM","14:25:43",31.5,-0.85,1500,4180900,"B"
"DCM","14:25:32",31.5,-0.85,400,4179400,"B"
"DCM","14:25:20",31.5,-0.85,500,4179000,"B"
"DCM","14:25:11",31.5,-0.85,100,4178500,"S"
"DCM","14:25:08",31.5,-0.85,100,4178400,"S"
"DCM","14:25:04",31.5,-0.85,1300,4178300,"B"
"DCM","14:25:01",31.5,-0.85,1200,4177000,"B"
"DCM","14:24:46",31.5,-0.85,300,4175800,"S"
"DCM","14:24:43",31.5,-0.85,100,4175500,"S"
"DCM","14:24:42",31.5,-0.85,500,4175400,"S"
"DCM","14:24:40",31.5,-0.85,100,4174900,"S"
"DCM","14:24:38",31.5,-0.85,4000,4174800,"S"
"DCM","14:24:32",31.5,-0.85,100,4170800,"S"
"DCM","14:24:31",31.5,-0.85,1000,4170700,"S"
"DCM","14:24:30",31.5,-0.85,3000,4169700,"S"
"DCM","14:24:24",31.5,-0.85,2000,4166700,"S"
"DCM","14:24:22",31.45,-0.9,5000,4164700,"B"
"DCM","14:24:22",31.5,-0.85,100,4159700,"S"
"DCM","14:24:13",31.5,-0.85,2100,4159600,"S"
"DCM","14:24:10",31.5,-0.85,100,4157500,"S"
"DCM","14:23:59",31.45,-0.9,1200,4157400,"S"
"DCM","14:23:58",31.45,-0.9,200,4156200,"S"
"DCM","14:23:54",31.45,-0.9,1000,4156000,"S"
"DCM","14:23:43",31.45,-0.9,2600,4155000,"S"
"DCM","14:23:36",31.4,-0.95,100,4152400,"B"
"DCM","14:23:19",31.4,-0.95,2000,4152300,"B"
"DCM","14:23:05",31.4,-0.95,900,4150300,"S"
"DCM","14:23:04",31.4,-0.95,1000,4149400,"S"
"DCM","14:23:03",31.4,-0.95,200,4148400,"S"
"DCM","14:23:02",31.4,-0.95,1000,4148200,"S"
"DCM","14:23:00",31.4,-0.95,3000,4147200,"S"
"DCM","14:22:52",31.4,-0.95,500,4144200,"S"
"DCM","14:22:41",31.35,-1,1100,4143700,"B"
"DCM","14:22:26",31.35,-1,1100,4142600,"S"
"DCM","14:22:20",31.35,-1,100,4141500,"S"
"DCM","14:22:19",31.35,-1,100,4141400,"S"
"DCM","14:22:11",31.35,-1,100,4141300,"S"
"DCM","14:22:09",31.35,-1,1000,4141200,"S"
"DCM","14:22:08",31.35,-1,1300,4140200,"B"
"DCM","14:22:05",31.4,-0.95,800,4138900,"S"
"DCM","14:22:03",31.35,-1,3000,4138100,"B"
"DCM","14:21:54",31.4,-0.95,1400,4135100,"S"
"DCM","14:21:53",31.35,-1,3000,4133700,"B"
"DCM","14:21:53",31.4,-0.95,500,4130700,"S"
"DCM","14:21:51",31.4,-0.95,100,4130200,"S"
"DCM","14:21:48",31.4,-0.95,5000,4130100,"S"
"DCM","14:21:45",31.4,-0.95,300,4125100,"S"
"DCM","14:21:39",31.35,-1,100,4124800,"S"
"DCM","14:21:36",31.35,-1,100,4124700,"S"
"DCM","14:21:27",31.35,-1,400,4124600,"S"
"DCM","14:21:22",31.3,-1.05,800,4124200,"S"
"DCM","14:21:21",31.3,-1.05,500,4123400,"S"
"DCM","14:21:19",31.3,-1.05,400,4122900,"S"
"DCM","14:21:19",31.3,-1.05,100,4122500,"S"
"DCM","14:21:15",31.25,-1.1,1100,4122400,"B"
"DCM","14:21:14",31.3,-1.05,200,4121300,"S"
"DCM","14:21:12",31.25,-1.1,800,4121100,"B"
"DCM","14:21:12",31.25,-1.1,300,4120300,"S"
"DCM","14:21:10",31.25,-1.1,900,4120000,"B"
"DCM","14:21:06",31.25,-1.1,1100,4119100,"S"
"DCM","14:21:03",31.25,-1.1,2000,4118000,"S"
"DCM","14:21:02",31.25,-1.1,300,4116000,"S"
"DCM","14:21:01",31.25,-1.1,100,4115700,"S"
"DCM","14:21:00",31.25,-1.1,1000,4115600,"S"
"DCM","14:20:59",31.25,-1.1,100,4114600,"S"
"DCM","14:20:58",31.25,-1.1,5200,4114500,"S"
"DCM","14:20:57",31.25,-1.1,300,4109300,"S"
"DCM","14:20:56",31.25,-1.1,100,4109000,"S"
"DCM","14:20:54",31.2,-1.15,1600,4108900,"B"
"DCM","14:20:53",31.25,-1.1,500,4107300,"S"
"DCM","14:20:49",31.25,-1.1,3000,4106800,"S"
"DCM","14:20:45",31.25,-1.1,500,4103800,"S"
"DCM","14:20:44",31.25,-1.1,1000,4103300,"S"
"DCM","14:20:43",31.25,-1.1,200,4102300,"S"
"DCM","14:20:36",31.25,-1.1,200,4102100,"S"
"DCM","14:20:27",31.25,-1.1,100,4101900,"S"
"DCM","14:20:24",31.15,-1.2,600,4101800,"B"
"DCM","14:20:24",31.2,-1.15,4400,4101200,"B"
"DCM","14:20:20",31.25,-1.1,2000,4096800,"S"
"DCM","14:20:14",31.2,-1.15,5000,4094800,"B"
"DCM","14:20:08",31.2,-1.15,2100,4089800,"S"
"DCM","14:20:08",31.2,-1.15,1100,4087700,"S"
"DCM","14:20:07",31.2,-1.15,15600,4086600,"B"
"DCM","14:20:01",31.2,-1.15,300,4071000,"B"
"DCM","14:19:52",31.2,-1.15,1500,4070700,"B"
"DCM","14:19:48",31.25,-1.1,3700,4069200,"S"
"DCM","14:19:48",31.2,-1.15,6300,4065500,"S"
"DCM","14:19:47",31.2,-1.15,100,4059200,"S"
"DCM","14:19:45",31.2,-1.15,11300,4059100,"S"
"DCM","14:19:39",31.2,-1.15,1100,4047800,"S"
"DCM","14:19:37",31.2,-1.15,900,4046700,"S"
"DCM","14:19:34",31.2,-1.15,100,4045800,"S"
"DCM","14:19:30",31.2,-1.15,1200,4045700,"S"
"DCM","14:19:28",31.2,-1.15,100,4044500,"S"
"DCM","14:19:27",31.2,-1.15,1000,4044400,"S"
"DCM","14:19:26",31.2,-1.15,4800,4043400,"S"
"DCM","14:19:25",31.2,-1.15,400,4038600,"S"
"DCM","14:19:23",31.2,-1.15,100,4038200,"S"
"DCM","14:19:14",31.2,-1.15,200,4038100,"S"
"DCM","14:19:09",31.2,-1.15,500,4037900,"S"
"DCM","14:19:06",31.2,-1.15,500,4037400,"S"
"DCM","14:18:58",31.15,-1.2,6500,4036900,"B"
"DCM","14:18:54",31.2,-1.15,400,4021900,"B"
"DCM","14:18:53",31.25,-1.1,3400,4021500,"S"
"DCM","14:18:48",31.25,-1.1,100,4018100,"S"
"DCM","14:18:46",31.2,-1.15,13900,4018000,"B"
"DCM","14:18:39",31.25,-1.1,200,4004100,"S"
"DCM","14:18:32",31.25,-1.1,100,4003900,"S"
"DCM","14:18:25",31.2,-1.15,7000,4003800,"B"
"DCM","14:18:24",31.25,-1.1,500,3996800,"S"
"DCM","14:18:20",31.2,-1.15,200,3996300,"B"
"DCM","14:18:15",31.25,-1.1,500,3996100,"S"
"DCM","14:18:09",31.3,-1.05,1000,3995600,"S"
"DCM","14:18:08",31.3,-1.05,1000,3994600,"S"
"DCM","14:18:05",31.2,-1.15,1400,3993600,"B"
"DCM","14:18:04",31.2,-1.15,100,3992200,"B"
"DCM","14:17:45",31.3,-1.05,1000,3992100,"S"
"DCM","14:17:44",31.3,-1.05,100,3991100,"S"
"DCM","14:17:40",31.3,-1.05,100,3991000,"S"
"DCM","14:17:40",31.2,-1.15,1000,3990900,"B"
"DCM","14:17:37",31.2,-1.15,56300,3989900,"B"
"DCM","14:17:37",31.25,-1.1,23700,3933600,"B"
"DCM","14:17:35",31.3,-1.05,300,3909900,"S"
"DCM","14:17:30",31.3,-1.05,36600,3909600,"B"
"DCM","14:17:24",31.35,-1,100,3873000,"S"
"DCM","14:17:24",31.3,-1.05,4000,3872900,"B"
"DCM","14:17:19",31.3,-1.05,400,3868900,"B"
"DCM","14:17:17",31.3,-1.05,1000,3868500,"B"
"DCM","14:17:12",31.3,-1.05,2800,3867500,"B"
"DCM","14:17:11",31.3,-1.05,10000,3864700,"B"
"DCM","14:17:01",31.3,-1.05,5000,3854700,"B"
"DCM","14:16:52",31.35,-1,1000,3849700,"B"
"DCM","14:16:52",31.4,-0.95,300,3848700,"S"
"DCM","14:16:36",31.4,-0.95,700,3848400,"S"
"DCM","14:16:34",31.3,-1.05,12700,3847700,"B"
"DCM","14:16:33",31.3,-1.05,7400,3835000,"B"
"DCM","14:16:33",31.35,-1,26600,3827600,"B"
"DCM","14:16:33",31.4,-0.95,3300,3801000,"B"
"DCM","14:16:32",31.4,-0.95,4000,3797700,"B"
"DCM","14:16:29",31.4,-0.95,700,3793700,"B"
"DCM","14:16:26",31.4,-0.95,5000,3793000,"B"
"DCM","14:16:25",31.4,-0.95,10000,3788000,"B"
"DCM","14:16:04",31.4,-0.95,2500,3778000,"B"
"DCM","14:15:53",31.4,-0.95,500,3775500,"B"
"DCM","14:15:46",31.45,-0.9,5500,3775000,"B"
"DCM","14:15:10",31.45,-0.9,1000,3769500,"B"
"DCM","14:14:58",31.45,-0.9,1000,3768500,"B"
"DCM","14:14:56",31.45,-0.9,300,3767500,"B"
"DCM","14:14:55",31.45,-0.9,5100,3767200,"S"
"DCM","14:14:49",31.4,-0.95,5600,3762100,"B"
"DCM","14:14:20",31.45,-0.9,100,3756500,"S"
"DCM","14:14:15",31.45,-0.9,400,3756400,"S"
"DCM","14:14:10",31.45,-0.9,1000,3756000,"S"
"DCM","14:14:06",31.45,-0.9,200,3755000,"S"
"DCM","14:14:05",31.45,-0.9,5000,3754800,"S"
"DCM","14:14:03",31.4,-0.95,200,3749800,"B"
"DCM","14:13:44",31.4,-0.95,200,3749600,"B"
"DCM","14:13:31",31.45,-0.9,9800,3749400,"S"
"DCM","14:13:26",31.45,-0.9,1000,3739600,"S"
"DCM","14:13:22",31.4,-0.95,5000,3738600,"B"
"DCM","14:13:21",31.4,-0.95,500,3733600,"B"
"DCM","14:13:14",31.4,-0.95,3700,3733100,"B"
"DCM","14:13:11",31.4,-0.95,1500,3729400,"B"
"DCM","14:13:10",31.45,-0.9,5000,3727900,"S"
"DCM","14:13:06",31.4,-0.95,2100,3722900,"S"
"DCM","14:13:05",31.4,-0.95,2900,3720800,"B"
"DCM","14:13:02",31.45,-0.9,100,3717900,"S"
"DCM","14:12:58",31.4,-0.95,1400,3717800,"B"
"DCM","14:12:58",31.4,-0.95,3600,3716400,"B"
"DCM","14:12:53",31.45,-0.9,100,3712800,"S"
"DCM","14:12:52",31.4,-0.95,2000,3712700,"B"
"DCM","14:12:47",31.45,-0.9,200,3710700,"S"
"DCM","14:12:40",31.45,-0.9,700,3710500,"S"
"DCM","14:12:34",31.45,-0.9,500,3709800,"S"
"DCM","14:12:33",31.4,-0.95,2000,3709300,"B"
"DCM","14:12:24",31.4,-0.95,8500,3707300,"S"
"DCM","14:12:23",31.4,-0.95,2000,3698800,"S"
"DCM","14:12:16",31.4,-0.95,1100,3696800,"S"
"DCM","14:12:03",31.35,-1,5000,3695700,"B"
"DCM","14:12:01",31.4,-0.95,500,3690700,"S"
"DCM","14:11:56",31.35,-1,500,3690200,"B"
"DCM","14:11:47",31.35,-1,100,3689700,"S"
"DCM","14:11:47",31.35,-1,300,3689600,"S"
"DCM","14:11:46",31.35,-1,2000,3689300,"S"
"DCM","14:11:45",31.35,-1,2000,3687300,"S"
"DCM","14:11:43",31.35,-1,100,3685300,"S"
"DCM","14:11:41",31.35,-1,100,3685200,"S"
"DCM","14:11:40",31.35,-1,1000,3685100,"S"
"DCM","14:11:37",31.35,-1,100,3684100,"S"
"DCM","14:11:35",31.35,-1,700,3684000,"S"
"DCM","14:11:34",31.35,-1,100,3683300,"S"
"DCM","14:11:34",31.35,-1,1000,3683200,"S"
"DCM","14:11:33",31.35,-1,100,3682200,"S"
"DCM","14:11:31",31.35,-1,100,3682100,"S"
"DCM","14:11:30",31.35,-1,500,3682000,"S"
"DCM","14:11:23",31.35,-1,200,3681500,"S"
"DCM","14:11:23",31.35,-1,5000,3681300,"S"
"DCM","14:11:20",31.3,-1.05,1000,3676300,"B"
"DCM","14:11:17",31.35,-1,1000,3675300,"S"
"DCM","14:11:12",31.3,-1.05,400,3674300,"B"
"DCM","14:11:00",31.3,-1.05,5000,3673900,"B"
"DCM","14:10:56",31.3,-1.05,2000,3668900,"S"
"DCM","14:10:55",31.3,-1.05,5000,3666900,"S"
"DCM","14:10:54",31.3,-1.05,12000,3661900,"S"
"DCM","14:10:53",31.3,-1.05,500,3649900,"S"
"DCM","14:10:52",31.3,-1.05,1000,3649400,"S"
"DCM","14:10:49",31.3,-1.05,100,3648400,"S"
"DCM","14:10:48",31.3,-1.05,1000,3648300,"S"
"DCM","14:10:46",31.3,-1.05,500,3647300,"S"
"DCM","14:10:43",31.3,-1.05,100,3646800,"S"
"DCM","14:10:39",31.3,-1.05,700,3646700,"S"
"DCM","14:10:37",31.3,-1.05,300,3646000,"B"
"DCM","14:10:34",31.3,-1.05,200,3645700,"S"
"DCM","14:10:34",31.3,-1.05,100,3645500,"S"
"DCM","14:10:33",31.25,-1.1,800,3645400,"B"
"DCM","14:10:33",31.3,-1.05,200,3644600,"S"
"DCM","14:10:32",31.3,-1.05,500,3644400,"S"
"DCM","14:10:31",31.3,-1.05,1100,3643900,"S"
"DCM","14:10:29",31.3,-1.05,100,3642800,"S"
"DCM","14:10:28",31.3,-1.05,800,3642700,"S"
"DCM","14:10:27",31.3,-1.05,1600,3641900,"S"
"DCM","14:10:26",31.3,-1.05,100,3640300,"S"
"DCM","14:10:26",31.3,-1.05,7300,3640200,"B"
"DCM","14:10:25",31.35,-1,100,3632900,"S"
"DCM","14:10:20",31.3,-1.05,1000,3632800,"S"
"DCM","14:10:19",31.3,-1.05,100,3631800,"S"
"DCM","14:10:18",31.3,-1.05,1000,3631700,"S"
"DCM","14:10:17",31.3,-1.05,700,3630700,"S"
"DCM","14:10:15",31.3,-1.05,5000,3630000,"S"
"DCM","14:10:15",31.3,-1.05,100,3625000,"S"
"DCM","14:10:14",31.3,-1.05,1100,3624900,"S"
"DCM","14:10:13",31.3,-1.05,44800,3623800,"B"
"DCM","14:10:12",31.35,-1,500,3579000,"S"
"DCM","14:10:11",31.35,-1,400,3578500,"S"
"DCM","14:10:07",31.35,-1,100,3578100,"S"
"DCM","14:10:05",31.3,-1.05,1000,3578000,"B"
"DCM","14:10:05",31.35,-1,500,3577000,"S"
"DCM","14:10:03",31.35,-1,2000,3576500,"S"
"DCM","14:09:53",31.35,-1,100,3574500,"B"
"DCM","14:09:52",31.4,-0.95,500,3574400,"S"
"DCM","14:09:50",31.3,-1.05,200,3573900,"B"
"DCM","14:09:49",31.3,-1.05,2000,3573700,"B"
"DCM","14:09:49",31.35,-1,11000,3571700,"B"
"DCM","14:09:47",31.4,-0.95,400,3560700,"S"
"DCM","14:09:46",31.35,-1,6000,3560300,"B"
"DCM","14:09:45",31.35,-1,1000,3554300,"B"
"DCM","14:09:45",31.35,-1,5900,3553300,"B"
"DCM","14:09:42",31.35,-1,3500,3547400,"B"
"DCM","14:09:38",31.4,-0.95,100,3543900,"S"
"DCM","14:09:38",31.4,-0.95,100,3543800,"S"
"DCM","14:09:35",31.4,-0.95,100,3543700,"S"
"DCM","14:09:30",31.4,-0.95,42500,3543600,"B"
"DCM","14:09:26",31.45,-0.9,500,3501100,"S"
"DCM","14:09:24",31.4,-0.95,1000,3500600,"B"
"DCM","14:09:23",31.45,-0.9,900,3499600,"S"
"DCM","14:09:19",31.4,-0.95,3000,3498700,"B"
"DCM","14:09:19",31.4,-0.95,300,3495700,"B"
"DCM","14:09:14",31.4,-0.95,5000,3495400,"B"
"DCM","14:09:01",31.4,-0.95,3500,3490400,"B"
"DCM","14:08:57",31.4,-0.95,200,3486900,"B"
"DCM","14:08:55",31.4,-0.95,500,3486700,"B"
"DCM","14:08:45",31.4,-0.95,1000,3486200,"B"
"DCM","14:08:36",31.4,-0.95,3000,3485200,"B"
"DCM","14:08:34",31.4,-0.95,1600,3482200,"B"
"DCM","14:08:17",31.4,-0.95,5000,3480600,"B"
"DCM","14:08:15",31.4,-0.95,5000,3475600,"B"
"DCM","14:08:11",31.4,-0.95,300,3470600,"B"
"DCM","14:08:10",31.4,-0.95,3100,3470300,"B"
"DCM","14:08:07",31.45,-0.9,500,3467200,"S"
"DCM","14:08:06",31.45,-0.9,3000,3466700,"S"
"DCM","14:08:03",31.45,-0.9,100,3463700,"S"
"DCM","14:08:01",31.45,-0.9,13000,3463600,"B"
"DCM","14:07:58",31.45,-0.9,200,3450600,"B"
"DCM","14:07:56",31.45,-0.9,13800,3450400,"B"
"DCM","14:07:55",31.45,-0.9,10000,3436600,"B"
"DCM","14:07:50",31.45,-0.9,20000,3426600,"B"
"DCM","14:07:47",31.45,-0.9,15000,3406600,"B"
"DCM","14:07:42",31.45,-0.9,10600,3391600,"B"
"DCM","14:07:39",31.45,-0.9,8000,3381000,"B"
"DCM","14:07:36",31.5,-0.85,10000,3373000,"S"
"DCM","14:07:33",31.5,-0.85,200,3363000,"S"
"DCM","14:07:31",31.5,-0.85,100,3362800,"S"
"DCM","14:07:30",31.5,-0.85,100,3362700,"S"
"DCM","14:07:28",31.45,-0.9,800,3362600,"B"
"DCM","14:07:27",31.45,-0.9,800,3361800,"B"
"DCM","14:07:19",31.5,-0.85,400,3361000,"S"
"DCM","14:07:16",31.5,-0.85,100,3360600,"S"
"DCM","14:07:14",31.5,-0.85,4300,3360500,"B"
"DCM","14:07:10",31.5,-0.85,15000,3356200,"B"
"DCM","14:07:05",31.5,-0.85,252300,3341200,"B"
"DCM","14:06:58",31.5,-0.85,15900,3088900,"B"
"DCM","14:06:57",31.5,-0.85,76500,3073000,"B"
"DCM","14:06:52",31.55,-0.8,2500,2996500,"B"
"DCM","14:06:51",31.55,-0.8,100,2994000,"B"
"DCM","14:06:29",31.55,-0.8,400,2993900,"S"
"DCM","14:06:26",31.55,-0.8,600,2993500,"B"
"DCM","14:06:14",31.55,-0.8,3000,2992900,"B"
"DCM","14:06:03",31.6,-0.75,1900,2989900,"S"
"DCM","14:05:59",31.55,-0.8,3900,2988000,"S"
"DCM","14:05:58",31.55,-0.8,200,2984100,"S"
"DCM","14:05:56",31.55,-0.8,1000,2983900,"S"
"DCM","14:05:52",31.55,-0.8,2000,2982900,"S"
"DCM","14:05:46",31.55,-0.8,5000,2980900,"S"
"DCM","14:05:39",31.55,-0.8,100,2975900,"S"
"DCM","14:05:36",31.55,-0.8,600,2975800,"S"
"DCM","14:05:30",31.55,-0.8,200,2975200,"S"
"DCM","14:05:28",31.5,-0.85,100,2975000,"B"
"DCM","14:05:26",31.55,-0.8,6600,2974900,"S"
"DCM","14:05:25",31.55,-0.8,200,2968300,"S"
"DCM","14:05:24",31.55,-0.8,2000,2968100,"S"
"DCM","14:05:23",31.55,-0.8,500,2966100,"S"
"DCM","14:05:19",31.55,-0.8,1500,2965600,"S"
"DCM","14:05:16",31.55,-0.8,200,2964100,"S"
"DCM","14:05:15",31.55,-0.8,100,2963900,"S"
"DCM","14:05:11",31.55,-0.8,200,2963800,"S"
"DCM","14:04:49",31.55,-0.8,100,2963600,"S"
"DCM","14:04:48",31.55,-0.8,200,2963500,"S"
"DCM","14:04:43",31.55,-0.8,700,2963300,"S"
"DCM","14:04:34",31.55,-0.8,2000,2962600,"S"
"DCM","14:04:22",31.55,-0.8,1000,2960600,"S"
"DCM","14:04:07",31.5,-0.85,400,2959600,"B"
"DCM","14:03:59",31.5,-0.85,9000,2959200,"B"
"DCM","14:03:51",31.55,-0.8,500,2950200,"S"
"DCM","14:03:34",31.5,-0.85,3600,2949700,"B"
"DCM","14:03:27",31.55,-0.8,500,2946100,"S"
"DCM","14:03:25",31.5,-0.85,1000,2945600,"B"
"DCM","14:03:24",31.5,-0.85,2000,2944600,"B"
"DCM","14:03:15",31.5,-0.85,14800,2942600,"B"
"DCM","14:03:09",31.55,-0.8,100,2927800,"S"
"DCM","14:03:09",31.5,-0.85,2000,2927700,"B"
"DCM","14:03:05",31.55,-0.8,500,2925700,"S"
"DCM","14:03:04",31.5,-0.85,100,2925200,"B"
"DCM","14:03:03",31.5,-0.85,11900,2925100,"B"
"DCM","14:02:59",31.55,-0.8,1000,2913200,"S"
"DCM","14:02:53",31.55,-0.8,200,2912200,"S"
"DCM","14:02:52",31.55,-0.8,100,2912000,"S"
"DCM","14:02:51",31.5,-0.85,100,2911900,"B"
"DCM","14:02:47",31.55,-0.8,100,2911800,"S"
"DCM","14:02:45",31.55,-0.8,200,2911700,"S"
"DCM","14:02:30",31.55,-0.8,100,2911500,"S"
"DCM","14:02:24",31.55,-0.8,300,2911400,"S"
"DCM","14:02:21",31.55,-0.8,500,2911100,"B"
"DCM","14:02:20",31.55,-0.8,18500,2910600,"B"
"DCM","14:02:07",31.55,-0.8,35200,2892100,"B"
"DCM","14:02:02",31.6,-0.75,1000,2856900,"S"
"DCM","14:02:02",31.6,-0.75,100,2855900,"S"
"DCM","14:01:43",31.6,-0.75,600,2855800,"S"
"DCM","14:01:31",31.6,-0.75,1000,2855200,"S"
"DCM","14:01:28",31.55,-0.8,10000,2854200,"B"
"DCM","14:01:15",31.6,-0.75,100,2844200,"S"
"DCM","14:01:11",31.6,-0.75,1000,2844100,"S"
"DCM","14:01:06",31.6,-0.75,1000,2843100,"S"
"DCM","14:01:00",31.6,-0.75,300,2842100,"S"
"DCM","14:00:17",31.6,-0.75,200,2841800,"S"
"DCM","14:00:04",31.6,-0.75,2600,2841600,"S"
"DCM","13:59:54",31.6,-0.75,3000,2839000,"S"
"DCM","13:59:44",31.6,-0.75,500,2836000,"S"
"DCM","13:59:41",31.6,-0.75,100,2835500,"S"
"DCM","13:59:26",31.6,-0.75,100,2835400,"S"
"DCM","13:59:25",31.6,-0.75,100,2835300,"S"
"DCM","13:59:05",31.6,-0.75,500,2835200,"S"
"DCM","13:59:04",31.6,-0.75,800,2834700,"S"
"DCM","13:59:03",31.6,-0.75,100,2833900,"S"
"DCM","13:59:02",31.6,-0.75,5000,2833800,"S"
"DCM","13:58:52",31.6,-0.75,200,2828800,"S"
"DCM","13:58:48",31.6,-0.75,200,2828600,"S"
"DCM","13:58:44",31.6,-0.75,200,2828400,"S"
"DCM","13:58:35",31.6,-0.75,100,2828200,"S"
"DCM","13:58:26",31.6,-0.75,100,2828100,"B"
"DCM","13:58:20",31.6,-0.75,5000,2828000,"B"
"DCM","13:58:20",31.65,-0.7,200,2823000,"S"
"DCM","13:58:15",31.65,-0.7,1800,2822800,"S"
"DCM","13:58:15",31.65,-0.7,18200,2821000,"S"
"DCM","13:58:07",31.6,-0.75,2000,2802800,"B"
"DCM","13:58:06",31.65,-0.7,25000,2800800,"S"
"DCM","13:57:45",31.65,-0.7,300,2775800,"S"
"DCM","13:57:37",31.6,-0.75,7500,2775500,"B"
"DCM","13:57:29",31.6,-0.75,5000,2768000,"B"
"DCM","13:57:09",31.6,-0.75,7500,2763000,"B"
"DCM","13:56:57",31.6,-0.75,3000,2755500,"B"
"DCM","13:56:46",31.65,-0.7,1100,2752500,"S"
"DCM","13:56:37",31.65,-0.7,1000,2751400,"S"
"DCM","13:56:36",31.65,-0.7,300,2750400,"S"
"DCM","13:56:35",31.65,-0.7,1100,2750100,"S"
"DCM","13:56:31",31.65,-0.7,100,2749000,"S"
"DCM","13:56:27",31.65,-0.7,200,2748900,"S"
"DCM","13:56:18",31.65,-0.7,10000,2748700,"B"
"DCM","13:56:13",31.7,-0.65,800,2738700,"S"
"DCM","13:56:06",31.65,-0.7,5000,2737900,"B"
"DCM","13:55:24",31.65,-0.7,10000,2732900,"B"
"DCM","13:55:09",31.65,-0.7,5900,2722900,"S"
"DCM","13:54:51",31.65,-0.7,3000,2717000,"B"
"DCM","13:54:50",31.65,-0.7,1600,2714000,"B"
"DCM","13:54:46",31.65,-0.7,1000,2712400,"B"
"DCM","13:54:25",31.65,-0.7,500,2711400,"B"
"DCM","13:54:03",31.65,-0.7,3000,2710900,"B"
"DCM","13:53:17",31.65,-0.7,1000,2707900,"B"
"DCM","13:53:16",31.65,-0.7,7800,2706900,"S"
"DCM","13:53:09",31.65,-0.7,100,2699100,"S"
"DCM","13:52:57",31.65,-0.7,600,2699000,"S"
"DCM","13:52:55",31.6,-0.75,25000,2698400,"B"
"DCM","13:52:54",31.65,-0.7,500,2673400,"S"
"DCM","13:52:40",31.65,-0.7,2000,2672900,"S"
"DCM","13:52:39",31.6,-0.75,2000,2670900,"B"
"DCM","13:52:37",31.65,-0.7,500,2668900,"S"
"DCM","13:52:29",31.65,-0.7,2000,2668400,"S"
"DCM","13:52:27",31.65,-0.7,900,2666400,"S"
"DCM","13:52:26",31.65,-0.7,1000,2665500,"S"
"DCM","13:52:24",31.65,-0.7,3000,2664500,"S"
"DCM","13:52:18",31.65,-0.7,2000,2661500,"S"
"DCM","13:52:14",31.65,-0.7,200,2659500,"S"
"DCM","13:52:05",31.65,-0.7,2000,2659300,"S"
"DCM","13:52:03",31.65,-0.7,500,2657300,"S"
"DCM","13:51:58",31.65,-0.7,7900,2656800,"B"
"DCM","13:51:57",31.65,-0.7,500,2648900,"B"
"DCM","13:51:39",31.65,-0.7,3800,2648400,"S"
"DCM","13:51:36",31.65,-0.7,300,2644600,"S"
"DCM","13:51:34",31.65,-0.7,200,2644300,"S"
"DCM","13:51:31",31.65,-0.7,700,2644100,"S"
"DCM","13:51:31",31.65,-0.7,100,2643400,"S"
"DCM","13:51:28",31.65,-0.7,5000,2643300,"S"
"DCM","13:51:25",31.65,-0.7,1000,2638300,"S"
"DCM","13:51:10",31.65,-0.7,1000,2637300,"S"
"DCM","13:50:52",31.65,-0.7,1000,2636300,"S"
"DCM","13:50:38",31.65,-0.7,100,2635300,"S"
"DCM","13:50:21",31.65,-0.7,2500,2635200,"S"
"DCM","13:49:37",31.6,-0.75,4100,2632700,"S"
"DCM","13:49:36",31.6,-0.75,500,2628600,"S"
"DCM","13:49:35",31.6,-0.75,1500,2628100,"S"
"DCM","13:49:32",31.6,-0.75,10000,2626600,"S"
"DCM","13:49:32",31.6,-0.75,3000,2616600,"S"
"DCM","13:49:31",31.6,-0.75,100,2613600,"S"
"DCM","13:49:29",31.6,-0.75,10000,2613500,"S"
"DCM","13:49:23",31.6,-0.75,500,2603500,"S"
"DCM","13:49:21",31.6,-0.75,100,2603000,"S"
"DCM","13:49:20",31.6,-0.75,1000,2602900,"S"
"DCM","13:49:16",31.6,-0.75,100,2601900,"S"
"DCM","13:49:15",31.6,-0.75,1000,2601800,"S"
"DCM","13:49:14",31.6,-0.75,2000,2600800,"S"
"DCM","13:49:13",31.6,-0.75,100,2598800,"S"
"DCM","13:49:07",31.6,-0.75,100,2598700,"S"
"DCM","13:49:07",31.6,-0.75,1000,2598600,"S"
"DCM","13:48:53",31.6,-0.75,500,2597600,"S"
"DCM","13:48:52",31.55,-0.8,1000,2597100,"B"
"DCM","13:48:45",31.55,-0.8,500,2596100,"B"
"DCM","13:48:42",31.55,-0.8,1100,2595600,"B"
"DCM","13:48:30",31.55,-0.8,3000,2594500,"B"
"DCM","13:47:49",31.55,-0.8,500,2591500,"B"
"DCM","13:47:23",31.6,-0.75,10000,2591000,"S"
"DCM","13:46:48",31.55,-0.8,500,2581000,"B"
"DCM","13:46:43",31.6,-0.75,500,2580500,"S"
"DCM","13:46:42",31.55,-0.8,4000,2580000,"B"
"DCM","13:46:11",31.55,-0.8,300,2576000,"S"
"DCM","13:46:10",31.55,-0.8,100,2575700,"S"
"DCM","13:46:09",31.55,-0.8,200,2575600,"S"
"DCM","13:46:02",31.55,-0.8,500,2575400,"S"
"DCM","13:46:01",31.55,-0.8,500,2574900,"S"
"DCM","13:45:59",31.55,-0.8,100,2574400,"S"
"DCM","13:45:57",31.55,-0.8,500,2574300,"S"
"DCM","13:45:54",31.55,-0.8,100,2573800,"S"
"DCM","13:45:53",31.55,-0.8,100,2573700,"S"
"DCM","13:45:52",31.55,-0.8,700,2573600,"S"
"DCM","13:45:45",31.55,-0.8,100,2572900,"S"
"DCM","13:45:41",31.55,-0.8,600,2572800,"S"
"DCM","13:45:36",31.55,-0.8,100,2572200,"B"
"DCM","13:45:35",31.55,-0.8,1900,2572100,"S"
"DCM","13:45:33",31.55,-0.8,1000,2570200,"S"
"DCM","13:45:32",31.55,-0.8,500,2569200,"S"
"DCM","13:45:27",31.55,-0.8,1000,2568700,"S"
"DCM","13:45:25",31.55,-0.8,1000,2567700,"S"
"DCM","13:45:22",31.55,-0.8,500,2566700,"S"
"DCM","13:45:20",31.55,-0.8,500,2566200,"S"
"DCM","13:45:20",31.5,-0.85,100,2565700,"B"
"DCM","13:45:20",31.55,-0.8,100,2565600,"S"
"DCM","13:45:19",31.55,-0.8,400,2565500,"S"
"DCM","13:45:19",31.55,-0.8,4600,2565100,"S"
"DCM","13:45:17",31.55,-0.8,1000,2560500,"S"
"DCM","13:45:16",31.55,-0.8,2000,2559500,"S"
"DCM","13:45:15",31.55,-0.8,100,2557500,"S"
"DCM","13:45:10",31.55,-0.8,100,2557400,"S"
"DCM","13:45:07",31.55,-0.8,2000,2557300,"S"
"DCM","13:45:05",31.55,-0.8,500,2555300,"S"
"DCM","13:45:04",31.5,-0.85,4000,2554800,"B"
"DCM","13:45:03",31.5,-0.85,100,2550800,"B"
"DCM","13:44:57",31.5,-0.85,1000,2550700,"B"
"DCM","13:44:56",31.55,-0.8,100,2549700,"S"
"DCM","13:44:55",31.55,-0.8,2000,2549600,"S"
"DCM","13:44:51",31.55,-0.8,800,2547600,"S"
"DCM","13:44:44",31.55,-0.8,1300,2546800,"S"
"DCM","13:44:43",31.55,-0.8,3000,2545500,"S"
"DCM","13:44:40",31.55,-0.8,600,2542500,"S"
"DCM","13:44:27",31.55,-0.8,9000,2541900,"S"
"DCM","13:44:20",31.5,-0.85,12000,2532900,"B"
"DCM","13:44:14",31.55,-0.8,4400,2520900,"B"
"DCM","13:44:10",31.55,-0.8,1500,2516500,"B"
"DCM","13:43:58",31.55,-0.8,1400,2515000,"B"
"DCM","13:43:53",31.6,-0.75,600,2513600,"S"
"DCM","13:43:50",31.55,-0.8,30000,2513000,"B"
"DCM","13:43:36",31.6,-0.75,200,2483000,"S"
"DCM","13:43:31",31.6,-0.75,200,2482800,"S"
"DCM","13:43:31",31.55,-0.8,77000,2482600,"B"
"DCM","13:43:22",31.6,-0.75,200,2405600,"S"
"DCM","13:43:05",31.6,-0.75,300,2405400,"S"
"DCM","13:42:56",31.6,-0.75,1300,2405100,"B"
"DCM","13:42:40",31.6,-0.75,10000,2403800,"B"
"DCM","13:42:35",31.6,-0.75,200,2393800,"B"
"DCM","13:42:33",31.6,-0.75,1300,2393600,"B"
"DCM","13:42:24",31.6,-0.75,1000,2392300,"B"
"DCM","13:42:20",31.6,-0.75,200,2391300,"B"
"DCM","13:41:41",31.6,-0.75,7000,2391100,"S"
"DCM","13:41:34",31.6,-0.75,5000,2384100,"S"
"DCM","13:41:33",31.6,-0.75,100,2379100,"S"
"DCM","13:41:27",31.6,-0.75,1000,2379000,"S"
"DCM","13:41:16",31.6,-0.75,200,2378000,"S"
"DCM","13:41:13",31.6,-0.75,400,2377800,"S"
"DCM","13:40:58",31.6,-0.75,100,2377400,"S"
"DCM","13:40:48",31.6,-0.75,2000,2377300,"S"
"DCM","13:40:33",31.6,-0.75,1000,2375300,"S"
"DCM","13:40:32",31.55,-0.8,16800,2374300,"B"
"DCM","13:40:27",31.6,-0.75,100,2357500,"S"
"DCM","13:40:25",31.6,-0.75,7000,2357400,"S"
"DCM","13:40:20",31.6,-0.75,600,2350400,"S"
"DCM","13:40:11",31.6,-0.75,1000,2349800,"S"
"DCM","13:40:09",31.6,-0.75,100,2348800,"S"
"DCM","13:40:03",31.6,-0.75,100,2348700,"S"
"DCM","13:40:00",31.6,-0.75,500,2348600,"S"
"DCM","13:39:54",31.6,-0.75,100,2348100,"S"
"DCM","13:39:53",31.6,-0.75,100,2348000,"S"
"DCM","13:39:49",31.6,-0.75,200,2347900,"S"
"DCM","13:39:46",31.6,-0.75,1300,2347700,"S"
"DCM","13:39:27",31.6,-0.75,100,2346400,"S"
"DCM","13:39:19",31.6,-0.75,100,2346300,"S"
"DCM","13:39:11",31.55,-0.8,2200,2346200,"B"
"DCM","13:39:06",31.6,-0.75,1000,2344000,"S"
"DCM","13:38:54",31.6,-0.75,100,2343000,"S"
"DCM","13:38:53",31.6,-0.75,100,2342900,"S"
"DCM","13:38:51",31.55,-0.8,29700,2342800,"B"
"DCM","13:38:40",31.6,-0.75,100,2313100,"S"
"DCM","13:38:35",31.6,-0.75,1000,2313000,"S"
"DCM","13:38:31",31.6,-0.75,200,2312000,"S"
"DCM","13:38:29",31.6,-0.75,1900,2311800,"B"
"DCM","13:38:23",31.6,-0.75,9500,2309900,"B"
"DCM","13:38:21",31.6,-0.75,400,2300400,"B"
"DCM","13:37:47",31.6,-0.75,100,2300000,"B"
"DCM","13:37:41",31.6,-0.75,8000,2299900,"B"
"DCM","13:37:25",31.6,-0.75,500,2291900,"B"
"DCM","13:37:17",31.6,-0.75,10000,2291400,"B"
"DCM","13:37:11",31.6,-0.75,500,2281400,"B"
"DCM","13:37:09",31.6,-0.75,1000,2280900,"B"
"DCM","13:37:06",31.6,-0.75,2000,2279900,"B"
"DCM","13:36:56",31.6,-0.75,100,2277900,"S"
"DCM","13:36:55",31.6,-0.75,9900,2277800,"B"
"DCM","13:36:45",31.65,-0.7,600,2267900,"S"
"DCM","13:36:33",31.6,-0.75,2000,2267300,"B"
"DCM","13:36:22",31.6,-0.75,90000,2265300,"B"
"DCM","13:36:21",31.65,-0.7,100,2175300,"S"
"DCM","13:36:06",31.65,-0.7,25100,2175200,"B"
"DCM","13:35:55",31.65,-0.7,30000,2150100,"B"
"DCM","13:35:48",31.65,-0.7,8900,2120100,"B"
"DCM","13:35:48",31.65,-0.7,300,2111200,"B"
"DCM","13:35:33",31.7,-0.65,500,2110900,"S"
"DCM","13:35:20",31.7,-0.65,100,2110400,"S"
"DCM","13:35:11",31.7,-0.65,1000,2110300,"S"
"DCM","13:34:48",31.7,-0.65,2000,2109300,"S"
"DCM","13:34:44",31.7,-0.65,100,2107300,"S"
"DCM","13:34:17",31.65,-0.7,200,2107200,"B"
"DCM","13:34:16",31.65,-0.7,800,2107000,"B"
"DCM","13:34:08",31.65,-0.7,3000,2106200,"B"
"DCM","13:33:57",31.65,-0.7,5000,2103200,"B"
"DCM","13:33:46",31.7,-0.65,200,2098200,"S"
"DCM","13:32:56",31.7,-0.65,2000,2098000,"S"
"DCM","13:32:49",31.7,-0.65,400,2096000,"S"
"DCM","13:32:40",31.7,-0.65,200,2095600,"S"
"DCM","13:32:38",31.7,-0.65,1000,2095400,"S"
"DCM","13:32:30",31.7,-0.65,6200,2094400,"B"
"DCM","13:32:24",31.7,-0.65,3000,2088200,"B"
"DCM","13:32:18",31.75,-0.6,2000,2085200,"S"
"DCM","13:32:05",31.7,-0.65,100,2083200,"S"
"DCM","13:32:02",31.7,-0.65,200,2083100,"S"
"DCM","13:32:02",31.7,-0.65,1400,2082900,"S"
"DCM","13:31:49",31.7,-0.65,3000,2081500,"B"
"DCM","13:31:39",31.7,-0.65,100,2078500,"B"
"DCM","13:31:35",31.7,-0.65,300,2078400,"B"
"DCM","13:30:56",31.7,-0.65,500,2078100,"B"
"DCM","13:30:53",31.7,-0.65,9500,2077600,"B"
"DCM","13:30:53",31.7,-0.65,500,2068100,"B"
"DCM","13:30:49",31.7,-0.65,1000,2067600,"B"
"DCM","13:30:44",31.7,-0.65,26800,2066600,"B"
"DCM","13:30:33",31.75,-0.6,5000,2039800,"S"
"DCM","13:30:11",31.75,-0.6,1000,2034800,"S"
"DCM","13:30:05",31.75,-0.6,300,2033800,"S"
"DCM","13:30:04",31.75,-0.6,200,2033500,"S"
"DCM","13:29:58",31.75,-0.6,2500,2033300,"S"
"DCM","13:29:45",31.75,-0.6,100,2030800,"S"
"DCM","13:29:41",31.75,-0.6,100,2030700,"S"
"DCM","13:29:25",31.75,-0.6,10000,2030600,"S"
"DCM","13:29:19",31.7,-0.65,1000,2020600,"B"
"DCM","13:29:17",31.75,-0.6,1000,2019600,"S"
"DCM","13:29:15",31.7,-0.65,1000,2018600,"B"
"DCM","13:29:10",31.75,-0.6,10000,2017600,"S"
"DCM","13:28:59",31.7,-0.65,3000,2007600,"B"
"DCM","13:28:43",31.7,-0.65,2000,2004600,"B"
"DCM","13:28:40",31.7,-0.65,1000,2002600,"B"
"DCM","13:28:23",31.7,-0.65,1000,2001600,"B"
"DCM","13:28:20",31.7,-0.65,200,2000600,"B"
"DCM","13:28:07",31.7,-0.65,100,2000400,"B"
"DCM","13:27:45",31.7,-0.65,900,2000300,"S"
"DCM","13:27:43",31.7,-0.65,100,1999400,"S"
"DCM","13:27:42",31.7,-0.65,100,1999300,"S"
"DCM","13:27:41",31.7,-0.65,100,1998200,"S"
"DCM","13:27:33",31.7,-0.65,100,1998100,"S"
"DCM","13:27:32",31.7,-0.65,100,1998000,"S"
"DCM","13:27:28",31.7,-0.65,7800,1997900,"B"
"DCM","13:27:24",31.7,-0.65,500,1990100,"B"
"DCM","13:27:19",31.7,-0.65,4500,1989600,"B"
"DCM","13:27:11",31.7,-0.65,1500,1985100,"B"
"DCM","13:26:55",31.7,-0.65,1000,1983600,"B"
"DCM","13:26:51",31.7,-0.65,1000,1982600,"B"
"DCM","13:26:44",31.7,-0.65,200,1981600,"B"
"DCM","13:26:42",31.75,-0.6,2000,1981400,"S"
"DCM","13:26:33",31.7,-0.65,36500,1979400,"B"
"DCM","13:26:28",31.75,-0.6,100,1942900,"S"
"DCM","13:26:22",31.7,-0.65,500,1942800,"B"
"DCM","13:26:11",31.7,-0.65,5000,1942300,"B"
"DCM","13:26:10",31.75,-0.6,100,1937300,"S"
"DCM","13:26:06",31.75,-0.6,100,1937200,"S"
"DCM","13:25:50",31.75,-0.6,100,1937100,"S"
"DCM","13:25:44",31.75,-0.6,600,1937000,"S"
"DCM","13:25:41",31.75,-0.6,4000,1936400,"S"
"DCM","13:25:40",31.7,-0.65,1100,1932400,"B"
"DCM","13:25:37",31.75,-0.6,100,1931300,"S"
"DCM","13:25:33",31.75,-0.6,200,1931200,"S"
"DCM","13:25:29",31.75,-0.6,100,1931000,"S"
"DCM","13:25:27",31.7,-0.65,1700,1930900,"B"
"DCM","13:24:53",31.75,-0.6,2000,1929200,"S"
"DCM","13:24:47",31.75,-0.6,100,1927200,"S"
"DCM","13:24:43",31.75,-0.6,500,1927100,"S"
"DCM","13:24:42",31.75,-0.6,11600,1926600,"B"
"DCM","13:24:37",31.75,-0.6,1000,1915000,"B"
"DCM","13:24:34",31.75,-0.6,1000,1914000,"B"
"DCM","13:24:11",31.75,-0.6,1400,1913000,"S"
"DCM","13:24:04",31.75,-0.6,1200,1911600,"S"
"DCM","13:23:57",31.75,-0.6,2000,1910400,"S"
"DCM","13:23:46",31.75,-0.6,500,1908400,"S"
"DCM","13:23:41",31.75,-0.6,100,1907900,"S"
"DCM","13:23:36",31.75,-0.6,100,1907800,"S"
"DCM","13:23:35",31.75,-0.6,6500,1907700,"B"
"DCM","13:22:55",31.75,-0.6,3000,1901200,"B"
"DCM","13:22:41",31.75,-0.6,2000,1898200,"B"
"DCM","13:21:45",31.7,-0.65,1000,1896200,"B"
"DCM","13:21:00",31.8,-0.55,1000,1895200,"S"
"DCM","13:20:55",31.7,-0.65,2000,1894200,"B"
"DCM","13:20:39",31.75,-0.6,100,1892200,"S"
"DCM","13:20:37",31.75,-0.6,2000,1892100,"S"
"DCM","13:20:28",31.75,-0.6,100,1890100,"S"
"DCM","13:20:24",31.75,-0.6,100,1890000,"S"
"DCM","13:20:20",31.75,-0.6,200,1889900,"S"
"DCM","13:20:11",31.75,-0.6,2000,1889700,"S"
"DCM","13:20:06",31.75,-0.6,100,1887700,"S"
"DCM","13:19:50",31.75,-0.6,200,1887600,"S"
"DCM","13:19:33",31.75,-0.6,200,1887400,"B"
"DCM","13:19:32",31.75,-0.6,1400,1887200,"B"
"DCM","13:19:05",31.75,-0.6,1000,1885800,"B"
"DCM","13:18:40",31.75,-0.6,2000,1884800,"B"
"DCM","13:18:39",31.75,-0.6,100,1882800,"B"
"DCM","13:18:33",31.75,-0.6,3000,1882700,"B"
"DCM","13:17:25",31.75,-0.6,5000,1879700,"B"
"DCM","13:16:40",31.75,-0.6,3000,1874700,"B"
"DCM","13:15:47",31.75,-0.6,800,1871700,"S"
"DCM","13:15:28",31.75,-0.6,1400,1870900,"S"
"DCM","13:15:17",31.75,-0.6,200,1869500,"S"
"DCM","13:15:04",31.7,-0.65,1300,1869300,"B"
"DCM","13:14:54",31.65,-0.7,1000,1868000,"B"
"DCM","13:14:47",31.65,-0.7,1200,1867000,"B"
"DCM","13:14:26",31.65,-0.7,200,1865800,"B"
"DCM","13:14:16",31.65,-0.7,100,1865600,"B"
"DCM","13:14:13",31.65,-0.7,600,1865500,"S"
"DCM","13:14:08",31.65,-0.7,400,1864900,"B"
"DCM","13:14:05",31.65,-0.7,600,1864500,"S"
"DCM","13:14:05",31.6,-0.75,35100,1863900,"B"
"DCM","13:14:04",31.6,-0.75,18500,1828800,"B"
"DCM","13:13:59",31.65,-0.7,300,1810300,"S"
"DCM","13:13:57",31.65,-0.7,2900,1810000,"B"
"DCM","13:13:49",31.65,-0.7,5000,1807100,"S"
"DCM","13:13:48",31.65,-0.7,3000,1802100,"S"
"DCM","13:13:45",31.65,-0.7,33200,1799100,"B"
"DCM","13:13:45",31.7,-0.65,500,1765900,"B"
"DCM","13:13:42",31.7,-0.65,500,1765400,"S"
"DCM","13:13:22",31.7,-0.65,300,1764900,"S"
"DCM","13:13:16",31.7,-0.65,2000,1764600,"S"
"DCM","13:13:11",31.7,-0.65,2500,1762600,"S"
"DCM","13:13:05",31.7,-0.65,15900,1760100,"B"
"DCM","13:12:52",31.75,-0.6,300,1744200,"S"
"DCM","13:12:24",31.75,-0.6,700,1743900,"S"
"DCM","13:12:21",31.75,-0.6,100,1743200,"S"
"DCM","13:12:17",31.75,-0.6,200,1743100,"S"
"DCM","13:11:51",31.75,-0.6,1400,1742900,"S"
"DCM","13:11:49",31.75,-0.6,1500,1741500,"B"
"DCM","13:11:34",31.75,-0.6,100,1740000,"S"
"DCM","13:11:22",31.7,-0.65,500,1739900,"S"
"DCM","13:11:20",31.7,-0.65,100,1739400,"S"
"DCM","13:11:19",31.7,-0.65,100,1739300,"S"
"DCM","13:11:15",31.65,-0.7,25400,1739200,"B"
"DCM","13:11:15",31.65,-0.7,5600,1713800,"B"
"DCM","13:11:08",31.65,-0.7,3000,1708200,"B"
"DCM","13:10:48",31.65,-0.7,1400,1705200,"B"
"DCM","13:10:47",31.7,-0.65,12700,1703800,"S"
"DCM","13:10:05",31.65,-0.7,100,1691100,"B"
"DCM","13:10:01",31.7,-0.65,1000,1691000,"S"
"DCM","13:09:53",31.65,-0.7,900,1690000,"B"
"DCM","13:09:23",31.65,-0.7,8000,1689100,"B"
"DCM","13:09:21",31.65,-0.7,15000,1681100,"B"
"DCM","13:09:08",31.65,-0.7,3100,1666100,"B"
"DCM","13:08:59",31.65,-0.7,7600,1663000,"B"
"DCM","13:08:59",31.65,-0.7,15800,1655400,"B"
"DCM","13:08:57",31.7,-0.65,100,1639600,"S"
"DCM","13:08:51",31.7,-0.65,10000,1639500,"S"
"DCM","13:08:30",31.65,-0.7,1300,1629500,"B"
"DCM","13:08:25",31.7,-0.65,500,1628200,"S"
"DCM","13:08:18",31.7,-0.65,500,1627700,"S"
"DCM","13:08:17",31.7,-0.65,900,1627200,"S"
"DCM","13:08:01",31.65,-0.7,500,1626300,"B"
"DCM","13:07:47",31.65,-0.7,1400,1625800,"B"
"DCM","13:07:47",31.65,-0.7,10000,1624400,"B"
"DCM","13:07:40",31.7,-0.65,100,1614400,"S"
"DCM","13:07:39",31.7,-0.65,1000,1614300,"S"
"DCM","13:07:36",31.7,-0.65,100,1613300,"S"
"DCM","13:07:35",31.7,-0.65,42100,1613200,"B"
"DCM","13:07:34",31.75,-0.6,500,1571100,"S"
"DCM","13:07:32",31.75,-0.6,100,1570600,"S"
"DCM","13:07:24",31.75,-0.6,100,1570500,"S"
"DCM","13:07:19",31.75,-0.6,100,1570400,"S"
"DCM","13:07:17",31.75,-0.6,200,1570300,"S"
"DCM","13:07:14",31.7,-0.65,10000,1570100,"B"
"DCM","13:07:14",31.75,-0.6,100,1560100,"S"
"DCM","13:06:20",31.75,-0.6,100,1560000,"S"
"DCM","13:06:19",31.75,-0.6,100,1559900,"S"
"DCM","13:06:15",31.75,-0.6,200,1559800,"S"
"DCM","13:06:14",31.75,-0.6,2700,1559600,"B"
"DCM","13:06:02",31.75,-0.6,100,1556900,"B"
"DCM","13:05:58",31.75,-0.6,300,1556800,"S"
"DCM","13:05:57",31.75,-0.6,100,1556500,"S"
"DCM","13:05:55",31.75,-0.6,500,1556400,"S"
"DCM","13:05:45",31.75,-0.6,1900,1555900,"B"
"DCM","13:05:44",31.75,-0.6,800,1554000,"B"
"DCM","13:05:40",31.75,-0.6,200,1553200,"B"
"DCM","13:05:37",31.75,-0.6,3300,1553000,"B"
"DCM","13:05:37",31.75,-0.6,600,1549700,"B"
"DCM","13:05:35",31.75,-0.6,1400,1549100,"B"
"DCM","13:05:28",31.75,-0.6,2000,1547700,"B"
"DCM","13:05:25",31.75,-0.6,500,1545700,"B"
"DCM","13:05:20",31.75,-0.6,4200,1545200,"B"
"DCM","13:05:19",31.75,-0.6,3300,1541000,"B"
"DCM","13:04:44",31.8,-0.55,900,1537700,"S"
"DCM","13:04:30",31.75,-0.6,2700,1536800,"B"
"DCM","13:04:24",31.8,-0.55,200,1534100,"S"
"DCM","13:04:08",31.8,-0.55,300,1533900,"S"
"DCM","13:04:06",31.8,-0.55,200,1533600,"S"
"DCM","13:04:03",31.8,-0.55,300,1533400,"S"
"DCM","13:03:33",31.8,-0.55,500,1533100,"S"
"DCM","13:03:30",31.8,-0.55,300,1532600,"S"
"DCM","13:03:16",31.8,-0.55,500,1532300,"S"
"DCM","13:03:14",31.8,-0.55,600,1531800,"S"
"DCM","13:03:01",31.8,-0.55,300,1531200,"S"
"DCM","13:02:51",31.8,-0.55,8300,1530900,"B"
"DCM","13:02:50",31.8,-0.55,4000,1522600,"B"
"DCM","13:02:40",31.8,-0.55,3000,1518600,"B"
"DCM","13:02:37",31.8,-0.55,400,1515600,"B"
"DCM","13:02:28",31.8,-0.55,17800,1515200,"B"
"DCM","13:02:23",31.8,-0.55,2000,1497400,"B"
"DCM","13:02:20",31.8,-0.55,41600,1495400,"B"
"DCM","13:02:15",31.8,-0.55,7000,1453800,"B"
"DCM","13:02:08",31.8,-0.55,15800,1446800,"B"
"DCM","13:02:08",31.8,-0.55,3200,1431000,"B"
"DCM","13:01:15",31.85,-0.5,24200,1427800,"B"
"DCM","13:01:13",31.85,-0.5,15000,1403600,"B"
"DCM","13:00:42",31.85,-0.5,21800,1388600,"B"
"DCM","13:00:39",31.9,-0.45,1200,1366800,"S"
"DCM","13:00:31",31.9,-0.45,600,1365600,"S"
"DCM","13:00:29",31.85,-0.5,2000,1365000,"B"
"DCM","13:00:28",31.9,-0.45,100,1363000,"S"
"DCM","13:00:23",31.9,-0.45,100,1362900,"S"
"DCM","13:00:21",31.9,-0.45,1000,1362800,"S"
"DCM","13:00:15",31.85,-0.5,500,1361800,"B"
"DCM","13:00:08",31.9,-0.45,200,1361300,"S"
"DCM","13:00:05",31.9,-0.45,1400,1361100,"S"
"DCM","13:00:03",31.9,-0.45,1000,1359700,"S"
"DCM","13:00:02",31.9,-0.45,800,1358700,"B"
"DCM","13:00:02",31.9,-0.45,9500,1357900,"B"
"DCM","13:00:02",31.95,-0.4,100,1348400,"S"
"DCM","13:00:00",31.95,-0.4,600,1348300,"S"
"DCM","13:00:00",31.9,-0.45,8000,1347700,"B"
"DCM","13:00:00",31.95,-0.4,6000,1339700,"S"
"DCM","13:00:00",31.9,-0.45,5000,1333700,"B"
"DCM","11:29:06",31.95,-0.4,200,1328700,"S"
"DCM","11:28:16",31.95,-0.4,200,1328500,"S"
"DCM","11:23:41",31.95,-0.4,100,1328300,"S"
"DCM","11:22:51",31.95,-0.4,100,1328200,"B"
"DCM","11:22:40",31.95,-0.4,900,1328100,"S"
"DCM","11:22:11",31.95,-0.4,200,1327200,"S"
"DCM","11:21:48",31.95,-0.4,400,1327000,"S"
"DCM","11:21:48",31.95,-0.4,100,1326600,"S"
"DCM","11:21:24",31.95,-0.4,1500,1326500,"S"
"DCM","11:19:44",31.95,-0.4,500,1325000,"S"
"DCM","11:19:20",31.95,-0.4,600,1324500,"B"
"DCM","11:18:17",31.95,-0.4,10000,1323900,"B"
"DCM","11:17:34",31.95,-0.4,20000,1313900,"B"
"DCM","11:16:49",31.95,-0.4,1400,1293900,"S"
"DCM","11:14:16",31.95,-0.4,1000,1292500,"S"
"DCM","11:12:48",31.9,-0.45,2700,1291500,"B"
"DCM","11:12:31",31.9,-0.45,400,1288800,"B"
"DCM","11:12:16",31.95,-0.4,100,1288400,"S"
"DCM","11:12:16",31.95,-0.4,400,1288300,"S"
"DCM","11:12:07",31.95,-0.4,600,1287900,"S"
"DCM","11:11:30",31.95,-0.4,400,1287300,"S"
"DCM","11:10:40",31.9,-0.45,400,1286900,"B"
"DCM","11:10:26",31.9,-0.45,400,1286500,"B"
"DCM","11:09:10",31.9,-0.45,500,1286100,"B"
"DCM","11:09:02",31.95,-0.4,200,1285600,"S"
"DCM","11:08:37",31.95,-0.4,100,1285400,"S"
"DCM","11:07:44",31.9,-0.45,22500,1285300,"B"
"DCM","11:06:59",31.9,-0.45,500,1262800,"B"
"DCM","11:06:57",31.95,-0.4,100,1262300,"S"
"DCM","11:06:41",31.95,-0.4,2000,1262200,"S"
"DCM","11:05:35",31.95,-0.4,600,1260200,"B"
"DCM","11:05:28",31.95,-0.4,1400,1259600,"S"
"DCM","11:05:19",31.95,-0.4,500,1258200,"S"
"DCM","11:05:15",31.95,-0.4,5000,1257700,"S"
"DCM","11:04:41",31.95,-0.4,500,1252700,"B"
"DCM","11:04:37",31.95,-0.4,3800,1252200,"B"
"DCM","11:03:48",31.95,-0.4,100,1248400,"B"
"DCM","11:03:30",31.95,-0.4,100,1248300,"B"
"DCM","11:03:15",32,-0.35,1000,1248200,"S"
"DCM","11:03:09",32,-0.35,800,1247200,"S"
"DCM","11:02:17",32,-0.35,500,1246400,"S"
"DCM","11:01:37",32,-0.35,800,1245900,"B"
"DCM","11:01:35",32,-0.35,1200,1245100,"S"
"DCM","11:01:29",32,-0.35,5000,1243900,"S"
"DCM","11:01:25",32,-0.35,1500,1238900,"S"
"DCM","10:59:33",32,-0.35,3000,1237400,"S"
"DCM","10:58:59",32,-0.35,10000,1234400,"B"
"DCM","10:58:35",32.05,-0.3,300,1224400,"S"
"DCM","10:58:28",32.05,-0.3,100,1224100,"S"
"DCM","10:58:26",32.05,-0.3,3800,1224000,"B"
"DCM","10:58:24",32.05,-0.3,1200,1220200,"S"
"DCM","10:57:59",32.05,-0.3,1000,1219000,"S"
"DCM","10:57:39",32.05,-0.3,1000,1218000,"S"
"DCM","10:57:16",32.05,-0.3,100,1217000,"S"
"DCM","10:57:16",32.05,-0.3,5700,1216900,"B"
"DCM","10:57:00",32.05,-0.3,500,1211200,"B"
"DCM","10:56:43",32.05,-0.3,2000,1210700,"S"
"DCM","10:56:14",32.05,-0.3,100,1208700,"S"
"DCM","10:55:41",32,-0.35,7200,1208600,"S"
"DCM","10:55:21",32,-0.35,4800,1201400,"B"
"DCM","10:55:14",32,-0.35,400,1196600,"B"
"DCM","10:54:54",32,-0.35,100,1196200,"B"
"DCM","10:54:41",32,-0.35,16700,1196100,"S"
"DCM","10:54:38",32,-0.35,100,1179400,"S"
"DCM","10:53:56",31.95,-0.4,200,1179300,"S"
"DCM","10:53:53",31.95,-0.4,300,1179100,"S"
"DCM","10:53:38",31.95,-0.4,500,1178800,"S"
"DCM","10:52:44",31.95,-0.4,200,1178300,"S"
"DCM","10:52:33",31.95,-0.4,300,1178100,"S"
"DCM","10:52:05",31.95,-0.4,400,1177800,"B"
"DCM","10:51:57",32,-0.35,1500,1177400,"S"
"DCM","10:50:59",32,-0.35,700,1175900,"S"
"DCM","10:49:54",32,-0.35,100,1175200,"S"
"DCM","10:49:08",32,-0.35,500,1175100,"S"
"DCM","10:48:27",32,-0.35,500,1174600,"S"
"DCM","10:48:09",31.95,-0.4,4000,1174100,"S"
"DCM","10:48:06",31.95,-0.4,100,1170100,"S"
"DCM","10:46:56",31.95,-0.4,300,1170000,"S"
"DCM","10:46:37",31.95,-0.4,7000,1169700,"S"
"DCM","10:46:15",31.95,-0.4,100,1162700,"S"
"DCM","10:45:47",31.95,-0.4,1900,1162600,"S"
"DCM","10:45:21",31.95,-0.4,500,1160700,"S"
"DCM","10:45:04",31.95,-0.4,100,1160200,"S"
"DCM","10:44:39",31.95,-0.4,1000,1160100,"S"
"DCM","10:44:29",31.95,-0.4,2000,1159100,"B"
"DCM","10:44:21",31.95,-0.4,2000,1157100,"B"
"DCM","10:44:11",31.95,-0.4,2000,1155100,"S"
"DCM","10:44:02",31.95,-0.4,300,1153100,"S"
"DCM","10:43:31",31.95,-0.4,400,1152800,"S"
"DCM","10:43:28",31.95,-0.4,500,1152400,"B"
"DCM","10:43:04",31.95,-0.4,1000,1151900,"S"
"DCM","10:42:03",31.9,-0.45,5000,1150900,"B"
"DCM","10:41:52",31.9,-0.45,9500,1145900,"B"
"DCM","10:40:38",31.85,-0.5,1100,1136400,"B"
"DCM","10:40:38",31.9,-0.45,2900,1135300,"B"
"DCM","10:39:49",31.9,-0.45,500,1132400,"B"
"DCM","10:39:44",31.95,-0.4,7500,1131900,"B"
"DCM","10:39:27",31.95,-0.4,200,1124400,"B"
"DCM","10:38:34",31.95,-0.4,300,1124200,"S"
"DCM","10:38:22",31.95,-0.4,700,1123900,"B"
"DCM","10:37:43",32,-0.35,300,1123200,"S"
"DCM","10:37:32",32,-0.35,1000,1122900,"S"
"DCM","10:37:26",31.95,-0.4,1400,1121900,"S"
"DCM","10:37:25",31.95,-0.4,600,1120500,"B"
"DCM","10:37:22",32,-0.35,300,1119900,"S"
"DCM","10:37:07",32,-0.35,200,1119600,"S"
"DCM","10:36:23",31.95,-0.4,8500,1119400,"B"
"DCM","10:35:35",31.95,-0.4,2800,1110900,"S"
"DCM","10:34:58",31.9,-0.45,10400,1108100,"S"
"DCM","10:34:57",31.9,-0.45,5000,1097700,"S"
"DCM","10:34:55",31.9,-0.45,100,1092700,"S"
"DCM","10:34:53",31.9,-0.45,100,1092600,"S"
"DCM","10:34:50",31.9,-0.45,1000,1092500,"S"
"DCM","10:34:50",31.9,-0.45,500,1091500,"S"
"DCM","10:34:48",31.9,-0.45,100,1091000,"S"
"DCM","10:34:47",31.9,-0.45,1000,1090900,"S"
"DCM","10:34:33",31.9,-0.45,100,1089900,"S"
"DCM","10:34:12",31.9,-0.45,100,1089800,"S"
"DCM","10:33:56",31.9,-0.45,1000,1089700,"S"
"DCM","10:33:55",31.9,-0.45,5000,1088700,"S"
"DCM","10:32:51",31.85,-0.5,600,1083700,"S"
"DCM","10:31:57",31.8,-0.55,600,1083100,"B"
"DCM","10:31:21",31.8,-0.55,22800,1082500,"B"
"DCM","10:31:03",31.8,-0.55,3000,1059700,"B"
"DCM","10:30:20",31.85,-0.5,9400,1056700,"B"
"DCM","10:30:17",31.9,-0.45,1000,1047300,"S"
"DCM","10:29:20",31.85,-0.5,500,1046300,"B"
"DCM","10:28:28",31.85,-0.5,100,1045800,"B"
"DCM","10:27:48",31.85,-0.5,800,1045700,"B"
"DCM","10:27:33",31.9,-0.45,200,1044900,"S"
"DCM","10:27:31",31.9,-0.45,100,1044700,"S"
"DCM","10:26:53",31.9,-0.45,600,1044600,"S"
"DCM","10:26:36",31.85,-0.5,2000,1044000,"B"
"DCM","10:25:49",31.85,-0.5,5000,1042000,"B"
"DCM","10:25:35",31.85,-0.5,5200,1037000,"B"
"DCM","10:25:34",31.85,-0.5,800,1031800,"B"
"DCM","10:25:33",31.9,-0.45,4300,1031000,"S"
"DCM","10:25:12",31.9,-0.45,200,1026700,"S"
"DCM","10:25:11",31.9,-0.45,1000,1026500,"S"
"DCM","10:24:32",31.9,-0.45,100,1025500,"S"
"DCM","10:24:17",31.9,-0.45,1100,1025400,"S"
"DCM","10:23:39",31.9,-0.45,2000,1024300,"S"
"DCM","10:23:04",31.9,-0.45,100,1022300,"S"
"DCM","10:22:33",31.9,-0.45,1300,1022200,"S"
"DCM","10:22:25",31.85,-0.5,2000,1020900,"B"
"DCM","10:20:49",31.85,-0.5,100,1018900,"B"
"DCM","10:20:31",31.85,-0.5,30000,1018800,"B"
"DCM","10:20:18",31.85,-0.5,900,988800,"B"
"DCM","10:19:47",31.85,-0.5,300,987900,"B"
"DCM","10:18:08",31.9,-0.45,100,987600,"B"
"DCM","10:17:59",31.9,-0.45,500,987500,"B"
"DCM","10:17:56",31.9,-0.45,6000,987000,"B"
"DCM","10:17:30",31.9,-0.45,100,981000,"S"
"DCM","10:17:16",31.9,-0.45,1300,980900,"B"
"DCM","10:17:15",31.9,-0.45,5900,979600,"B"
"DCM","10:16:21",31.9,-0.45,1000,973700,"B"
"DCM","10:16:21",31.95,-0.4,100,972700,"S"
"DCM","10:16:15",31.95,-0.4,200,972600,"S"
"DCM","10:15:32",31.9,-0.45,600,972400,"B"
"DCM","10:15:25",31.9,-0.45,600,971800,"B"
"DCM","10:15:05",31.9,-0.45,1300,971200,"B"
"DCM","10:14:49",31.95,-0.4,1000,969900,"S"
"DCM","10:14:49",31.9,-0.45,2600,968900,"B"
"DCM","10:14:17",31.9,-0.45,11200,966300,"B"
"DCM","10:14:13",31.95,-0.4,13300,955100,"B"
"DCM","10:14:05",31.95,-0.4,100,941800,"B"
"DCM","10:13:36",31.95,-0.4,500,941700,"B"
"DCM","10:12:59",32,-0.35,1000,941200,"S"
"DCM","10:12:24",32,-0.35,5800,940200,"B"
"DCM","10:12:17",32,-0.35,300,934400,"B"
"DCM","10:11:29",32,-0.35,500,934100,"B"
"DCM","10:10:26",32,-0.35,700,933600,"S"
"DCM","10:10:23",32,-0.35,11000,932900,"S"
"DCM","10:10:22",32,-0.35,1100,921900,"S"
"DCM","10:10:21",32,-0.35,300,920800,"S"
"DCM","10:10:13",32,-0.35,100,920500,"S"
"DCM","10:09:58",32,-0.35,1000,920400,"S"
"DCM","10:09:57",32,-0.35,200,919400,"S"
"DCM","10:09:52",32,-0.35,300,919200,"S"
"DCM","10:09:25",32,-0.35,100,918900,"S"
"DCM","10:09:14",32,-0.35,300,918800,"S"
"DCM","10:08:59",32,-0.35,5000,918500,"S"
"DCM","10:08:02",31.95,-0.4,2000,913500,"B"
"DCM","10:07:18",31.95,-0.4,5000,911500,"B"
"DCM","10:07:07",31.95,-0.4,200,906500,"B"
"DCM","10:06:50",31.95,-0.4,200,906300,"B"
"DCM","10:06:19",31.95,-0.4,100,906100,"B"
"DCM","10:05:52",31.95,-0.4,100,906000,"B"
"DCM","10:05:37",31.95,-0.4,8300,905900,"S"
"DCM","10:05:31",31.95,-0.4,2000,897600,"S"
"DCM","10:05:24",31.95,-0.4,500,895600,"S"
"DCM","10:05:16",31.95,-0.4,100,895100,"S"
"DCM","10:04:51",31.95,-0.4,200,895000,"S"
"DCM","10:03:32",31.9,-0.45,1000,894800,"B"
"DCM","10:02:53",31.9,-0.45,500,893800,"B"
"DCM","10:02:49",31.9,-0.45,16900,893300,"S"
"DCM","10:02:49",31.85,-0.5,2300,876400,"S"
"DCM","10:02:39",31.85,-0.5,1000,874100,"S"
"DCM","10:02:18",31.85,-0.5,200,873100,"S"
"DCM","10:01:55",31.85,-0.5,300,872900,"S"
"DCM","10:01:17",31.8,-0.55,200,872600,"B"
"DCM","10:01:12",31.85,-0.5,3000,872400,"S"
"DCM","10:00:44",31.85,-0.5,100,869400,"S"
"DCM","10:00:32",31.85,-0.5,600,869300,"S"
"DCM","10:00:28",31.85,-0.5,300,868700,"S"
"DCM","10:00:23",31.85,-0.5,500,868400,"S"
"DCM","10:00:10",31.85,-0.5,100,867900,"S"
"DCM","09:59:45",31.85,-0.5,500,867800,"S"
"DCM","09:59:34",31.85,-0.5,100,867300,"S"
"DCM","09:58:43",31.85,-0.5,400,867200,"B"
"DCM","09:58:24",31.85,-0.5,600,866800,"S"
"DCM","09:58:21",31.85,-0.5,100,866200,"S"
"DCM","09:58:17",31.85,-0.5,200,866100,"S"
"DCM","09:58:10",31.85,-0.5,500,865900,"S"
"DCM","09:57:55",31.85,-0.5,900,865400,"B"
"DCM","09:57:53",31.9,-0.45,300,864500,"S"
"DCM","09:57:37",31.9,-0.45,100,864200,"S"
"DCM","09:57:35",31.85,-0.5,300,864100,"B"
"DCM","09:57:14",31.85,-0.5,1000,863800,"S"
"DCM","09:57:00",31.85,-0.5,300,862800,"S"
"DCM","09:56:46",31.85,-0.5,700,862500,"B"
"DCM","09:56:34",31.85,-0.5,600,861800,"B"
"DCM","09:56:07",31.85,-0.5,500,861200,"B"
"DCM","09:55:34",31.85,-0.5,700,860700,"S"
"DCM","09:55:32",31.85,-0.5,200,860000,"S"
"DCM","09:55:16",31.85,-0.5,100,859800,"S"
"DCM","09:55:15",31.85,-0.5,500,859700,"S"
"DCM","09:55:04",31.85,-0.5,500,859200,"S"
"DCM","09:54:54",31.85,-0.5,100,858700,"S"
"DCM","09:54:53",31.85,-0.5,100,858600,"S"
"DCM","09:54:24",31.85,-0.5,100,858500,"B"
"DCM","09:54:13",31.85,-0.5,400,858400,"S"
"DCM","09:54:05",31.85,-0.5,1600,858000,"B"
"DCM","09:53:56",31.85,-0.5,4400,856400,"S"
"DCM","09:53:48",31.85,-0.5,100,852000,"S"
"DCM","09:53:34",31.85,-0.5,3100,851900,"B"
"DCM","09:53:19",31.85,-0.5,3000,848800,"B"
"DCM","09:53:11",31.85,-0.5,700,845800,"B"
"DCM","09:53:07",31.9,-0.45,200,845100,"S"
"DCM","09:52:57",31.85,-0.5,7300,844900,"B"
"DCM","09:52:46",31.85,-0.5,100,837600,"B"
"DCM","09:52:25",31.9,-0.45,1000,837500,"S"
"DCM","09:51:34",31.9,-0.45,100,836500,"S"
"DCM","09:51:21",31.9,-0.45,4000,836400,"S"
"DCM","09:51:10",31.85,-0.5,700,832400,"S"
"DCM","09:51:05",31.85,-0.5,100,831700,"S"
"DCM","09:50:55",31.85,-0.5,500,831600,"S"
"DCM","09:50:52",31.85,-0.5,1500,831100,"B"
"DCM","09:50:36",31.85,-0.5,4700,829600,"S"
"DCM","09:50:32",31.85,-0.5,100,824900,"S"
"DCM","09:50:30",31.85,-0.5,2000,824800,"S"
"DCM","09:50:26",31.85,-0.5,500,822800,"S"
"DCM","09:50:09",31.85,-0.5,200,822300,"S"
"DCM","09:49:29",31.85,-0.5,100,822100,"S"
"DCM","09:49:12",31.85,-0.5,400,822000,"S"
"DCM","09:48:57",31.85,-0.5,600,821600,"S"
"DCM","09:48:20",31.85,-0.5,500,821000,"S"
"DCM","09:48:17",31.85,-0.5,1000,820500,"S"
"DCM","09:48:07",31.85,-0.5,500,819500,"S"
"DCM","09:48:02",31.85,-0.5,1000,819000,"S"
"DCM","09:48:00",31.85,-0.5,500,818000,"S"
"DCM","09:47:41",31.85,-0.5,1700,817500,"B"
"DCM","09:47:40",31.85,-0.5,1000,815800,"S"
"DCM","09:47:40",31.85,-0.5,300,814800,"S"
"DCM","09:47:25",31.85,-0.5,500,814500,"S"
"DCM","09:47:17",31.85,-0.5,100,814000,"S"
"DCM","09:47:17",31.8,-0.55,15000,813900,"B"
"DCM","09:47:16",31.85,-0.5,100,798900,"S"
"DCM","09:47:03",31.85,-0.5,100,798800,"S"
"DCM","09:46:56",31.85,-0.5,100,798700,"S"
"DCM","09:46:51",31.85,-0.5,100,798600,"S"
"DCM","09:46:49",31.8,-0.55,100,798500,"B"
"DCM","09:46:40",31.85,-0.5,1800,798400,"B"
"DCM","09:46:34",31.85,-0.5,100,796600,"B"
"DCM","09:46:27",31.85,-0.5,500,796500,"B"
"DCM","09:46:18",31.85,-0.5,2000,796000,"B"
"DCM","09:46:08",31.85,-0.5,300,794000,"B"
"DCM","09:46:07",31.85,-0.5,5000,793700,"B"
"DCM","09:45:58",31.85,-0.5,500,788700,"B"
"DCM","09:45:47",31.85,-0.5,1000,788200,"B"
"DCM","09:45:45",31.85,-0.5,5000,787200,"B"
"DCM","09:45:40",31.85,-0.5,200,782200,"B"
"DCM","09:45:35",31.9,-0.45,100,782000,"S"
"DCM","09:45:26",31.85,-0.5,500,781900,"B"
"DCM","09:45:20",31.85,-0.5,4100,781400,"S"
"DCM","09:45:15",31.85,-0.5,200,777300,"B"
"DCM","09:45:13",31.85,-0.5,200,777100,"S"
"DCM","09:45:02",31.85,-0.5,5300,776900,"B"
"DCM","09:44:57",31.85,-0.5,33600,771600,"B"
"DCM","09:44:56",31.85,-0.5,11400,738000,"B"
"DCM","09:44:26",31.85,-0.5,600,726600,"B"
"DCM","09:43:58",31.85,-0.5,900,726000,"B"
"DCM","09:43:52",31.85,-0.5,1000,725100,"B"
"DCM","09:43:26",31.85,-0.5,100,724100,"B"
"DCM","09:43:25",31.9,-0.45,500,724000,"S"
"DCM","09:42:45",31.9,-0.45,1000,723500,"S"
"DCM","09:42:28",31.9,-0.45,100,722500,"S"
"DCM","09:42:18",31.9,-0.45,300,722400,"S"
"DCM","09:42:07",31.9,-0.45,100,722100,"S"
"DCM","09:42:05",31.9,-0.45,100,722000,"S"
"DCM","09:42:03",31.9,-0.45,200,721900,"S"
"DCM","09:42:00",31.9,-0.45,500,721700,"S"
"DCM","09:41:53",31.9,-0.45,3000,721200,"S"
"DCM","09:41:51",31.9,-0.45,1000,718200,"S"
"DCM","09:41:36",31.9,-0.45,3100,717200,"B"
"DCM","09:41:28",31.9,-0.45,1000,714100,"B"
"DCM","09:40:55",31.9,-0.45,100,713100,"B"
"DCM","09:40:52",31.9,-0.45,1000,713000,"B"
"DCM","09:40:27",31.9,-0.45,9200,712000,"S"
"DCM","09:40:23",31.9,-0.45,500,702800,"S"
"DCM","09:40:14",31.9,-0.45,100,702300,"S"
"DCM","09:40:06",31.9,-0.45,1000,702200,"S"
"DCM","09:40:00",31.9,-0.45,200,701200,"S"
"DCM","09:39:58",31.9,-0.45,100,701000,"S"
"DCM","09:39:58",31.9,-0.45,900,700900,"B"
"DCM","09:39:51",31.9,-0.45,200,700000,"S"
"DCM","09:39:46",31.9,-0.45,100,699800,"S"
"DCM","09:39:37",31.9,-0.45,9700,699700,"B"
"DCM","09:39:35",31.9,-0.45,100,690000,"B"
"DCM","09:39:20",31.9,-0.45,200,689900,"B"
"DCM","09:38:14",31.95,-0.4,1600,689700,"S"
"DCM","09:38:14",31.9,-0.45,3400,688100,"S"
"DCM","09:38:12",31.85,-0.5,500,684700,"B"
"DCM","09:38:12",31.9,-0.45,100,684200,"S"
"DCM","09:38:05",31.85,-0.5,500,684100,"B"
"DCM","09:37:57",31.9,-0.45,4500,683600,"B"
"DCM","09:37:42",31.9,-0.45,600,679100,"S"
"DCM","09:37:41",31.9,-0.45,500,678500,"S"
"DCM","09:37:35",31.9,-0.45,500,678000,"S"
"DCM","09:37:34",31.9,-0.45,100,677500,"S"
"DCM","09:37:25",31.9,-0.45,1000,677400,"S"
"DCM","09:37:21",31.9,-0.45,100,676400,"S"
"DCM","09:37:13",31.9,-0.45,5000,676300,"S"
"DCM","09:37:11",31.9,-0.45,100,671300,"S"
"DCM","09:37:08",31.9,-0.45,200,671200,"S"
"DCM","09:36:45",31.9,-0.45,100,671000,"S"
"DCM","09:36:44",31.9,-0.45,100,670900,"S"
"DCM","09:36:37",31.9,-0.45,200,670800,"S"
"DCM","09:36:19",31.9,-0.45,100,670600,"S"
"DCM","09:36:17",31.9,-0.45,200,670500,"S"
"DCM","09:36:11",31.9,-0.45,300,670300,"S"
"DCM","09:35:54",31.9,-0.45,100,670000,"S"
"DCM","09:35:47",31.9,-0.45,200,669900,"S"
"DCM","09:35:35",31.9,-0.45,1300,669700,"S"
"DCM","09:35:31",31.9,-0.45,1000,668400,"S"
"DCM","09:35:12",31.9,-0.45,500,667400,"S"
"DCM","09:35:10",31.9,-0.45,500,666900,"S"
"DCM","09:35:07",31.9,-0.45,100,666400,"S"
"DCM","09:35:00",31.9,-0.45,500,666300,"S"
"DCM","09:34:50",31.9,-0.45,1800,665800,"B"
"DCM","09:34:37",31.9,-0.45,8000,664000,"B"
"DCM","09:34:18",31.9,-0.45,300,656000,"B"
"DCM","09:34:13",31.95,-0.4,300,655700,"S"
"DCM","09:34:09",31.9,-0.45,1000,655400,"B"
"DCM","09:34:09",31.9,-0.45,500,654400,"B"
"DCM","09:34:01",31.95,-0.4,100,653900,"S"
"DCM","09:33:52",31.95,-0.4,900,653800,"S"
"DCM","09:33:50",31.95,-0.4,2000,652900,"B"
"DCM","09:33:42",31.95,-0.4,500,650900,"B"
"DCM","09:33:33",32,-0.35,4000,650400,"S"
"DCM","09:33:30",31.95,-0.4,1000,646400,"B"
"DCM","09:33:29",31.95,-0.4,200,645400,"S"
"DCM","09:33:18",31.95,-0.4,7900,645200,"B"
"DCM","09:32:51",31.95,-0.4,100,637300,"S"
"DCM","09:32:50",31.95,-0.4,400,637200,"S"
"DCM","09:32:47",31.95,-0.4,200,636800,"S"
"DCM","09:32:42",31.95,-0.4,100,636600,"S"
"DCM","09:32:41",31.95,-0.4,100,636500,"S"
"DCM","09:32:35",31.95,-0.4,100,636400,"S"
"DCM","09:32:08",31.95,-0.4,100,636300,"S"
"DCM","09:31:59",31.95,-0.4,2800,636200,"B"
"DCM","09:31:54",32,-0.35,1600,633400,"S"
"DCM","09:31:49",32,-0.35,200,631800,"S"
"DCM","09:31:49",31.95,-0.4,1000,631600,"B"
"DCM","09:31:40",32,-0.35,2000,630600,"S"
"DCM","09:31:33",31.95,-0.4,200,628600,"S"
"DCM","09:31:29",31.9,-0.45,1700,628400,"B"
"DCM","09:31:28",31.9,-0.45,19300,626700,"B"
"DCM","09:31:28",31.95,-0.4,200,607400,"S"
"DCM","09:31:23",31.95,-0.4,5000,607200,"S"
"DCM","09:31:18",31.95,-0.4,500,602200,"S"
"DCM","09:31:15",31.95,-0.4,500,601700,"S"
"DCM","09:31:06",31.95,-0.4,500,601200,"S"
"DCM","09:31:03",31.95,-0.4,1300,600700,"S"
"DCM","09:30:59",31.95,-0.4,2700,599400,"S"
"DCM","09:30:54",31.95,-0.4,300,596700,"S"
"DCM","09:30:50",31.95,-0.4,2000,596400,"S"
"DCM","09:30:33",31.95,-0.4,500,594400,"S"
"DCM","09:30:32",31.95,-0.4,100,593900,"S"
"DCM","09:30:24",31.9,-0.45,300,593800,"B"
"DCM","09:30:24",31.95,-0.4,700,593500,"B"
"DCM","09:30:24",31.95,-0.4,100,592800,"B"
"DCM","09:30:18",31.95,-0.4,1000,592700,"B"
"DCM","09:30:18",32,-0.35,300,591700,"S"
"DCM","09:30:17",32,-0.35,100,591400,"S"
"DCM","09:30:05",31.95,-0.4,800,591300,"S"
"DCM","09:30:05",31.95,-0.4,3000,590500,"S"
"DCM","09:30:01",31.95,-0.4,100,587500,"S"
"DCM","09:29:57",31.95,-0.4,100,587400,"S"
"DCM","09:29:57",31.9,-0.45,2400,587300,"S"
"DCM","09:29:56",31.9,-0.45,200,584900,"S"
"DCM","09:29:53",31.9,-0.45,500,584700,"S"
"DCM","09:29:48",31.9,-0.45,400,584200,"S"
"DCM","09:29:45",31.9,-0.45,1000,583800,"S"
"DCM","09:29:40",31.9,-0.45,500,582800,"S"
"DCM","09:29:35",31.85,-0.5,600,582300,"S"
"DCM","09:29:29",31.85,-0.5,7000,581700,"S"
"DCM","09:29:26",31.85,-0.5,1000,574700,"S"
"DCM","09:29:14",31.8,-0.55,400,573700,"S"
"DCM","09:29:13",31.8,-0.55,100,573300,"S"
"DCM","09:29:10",31.8,-0.55,100,573200,"S"
"DCM","09:29:05",31.75,-0.6,1000,573100,"S"
"DCM","09:29:01",31.75,-0.6,500,572100,"S"
"DCM","09:28:49",31.75,-0.6,500,571600,"S"
"DCM","09:28:46",31.7,-0.65,13400,571100,"S"
"DCM","09:28:46",31.7,-0.65,400,557700,"S"
"DCM","09:28:45",31.7,-0.65,1200,557300,"S"
"DCM","09:28:41",31.7,-0.65,1000,556100,"S"
"DCM","09:28:39",31.7,-0.65,600,555100,"S"
"DCM","09:28:33",31.7,-0.65,5000,554500,"S"
"DCM","09:28:24",31.65,-0.7,400,549500,"S"
"DCM","09:28:16",31.65,-0.7,500,549100,"S"
"DCM","09:28:09",31.65,-0.7,500,548600,"S"
"DCM","09:28:07",31.65,-0.7,100,548100,"S"
"DCM","09:28:06",31.65,-0.7,500,548000,"S"
"DCM","09:28:02",31.65,-0.7,1300,547500,"B"
"DCM","09:27:57",31.65,-0.7,100,546200,"B"
"DCM","09:27:51",31.6,-0.75,100,546100,"S"
"DCM","09:27:50",31.6,-0.75,100,546000,"S"
"DCM","09:27:48",31.6,-0.75,12800,545900,"B"
"DCM","09:27:48",31.65,-0.7,7000,533100,"B"
"DCM","09:27:47",31.7,-0.65,4000,526100,"S"
"DCM","09:27:35",31.65,-0.7,500,522100,"B"
"DCM","09:27:32",31.65,-0.7,1500,521600,"S"
"DCM","09:27:27",31.65,-0.7,100,520100,"S"
"DCM","09:27:24",31.65,-0.7,100,520000,"S"
"DCM","09:27:22",31.65,-0.7,300,519900,"S"
"DCM","09:27:21",31.65,-0.7,500,519600,"S"
"DCM","09:27:15",31.65,-0.7,300,519100,"S"
"DCM","09:27:05",31.65,-0.7,100,518800,"S"
"DCM","09:26:56",31.65,-0.7,1000,518700,"S"
"DCM","09:26:47",31.6,-0.75,500,517700,"B"
"DCM","09:26:46",31.6,-0.75,200,517200,"B"
"DCM","09:26:46",31.6,-0.75,100,517000,"B"
"DCM","09:26:43",31.65,-0.7,500,516900,"S"
"DCM","09:26:41",31.6,-0.75,200,516400,"B"
"DCM","09:26:41",31.65,-0.7,700,516200,"S"
"DCM","09:26:33",31.65,-0.7,100,515500,"S"
"DCM","09:26:27",31.65,-0.7,200,515400,"S"
"DCM","09:26:23",31.65,-0.7,1000,515200,"S"
"DCM","09:26:21",31.6,-0.75,2000,514200,"B"
"DCM","09:26:14",31.65,-0.7,2700,512200,"S"
"DCM","09:26:14",31.6,-0.75,2000,509500,"B"
"DCM","09:26:07",31.65,-0.7,400,507500,"S"
"DCM","09:26:04",31.65,-0.7,100,507100,"S"
"DCM","09:26:01",31.65,-0.7,300,507000,"S"
"DCM","09:25:56",31.65,-0.7,1000,506700,"S"
"DCM","09:25:51",31.6,-0.75,600,505700,"B"
"DCM","09:25:41",31.6,-0.75,300,505100,"S"
"DCM","09:25:36",31.6,-0.75,200,504800,"B"
"DCM","09:25:32",31.6,-0.75,200,504600,"S"
"DCM","09:25:27",31.6,-0.75,100,504400,"B"
"DCM","09:25:21",31.65,-0.7,100,504300,"S"
"DCM","09:25:19",31.5,-0.85,23100,504200,"B"
"DCM","09:25:19",31.55,-0.8,13300,481100,"B"
"DCM","09:25:19",31.6,-0.75,12600,467800,"B"
"DCM","09:25:08",31.6,-0.75,1000,455200,"B"
"DCM","09:25:04",31.6,-0.75,500,454200,"B"
"DCM","09:25:00",31.6,-0.75,900,453700,"S"
"DCM","09:24:58",31.6,-0.75,100,452800,"S"
"DCM","09:24:56",31.6,-0.75,200,452700,"S"
"DCM","09:24:53",31.6,-0.75,100,452500,"S"
"DCM","09:24:52",31.6,-0.75,5000,452400,"S"
"DCM","09:24:50",31.6,-0.75,100,447400,"S"
"DCM","09:24:49",31.6,-0.75,500,447300,"S"
"DCM","09:24:48",31.6,-0.75,100,446800,"S"
"DCM","09:24:47",31.65,-0.7,1000,446700,"S"
"DCM","09:24:45",31.5,-0.85,700,445700,"B"
"DCM","09:24:45",31.55,-0.8,100,445000,"B"
"DCM","09:24:45",31.5,-0.85,13800,444900,"B"
"DCM","09:24:45",31.55,-0.8,12700,431100,"B"
"DCM","09:24:45",31.6,-0.75,6500,418400,"B"
"DCM","09:24:41",31.65,-0.7,100,411900,"S"
"DCM","09:24:38",31.65,-0.7,100,411800,"B"
"DCM","09:24:33",31.6,-0.75,1000,411700,"B"
"DCM","09:24:30",31.6,-0.75,20200,410700,"B"
"DCM","09:24:30",31.65,-0.7,17200,390500,"B"
"DCM","09:24:29",31.7,-0.65,100,373300,"S"
"DCM","09:24:28",31.7,-0.65,5000,373200,"S"
"DCM","09:24:25",31.65,-0.7,2000,368200,"B"
"DCM","09:24:17",31.65,-0.7,700,366200,"B"
"DCM","09:24:15",31.7,-0.65,500,365500,"S"
"DCM","09:24:06",31.7,-0.65,1000,365000,"S"
"DCM","09:24:05",31.7,-0.65,100,364000,"S"
"DCM","09:24:04",31.7,-0.65,100,363900,"S"
"DCM","09:24:01",31.7,-0.65,200,363300,"S"
"DCM","09:23:56",31.7,-0.65,100,363100,"S"
"DCM","09:23:55",31.7,-0.65,2600,363000,"S"
"DCM","09:23:54",31.7,-0.65,14500,360400,"B"
"DCM","09:23:54",31.75,-0.6,6300,345900,"B"
"DCM","09:23:48",31.8,-0.55,100,339600,"S"
"DCM","09:23:40",31.75,-0.6,500,339500,"B"
"DCM","09:23:33",31.75,-0.6,100,339000,"B"
"DCM","09:23:32",31.75,-0.6,2000,338900,"B"
"DCM","09:23:29",31.75,-0.6,600,336900,"S"
"DCM","09:23:28",31.75,-0.6,700,336300,"B"
"DCM","09:23:23",31.8,-0.55,7600,335600,"S"
"DCM","09:23:23",31.75,-0.6,2400,328000,"S"
"DCM","09:23:19",31.75,-0.6,1000,325600,"S"
"DCM","09:23:18",31.75,-0.6,1600,324600,"B"
"DCM","09:23:11",31.8,-0.55,2000,323000,"S"
"DCM","09:23:11",31.8,-0.55,1000,321000,"S"
"DCM","09:23:10",31.75,-0.6,3400,320000,"S"
"DCM","09:23:08",31.75,-0.6,100,316600,"S"
"DCM","09:23:04",31.75,-0.6,9800,316500,"B"
"DCM","09:22:58",31.75,-0.6,100,306700,"B"
"DCM","09:22:50",31.75,-0.6,400,306600,"B"
"DCM","09:22:43",31.8,-0.55,200,306200,"S"
"DCM","09:22:39",31.75,-0.6,700,306000,"B"
"DCM","09:22:36",31.8,-0.55,200,305300,"S"
"DCM","09:22:33",31.7,-0.65,9000,305100,"S"
"DCM","09:22:29",31.7,-0.65,2000,296100,"S"
"DCM","09:22:29",31.7,-0.65,200,294100,"S"
"DCM","09:22:26",31.7,-0.65,5000,293900,"S"
"DCM","09:22:25",31.65,-0.7,8800,288900,"B"
"DCM","09:22:22",31.65,-0.7,100,280100,"B"
"DCM","09:22:21",31.7,-0.65,2200,280000,"S"
"DCM","09:22:20",31.7,-0.65,28300,277800,"B"
"DCM","09:22:20",31.7,-0.65,3200,249500,"B"
"DCM","09:22:20",31.75,-0.6,23900,246300,"B"
"DCM","09:22:14",31.75,-0.6,1200,222400,"B"
"DCM","09:22:07",31.8,-0.55,1500,221200,"S"
"DCM","09:22:05",31.8,-0.55,100,219700,"S"
"DCM","09:22:04",31.8,-0.55,10500,219600,"B"
"DCM","09:22:00",31.8,-0.55,200,209100,"B"
"DCM","09:21:55",31.8,-0.55,700,208900,"B"
"DCM","09:21:47",31.85,-0.5,300,208200,"S"
"DCM","09:21:47",31.8,-0.55,700,207900,"S"
"DCM","09:21:46",31.8,-0.55,24300,207200,"B"
"DCM","09:21:39",31.8,-0.55,1500,182900,"B"
"DCM","09:21:31",31.8,-0.55,1000,181400,"B"
"DCM","09:21:28",31.8,-0.55,1000,180400,"B"
"DCM","09:21:25",31.8,-0.55,200,179400,"B"
"DCM","09:21:24",31.85,-0.5,500,179200,"S"
"DCM","09:21:19",31.8,-0.55,1100,178700,"B"
"DCM","09:21:17",31.8,-0.55,9000,177600,"B"
"DCM","09:21:10",31.85,-0.5,100,168600,"S"
"DCM","09:21:07",31.8,-0.55,300,168500,"B"
"DCM","09:21:06",31.85,-0.5,300,168200,"S"
"DCM","09:21:02",31.8,-0.55,10000,167900,"B"
"DCM","09:20:56",31.85,-0.5,100,157900,"S"
"DCM","09:20:53",31.85,-0.5,200,157800,"S"
"DCM","09:20:51",31.8,-0.55,200,157600,"B"
"DCM","09:20:50",31.85,-0.5,2000,157400,"S"
"DCM","09:20:49",31.85,-0.5,1000,155400,"S"
"DCM","09:20:46",31.85,-0.5,400,154400,"S"
"DCM","09:20:41",31.85,-0.5,1000,154000,"S"
"DCM","09:20:35",31.85,-0.5,1000,153000,"S"
"DCM","09:20:30",31.85,-0.5,100,152000,"S"
"DCM","09:20:29",31.85,-0.5,400,151900,"S"
"DCM","09:20:27",31.85,-0.5,600,151500,"B"
"DCM","09:20:13",31.85,-0.5,2600,150900,"S"
"DCM","09:20:12",31.85,-0.5,2400,148300,"B"
"DCM","09:20:12",31.9,-0.45,100,145900,"S"
"DCM","09:20:02",31.9,-0.45,200,145800,"S"
"DCM","09:19:52",31.9,-0.45,300,145600,"S"
"DCM","09:19:43",31.9,-0.45,300,145300,"S"
"DCM","09:19:39",31.9,-0.45,2000,145000,"S"
"DCM","09:19:37",31.9,-0.45,1000,143000,"S"
"DCM","09:19:36",31.8,-0.55,1300,142000,"B"
"DCM","09:19:35",31.8,-0.55,7400,140700,"B"
"DCM","09:19:35",31.85,-0.5,2600,133300,"B"
"DCM","09:19:31",31.85,-0.5,4500,130700,"B"
"DCM","09:19:30",31.9,-0.45,16200,126200,"B"
"DCM","09:19:28",31.95,-0.4,1200,110000,"S"
"DCM","09:19:21",31.9,-0.45,400,108800,"B"
"DCM","09:19:13",31.95,-0.4,800,108400,"S"
"DCM","09:19:12",31.95,-0.4,100,107600,"B"
"DCM","09:19:04",32,-0.35,100,107500,"S"
"DCM","09:19:03",31.95,-0.4,2000,107400,"B"
"DCM","09:18:58",31.95,-0.4,5000,105400,"B"
"DCM","09:18:54",32,-0.35,1500,100400,"B"
"DCM","09:18:52",32,-0.35,400,98900,"S"
"DCM","09:18:50",32,-0.35,500,98500,"S"
"DCM","09:18:36",32,-0.35,5000,98000,"S"
"DCM","09:18:36",31.95,-0.4,10000,93000,"B"
"DCM","09:18:33",32,-0.35,1000,83000,"S"
"DCM","09:18:19",32,-0.35,200,82000,"S"
"DCM","09:18:14",32,-0.35,700,81800,"B"
"DCM","09:18:14",32,-0.35,9500,81100,"B"
"DCM","09:18:08",32,-0.35,2000,71600,"B"
"DCM","09:18:05",32,-0.35,3000,69600,"B"
"DCM","09:18:04",32,-0.35,2000,66600,"B"
"DCM","09:18:03",32.05,-0.3,200,64600,"S"
"DCM","09:18:03",32,-0.35,5000,64400,"B"
"DCM","09:17:56",32,-0.35,300,59400,"B"
"DCM","09:17:49",32.05,-0.3,500,59100,"S"
"DCM","09:17:49",32,-0.35,10000,58600,"B"
"DCM","09:17:19",32.1,-0.25,200,48600,"S"
"DCM","09:17:15",32.1,-0.25,200,48400,"S"
"DCM","09:17:08",32.1,-0.25,100,48200,"B"
"DCM","09:17:06",32.1,-0.25,2600,48100,"B"
"DCM","09:17:05",32.1,-0.25,3000,45500,"B"
"DCM","09:16:59",32.1,-0.25,500,42500,"B"
"DCM","09:16:57",32.1,-0.25,200,42000,"B"
"DCM","09:16:50",32.1,-0.25,500,41800,"B"
"DCM","09:16:44",32.1,-0.25,100,41300,"B"
"DCM","09:16:40",32.1,-0.25,3100,41200,"S"
"DCM","09:16:40",32.05,-0.3,5000,38100,"B"
"DCM","09:16:22",32.1,-0.25,500,33100,"S"
"DCM","09:16:21",32.1,-0.25,2700,32600,"B"
"DCM","09:16:17",32.1,-0.25,3000,29900,"B"
"DCM","09:16:06",32.1,-0.25,6000,26900,"B"
"DCM","09:16:05",32.1,-0.25,2000,20900,"B"
"DCM","09:16:04",32.1,-0.25,700,18900,"B"
"DCM","09:15:15",32.1,-0.25,500,18200,"B"
"DCM","09:15:06",32.1,-0.25,700,17700,"B"
"DCM","09:15:00",32.1,-0.25,17000,17000,
