"symbol","time","price","change","vol","total","side"
"DGW","14:45:01",54.8,0.1,137500,2153500,
"DGW","14:29:59",54.4,-0.3,300,2016000,"S"
"DGW","14:29:57",54.4,-0.3,2000,2015700,"S"
"DGW","14:29:47",54.3,-0.4,500,2013700,"B"
"DGW","14:29:46",54.3,-0.4,100,2013200,"B"
"DGW","14:29:45",54.4,-0.3,300,2013100,"S"
"DGW","14:29:37",54.4,-0.3,4200,2012800,"S"
"DGW","14:29:34",54.4,-0.3,1000,2008600,"S"
"DGW","14:29:21",54.4,-0.3,300,2007600,"S"
"DGW","14:29:19",54.3,-0.4,200,2007300,"B"
"DGW","14:29:18",54.3,-0.4,800,2007100,"B"
"DGW","14:29:10",54.3,-0.4,2000,2006300,"B"
"DGW","14:29:07",54.3,-0.4,300,2004300,"B"
"DGW","14:29:05",54.4,-0.3,500,2004000,"S"
"DGW","14:28:43",54.4,-0.3,100,2003500,"S"
"DGW","14:28:42",54.4,-0.3,100,2003400,"S"
"DGW","14:28:39",54.4,-0.3,100,2003300,"S"
"DGW","14:28:36",54.4,-0.3,100,2003200,"S"
"DGW","14:28:33",54.3,-0.4,2400,2003100,"B"
"DGW","14:28:30",54.4,-0.3,500,2000700,"S"
"DGW","14:28:26",54.3,-0.4,200,2000200,"B"
"DGW","14:28:07",54.3,-0.4,2600,2000000,"B"
"DGW","14:27:55",54.3,-0.4,200,1997400,"B"
"DGW","14:27:39",54.3,-0.4,200,1997200,"B"
"DGW","14:27:36",54.4,-0.3,1000,1997000,"S"
"DGW","14:27:34",54.3,-0.4,1300,1996000,"B"
"DGW","14:27:24",54.3,-0.4,100,1994700,"B"
"DGW","14:27:16",54.3,-0.4,700,1994600,"B"
"DGW","14:26:55",54.4,-0.3,500,1993900,"B"
"DGW","14:26:55",54.4,-0.3,600,1993400,"B"
"DGW","14:26:54",54.4,-0.3,4000,1992800,"B"
"DGW","14:26:51",54.4,-0.3,1000,1988800,"B"
"DGW","14:26:45",54.4,-0.3,1500,1987800,"B"
"DGW","14:26:41",54.4,-0.3,1000,1986300,"B"
"DGW","14:26:39",54.5,-0.2,1000,1985300,"S"
"DGW","14:26:33",54.4,-0.3,100,1984300,"B"
"DGW","14:26:25",54.4,-0.3,300,1984200,"B"
"DGW","14:26:03",54.5,-0.2,500,1983900,"S"
"DGW","14:25:58",54.5,-0.2,300,1983400,"S"
"DGW","14:25:49",54.5,-0.2,400,1983100,"S"
"DGW","14:25:41",54.5,-0.2,9600,1982700,"B"
"DGW","14:25:20",54.5,-0.2,100,1973100,"B"
"DGW","14:24:56",54.5,-0.2,200,1973000,"B"
"DGW","14:24:53",54.5,-0.2,500,1972800,"B"
"DGW","14:24:53",54.5,-0.2,100,1972300,"B"
"DGW","14:24:38",54.5,-0.2,100,1972200,"B"
"DGW","14:24:27",54.5,-0.2,2200,1972100,"S"
"DGW","14:24:22",54.5,-0.2,200,1969900,"S"
"DGW","14:24:18",54.5,-0.2,500,1969700,"S"
"DGW","14:24:16",54.5,-0.2,200,1969200,"B"
"DGW","14:24:13",54.5,-0.2,1000,1969000,"B"
"DGW","14:24:10",54.5,-0.2,3000,1968000,"S"
"DGW","14:24:08",54.5,-0.2,200,1965000,"S"
"DGW","14:24:03",54.5,-0.2,100,1964800,"S"
"DGW","14:23:54",54.5,-0.2,1000,1964700,"S"
"DGW","14:23:44",54.4,-0.3,300,1963700,"B"
"DGW","14:23:36",54.4,-0.3,1600,1963400,"S"
"DGW","14:23:23",54.4,-0.3,900,1961800,"S"
"DGW","14:23:23",54.3,-0.4,100,1960900,"S"
"DGW","14:23:21",54.3,-0.4,400,1960800,"B"
"DGW","14:23:06",54.4,-0.3,200,1960400,"B"
"DGW","14:22:58",54.3,-0.4,2200,1960200,"S"
"DGW","14:22:58",54.2,-0.5,2200,1958000,"S"
"DGW","14:22:53",54.2,-0.5,300,1955800,"B"
"DGW","14:22:46",54.2,-0.5,400,1955500,"S"
"DGW","14:22:42",54.2,-0.5,1000,1955100,"S"
"DGW","14:22:42",54.2,-0.5,500,1954100,"S"
"DGW","14:22:39",54.2,-0.5,3100,1953600,"B"
"DGW","14:22:32",54.2,-0.5,500,1950500,"B"
"DGW","14:22:27",54.2,-0.5,5000,1950000,"B"
"DGW","14:22:19",54.2,-0.5,100,1945000,"S"
"DGW","14:22:18",54.1,-0.6,500,1944900,"B"
"DGW","14:22:18",54.2,-0.5,500,1944400,"S"
"DGW","14:22:10",54.2,-0.5,1400,1943900,"B"
"DGW","14:21:55",54.2,-0.5,400,1942500,"B"
"DGW","14:21:51",54.2,-0.5,100,1942100,"S"
"DGW","14:21:47",54.1,-0.6,5000,1942000,"B"
"DGW","14:21:25",54.1,-0.6,600,1937000,"S"
"DGW","14:21:16",54.1,-0.6,200,1936400,"S"
"DGW","14:21:16",54.1,-0.6,1000,1936200,"S"
"DGW","14:21:07",54,-0.7,1500,1935200,"S"
"DGW","14:21:05",54,-0.7,2200,1933700,"S"
"DGW","14:21:02",54,-0.7,300,1931500,"S"
"DGW","14:20:48",54,-0.7,500,1931200,"B"
"DGW","14:20:44",54,-0.7,500,1930700,"S"
"DGW","14:20:42",54,-0.7,1000,1930200,"S"
"DGW","14:20:38",54,-0.7,2500,1929200,"B"
"DGW","14:20:36",54.1,-0.6,300,1926700,"S"
"DGW","14:20:33",54,-0.7,100,1926400,"S"
"DGW","14:20:17",53.8,-0.9,1500,1926300,"B"
"DGW","14:20:17",53.9,-0.8,500,1924800,"B"
"DGW","14:20:09",54.1,-0.6,1000,1924300,"S"
"DGW","14:20:07",53.8,-0.9,1700,1923300,"B"
"DGW","14:20:07",54,-0.7,1300,1921600,"B"
"DGW","14:19:59",54,-0.7,500,1920300,"B"
"DGW","14:19:59",54,-0.7,600,1919800,"B"
"DGW","14:19:50",53.8,-0.9,100,1919200,"B"
"DGW","14:19:50",54,-0.7,200,1919100,"B"
"DGW","14:19:45",54.1,-0.6,200,1918900,"S"
"DGW","14:19:37",54,-0.7,400,1918700,"S"
"DGW","14:19:34",53.7,-1,1100,1918300,"B"
"DGW","14:19:34",53.8,-0.9,900,1917200,"B"
"DGW","14:19:31",54,-0.7,200,1916300,"S"
"DGW","14:19:27",53.8,-0.9,1000,1916100,"B"
"DGW","14:19:26",53.8,-0.9,100,1915100,"B"
"DGW","14:19:24",53.7,-1,2600,1915000,"B"
"DGW","14:19:23",54,-0.7,700,1912400,"S"
"DGW","14:19:23",53.9,-0.8,400,1911700,"S"
"DGW","14:19:23",53.8,-0.9,500,1911300,"S"
"DGW","14:19:21",53.8,-0.9,100,1910800,"S"
"DGW","14:19:21",53.7,-1,1000,1910700,"B"
"DGW","14:19:14",53.7,-1,300,1909700,"B"
"DGW","14:19:13",53.7,-1,200,1909400,"B"
"DGW","14:19:07",53.6,-1.1,500,1909200,"B"
"DGW","14:19:02",53.6,-1.1,400,1908600,"B"
"DGW","14:19:02",53.7,-1,800,1908200,"B"
"DGW","14:18:58",53.7,-1,100,1907400,"S"
"DGW","14:18:55",53.7,-1,1000,1907300,"S"
"DGW","14:18:54",53.6,-1.1,1000,1906300,"B"
"DGW","14:18:53",53.7,-1,200,1905300,"S"
"DGW","14:18:46",53.6,-1.1,100,1905100,"B"
"DGW","14:18:43",53.6,-1.1,1000,1905000,"B"
"DGW","14:18:40",53.7,-1,100,1904000,"S"
"DGW","14:18:34",53.6,-1.1,400,1903900,"S"
"DGW","14:18:33",53.5,-1.2,5000,1903500,"B"
"DGW","14:18:33",53.6,-1.1,200,1898500,"S"
"DGW","14:18:32",53.5,-1.2,100,1898300,"B"
"DGW","14:18:28",53.5,-1.2,2700,1897800,"B"
"DGW","14:18:28",53.5,-1.2,100,1895100,"B"
"DGW","14:18:27",53.6,-1.1,500,1895000,"S"
"DGW","14:18:25",53.6,-1.1,100,1894500,"S"
"DGW","14:18:25",53.6,-1.1,500,1894400,"S"
"DGW","14:18:24",53.5,-1.2,1600,1893900,"B"
"DGW","14:18:23",53.6,-1.1,100,1892300,"S"
"DGW","14:18:22",53.6,-1.1,200,1892200,"S"
"DGW","14:18:19",53.5,-1.2,2000,1892000,"B"
"DGW","14:18:19",53.6,-1.1,100,1890000,"S"
"DGW","14:18:13",53.6,-1.1,100,1889900,"S"
"DGW","14:18:09",53.5,-1.2,16100,1889800,"B"
"DGW","14:18:06",53.5,-1.2,2100,1873700,"B"
"DGW","14:18:06",53.5,-1.2,2100,1871600,"B"
"DGW","14:18:05",53.6,-1.1,100,1859700,"B"
"DGW","14:18:05",53.5,-1.2,1200,1859600,"B"
"DGW","14:18:05",53.5,-1.2,14400,1858400,"B"
"DGW","14:18:04",53.5,-1.2,12000,1844000,"B"
"DGW","14:18:04",53.5,-1.2,7900,1832000,"B"
"DGW","14:18:03",53.5,-1.2,2500,1824100,"B"
"DGW","14:18:03",53.5,-1.2,5700,1821600,"B"
"DGW","14:18:02",53.5,-1.2,10300,1815900,"B"
"DGW","14:18:02",53.5,-1.2,2100,1805600,"B"
"DGW","14:18:01",53.5,-1.2,15800,1803500,"B"
"DGW","14:18:01",53.5,-1.2,100,1787700,"B"
"DGW","14:18:01",53.6,-1.1,3500,1787600,"B"
"DGW","14:18:01",53.8,-0.9,500,1784100,"B"
"DGW","14:18:01",53.6,-1.1,3700,1783600,"B"
"DGW","14:18:00",53.6,-1.1,5100,1779900,"B"
"DGW","14:18:00",53.6,-1.1,9500,1774800,"B"
"DGW","14:18:00",53.8,-0.9,1000,1765300,"B"
"DGW","14:17:59",53.6,-1.1,11600,1764300,"B"
"DGW","14:17:59",53.6,-1.1,9000,1752700,"B"
"DGW","14:17:58",53.7,-1,10800,1742600,"B"
"DGW","14:17:58",53.7,-1,2300,1731800,"B"
"DGW","14:17:57",53.7,-1,5800,1729500,"B"
"DGW","14:17:57",53.8,-0.9,300,1723700,"B"
"DGW","14:17:56",53.8,-0.9,1500,1723400,"S"
"DGW","14:17:56",53.8,-0.9,2100,1721900,"B"
"DGW","14:17:55",53.8,-0.9,3000,1719800,"B"
"DGW","14:17:54",53.8,-0.9,700,1716800,"S"
"DGW","14:17:53",53.8,-0.9,600,1716100,"S"
"DGW","14:17:52",53.8,-0.9,100,1715500,"S"
"DGW","14:17:51",53.8,-0.9,200,1715400,"S"
"DGW","14:17:49",53.8,-0.9,2000,1715200,"S"
"DGW","14:17:49",53.7,-1,500,1713200,"B"
"DGW","14:17:47",53.8,-0.9,1000,1712700,"S"
"DGW","14:17:46",53.8,-0.9,500,1711700,"S"
"DGW","14:17:44",53.8,-0.9,100,1711200,"S"
"DGW","14:17:43",53.8,-0.9,300,1711100,"S"
"DGW","14:17:40",53.8,-0.9,300,1710800,"S"
"DGW","14:17:36",53.8,-0.9,1000,1710500,"S"
"DGW","14:17:34",53.8,-0.9,100,1709500,"S"
"DGW","14:17:30",53.8,-0.9,6900,1709400,"B"
"DGW","14:17:24",53.8,-0.9,300,1702500,"B"
"DGW","14:17:23",53.8,-0.9,2600,1702200,"B"
"DGW","14:17:22",53.8,-0.9,2000,1699600,"B"
"DGW","14:17:05",53.8,-0.9,4100,1697600,"B"
"DGW","14:17:02",53.9,-0.8,500,1693500,"S"
"DGW","14:16:58",53.8,-0.9,10000,1693000,"B"
"DGW","14:16:55",53.8,-0.9,200,1683000,"B"
"DGW","14:16:54",53.8,-0.9,12600,1682800,"B"
"DGW","14:16:53",53.9,-0.8,200,1670200,"S"
"DGW","14:16:44",53.9,-0.8,7000,1670000,"S"
"DGW","14:16:41",53.8,-0.9,100,1663000,"B"
"DGW","14:16:32",53.9,-0.8,500,1662900,"S"
"DGW","14:16:28",53.9,-0.8,100,1662400,"S"
"DGW","14:16:26",53.9,-0.8,200,1662300,"S"
"DGW","14:16:25",53.9,-0.8,1500,1662100,"B"
"DGW","14:16:24",53.9,-0.8,300,1660600,"B"
"DGW","14:16:18",53.9,-0.8,10000,1660300,"B"
"DGW","14:16:13",53.9,-0.8,200,1650300,"B"
"DGW","14:16:10",53.9,-0.8,100,1650100,"B"
"DGW","14:16:07",53.9,-0.8,100,1650000,"B"
"DGW","14:16:00",54,-0.7,100,1649900,"S"
"DGW","14:15:56",54,-0.7,1000,1649800,"S"
"DGW","14:15:51",54,-0.7,42300,1648800,"B"
"DGW","14:15:45",54.1,-0.6,100,1606500,"S"
"DGW","14:15:44",54.1,-0.6,1000,1606400,"S"
"DGW","14:15:41",54,-0.7,5700,1605400,"B"
"DGW","14:15:37",54.1,-0.6,4000,1599700,"B"
"DGW","14:15:32",54.1,-0.6,5300,1595700,"B"
"DGW","14:15:31",54.1,-0.6,1500,1590400,"B"
"DGW","14:15:28",54.2,-0.5,100,1588900,"S"
"DGW","14:15:19",54.1,-0.6,400,1588800,"B"
"DGW","14:15:19",54.1,-0.6,9600,1588400,"B"
"DGW","14:14:53",54.1,-0.6,1000,1578800,"B"
"DGW","14:14:51",54.1,-0.6,4300,1577800,"B"
"DGW","14:14:51",54.2,-0.5,700,1573500,"B"
"DGW","14:14:49",54.2,-0.5,200,1572800,"B"
"DGW","14:14:47",54.2,-0.5,200,1572600,"S"
"DGW","14:14:43",54.2,-0.5,400,1572400,"B"
"DGW","14:14:28",54.2,-0.5,2000,1572000,"B"
"DGW","14:14:02",54.2,-0.5,500,1570000,"B"
"DGW","14:13:48",54.2,-0.5,200,1569500,"B"
"DGW","14:13:34",54.2,-0.5,800,1569300,"S"
"DGW","14:13:31",54.2,-0.5,100,1568500,"S"
"DGW","14:13:26",54.2,-0.5,1000,1568400,"S"
"DGW","14:13:21",54.2,-0.5,1800,1567400,"B"
"DGW","14:13:18",54.2,-0.5,100,1565600,"B"
"DGW","14:13:11",54.2,-0.5,100,1565500,"S"
"DGW","14:13:06",54.2,-0.5,3100,1565400,"B"
"DGW","14:13:04",54.3,-0.4,100,1562300,"S"
"DGW","14:12:54",54.3,-0.4,200,1562200,"S"
"DGW","14:12:38",54.2,-0.5,2300,1562000,"B"
"DGW","14:12:29",54.3,-0.4,100,1559700,"S"
"DGW","14:12:27",54.2,-0.5,3000,1559600,"B"
"DGW","14:12:26",54.3,-0.4,100,1556600,"S"
"DGW","14:12:12",54.3,-0.4,500,1556500,"S"
"DGW","14:12:09",54.2,-0.5,200,1556000,"B"
"DGW","14:12:08",54.3,-0.4,200,1555800,"S"
"DGW","14:12:04",54.3,-0.4,1000,1555600,"B"
"DGW","14:12:01",54.3,-0.4,100,1554600,"S"
"DGW","14:12:00",54.3,-0.4,400,1554500,"S"
"DGW","14:11:58",54.2,-0.5,3300,1554100,"B"
"DGW","14:11:57",54.3,-0.4,1700,1550800,"B"
"DGW","14:11:57",54.3,-0.4,6600,1549100,"B"
"DGW","14:11:55",54.4,-0.3,500,1542500,"S"
"DGW","14:11:54",54.3,-0.4,3000,1542000,"B"
"DGW","14:11:53",54.3,-0.4,1800,1539000,"B"
"DGW","14:11:19",54.3,-0.4,200,1537200,"B"
"DGW","14:11:13",54.3,-0.4,200,1537000,"B"
"DGW","14:11:13",54.3,-0.4,1400,1536800,"B"
"DGW","14:10:49",54.4,-0.3,100,1535400,"S"
"DGW","14:10:07",54.4,-0.3,100,1535300,"S"
"DGW","14:09:55",54.3,-0.4,2000,1535200,"B"
"DGW","14:09:43",54.4,-0.3,100,1533200,"S"
"DGW","14:09:41",54.3,-0.4,100,1533100,"B"
"DGW","14:09:41",54.3,-0.4,1400,1533000,"B"
"DGW","14:09:29",54.4,-0.3,3000,1531600,"S"
"DGW","14:09:16",54.4,-0.3,100,1528600,"S"
"DGW","14:09:11",54.4,-0.3,200,1528500,"S"
"DGW","14:09:05",54.4,-0.3,600,1528300,"S"
"DGW","14:08:29",54.4,-0.3,1000,1527700,"S"
"DGW","14:08:15",54.4,-0.3,1000,1526700,"S"
"DGW","14:07:47",54.4,-0.3,1000,1525700,"B"
"DGW","14:07:40",54.4,-0.3,5800,1524700,"B"
"DGW","14:07:25",54.5,-0.2,1800,1518900,"B"
"DGW","14:07:24",54.5,-0.2,100,1517100,"B"
"DGW","14:07:18",54.5,-0.2,300,1517000,"B"
"DGW","14:07:11",54.5,-0.2,2000,1516700,"B"
"DGW","14:06:25",54.6,-0.1,100,1514700,"B"
"DGW","14:06:15",54.6,-0.1,400,1514600,"S"
"DGW","14:05:23",54.5,-0.2,700,1514200,"S"
"DGW","14:05:15",54.5,-0.2,100,1513500,"S"
"DGW","14:04:52",54.5,-0.2,500,1513400,"S"
"DGW","14:04:44",54.4,-0.3,100,1512900,"B"
"DGW","14:04:42",54.5,-0.2,700,1512800,"B"
"DGW","14:04:41",54.5,-0.2,1000,1512100,"B"
"DGW","14:04:31",54.5,-0.2,1000,1511100,"B"
"DGW","14:04:08",54.5,-0.2,700,1510100,"B"
"DGW","14:04:08",54.6,-0.1,14300,1509400,"B"
"DGW","14:03:52",54.6,-0.1,1300,1495100,"B"
"DGW","14:03:33",54.7,0,200,1493800,"S"
"DGW","14:03:01",54.6,-0.1,100,1493600,"B"
"DGW","14:01:51",54.6,-0.1,1000,1493500,"B"
"DGW","14:01:12",54.6,-0.1,1000,1492500,"B"
"DGW","14:00:52",54.6,-0.1,400,1491500,"B"
"DGW","14:00:22",54.7,0,1000,1491100,"S"
"DGW","14:00:11",54.6,-0.1,500,1490100,"B"
"DGW","14:00:08",54.7,0,1000,1489600,"S"
"DGW","13:59:20",54.6,-0.1,200,1488600,"S"
"DGW","13:58:52",54.5,-0.2,1900,1488400,"S"
"DGW","13:58:50",54.5,-0.2,100,1486500,"S"
"DGW","13:58:48",54.5,-0.2,900,1486400,"S"
"DGW","13:58:46",54.5,-0.2,100,1485500,"S"
"DGW","13:58:43",54.5,-0.2,500,1485400,"S"
"DGW","13:58:39",54.5,-0.2,500,1484900,"S"
"DGW","13:58:10",54.5,-0.2,100,1484400,"S"
"DGW","13:58:07",54.5,-0.2,8000,1484300,"S"
"DGW","13:57:54",54.5,-0.2,100,1476300,"S"
"DGW","13:57:45",54.5,-0.2,1000,1476200,"S"
"DGW","13:57:44",54.5,-0.2,100,1475200,"S"
"DGW","13:57:43",54.5,-0.2,100,1475100,"S"
"DGW","13:57:41",54.5,-0.2,600,1475000,"S"
"DGW","13:57:08",54.5,-0.2,900,1474400,"S"
"DGW","13:56:43",54.5,-0.2,1000,1473500,"S"
"DGW","13:55:38",54.5,-0.2,200,1472500,"S"
"DGW","13:55:34",54.5,-0.2,800,1472300,"S"
"DGW","13:55:30",54.4,-0.3,100,1471500,"B"
"DGW","13:55:26",54.4,-0.3,100,1471400,"B"
"DGW","13:55:18",54.4,-0.3,400,1471300,"B"
"DGW","13:55:14",54.4,-0.3,500,1470900,"B"
"DGW","13:55:12",54.5,-0.2,100,1470400,"S"
"DGW","13:55:02",54.5,-0.2,1000,1470300,"S"
"DGW","13:54:54",54.5,-0.2,1000,1469300,"B"
"DGW","13:54:25",54.5,-0.2,6000,1468300,"B"
"DGW","13:53:39",54.6,-0.1,1200,1462300,"B"
"DGW","13:53:25",54.6,-0.1,100,1461100,"B"
"DGW","13:53:22",54.6,-0.1,2000,1461000,"B"
"DGW","13:51:57",54.7,0,1000,1459000,"S"
"DGW","13:51:44",54.7,0,600,1458000,"S"
"DGW","13:51:08",54.7,0,900,1457400,"S"
"DGW","13:51:05",54.7,0,1000,1456500,"S"
"DGW","13:50:39",54.7,0,1000,1455500,"S"
"DGW","13:50:24",54.7,0,3000,1454500,"B"
"DGW","13:49:55",54.8,0.1,1000,1451500,"S"
"DGW","13:49:44",54.7,0,1500,1450500,"S"
"DGW","13:49:43",54.4,-0.3,5700,1449000,"B"
"DGW","13:49:43",54.5,-0.2,2400,1443300,"B"
"DGW","13:49:43",54.6,-0.1,600,1440900,"B"
"DGW","13:49:42",54.7,0,500,1440300,"S"
"DGW","13:49:36",54.7,0,1000,1439800,"S"
"DGW","13:49:05",54.6,-0.1,1000,1438800,"S"
"DGW","13:48:38",54.5,-0.2,500,1437800,"B"
"DGW","13:48:36",54.5,-0.2,1000,1437300,"S"
"DGW","13:48:35",54.5,-0.2,4900,1436300,"S"
"DGW","13:48:33",54.5,-0.2,5000,1431400,"S"
"DGW","13:48:30",54.5,-0.2,100,1426400,"S"
"DGW","13:48:06",54.4,-0.3,800,1426300,"S"
"DGW","13:48:05",54.4,-0.3,1000,1425500,"S"
"DGW","13:47:23",54.4,-0.3,200,1424500,"S"
"DGW","13:46:51",54.3,-0.4,500,1424300,"B"
"DGW","13:46:47",54.4,-0.3,700,1423800,"S"
"DGW","13:46:44",54.4,-0.3,300,1423100,"S"
"DGW","13:46:33",54.3,-0.4,1000,1422800,"B"
"DGW","13:46:28",54.3,-0.4,300,1421800,"B"
"DGW","13:46:02",54.3,-0.4,2000,1421500,"B"
"DGW","13:46:00",54.3,-0.4,2000,1419500,"B"
"DGW","13:45:53",54.4,-0.3,200,1417500,"S"
"DGW","13:45:52",54.4,-0.3,100,1417300,"S"
"DGW","13:45:40",54.4,-0.3,200,1417200,"S"
"DGW","13:45:37",54.4,-0.3,200,1417000,"S"
"DGW","13:45:30",54.4,-0.3,200,1416800,"S"
"DGW","13:45:25",54.4,-0.3,100,1416600,"S"
"DGW","13:45:20",54.4,-0.3,2200,1416500,"B"
"DGW","13:44:50",54.4,-0.3,200,1414300,"B"
"DGW","13:44:40",54.5,-0.2,100,1414100,"S"
"DGW","13:44:27",54.4,-0.3,400,1414000,"B"
"DGW","13:44:08",54.5,-0.2,1000,1413600,"S"
"DGW","13:44:05",54.4,-0.3,5000,1412600,"B"
"DGW","13:44:03",54.5,-0.2,100,1407600,"S"
"DGW","13:43:46",54.5,-0.2,2300,1407500,"B"
"DGW","13:42:54",54.6,-0.1,600,1405200,"B"
"DGW","13:42:54",54.6,-0.1,1800,1404600,"B"
"DGW","13:42:46",54.6,-0.1,1000,1402800,"B"
"DGW","13:41:48",54.6,-0.1,1000,1401600,"B"
"DGW","13:41:35",54.7,0,700,1400600,"S"
"DGW","13:41:32",54.7,0,200,1399900,"S"
"DGW","13:41:30",54.7,0,2000,1399700,"S"
"DGW","13:41:22",54.7,0,5000,1397700,"S"
"DGW","13:41:22",54.7,0,200,1392700,"S"
"DGW","13:41:09",54.7,0,200,1392500,"S"
"DGW","13:41:00",54.7,0,1100,1392300,"S"
"DGW","13:40:36",54.7,0,500,1391200,"S"
"DGW","13:40:33",54.7,0,100,1390700,"S"
"DGW","13:40:24",54.7,0,200,1390600,"S"
"DGW","13:39:52",54.7,0,300,1390400,"S"
"DGW","13:39:43",54.7,0,1000,1390100,"S"
"DGW","13:39:29",54.7,0,700,1389100,"S"
"DGW","13:38:34",54.3,-0.4,900,1388400,"B"
"DGW","13:38:34",54.4,-0.3,100,1387500,"B"
"DGW","13:37:45",54.2,-0.5,5600,1387400,"B"
"DGW","13:37:45",54.3,-0.4,10100,1381800,"B"
"DGW","13:37:45",54.4,-0.3,1800,1371700,"B"
"DGW","13:37:45",54.5,-0.2,1400,1369900,"B"
"DGW","13:37:45",54.6,-0.1,36800,1368500,"B"
"DGW","13:37:45",54.7,0,19300,1331700,"B"
"DGW","13:37:22",54.8,0.1,100,1312400,"S"
"DGW","13:37:09",54.7,0,100,1312300,"B"
"DGW","13:37:02",54.8,0.1,1000,1312200,"B"
"DGW","13:36:52",54.8,0.1,100,1311200,"B"
"DGW","13:36:52",54.8,0.1,100,1311100,"B"
"DGW","13:36:41",54.8,0.1,400,1311000,"B"
"DGW","13:36:39",54.8,0.1,800,1310600,"B"
"DGW","13:36:21",54.8,0.1,2000,1309800,"B"
"DGW","13:36:19",54.9,0.2,900,1307800,"S"
"DGW","13:36:09",54.9,0.2,300,1306900,"S"
"DGW","13:35:51",54.9,0.2,400,1306600,"S"
"DGW","13:35:38",54.9,0.2,2300,1306200,"S"
"DGW","13:35:17",54.9,0.2,1000,1303900,"B"
"DGW","13:34:55",54.9,0.2,100,1302900,"S"
"DGW","13:34:48",54.9,0.2,100,1302800,"S"
"DGW","13:34:47",54.9,0.2,800,1302700,"B"
"DGW","13:34:40",54.9,0.2,1200,1301900,"S"
"DGW","13:34:05",54.8,0.1,1000,1300700,"B"
"DGW","13:33:24",54.9,0.2,1600,1299700,"S"
"DGW","13:32:54",54.8,0.1,1600,1298100,"B"
"DGW","13:32:44",54.8,0.1,800,1296500,"B"
"DGW","13:32:33",54.8,0.1,100,1295700,"B"
"DGW","13:32:31",54.8,0.1,900,1295600,"S"
"DGW","13:32:13",54.7,0,1500,1294700,"B"
"DGW","13:31:49",54.8,0.1,2100,1293200,"B"
"DGW","13:31:28",54.9,0.2,2300,1291100,"B"
"DGW","13:31:13",54.9,0.2,300,1288800,"B"
"DGW","13:30:49",54.9,0.2,1000,1288500,"B"
"DGW","13:30:24",55,0.3,1000,1287500,"S"
"DGW","13:30:12",55,0.3,3100,1286500,"B"
"DGW","13:30:11",55,0.3,500,1283400,"B"
"DGW","13:30:08",55,0.3,3500,1282900,"B"
"DGW","13:30:07",55,0.3,3000,1279400,"B"
"DGW","13:30:05",55,0.3,1000,1276400,"B"
"DGW","13:30:04",55,0.3,1000,1275400,"B"
"DGW","13:29:37",55.1,0.4,2600,1274400,"S"
"DGW","13:29:33",55.1,0.4,5000,1271800,"B"
"DGW","13:29:28",55.1,0.4,600,1266800,"B"
"DGW","13:29:27",55.1,0.4,4000,1266200,"B"
"DGW","13:29:22",55.1,0.4,200,1262200,"B"
"DGW","13:29:13",55.1,0.4,1000,1262000,"B"
"DGW","13:29:09",55.1,0.4,8400,1261000,"S"
"DGW","13:29:04",55.1,0.4,5000,1252600,"S"
"DGW","13:29:03",55.1,0.4,100,1247600,"S"
"DGW","13:28:23",55.1,0.4,5900,1247500,"B"
"DGW","13:28:20",55.1,0.4,2000,1241600,"B"
"DGW","13:28:03",55.1,0.4,1500,1239600,"B"
"DGW","13:27:53",55.1,0.4,3300,1238100,"S"
"DGW","13:27:44",55.1,0.4,100,1234800,"S"
"DGW","13:27:39",55.1,0.4,4000,1234700,"S"
"DGW","13:27:35",55,0.3,500,1230700,"B"
"DGW","13:27:30",55,0.3,17300,1230200,"S"
"DGW","13:27:24",55,0.3,10000,1212900,"S"
"DGW","13:27:21",55,0.3,1200,1202900,"S"
"DGW","13:27:20",54.9,0.2,300,1201700,"B"
"DGW","13:27:18",54.9,0.2,100,1201400,"B"
"DGW","13:27:12",55,0.3,700,1201300,"S"
"DGW","13:27:12",55,0.3,3000,1200600,"S"
"DGW","13:27:08",55,0.3,3000,1197600,"S"
"DGW","13:27:06",55,0.3,2800,1194600,"S"
"DGW","13:27:05",55,0.3,2000,1191800,"S"
"DGW","13:27:04",55,0.3,1000,1189800,"S"
"DGW","13:27:01",55,0.3,10000,1188800,"S"
"DGW","13:26:57",55,0.3,3900,1178800,"S"
"DGW","13:26:56",55,0.3,600,1174900,"S"
"DGW","13:26:50",55,0.3,500,1174300,"S"
"DGW","13:26:41",55,0.3,1000,1173800,"S"
"DGW","13:26:15",55,0.3,400,1172800,"S"
"DGW","13:25:55",54.9,0.2,400,1172400,"B"
"DGW","13:25:34",54.9,0.2,200,1172000,"B"
"DGW","13:25:29",54.9,0.2,1200,1171800,"B"
"DGW","13:25:24",54.9,0.2,100,1170600,"B"
"DGW","13:22:38",54.9,0.2,1000,1170500,"B"
"DGW","13:22:29",54.9,0.2,2200,1169500,"S"
"DGW","13:21:58",54.9,0.2,100,1167300,"S"
"DGW","13:21:43",54.9,0.2,500,1167200,"S"
"DGW","13:21:39",54.9,0.2,400,1166700,"B"
"DGW","13:21:23",54.9,0.2,1000,1166300,"B"
"DGW","13:21:20",54.9,0.2,1800,1165300,"S"
"DGW","13:21:13",54.9,0.2,1000,1163500,"S"
"DGW","13:21:11",54.9,0.2,500,1162500,"S"
"DGW","13:21:07",54.9,0.2,1300,1162000,"S"
"DGW","13:21:07",54.8,0.1,5000,1160700,"B"
"DGW","13:20:37",54.9,0.2,200,1155700,"S"
"DGW","13:20:30",54.9,0.2,6000,1155500,"S"
"DGW","13:20:26",54.9,0.2,1000,1149500,"S"
"DGW","13:20:22",54.9,0.2,200,1148500,"S"
"DGW","13:20:08",54.8,0.1,200,1148300,"B"
"DGW","13:20:05",54.8,0.1,100,1148100,"B"
"DGW","13:19:35",54.8,0.1,1000,1148000,"B"
"DGW","13:19:13",54.8,0.1,1000,1147000,"B"
"DGW","13:18:22",54.9,0.2,2300,1146000,"S"
"DGW","13:18:15",54.9,0.2,1000,1143700,"S"
"DGW","13:17:51",54.9,0.2,900,1142700,"B"
"DGW","13:17:40",54.9,0.2,2400,1141800,"S"
"DGW","13:17:35",54.9,0.2,800,1139400,"S"
"DGW","13:17:01",54.9,0.2,3000,1138600,"S"
"DGW","13:16:38",54.8,0.1,500,1135600,"B"
"DGW","13:16:23",54.9,0.2,100,1135100,"S"
"DGW","13:16:06",54.9,0.2,800,1135000,"S"
"DGW","13:16:06",54.9,0.2,200,1134200,"S"
"DGW","13:15:36",54.8,0.1,300,1134000,"S"
"DGW","13:15:32",54.8,0.1,100,1133700,"S"
"DGW","13:15:29",54.8,0.1,100,1133600,"S"
"DGW","13:15:27",54.8,0.1,1000,1133500,"S"
"DGW","13:15:24",54.7,0,200,1132500,"B"
"DGW","13:15:10",54.8,0.1,100,1132300,"S"
"DGW","13:15:05",54.8,0.1,100,1132200,"S"
"DGW","13:15:03",54.8,0.1,2000,1132100,"S"
"DGW","13:14:34",54.8,0.1,500,1130100,"S"
"DGW","13:14:06",54.8,0.1,100,1129600,"S"
"DGW","13:14:05",54.8,0.1,4200,1129500,"S"
"DGW","13:13:53",54.8,0.1,3100,1125300,"B"
"DGW","13:13:37",54.9,0.2,900,1122200,"S"
"DGW","13:13:36",54.9,0.2,2100,1121300,"S"
"DGW","13:13:32",54.8,0.1,1400,1119200,"B"
"DGW","13:13:14",54.8,0.1,2000,1117800,"B"
"DGW","13:13:05",54.9,0.2,500,1115800,"S"
"DGW","13:12:57",54.8,0.1,300,1115300,"B"
"DGW","13:12:52",54.9,0.2,200,1115000,"S"
"DGW","13:12:48",54.9,0.2,200,1114800,"S"
"DGW","13:12:35",54.9,0.2,1000,1114600,"S"
"DGW","13:12:17",54.9,0.2,200,1113600,"S"
"DGW","13:12:06",54.9,0.2,1000,1113400,"S"
"DGW","13:12:05",54.9,0.2,100,1112400,"S"
"DGW","13:12:02",54.9,0.2,1000,1112300,"S"
"DGW","13:11:28",54.9,0.2,2000,1111300,"S"
"DGW","13:11:27",54.9,0.2,100,1109300,"S"
"DGW","13:11:16",54.8,0.1,3400,1109200,"S"
"DGW","13:10:59",54.7,0,300,1105800,"S"
"DGW","13:10:49",54.7,0,100,1105500,"S"
"DGW","13:10:44",54.7,0,200,1105400,"S"
"DGW","13:10:38",54.7,0,900,1105200,"S"
"DGW","13:10:36",54.7,0,500,1104300,"S"
"DGW","13:10:34",54.7,0,200,1103800,"S"
"DGW","13:10:33",54.7,0,200,1103600,"S"
"DGW","13:10:28",54.7,0,500,1103400,"S"
"DGW","13:10:20",54.7,0,300,1102900,"S"
"DGW","13:10:19",54.7,0,1800,1100900,"S"
"DGW","13:10:16",54.7,0,4000,1099100,"S"
"DGW","13:10:15",54.7,0,1100,1095100,"S"
"DGW","13:09:59",54.7,0,400,1094000,"S"
"DGW","13:09:46",54.7,0,900,1093600,"S"
"DGW","13:08:11",54.6,-0.1,100,1092700,"B"
"DGW","13:07:09",54.6,-0.1,200,1092600,"B"
"DGW","13:07:07",54.6,-0.1,100,1092400,"B"
"DGW","13:05:54",54.6,-0.1,1000,1092300,"B"
"DGW","13:05:46",54.7,0,500,1091300,"S"
"DGW","13:05:43",54.7,0,500,1090800,"S"
"DGW","13:05:15",54.7,0,100,1090300,"S"
"DGW","13:04:52",54.7,0,1500,1090200,"S"
"DGW","13:04:48",54.6,-0.1,400,1088700,"B"
"DGW","13:04:44",54.6,-0.1,500,1088300,"B"
"DGW","13:04:39",54.6,-0.1,300,1087800,"B"
"DGW","13:04:28",54.6,-0.1,500,1087500,"B"
"DGW","13:04:18",54.6,-0.1,900,1087000,"S"
"DGW","13:04:16",54.6,-0.1,100,1086100,"S"
"DGW","13:04:00",54.6,-0.1,300,1086000,"S"
"DGW","13:03:43",54.6,-0.1,1500,1085700,"S"
"DGW","13:03:32",54.5,-0.2,100,1084200,"B"
"DGW","13:03:07",54.5,-0.2,200,1084100,"B"
"DGW","13:03:06",54.5,-0.2,100,1083900,"B"
"DGW","13:03:01",54.6,-0.1,200,1083800,"S"
"DGW","13:02:53",54.4,-0.3,100,1083600,"B"
"DGW","13:02:53",54.5,-0.2,900,1083500,"B"
"DGW","13:02:51",54.5,-0.2,2100,1082600,"S"
"DGW","13:02:39",54.5,-0.2,100,1080500,"B"
"DGW","13:02:38",54.5,-0.2,100,1080400,"B"
"DGW","13:02:35",54.5,-0.2,8200,1080300,"B"
"DGW","13:02:23",54.5,-0.2,700,1072100,"B"
"DGW","13:02:22",54.5,-0.2,200,1071400,"B"
"DGW","13:02:20",54.6,-0.1,1000,1071200,"S"
"DGW","13:02:16",54.6,-0.1,100,1070200,"S"
"DGW","13:02:10",54.6,-0.1,2100,1070100,"B"
"DGW","13:02:08",54.6,-0.1,100,1068000,"B"
"DGW","13:01:43",54.7,0,20100,1067900,"B"
"DGW","13:01:37",54.7,0,100,1047800,"B"
"DGW","13:00:53",54.8,0.1,100,1047700,"S"
"DGW","13:00:35",54.8,0.1,200,1047600,"B"
"DGW","13:00:30",54.9,0.2,500,1047400,"S"
"DGW","13:00:28",54.8,0.1,1000,1046900,"B"
"DGW","13:00:24",54.9,0.2,200,1045900,"S"
"DGW","13:00:19",54.9,0.2,100,1045700,"S"
"DGW","13:00:13",54.8,0.1,100,1045600,"B"
"DGW","13:00:12",54.8,0.1,6000,1045500,"B"
"DGW","13:00:06",54.9,0.2,400,1039500,"B"
"DGW","13:00:05",54.9,0.2,800,1039100,"B"
"DGW","13:00:03",55,0.3,7400,1038300,"S"
"DGW","13:00:03",54.9,0.2,1000,1030900,"B"
"DGW","13:00:01",54.9,0.2,6000,1029900,"B"
"DGW","13:00:00",54.9,0.2,8500,1023900,"B"
"DGW","11:29:50",54.9,0.2,400,1015400,"B"
"DGW","11:29:49",55,0.3,100,1015000,"S"
"DGW","11:29:48",55,0.3,300,1014900,"S"
"DGW","11:29:32",54.9,0.2,100,1014600,"B"
"DGW","11:29:23",55,0.3,1500,1014500,"S"
"DGW","11:29:03",55,0.3,100,1013000,"S"
"DGW","11:28:26",54.9,0.2,200,1012900,"B"
"DGW","11:27:49",55,0.3,200,1012700,"S"
"DGW","11:27:48",54.9,0.2,200,1012500,"B"
"DGW","11:26:05",55,0.3,100,1012300,"S"
"DGW","11:25:16",54.9,0.2,200,1012200,"B"
"DGW","11:24:58",55,0.3,100,1012000,"S"
"DGW","11:24:45",54.9,0.2,500,1011900,"B"
"DGW","11:24:24",55,0.3,400,1011400,"S"
"DGW","11:24:16",55,0.3,500,1011000,"S"
"DGW","11:24:05",55,0.3,100,1010500,"S"
"DGW","11:23:56",55,0.3,5000,1010400,"S"
"DGW","11:23:43",54.9,0.2,2500,1005400,"B"
"DGW","11:22:55",55,0.3,100,1002900,"S"
"DGW","11:22:36",54.9,0.2,11100,1002800,"S"
"DGW","11:21:55",54.9,0.2,100,991700,"S"
"DGW","11:20:43",54.8,0.1,600,991600,"B"
"DGW","11:20:42",54.8,0.1,500,991000,"B"
"DGW","11:18:33",54.8,0.1,200,990500,"B"
"DGW","11:17:48",54.8,0.1,200,990300,"B"
"DGW","11:16:42",54.8,0.1,200,990100,"B"
"DGW","11:16:36",54.9,0.2,100,989900,"S"
"DGW","11:16:28",54.8,0.1,100,989800,"B"
"DGW","11:16:16",54.8,0.1,1000,989700,"B"
"DGW","11:16:09",54.9,0.2,200,988700,"S"
"DGW","11:15:45",54.8,0.1,2000,988500,"B"
"DGW","11:14:34",54.8,0.1,900,986500,"B"
"DGW","11:13:28",54.8,0.1,500,985600,"B"
"DGW","11:11:37",54.9,0.2,100,985100,"S"
"DGW","11:11:22",54.8,0.1,1000,985000,"B"
"DGW","11:11:18",54.9,0.2,400,984000,"S"
"DGW","11:11:07",54.8,0.1,500,983600,"B"
"DGW","11:10:20",54.8,0.1,500,983100,"B"
"DGW","11:09:56",54.8,0.1,200,982600,"B"
"DGW","11:09:47",54.8,0.1,2000,982400,"B"
"DGW","11:09:22",54.8,0.1,500,980400,"B"
"DGW","11:08:57",54.8,0.1,100,979900,"B"
"DGW","11:08:29",54.8,0.1,1400,979800,"B"
"DGW","11:08:09",54.8,0.1,100,978400,"B"
"DGW","11:06:36",54.8,0.1,1900,978300,"B"
"DGW","11:05:27",54.8,0.1,800,976400,"B"
"DGW","11:05:19",54.8,0.1,100,975600,"B"
"DGW","11:05:09",54.8,0.1,1000,975500,"B"
"DGW","11:04:53",54.8,0.1,200,974500,"B"
"DGW","11:04:53",54.8,0.1,800,974300,"B"
"DGW","11:04:07",54.9,0.2,500,973500,"S"
"DGW","11:03:04",54.9,0.2,100,973000,"S"
"DGW","11:02:54",54.8,0.1,500,972900,"B"
"DGW","11:02:42",54.8,0.1,1000,972400,"B"
"DGW","11:01:31",54.8,0.1,200,971400,"B"
"DGW","11:01:27",54.8,0.1,1000,971200,"B"
"DGW","11:00:51",54.8,0.1,200,970200,"B"
"DGW","11:00:23",54.8,0.1,5400,970000,"B"
"DGW","11:00:21",54.8,0.1,1000,964600,"B"
"DGW","11:00:00",54.9,0.2,1200,963600,"S"
"DGW","10:59:13",54.9,0.2,200,962400,"S"
"DGW","10:58:53",54.9,0.2,6000,962200,"B"
"DGW","10:58:47",55,0.3,500,956200,"S"
"DGW","10:58:18",55,0.3,500,955700,"S"
"DGW","10:58:08",55,0.3,500,955200,"B"
"DGW","10:57:56",55,0.3,11500,954700,"B"
"DGW","10:57:47",55.1,0.4,200,943200,"S"
"DGW","10:57:33",55.1,0.4,2000,943000,"S"
"DGW","10:57:31",55,0.3,200,941000,"B"
"DGW","10:56:58",55.1,0.4,1200,940800,"B"
"DGW","10:56:40",55.2,0.5,100,939600,"S"
"DGW","10:56:35",55.2,0.5,100,939500,"B"
"DGW","10:56:34",55.2,0.5,4900,939400,"S"
"DGW","10:56:27",55.2,0.5,20000,934500,"S"
"DGW","10:56:17",55.2,0.5,100,914500,"S"
"DGW","10:55:30",55.1,0.4,500,914400,"S"
"DGW","10:55:14",55.1,0.4,1000,913900,"B"
"DGW","10:55:11",55.1,0.4,100,912900,"B"
"DGW","10:54:48",55.1,0.4,900,912800,"S"
"DGW","10:54:29",55.1,0.4,1100,911900,"S"
"DGW","10:54:26",55.1,0.4,5600,910800,"S"
"DGW","10:54:25",55.1,0.4,1400,905200,"S"
"DGW","10:54:12",55.1,0.4,100,903800,"S"
"DGW","10:53:47",55,0.3,13100,903700,"S"
"DGW","10:53:38",55,0.3,300,890600,"S"
"DGW","10:52:47",55,0.3,300,890300,"S"
"DGW","10:51:31",54.9,0.2,100,890000,"S"
"DGW","10:51:19",54.9,0.2,100,889900,"S"
"DGW","10:50:39",54.9,0.2,200,889800,"S"
"DGW","10:49:49",55,0.3,100,889600,"S"
"DGW","10:49:49",54.9,0.2,900,889500,"S"
"DGW","10:49:11",54.9,0.2,300,888600,"S"
"DGW","10:48:13",54.9,0.2,400,888300,"S"
"DGW","10:47:37",54.9,0.2,300,887900,"S"
"DGW","10:47:19",54.9,0.2,100,887600,"S"
"DGW","10:46:49",54.9,0.2,500,887500,"S"
"DGW","10:46:28",54.9,0.2,1000,887000,"S"
"DGW","10:45:43",54.9,0.2,200,886000,"S"
"DGW","10:45:37",54.9,0.2,6400,885800,"B"
"DGW","10:44:04",55,0.3,500,879400,"S"
"DGW","10:43:50",55,0.3,200,878900,"B"
"DGW","10:43:44",55,0.3,3400,878700,"B"
"DGW","10:43:39",55,0.3,2000,875300,"B"
"DGW","10:43:25",55,0.3,700,873300,"B"
"DGW","10:43:14",55,0.3,3400,872600,"B"
"DGW","10:42:48",55,0.3,2500,869200,"B"
"DGW","10:42:44",55,0.3,2500,866700,"B"
"DGW","10:42:19",55.1,0.4,100,864200,"S"
"DGW","10:41:46",55.1,0.4,200,864100,"S"
"DGW","10:41:31",55,0.3,200,863900,"B"
"DGW","10:41:18",55,0.3,1000,863700,"B"
"DGW","10:41:13",55.1,0.4,700,862700,"S"
"DGW","10:41:09",55.1,0.4,7500,862000,"B"
"DGW","10:40:56",55.1,0.4,500,854500,"B"
"DGW","10:40:50",55.1,0.4,100,854000,"B"
"DGW","10:40:49",55.1,0.4,1000,853900,"B"
"DGW","10:40:39",55.1,0.4,2000,852900,"B"
"DGW","10:40:16",55.1,0.4,500,850900,"B"
"DGW","10:40:13",55.2,0.5,300,850400,"S"
"DGW","10:40:07",55.2,0.5,4700,850100,"S"
"DGW","10:40:02",55.1,0.4,900,845400,"B"
"DGW","10:39:40",55.2,0.5,1100,844500,"S"
"DGW","10:38:35",55.2,0.5,200,843400,"S"
"DGW","10:38:19",55.1,0.4,100,843200,"B"
"DGW","10:38:02",55.1,0.4,100,843100,"S"
"DGW","10:37:57",55.1,0.4,6000,843000,"S"
"DGW","10:37:53",55.1,0.4,100,837000,"S"
"DGW","10:37:48",55.1,0.4,3000,836900,"S"
"DGW","10:37:43",55.1,0.4,400,833900,"S"
"DGW","10:37:15",55,0.3,1200,833500,"S"
"DGW","10:37:12",55,0.3,100,832300,"S"
"DGW","10:37:10",55,0.3,500,832200,"S"
"DGW","10:37:08",55,0.3,600,831700,"S"
"DGW","10:36:57",55,0.3,500,831100,"S"
"DGW","10:36:53",55,0.3,1000,830600,"S"
"DGW","10:36:48",55,0.3,800,829600,"S"
"DGW","10:36:38",55,0.3,300,828800,"S"
"DGW","10:36:37",55,0.3,600,828500,"S"
"DGW","10:36:29",55,0.3,200,827900,"S"
"DGW","10:36:27",55,0.3,200,827700,"S"
"DGW","10:36:26",55,0.3,1000,827500,"S"
"DGW","10:36:13",55,0.3,500,826500,"S"
"DGW","10:35:55",55,0.3,5000,826000,"S"
"DGW","10:35:42",55,0.3,100,821000,"S"
"DGW","10:35:13",55,0.3,600,820900,"S"
"DGW","10:35:12",55,0.3,200,820300,"S"
"DGW","10:34:58",55,0.3,1000,820100,"S"
"DGW","10:34:28",55,0.3,1000,819100,"S"
"DGW","10:33:49",55,0.3,3900,818100,"S"
"DGW","10:33:43",55,0.3,1000,814200,"S"
"DGW","10:33:32",54.9,0.2,100,813200,"B"
"DGW","10:33:12",54.9,0.2,6400,813100,"S"
"DGW","10:33:02",54.9,0.2,100,806700,"S"
"DGW","10:33:02",54.9,0.2,800,806600,"S"
"DGW","10:32:56",54.9,0.2,3700,805800,"S"
"DGW","10:32:49",54.9,0.2,500,802100,"S"
"DGW","10:32:40",54.8,0.1,4700,801600,"S"
"DGW","10:32:36",54.8,0.1,400,796900,"S"
"DGW","10:32:32",54.8,0.1,200,796500,"S"
"DGW","10:32:31",54.8,0.1,4600,796300,"S"
"DGW","10:32:05",54.8,0.1,1000,791700,"S"
"DGW","10:31:50",54.8,0.1,100,790700,"S"
"DGW","10:30:30",54.7,0,500,790600,"B"
"DGW","10:30:16",54.7,0,2000,790100,"B"
"DGW","10:30:15",54.7,0,500,788100,"B"
"DGW","10:29:50",54.8,0.1,700,787600,"S"
"DGW","10:29:39",54.7,0,6600,786900,"B"
"DGW","10:29:07",54.7,0,2000,780300,"B"
"DGW","10:28:35",54.8,0.1,3200,778300,"B"
"DGW","10:28:08",54.9,0.2,300,775100,"S"
"DGW","10:27:42",54.9,0.2,300,774800,"S"
"DGW","10:27:35",54.7,0,300,774500,"B"
"DGW","10:27:03",54.7,0,200,774200,"B"
"DGW","10:27:03",54.8,0.1,5800,774000,"B"
"DGW","10:25:20",54.9,0.2,400,768200,"S"
"DGW","10:24:53",54.9,0.2,100,767800,"S"
"DGW","10:24:35",54.8,0.1,1000,767700,"B"
"DGW","10:24:25",54.8,0.1,500,766700,"S"
"DGW","10:24:09",54.8,0.1,900,766200,"S"
"DGW","10:23:55",54.8,0.1,10000,765300,"S"
"DGW","10:23:13",54.8,0.1,100,755300,"S"
"DGW","10:22:27",54.7,0,500,755200,"B"
"DGW","10:22:19",54.7,0,100,754700,"S"
"DGW","10:21:55",54.7,0,5000,754600,"B"
"DGW","10:21:21",54.8,0.1,200,749600,"S"
"DGW","10:20:52",54.8,0.1,100,749400,"S"
"DGW","10:20:35",54.7,0,1000,749300,"B"
"DGW","10:20:22",54.7,0,200,748300,"B"
"DGW","10:20:15",54.7,0,1000,748100,"B"
"DGW","10:20:12",54.7,0,400,747100,"B"
"DGW","10:20:02",54.7,0,600,746700,"B"
"DGW","10:19:57",54.8,0.1,600,746100,"S"
"DGW","10:19:44",54.8,0.1,3700,745500,"B"
"DGW","10:18:55",54.9,0.2,900,741800,"B"
"DGW","10:18:51",54.9,0.2,1000,740900,"B"
"DGW","10:18:37",54.9,0.2,3000,739900,"B"
"DGW","10:18:21",55,0.3,100,736900,"S"
"DGW","10:18:04",54.9,0.2,1000,736800,"B"
"DGW","10:18:04",55,0.3,1000,735800,"S"
"DGW","10:18:02",54.9,0.2,8800,734500,"B"
"DGW","10:18:02",55,0.3,100,725700,"S"
"DGW","10:18:01",55,0.3,1600,725600,"S"
"DGW","10:17:50",55,0.3,200,724000,"S"
"DGW","10:17:46",55,0.3,300,723800,"B"
"DGW","10:17:39",55,0.3,300,723500,"B"
"DGW","10:17:30",55,0.3,500,723200,"B"
"DGW","10:17:27",55,0.3,7100,722700,"S"
"DGW","10:17:25",55,0.3,3200,715600,"S"
"DGW","10:17:25",54.9,0.2,1000,712400,"S"
"DGW","10:17:21",55,0.3,800,711400,"S"
"DGW","10:17:21",54.9,0.2,200,710600,"S"
"DGW","10:17:19",54.9,0.2,2600,710400,"B"
"DGW","10:17:17",54.9,0.2,1000,707800,"B"
"DGW","10:17:14",54.9,0.2,700,706800,"B"
"DGW","10:17:14",54.9,0.2,1000,706100,"B"
"DGW","10:17:11",54.9,0.2,2000,705100,"B"
"DGW","10:17:08",54.9,0.2,500,703100,"B"
"DGW","10:17:00",54.9,0.2,1200,702600,"B"
"DGW","10:16:53",55,0.3,1000,701400,"S"
"DGW","10:16:51",54.9,0.2,1300,700400,"B"
"DGW","10:16:31",55,0.3,1600,699100,"B"
"DGW","10:16:26",55,0.3,400,697500,"B"
"DGW","10:16:21",55.1,0.4,2000,697100,"B"
"DGW","10:16:21",55.2,0.5,1000,695100,"S"
"DGW","10:16:16",55.1,0.4,500,694100,"B"
"DGW","10:16:15",55.1,0.4,500,693600,"B"
"DGW","10:16:08",55.1,0.4,2000,693100,"B"
"DGW","10:16:05",55.2,0.5,400,691100,"B"
"DGW","10:16:02",55.2,0.5,1700,690700,"S"
"DGW","10:15:58",55.2,0.5,500,689000,"S"
"DGW","10:15:45",55.2,0.5,300,688500,"S"
"DGW","10:15:42",55.2,0.5,500,688200,"S"
"DGW","10:15:39",55.2,0.5,700,687700,"B"
"DGW","10:15:37",55.2,0.5,1500,687000,"S"
"DGW","10:15:36",55.2,0.5,5000,685500,"S"
"DGW","10:15:32",55.2,0.5,2800,680500,"S"
"DGW","10:15:27",55.2,0.5,500,677700,"S"
"DGW","10:15:26",55.2,0.5,500,677200,"S"
"DGW","10:15:25",55.2,0.5,1300,676700,"S"
"DGW","10:15:22",55.2,0.5,2000,675400,"S"
"DGW","10:15:16",55.2,0.5,1500,673400,"S"
"DGW","10:15:07",55.1,0.4,1500,671900,"S"
"DGW","10:15:05",55.1,0.4,500,670400,"S"
"DGW","10:14:44",55.1,0.4,100,669900,"S"
"DGW","10:14:29",55,0.3,100,669800,"S"
"DGW","10:14:25",55,0.3,400,669700,"B"
"DGW","10:14:25",55,0.3,4600,669300,"S"
"DGW","10:14:19",55,0.3,2500,664700,"S"
"DGW","10:14:16",54.9,0.2,500,662200,"B"
"DGW","10:14:12",55,0.3,200,661700,"S"
"DGW","10:14:11",55,0.3,100,661500,"S"
"DGW","10:14:04",55,0.3,5000,661400,"S"
"DGW","10:14:03",55,0.3,800,656400,"S"
"DGW","10:13:59",55,0.3,10000,655600,"S"
"DGW","10:13:55",55,0.3,200,645600,"S"
"DGW","10:13:53",55,0.3,100,645400,"S"
"DGW","10:13:49",54.9,0.2,800,645300,"B"
"DGW","10:13:42",54.9,0.2,100,644500,"B"
"DGW","10:13:39",54.9,0.2,500,644400,"B"
"DGW","10:13:34",54.9,0.2,300,643900,"B"
"DGW","10:13:32",54.9,0.2,5000,643600,"B"
"DGW","10:13:29",54.9,0.2,100,638600,"B"
"DGW","10:13:26",54.9,0.2,1300,638500,"B"
"DGW","10:13:22",55,0.3,100,637200,"S"
"DGW","10:13:21",54.9,0.2,10000,637100,"B"
"DGW","10:13:14",54.9,0.2,5600,627100,"S"
"DGW","10:13:14",54.8,0.1,4400,621500,"S"
"DGW","10:13:12",54.7,0,1000,617100,"B"
"DGW","10:12:43",54.8,0.1,100,616100,"S"
"DGW","10:12:40",54.8,0.1,500,616000,"S"
"DGW","10:12:34",54.8,0.1,300,615500,"S"
"DGW","10:12:13",54.8,0.1,100,615200,"S"
"DGW","10:12:10",54.7,0,500,615100,"B"
"DGW","10:12:08",54.7,0,1500,614600,"S"
"DGW","10:11:55",54.7,0,5000,613100,"S"
"DGW","10:11:41",54.7,0,100,608100,"S"
"DGW","10:11:35",54.6,-0.1,1600,608000,"S"
"DGW","10:10:54",54.6,-0.1,8000,606400,"S"
"DGW","10:10:51",54.6,-0.1,500,598400,"S"
"DGW","10:10:41",54.5,-0.2,200,597900,"B"
"DGW","10:10:31",54.5,-0.2,8700,597700,"S"
"DGW","10:10:31",54.4,-0.3,2800,589000,"S"
"DGW","10:10:27",54.4,-0.3,10200,586200,"B"
"DGW","10:10:14",54.4,-0.3,800,576000,"S"
"DGW","10:10:11",54.4,-0.3,4000,575200,"S"
"DGW","10:10:10",54.4,-0.3,1400,571200,"S"
"DGW","10:10:06",54.4,-0.3,300,569800,"S"
"DGW","10:10:02",54.4,-0.3,3000,569500,"S"
"DGW","10:10:00",54.4,-0.3,2600,566500,"S"
"DGW","10:09:54",54.3,-0.4,100,563900,"B"
"DGW","10:09:36",54.4,-0.3,300,563800,"S"
"DGW","10:09:20",54.4,-0.3,100,563500,"S"
"DGW","10:09:06",54.4,-0.3,200,563400,"S"
"DGW","10:08:50",54.4,-0.3,100,563200,"S"
"DGW","10:08:44",54.4,-0.3,100,563100,"S"
"DGW","10:08:32",54.3,-0.4,400,563000,"S"
"DGW","10:08:31",54.3,-0.4,300,562600,"S"
"DGW","10:08:28",54.3,-0.4,5000,562300,"S"
"DGW","10:08:27",54.3,-0.4,5100,557300,"S"
"DGW","10:08:25",54.3,-0.4,1200,552200,"S"
"DGW","10:08:04",54.3,-0.4,6200,551000,"S"
"DGW","10:07:54",54.2,-0.5,900,544800,"B"
"DGW","10:07:37",54.3,-0.4,1000,543900,"S"
"DGW","10:07:34",54.3,-0.4,200,542900,"S"
"DGW","10:06:59",54.3,-0.4,1300,542700,"S"
"DGW","10:06:36",54.3,-0.4,200,541400,"S"
"DGW","10:06:10",54.2,-0.5,600,541200,"B"
"DGW","10:05:52",54.2,-0.5,700,540600,"S"
"DGW","10:05:47",54.2,-0.5,300,539900,"S"
"DGW","10:05:42",54.2,-0.5,200,539600,"S"
"DGW","10:05:35",54.2,-0.5,1000,539400,"S"
"DGW","10:05:17",54.2,-0.5,7900,538400,"B"
"DGW","10:05:15",54.3,-0.4,5000,530500,"S"
"DGW","10:05:12",54.3,-0.4,500,525500,"S"
"DGW","10:05:03",54.3,-0.4,200,525000,"S"
"DGW","10:04:59",54.3,-0.4,500,524800,"S"
"DGW","10:04:50",54.3,-0.4,5000,524300,"S"
"DGW","10:04:41",54.3,-0.4,1000,519300,"S"
"DGW","10:04:35",54.2,-0.5,500,518300,"B"
"DGW","10:04:33",54.2,-0.5,5200,517800,"S"
"DGW","10:04:22",54.2,-0.5,500,512600,"S"
"DGW","10:04:22",54.1,-0.6,1500,512100,"S"
"DGW","10:04:19",54.1,-0.6,500,510600,"S"
"DGW","10:04:00",54.1,-0.6,100,510100,"S"
"DGW","10:03:57",54.1,-0.6,3000,510000,"S"
"DGW","10:03:40",54.1,-0.6,500,507000,"S"
"DGW","10:03:01",54.1,-0.6,200,506500,"B"
"DGW","10:02:56",54.2,-0.5,500,506300,"S"
"DGW","10:01:58",54.1,-0.6,2000,505800,"S"
"DGW","10:01:55",54.1,-0.6,200,503800,"S"
"DGW","10:01:44",54,-0.7,400,503600,"B"
"DGW","10:01:43",54,-0.7,100,503200,"B"
"DGW","10:01:41",54.1,-0.6,2000,503100,"S"
"DGW","10:01:34",54.1,-0.6,1000,501100,"S"
"DGW","10:00:28",54,-0.7,1200,500100,"S"
"DGW","10:00:23",54,-0.7,1000,498900,"S"
"DGW","10:00:16",53.9,-0.8,12100,497900,"S"
"DGW","10:00:16",53.9,-0.8,1700,485800,"S"
"DGW","10:00:06",53.9,-0.8,200,484100,"S"
"DGW","09:59:59",53.9,-0.8,1000,483900,"S"
"DGW","09:59:57",53.9,-0.8,500,482900,"S"
"DGW","09:59:54",53.9,-0.8,10000,482400,"S"
"DGW","09:59:46",53.9,-0.8,200,472400,"S"
"DGW","09:59:42",53.9,-0.8,300,472200,"S"
"DGW","09:59:06",53.9,-0.8,100,471900,"S"
"DGW","09:58:59",53.9,-0.8,2000,471800,"S"
"DGW","09:58:54",53.9,-0.8,100,469800,"S"
"DGW","09:58:38",53.9,-0.8,800,469700,"S"
"DGW","09:58:31",53.9,-0.8,1000,468900,"S"
"DGW","09:58:19",53.9,-0.8,1000,467900,"S"
"DGW","09:57:53",53.9,-0.8,200,466900,"S"
"DGW","09:57:22",53.8,-0.9,600,466700,"B"
"DGW","09:57:06",53.7,-1,1600,466100,"B"
"DGW","09:57:06",53.8,-0.9,7000,464500,"B"
"DGW","09:56:27",53.8,-0.9,500,457500,"B"
"DGW","09:56:22",53.8,-0.9,500,457000,"B"
"DGW","09:55:46",53.9,-0.8,1000,456500,"S"
"DGW","09:55:30",53.9,-0.8,100,455500,"S"
"DGW","09:54:50",53.9,-0.8,100,455400,"S"
"DGW","09:54:44",53.7,-1,4500,455300,"B"
"DGW","09:54:44",53.8,-0.9,3500,450800,"B"
"DGW","09:54:38",53.8,-0.9,300,447300,"B"
"DGW","09:54:22",53.8,-0.9,4900,447000,"S"
"DGW","09:54:12",53.8,-0.9,500,442100,"S"
"DGW","09:54:09",53.8,-0.9,500,441600,"S"
"DGW","09:54:08",53.8,-0.9,400,441100,"S"
"DGW","09:53:55",53.8,-0.9,200,440700,"S"
"DGW","09:53:48",53.8,-0.9,200,440500,"S"
"DGW","09:53:46",53.8,-0.9,500,440300,"S"
"DGW","09:53:24",53.8,-0.9,4300,439800,"B"
"DGW","09:52:33",53.8,-0.9,400,435500,"B"
"DGW","09:52:32",53.8,-0.9,200,435100,"B"
"DGW","09:52:01",53.8,-0.9,900,434900,"B"
"DGW","09:52:00",53.8,-0.9,400,434000,"B"
"DGW","09:51:37",53.8,-0.9,1000,433600,"B"
"DGW","09:51:21",53.8,-0.9,300,432600,"B"
"DGW","09:51:10",53.8,-0.9,20000,432300,"B"
"DGW","09:50:52",53.9,-0.8,1000,412300,"S"
"DGW","09:50:46",53.8,-0.9,4700,411300,"B"
"DGW","09:50:45",53.8,-0.9,6100,406600,"B"
"DGW","09:50:26",53.9,-0.8,500,400500,"S"
"DGW","09:50:25",53.9,-0.8,500,400000,"S"
"DGW","09:50:18",53.9,-0.8,100,399500,"S"
"DGW","09:49:25",53.9,-0.8,1000,399400,"S"
"DGW","09:48:55",53.9,-0.8,1100,398400,"B"
"DGW","09:48:22",53.9,-0.8,3400,397300,"S"
"DGW","09:47:59",53.9,-0.8,100,393900,"S"
"DGW","09:47:49",53.9,-0.8,1500,393800,"B"
"DGW","09:47:03",53.9,-0.8,500,392300,"B"
"DGW","09:46:36",53.9,-0.8,2000,391800,"B"
"DGW","09:45:33",53.9,-0.8,10000,389800,"B"
"DGW","09:45:24",54,-0.7,100,379800,"S"
"DGW","09:44:59",54,-0.7,200,379700,"S"
"DGW","09:44:44",54,-0.7,900,379500,"S"
"DGW","09:43:18",53.9,-0.8,500,378600,"B"
"DGW","09:43:05",53.9,-0.8,500,378100,"B"
"DGW","09:42:44",53.9,-0.8,300,377600,"B"
"DGW","09:42:38",54,-0.7,2500,377300,"S"
"DGW","09:42:27",53.9,-0.8,4000,374800,"B"
"DGW","09:42:24",54,-0.7,300,370800,"S"
"DGW","09:42:22",54,-0.7,300,370500,"S"
"DGW","09:42:22",54,-0.7,2000,370200,"S"
"DGW","09:42:13",54,-0.7,500,368200,"S"
"DGW","09:42:05",54,-0.7,6000,367700,"B"
"DGW","09:41:57",54.1,-0.6,1000,361700,"S"
"DGW","09:41:56",54.1,-0.6,200,360700,"S"
"DGW","09:41:56",54,-0.7,400,360500,"B"
"DGW","09:41:55",54,-0.7,100,360100,"B"
"DGW","09:41:53",54,-0.7,8300,360000,"B"
"DGW","09:41:53",54,-0.7,1700,351700,"B"
"DGW","09:41:52",54.1,-0.6,100,350000,"S"
"DGW","09:41:49",54.1,-0.6,200,349900,"S"
"DGW","09:41:42",54,-0.7,10000,349700,"B"
"DGW","09:41:38",54,-0.7,5600,339700,"B"
"DGW","09:41:37",54,-0.7,4400,334100,"B"
"DGW","09:41:35",54,-0.7,1000,329700,"B"
"DGW","09:41:21",54.1,-0.6,2000,328700,"S"
"DGW","09:41:11",54.1,-0.6,3000,326700,"S"
"DGW","09:40:47",54.1,-0.6,100,323700,"S"
"DGW","09:40:41",54.1,-0.6,7000,323600,"S"
"DGW","09:40:00",54,-0.7,1000,316600,"B"
"DGW","09:39:10",54,-0.7,200,315600,"B"
"DGW","09:39:03",54.1,-0.6,100,315400,"S"
"DGW","09:38:57",54.1,-0.6,500,315300,"S"
"DGW","09:38:52",54.1,-0.6,5000,314800,"B"
"DGW","09:38:40",54.2,-0.5,100,309800,"S"
"DGW","09:38:23",54.2,-0.5,100,309700,"S"
"DGW","09:38:00",54.2,-0.5,100,309600,"S"
"DGW","09:37:46",54.2,-0.5,1000,309500,"S"
"DGW","09:37:41",54.2,-0.5,100,308500,"B"
"DGW","09:37:36",54.2,-0.5,2000,308400,"B"
"DGW","09:37:32",54.2,-0.5,2000,306400,"B"
"DGW","09:37:30",54.2,-0.5,1000,304400,"B"
"DGW","09:37:26",54.2,-0.5,200,303400,"B"
"DGW","09:37:21",54.2,-0.5,1000,303200,"B"
"DGW","09:37:20",54.2,-0.5,3700,302200,"B"
"DGW","09:36:09",54.2,-0.5,400,298500,"B"
"DGW","09:36:06",54.3,-0.4,700,298100,"S"
"DGW","09:36:02",54.2,-0.5,1000,297400,"S"
"DGW","09:35:47",54.2,-0.5,500,296400,"S"
"DGW","09:35:43",54.2,-0.5,200,295900,"S"
"DGW","09:35:26",54.1,-0.6,200,295700,"B"
"DGW","09:34:35",54.1,-0.6,1200,295500,"S"
"DGW","09:34:02",54.1,-0.6,800,294300,"B"
"DGW","09:34:02",54.3,-0.4,2000,291600,"B"
"DGW","09:33:55",54.4,-0.3,200,289600,"S"
"DGW","09:33:42",54.4,-0.3,300,289400,"S"
"DGW","09:33:26",54.5,-0.2,700,289100,"S"
"DGW","09:33:26",54.4,-0.3,9300,288400,"S"
"DGW","09:33:18",54.4,-0.3,700,279100,"B"
"DGW","09:32:51",54.5,-0.2,100,278400,"S"
"DGW","09:32:44",54.5,-0.2,4000,278300,"S"
"DGW","09:32:41",54.4,-0.3,2000,274300,"B"
"DGW","09:32:18",54.4,-0.3,200,272300,"B"
"DGW","09:32:15",54.4,-0.3,1400,272100,"S"
"DGW","09:31:54",54.2,-0.5,300,270700,"S"
"DGW","09:31:48",54.2,-0.5,100,270400,"S"
"DGW","09:31:41",54.1,-0.6,2100,270300,"S"
"DGW","09:31:36",54.1,-0.6,200,268200,"S"
"DGW","09:31:34",54.1,-0.6,3000,268000,"S"
"DGW","09:31:26",54.1,-0.6,500,265000,"S"
"DGW","09:31:24",54.1,-0.6,300,264500,"S"
"DGW","09:31:21",54.1,-0.6,300,264200,"S"
"DGW","09:31:14",54.1,-0.6,1000,263900,"S"
"DGW","09:31:13",54.1,-0.6,100,262900,"S"
"DGW","09:31:08",54.1,-0.6,100,262800,"S"
"DGW","09:30:46",54.1,-0.6,400,262700,"S"
"DGW","09:30:29",54,-0.7,300,262300,"S"
"DGW","09:30:26",54,-0.7,1000,262000,"S"
"DGW","09:30:24",54,-0.7,200,261000,"S"
"DGW","09:30:23",54,-0.7,500,260800,"S"
"DGW","09:30:18",54,-0.7,100,260300,"S"
"DGW","09:30:16",54,-0.7,1000,260200,"S"
"DGW","09:30:13",54,-0.7,3000,259200,"S"
"DGW","09:30:10",54,-0.7,400,256200,"S"
"DGW","09:30:09",54,-0.7,100,255800,"S"
"DGW","09:30:03",54,-0.7,100,255700,"S"
"DGW","09:29:59",54,-0.7,300,255600,"S"
"DGW","09:29:53",54,-0.7,1000,255300,"S"
"DGW","09:29:52",54,-0.7,1000,254300,"S"
"DGW","09:29:50",53.9,-0.8,200,253300,"B"
"DGW","09:29:41",53.9,-0.8,1000,253100,"B"
"DGW","09:29:25",53.9,-0.8,200,252100,"B"
"DGW","09:29:24",53.9,-0.8,600,251900,"S"
"DGW","09:29:22",53.9,-0.8,100,251300,"S"
"DGW","09:29:21",53.9,-0.8,400,251200,"S"
"DGW","09:29:18",53.9,-0.8,100,250800,"S"
"DGW","09:29:08",53.9,-0.8,500,250700,"S"
"DGW","09:29:07",53.9,-0.8,500,250200,"S"
"DGW","09:29:00",53.9,-0.8,4200,249700,"B"
"DGW","09:28:59",53.9,-0.8,100,245500,"B"
"DGW","09:28:50",53.9,-0.8,100,245400,"B"
"DGW","09:28:44",53.9,-0.8,1000,245300,"B"
"DGW","09:28:33",53.9,-0.8,3000,244300,"S"
"DGW","09:28:31",53.9,-0.8,200,241300,"S"
"DGW","09:28:31",53.8,-0.9,800,241100,"S"
"DGW","09:28:28",53.8,-0.9,100,240300,"S"
"DGW","09:28:24",53.8,-0.9,2000,240200,"S"
"DGW","09:28:22",53.8,-0.9,100,238200,"S"
"DGW","09:28:21",53.8,-0.9,1000,238100,"S"
"DGW","09:28:20",53.8,-0.9,100,237100,"S"
"DGW","09:28:19",53.8,-0.9,2000,237000,"S"
"DGW","09:28:17",53.8,-0.9,13000,235000,"S"
"DGW","09:28:11",53.7,-1,2000,222000,"B"
"DGW","09:28:08",53.8,-0.9,1100,220000,"S"
"DGW","09:28:04",53.7,-1,100,218900,"B"
"DGW","09:28:02",53.8,-0.9,2900,218800,"S"
"DGW","09:28:01",53.8,-0.9,100,215900,"S"
"DGW","09:27:57",53.8,-0.9,2000,215800,"S"
"DGW","09:27:53",53.8,-0.9,500,213800,"S"
"DGW","09:27:16",53.7,-1,200,213300,"B"
"DGW","09:27:12",53.7,-1,200,213100,"B"
"DGW","09:27:12",53.7,-1,200,212900,"B"
"DGW","09:27:05",53.7,-1,2400,212700,"B"
"DGW","09:27:04",53.7,-1,6600,210300,"B"
"DGW","09:26:47",53.7,-1,2000,203700,"B"
"DGW","09:26:45",53.8,-0.9,500,201700,"S"
"DGW","09:26:42",53.8,-0.9,100,201200,"S"
"DGW","09:26:25",53.8,-0.9,500,201100,"S"
"DGW","09:26:10",53.8,-0.9,100,200600,"S"
"DGW","09:26:08",53.8,-0.9,400,200500,"S"
"DGW","09:26:07",53.7,-1,5000,200100,"B"
"DGW","09:26:01",53.8,-0.9,1000,195100,"S"
"DGW","09:25:56",53.8,-0.9,500,194100,"S"
"DGW","09:25:51",53.8,-0.9,3800,193600,"B"
"DGW","09:25:51",53.9,-0.8,1000,189800,"S"
"DGW","09:25:48",53.8,-0.9,1000,188800,"B"
"DGW","09:25:46",53.8,-0.9,400,187800,"B"
"DGW","09:25:31",53.9,-0.8,100,187400,"S"
"DGW","09:25:19",53.9,-0.8,100,187300,"S"
"DGW","09:25:12",53.9,-0.8,5000,187200,"S"
"DGW","09:25:03",53.9,-0.8,1000,182200,"S"
"DGW","09:24:58",53.8,-0.9,1100,181200,"B"
"DGW","09:24:56",53.9,-0.8,100,180100,"S"
"DGW","09:24:45",53.9,-0.8,1000,180000,"S"
"DGW","09:24:44",53.9,-0.8,500,179000,"S"
"DGW","09:24:39",53.9,-0.8,200,178500,"S"
"DGW","09:24:34",53.9,-0.8,500,178300,"S"
"DGW","09:24:23",53.9,-0.8,100,177800,"S"
"DGW","09:24:23",53.8,-0.9,400,177700,"B"
"DGW","09:24:21",53.9,-0.8,1000,177300,"S"
"DGW","09:24:16",53.9,-0.8,4800,176300,"B"
"DGW","09:24:15",53.9,-0.8,2700,171500,"B"
"DGW","09:24:13",54,-0.7,200,168800,"S"
"DGW","09:23:59",54,-0.7,200,168600,"S"
"DGW","09:23:52",54,-0.7,600,168400,"S"
"DGW","09:23:42",54,-0.7,2000,167800,"S"
"DGW","09:23:37",54,-0.7,100,165800,"S"
"DGW","09:23:25",54,-0.7,700,165700,"S"
"DGW","09:23:24",54,-0.7,100,165000,"S"
"DGW","09:23:04",54,-0.7,500,164900,"S"
"DGW","09:22:52",53.9,-0.8,500,164400,"B"
"DGW","09:22:48",53.9,-0.8,4000,163900,"B"
"DGW","09:22:40",53.9,-0.8,500,159900,"B"
"DGW","09:22:39",53.9,-0.8,500,159400,"B"
"DGW","09:22:37",54,-0.7,2000,158900,"S"
"DGW","09:22:34",53.9,-0.8,400,156900,"B"
"DGW","09:22:17",53.9,-0.8,200,156500,"B"
"DGW","09:22:08",53.9,-0.8,800,156300,"S"
"DGW","09:22:06",53.8,-0.9,1200,155500,"B"
"DGW","09:22:05",53.9,-0.8,800,154300,"S"
"DGW","09:22:05",53.8,-0.9,500,153500,"B"
"DGW","09:21:58",53.8,-0.9,3500,153000,"B"
"DGW","09:21:58",53.9,-0.8,1500,149500,"B"
"DGW","09:21:54",53.9,-0.8,2500,148000,"S"
"DGW","09:21:48",53.8,-0.9,200,145500,"B"
"DGW","09:21:44",53.8,-0.9,5000,145300,"S"
"DGW","09:21:40",53.8,-0.9,3000,140300,"S"
"DGW","09:21:38",53.8,-0.9,1000,137300,"S"
"DGW","09:21:33",53.7,-1,1500,136300,"B"
"DGW","09:21:31",53.7,-1,1500,134800,"B"
"DGW","09:21:30",53.7,-1,700,133300,"S"
"DGW","09:21:29",53.7,-1,100,132600,"S"
"DGW","09:21:28",53.7,-1,100,132500,"S"
"DGW","09:21:24",53.7,-1,1100,132400,"S"
"DGW","09:21:23",53.7,-1,500,131300,"S"
"DGW","09:21:17",53.7,-1,100,130800,"S"
"DGW","09:21:13",53.6,-1.1,700,130700,"S"
"DGW","09:21:12",53.6,-1.1,400,130000,"S"
"DGW","09:21:05",53.5,-1.2,500,129600,"B"
"DGW","09:20:52",53.5,-1.2,1000,129100,"B"
"DGW","09:20:43",53.5,-1.2,100,128100,"S"
"DGW","09:20:42",53.5,-1.2,1000,128000,"S"
"DGW","09:20:40",53.5,-1.2,100,127000,"S"
"DGW","09:20:39",53.5,-1.2,100,126900,"S"
"DGW","09:20:35",53.5,-1.2,200,126800,"B"
"DGW","09:20:34",53.6,-1.1,500,126600,"S"
"DGW","09:20:34",53.5,-1.2,500,126100,"S"
"DGW","09:20:33",53.5,-1.2,1000,125600,"B"
"DGW","09:20:32",53.5,-1.2,200,124600,"S"
"DGW","09:20:32",53.4,-1.3,200,124400,"B"
"DGW","09:20:31",53.4,-1.3,700,124200,"B"
"DGW","09:20:28",53.5,-1.2,1100,123500,"S"
"DGW","09:20:27",53.5,-1.2,2000,122400,"S"
"DGW","09:20:25",53.5,-1.2,100,120400,"S"
"DGW","09:20:24",53.5,-1.2,100,120300,"S"
"DGW","09:20:23",53.5,-1.2,23100,120200,"B"
"DGW","09:20:23",53.6,-1.1,300,97100,"B"
"DGW","09:20:21",53.5,-1.2,400,96800,"B"
"DGW","09:20:21",53.6,-1.1,1200,96400,"S"
"DGW","09:20:20",53.6,-1.1,400,95200,"S"
"DGW","09:20:18",53.6,-1.1,600,94800,"S"
"DGW","09:20:17",53.6,-1.1,100,94200,"S"
"DGW","09:20:13",53.6,-1.1,500,94100,"S"
"DGW","09:20:09",53.6,-1.1,200,93600,"S"
"DGW","09:20:06",53.6,-1.1,200,93400,"S"
"DGW","09:20:03",53.6,-1.1,300,93200,"S"
"DGW","09:20:00",53.5,-1.2,100,92900,"B"
"DGW","09:19:58",53.6,-1.1,200,92800,"S"
"DGW","09:19:53",53.5,-1.2,1000,92600,"B"
"DGW","09:19:53",53.6,-1.1,1000,91600,"S"
"DGW","09:19:52",53.6,-1.1,100,90600,"S"
"DGW","09:19:50",53.6,-1.1,200,90500,"S"
"DGW","09:19:46",53.6,-1.1,4000,90300,"B"
"DGW","09:19:40",53.5,-1.2,4500,86300,"B"
"DGW","09:19:40",53.6,-1.1,500,81800,"B"
"DGW","09:19:26",53.5,-1.2,100,81300,"B"
"DGW","09:19:25",53.5,-1.2,1000,81200,"B"
"DGW","09:19:25",53.6,-1.1,500,80200,"B"
"DGW","09:19:22",53.6,-1.1,1200,79700,"B"
"DGW","09:19:21",53.6,-1.1,1100,78500,"B"
"DGW","09:19:21",53.7,-1,3900,77400,"B"
"DGW","09:18:56",53.7,-1,1000,73500,"B"
"DGW","09:18:51",53.8,-0.9,2300,72500,"B"
"DGW","09:18:51",53.8,-0.9,2200,70200,"B"
"DGW","09:18:49",53.9,-0.8,100,68000,"S"
"DGW","09:18:47",53.9,-0.8,1400,67900,"B"
"DGW","09:18:35",53.9,-0.8,1000,66500,"B"
"DGW","09:18:31",53.9,-0.8,300,65500,"B"
"DGW","09:18:30",53.9,-0.8,500,65200,"S"
"DGW","09:18:25",53.9,-0.8,500,64700,"S"
"DGW","09:18:15",53.9,-0.8,300,64200,"S"
"DGW","09:18:12",53.9,-0.8,5000,63900,"S"
"DGW","09:18:10",53.9,-0.8,500,58900,"S"
"DGW","09:18:09",53.9,-0.8,1300,58400,"B"
"DGW","09:18:04",53.9,-0.8,1000,57100,"B"
"DGW","09:17:50",54,-0.7,500,56100,"S"
"DGW","09:17:40",53.9,-0.8,700,55600,"B"
"DGW","09:17:39",53.9,-0.8,200,54900,"B"
"DGW","09:17:27",54,-0.7,2000,54700,"B"
"DGW","09:17:16",54,-0.7,12000,52700,"B"
"DGW","09:17:12",54,-0.7,2300,40700,"B"
"DGW","09:17:03",54.1,-0.6,2000,38400,"S"
"DGW","09:16:57",54,-0.7,2500,36400,"B"
"DGW","09:16:55",54,-0.7,200,33900,"B"
"DGW","09:16:53",54,-0.7,3700,33700,"B"
"DGW","09:16:49",54,-0.7,400,30000,"B"
"DGW","09:16:43",54,-0.7,3900,29600,"B"
"DGW","09:16:33",54.1,-0.6,2100,25700,"B"
"DGW","09:16:28",54.2,-0.5,1000,23600,"S"
"DGW","09:16:25",54.1,-0.6,2000,22600,"B"
"DGW","09:16:14",54.1,-0.6,500,20600,"B"
"DGW","09:16:11",54.1,-0.6,600,20100,"B"
"DGW","09:15:19",54.2,-0.5,200,18100,"B"
"DGW","09:15:00",54.2,-0.5,17900,17900,
