"symbol","time","price","change","vol","total","side"
"ST8","14:45:03",23,-0.2,16200,4135500,
"ST8","14:29:40",21.95,-1.25,3000,4119300,"B"
"ST8","14:27:43",23,-0.2,200,4116300,"S"
"ST8","14:27:43",22.5,-0.7,300,4116100,"S"
"ST8","14:26:02",21.9,-1.3,2000,4115800,"S"
"ST8","14:25:02",21.9,-1.3,1000,4113800,"S"
"ST8","14:24:44",21.9,-1.3,100,4112800,"S"
"ST8","14:24:17",21.9,-1.3,2100,4112700,"S"
"ST8","14:24:13",21.9,-1.3,6400,4110600,"B"
"ST8","14:24:13",21.95,-1.25,3400,4104200,"B"
"ST8","14:22:42",21.85,-1.35,2000,4100800,"S"
"ST8","14:22:11",21.85,-1.35,1100,4098800,"S"
"ST8","14:20:47",21.6,-1.6,3900,4097700,"S"
"ST8","14:20:37",21.6,-1.6,700,4093800,"S"
"ST8","14:20:14",21.6,-1.6,28600,4093100,"B"
"ST8","14:20:14",21.65,-1.55,6300,4064500,"B"
"ST8","14:20:14",21.7,-1.5,500,4058200,"B"
"ST8","14:19:48",21.8,-1.4,1000,4057700,"B"
"ST8","14:19:32",21.8,-1.4,5000,4056700,"B"
"ST8","14:18:07",21.85,-1.35,100,4051700,"S"
"ST8","14:12:01",21.85,-1.35,2400,4051600,"B"
"ST8","14:07:24",21.85,-1.35,1000,4049200,"B"
"ST8","14:05:12",21.85,-1.35,1500,4048200,"B"
"ST8","14:05:12",22,-1.2,8500,4046700,"B"
"ST8","14:01:17",22.5,-0.7,300,4038200,"B"
"ST8","13:51:59",23,-0.2,1000,4037900,"S"
"ST8","13:51:36",22.5,-0.7,1800,4036900,"S"
"ST8","13:51:24",22.5,-0.7,100,4035100,"S"
"ST8","13:51:18",22.5,-0.7,1000,4035000,"S"
"ST8","13:50:47",22.5,-0.7,1000,4034000,"S"
"ST8","13:50:39",22,-1.2,4700,4033000,"S"
"ST8","13:50:01",22,-1.2,500,4028300,"S"
"ST8","13:49:57",22,-1.2,100,4027800,"S"
"ST8","13:49:24",22,-1.2,1000,4027700,"S"
"ST8","13:49:12",21.8,-1.4,5000,4026700,"S"
"ST8","13:48:11",21.65,-1.55,5000,4021700,"S"
"ST8","13:48:03",21.65,-1.55,3000,4016700,"S"
"ST8","13:47:44",21.65,-1.55,1500,4013700,"S"
"ST8","13:47:31",21.65,-1.55,3000,4012200,"S"
"ST8","13:46:26",21.6,-1.6,3500,4009200,"S"
"ST8","13:46:19",21.6,-1.6,500,4005700,"S"
"ST8","13:46:02",21.6,-1.6,600,4005200,"S"
"ST8","13:45:57",21.6,-1.6,1000,4004600,"S"
"ST8","13:45:33",21.6,-1.6,500,4003600,"S"
"ST8","13:45:20",21.6,-1.6,500,4003100,"S"
"ST8","13:45:19",21.6,-1.6,500,4002600,"S"
"ST8","13:45:08",21.6,-1.6,1700,4002100,"S"
"ST8","13:45:03",21.6,-1.6,32800,4000400,"B"
"ST8","13:45:03",21.65,-1.55,700,3967600,"B"
"ST8","13:45:03",21.8,-1.4,6200,3965400,"B"
"ST8","13:44:34",22,-1.2,100,3959200,"S"
"ST8","13:43:59",21.8,-1.4,3900,3959100,"S"
"ST8","13:43:53",21.8,-1.4,2100,3955200,"S"
"ST8","13:43:33",21.8,-1.4,2300,3953100,"S"
"ST8","13:43:26",21.8,-1.4,1500,3950800,"S"
"ST8","13:42:56",21.8,-1.4,100,3949300,"S"
"ST8","13:42:53",21.8,-1.4,10100,3949200,"B"
"ST8","13:38:42",22,-1.2,1200,3939100,"S"
"ST8","13:38:34",22,-1.2,1500,3937900,"S"
"ST8","13:38:30",22,-1.2,500,3936400,"S"
"ST8","13:38:27",22,-1.2,300,3935900,"S"
"ST8","13:38:16",22,-1.2,1000,3935600,"S"
"ST8","13:37:23",22,-1.2,2500,3934600,"S"
"ST8","13:37:16",21.8,-1.4,2500,3932100,"S"
"ST8","13:37:02",21.8,-1.4,1000,3929600,"S"
"ST8","13:36:59",21.8,-1.4,600,3928600,"S"
"ST8","13:36:55",21.8,-1.4,1500,3928000,"S"
"ST8","13:36:46",21.8,-1.4,1000,3926500,"S"
"ST8","13:36:44",21.8,-1.4,2000,3925500,"S"
"ST8","13:36:39",21.8,-1.4,5000,3923500,"S"
"ST8","13:36:15",21.8,-1.4,11400,3918500,"B"
"ST8","13:35:54",22,-1.2,6600,3907100,"B"
"ST8","13:35:34",22,-1.2,3400,3900500,"S"
"ST8","13:35:29",22,-1.2,1500,3897100,"S"
"ST8","13:32:57",22,-1.2,100,3895600,"S"
"ST8","13:32:42",22,-1.2,1000,3895500,"S"
"ST8","13:32:35",22,-1.2,2500,3894500,"S"
"ST8","13:32:28",22,-1.2,5000,3892000,"S"
"ST8","13:32:21",22,-1.2,2000,3887000,"S"
"ST8","13:32:17",22,-1.2,1500,3885000,"S"
"ST8","13:32:00",21.8,-1.4,8600,3883500,"S"
"ST8","13:31:54",21.8,-1.4,1000,3874900,"S"
"ST8","13:31:48",21.8,-1.4,2000,3873900,"S"
"ST8","13:31:38",21.8,-1.4,13400,3871900,"B"
"ST8","13:31:23",22,-1.2,3000,3858500,"S"
"ST8","13:31:15",22,-1.2,1500,3855500,"S"
"ST8","13:31:10",21.8,-1.4,6600,3854000,"S"
"ST8","13:31:04",21.8,-1.4,1000,3847400,"S"
"ST8","13:31:00",21.8,-1.4,2500,3846400,"S"
"ST8","13:30:09",21.8,-1.4,1000,3843900,"S"
"ST8","13:29:52",22,-1.2,500,3842900,"S"
"ST8","13:29:37",21.6,-1.6,2200,3842400,"S"
"ST8","13:29:36",21.6,-1.6,2200,3840200,"S"
"ST8","13:29:36",21.6,-1.6,1200,3838000,"S"
"ST8","13:29:35",21.6,-1.6,600,3836800,"S"
"ST8","13:29:34",21.6,-1.6,2800,3836200,"S"
"ST8","13:29:33",21.6,-1.6,400,3833400,"S"
"ST8","13:29:13",21.6,-1.6,200,3833000,"S"
"ST8","13:29:03",21.6,-1.6,2100,3832800,"S"
"ST8","13:29:02",21.6,-1.6,3600,3830700,"B"
"ST8","13:28:54",22.5,-0.7,1000,3827100,"S"
"ST8","13:28:43",21.6,-1.6,1100,3826100,"S"
"ST8","13:28:42",21.6,-1.6,500,3825000,"S"
"ST8","13:28:38",21.6,-1.6,100,3824500,"S"
"ST8","13:28:34",21.6,-1.6,300,3824400,"S"
"ST8","13:28:30",21.6,-1.6,100,3824100,"S"
"ST8","13:28:26",21.6,-1.6,100,3824000,"S"
"ST8","13:28:20",21.6,-1.6,2000,3823900,"S"
"ST8","13:28:15",21.6,-1.6,400,3821900,"S"
"ST8","13:28:14",21.6,-1.6,300,3821500,"S"
"ST8","13:28:11",21.6,-1.6,20100,3821200,"B"
"ST8","13:28:02",22.5,-0.7,1200,3801100,"S"
"ST8","13:27:41",22.5,-0.7,1000,3799900,"S"
"ST8","13:27:13",21.6,-1.6,3400,3798900,"S"
"ST8","13:27:06",21.6,-1.6,200,3795500,"S"
"ST8","13:26:55",21.6,-1.6,34300,3795300,"B"
"ST8","13:26:55",21.65,-1.55,11100,3761000,"B"
"ST8","13:26:55",21.7,-1.5,500,3749900,"B"
"ST8","13:26:55",22,-1.2,500,3749400,"B"
"ST8","13:25:51",22.5,-0.7,1000,3748900,"S"
"ST8","13:25:35",22,-1.2,2000,3747900,"S"
"ST8","13:25:15",22,-1.2,2000,3745900,"S"
"ST8","13:24:50",22,-1.2,1600,3743900,"S"
"ST8","13:24:37",22,-1.2,600,3742300,"S"
"ST8","13:24:36",22,-1.2,2000,3741700,"S"
"ST8","13:24:19",22,-1.2,1500,3739700,"S"
"ST8","13:23:59",22,-1.2,1000,3738200,"S"
"ST8","13:23:46",22,-1.2,300,3737200,"S"
"ST8","13:23:25",22,-1.2,9000,3736900,"B"
"ST8","13:22:54",22.5,-0.7,2000,3727900,"S"
"ST8","13:22:14",22.5,-0.7,1000,3725900,"S"
"ST8","13:21:57",22,-1.2,1900,3724900,"S"
"ST8","13:21:23",22,-1.2,100,3723000,"S"
"ST8","13:21:21",22,-1.2,1000,3722900,"S"
"ST8","13:20:59",22,-1.2,2100,3721900,"S"
"ST8","13:20:42",22,-1.2,2200,3719800,"S"
"ST8","13:20:21",22,-1.2,3000,3717600,"S"
"ST8","13:20:02",22,-1.2,900,3714600,"S"
"ST8","13:20:01",22,-1.2,1500,3713700,"S"
"ST8","13:19:41",22,-1.2,1000,3712200,"S"
"ST8","13:19:37",22,-1.2,2000,3711200,"S"
"ST8","13:19:14",22,-1.2,3000,3709200,"S"
"ST8","13:18:33",22,-1.2,2000,3706200,"S"
"ST8","13:18:18",22,-1.2,1200,3704200,"S"
"ST8","13:18:15",22,-1.2,100,3703000,"S"
"ST8","13:17:58",23,-0.2,1000,3702900,"S"
"ST8","13:17:42",23,-0.2,2200,3701900,"S"
"ST8","13:17:37",23,-0.2,1500,3699700,"S"
"ST8","13:17:24",23,-0.2,1000,3698200,"S"
"ST8","13:16:43",21.6,-1.6,1500,3697200,"S"
"ST8","13:16:41",21.6,-1.6,100,3695700,"S"
"ST8","13:16:40",21.6,-1.6,500,3695600,"S"
"ST8","13:16:38",21.6,-1.6,200,3695100,"S"
"ST8","13:16:25",21.6,-1.6,100,3694900,"S"
"ST8","13:16:13",21.6,-1.6,100,3694800,"S"
"ST8","13:16:03",21.6,-1.6,200,3694700,"S"
"ST8","13:16:01",21.6,-1.6,300,3694500,"S"
"ST8","13:16:00",21.6,-1.6,600,3694200,"S"
"ST8","13:15:46",21.6,-1.6,100,3693600,"S"
"ST8","13:15:44",21.6,-1.6,1000,3693500,"S"
"ST8","13:15:40",21.6,-1.6,10300,3692500,"B"
"ST8","13:15:05",21.6,-1.6,300,3682200,"S"
"ST8","13:15:02",21.6,-1.6,800,3681900,"S"
"ST8","13:14:58",21.6,-1.6,28900,3681100,"B"
"ST8","13:13:59",21.6,-1.6,2100,3652200,"S"
"ST8","13:13:58",21.6,-1.6,100,3650100,"S"
"ST8","13:13:57",21.6,-1.6,100,3650000,"S"
"ST8","13:13:56",21.6,-1.6,900,3649900,"S"
"ST8","13:13:53",21.6,-1.6,11800,3649000,"B"
"ST8","13:13:18",21.6,-1.6,4300,3637200,"S"
"ST8","13:13:16",21.6,-1.6,15700,3632900,"B"
"ST8","13:12:22",21.6,-1.6,2200,3617200,"S"
"ST8","13:12:21",21.6,-1.6,100,3615000,"S"
"ST8","13:12:17",21.6,-1.6,500,3614900,"S"
"ST8","13:12:13",21.6,-1.6,22200,3614400,"B"
"ST8","13:12:03",23.4,0.2,500,3592200,"S"
"ST8","13:11:30",21.6,-1.6,200,3591700,"S"
"ST8","13:11:29",21.6,-1.6,500,3591500,"S"
"ST8","13:11:26",21.6,-1.6,1000,3591000,"B"
"ST8","13:11:25",21.6,-1.6,21300,3590000,"B"
"ST8","13:11:25",21.65,-1.55,2000,3568700,"B"
"ST8","13:10:49",21.6,-1.6,2700,3566700,"S"
"ST8","13:10:48",21.6,-1.6,1000,3564000,"S"
"ST8","13:10:47",21.6,-1.6,200,3563000,"S"
"ST8","13:10:46",21.6,-1.6,100,3562800,"S"
"ST8","13:10:42",21.6,-1.6,100,3562700,"S"
"ST8","13:10:41",21.6,-1.6,200,3562600,"S"
"ST8","13:10:36",21.6,-1.6,1000,3562400,"S"
"ST8","13:10:35",21.6,-1.6,400,3561400,"S"
"ST8","13:10:32",21.6,-1.6,200,3561000,"S"
"ST8","13:10:30",21.6,-1.6,1000,3560800,"S"
"ST8","13:10:29",21.6,-1.6,1000,3559800,"S"
"ST8","13:10:24",21.6,-1.6,1000,3558800,"S"
"ST8","13:10:23",21.6,-1.6,1000,3557800,"S"
"ST8","13:10:19",21.6,-1.6,2900,3556800,"S"
"ST8","13:10:16",21.6,-1.6,100,3553900,"S"
"ST8","13:10:15",21.6,-1.6,100,3553800,"S"
"ST8","13:10:13",21.6,-1.6,100,3553700,"S"
"ST8","13:10:11",21.6,-1.6,400,3553600,"S"
"ST8","13:10:09",21.6,-1.6,200,3553200,"S"
"ST8","13:10:07",21.6,-1.6,1100,3553000,"S"
"ST8","13:10:05",21.6,-1.6,100,3551900,"S"
"ST8","13:10:04",21.6,-1.6,500,3551800,"S"
"ST8","13:09:56",21.6,-1.6,1200,3551300,"S"
"ST8","13:09:53",21.6,-1.6,100,3550100,"S"
"ST8","13:09:49",21.6,-1.6,26400,3550000,"B"
"ST8","13:09:49",21.65,-1.55,6900,3523600,"B"
"ST8","13:09:01",21.6,-1.6,600,3516700,"S"
"ST8","13:08:58",21.6,-1.6,100,3516100,"S"
"ST8","13:08:57",21.6,-1.6,28900,3516000,"B"
"ST8","13:08:57",23,-0.2,200,3486900,"B"
"ST8","13:08:42",23,-0.2,800,3486700,"S"
"ST8","13:08:21",23,-0.2,200,3485900,"S"
"ST8","13:08:17",21.6,-1.6,200,3485700,"S"
"ST8","13:08:15",21.6,-1.6,2000,3485500,"S"
"ST8","13:08:14",21.6,-1.6,1200,3483500,"S"
"ST8","13:08:11",21.6,-1.6,900,3482300,"S"
"ST8","13:08:11",21.6,-1.6,800,3481400,"S"
"ST8","13:08:10",21.6,-1.6,700,3480600,"S"
"ST8","13:08:09",21.6,-1.6,100,3479900,"S"
"ST8","13:08:07",21.6,-1.6,600,3479800,"S"
"ST8","13:08:03",21.6,-1.6,1000,3479200,"S"
"ST8","13:08:02",21.6,-1.6,300,3478200,"S"
"ST8","13:07:58",21.6,-1.6,3000,3477900,"S"
"ST8","13:07:57",21.6,-1.6,29300,3474900,"B"
"ST8","13:07:57",21.65,-1.55,9200,3445600,"B"
"ST8","13:07:57",21.7,-1.5,700,3436400,"B"
"ST8","13:07:42",23.4,0.2,500,3435700,"S"
"ST8","13:07:09",21.6,-1.6,5800,3435200,"S"
"ST8","13:07:08",21.6,-1.6,100,3429400,"S"
"ST8","13:07:06",21.6,-1.6,3000,3429300,"S"
"ST8","13:07:05",21.6,-1.6,500,3426300,"S"
"ST8","13:07:03",21.6,-1.6,1100,3425800,"S"
"ST8","13:07:02",21.6,-1.6,500,3424700,"S"
"ST8","13:06:59",21.6,-1.6,500,3424200,"S"
"ST8","13:06:59",21.6,-1.6,2000,3423700,"S"
"ST8","13:06:58",21.6,-1.6,500,3421700,"S"
"ST8","13:06:56",21.6,-1.6,2800,3421200,"S"
"ST8","13:06:55",21.6,-1.6,100,3418400,"S"
"ST8","13:06:54",21.6,-1.6,800,3418300,"S"
"ST8","13:06:54",21.6,-1.6,200,3417500,"S"
"ST8","13:06:53",21.6,-1.6,1400,3417300,"S"
"ST8","13:06:52",21.6,-1.6,1500,3415900,"S"
"ST8","13:06:51",21.6,-1.6,3200,3414400,"S"
"ST8","13:06:50",21.6,-1.6,100,3411200,"S"
"ST8","13:06:47",21.6,-1.6,500,3411100,"S"
"ST8","13:06:45",21.6,-1.6,1100,3410600,"S"
"ST8","13:06:44",21.6,-1.6,1100,3409500,"S"
"ST8","13:06:43",21.6,-1.6,500,3408400,"S"
"ST8","13:06:40",21.6,-1.6,3100,3407900,"S"
"ST8","13:06:39",21.6,-1.6,2000,3404800,"S"
"ST8","13:06:36",21.6,-1.6,2200,3402800,"S"
"ST8","13:06:34",21.6,-1.6,2000,3400600,"S"
"ST8","13:06:32",21.6,-1.6,63400,3398600,"B"
"ST8","13:06:12",21.6,-1.6,900,3335200,"S"
"ST8","13:06:11",21.6,-1.6,7000,3334300,"S"
"ST8","13:06:10",21.6,-1.6,1500,3327300,"S"
"ST8","13:06:09",21.6,-1.6,1000,3325800,"S"
"ST8","13:06:08",21.6,-1.6,2700,3324800,"S"
"ST8","13:06:06",21.6,-1.6,500,3322100,"S"
"ST8","13:06:01",21.6,-1.6,7800,3321600,"S"
"ST8","13:05:56",21.6,-1.6,400,3313800,"S"
"ST8","13:05:55",21.6,-1.6,500,3313400,"S"
"ST8","13:05:54",21.6,-1.6,600,3312900,"S"
"ST8","13:05:52",21.6,-1.6,27100,3312300,"B"
"ST8","13:05:33",21.6,-1.6,4300,3285200,"S"
"ST8","13:05:33",21.6,-1.6,3000,3280900,"S"
"ST8","13:05:32",21.6,-1.6,3000,3277900,"S"
"ST8","13:05:31",21.6,-1.6,2500,3274900,"S"
"ST8","13:05:30",21.6,-1.6,600,3272400,"S"
"ST8","13:05:28",21.6,-1.6,1000,3271800,"S"
"ST8","13:05:26",21.6,-1.6,100,3270800,"S"
"ST8","13:05:25",21.6,-1.6,10100,3270700,"S"
"ST8","13:05:24",21.6,-1.6,1700,3260600,"S"
"ST8","13:05:23",21.6,-1.6,1900,3258900,"S"
"ST8","13:05:21",21.6,-1.6,100,3257000,"S"
"ST8","13:05:20",21.6,-1.6,1000,3256900,"S"
"ST8","13:05:19",21.6,-1.6,100,3255900,"S"
"ST8","13:05:18",21.6,-1.6,100,3255800,"S"
"ST8","13:05:17",21.6,-1.6,2000,3255700,"S"
"ST8","13:05:16",21.6,-1.6,500,3253700,"S"
"ST8","13:05:16",21.6,-1.6,2200,3253200,"S"
"ST8","13:05:13",21.6,-1.6,100,3250500,"S"
"ST8","13:05:09",21.6,-1.6,1100,3250400,"S"
"ST8","13:05:04",21.6,-1.6,300,3249300,"S"
"ST8","13:05:02",21.6,-1.6,3500,3249000,"S"
"ST8","13:05:01",21.6,-1.6,1000,3245500,"S"
"ST8","13:05:00",21.6,-1.6,100,3244500,"S"
"ST8","13:04:59",21.6,-1.6,100,3244400,"S"
"ST8","13:04:58",21.6,-1.6,100,3244300,"S"
"ST8","13:04:58",21.6,-1.6,500,3244200,"S"
"ST8","13:04:57",21.6,-1.6,700,3243700,"S"
"ST8","13:04:51",21.6,-1.6,200,3243000,"S"
"ST8","13:04:49",21.6,-1.6,800,3242800,"S"
"ST8","13:04:48",21.6,-1.6,100,3242000,"S"
"ST8","13:04:47",21.6,-1.6,500,3241900,"S"
"ST8","13:04:41",21.6,-1.6,400,3241400,"S"
"ST8","13:04:32",21.6,-1.6,100600,3240500,"B"
"ST8","13:04:32",21.65,-1.55,200,3139900,"B"
"ST8","13:04:32",21.7,-1.5,11300,3139700,"B"
"ST8","13:04:32",21.9,-1.3,2600,3128400,"B"
"ST8","13:04:32",22,-1.2,100,3125800,"B"
"ST8","13:04:32",23.2,0,400,3125700,"B"
"ST8","13:04:32",23.9,0.7,400,3125300,"B"
"ST8","13:04:32",24.5,1.3,4800,3124900,"B"
"ST8","13:04:32",24.55,1.35,1000,3120100,"B"
"ST8","13:04:32",24.65,1.45,18800,3104000,"B"
"ST8","13:04:26",24.65,1.45,200,3085200,"B"
"ST8","13:03:25",24.65,1.45,15000,3085000,"B"
"ST8","13:02:54",24.7,1.5,13000,3070000,"B"
"ST8","13:02:52",24.7,1.5,4200,3057000,"B"
"ST8","13:02:46",24.75,1.55,3000,3052800,"S"
"ST8","13:02:29",24.75,1.55,5000,3049800,"S"
"ST8","13:02:26",24.7,1.5,6000,3044800,"B"
"ST8","13:02:10",24.75,1.55,5000,3038800,"S"
"ST8","13:02:04",24.7,1.5,100,3033800,"B"
"ST8","13:01:51",24.7,1.5,1000,3033700,"B"
"ST8","13:01:49",24.75,1.55,3000,3032700,"S"
"ST8","13:01:38",24.75,1.55,1000,3029700,"S"
"ST8","13:01:34",24.75,1.55,5000,3028700,"S"
"ST8","13:00:29",24.8,1.6,300,3023700,"S"
"ST8","13:00:24",24.8,1.6,100,3023400,"S"
"ST8","13:00:24",24.75,1.55,100,3023300,"S"
"ST8","13:00:19",24.7,1.5,11600,3023200,"B"
"ST8","13:00:13",24.7,1.5,500,3011600,"B"
"ST8","13:00:04",24.7,1.5,100,3011100,"B"
"ST8","13:00:03",24.7,1.5,2000,3011000,"B"
"ST8","13:00:01",24.8,1.6,4900,3009000,"S"
"ST8","13:00:01",24.75,1.55,10100,3004100,"S"
"ST8","11:29:41",24.8,1.6,4900,2994000,"S"
"ST8","11:29:21",24.8,1.6,2000,2989000,"S"
"ST8","11:29:09",24.8,1.6,2000,2987000,"S"
"ST8","11:28:58",24.8,1.6,1500,2985000,"S"
"ST8","11:28:36",24.8,1.6,3000,2983500,"S"
"ST8","11:28:29",24.7,1.5,30000,2980500,"B"
"ST8","11:28:17",24.7,1.5,500,2950500,"B"
"ST8","11:28:13",24.8,1.6,3000,2950000,"S"
"ST8","11:27:54",24.8,1.6,7000,2947000,"S"
"ST8","11:27:32",24.8,1.6,12000,2940000,"S"
"ST8","11:27:10",24.8,1.6,10000,2928000,"S"
"ST8","11:26:56",24.8,1.6,5000,2918000,"S"
"ST8","11:26:38",24.8,1.6,10000,2913000,"S"
"ST8","11:26:19",24.8,1.6,38600,2903000,"S"
"ST8","11:26:19",24.75,1.55,200,2864400,"S"
"ST8","11:26:18",24.75,1.55,11200,2864200,"S"
"ST8","11:26:01",24.7,1.5,100,2853000,"B"
"ST8","11:25:56",24.8,1.6,15000,2852900,"S"
"ST8","11:25:37",24.8,1.6,500,2837900,"S"
"ST8","11:25:34",24.8,1.6,10000,2837400,"S"
"ST8","11:25:16",24.8,1.6,5000,2827400,"S"
"ST8","11:25:02",24.8,1.6,3000,2822400,"S"
"ST8","11:25:01",24.7,1.5,200,2819400,"B"
"ST8","11:24:45",24.8,1.6,13000,2819200,"S"
"ST8","11:24:45",24.75,1.55,7000,2806200,"S"
"ST8","11:24:29",24.75,1.55,3000,2799200,"S"
"ST8","11:24:04",24.75,1.55,10000,2796200,"S"
"ST8","11:23:58",24.7,1.5,200,2786200,"B"
"ST8","11:23:46",24.75,1.55,3000,2786000,"S"
"ST8","11:23:30",24.7,1.5,20000,2783000,"S"
"ST8","11:23:12",24.7,1.5,5000,2763000,"S"
"ST8","11:22:54",24.7,1.5,10000,2758000,"S"
"ST8","11:22:35",24.7,1.5,15000,2748000,"S"
"ST8","11:22:13",24.7,1.5,20000,2733000,"S"
"ST8","11:21:58",24.7,1.5,20000,2713000,"S"
"ST8","11:21:42",24.65,1.45,16000,2693000,"S"
"ST8","11:21:32",24.6,1.4,100,2677000,"B"
"ST8","11:21:27",24.6,1.4,200,2676900,"B"
"ST8","11:21:27",24.65,1.45,10000,2676700,"S"
"ST8","11:21:22",24.6,1.4,100,2666700,"B"
"ST8","11:21:03",24.6,1.4,8000,2666600,"B"
"ST8","11:20:45",24.6,1.4,1100,2658600,"B"
"ST8","11:20:43",24.65,1.45,3000,2657500,"S"
"ST8","11:19:51",24.65,1.45,5000,2654500,"S"
"ST8","11:19:36",24.6,1.4,1000,2649500,"B"
"ST8","11:19:35",24.6,1.4,8200,2648500,"S"
"ST8","11:19:11",24.6,1.4,3000,2640300,"S"
"ST8","11:18:48",24.6,1.4,2000,2637300,"S"
"ST8","11:18:33",24.6,1.4,20800,2635300,"B"
"ST8","11:18:10",24.65,1.45,5000,2614500,"S"
"ST8","11:17:52",24.65,1.45,3000,2609500,"S"
"ST8","11:17:18",24.6,1.4,200,2606500,"B"
"ST8","11:17:17",24.65,1.45,1200,2606300,"S"
"ST8","11:16:58",24.6,1.4,4000,2605100,"S"
"ST8","11:16:46",24.55,1.35,2000,2601100,"B"
"ST8","11:15:56",24.6,1.4,2000,2599100,"S"
"ST8","11:15:35",24.6,1.4,2000,2597100,"S"
"ST8","11:15:21",24.6,1.4,3000,2595100,"S"
"ST8","11:15:09",24.6,1.4,2500,2592100,"S"
"ST8","11:14:51",24.6,1.4,3000,2589600,"S"
"ST8","11:14:35",24.6,1.4,10000,2586600,"S"
"ST8","11:14:11",24.6,1.4,5000,2576600,"S"
"ST8","11:13:56",24.6,1.4,3000,2571600,"S"
"ST8","11:13:38",24.6,1.4,3000,2568600,"S"
"ST8","11:13:25",24.6,1.4,7000,2565600,"S"
"ST8","11:13:10",24.6,1.4,5000,2558600,"S"
"ST8","11:12:54",24.6,1.4,3000,2553600,"S"
"ST8","11:12:09",24.6,1.4,10000,2550600,"S"
"ST8","11:11:47",24.6,1.4,5000,2540600,"S"
"ST8","11:11:28",24.55,1.35,2000,2535600,"S"
"ST8","11:11:15",24.55,1.35,3000,2533600,"S"
"ST8","11:11:02",24.55,1.35,2000,2530600,"S"
"ST8","11:10:48",24.55,1.35,3000,2528600,"S"
"ST8","11:10:36",24.55,1.35,2600,2525600,"S"
"ST8","11:10:21",24.55,1.35,2500,2523000,"S"
"ST8","11:10:00",24.55,1.35,5000,2520500,"S"
"ST8","11:09:41",24.55,1.35,2000,2515500,"S"
"ST8","11:09:27",24.55,1.35,3000,2513500,"S"
"ST8","11:09:16",24.55,1.35,3000,2510500,"S"
"ST8","11:09:04",24.55,1.35,2000,2507500,"S"
"ST8","11:08:49",24.5,1.3,5200,2505500,"S"
"ST8","11:08:16",24.5,1.3,2000,2500300,"S"
"ST8","11:08:07",24.45,1.25,600,2498300,"B"
"ST8","11:08:02",24.5,1.3,3000,2497700,"S"
"ST8","11:07:48",24.5,1.3,3000,2494700,"S"
"ST8","11:07:35",24.5,1.3,2000,2491700,"S"
"ST8","11:07:21",24.5,1.3,1800,2489700,"S"
"ST8","11:07:07",24.5,1.3,5000,2487900,"S"
"ST8","11:06:50",24.5,1.3,3000,2482900,"S"
"ST8","11:06:38",24.5,1.3,2000,2479900,"S"
"ST8","11:06:24",24.5,1.3,6000,2477900,"S"
"ST8","11:06:11",24.5,1.3,5000,2471900,"S"
"ST8","11:05:53",24.5,1.3,3000,2466900,"S"
"ST8","11:05:40",24.5,1.3,2000,2463900,"S"
"ST8","11:05:29",24.5,1.3,3000,2461900,"S"
"ST8","11:05:15",24.5,1.3,6000,2458900,"S"
"ST8","11:04:59",24.5,1.3,3000,2452900,"S"
"ST8","11:04:47",24.5,1.3,2000,2449900,"S"
"ST8","11:04:32",24.5,1.3,5000,2447900,"S"
"ST8","11:04:24",24.45,1.25,100,2442900,"B"
"ST8","11:04:13",24.45,1.25,7900,2442800,"S"
"ST8","11:04:00",24.4,1.2,7700,2434900,"S"
"ST8","11:03:55",24.4,1.2,2300,2427200,"S"
"ST8","11:03:50",24.4,1.2,5000,2424900,"S"
"ST8","11:03:30",24.4,1.2,1700,2419900,"S"
"ST8","11:03:25",24.4,1.2,2300,2418200,"S"
"ST8","11:03:14",24.4,1.2,10000,2415900,"S"
"ST8","11:03:08",24.4,1.2,3000,2405900,"S"
"ST8","11:03:08",24.35,1.15,500,2402900,"B"
"ST8","11:03:03",24.4,1.2,1000,2402400,"S"
"ST8","11:03:00",24.35,1.15,400,2401400,"B"
"ST8","11:02:58",24.4,1.2,2400,2401000,"S"
"ST8","11:02:49",24.4,1.2,1000,2398600,"S"
"ST8","11:02:44",24.4,1.2,3600,2397600,"S"
"ST8","11:02:13",24.4,1.2,5000,2394000,"S"
"ST8","11:02:02",24.4,1.2,4000,2389000,"S"
"ST8","11:01:57",24.4,1.2,2000,2385000,"S"
"ST8","11:01:53",24.4,1.2,2100,2383000,"S"
"ST8","11:01:45",24.4,1.2,3000,2380900,"S"
"ST8","11:01:38",24.4,1.2,15000,2377900,"S"
"ST8","11:01:09",24.4,1.2,10000,2362900,"S"
"ST8","11:00:56",24.35,1.15,20000,2352900,"S"
"ST8","11:00:48",24.35,1.15,1800,2332900,"S"
"ST8","11:00:41",24.35,1.15,3600,2331100,"S"
"ST8","11:00:34",24.35,1.15,5000,2327500,"S"
"ST8","11:00:27",24.3,1.1,5000,2322500,"S"
"ST8","11:00:19",24.3,1.1,3600,2317500,"S"
"ST8","11:00:14",24.3,1.1,10000,2313900,"S"
"ST8","11:00:09",24.3,1.1,15000,2303900,"S"
"ST8","11:00:00",24.3,1.1,1000,2288900,"S"
"ST8","10:59:57",24.3,1.1,3600,2287900,"S"
"ST8","10:59:52",24.3,1.1,5000,2284300,"S"
"ST8","10:59:30",24.3,1.1,20000,2279300,"S"
"ST8","10:59:21",24.25,1.05,1000,2259300,"B"
"ST8","10:59:04",24.25,1.05,2000,2258300,"S"
"ST8","10:59:03",24.25,1.05,3400,2256300,"S"
"ST8","10:58:55",24.25,1.05,10000,2252900,"S"
"ST8","10:58:48",24.25,1.05,3600,2242900,"S"
"ST8","10:58:42",24.25,1.05,5000,2239300,"S"
"ST8","10:58:36",24.25,1.05,3000,2234300,"S"
"ST8","10:58:29",24.25,1.05,5000,2231300,"S"
"ST8","10:58:14",24.2,1,16000,2226300,"S"
"ST8","10:58:07",24.2,1,10000,2210300,"S"
"ST8","10:58:02",24.2,1,3000,2200300,"S"
"ST8","10:57:56",24.2,1,10000,2197300,"S"
"ST8","10:57:52",24.15,0.95,2000,2187300,"B"
"ST8","10:57:48",24.2,1,3000,2185300,"S"
"ST8","10:57:36",24.2,1,1300,2182300,"S"
"ST8","10:57:36",24.15,0.95,2600,2181000,"S"
"ST8","10:57:36",24.05,0.85,4300,2176600,"S"
"ST8","10:57:18",24,0.8,8500,2172300,"S"
"ST8","10:57:00",23.95,0.75,4000,2163800,"B"
"ST8","10:56:48",24,0.8,3000,2159800,"S"
"ST8","10:56:44",24,0.8,2000,2156800,"S"
"ST8","10:56:40",24,0.8,1500,2154800,"S"
"ST8","10:56:36",24,0.8,3000,2153300,"S"
"ST8","10:56:33",24,0.8,6000,2150300,"S"
"ST8","10:56:26",24,0.8,10000,2144300,"S"
"ST8","10:56:22",24,0.8,5000,2134300,"S"
"ST8","10:56:17",24,0.8,3600,2129300,"S"
"ST8","10:56:13",24,0.8,20000,2125700,"S"
"ST8","10:56:10",24,0.8,2000,2105700,"S"
"ST8","10:56:04",24,0.8,1500,2103700,"S"
"ST8","10:56:00",24,0.8,3000,2102200,"S"
"ST8","10:55:56",24,0.8,2000,2099200,"S"
"ST8","10:55:51",24,0.8,1500,2097200,"S"
"ST8","10:55:48",24,0.8,5000,2095700,"S"
"ST8","10:55:35",24,0.8,1000,2090700,"S"
"ST8","10:55:32",23.95,0.75,200,2089700,"B"
"ST8","10:55:29",24,0.8,10000,2089500,"S"
"ST8","10:55:20",23.95,0.75,10800,2079500,"S"
"ST8","10:55:10",23.9,0.7,700,2068700,"B"
"ST8","10:54:58",23.95,0.75,5000,2068000,"S"
"ST8","10:54:54",23.9,0.7,200,2063000,"B"
"ST8","10:54:50",23.9,0.7,100,2062800,"B"
"ST8","10:54:48",23.9,0.7,700,2062700,"B"
"ST8","10:54:34",23.9,0.7,300,2062000,"B"
"ST8","10:54:31",23.95,0.75,2000,2061700,"S"
"ST8","10:54:14",23.95,0.75,5000,2059700,"S"
"ST8","10:53:57",23.9,0.7,2600,2054700,"S"
"ST8","10:50:52",23.9,0.7,200,2052100,"B"
"ST8","10:50:45",23.9,0.7,2000,2051900,"B"
"ST8","10:50:32",23.9,0.7,1000,2049900,"B"
"ST8","10:49:27",23.9,0.7,4000,2048900,"B"
"ST8","10:49:14",23.9,0.7,2800,2044900,"S"
"ST8","10:48:26",23.9,0.7,2200,2042100,"B"
"ST8","10:48:24",23.9,0.7,1500,2039900,"B"
"ST8","10:48:02",23.9,0.7,1000,2038400,"B"
"ST8","10:48:00",23.95,0.75,1000,2037400,"S"
"ST8","10:47:57",23.9,0.7,200,2036400,"B"
"ST8","10:47:47",23.9,0.7,200,2036200,"B"
"ST8","10:47:02",23.9,0.7,4700,2036000,"S"
"ST8","10:42:16",23.2,0,900,2031100,"S"
"ST8","10:41:50",23.2,0,100,2030200,"S"
"ST8","10:41:08",23,-0.2,2300,2030100,"S"
"ST8","10:40:22",21.6,-1.6,9200,2027800,"B"
"ST8","10:37:36",21.6,-1.6,600,2018600,"S"
"ST8","10:37:33",21.6,-1.6,1000,2018000,"S"
"ST8","10:37:20",21.6,-1.6,8400,2017000,"B"
"ST8","10:36:34",21.6,-1.6,100,2008600,"S"
"ST8","10:36:13",21.6,-1.6,1200,2008500,"S"
"ST8","10:36:10",21.6,-1.6,300,2007300,"S"
"ST8","10:36:07",21.6,-1.6,1000,2007000,"S"
"ST8","10:35:59",21.6,-1.6,100,2006000,"S"
"ST8","10:35:58",21.6,-1.6,100,2005900,"S"
"ST8","10:35:57",21.6,-1.6,100,2005800,"S"
"ST8","10:35:54",21.6,-1.6,200,2005700,"S"
"ST8","10:35:53",21.6,-1.6,700,2005500,"S"
"ST8","10:35:49",21.6,-1.6,1000,2004800,"S"
"ST8","10:35:46",21.6,-1.6,400,2003800,"S"
"ST8","10:35:41",21.6,-1.6,100,2003400,"S"
"ST8","10:35:40",21.6,-1.6,300,2003300,"S"
"ST8","10:35:31",21.6,-1.6,500,2003000,"S"
"ST8","10:35:18",21.6,-1.6,100,2002500,"S"
"ST8","10:35:12",21.6,-1.6,2800,2002400,"B"
"ST8","10:35:12",21.65,-1.55,6000,1999600,"B"
"ST8","10:34:46",21.6,-1.6,1300,1993600,"S"
"ST8","10:34:32",21.6,-1.6,300,1992300,"S"
"ST8","10:34:30",21.6,-1.6,500,1992000,"S"
"ST8","10:34:29",21.6,-1.6,100,1991500,"S"
"ST8","10:34:28",21.6,-1.6,100,1991400,"S"
"ST8","10:34:24",21.6,-1.6,400,1991300,"S"
"ST8","10:34:16",21.6,-1.6,2000,1990900,"S"
"ST8","10:34:14",21.6,-1.6,200,1988900,"S"
"ST8","10:34:06",21.6,-1.6,100,1988700,"S"
"ST8","10:34:05",21.6,-1.6,400,1988600,"S"
"ST8","10:33:56",21.6,-1.6,100,1988200,"S"
"ST8","10:33:37",21.6,-1.6,1000,1988100,"S"
"ST8","10:33:33",21.6,-1.6,100,1987100,"S"
"ST8","10:33:32",21.6,-1.6,900,1987000,"S"
"ST8","10:33:21",21.6,-1.6,300,1986100,"S"
"ST8","10:33:10",21.6,-1.6,200,1985800,"S"
"ST8","10:33:09",21.6,-1.6,22000,1985600,"B"
"ST8","10:30:55",21.6,-1.6,800,1963600,"S"
"ST8","10:30:50",21.6,-1.6,300,1962800,"S"
"ST8","10:30:46",21.6,-1.6,300,1962500,"S"
"ST8","10:30:45",21.6,-1.6,100,1962200,"S"
"ST8","10:30:41",21.6,-1.6,1900,1962100,"S"
"ST8","10:30:39",21.6,-1.6,10500,1960200,"S"
"ST8","10:30:38",21.6,-1.6,500,1949700,"S"
"ST8","10:30:33",21.6,-1.6,1000,1949200,"S"
"ST8","10:30:30",21.6,-1.6,100,1948200,"S"
"ST8","10:30:29",21.6,-1.6,500,1948100,"S"
"ST8","10:30:27",21.6,-1.6,2000,1947600,"S"
"ST8","10:30:27",21.6,-1.6,200,1945600,"S"
"ST8","10:30:12",21.6,-1.6,1000,1945400,"S"
"ST8","10:30:09",21.6,-1.6,100,1944400,"S"
"ST8","10:30:04",21.6,-1.6,2000,1944300,"S"
"ST8","10:30:01",21.6,-1.6,300,1942300,"S"
"ST8","10:29:54",21.6,-1.6,500,1942000,"S"
"ST8","10:29:53",21.6,-1.6,100,1941500,"S"
"ST8","10:29:51",21.6,-1.6,100,1941400,"S"
"ST8","10:29:47",21.6,-1.6,19500,1941300,"B"
"ST8","10:29:47",21.65,-1.55,500,1921800,"B"
"ST8","10:29:47",23.2,0,1000,1920500,"B"
"ST8","10:29:29",23.2,0,2000,1919500,"S"
"ST8","10:28:38",21.6,-1.6,100,1917500,"S"
"ST8","10:28:37",21.6,-1.6,500,1917400,"S"
"ST8","10:28:36",21.6,-1.6,500,1916900,"S"
"ST8","10:28:35",21.6,-1.6,100,1916400,"S"
"ST8","10:28:35",21.6,-1.6,5400,1916300,"S"
"ST8","10:28:34",21.6,-1.6,20700,1910900,"B"
"ST8","10:28:34",21.65,-1.55,2700,1890200,"B"
"ST8","10:28:21",23.95,0.75,500,1887500,"S"
"ST8","10:27:48",21.6,-1.6,100,1887000,"S"
"ST8","10:27:46",21.6,-1.6,2000,1886900,"S"
"ST8","10:27:44",21.6,-1.6,1000,1884900,"S"
"ST8","10:27:40",21.6,-1.6,100,1883900,"S"
"ST8","10:27:37",21.6,-1.6,1500,1882800,"S"
"ST8","10:27:34",21.6,-1.6,1000,1881300,"S"
"ST8","10:27:32",21.6,-1.6,500,1880300,"S"
"ST8","10:27:30",21.6,-1.6,100,1879800,"S"
"ST8","10:27:27",21.6,-1.6,100,1879700,"S"
"ST8","10:27:22",21.6,-1.6,1200,1879600,"S"
"ST8","10:27:18",21.6,-1.6,18000,1878400,"B"
"ST8","10:27:17",21.6,-1.6,55600,1860400,"B"
"ST8","10:27:17",21.65,-1.55,6300,1804800,"B"
"ST8","10:27:17",21.8,-1.4,2500,1798500,"B"
"ST8","10:27:17",24,0.8,32500,1796000,"B"
"ST8","10:27:16",24,0.8,200,1763500,"B"
"ST8","10:27:05",24,0.8,1300,1763300,"B"
"ST8","10:26:53",24.1,0.9,700,1762000,"B"
"ST8","10:26:47",24.1,0.9,300,1761300,"B"
"ST8","10:26:45",24.1,0.9,3000,1761000,"B"
"ST8","10:26:43",24.1,0.9,1600,1758000,"B"
"ST8","10:26:41",24.1,0.9,5000,1756400,"B"
"ST8","10:25:13",24.15,0.95,100,1751400,"S"
"ST8","10:25:10",24.15,0.95,300,1751300,"B"
"ST8","10:25:06",24.15,0.95,300,1751000,"B"
"ST8","10:25:03",24.15,0.95,8000,1750700,"B"
"ST8","10:25:02",24.15,0.95,1000,1742700,"B"
"ST8","10:24:39",24.2,1,5000,1741700,"S"
"ST8","10:24:38",24.15,0.95,600,1736700,"B"
"ST8","10:24:29",24.15,0.95,5000,1736100,"B"
"ST8","10:24:10",24.15,0.95,200,1731100,"B"
"ST8","10:24:05",24.2,1,3000,1730900,"S"
"ST8","10:23:55",24.15,0.95,4000,1727900,"B"
"ST8","10:23:54",24.2,1,10000,1723900,"S"
"ST8","10:23:43",24.15,0.95,10600,1713900,"S"
"ST8","10:23:40",24.1,0.9,300,1703300,"B"
"ST8","10:23:31",24.1,0.9,2000,1703000,"B"
"ST8","10:23:30",24.15,0.95,20000,1701000,"S"
"ST8","10:23:20",24.1,0.9,500,1681000,"B"
"ST8","10:23:19",24.1,0.9,2500,1680500,"S"
"ST8","10:23:18",24.1,0.9,4100,1678000,"S"
"ST8","10:23:09",24,0.8,1000,1673900,"B"
"ST8","10:23:08",24.1,0.9,5000,1672900,"S"
"ST8","10:22:57",24.1,0.9,5800,1667900,"S"
"ST8","10:22:57",24.05,0.85,4200,1662100,"S"
"ST8","10:22:38",24,0.8,100,1657900,"B"
"ST8","10:22:36",24,0.8,700,1657800,"B"
"ST8","10:22:33",24,0.8,100,1657100,"B"
"ST8","10:22:32",24,0.8,2600,1657000,"B"
"ST8","10:22:27",24,0.8,900,1654400,"B"
"ST8","10:22:25",24,0.8,4900,1653500,"B"
"ST8","10:22:24",24,0.8,1000,1648600,"B"
"ST8","10:22:23",24,0.8,200,1647600,"B"
"ST8","10:22:15",24,0.8,6000,1647400,"S"
"ST8","10:22:15",23.9,0.7,1900,1641400,"S"
"ST8","10:22:15",23.8,0.6,3200,1639500,"S"
"ST8","10:22:15",23.7,0.5,3000,1636300,"S"
"ST8","10:22:15",23.6,0.4,200,1633100,"S"
"ST8","10:22:04",23.2,0,18400,1632900,"S"
"ST8","10:22:04",23.15,-0.05,200,1614500,"S"
"ST8","10:21:20",23.2,0,2600,1614300,"S"
"ST8","10:21:08",23.2,0,3000,1611700,"S"
"ST8","10:20:58",23.2,0,3900,1608700,"S"
"ST8","10:20:46",23.2,0,3000,1604800,"S"
"ST8","10:20:31",23.2,0,10000,1601800,"S"
"ST8","10:20:05",23.2,0,5000,1591800,"S"
"ST8","10:19:11",23.2,0,3500,1586800,"S"
"ST8","10:19:11",23.1,-0.1,2500,1583300,"S"
"ST8","10:19:11",23,-0.2,4000,1580800,"S"
"ST8","10:18:54",21.6,-1.6,4900,1576800,"S"
"ST8","10:18:54",21.6,-1.6,500,1571900,"S"
"ST8","10:18:47",21.6,-1.6,1100,1571400,"S"
"ST8","10:18:45",21.6,-1.6,300,1570300,"S"
"ST8","10:18:44",21.6,-1.6,800,1570000,"S"
"ST8","10:18:41",21.6,-1.6,500,1569200,"S"
"ST8","10:18:39",21.6,-1.6,1000,1568700,"S"
"ST8","10:18:37",21.6,-1.6,500,1567700,"S"
"ST8","10:18:35",21.6,-1.6,2000,1567200,"S"
"ST8","10:18:20",21.6,-1.6,1700,1565200,"S"
"ST8","10:18:15",21.6,-1.6,6000,1563500,"S"
"ST8","10:18:14",21.6,-1.6,100,1557500,"S"
"ST8","10:18:12",21.6,-1.6,1400,1557400,"S"
"ST8","10:17:53",21.6,-1.6,500,1556000,"S"
"ST8","10:17:50",21.6,-1.6,1000,1555500,"S"
"ST8","10:17:40",21.6,-1.6,100,1554500,"S"
"ST8","10:17:34",21.6,-1.6,200,1554400,"S"
"ST8","10:17:22",21.6,-1.6,1000,1554200,"S"
"ST8","10:17:21",21.6,-1.6,200,1553200,"S"
"ST8","10:17:18",21.6,-1.6,10000,1553000,"S"
"ST8","10:17:13",21.6,-1.6,100,1543000,"S"
"ST8","10:17:12",21.6,-1.6,100,1542900,"S"
"ST8","10:17:08",21.6,-1.6,2000,1542800,"S"
"ST8","10:17:06",21.6,-1.6,1900,1540800,"S"
"ST8","10:17:00",21.6,-1.6,500,1538900,"S"
"ST8","10:16:57",21.6,-1.6,500,1538400,"S"
"ST8","10:16:51",21.6,-1.6,3000,1537900,"S"
"ST8","10:16:50",21.6,-1.6,5000,1534900,"S"
"ST8","10:16:49",21.6,-1.6,1200,1529900,"S"
"ST8","10:16:41",21.6,-1.6,200,1528700,"S"
"ST8","10:16:38",21.6,-1.6,10000,1528500,"S"
"ST8","10:16:32",21.6,-1.6,500,1518500,"S"
"ST8","10:16:26",21.6,-1.6,5000,1518000,"S"
"ST8","10:16:17",21.6,-1.6,3000,1513000,"S"
"ST8","10:16:04",21.6,-1.6,200,1510000,"S"
"ST8","10:16:02",21.6,-1.6,1800,1509800,"S"
"ST8","10:15:51",21.6,-1.6,3000,1508000,"S"
"ST8","10:15:42",21.6,-1.6,5000,1505000,"S"
"ST8","10:15:32",21.6,-1.6,15000,1500000,"S"
"ST8","10:15:02",21.6,-1.6,20000,1485000,"S"
"ST8","10:14:51",21.6,-1.6,10000,1465000,"S"
"ST8","10:14:44",21.6,-1.6,500,1455000,"S"
"ST8","10:14:35",21.6,-1.6,200,1454500,"S"
"ST8","10:14:34",21.6,-1.6,200,1454300,"S"
"ST8","10:14:28",21.6,-1.6,500,1454100,"S"
"ST8","10:14:27",21.6,-1.6,300,1453600,"S"
"ST8","10:13:54",21.6,-1.6,100,1453300,"S"
"ST8","10:13:53",21.6,-1.6,1200,1453200,"S"
"ST8","10:13:52",21.6,-1.6,200,1452000,"S"
"ST8","10:13:45",21.6,-1.6,100,1451800,"S"
"ST8","10:13:34",21.6,-1.6,1000,1451700,"S"
"ST8","10:13:16",21.6,-1.6,100,1450700,"S"
"ST8","10:13:13",21.6,-1.6,100,1450600,"S"
"ST8","10:13:12",21.6,-1.6,500,1450500,"S"
"ST8","10:13:10",21.6,-1.6,400,1450000,"S"
"ST8","10:12:49",21.6,-1.6,200,1449600,"S"
"ST8","10:12:34",21.6,-1.6,100,1449400,"S"
"ST8","10:12:30",21.6,-1.6,200,1449300,"S"
"ST8","10:12:06",21.6,-1.6,1200,1449100,"S"
"ST8","10:12:00",21.6,-1.6,100,1447900,"S"
"ST8","10:11:38",21.6,-1.6,100,1447800,"S"
"ST8","10:11:23",21.6,-1.6,300,1447700,"S"
"ST8","10:11:14",21.6,-1.6,200,1447400,"S"
"ST8","10:10:58",21.6,-1.6,400,1447200,"S"
"ST8","10:10:35",21.6,-1.6,400,1446800,"S"
"ST8","10:10:34",21.6,-1.6,1000,1446400,"S"
"ST8","10:10:05",21.6,-1.6,100,1445400,"S"
"ST8","10:09:52",21.6,-1.6,500,1445300,"S"
"ST8","10:09:49",21.6,-1.6,3600,1444800,"B"
"ST8","10:09:49",21.65,-1.55,2500,1441200,"B"
"ST8","10:09:49",21.75,-1.45,2000,1438700,"B"
"ST8","10:09:03",21.6,-1.6,9700,1436700,"S"
"ST8","10:08:57",21.6,-1.6,200,1427000,"S"
"ST8","10:08:51",21.6,-1.6,1300,1426800,"S"
"ST8","10:08:44",21.6,-1.6,8700,1425500,"B"
"ST8","10:08:43",21.6,-1.6,6800,1416800,"B"
"ST8","10:08:43",21.65,-1.55,3300,1410000,"B"
"ST8","10:07:44",23,-0.2,1000,1406700,"S"
"ST8","10:07:26",21.6,-1.6,5000,1405700,"B"
"ST8","10:06:31",21.6,-1.6,4400,1400700,"S"
"ST8","10:06:28",21.6,-1.6,900,1396300,"S"
"ST8","10:06:26",21.6,-1.6,3000,1395400,"S"
"ST8","10:06:24",21.6,-1.6,2000,1392400,"S"
"ST8","10:06:18",21.6,-1.6,2300,1390400,"S"
"ST8","10:06:17",21.6,-1.6,100,1388100,"S"
"ST8","10:06:14",21.6,-1.6,5000,1388000,"S"
"ST8","10:06:13",21.6,-1.6,100,1383000,"S"
"ST8","10:06:08",21.6,-1.6,3000,1382900,"S"
"ST8","10:06:08",21.6,-1.6,600,1379900,"S"
"ST8","10:05:59",21.6,-1.6,500,1379300,"S"
"ST8","10:05:49",21.6,-1.6,200,1378800,"S"
"ST8","10:05:39",21.6,-1.6,500,1378600,"S"
"ST8","10:05:17",21.6,-1.6,1000,1378100,"S"
"ST8","10:05:13",21.6,-1.6,5000,1377100,"S"
"ST8","10:05:12",21.6,-1.6,4300,1372100,"S"
"ST8","10:05:08",21.6,-1.6,200,1367800,"S"
"ST8","10:05:06",21.6,-1.6,300,1367600,"S"
"ST8","10:05:05",21.6,-1.6,200,1367300,"S"
"ST8","10:05:02",21.6,-1.6,500,1367100,"S"
"ST8","10:04:58",21.6,-1.6,300,1366600,"S"
"ST8","10:04:49",21.6,-1.6,500,1366300,"S"
"ST8","10:04:47",21.6,-1.6,500,1365800,"S"
"ST8","10:04:41",21.6,-1.6,600,1365300,"S"
"ST8","10:04:39",21.6,-1.6,500,1364700,"S"
"ST8","10:04:33",21.6,-1.6,500,1364200,"S"
"ST8","10:04:30",21.6,-1.6,9000,1363700,"B"
"ST8","10:04:30",21.65,-1.55,4000,1354700,"B"
"ST8","10:04:20",21.6,-1.6,41100,1350700,"B"
"ST8","10:04:20",21.7,-1.5,200,1309600,"B"
"ST8","10:04:20",21.8,-1.4,3800,1309400,"B"
"ST8","10:04:20",22,-1.2,1500,1305600,"B"
"ST8","10:04:20",22.05,-1.15,4100,1304100,"B"
"ST8","10:03:26",23,-0.2,100,1300000,"B"
"ST8","09:53:47",23.2,0,1000,1299900,"S"
"ST8","09:53:11",23.2,0,2000,1298900,"S"
"ST8","09:51:30",21.6,-1.6,1200,1296900,"S"
"ST8","09:51:29",21.6,-1.6,500,1295700,"S"
"ST8","09:51:28",21.6,-1.6,2400,1295200,"S"
"ST8","09:51:26",21.6,-1.6,100,1292800,"S"
"ST8","09:51:24",21.6,-1.6,100,1292700,"S"
"ST8","09:51:24",21.6,-1.6,2500,1292600,"S"
"ST8","09:51:18",21.6,-1.6,300,1290100,"S"
"ST8","09:51:18",21.6,-1.6,4500,1289800,"S"
"ST8","09:51:17",21.6,-1.6,1000,1285300,"S"
"ST8","09:51:16",21.6,-1.6,500,1284300,"S"
"ST8","09:51:15",21.6,-1.6,300,1283800,"S"
"ST8","09:51:11",21.6,-1.6,200,1283500,"S"
"ST8","09:51:10",21.6,-1.6,3100,1283300,"S"
"ST8","09:51:09",21.6,-1.6,500,1280200,"S"
"ST8","09:51:05",21.6,-1.6,1100,1279700,"S"
"ST8","09:51:04",21.6,-1.6,100,1278600,"S"
"ST8","09:51:02",21.6,-1.6,2000,1278500,"S"
"ST8","09:51:02",21.6,-1.6,500,1276500,"S"
"ST8","09:50:59",21.6,-1.6,100,1276000,"S"
"ST8","09:50:57",21.6,-1.6,1000,1275900,"S"
"ST8","09:50:51",21.6,-1.6,1500,1274900,"S"
"ST8","09:50:47",21.6,-1.6,8400,1273400,"S"
"ST8","09:50:46",21.6,-1.6,13900,1265000,"B"
"ST8","09:50:46",21.65,-1.55,4200,1251100,"B"
"ST8","09:50:36",21.6,-1.6,110700,1246900,"B"
"ST8","09:50:36",21.65,-1.55,2100,1136200,"B"
"ST8","09:50:36",21.7,-1.5,3500,1134100,"B"
"ST8","09:50:36",22,-1.2,5000,1130600,"B"
"ST8","09:50:36",23.2,0,2000,1125600,"B"
"ST8","09:50:36",23.25,0.05,4600,1123600,"B"
"ST8","09:50:36",23.5,0.3,900,1119000,"B"
"ST8","09:50:36",23.95,0.75,47100,1118100,"B"
"ST8","09:50:36",24,0.8,24100,1071000,"B"
"ST8","09:50:25",24,0.8,1500,1046900,"B"
"ST8","09:50:03",24,0.8,8800,1045400,"B"
"ST8","09:50:03",24.05,0.85,1700,1036600,"B"
"ST8","09:50:02",24.05,0.85,500,1034900,"B"
"ST8","09:49:54",24.1,0.9,3000,1034400,"S"
"ST8","09:49:42",24.1,0.9,5000,1031400,"S"
"ST8","09:49:41",24.05,0.85,1000,1026400,"B"
"ST8","09:49:35",24.05,0.85,1000,1025400,"B"
"ST8","09:49:30",24.1,0.9,3500,1024400,"S"
"ST8","09:49:00",24.1,0.9,5000,1020900,"S"
"ST8","09:48:14",24.1,0.9,10000,1015900,"S"
"ST8","09:48:01",24.1,0.9,5000,1005900,"S"
"ST8","09:47:49",24.1,0.9,3600,1000900,"S"
"ST8","09:47:33",24.05,0.85,10800,997300,"S"
"ST8","09:47:21",24.05,0.85,3000,986500,"S"
"ST8","09:47:11",24.05,0.85,3600,983500,"S"
"ST8","09:46:59",24.05,0.85,5000,979900,"S"
"ST8","09:46:47",24,0.8,16100,974900,"S"
"ST8","09:46:38",24,0.8,3600,958800,"S"
"ST8","09:46:25",24,0.8,1000,955200,"S"
"ST8","09:46:22",24,0.8,10000,954200,"S"
"ST8","09:46:11",24,0.8,3500,944200,"S"
"ST8","09:45:58",24,0.8,5000,940700,"S"
"ST8","09:45:38",24,0.8,3900,935700,"S"
"ST8","09:45:26",24,0.8,3000,931800,"S"
"ST8","09:45:15",24,0.8,10000,928800,"S"
"ST8","09:45:03",23.95,0.75,2500,918800,"S"
"ST8","09:45:03",23.55,0.35,200,916100,"S"
"ST8","09:44:56",23.5,0.3,300,915900,"B"
"ST8","09:44:49",23.5,0.3,1300,915600,"S"
"ST8","09:44:49",23.4,0.2,1300,914300,"S"
"ST8","09:44:35",23.2,0,400,911800,"S"
"ST8","09:43:40",21.6,-1.6,9600,911400,"S"
"ST8","09:43:32",21.6,-1.6,81400,901800,"B"
"ST8","09:43:32",21.65,-1.55,2100,820400,"B"
"ST8","09:43:32",21.7,-1.5,2200,818300,"B"
"ST8","09:43:32",21.8,-1.4,2000,816100,"B"
"ST8","09:43:32",21.85,-1.35,2700,814100,"B"
"ST8","09:43:04",23.4,0.2,500,811400,"S"
"ST8","09:41:03",21.6,-1.6,1400,810900,"S"
"ST8","09:41:01",21.6,-1.6,300,809500,"S"
"ST8","09:40:53",21.6,-1.6,600,809200,"S"
"ST8","09:40:49",21.6,-1.6,5000,808600,"S"
"ST8","09:40:47",21.6,-1.6,700,803600,"S"
"ST8","09:40:46",21.6,-1.6,1000,802900,"S"
"ST8","09:40:43",21.6,-1.6,1100,801900,"S"
"ST8","09:40:40",21.6,-1.6,400,800800,"S"
"ST8","09:40:38",21.6,-1.6,2000,800400,"S"
"ST8","09:40:34",21.6,-1.6,500,798400,"S"
"ST8","09:40:29",21.6,-1.6,100,797900,"S"
"ST8","09:40:27",21.6,-1.6,100,797800,"S"
"ST8","09:40:26",21.6,-1.6,2700,797700,"S"
"ST8","09:40:18",21.6,-1.6,500,795000,"S"
"ST8","09:40:16",21.6,-1.6,300,794500,"S"
"ST8","09:40:14",21.6,-1.6,100,794200,"S"
"ST8","09:40:14",21.6,-1.6,800,794100,"S"
"ST8","09:40:08",21.6,-1.6,100,793300,"S"
"ST8","09:40:06",21.6,-1.6,200,793200,"S"
"ST8","09:40:04",21.6,-1.6,100,793000,"S"
"ST8","09:40:04",21.6,-1.6,22400,792900,"B"
"ST8","09:40:04",21.65,-1.55,500,770500,"B"
"ST8","09:40:04",21.8,-1.4,500,770000,"B"
"ST8","09:40:04",22,-1.2,4800,769500,"B"
"ST8","09:40:04",22.05,-1.15,3800,764700,"B"
"ST8","09:39:46",22,-1.2,200,760900,"B"
"ST8","09:39:46",22.05,-1.15,3800,760700,"B"
"ST8","09:39:22",23.6,0.4,100,756900,"S"
"ST8","09:39:06",23.6,0.4,100,756800,"S"
"ST8","09:38:21",21.6,-1.6,700,756700,"S"
"ST8","09:38:20",21.6,-1.6,2000,756000,"S"
"ST8","09:38:19",21.6,-1.6,2500,754000,"S"
"ST8","09:38:18",21.6,-1.6,200,751500,"S"
"ST8","09:38:18",21.6,-1.6,1000,751300,"S"
"ST8","09:38:17",21.6,-1.6,2000,750300,"S"
"ST8","09:38:16",21.6,-1.6,3300,748300,"S"
"ST8","09:38:15",21.6,-1.6,500,745000,"S"
"ST8","09:38:15",21.6,-1.6,1000,744500,"S"
"ST8","09:38:11",21.6,-1.6,1500,743500,"S"
"ST8","09:38:09",21.6,-1.6,300,742000,"S"
"ST8","09:38:08",21.6,-1.6,100,741700,"S"
"ST8","09:38:07",21.6,-1.6,900,741600,"S"
"ST8","09:38:06",21.6,-1.6,500,740700,"S"
"ST8","09:38:04",21.6,-1.6,700,740200,"S"
"ST8","09:38:03",21.6,-1.6,3200,739500,"S"
"ST8","09:38:02",21.6,-1.6,200,736300,"S"
"ST8","09:38:01",21.6,-1.6,5000,736100,"S"
"ST8","09:38:00",21.6,-1.6,1000,731100,"S"
"ST8","09:37:53",21.6,-1.6,500,730100,"S"
"ST8","09:37:50",21.6,-1.6,500,729600,"S"
"ST8","09:37:49",21.6,-1.6,200,729100,"S"
"ST8","09:37:49",21.6,-1.6,500,728900,"S"
"ST8","09:37:48",21.6,-1.6,100,728400,"S"
"ST8","09:37:48",21.6,-1.6,100,728300,"S"
"ST8","09:37:47",21.6,-1.6,1200,728200,"S"
"ST8","09:37:45",21.6,-1.6,1500,727000,"S"
"ST8","09:37:44",21.6,-1.6,700,725500,"S"
"ST8","09:37:40",21.6,-1.6,700,724800,"S"
"ST8","09:37:37",21.6,-1.6,100,724100,"S"
"ST8","09:37:36",21.6,-1.6,2700,724000,"S"
"ST8","09:37:36",21.6,-1.6,15300,721300,"B"
"ST8","09:37:36",21.65,-1.55,700,706000,"B"
"ST8","09:37:36",21.7,-1.5,100,705300,"B"
"ST8","09:37:36",21.8,-1.4,500,705200,"B"
"ST8","09:37:13",21.6,-1.6,2900,704700,"B"
"ST8","09:37:12",21.6,-1.6,25900,701800,"B"
"ST8","09:37:12",21.7,-1.5,2100,675900,"B"
"ST8","09:37:12",21.75,-1.45,1500,673800,"B"
"ST8","09:37:11",21.75,-1.45,2000,672300,"B"
"ST8","09:36:37",24.4,1.2,1300,670300,"S"
"ST8","09:36:37",24.35,1.15,200,669000,"S"
"ST8","09:36:37",24.3,1.1,200,668800,"S"
"ST8","09:36:37",24.25,1.05,200,668600,"S"
"ST8","09:36:37",23.25,0.05,100,668400,"S"
"ST8","09:36:36",21.6,-1.6,1100,640200,"S"
"ST8","09:36:34",21.6,-1.6,3000,639100,"S"
"ST8","09:36:33",21.6,-1.6,100,636100,"S"
"ST8","09:36:33",21.6,-1.6,600,636000,"S"
"ST8","09:36:31",21.6,-1.6,400,635400,"S"
"ST8","09:36:29",21.6,-1.6,800,635000,"S"
"ST8","09:36:27",21.6,-1.6,8000,634200,"S"
"ST8","09:36:26",21.6,-1.6,600,626200,"S"
"ST8","09:36:18",21.6,-1.6,3500,625600,"S"
"ST8","09:36:17",21.6,-1.6,26900,622100,"B"
"ST8","09:36:17",21.65,-1.55,2000,595200,"B"
"ST8","09:36:17",21.7,-1.5,2800,593200,"B"
"ST8","09:36:17",22,-1.2,3500,590400,"B"
"ST8","09:36:17",22.2,-1,10000,586900,"B"
"ST8","09:36:17",22.5,-0.7,1500,576900,"B"
"ST8","09:36:17",23.25,0.05,3500,571800,"B"
"ST8","09:35:12",24.8,1.6,36500,568300,"S"
"ST8","09:35:12",24.5,1.3,7000,531800,"S"
"ST8","09:35:12",24.4,1.2,2000,524800,"S"
"ST8","09:35:12",24.35,1.15,4500,522800,"S"
"ST8","09:34:59",24.8,1.6,100,518300,"S"
"ST8","09:34:58",24.8,1.6,29700,518200,"S"
"ST8","09:34:58",24.75,1.55,300,488500,"S"
"ST8","09:34:58",24.7,1.5,300,488200,"S"
"ST8","09:34:58",24.65,1.45,300,487900,"S"
"ST8","09:34:58",24.6,1.4,300,487600,"S"
"ST8","09:34:58",24.55,1.35,500,487300,"S"
"ST8","09:34:58",24.5,1.3,14900,486800,"S"
"ST8","09:34:58",24.45,1.25,3700,471900,"S"
"ST8","09:34:44",24.5,1.3,19300,468200,"S"
"ST8","09:34:44",24.45,1.25,1800,448900,"S"
"ST8","09:34:44",24.4,1.2,1500,447100,"S"
"ST8","09:34:44",24.35,1.15,2200,445600,"S"
"ST8","09:34:44",24.3,1.1,3700,443400,"S"
"ST8","09:34:44",24.25,1.05,1000,439700,"S"
"ST8","09:34:44",24.2,1,2200,438700,"S"
"ST8","09:34:44",24.15,0.95,200,436500,"S"
"ST8","09:34:44",23.9,0.7,2000,435700,"S"
"ST8","09:34:38",23.2,0,2000,433700,"B"
"ST8","09:33:49",23.2,0,13900,431700,"S"
"ST8","09:33:49",23,-0.2,500,417800,"S"
"ST8","09:33:04",21.6,-1.6,300,417300,"S"
"ST8","09:33:04",21.6,-1.6,1000,417000,"S"
"ST8","09:33:03",21.6,-1.6,1000,416000,"S"
"ST8","09:33:03",21.6,-1.6,500,415000,"S"
"ST8","09:33:01",21.6,-1.6,200,414500,"S"
"ST8","09:33:00",21.6,-1.6,700,414300,"S"
"ST8","09:32:59",21.6,-1.6,100,413600,"S"
"ST8","09:32:57",21.6,-1.6,1000,413500,"S"
"ST8","09:32:56",21.6,-1.6,300,412500,"S"
"ST8","09:32:55",21.6,-1.6,300,412200,"S"
"ST8","09:32:55",21.6,-1.6,500,411900,"S"
"ST8","09:32:53",21.6,-1.6,3000,411400,"S"
"ST8","09:32:51",21.6,-1.6,500,408400,"S"
"ST8","09:32:50",21.6,-1.6,2000,407900,"S"
"ST8","09:32:49",21.6,-1.6,1500,405900,"S"
"ST8","09:32:48",21.6,-1.6,200,404400,"S"
"ST8","09:32:48",21.6,-1.6,500,404200,"S"
"ST8","09:32:47",21.6,-1.6,10000,403700,"S"
"ST8","09:32:43",21.6,-1.6,3400,393700,"S"
"ST8","09:32:42",21.6,-1.6,400,390300,"S"
"ST8","09:32:41",21.6,-1.6,2000,389900,"S"
"ST8","09:32:40",21.6,-1.6,4500,387900,"S"
"ST8","09:32:40",21.6,-1.6,900,383400,"S"
"ST8","09:32:39",21.6,-1.6,3000,382500,"S"
"ST8","09:32:34",21.6,-1.6,2000,379500,"S"
"ST8","09:32:31",21.6,-1.6,1200,377500,"S"
"ST8","09:32:30",21.6,-1.6,1600,376300,"S"
"ST8","09:32:27",21.6,-1.6,100,374700,"S"
"ST8","09:32:26",21.6,-1.6,23500,374600,"S"
"ST8","09:32:24",21.6,-1.6,30000,351100,"S"
"ST8","09:32:23",21.6,-1.6,1500,321100,"S"
"ST8","09:32:20",21.6,-1.6,500,319600,"S"
"ST8","09:32:19",21.6,-1.6,900,319100,"S"
"ST8","09:32:18",21.6,-1.6,1400,318200,"S"
"ST8","09:32:17",21.6,-1.6,400,316800,"S"
"ST8","09:32:15",21.6,-1.6,1500,316400,"S"
"ST8","09:32:13",21.6,-1.6,100,314900,"S"
"ST8","09:32:10",21.6,-1.6,5900,314800,"S"
"ST8","09:32:08",21.6,-1.6,1000,308900,"S"
"ST8","09:31:55",21.6,-1.6,20200,307900,"B"
"ST8","09:31:55",21.7,-1.5,11500,287700,"B"
"ST8","09:31:55",21.75,-1.45,500,276200,"B"
"ST8","09:31:55",21.8,-1.4,1800,275700,"B"
"ST8","09:31:55",21.95,-1.25,100,273900,"B"
"ST8","09:31:55",22.1,-1.1,10000,270700,"B"
"ST8","09:31:55",22.2,-1,800,260700,"B"
"ST8","09:31:55",23,-0.2,900,259900,"B"
"ST8","09:31:55",23.1,-0.1,100,259000,"B"
"ST8","09:30:18",23.1,-0.1,100,258900,"B"
"ST8","09:30:03",23.2,0,100,258800,"S"
"ST8","09:29:54",23.2,0,300,258700,"S"
"ST8","09:29:12",23.2,0,1000,258400,"B"
"ST8","09:27:33",24.35,1.15,100,257400,"S"
"ST8","09:25:43",24.5,1.3,3400,257300,"S"
"ST8","09:25:43",24.2,1,100,253900,"S"
"ST8","09:25:43",24.1,0.9,200,253800,"S"
"ST8","09:25:43",24.05,0.85,200,253600,"S"
"ST8","09:25:42",24,0.8,6700,251400,"S"
"ST8","09:25:42",23.85,0.65,300,244700,"S"
"ST8","09:25:42",23.8,0.6,300,244400,"S"
"ST8","09:25:09",24,0.8,800,241800,"S"
"ST8","09:25:09",23.95,0.75,200,241000,"S"
"ST8","09:25:09",23.9,0.7,6300,240800,"S"
"ST8","09:25:09",23.85,0.65,200,234500,"S"
"ST8","09:25:09",23.8,0.6,200,234300,"S"
"ST8","09:25:09",23.7,0.5,200,234100,"S"
"ST8","09:25:09",23.6,0.4,200,233900,"S"
"ST8","09:25:09",23.5,0.3,1900,233700,"S"
"ST8","09:24:56",23.5,0.3,1200,231800,"S"
"ST8","09:24:56",23.4,0.2,7100,230600,"S"
"ST8","09:24:56",23.35,0.15,600,223500,"S"
"ST8","09:24:56",23.3,0.1,300,222900,"S"
"ST8","09:24:56",23.25,0.05,800,222600,"S"
"ST8","09:24:30",23.2,0,2600,221800,"S"
"ST8","09:24:30",23.15,-0.05,1400,219200,"S"
"ST8","09:24:28",23,-0.2,2000,217800,"B"
"ST8","09:24:18",23,-0.2,1000,215800,"B"
"ST8","09:24:15",23,-0.2,3300,214800,"S"
"ST8","09:24:15",22.85,-0.35,100,211500,"S"
"ST8","09:24:15",22.8,-0.4,2700,211400,"S"
"ST8","09:23:59",21.6,-1.6,3100,208700,"S"
"ST8","09:23:57",21.6,-1.6,200,205600,"S"
"ST8","09:23:56",21.6,-1.6,500,205400,"S"
"ST8","09:23:52",21.6,-1.6,2000,204900,"S"
"ST8","09:23:49",21.6,-1.6,1800,202900,"S"
"ST8","09:23:47",21.6,-1.6,5000,201100,"S"
"ST8","09:23:44",21.6,-1.6,1000,196100,"S"
"ST8","09:23:43",21.6,-1.6,700,195100,"S"
"ST8","09:23:42",21.6,-1.6,1000,194400,"S"
"ST8","09:23:38",21.6,-1.6,500,193400,"S"
"ST8","09:23:37",21.6,-1.6,2200,192900,"S"
"ST8","09:23:34",21.6,-1.6,100,190700,"S"
"ST8","09:23:31",21.6,-1.6,11000,190600,"S"
"ST8","09:23:30",21.6,-1.6,10000,179600,"S"
"ST8","09:23:29",21.6,-1.6,5000,169600,"S"
"ST8","09:23:27",21.6,-1.6,1000,164600,"S"
"ST8","09:23:26",21.6,-1.6,200,163600,"S"
"ST8","09:23:23",21.6,-1.6,200,163400,"S"
"ST8","09:23:22",21.6,-1.6,3000,163200,"S"
"ST8","09:23:21",21.6,-1.6,10300,160200,"S"
"ST8","09:23:18",21.6,-1.6,30000,149900,"S"
"ST8","09:23:17",21.6,-1.6,4400,119900,"S"
"ST8","09:23:15",21.6,-1.6,17700,115500,"S"
"ST8","09:23:14",21.6,-1.6,300,97800,"S"
"ST8","09:23:13",21.6,-1.6,2000,97500,"S"
"ST8","09:23:08",21.6,-1.6,100,95500,"S"
"ST8","09:23:08",21.6,-1.6,50000,95400,"S"
"ST8","09:23:06",21.6,-1.6,3000,45400,"S"
"ST8","09:23:03",21.6,-1.6,1000,42400,"S"
"ST8","09:23:01",21.6,-1.6,1000,41400,"S"
"ST8","09:22:57",21.6,-1.6,2000,40400,"S"
"ST8","09:22:55",21.6,-1.6,10000,38400,"S"
"ST8","09:22:48",21.6,-1.6,500,28400,"S"
"ST8","09:22:44",21.6,-1.6,5000,27900,"S"
"ST8","09:22:37",21.6,-1.6,2000,22900,"S"
"ST8","09:22:36",21.6,-1.6,5000,20900,"S"
"ST8","09:22:19",21.6,-1.6,3000,15900,"B"
"ST8","09:22:19",21.7,-1.5,300,12900,"B"
"ST8","09:22:19",21.75,-1.45,200,12600,"B"
"ST8","09:22:19",22,-1.2,2200,12400,"B"
"ST8","09:22:19",22.5,-0.7,1500,10200,"B"
"ST8","09:22:05",22.5,-0.7,500,8700,"B"
"ST8","09:20:03",22.8,-0.4,900,8200,"B"
"ST8","09:19:45",22.8,-0.4,100,7300,"B"
"ST8","09:19:24",22.9,-0.3,800,7200,"S"
"ST8","09:19:03",22.9,-0.3,300,6400,"B"
"ST8","09:18:49",22.9,-0.3,700,6100,"B"
"ST8","09:16:01",23,-0.2,2000,5400,"B"
"ST8","09:15:02",23.15,-0.05,3400,3400,
