"id","symbol","truncTime","matchType","matchVol","matchPrice","accumulatedVolume","createdAt","updatedAt"
163826906,"PLC","1704699917","b","1600","32400","182600","2024-01-08T07:45:20.279Z","2024-01-08T07:45:20.279Z"
163824049,"PLC","1704698968","s","500","32300","181000","2024-01-08T07:29:30.327Z","2024-01-08T07:29:30.327Z"
163818457,"PLC","1704698855","s","100","32300","180500","2024-01-08T07:27:37.282Z","2024-01-08T07:27:37.282Z"
163817702,"PLC","1704698838","s","1200","32300","180400","2024-01-08T07:27:20.287Z","2024-01-08T07:27:20.287Z"
163814685,"PLC","1704698769","s","500","32300","179200","2024-01-08T07:26:11.270Z","2024-01-08T07:26:11.270Z"
163812830,"PLC","1704698735","b","500","32300","178700","2024-01-08T07:25:37.293Z","2024-01-08T07:25:37.293Z"
163792784,"PLC","1704698216","b","100","32400","178200","2024-01-08T07:16:58.270Z","2024-01-08T07:16:58.270Z"
163792223,"PLC","1704698204","unknown","100","32300","178100","2024-01-08T07:16:46.268Z","2024-01-08T07:16:46.268Z"
163791054,"PLC","1704698183","b","1900","32300","178000","2024-01-08T07:16:25.281Z","2024-01-08T07:16:25.281Z"
163783767,"PLC","1704697997","b","200","32400","176100","2024-01-08T07:13:19.271Z","2024-01-08T07:13:19.271Z"
163782853,"PLC","1704697972","s","1000","32400","175900","2024-01-08T07:12:53.276Z","2024-01-08T07:12:53.276Z"
163782604,"PLC","1704697963","s","2000","32400","174900","2024-01-08T07:12:44.272Z","2024-01-08T07:12:44.272Z"
163782473,"PLC","1704697961","s","400","32400","172900","2024-01-08T07:12:42.293Z","2024-01-08T07:12:42.293Z"
163769514,"PLC","1704697489","b","100","32500","172500","2024-01-08T07:04:50.262Z","2024-01-08T07:04:50.262Z"
163767261,"PLC","1704697423","s","100","32400","172400","2024-01-08T07:03:45.290Z","2024-01-08T07:03:45.290Z"
163747819,"PLC","1704696822","b","900","32500","172300","2024-01-08T06:53:43.259Z","2024-01-08T06:53:43.259Z"
163738861,"PLC","1704696488","b","1000","32500","171400","2024-01-08T06:48:09.271Z","2024-01-08T06:48:09.271Z"
163735205,"PLC","1704696357","b","5000","32500","170400","2024-01-08T06:45:59.273Z","2024-01-08T06:45:59.273Z"
163734777,"PLC","1704696342","s","1300","32400","165400","2024-01-08T06:45:44.261Z","2024-01-08T06:45:44.261Z"
163733440,"PLC","1704696309","s","1000","32300","164100","2024-01-08T06:45:11.261Z","2024-01-08T06:45:11.261Z"
163733025,"PLC","1704696291","s","800","32400","163100","2024-01-08T06:44:53.261Z","2024-01-08T06:44:53.261Z"
163731352,"PLC","1704696230","b","700","32400","162300","2024-01-08T06:43:52.261Z","2024-01-08T06:43:52.261Z"
163728842,"PLC","1704696134","b","400","32400","161600","2024-01-08T06:42:16.260Z","2024-01-08T06:42:16.260Z"
163727267,"PLC","1704696080","unknown","1000","32400","161200","2024-01-08T06:41:22.261Z","2024-01-08T06:41:22.261Z"
163722585,"PLC","1704695918","b","5000","32500","160200","2024-01-08T06:38:40.251Z","2024-01-08T06:38:40.251Z"
163721739,"PLC","1704695892","b","1000","32400","155200","2024-01-08T06:38:14.277Z","2024-01-08T06:38:14.277Z"
163716413,"PLC","1704695720","unknown","100","32400","154200","2024-01-08T06:35:22.266Z","2024-01-08T06:35:22.266Z"
163715627,"PLC","1704695694","s","2000","32400","154100","2024-01-08T06:34:56.245Z","2024-01-08T06:34:56.245Z"
163713408,"PLC","1704695632","s","600","32400","152100","2024-01-08T06:33:54.254Z","2024-01-08T06:33:54.254Z"
163709747,"PLC","1704695506","b","800","32500","151500","2024-01-08T06:31:48.241Z","2024-01-08T06:31:48.241Z"
163709247,"PLC","1704695489","s","200","32500","150700","2024-01-08T06:31:30.246Z","2024-01-08T06:31:30.246Z"
163706195,"PLC","1704695398","b","1000","32500","150500","2024-01-08T06:29:59.241Z","2024-01-08T06:29:59.241Z"
163697691,"PLC","1704695147","s","500","32500","149500","2024-01-08T06:25:49.236Z","2024-01-08T06:25:49.236Z"
163696488,"PLC","1704695109","s","1400","32500","149000","2024-01-08T06:25:10.244Z","2024-01-08T06:25:10.244Z"
163696066,"PLC","1704695094","s","100","32500","147600","2024-01-08T06:24:55.231Z","2024-01-08T06:24:55.231Z"
163692082,"PLC","1704694948","b","100","32600","147500","2024-01-08T06:22:30.232Z","2024-01-08T06:22:30.232Z"
163691263,"PLC","1704694926","s","300","32600","147400","2024-01-08T06:22:07.228Z","2024-01-08T06:22:07.228Z"
163691026,"PLC","1704694919","s","200","32600","147100","2024-01-08T06:22:00.237Z","2024-01-08T06:22:00.237Z"
163689874,"PLC","1704694882","s","400","32600","146900","2024-01-08T06:21:24.229Z","2024-01-08T06:21:24.229Z"
163689429,"PLC","1704694865","s","500","32600","146500","2024-01-08T06:21:07.224Z","2024-01-08T06:21:07.224Z"
163688951,"PLC","1704694851","s","500","32600","146000","2024-01-08T06:20:53.233Z","2024-01-08T06:20:53.233Z"
163688876,"PLC","1704694849","s","1000","32600","145500","2024-01-08T06:20:51.228Z","2024-01-08T06:20:51.228Z"
163684722,"PLC","1704694731","b","500","32700","144500","2024-01-08T06:18:52.232Z","2024-01-08T06:18:52.232Z"
163683492,"PLC","1704694688","b","500","32800","144000","2024-01-08T06:18:10.228Z","2024-01-08T06:18:10.228Z"
163682101,"PLC","1704694636","b","100","32800","143500","2024-01-08T06:17:17.221Z","2024-01-08T06:17:17.221Z"
163681819,"PLC","1704694627","s","2000","32600","143400","2024-01-08T06:17:08.227Z","2024-01-08T06:17:08.227Z"
163681756,"PLC","1704694625","s","2700","32700","141400","2024-01-08T06:17:06.223Z","2024-01-08T06:17:06.223Z"
163681296,"PLC","1704694613","b","100","32700","138700","2024-01-08T06:16:54.224Z","2024-01-08T06:16:54.224Z"
163680711,"PLC","1704694591","b","500","32700","138600","2024-01-08T06:16:33.222Z","2024-01-08T06:16:33.222Z"
163680513,"PLC","1704694584","b","2000","32700","138100","2024-01-08T06:16:26.222Z","2024-01-08T06:16:26.222Z"
163680077,"PLC","1704694571","b","200","32700","136100","2024-01-08T06:16:12.230Z","2024-01-08T06:16:12.230Z"
163679545,"PLC","1704694552","s","100","32600","135900","2024-01-08T06:15:53.222Z","2024-01-08T06:15:53.222Z"
163679419,"PLC","1704694546","b","100","32700","135800","2024-01-08T06:15:47.222Z","2024-01-08T06:15:47.222Z"
163679309,"PLC","1704694543","b","500","32700","135700","2024-01-08T06:15:44.237Z","2024-01-08T06:15:44.237Z"
163678724,"PLC","1704694524","b","6800","32600","135200","2024-01-08T06:15:25.234Z","2024-01-08T06:15:25.234Z"
163678613,"PLC","1704694521","b","100","32600","128400","2024-01-08T06:15:22.222Z","2024-01-08T06:15:22.222Z"
163678519,"PLC","1704694517","b","3500","32600","128300","2024-01-08T06:15:19.220Z","2024-01-08T06:15:19.220Z"
163678291,"PLC","1704694510","s","300","32500","124800","2024-01-08T06:15:12.230Z","2024-01-08T06:15:12.230Z"
163678075,"PLC","1704694502","b","7600","32500","124500","2024-01-08T06:15:04.231Z","2024-01-08T06:15:04.231Z"
163678003,"PLC","1704694499","s","600","32400","116900","2024-01-08T06:15:01.229Z","2024-01-08T06:15:01.229Z"
163677588,"PLC","1704694481","b","100","32400","116300","2024-01-08T06:14:43.224Z","2024-01-08T06:14:43.224Z"
163677220,"PLC","1704694470","b","1000","32300","116200","2024-01-08T06:14:31.228Z","2024-01-08T06:14:31.228Z"
163676214,"PLC","1704694435","b","2200","32300","115200","2024-01-08T06:13:56.220Z","2024-01-08T06:13:56.220Z"
163673384,"PLC","1704694354","s","7900","32200","113000","2024-01-08T06:12:36.225Z","2024-01-08T06:12:36.225Z"
163673036,"PLC","1704694347","b","1000","32200","105100","2024-01-08T06:12:29.220Z","2024-01-08T06:12:29.220Z"
163668515,"PLC","1704694184","b","300","32200","104100","2024-01-08T06:09:45.214Z","2024-01-08T06:09:45.214Z"
163660532,"PLC","1704693933","b","100","32200","103800","2024-01-08T06:05:34.220Z","2024-01-08T06:05:34.220Z"
163659646,"PLC","1704693903","s","400","32100","103700","2024-01-08T06:05:05.245Z","2024-01-08T06:05:05.245Z"
163655484,"PLC","1704693779","b","500","32100","103300","2024-01-08T06:03:01.210Z","2024-01-08T06:03:01.210Z"
163652305,"PLC","1704693681","b","100","32200","102800","2024-01-08T06:01:23.212Z","2024-01-08T06:01:23.212Z"
163650173,"PLC","1704693623","s","100","32000","102700","2024-01-08T06:00:25.265Z","2024-01-08T06:00:25.265Z"
163649906,"PLC","1704693621","b","4000","32100","102600","2024-01-08T06:00:23.246Z","2024-01-08T06:00:23.246Z"
163643429,"PLC","1704688076","b","100","32100","98600","2024-01-08T04:27:57.120Z","2024-01-08T04:27:57.120Z"
163643070,"PLC","1704688051","s","500","32000","98500","2024-01-08T04:27:33.121Z","2024-01-08T04:27:33.121Z"
163642750,"PLC","1704688038","b","100","32100","98000","2024-01-08T04:27:20.130Z","2024-01-08T04:27:20.130Z"
163638949,"PLC","1704687852","b","100","32100","97900","2024-01-08T04:24:13.116Z","2024-01-08T04:24:13.116Z"
163637508,"PLC","1704687768","b","400","32100","97800","2024-01-08T04:22:50.115Z","2024-01-08T04:22:50.115Z"
163637053,"PLC","1704687747","s","200","32000","97400","2024-01-08T04:22:29.113Z","2024-01-08T04:22:29.113Z"
163636936,"PLC","1704687739","b","500","32100","97200","2024-01-08T04:22:21.131Z","2024-01-08T04:22:21.131Z"
163634866,"PLC","1704687631","b","300","32100","96700","2024-01-08T04:20:33.113Z","2024-01-08T04:20:33.113Z"
163634459,"PLC","1704687607","s","1100","32100","96400","2024-01-08T04:20:08.108Z","2024-01-08T04:20:08.108Z"
163633052,"PLC","1704687521","s","100","32100","95300","2024-01-08T04:18:43.108Z","2024-01-08T04:18:43.108Z"
163629882,"PLC","1704687334","s","700","32000","95200","2024-01-08T04:15:36.107Z","2024-01-08T04:15:36.107Z"
163629306,"PLC","1704687304","s","300","32000","94500","2024-01-08T04:15:05.119Z","2024-01-08T04:15:05.119Z"
163617819,"PLC","1704686638","unknown","1000","32100","94200","2024-01-08T04:03:59.093Z","2024-01-08T04:03:59.093Z"
163616846,"PLC","1704686585","s","1100","32100","93200","2024-01-08T04:03:06.097Z","2024-01-08T04:03:06.097Z"
163615031,"PLC","1704686492","s","300","32100","92100","2024-01-08T04:01:33.096Z","2024-01-08T04:01:33.096Z"
163611039,"PLC","1704686261","s","2400","32100","91800","2024-01-08T03:57:42.100Z","2024-01-08T03:57:42.100Z"
163610793,"PLC","1704686246","s","3000","32100","89400","2024-01-08T03:57:27.107Z","2024-01-08T03:57:27.107Z"
163602496,"PLC","1704685932","s","500","32200","86400","2024-01-08T03:52:13.095Z","2024-01-08T03:52:13.095Z"
163599677,"PLC","1704685826","b","100","32300","85900","2024-01-08T03:50:28.096Z","2024-01-08T03:50:28.096Z"
163599137,"PLC","1704685806","s","300","32200","85800","2024-01-08T03:50:08.087Z","2024-01-08T03:50:08.087Z"
163596837,"PLC","1704685709","s","5000","32200","85500","2024-01-08T03:48:31.086Z","2024-01-08T03:48:31.086Z"
163595650,"PLC","1704685666","s","100","32200","80500","2024-01-08T03:47:48.098Z","2024-01-08T03:47:48.098Z"
163592656,"PLC","1704685553","b","200","32300","80400","2024-01-08T03:45:55.086Z","2024-01-08T03:45:55.086Z"
163588798,"PLC","1704685388","s","1300","32200","80200","2024-01-08T03:43:10.083Z","2024-01-08T03:43:10.083Z"
163585387,"PLC","1704685246","s","200","32200","78900","2024-01-08T03:40:48.080Z","2024-01-08T03:40:48.080Z"
163584775,"PLC","1704685222","s","8300","32100","78700","2024-01-08T03:40:23.082Z","2024-01-08T03:40:23.082Z"
163584082,"PLC","1704685199","s","3000","32200","70400","2024-01-08T03:40:00.080Z","2024-01-08T03:40:00.080Z"
163580696,"PLC","1704685042","s","100","32200","67400","2024-01-08T03:37:24.072Z","2024-01-08T03:37:24.072Z"
