"id","symbol","truncTime","matchType","matchVol","matchPrice","accumulatedVolume","createdAt","updatedAt"
163826686,"TDH","1704699889","unknown","14100","4600","287600","2024-01-08T07:45:05.302Z","2024-01-08T07:45:05.302Z"
163819787,"TDH","1704698869","s","800","4620","273500","2024-01-08T07:28:05.277Z","2024-01-08T07:28:05.277Z"
163819786,"TDH","1704698869","s","200","4620","273500","2024-01-08T07:28:05.277Z","2024-01-08T07:28:05.277Z"
163815016,"TDH","1704698762","s","1000","4620","272500","2024-01-08T07:26:19.313Z","2024-01-08T07:26:19.313Z"
163791656,"TDH","1704698179","s","900","4600","261500","2024-01-08T07:16:35.276Z","2024-01-08T07:16:35.276Z"
163791655,"TDH","1704698179","s","500","4600","261500","2024-01-08T07:16:35.276Z","2024-01-08T07:16:35.276Z"
163791654,"TDH","1704698179","s","100","4600","261500","2024-01-08T07:16:35.276Z","2024-01-08T07:16:35.276Z"
163791653,"TDH","1704698179","s","200","4600","261500","2024-01-08T07:16:35.276Z","2024-01-08T07:16:35.276Z"
163791652,"TDH","1704698179","s","100","4600","261500","2024-01-08T07:16:35.276Z","2024-01-08T07:16:35.276Z"
163791651,"TDH","1704698179","s","500","4600","261500","2024-01-08T07:16:35.276Z","2024-01-08T07:16:35.276Z"
163791650,"TDH","1704698179","s","600","4600","261500","2024-01-08T07:16:35.276Z","2024-01-08T07:16:35.276Z"
163791649,"TDH","1704698179","s","100","4600","261500","2024-01-08T07:16:35.276Z","2024-01-08T07:16:35.276Z"
163791648,"TDH","1704698179","s","200","4600","261500","2024-01-08T07:16:35.276Z","2024-01-08T07:16:35.276Z"
163791647,"TDH","1704698179","s","5500","4600","261500","2024-01-08T07:16:35.276Z","2024-01-08T07:16:35.276Z"
163791646,"TDH","1704698179","s","200","4610","261500","2024-01-08T07:16:35.276Z","2024-01-08T07:16:35.276Z"
163791645,"TDH","1704698179","s","200","4610","261500","2024-01-08T07:16:35.276Z","2024-01-08T07:16:35.276Z"
163791644,"TDH","1704698179","s","300","4610","261500","2024-01-08T07:16:35.276Z","2024-01-08T07:16:35.276Z"
163791643,"TDH","1704698179","s","500","4610","261500","2024-01-08T07:16:35.276Z","2024-01-08T07:16:35.276Z"
163791642,"TDH","1704698179","s","100","4610","261500","2024-01-08T07:16:35.276Z","2024-01-08T07:16:35.276Z"
163780690,"TDH","1704697875","s","7100","4600","261500","2024-01-08T07:11:31.265Z","2024-01-08T07:11:31.265Z"
163780689,"TDH","1704697875","s","2300","4610","261500","2024-01-08T07:11:31.265Z","2024-01-08T07:11:31.265Z"
163780688,"TDH","1704697875","s","200","4610","261500","2024-01-08T07:11:31.265Z","2024-01-08T07:11:31.265Z"
163780687,"TDH","1704697875","s","400","4610","261500","2024-01-08T07:11:31.265Z","2024-01-08T07:11:31.265Z"
163778805,"TDH","1704697798","s","7500","4600","251500","2024-01-08T07:10:15.262Z","2024-01-08T07:10:15.262Z"
163778804,"TDH","1704697798","s","500","4610","251500","2024-01-08T07:10:15.262Z","2024-01-08T07:10:15.262Z"
163777671,"TDH","1704697751","s","9900","4600","209500","2024-01-08T07:09:27.270Z","2024-01-08T07:09:27.270Z"
163777670,"TDH","1704697751","s","21700","4600","209500","2024-01-08T07:09:27.270Z","2024-01-08T07:09:27.270Z"
163777669,"TDH","1704697751","s","100","4610","209500","2024-01-08T07:09:27.270Z","2024-01-08T07:09:27.270Z"
163777668,"TDH","1704697751","s","500","4610","209500","2024-01-08T07:09:27.270Z","2024-01-08T07:09:27.270Z"
163777667,"TDH","1704697751","s","500","4610","209500","2024-01-08T07:09:27.270Z","2024-01-08T07:09:27.270Z"
163777666,"TDH","1704697751","s","1000","4610","209500","2024-01-08T07:09:27.270Z","2024-01-08T07:09:27.270Z"
163777665,"TDH","1704697751","s","300","4620","209500","2024-01-08T07:09:27.270Z","2024-01-08T07:09:27.270Z"
163775216,"TDH","1704697662","b","700","4610","209500","2024-01-08T07:07:58.260Z","2024-01-08T07:07:58.260Z"
163774976,"TDH","1704697653","s","5100","4610","182500","2024-01-08T07:07:49.266Z","2024-01-08T07:07:49.266Z"
163774975,"TDH","1704697653","s","500","4610","182500","2024-01-08T07:07:49.266Z","2024-01-08T07:07:49.266Z"
163774974,"TDH","1704697653","s","500","4610","182500","2024-01-08T07:07:49.266Z","2024-01-08T07:07:49.266Z"
163774973,"TDH","1704697653","s","20000","4610","182500","2024-01-08T07:07:49.266Z","2024-01-08T07:07:49.266Z"
163774972,"TDH","1704697653","s","100","4620","182500","2024-01-08T07:07:49.266Z","2024-01-08T07:07:49.266Z"
163774971,"TDH","1704697653","s","100","4620","182500","2024-01-08T07:07:49.266Z","2024-01-08T07:07:49.266Z"
163773230,"TDH","1704697597","s","19900","4620","182500","2024-01-08T07:06:53.263Z","2024-01-08T07:06:53.263Z"
163773229,"TDH","1704697597","s","800","4620","182500","2024-01-08T07:06:53.263Z","2024-01-08T07:06:53.263Z"
163773228,"TDH","1704697597","s","100","4630","182500","2024-01-08T07:06:53.263Z","2024-01-08T07:06:53.263Z"
163773227,"TDH","1704697597","s","200","4630","182500","2024-01-08T07:06:53.263Z","2024-01-08T07:06:53.263Z"
163770236,"TDH","1704697500","s","4800","4630","156500","2024-01-08T07:05:17.262Z","2024-01-08T07:05:17.262Z"
163770235,"TDH","1704697500","s","200","4630","156500","2024-01-08T07:05:17.262Z","2024-01-08T07:05:17.262Z"
163767240,"TDH","1704697407","b","500","4670","156500","2024-01-08T07:03:44.269Z","2024-01-08T07:03:44.269Z"
163767219,"TDH","1704697406","b","800","4630","155200","2024-01-08T07:03:42.268Z","2024-01-08T07:03:42.268Z"
163767024,"TDH","1704697398","b","100","4630","155200","2024-01-08T07:03:35.271Z","2024-01-08T07:03:35.271Z"
163766773,"TDH","1704697390","s","2000","4630","151000","2024-01-08T07:03:26.261Z","2024-01-08T07:03:26.261Z"
163766772,"TDH","1704697390","s","2100","4630","151000","2024-01-08T07:03:26.261Z","2024-01-08T07:03:26.261Z"
163765895,"TDH","1704697357","b","1700","4630","149300","2024-01-08T07:02:54.262Z","2024-01-08T07:02:54.262Z"
163765500,"TDH","1704697344","b","1000","4630","148300","2024-01-08T07:02:41.264Z","2024-01-08T07:02:41.264Z"
163764136,"TDH","1704697312","s","200","4630","131000","2024-01-08T07:02:08.272Z","2024-01-08T07:02:08.272Z"
163764135,"TDH","1704697312","s","1000","4630","131000","2024-01-08T07:02:08.272Z","2024-01-08T07:02:08.272Z"
163764134,"TDH","1704697312","s","2000","4630","131000","2024-01-08T07:02:08.272Z","2024-01-08T07:02:08.272Z"
163764133,"TDH","1704697312","s","2600","4630","131000","2024-01-08T07:02:08.272Z","2024-01-08T07:02:08.272Z"
163764132,"TDH","1704697312","s","300","4630","131000","2024-01-08T07:02:08.272Z","2024-01-08T07:02:08.272Z"
163764131,"TDH","1704697312","s","200","4630","131000","2024-01-08T07:02:08.272Z","2024-01-08T07:02:08.272Z"
163764130,"TDH","1704697312","s","400","4630","131000","2024-01-08T07:02:08.272Z","2024-01-08T07:02:08.272Z"
163764129,"TDH","1704697312","s","5000","4630","131000","2024-01-08T07:02:08.272Z","2024-01-08T07:02:08.272Z"
163764128,"TDH","1704697312","s","2000","4630","131000","2024-01-08T07:02:08.272Z","2024-01-08T07:02:08.272Z"
163764127,"TDH","1704697312","s","1000","4630","131000","2024-01-08T07:02:08.272Z","2024-01-08T07:02:08.272Z"
163764126,"TDH","1704697312","s","500","4630","131000","2024-01-08T07:02:08.272Z","2024-01-08T07:02:08.272Z"
163764125,"TDH","1704697312","s","100","4630","131000","2024-01-08T07:02:08.272Z","2024-01-08T07:02:08.272Z"
163764124,"TDH","1704697312","s","2000","4630","131000","2024-01-08T07:02:08.272Z","2024-01-08T07:02:08.272Z"
163762830,"TDH","1704697275","s","100","4640","124000","2024-01-08T07:01:32.265Z","2024-01-08T07:01:32.265Z"
163762829,"TDH","1704697275","s","500","4640","124000","2024-01-08T07:01:32.265Z","2024-01-08T07:01:32.265Z"
163762828,"TDH","1704697275","s","4700","4640","124000","2024-01-08T07:01:32.265Z","2024-01-08T07:01:32.265Z"
163762827,"TDH","1704697275","s","1500","4640","124000","2024-01-08T07:01:32.265Z","2024-01-08T07:01:32.265Z"
163762826,"TDH","1704697275","s","200","4650","124000","2024-01-08T07:01:32.265Z","2024-01-08T07:01:32.265Z"
163761549,"TDH","1704697233","s","6800","4650","117000","2024-01-08T07:00:49.290Z","2024-01-08T07:00:49.290Z"
163761548,"TDH","1704697233","s","200","4650","117000","2024-01-08T07:00:49.290Z","2024-01-08T07:00:49.290Z"
163708600,"TDH","1704695452","s","300","4630","116700","2024-01-08T06:31:08.250Z","2024-01-08T06:31:08.250Z"
163696082,"TDH","1704695080","s","4700","4670","112000","2024-01-08T06:24:56.229Z","2024-01-08T06:24:56.229Z"
163691569,"TDH","1704694922","s","400","4670","112000","2024-01-08T06:22:19.228Z","2024-01-08T06:22:19.228Z"
163689106,"TDH","1704694840","b","100","4670","111500","2024-01-08T06:20:57.227Z","2024-01-08T06:20:57.227Z"
163689050,"TDH","1704694838","s","700","4630","111500","2024-01-08T06:20:55.246Z","2024-01-08T06:20:55.246Z"
163689049,"TDH","1704694838","s","1100","4630","111500","2024-01-08T06:20:55.246Z","2024-01-08T06:20:55.246Z"
163689048,"TDH","1704694838","s","1000","4650","111500","2024-01-08T06:20:55.246Z","2024-01-08T06:20:55.246Z"
163689047,"TDH","1704694838","s","1000","4650","111500","2024-01-08T06:20:55.246Z","2024-01-08T06:20:55.246Z"
163689046,"TDH","1704694838","s","200","4650","111500","2024-01-08T06:20:55.246Z","2024-01-08T06:20:55.246Z"
163689045,"TDH","1704694838","s","5000","4650","111500","2024-01-08T06:20:55.246Z","2024-01-08T06:20:55.246Z"
163689044,"TDH","1704694838","s","3000","4650","111500","2024-01-08T06:20:55.246Z","2024-01-08T06:20:55.246Z"
163689043,"TDH","1704694838","s","3000","4650","111500","2024-01-08T06:20:55.246Z","2024-01-08T06:20:55.246Z"
163689042,"TDH","1704694838","s","1500","4650","111500","2024-01-08T06:20:55.246Z","2024-01-08T06:20:55.246Z"
163689041,"TDH","1704694838","s","1100","4650","111500","2024-01-08T06:20:55.246Z","2024-01-08T06:20:55.246Z"
163689040,"TDH","1704694838","s","300","4650","111500","2024-01-08T06:20:55.246Z","2024-01-08T06:20:55.246Z"
163689039,"TDH","1704694838","s","100","4650","111500","2024-01-08T06:20:55.246Z","2024-01-08T06:20:55.246Z"
163689038,"TDH","1704694838","s","1000","4660","111500","2024-01-08T06:20:55.246Z","2024-01-08T06:20:55.246Z"
163689037,"TDH","1704694838","s","400","4660","111500","2024-01-08T06:20:55.246Z","2024-01-08T06:20:55.246Z"
163689036,"TDH","1704694838","s","200","4660","111500","2024-01-08T06:20:55.246Z","2024-01-08T06:20:55.246Z"
163689035,"TDH","1704694838","s","400","4670","111500","2024-01-08T06:20:55.246Z","2024-01-08T06:20:55.246Z"
163681240,"TDH","1704694596","s","600","4670","91500","2024-01-08T06:16:53.224Z","2024-01-08T06:16:53.224Z"
163681239,"TDH","1704694596","s","400","4670","91500","2024-01-08T06:16:53.224Z","2024-01-08T06:16:53.224Z"
163679040,"TDH","1704694520","s","1000","4670","89500","2024-01-08T06:15:37.252Z","2024-01-08T06:15:37.252Z"
163677902,"TDH","1704694479","s","100","4670","89400","2024-01-08T06:14:55.222Z","2024-01-08T06:14:55.222Z"
163677523,"TDH","1704694464","s","100","4670","89400","2024-01-08T06:14:40.238Z","2024-01-08T06:14:40.238Z"
163676790,"TDH","1704694439","s","800","4670","88500","2024-01-08T06:14:15.223Z","2024-01-08T06:14:15.223Z"
163674822,"TDH","1704694380","s","600","4670","87900","2024-01-08T06:13:16.220Z","2024-01-08T06:13:16.220Z"
163671825,"TDH","1704694289","s","100","4670","87900","2024-01-08T06:11:46.241Z","2024-01-08T06:11:46.241Z"
