"id","symbol","truncTime","matchType","matchVol","matchPrice","accumulatedVolume","createdAt","updatedAt"
163827169,"TNG","1704700192","s","8700","20100","2055000","2024-01-08T07:49:54.281Z","2024-01-08T07:49:54.281Z"
163827102,"TNG","1704700074","s","10000","20100","2046300","2024-01-08T07:47:56.278Z","2024-01-08T07:47:56.278Z"
163826984,"TNG","1704699925","s","181000","20100","2036300","2024-01-08T07:45:27.282Z","2024-01-08T07:45:27.282Z"
163825305,"TNG","1704698988","b","300","20200","1855300","2024-01-08T07:29:50.281Z","2024-01-08T07:29:50.281Z"
163824918,"TNG","1704698982","b","10000","20200","1855000","2024-01-08T07:29:43.296Z","2024-01-08T07:29:43.296Z"
163821484,"TNG","1704698920","b","10000","20200","1845000","2024-01-08T07:28:42.295Z","2024-01-08T07:28:42.295Z"
163819804,"TNG","1704698884","b","300","20200","1835000","2024-01-08T07:28:06.276Z","2024-01-08T07:28:06.276Z"
163818540,"TNG","1704698857","b","100","20200","1834700","2024-01-08T07:27:39.290Z","2024-01-08T07:27:39.290Z"
163818401,"TNG","1704698854","b","200","20200","1834600","2024-01-08T07:27:36.275Z","2024-01-08T07:27:36.275Z"
163817148,"TNG","1704698826","b","1700","20200","1834400","2024-01-08T07:27:08.311Z","2024-01-08T07:27:08.311Z"
163813519,"TNG","1704698747","s","600","20100","1832700","2024-01-08T07:25:49.295Z","2024-01-08T07:25:49.295Z"
163809138,"TNG","1704698644","b","100","20200","1832100","2024-01-08T07:24:06.334Z","2024-01-08T07:24:06.334Z"
163808550,"TNG","1704698629","s","1000","20100","1832000","2024-01-08T07:23:50.296Z","2024-01-08T07:23:50.296Z"
163805727,"TNG","1704698551","s","5000","20100","1831000","2024-01-08T07:22:32.290Z","2024-01-08T07:22:32.290Z"
163805353,"TNG","1704698540","b","5000","20200","1826000","2024-01-08T07:22:21.303Z","2024-01-08T07:22:21.303Z"
163804887,"TNG","1704698532","b","500","20200","1821000","2024-01-08T07:22:13.296Z","2024-01-08T07:22:13.296Z"
163803025,"TNG","1704698482","b","10000","20200","1820500","2024-01-08T07:21:24.278Z","2024-01-08T07:21:24.278Z"
163802971,"TNG","1704698480","b","10000","20200","1810500","2024-01-08T07:21:22.272Z","2024-01-08T07:21:22.272Z"
163801872,"TNG","1704698452","b","100","20200","1800500","2024-01-08T07:20:54.283Z","2024-01-08T07:20:54.283Z"
163801099,"TNG","1704698432","s","17000","20100","1800400","2024-01-08T07:20:34.276Z","2024-01-08T07:20:34.276Z"
163798460,"TNG","1704698366","s","100","20100","1783400","2024-01-08T07:19:28.293Z","2024-01-08T07:19:28.293Z"
163796718,"TNG","1704698322","b","10000","20200","1783300","2024-01-08T07:18:44.289Z","2024-01-08T07:18:44.289Z"
163796237,"TNG","1704698310","b","2000","20200","1773300","2024-01-08T07:18:31.276Z","2024-01-08T07:18:31.276Z"
163792516,"TNG","1704698210","s","1100","20100","1771300","2024-01-08T07:16:53.301Z","2024-01-08T07:16:53.301Z"
163789435,"TNG","1704698145","s","500","20100","1770200","2024-01-08T07:15:47.270Z","2024-01-08T07:15:47.270Z"
163788673,"TNG","1704698124","b","2500","20200","1769700","2024-01-08T07:15:26.283Z","2024-01-08T07:15:26.283Z"
163787571,"TNG","1704698093","b","1000","20200","1767200","2024-01-08T07:14:55.271Z","2024-01-08T07:14:55.271Z"
163786594,"TNG","1704698071","b","500","20200","1766200","2024-01-08T07:14:33.276Z","2024-01-08T07:14:33.276Z"
163786238,"TNG","1704698061","b","3000","20200","1765700","2024-01-08T07:14:23.268Z","2024-01-08T07:14:23.268Z"
163786215,"TNG","1704698060","b","3000","20200","1762700","2024-01-08T07:14:22.288Z","2024-01-08T07:14:22.288Z"
163785312,"TNG","1704698032","b","1500","20200","1759700","2024-01-08T07:13:54.264Z","2024-01-08T07:13:54.264Z"
163784978,"TNG","1704698022","b","4500","20200","1758200","2024-01-08T07:13:44.270Z","2024-01-08T07:13:44.270Z"
163783887,"TNG","1704698000","s","900","20200","1753700","2024-01-08T07:13:22.271Z","2024-01-08T07:13:22.271Z"
163783853,"TNG","1704697999","s","5000","20200","1752800","2024-01-08T07:13:21.274Z","2024-01-08T07:13:21.274Z"
163783823,"TNG","1704697998","s","1000","20200","1747800","2024-01-08T07:13:20.274Z","2024-01-08T07:13:20.274Z"
163783770,"TNG","1704697997","s","500","20200","1746800","2024-01-08T07:13:19.271Z","2024-01-08T07:13:19.271Z"
163783713,"TNG","1704697995","s","6500","20200","1746300","2024-01-08T07:13:17.274Z","2024-01-08T07:13:17.274Z"
163783660,"TNG","1704697994","s","10000","20200","1739800","2024-01-08T07:13:16.271Z","2024-01-08T07:13:16.271Z"
163783093,"TNG","1704697980","s","800","20200","1729800","2024-01-08T07:13:02.285Z","2024-01-08T07:13:02.285Z"
163782641,"TNG","1704697964","s","500","20200","1729000","2024-01-08T07:12:46.263Z","2024-01-08T07:12:46.263Z"
163782137,"TNG","1704697949","s","3000","20200","1728500","2024-01-08T07:12:31.267Z","2024-01-08T07:12:31.267Z"
163781694,"TNG","1704697930","s","5000","20200","1725500","2024-01-08T07:12:12.265Z","2024-01-08T07:12:12.265Z"
163781390,"TNG","1704697916","s","1000","20200","1720500","2024-01-08T07:11:58.265Z","2024-01-08T07:11:58.265Z"
163781374,"TNG","1704697915","s","1000","20200","1719500","2024-01-08T07:11:57.267Z","2024-01-08T07:11:57.267Z"
163781000,"TNG","1704697905","s","400","20200","1718500","2024-01-08T07:11:47.265Z","2024-01-08T07:11:47.265Z"
163780531,"TNG","1704697884","s","200","20200","1718100","2024-01-08T07:11:26.263Z","2024-01-08T07:11:26.263Z"
163780242,"TNG","1704697874","s","1000","20200","1717900","2024-01-08T07:11:16.263Z","2024-01-08T07:11:16.263Z"
163779472,"TNG","1704697839","s","5000","20200","1716900","2024-01-08T07:10:41.262Z","2024-01-08T07:10:41.262Z"
163779033,"TNG","1704697824","s","3000","20200","1711900","2024-01-08T07:10:26.267Z","2024-01-08T07:10:26.267Z"
163778997,"TNG","1704697823","s","2300","20200","1708900","2024-01-08T07:10:25.271Z","2024-01-08T07:10:25.271Z"
163778662,"TNG","1704697804","s","3000","20200","1706600","2024-01-08T07:10:06.267Z","2024-01-08T07:10:06.267Z"
163778616,"TNG","1704697802","s","1600","20200","1703600","2024-01-08T07:10:04.285Z","2024-01-08T07:10:04.285Z"
163778590,"TNG","1704697801","s","200","20200","1702000","2024-01-08T07:10:03.267Z","2024-01-08T07:10:03.267Z"
163778375,"TNG","1704697793","b","15100","20200","1701800","2024-01-08T07:09:55.269Z","2024-01-08T07:09:55.269Z"
163778301,"TNG","1704697791","b","3000","20200","1686700","2024-01-08T07:09:53.273Z","2024-01-08T07:09:53.273Z"
163778246,"TNG","1704697789","b","2000","20200","1683700","2024-01-08T07:09:51.272Z","2024-01-08T07:09:51.272Z"
163778148,"TNG","1704697787","b","10000","20200","1681700","2024-01-08T07:09:49.285Z","2024-01-08T07:09:49.285Z"
163778108,"TNG","1704697785","b","8200","20200","1671700","2024-01-08T07:09:46.272Z","2024-01-08T07:09:46.272Z"
163777997,"TNG","1704697780","b","6000","20200","1663500","2024-01-08T07:09:42.277Z","2024-01-08T07:09:42.277Z"
163777688,"TNG","1704697766","b","800","20200","1657500","2024-01-08T07:09:28.262Z","2024-01-08T07:09:28.262Z"
163777597,"TNG","1704697762","b","2000","20200","1656700","2024-01-08T07:09:24.269Z","2024-01-08T07:09:24.269Z"
163777566,"TNG","1704697760","b","30000","20200","1654700","2024-01-08T07:09:22.268Z","2024-01-08T07:09:22.268Z"
163777471,"TNG","1704697755","b","4000","20200","1624700","2024-01-08T07:09:17.265Z","2024-01-08T07:09:17.265Z"
163777326,"TNG","1704697749","b","20000","20200","1620700","2024-01-08T07:09:11.263Z","2024-01-08T07:09:11.263Z"
163777107,"TNG","1704697740","b","3000","20200","1600700","2024-01-08T07:09:02.324Z","2024-01-08T07:09:02.324Z"
163776067,"TNG","1704697711","b","2500","20200","1597700","2024-01-08T07:08:33.265Z","2024-01-08T07:08:33.265Z"
163776007,"TNG","1704697708","b","10000","20200","1595200","2024-01-08T07:08:30.267Z","2024-01-08T07:08:30.267Z"
163775991,"TNG","1704697707","b","5000","20200","1585200","2024-01-08T07:08:29.266Z","2024-01-08T07:08:29.266Z"
163775891,"TNG","1704697704","b","18000","20200","1580200","2024-01-08T07:08:26.266Z","2024-01-08T07:08:26.266Z"
163775877,"TNG","1704697703","b","9000","20200","1562200","2024-01-08T07:08:25.262Z","2024-01-08T07:08:25.262Z"
163775292,"TNG","1704697680","b","11800","20200","1553200","2024-01-08T07:08:01.263Z","2024-01-08T07:08:01.263Z"
163774779,"TNG","1704697661","b","5000","20200","1541400","2024-01-08T07:07:43.269Z","2024-01-08T07:07:43.269Z"
163774411,"TNG","1704697646","s","1000","20100","1536400","2024-01-08T07:07:28.264Z","2024-01-08T07:07:28.264Z"
163774045,"TNG","1704697637","b","30000","20200","1535400","2024-01-08T07:07:19.264Z","2024-01-08T07:07:19.264Z"
163773933,"TNG","1704697632","s","1000","20100","1505400","2024-01-08T07:07:14.271Z","2024-01-08T07:07:14.271Z"
163773847,"TNG","1704697628","s","5000","20100","1504400","2024-01-08T07:07:10.272Z","2024-01-08T07:07:10.272Z"
163770279,"TNG","1704697517","s","300","20100","1499400","2024-01-08T07:05:19.263Z","2024-01-08T07:05:19.263Z"
163769314,"TNG","1704697483","b","1800","20200","1499100","2024-01-08T07:04:44.261Z","2024-01-08T07:04:44.261Z"
163767039,"TNG","1704697413","b","15000","20200","1497300","2024-01-08T07:03:35.271Z","2024-01-08T07:03:35.271Z"
163766998,"TNG","1704697412","s","500","20100","1482300","2024-01-08T07:03:34.269Z","2024-01-08T07:03:34.269Z"
163766892,"TNG","1704697407","b","12000","20200","1481800","2024-01-08T07:03:28.307Z","2024-01-08T07:03:28.307Z"
163766660,"TNG","1704697401","b","1000","20200","1469800","2024-01-08T07:03:22.268Z","2024-01-08T07:03:22.268Z"
163766303,"TNG","1704697386","b","10000","20200","1468800","2024-01-08T07:03:08.267Z","2024-01-08T07:03:08.267Z"
163765503,"TNG","1704697359","b","1600","20200","1458800","2024-01-08T07:02:41.264Z","2024-01-08T07:02:41.264Z"
163764881,"TNG","1704697341","b","2000","20200","1457200","2024-01-08T07:02:23.267Z","2024-01-08T07:02:23.267Z"
163763939,"TNG","1704697320","b","2000","20200","1455200","2024-01-08T07:02:01.273Z","2024-01-08T07:02:01.273Z"
163763134,"TNG","1704697300","b","4000","20200","1453200","2024-01-08T07:01:42.274Z","2024-01-08T07:01:42.274Z"
163762598,"TNG","1704697280","b","10000","20200","1449200","2024-01-08T07:01:22.268Z","2024-01-08T07:01:22.268Z"
163761979,"TNG","1704697259","b","1000","20200","1439200","2024-01-08T07:01:01.275Z","2024-01-08T07:01:01.275Z"
163759149,"TNG","1704697180","s","5000","20100","1438200","2024-01-08T06:59:41.274Z","2024-01-08T06:59:41.274Z"
163758879,"TNG","1704697175","s","400","20100","1433200","2024-01-08T06:59:36.272Z","2024-01-08T06:59:36.272Z"
163758828,"TNG","1704697172","s","200","20100","1432800","2024-01-08T06:59:33.264Z","2024-01-08T06:59:33.264Z"
163757560,"TNG","1704697131","s","1000","20100","1432600","2024-01-08T06:58:53.267Z","2024-01-08T06:58:53.267Z"
163754817,"TNG","1704697064","s","2000","20100","1431600","2024-01-08T06:57:45.272Z","2024-01-08T06:57:45.272Z"
163754021,"TNG","1704697039","s","700","20100","1429600","2024-01-08T06:57:21.264Z","2024-01-08T06:57:21.264Z"
163752008,"TNG","1704696979","s","5000","20100","1428900","2024-01-08T06:56:20.264Z","2024-01-08T06:56:20.264Z"
163751900,"TNG","1704696974","s","500","20100","1423900","2024-01-08T06:56:16.267Z","2024-01-08T06:56:16.267Z"
163751372,"TNG","1704696956","b","500","20200","1423400","2024-01-08T06:55:58.271Z","2024-01-08T06:55:58.271Z"
163748427,"TNG","1704696850","b","1000","20200","1422900","2024-01-08T06:54:12.271Z","2024-01-08T06:54:12.271Z"
163744826,"TNG","1704696696","b","3000","20200","1421900","2024-01-08T06:51:38.267Z","2024-01-08T06:51:38.267Z"
