"symbol","time","price","change","vol","total","side"
"HCM","14:45:00",24.35,-0.25,255200,5652700,
"HCM","14:29:55",24.4,-0.2,5100,5397500,"S"
"HCM","14:29:39",24.35,-0.25,4500,5392400,"S"
"HCM","14:29:36",24.35,-0.25,100,5387900,"S"
"HCM","14:29:35",24.35,-0.25,2000,5387800,"S"
"HCM","14:29:32",24.35,-0.25,4000,5385800,"S"
"HCM","14:29:31",24.35,-0.25,4000,5381800,"S"
"HCM","14:29:24",24.35,-0.25,600,5377800,"S"
"HCM","14:29:23",24.35,-0.25,100,5377200,"S"
"HCM","14:29:22",24.35,-0.25,5000,5377100,"S"
"HCM","14:29:19",24.3,-0.3,100,5372100,"B"
"HCM","14:29:13",24.3,-0.3,11400,5372000,"S"
"HCM","14:29:13",24.3,-0.3,11400,5360600,"S"
"HCM","14:29:11",24.3,-0.3,700,5349200,"S"
"HCM","14:29:11",24.3,-0.3,10000,5348500,"S"
"HCM","14:29:09",24.3,-0.3,6300,5338500,"S"
"HCM","14:29:08",24.3,-0.3,3000,5332200,"S"
"HCM","14:29:07",24.3,-0.3,3300,5329200,"S"
"HCM","14:29:06",24.3,-0.3,700,5325900,"S"
"HCM","14:29:05",24.3,-0.3,1700,5325200,"S"
"HCM","14:29:03",24.3,-0.3,10000,5323500,"S"
"HCM","14:29:01",24.3,-0.3,2000,5313500,"S"
"HCM","14:29:01",24.3,-0.3,2000,5311500,"S"
"HCM","14:28:58",24.3,-0.3,1000,5309500,"S"
"HCM","14:28:57",24.3,-0.3,1000,5308500,"S"
"HCM","14:28:54",24.3,-0.3,100,5307500,"S"
"HCM","14:28:53",24.3,-0.3,100,5307400,"S"
"HCM","14:28:52",24.3,-0.3,100,5307300,"S"
"HCM","14:28:51",24.3,-0.3,100,5307200,"S"
"HCM","14:28:48",24.3,-0.3,100,5307100,"S"
"HCM","14:28:47",24.3,-0.3,300,5307000,"S"
"HCM","14:28:47",24.3,-0.3,1000,5306700,"S"
"HCM","14:28:44",24.3,-0.3,1000,5305700,"S"
"HCM","14:28:44",24.25,-0.35,500,5304700,"B"
"HCM","14:28:41",24.3,-0.3,100,5304200,"S"
"HCM","14:28:38",24.3,-0.3,100,5304100,"S"
"HCM","14:28:37",24.3,-0.3,3000,5304000,"S"
"HCM","14:28:34",24.3,-0.3,500,5301000,"S"
"HCM","14:28:32",24.3,-0.3,1000,5300500,"S"
"HCM","14:28:32",24.3,-0.3,600,5299500,"S"
"HCM","14:28:27",24.3,-0.3,1300,5298900,"S"
"HCM","14:28:24",24.3,-0.3,800,5297600,"S"
"HCM","14:28:23",24.3,-0.3,500,5296800,"S"
"HCM","14:28:22",24.3,-0.3,500,5296300,"S"
"HCM","14:28:21",24.3,-0.3,500,5295800,"S"
"HCM","14:28:21",24.3,-0.3,500,5295300,"S"
"HCM","14:28:15",24.3,-0.3,100,5294800,"S"
"HCM","14:28:13",24.3,-0.3,100,5294700,"S"
"HCM","14:28:13",24.25,-0.35,2000,5294600,"B"
"HCM","14:28:10",24.3,-0.3,200,5292600,"S"
"HCM","14:28:09",24.3,-0.3,400,5292400,"S"
"HCM","14:28:08",24.3,-0.3,1200,5292000,"S"
"HCM","14:28:06",24.3,-0.3,500,5290800,"S"
"HCM","14:28:01",24.3,-0.3,200,5290300,"S"
"HCM","14:28:00",24.3,-0.3,200,5290100,"S"
"HCM","14:27:59",24.3,-0.3,300,5289900,"S"
"HCM","14:27:58",24.3,-0.3,200,5289600,"S"
"HCM","14:27:57",24.3,-0.3,2100,5289400,"S"
"HCM","14:27:55",24.3,-0.3,400,5287300,"S"
"HCM","14:27:53",24.25,-0.35,200,5286900,"B"
"HCM","14:27:53",24.3,-0.3,100,5286700,"S"
"HCM","14:27:52",24.3,-0.3,200,5286600,"S"
"HCM","14:27:51",24.3,-0.3,200,5286400,"S"
"HCM","14:27:50",24.3,-0.3,500,5286200,"S"
"HCM","14:27:46",24.3,-0.3,5000,5285700,"S"
"HCM","14:27:45",24.3,-0.3,200,5280700,"S"
"HCM","14:27:44",24.3,-0.3,4700,5280500,"B"
"HCM","14:27:42",24.3,-0.3,2000,5275800,"S"
"HCM","14:27:41",24.3,-0.3,200,5273800,"S"
"HCM","14:27:40",24.3,-0.3,2200,5273600,"S"
"HCM","14:27:37",24.3,-0.3,700,5271400,"S"
"HCM","14:27:34",24.3,-0.3,10000,5270700,"S"
"HCM","14:27:32",24.3,-0.3,100,5260700,"S"
"HCM","14:27:29",24.3,-0.3,500,5260600,"S"
"HCM","14:27:24",24.3,-0.3,200,5260100,"S"
"HCM","14:27:19",24.3,-0.3,193600,5259900,"B"
"HCM","14:27:19",24.35,-0.25,140500,5066300,"B"
"HCM","14:27:04",24.4,-0.2,100,4925800,"S"
"HCM","14:27:02",24.4,-0.2,100,4925700,"S"
"HCM","14:27:00",24.35,-0.25,50000,4925600,"B"
"HCM","14:27:00",24.4,-0.2,100,4875600,"S"
"HCM","14:26:55",24.35,-0.25,5000,4875500,"B"
"HCM","14:26:43",24.4,-0.2,2000,4870500,"S"
"HCM","14:26:41",24.4,-0.2,100,4868500,"S"
"HCM","14:26:36",24.4,-0.2,2000,4868400,"S"
"HCM","14:26:16",24.4,-0.2,300,4866400,"S"
"HCM","14:26:09",24.4,-0.2,1000,4866100,"S"
"HCM","14:26:05",24.4,-0.2,2000,4865100,"S"
"HCM","14:26:04",24.4,-0.2,2500,4863100,"S"
"HCM","14:25:58",24.4,-0.2,500,4860600,"S"
"HCM","14:25:54",24.4,-0.2,2000,4860100,"S"
"HCM","14:25:50",24.4,-0.2,1000,4858100,"S"
"HCM","14:25:42",24.4,-0.2,300,4857100,"S"
"HCM","14:25:38",24.4,-0.2,1600,4856800,"S"
"HCM","14:25:37",24.35,-0.25,6300,4855200,"B"
"HCM","14:25:36",24.4,-0.2,14100,4848900,"B"
"HCM","14:25:33",24.4,-0.2,1000,4834800,"B"
"HCM","14:25:23",24.4,-0.2,2000,4833800,"B"
"HCM","14:25:16",24.4,-0.2,6900,4831800,"B"
"HCM","14:25:12",24.4,-0.2,1000,4824900,"B"
"HCM","14:25:04",24.4,-0.2,500,4823900,"B"
"HCM","14:24:59",24.4,-0.2,4000,4823400,"B"
"HCM","14:24:57",24.4,-0.2,200,4819400,"B"
"HCM","14:24:53",24.4,-0.2,2800,4819200,"S"
"HCM","14:24:49",24.4,-0.2,2000,4816400,"S"
"HCM","14:24:47",24.4,-0.2,200,4814400,"S"
"HCM","14:24:42",24.4,-0.2,600,4814200,"S"
"HCM","14:24:41",24.4,-0.2,300,4813600,"S"
"HCM","14:24:41",24.4,-0.2,200,4813300,"S"
"HCM","14:24:40",24.4,-0.2,200,4813100,"S"
"HCM","14:24:37",24.4,-0.2,1200,4812900,"B"
"HCM","14:24:33",24.4,-0.2,6000,4811700,"S"
"HCM","14:24:32",24.4,-0.2,1000,4805700,"S"
"HCM","14:24:29",24.4,-0.2,200,4804700,"S"
"HCM","14:24:28",24.4,-0.2,1000,4804500,"S"
"HCM","14:24:27",24.4,-0.2,200,4803500,"S"
"HCM","14:24:23",24.4,-0.2,1600,4803300,"B"
"HCM","14:24:13",24.4,-0.2,15000,4801700,"B"
"HCM","14:24:10",24.4,-0.2,39000,4786700,"B"
"HCM","14:24:09",24.4,-0.2,11000,4747700,"B"
"HCM","14:24:05",24.4,-0.2,1000,4736700,"B"
"HCM","14:23:59",24.4,-0.2,2000,4735700,"B"
"HCM","14:23:50",24.4,-0.2,81200,4733700,"B"
"HCM","14:23:13",24.4,-0.2,3000,4652500,"B"
"HCM","14:23:13",24.45,-0.15,100,4649500,"S"
"HCM","14:22:42",24.45,-0.15,2000,4649400,"S"
"HCM","14:22:26",24.45,-0.15,500,4647400,"S"
"HCM","14:22:14",24.45,-0.15,100,4646900,"S"
"HCM","14:22:13",24.45,-0.15,9200,4646800,"S"
"HCM","14:22:12",24.45,-0.15,100,4637600,"S"
"HCM","14:22:04",24.45,-0.15,100,4637500,"S"
"HCM","14:22:01",24.4,-0.2,300,4637400,"B"
"HCM","14:21:59",24.45,-0.15,9600,4637100,"S"
"HCM","14:21:47",24.4,-0.2,500,4627500,"B"
"HCM","14:21:38",24.4,-0.2,500,4627000,"B"
"HCM","14:21:32",24.45,-0.15,100,4626500,"S"
"HCM","14:21:12",24.4,-0.2,10000,4626400,"B"
"HCM","14:21:03",24.4,-0.2,3000,4616400,"B"
"HCM","14:21:00",24.45,-0.15,6000,4613400,"S"
"HCM","14:20:58",24.45,-0.15,1000,4607400,"S"
"HCM","14:20:30",24.45,-0.15,500,4606400,"S"
"HCM","14:19:53",24.4,-0.2,6500,4605900,"B"
"HCM","14:18:49",24.4,-0.2,1500,4599400,"B"
"HCM","14:18:49",24.4,-0.2,100,4597900,"B"
"HCM","14:18:37",24.4,-0.2,10500,4597800,"B"
"HCM","14:18:27",24.4,-0.2,100,4587300,"B"
"HCM","14:18:27",24.45,-0.15,100,4587200,"S"
"HCM","14:18:15",24.4,-0.2,2000,4587100,"B"
"HCM","14:18:05",24.45,-0.15,1000,4585100,"S"
"HCM","14:18:01",24.45,-0.15,500,4584100,"S"
"HCM","14:17:16",24.4,-0.2,10000,4583600,"B"
"HCM","14:17:13",24.45,-0.15,800,4573600,"S"
"HCM","14:16:36",24.4,-0.2,1500,4572800,"B"
"HCM","14:16:21",24.4,-0.2,200,4571300,"B"
"HCM","14:15:59",24.4,-0.2,20000,4571100,"B"
"HCM","14:15:55",24.45,-0.15,100,4551100,"S"
"HCM","14:15:53",24.45,-0.15,22000,4551000,"S"
"HCM","14:15:47",24.45,-0.15,2000,4529000,"S"
"HCM","14:15:10",24.4,-0.2,100,4527000,"B"
"HCM","14:15:07",24.4,-0.2,100,4526900,"B"
"HCM","14:15:00",24.45,-0.15,3000,4526800,"S"
"HCM","14:14:58",24.45,-0.15,5000,4523800,"S"
"HCM","14:14:40",24.45,-0.15,600,4518800,"S"
"HCM","14:14:38",24.4,-0.2,100,4518200,"B"
"HCM","14:14:33",24.4,-0.2,10000,4518100,"B"
"HCM","14:14:27",24.4,-0.2,152500,4508100,"B"
"HCM","14:14:27",24.45,-0.15,200,4355600,"S"
"HCM","14:14:23",24.4,-0.2,400,4355400,"B"
"HCM","14:14:18",24.45,-0.15,100,4355000,"S"
"HCM","14:14:02",24.45,-0.15,100,4354900,"S"
"HCM","14:13:48",24.45,-0.15,100,4354800,"S"
"HCM","14:13:47",24.45,-0.15,3500,4354700,"S"
"HCM","14:13:45",24.45,-0.15,7100,4351200,"B"
"HCM","14:13:44",24.5,-0.1,3000,4344100,"S"
"HCM","14:13:42",24.45,-0.15,400,4341100,"S"
"HCM","14:13:40",24.45,-0.15,200,4340700,"S"
"HCM","14:13:38",24.5,-0.1,6400,4340500,"S"
"HCM","14:13:38",24.45,-0.15,3600,4334100,"S"
"HCM","14:13:36",24.45,-0.15,500,4330500,"S"
"HCM","14:13:34",24.45,-0.15,2000,4330000,"S"
"HCM","14:13:30",24.45,-0.15,100,4328000,"S"
"HCM","14:13:25",24.45,-0.15,1000,4327900,"S"
"HCM","14:13:21",24.4,-0.2,1000,4326900,"B"
"HCM","14:13:18",24.45,-0.15,1000,4325900,"S"
"HCM","14:13:17",24.45,-0.15,200,4324900,"S"
"HCM","14:13:12",24.45,-0.15,1000,4324700,"S"
"HCM","14:13:10",24.45,-0.15,1000,4323700,"S"
"HCM","14:13:06",24.45,-0.15,600,4322700,"S"
"HCM","14:13:05",24.45,-0.15,200,4322100,"S"
"HCM","14:13:03",24.45,-0.15,300,4321900,"S"
"HCM","14:12:57",24.45,-0.15,300,4321600,"S"
"HCM","14:12:54",24.45,-0.15,34700,4321300,"B"
"HCM","14:12:47",24.5,-0.1,100,4286600,"S"
"HCM","14:12:20",24.5,-0.1,200,4286500,"S"
"HCM","14:12:00",24.5,-0.1,500,4286300,"S"
"HCM","14:11:58",24.5,-0.1,500,4285800,"S"
"HCM","14:11:39",24.5,-0.1,300,4285300,"S"
"HCM","14:11:33",24.5,-0.1,100,4285000,"S"
"HCM","14:11:28",24.5,-0.1,1000,4284900,"S"
"HCM","14:11:23",24.5,-0.1,100,4283900,"S"
"HCM","14:11:20",24.5,-0.1,2200,4283800,"S"
"HCM","14:11:03",24.5,-0.1,500,4281600,"S"
"HCM","14:10:45",24.45,-0.15,200,4281100,"B"
"HCM","14:10:35",24.45,-0.15,200,4280900,"B"
"HCM","14:10:35",24.45,-0.15,10000,4280700,"B"
"HCM","14:10:30",24.5,-0.1,1200,4270700,"S"
"HCM","14:10:29",24.45,-0.15,10000,4269500,"B"
"HCM","14:10:24",24.5,-0.1,300,4259500,"S"
"HCM","14:10:12",24.5,-0.1,500,4259200,"S"
"HCM","14:10:05",24.5,-0.1,700,4258700,"S"
"HCM","14:09:51",24.5,-0.1,1000,4258000,"S"
"HCM","14:09:49",24.45,-0.15,20000,4257000,"B"
"HCM","14:09:45",24.5,-0.1,1000,4237000,"S"
"HCM","14:09:43",24.5,-0.1,1000,4236000,"S"
"HCM","14:09:43",24.45,-0.15,300,4235000,"B"
"HCM","14:09:43",24.5,-0.1,500,4234700,"S"
"HCM","14:09:35",24.5,-0.1,700,4234200,"S"
"HCM","14:09:28",24.5,-0.1,100,4233500,"S"
"HCM","14:09:21",24.5,-0.1,15000,4233400,"S"
"HCM","14:09:17",24.5,-0.1,500,4218400,"S"
"HCM","14:09:16",24.5,-0.1,5000,4217900,"S"
"HCM","14:09:01",24.45,-0.15,900,4212900,"S"
"HCM","14:09:01",24.45,-0.15,500,4212000,"S"
"HCM","14:08:56",24.45,-0.15,2000,4211500,"S"
"HCM","14:08:56",24.45,-0.15,16600,4209500,"B"
"HCM","14:08:56",24.5,-0.1,500,4192900,"S"
"HCM","14:08:41",24.45,-0.15,6000,4192400,"S"
"HCM","14:08:40",24.45,-0.15,2000,4186400,"S"
"HCM","14:08:38",24.45,-0.15,10000,4184400,"S"
"HCM","14:08:36",24.45,-0.15,2000,4174400,"B"
"HCM","14:08:35",24.45,-0.15,9200,4172400,"S"
"HCM","14:08:34",24.45,-0.15,100,4163200,"S"
"HCM","14:08:32",24.45,-0.15,1300,4163100,"S"
"HCM","14:08:31",24.45,-0.15,8000,4161800,"S"
"HCM","14:08:28",24.45,-0.15,50000,4153800,"S"
"HCM","14:08:27",24.45,-0.15,2800,4103800,"S"
"HCM","14:08:26",24.45,-0.15,300,4101000,"S"
"HCM","14:08:24",24.45,-0.15,300,4100700,"S"
"HCM","14:08:21",24.45,-0.15,6900,4100400,"S"
"HCM","14:08:21",24.45,-0.15,1000,4093500,"S"
"HCM","14:08:20",24.45,-0.15,500,4092500,"S"
"HCM","14:08:16",24.45,-0.15,300,4092000,"S"
"HCM","14:08:09",24.45,-0.15,500,4091700,"S"
"HCM","14:08:03",24.45,-0.15,100,4091200,"S"
"HCM","14:07:58",24.4,-0.2,100,4091100,"B"
"HCM","14:07:51",24.45,-0.15,6000,4091000,"S"
"HCM","14:07:46",24.45,-0.15,100,4085000,"S"
"HCM","14:07:44",24.45,-0.15,4000,4084900,"S"
"HCM","14:07:43",24.45,-0.15,100,4080900,"S"
"HCM","14:07:42",24.45,-0.15,300,4080800,"S"
"HCM","14:07:41",24.4,-0.2,1000,4080500,"B"
"HCM","14:07:41",24.45,-0.15,400,4079500,"S"
"HCM","14:07:37",24.45,-0.15,5000,4079100,"S"
"HCM","14:07:33",24.45,-0.15,400,4074100,"S"
"HCM","14:07:29",24.45,-0.15,5000,4073700,"S"
"HCM","14:07:18",24.45,-0.15,1800,4068700,"S"
"HCM","14:07:13",24.45,-0.15,3500,4066900,"S"
"HCM","14:07:04",24.45,-0.15,1000,4063400,"S"
"HCM","14:07:01",24.45,-0.15,100,4062400,"S"
"HCM","14:06:59",24.4,-0.2,100,4062300,"B"
"HCM","14:06:55",24.45,-0.15,100,4062200,"S"
"HCM","14:06:48",24.4,-0.2,5900,4062100,"B"
"HCM","14:06:38",24.45,-0.15,1900,4056200,"S"
"HCM","14:06:35",24.45,-0.15,500,4054300,"S"
"HCM","14:06:21",24.45,-0.15,500,4053800,"S"
"HCM","14:06:18",24.4,-0.2,3500,4053300,"B"
"HCM","14:06:13",24.45,-0.15,900,4049800,"S"
"HCM","14:06:08",24.45,-0.15,2100,4048900,"S"
"HCM","14:06:07",24.45,-0.15,5000,4046800,"S"
"HCM","14:06:01",24.45,-0.15,800,4041800,"S"
"HCM","14:05:58",24.45,-0.15,2000,4041000,"S"
"HCM","14:05:54",24.45,-0.15,4000,4039000,"S"
"HCM","14:05:50",24.45,-0.15,500,4035000,"S"
"HCM","14:05:49",24.4,-0.2,1000,4034500,"B"
"HCM","14:05:47",24.45,-0.15,500,4033500,"S"
"HCM","14:05:43",24.45,-0.15,500,4033000,"S"
"HCM","14:05:42",24.45,-0.15,50000,4032500,"S"
"HCM","14:05:24",24.45,-0.15,200,3982500,"S"
"HCM","14:04:19",24.4,-0.2,7000,3982300,"B"
"HCM","14:04:14",24.45,-0.15,200,3975300,"S"
"HCM","14:04:04",24.4,-0.2,700,3975100,"B"
"HCM","14:03:58",24.4,-0.2,10000,3974400,"B"
"HCM","14:03:46",24.4,-0.2,4600,3964400,"B"
"HCM","14:03:38",24.45,-0.15,1200,3959800,"S"
"HCM","14:03:02",24.4,-0.2,1000,3958600,"S"
"HCM","14:02:57",24.4,-0.2,200,3957600,"S"
"HCM","14:02:54",24.4,-0.2,500,3957400,"S"
"HCM","14:02:52",24.4,-0.2,100,3956900,"S"
"HCM","14:02:46",24.4,-0.2,300,3956800,"S"
"HCM","14:02:45",24.4,-0.2,500,3956500,"B"
"HCM","14:02:43",24.4,-0.2,1500,3956000,"S"
"HCM","14:02:40",24.4,-0.2,18500,3954500,"B"
"HCM","14:02:35",24.45,-0.15,2000,3936000,"S"
"HCM","14:02:32",24.45,-0.15,600,3934000,"S"
"HCM","14:02:30",24.4,-0.2,200,3933400,"B"
"HCM","14:02:29",24.45,-0.15,3000,3933200,"S"
"HCM","14:02:28",24.4,-0.2,1000,3930200,"B"
"HCM","14:02:13",24.45,-0.15,100,3929200,"S"
"HCM","14:02:06",24.45,-0.15,500,3929100,"S"
"HCM","14:02:04",24.4,-0.2,5000,3928600,"B"
"HCM","14:02:00",24.4,-0.2,5000,3923600,"B"
"HCM","14:01:51",24.45,-0.15,100,3918600,"S"
"HCM","14:01:32",24.45,-0.15,200,3918500,"S"
"HCM","14:01:30",24.45,-0.15,800,3918300,"S"
"HCM","14:01:09",24.45,-0.15,1000,3917500,"S"
"HCM","14:01:00",24.4,-0.2,1000,3916500,"B"
"HCM","14:00:47",24.4,-0.2,500,3915500,"B"
"HCM","14:00:24",24.4,-0.2,400,3915000,"B"
"HCM","14:00:16",24.4,-0.2,400,3914600,"B"
"HCM","14:00:02",24.4,-0.2,39000,3914200,"S"
"HCM","13:59:59",24.4,-0.2,10000,3875200,"S"
"HCM","13:59:56",24.4,-0.2,2000,3865200,"S"
"HCM","13:59:48",24.4,-0.2,200,3863200,"S"
"HCM","13:59:37",24.4,-0.2,300,3863000,"S"
"HCM","13:59:32",24.4,-0.2,400,3862700,"S"
"HCM","13:59:22",24.4,-0.2,3500,3862300,"S"
"HCM","13:59:11",24.4,-0.2,5000,3858800,"S"
"HCM","13:59:06",24.35,-0.25,100,3853800,"B"
"HCM","13:59:03",24.35,-0.25,400,3853700,"B"
"HCM","13:58:54",24.35,-0.25,400,3853300,"B"
"HCM","13:58:52",24.4,-0.2,100,3852900,"S"
"HCM","13:58:42",24.4,-0.2,1000,3852800,"S"
"HCM","13:58:41",24.35,-0.25,3000,3851800,"B"
"HCM","13:58:23",24.35,-0.25,1000,3848800,"B"
"HCM","13:58:21",24.35,-0.25,3100,3847800,"S"
"HCM","13:58:19",24.35,-0.25,1000,3844700,"S"
"HCM","13:58:15",24.35,-0.25,100,3843700,"S"
"HCM","13:58:14",24.35,-0.25,100,3843600,"S"
"HCM","13:58:12",24.3,-0.3,1000,3843500,"B"
"HCM","13:58:12",24.35,-0.25,600,3842500,"S"
"HCM","13:58:10",24.35,-0.25,3000,3841900,"S"
"HCM","13:58:08",24.35,-0.25,500,3838900,"S"
"HCM","13:58:05",24.35,-0.25,100,3838400,"S"
"HCM","13:58:04",24.35,-0.25,100,3838300,"S"
"HCM","13:58:00",24.35,-0.25,1000,3838200,"S"
"HCM","13:57:59",24.3,-0.3,1000,3837200,"B"
"HCM","13:57:59",24.35,-0.25,500,3836200,"S"
"HCM","13:57:58",24.35,-0.25,100,3835700,"S"
"HCM","13:57:57",24.35,-0.25,300,3835600,"S"
"HCM","13:57:56",24.35,-0.25,300,3835300,"S"
"HCM","13:57:54",24.35,-0.25,11200,3835000,"B"
"HCM","13:57:53",24.35,-0.25,2000,3823800,"B"
"HCM","13:57:45",24.35,-0.25,2000,3821800,"S"
"HCM","13:57:44",24.35,-0.25,5500,3819800,"S"
"HCM","13:57:42",24.35,-0.25,300,3814300,"S"
"HCM","13:57:41",24.35,-0.25,4000,3814000,"S"
"HCM","13:57:40",24.35,-0.25,200,3810000,"S"
"HCM","13:57:39",24.35,-0.25,1000,3809800,"S"
"HCM","13:57:34",24.35,-0.25,15200,3808800,"B"
"HCM","13:57:29",24.35,-0.25,2000,3793600,"B"
"HCM","13:57:28",24.35,-0.25,5000,3791600,"B"
"HCM","13:57:25",24.35,-0.25,1000,3786600,"B"
"HCM","13:57:24",24.4,-0.2,200,3785600,"S"
"HCM","13:57:21",24.35,-0.25,1700,3785400,"B"
"HCM","13:57:21",24.35,-0.25,1000,3783700,"B"
"HCM","13:57:20",24.35,-0.25,16700,3782700,"B"
"HCM","13:57:02",24.35,-0.25,1400,3766000,"B"
"HCM","13:56:57",24.35,-0.25,10000,3764600,"B"
"HCM","13:56:50",24.35,-0.25,3000,3754600,"B"
"HCM","13:56:47",24.4,-0.2,800,3751600,"S"
"HCM","13:56:46",24.35,-0.25,21000,3750800,"B"
"HCM","13:56:46",24.4,-0.2,5000,3729800,"S"
"HCM","13:56:46",24.35,-0.25,100,3724800,"B"
"HCM","13:56:39",24.35,-0.25,10000,3724700,"B"
"HCM","13:56:22",24.35,-0.25,2000,3714700,"B"
"HCM","13:56:20",24.4,-0.2,100,3712700,"S"
"HCM","13:56:19",24.35,-0.25,500,3712600,"B"
"HCM","13:56:14",24.35,-0.25,5500,3712100,"B"
"HCM","13:56:03",24.4,-0.2,500,3706600,"S"
"HCM","13:55:56",24.35,-0.25,1000,3706100,"B"
"HCM","13:55:39",24.35,-0.25,2000,3705100,"B"
"HCM","13:55:36",24.35,-0.25,1000,3703100,"B"
"HCM","13:55:27",24.4,-0.2,100,3702100,"S"
"HCM","13:55:26",24.35,-0.25,6300,3702000,"B"
"HCM","13:55:24",24.4,-0.2,12400,3695700,"B"
"HCM","13:55:23",24.4,-0.2,11400,3683300,"B"
"HCM","13:55:21",24.4,-0.2,1200,3671900,"B"
"HCM","13:55:17",24.4,-0.2,500,3670700,"B"
"HCM","13:55:16",24.45,-0.15,11100,3670200,"S"
"HCM","13:55:12",24.4,-0.2,25000,3659100,"B"
"HCM","13:55:10",24.4,-0.2,10000,3634100,"B"
"HCM","13:55:09",24.4,-0.2,20000,3624100,"B"
"HCM","13:55:07",24.4,-0.2,2000,3604100,"B"
"HCM","13:55:01",24.4,-0.2,1000,3602100,"B"
"HCM","13:54:57",24.45,-0.15,600,3601100,"S"
"HCM","13:54:48",24.4,-0.2,200000,3600500,"B"
"HCM","13:54:46",24.4,-0.2,5000,3400500,"B"
"HCM","13:54:40",24.4,-0.2,3200,3395500,"B"
"HCM","13:54:33",24.45,-0.15,2000,3392300,"S"
"HCM","13:54:27",24.45,-0.15,500,3390300,"S"
"HCM","13:54:23",24.45,-0.15,1000,3389800,"S"
"HCM","13:54:13",24.45,-0.15,200,3388800,"S"
"HCM","13:53:52",24.45,-0.15,200,3388600,"S"
"HCM","13:53:43",24.45,-0.15,500,3388400,"S"
"HCM","13:53:42",24.45,-0.15,500,3387900,"S"
"HCM","13:53:29",24.45,-0.15,1200,3387400,"S"
"HCM","13:53:10",24.45,-0.15,100,3386200,"S"
"HCM","13:53:09",24.45,-0.15,2300,3386100,"B"
"HCM","13:53:07",24.45,-0.15,2000,3383800,"B"
"HCM","13:53:05",24.45,-0.15,4500,3381800,"B"
"HCM","13:53:01",24.45,-0.15,38200,3377300,"B"
"HCM","13:52:59",24.45,-0.15,134600,3339100,"B"
"HCM","13:52:52",24.45,-0.15,5000,3204500,"B"
"HCM","13:52:48",24.5,-0.1,2000,3199500,"S"
"HCM","13:52:37",24.5,-0.1,500,3197500,"S"
"HCM","13:52:14",24.5,-0.1,13700,3197000,"S"
"HCM","13:52:01",24.5,-0.1,100,3183300,"S"
"HCM","13:51:52",24.5,-0.1,500,3183200,"S"
"HCM","13:51:52",24.5,-0.1,10000,3182700,"S"
"HCM","13:51:51",24.5,-0.1,200,3172700,"S"
"HCM","13:51:35",24.5,-0.1,100,3172500,"S"
"HCM","13:51:16",24.5,-0.1,300,3172400,"S"
"HCM","13:50:34",24.5,-0.1,400,3172100,"S"
"HCM","13:50:29",24.5,-0.1,1900,3171700,"S"
"HCM","13:50:27",24.5,-0.1,1000,3169800,"S"
"HCM","13:50:02",24.5,-0.1,500,3168800,"S"
"HCM","13:50:00",24.5,-0.1,300,3168300,"S"
"HCM","13:49:49",24.5,-0.1,3000,3168000,"S"
"HCM","13:49:30",24.5,-0.1,2000,3165000,"S"
"HCM","13:49:23",24.5,-0.1,1000,3163000,"S"
"HCM","13:49:18",24.5,-0.1,200,3162000,"S"
"HCM","13:49:12",24.45,-0.15,300,3161800,"B"
"HCM","13:49:02",24.5,-0.1,200,3161500,"S"
"HCM","13:48:59",24.5,-0.1,200,3161300,"S"
"HCM","13:48:52",24.5,-0.1,1000,3161100,"S"
"HCM","13:48:47",24.5,-0.1,100,3160100,"S"
"HCM","13:48:39",24.5,-0.1,1000,3160000,"S"
"HCM","13:48:37",24.5,-0.1,500,3159000,"S"
"HCM","13:48:27",24.5,-0.1,1000,3158500,"S"
"HCM","13:48:19",24.45,-0.15,50000,3157500,"B"
"HCM","13:48:19",24.5,-0.1,1000,3107500,"S"
"HCM","13:48:01",24.5,-0.1,900,3106500,"S"
"HCM","13:48:00",24.5,-0.1,100,3105600,"S"
"HCM","13:47:44",24.5,-0.1,12000,3105500,"S"
"HCM","13:47:35",24.5,-0.1,50000,3093500,"S"
"HCM","13:47:31",24.5,-0.1,500,3043500,"S"
"HCM","13:47:07",24.5,-0.1,100,3043000,"S"
"HCM","13:46:39",24.5,-0.1,25100,3042900,"S"
"HCM","13:46:27",24.45,-0.15,1000,3017800,"B"
"HCM","13:46:26",24.5,-0.1,2000,3016800,"S"
"HCM","13:46:15",24.5,-0.1,100,3014800,"S"
"HCM","13:46:09",24.5,-0.1,100,3014700,"S"
"HCM","13:45:31",24.5,-0.1,2000,3014600,"S"
"HCM","13:45:03",24.5,-0.1,200,3012600,"S"
"HCM","13:44:43",24.5,-0.1,4600,3012400,"S"
"HCM","13:44:26",24.5,-0.1,2000,3007800,"S"
"HCM","13:44:25",24.5,-0.1,200,3005800,"S"
"HCM","13:43:48",24.5,-0.1,2000,3005600,"S"
"HCM","13:43:48",24.45,-0.15,100,3003600,"B"
"HCM","13:42:29",24.5,-0.1,1000,3003500,"S"
"HCM","13:41:52",24.45,-0.15,3600,3002500,"B"
"HCM","13:41:29",24.5,-0.1,5000,2998900,"S"
"HCM","13:41:17",24.5,-0.1,300,2993900,"S"
"HCM","13:40:38",24.5,-0.1,700,2993600,"S"
"HCM","13:40:32",24.5,-0.1,4300,2992900,"B"
"HCM","13:40:20",24.5,-0.1,1000,2988600,"B"
"HCM","13:40:15",24.5,-0.1,9800,2987600,"S"
"HCM","13:40:13",24.5,-0.1,5000,2977800,"S"
"HCM","13:40:12",24.5,-0.1,200,2972800,"B"
"HCM","13:40:00",24.5,-0.1,900,2972600,"S"
"HCM","13:39:57",24.5,-0.1,100,2971700,"S"
"HCM","13:39:50",24.5,-0.1,100,2971600,"S"
"HCM","13:39:39",24.5,-0.1,1500,2971500,"S"
"HCM","13:39:32",24.5,-0.1,10000,2970000,"S"
"HCM","13:39:22",24.5,-0.1,100,2960000,"S"
"HCM","13:39:16",24.5,-0.1,100,2959900,"S"
"HCM","13:39:06",24.5,-0.1,200,2959800,"S"
"HCM","13:38:59",24.5,-0.1,100,2959600,"S"
"HCM","13:38:54",24.5,-0.1,2900,2959500,"B"
"HCM","13:38:48",24.5,-0.1,17100,2956600,"S"
"HCM","13:38:47",24.45,-0.15,1700,2939500,"B"
"HCM","13:38:36",24.5,-0.1,300,2937800,"S"
"HCM","13:38:28",24.45,-0.15,200,2937500,"B"
"HCM","13:37:51",24.45,-0.15,5000,2937300,"B"
"HCM","13:37:49",24.5,-0.1,1000,2932300,"S"
"HCM","13:37:48",24.45,-0.15,500,2931300,"B"
"HCM","13:37:26",24.5,-0.1,400,2930800,"S"
"HCM","13:37:01",24.5,-0.1,500,2930400,"S"
"HCM","13:37:00",24.5,-0.1,100,2929900,"S"
"HCM","13:36:56",24.5,-0.1,1000,2929800,"S"
"HCM","13:36:54",24.5,-0.1,5000,2928800,"S"
"HCM","13:36:41",24.5,-0.1,5000,2923800,"S"
"HCM","13:36:39",24.5,-0.1,100,2918800,"S"
"HCM","13:36:35",24.5,-0.1,2000,2918700,"S"
"HCM","13:36:23",24.5,-0.1,2000,2916700,"S"
"HCM","13:36:08",24.5,-0.1,1000,2914700,"S"
"HCM","13:36:07",24.5,-0.1,100,2913700,"S"
"HCM","13:35:56",24.5,-0.1,500,2913600,"S"
"HCM","13:35:55",24.5,-0.1,900,2913100,"S"
"HCM","13:35:47",24.5,-0.1,500,2912200,"S"
"HCM","13:35:24",24.5,-0.1,300,2911700,"S"
"HCM","13:35:07",24.5,-0.1,2800,2911400,"B"
"HCM","13:35:04",24.5,-0.1,100,2908600,"B"
"HCM","13:34:40",24.5,-0.1,2000,2908500,"B"
"HCM","13:34:26",24.5,-0.1,700,2906500,"S"
"HCM","13:34:18",24.5,-0.1,2000,2905800,"S"
"HCM","13:34:14",24.5,-0.1,1000,2903800,"S"
"HCM","13:34:08",24.5,-0.1,4000,2902800,"B"
"HCM","13:34:04",24.5,-0.1,10000,2898800,"B"
"HCM","13:33:52",24.55,-0.05,400,2888800,"S"
"HCM","13:33:27",24.5,-0.1,1700,2888400,"B"
"HCM","13:33:26",24.5,-0.1,8300,2886700,"B"
"HCM","13:32:46",24.5,-0.1,10000,2878400,"B"
"HCM","13:32:22",24.55,-0.05,600,2868400,"S"
"HCM","13:32:18",24.55,-0.05,400,2867800,"S"
"HCM","13:32:12",24.5,-0.1,10000,2867400,"B"
"HCM","13:32:11",24.5,-0.1,12800,2857400,"B"
"HCM","13:31:30",24.5,-0.1,1700,2844600,"B"
"HCM","13:31:20",24.5,-0.1,4000,2842900,"B"
"HCM","13:30:51",24.5,-0.1,100,2838900,"B"
"HCM","13:30:50",24.55,-0.05,400,2838800,"S"
"HCM","13:30:48",24.5,-0.1,6000,2838400,"B"
"HCM","13:30:47",24.5,-0.1,7400,2832400,"S"
"HCM","13:30:46",24.5,-0.1,100,2825000,"S"
"HCM","13:30:43",24.5,-0.1,2000,2824900,"S"
"HCM","13:30:40",24.5,-0.1,1000,2822900,"S"
"HCM","13:30:33",24.45,-0.15,500,2821900,"B"
"HCM","13:30:31",24.5,-0.1,1000,2821400,"S"
"HCM","13:30:28",24.5,-0.1,1900,2820400,"S"
"HCM","13:30:27",24.5,-0.1,200,2818500,"S"
"HCM","13:30:25",24.5,-0.1,2000,2818300,"S"
"HCM","13:30:23",24.5,-0.1,600,2816300,"S"
"HCM","13:29:48",24.5,-0.1,600,2815700,"S"
"HCM","13:29:44",24.5,-0.1,200,2815100,"S"
"HCM","13:29:34",24.5,-0.1,500,2814900,"B"
"HCM","13:29:32",24.5,-0.1,14600,2814400,"B"
"HCM","13:29:31",24.5,-0.1,7000,2799800,"B"
"HCM","13:29:29",24.5,-0.1,50000,2792800,"B"
"HCM","13:29:20",24.5,-0.1,10000,2742800,"B"
"HCM","13:29:12",24.55,-0.05,100,2732800,"S"
"HCM","13:29:12",24.5,-0.1,10000,2732700,"B"
"HCM","13:29:10",24.5,-0.1,10000,2722700,"B"
"HCM","13:28:55",24.5,-0.1,500,2712700,"B"
"HCM","13:28:45",24.5,-0.1,7600,2712200,"B"
"HCM","13:28:32",24.5,-0.1,2000,2704600,"B"
"HCM","13:28:31",24.5,-0.1,500,2702600,"B"
"HCM","13:28:12",24.5,-0.1,300,2702100,"B"
"HCM","13:28:08",24.5,-0.1,500,2701800,"B"
"HCM","13:27:57",24.5,-0.1,800,2701300,"B"
"HCM","13:27:56",24.55,-0.05,200,2700500,"S"
"HCM","13:27:51",24.5,-0.1,50000,2700300,"B"
"HCM","13:27:48",24.5,-0.1,10000,2650300,"B"
"HCM","13:27:45",24.55,-0.05,100,2640300,"S"
"HCM","13:27:40",24.5,-0.1,1000,2640200,"B"
"HCM","13:27:19",24.5,-0.1,30000,2639200,"B"
"HCM","13:27:15",24.5,-0.1,10000,2609200,"B"
"HCM","13:27:09",24.5,-0.1,10000,2599200,"B"
"HCM","13:27:00",24.5,-0.1,300,2589200,"B"
"HCM","13:26:45",24.5,-0.1,2000,2588900,"B"
"HCM","13:26:22",24.5,-0.1,50000,2586900,"B"
"HCM","13:26:19",24.5,-0.1,300,2536900,"B"
"HCM","13:25:56",24.5,-0.1,5000,2536600,"B"
"HCM","13:25:52",24.5,-0.1,10000,2531600,"B"
"HCM","13:25:46",24.55,-0.05,1000,2521600,"S"
"HCM","13:25:19",24.5,-0.1,100,2520600,"B"
"HCM","13:25:06",24.5,-0.1,10000,2520500,"B"
"HCM","13:24:56",24.55,-0.05,400,2510500,"S"
"HCM","13:24:55",24.55,-0.05,1000,2510100,"S"
"HCM","13:24:55",24.5,-0.1,4300,2509100,"B"
"HCM","13:24:54",24.5,-0.1,4000,2504800,"B"
"HCM","13:24:27",24.5,-0.1,1000,2500800,"B"
"HCM","13:24:19",24.5,-0.1,100,2499800,"B"
"HCM","13:24:14",24.55,-0.05,5000,2499700,"S"
"HCM","13:24:13",24.55,-0.05,2000,2494700,"S"
"HCM","13:23:58",24.55,-0.05,6100,2492700,"S"
"HCM","13:23:15",24.55,-0.05,600,2486600,"S"
"HCM","13:22:50",24.55,-0.05,100,2486000,"S"
"HCM","13:22:48",24.55,-0.05,10100,2485900,"S"
"HCM","13:22:47",24.55,-0.05,400,2475800,"S"
"HCM","13:22:43",24.55,-0.05,5000,2475400,"S"
"HCM","13:22:37",24.55,-0.05,100,2470400,"S"
"HCM","13:22:36",24.55,-0.05,900,2470300,"S"
"HCM","13:22:29",24.55,-0.05,600,2469400,"S"
"HCM","13:22:26",24.5,-0.1,1000,2468800,"B"
"HCM","13:22:18",24.55,-0.05,500,2467800,"S"
"HCM","13:22:16",24.55,-0.05,1000,2467300,"S"
"HCM","13:22:12",24.55,-0.05,2000,2466300,"S"
"HCM","13:21:51",24.55,-0.05,100,2464300,"S"
"HCM","13:21:14",24.55,-0.05,200,2464200,"S"
"HCM","13:20:52",24.55,-0.05,100,2464000,"S"
"HCM","13:20:47",24.5,-0.1,10000,2463900,"B"
"HCM","13:20:29",24.5,-0.1,300,2453900,"B"
"HCM","13:20:28",24.55,-0.05,500,2453600,"S"
"HCM","13:20:11",24.55,-0.05,1900,2453100,"S"
"HCM","13:19:09",24.55,-0.05,300,2451200,"S"
"HCM","13:19:07",24.55,-0.05,200,2450900,"S"
"HCM","13:18:46",24.55,-0.05,500,2450700,"S"
"HCM","13:18:09",24.55,-0.05,2000,2450200,"S"
"HCM","13:17:53",24.55,-0.05,200,2448200,"S"
"HCM","13:17:52",24.5,-0.1,100,2448000,"B"
"HCM","13:17:32",24.5,-0.1,10000,2447900,"B"
"HCM","13:17:29",24.5,-0.1,100,2437900,"B"
"HCM","13:17:28",24.5,-0.1,5000,2437800,"B"
"HCM","13:17:18",24.5,-0.1,7000,2432800,"B"
"HCM","13:17:06",24.5,-0.1,100,2425800,"B"
"HCM","13:17:05",24.5,-0.1,1000,2425700,"B"
"HCM","13:15:47",24.5,-0.1,300,2424700,"B"
"HCM","13:15:38",24.5,-0.1,4200,2424400,"S"
"HCM","13:15:34",24.5,-0.1,500,2420200,"S"
"HCM","13:15:33",24.5,-0.1,100,2419700,"S"
"HCM","13:15:32",24.5,-0.1,500,2419600,"S"
"HCM","13:15:31",24.5,-0.1,2000,2419100,"S"
"HCM","13:15:25",24.5,-0.1,200,2417100,"S"
"HCM","13:15:24",24.5,-0.1,2500,2416900,"B"
"HCM","13:15:23",24.55,-0.05,5000,2414400,"S"
"HCM","13:15:14",24.5,-0.1,300,2409400,"B"
"HCM","13:15:12",24.5,-0.1,16000,2409100,"B"
"HCM","13:15:10",24.5,-0.1,1400,2393100,"B"
"HCM","13:15:04",24.5,-0.1,10000,2391700,"B"
"HCM","13:14:52",24.5,-0.1,10000,2381700,"B"
"HCM","13:14:49",24.5,-0.1,100000,2371700,"B"
"HCM","13:14:46",24.5,-0.1,10000,2271700,"B"
"HCM","13:14:44",24.5,-0.1,500,2261700,"B"
"HCM","13:14:36",24.5,-0.1,30000,2261200,"B"
"HCM","13:14:26",24.5,-0.1,3200,2231200,"B"
"HCM","13:14:17",24.5,-0.1,4000,2228000,"B"
"HCM","13:13:55",24.5,-0.1,1000,2224000,"B"
"HCM","13:13:38",24.5,-0.1,5000,2223000,"B"
"HCM","13:13:33",24.5,-0.1,500,2218000,"B"
"HCM","13:13:15",24.5,-0.1,3000,2217500,"B"
"HCM","13:13:01",24.5,-0.1,100,2214500,"B"
"HCM","13:11:37",24.5,-0.1,1000,2214400,"B"
"HCM","13:11:32",24.55,-0.05,900,2213400,"S"
"HCM","13:09:36",24.5,-0.1,200,2212500,"B"
"HCM","13:08:54",24.5,-0.1,500,2212300,"B"
"HCM","13:07:57",24.5,-0.1,100,2211800,"B"
"HCM","13:07:53",24.5,-0.1,200,2211700,"B"
"HCM","13:07:47",24.5,-0.1,300,2211500,"B"
"HCM","13:07:30",24.5,-0.1,50000,2211200,"B"
"HCM","13:07:23",24.5,-0.1,1600,2161200,"B"
"HCM","13:07:18",24.5,-0.1,500,2159600,"B"
"HCM","13:07:14",24.5,-0.1,1500,2159100,"B"
"HCM","13:07:08",24.5,-0.1,10000,2157600,"B"
"HCM","13:06:56",24.55,-0.05,100,2147600,"S"
"HCM","13:06:23",24.55,-0.05,1000,2147500,"S"
"HCM","13:06:22",24.5,-0.1,100,2146500,"B"
"HCM","13:05:53",24.5,-0.1,100,2146400,"B"
"HCM","13:05:37",24.55,-0.05,100,2146300,"S"
"HCM","13:05:26",24.55,-0.05,1400,2146200,"S"
"HCM","13:05:02",24.5,-0.1,100,2144800,"B"
"HCM","13:05:01",24.5,-0.1,1000,2144700,"B"
"HCM","13:04:53",24.55,-0.05,1500,2143700,"S"
"HCM","13:04:45",24.5,-0.1,8300,2142200,"B"
"HCM","13:04:39",24.5,-0.1,100,2133900,"B"
"HCM","13:04:33",24.5,-0.1,800,2133800,"B"
"HCM","13:04:26",24.5,-0.1,2000,2133000,"B"
"HCM","13:04:25",24.5,-0.1,3000,2131000,"B"
"HCM","13:03:59",24.5,-0.1,5000,2128000,"B"
"HCM","13:02:53",24.55,-0.05,300,2123000,"S"
"HCM","13:02:39",24.5,-0.1,2000,2122700,"B"
"HCM","13:02:06",24.5,-0.1,2000,2120700,"B"
"HCM","13:01:36",24.5,-0.1,1000,2118700,"B"
"HCM","13:01:28",24.55,-0.05,1000,2117700,"S"
"HCM","13:01:00",24.5,-0.1,100,2116700,"B"
"HCM","13:00:55",24.5,-0.1,5000,2116600,"B"
"HCM","13:00:53",24.5,-0.1,200,2111600,"B"
"HCM","13:00:44",24.5,-0.1,500,2111400,"B"
"HCM","13:00:29",24.5,-0.1,1000,2110900,"B"
"HCM","13:00:27",24.55,-0.05,300,2109900,"S"
"HCM","13:00:24",24.5,-0.1,14600,2109600,"B"
"HCM","13:00:17",24.55,-0.05,700,2095000,"S"
"HCM","13:00:15",24.55,-0.05,3000,2094300,"S"
"HCM","13:00:05",24.55,-0.05,300,2091300,"S"
"HCM","11:29:59",24.55,-0.05,2000,2091000,"S"
"HCM","11:29:34",24.55,-0.05,200,2089000,"S"
"HCM","11:29:13",24.55,-0.05,5000,2088800,"S"
"HCM","11:28:49",24.55,-0.05,1000,2083800,"S"
"HCM","11:28:22",24.5,-0.1,10000,2082800,"B"
"HCM","11:28:05",24.5,-0.1,2200,2072800,"B"
"HCM","11:27:33",24.5,-0.1,400,2070600,"B"
"HCM","11:27:31",24.55,-0.05,2800,2070200,"S"
"HCM","11:26:50",24.55,-0.05,1000,2067400,"S"
"HCM","11:26:45",24.55,-0.05,5000,2066400,"S"
"HCM","11:25:57",24.55,-0.05,2000,2061400,"S"
"HCM","11:25:43",24.55,-0.05,5000,2059400,"S"
"HCM","11:25:41",24.55,-0.05,1500,2054400,"S"
"HCM","11:24:58",24.55,-0.05,500,2052900,"S"
"HCM","11:24:52",24.55,-0.05,5000,2052400,"S"
"HCM","11:22:48",24.5,-0.1,4000,2047400,"B"
"HCM","11:21:57",24.55,-0.05,200,2043400,"S"
"HCM","11:21:54",24.55,-0.05,1900,2043200,"S"
"HCM","11:21:39",24.55,-0.05,19900,2041300,"B"
"HCM","11:21:16",24.55,-0.05,600,2021400,"B"
"HCM","11:20:38",24.55,-0.05,1000,2020800,"B"
"HCM","11:20:31",24.6,0,1000,2019800,"S"
"HCM","11:20:29",24.55,-0.05,1000,2018800,"B"
"HCM","11:20:13",24.55,-0.05,5000,2017800,"B"
"HCM","11:20:05",24.55,-0.05,54500,2012800,"S"
"HCM","11:20:05",24.5,-0.1,25000,1958300,"B"
"HCM","11:19:51",24.5,-0.1,7000,1933300,"B"
"HCM","11:19:30",24.5,-0.1,400,1926300,"B"
"HCM","11:19:20",24.55,-0.05,100,1925900,"S"
"HCM","11:18:54",24.55,-0.05,2000,1925800,"S"
"HCM","11:17:52",24.55,-0.05,2000,1923800,"S"
"HCM","11:17:33",24.55,-0.05,1000,1921800,"S"
"HCM","11:17:19",24.55,-0.05,300,1920800,"S"
"HCM","11:16:04",24.55,-0.05,1000,1920500,"S"
"HCM","11:16:04",24.5,-0.1,700,1919500,"B"
"HCM","11:15:19",24.5,-0.1,2000,1918800,"B"
"HCM","11:14:50",24.55,-0.05,100,1916800,"S"
"HCM","11:14:33",24.55,-0.05,100,1916700,"S"
"HCM","11:14:20",24.55,-0.05,500,1916600,"S"
"HCM","11:13:57",24.55,-0.05,100,1916100,"S"
"HCM","11:13:51",24.55,-0.05,2000,1916000,"S"
"HCM","11:13:04",24.55,-0.05,100,1914000,"S"
"HCM","11:12:53",24.55,-0.05,100,1913900,"S"
"HCM","11:12:37",24.55,-0.05,100,1913800,"S"
"HCM","11:12:33",24.55,-0.05,4900,1913700,"S"
"HCM","11:12:20",24.55,-0.05,1000,1908800,"S"
"HCM","11:11:48",24.55,-0.05,1900,1907800,"S"
"HCM","11:11:39",24.55,-0.05,10300,1905900,"B"
"HCM","11:11:38",24.55,-0.05,200,1895600,"B"
"HCM","11:11:34",24.55,-0.05,300,1895400,"B"
"HCM","11:11:23",24.55,-0.05,1000,1895100,"B"
"HCM","11:11:21",24.55,-0.05,1000,1894100,"B"
"HCM","11:11:15",24.55,-0.05,1000,1893100,"B"
"HCM","11:11:09",24.55,-0.05,14300,1892100,"S"
"HCM","11:11:05",24.5,-0.1,500,1877800,"B"
"HCM","11:10:21",24.5,-0.1,300,1877300,"B"
"HCM","11:08:44",24.5,-0.1,70000,1877000,"B"
"HCM","11:08:32",24.5,-0.1,500,1807000,"B"
"HCM","11:08:19",24.5,-0.1,5100,1806500,"B"
"HCM","11:07:48",24.5,-0.1,1000,1801400,"B"
"HCM","11:07:46",24.55,-0.05,2000,1800400,"S"
"HCM","11:07:40",24.55,-0.05,6000,1798400,"S"
"HCM","11:07:10",24.55,-0.05,1200,1792400,"B"
"HCM","11:07:10",24.55,-0.05,6300,1791200,"B"
"HCM","11:07:08",24.55,-0.05,10000,1784900,"B"
"HCM","11:07:07",24.55,-0.05,6000,1774900,"B"
"HCM","11:07:04",24.55,-0.05,5000,1768900,"B"
"HCM","11:07:03",24.55,-0.05,19800,1763900,"B"
"HCM","11:07:01",24.55,-0.05,400,1744100,"B"
"HCM","11:06:58",24.55,-0.05,20000,1743700,"B"
"HCM","11:06:29",24.55,-0.05,2000,1723700,"B"
"HCM","11:06:05",24.55,-0.05,2000,1721700,"B"
"HCM","11:05:37",24.55,-0.05,4000,1719700,"B"
"HCM","11:05:26",24.55,-0.05,1000,1715700,"B"
"HCM","11:04:58",24.55,-0.05,20000,1714700,"B"
"HCM","11:04:54",24.55,-0.05,3000,1694700,"B"
"HCM","11:04:45",24.55,-0.05,20000,1691700,"B"
"HCM","11:03:41",24.55,-0.05,2000,1671700,"B"
"HCM","11:02:46",24.55,-0.05,4500,1669700,"B"
"HCM","11:02:14",24.55,-0.05,1600,1665200,"B"
"HCM","11:01:43",24.6,0,1900,1663600,"S"
"HCM","11:01:21",24.6,0,2000,1661700,"S"
"HCM","11:00:22",24.6,0,100,1659700,"S"
"HCM","11:00:21",24.6,0,600,1659600,"S"
"HCM","11:00:15",24.6,0,4300,1659000,"S"
"HCM","11:00:07",24.6,0,2000,1654700,"S"
"HCM","10:59:41",24.6,0,2000,1652700,"S"
"HCM","10:58:50",24.6,0,10000,1650700,"S"
"HCM","10:57:40",24.6,0,2000,1640700,"S"
"HCM","10:56:22",24.6,0,3000,1638700,"S"
"HCM","10:54:43",24.55,-0.05,900,1635700,"B"
"HCM","10:54:20",24.6,0,300,1634800,"S"
"HCM","10:54:13",24.6,0,200,1634500,"S"
"HCM","10:53:38",24.6,0,2000,1634300,"S"
"HCM","10:51:47",24.6,0,300,1632300,"S"
"HCM","10:51:36",24.6,0,1800,1632000,"S"
"HCM","10:51:36",24.6,0,100,1630200,"S"
"HCM","10:51:16",24.6,0,13200,1630100,"S"
"HCM","10:51:05",24.55,-0.05,3000,1616900,"B"
"HCM","10:50:46",24.6,0,8000,1613900,"S"
"HCM","10:50:38",24.55,-0.05,1700,1605900,"B"
"HCM","10:49:55",24.6,0,17400,1604200,"S"
"HCM","10:49:35",24.6,0,2000,1586800,"S"
"HCM","10:48:53",24.6,0,3000,1584800,"S"
"HCM","10:48:02",24.55,-0.05,10000,1581800,"B"
"HCM","10:47:48",24.6,0,500,1571800,"S"
"HCM","10:47:12",24.55,-0.05,20000,1571300,"B"
"HCM","10:46:34",24.55,-0.05,10000,1551300,"B"
"HCM","10:46:28",24.55,-0.05,1600,1541300,"B"
"HCM","10:46:27",24.55,-0.05,4900,1539700,"B"
"HCM","10:46:15",24.55,-0.05,1000,1534800,"B"
"HCM","10:45:43",24.55,-0.05,1000,1533800,"B"
"HCM","10:45:06",24.55,-0.05,5000,1532800,"B"
"HCM","10:44:33",24.55,-0.05,9200,1527800,"S"
"HCM","10:44:13",24.55,-0.05,200,1518600,"S"
"HCM","10:44:11",24.55,-0.05,1000,1518400,"S"
"HCM","10:43:49",24.55,-0.05,300,1517400,"S"
"HCM","10:43:43",24.55,-0.05,6900,1517100,"B"
"HCM","10:43:21",24.55,-0.05,2200,1510200,"S"
"HCM","10:43:20",24.55,-0.05,200,1508000,"S"
"HCM","10:43:12",24.55,-0.05,200,1507800,"S"
"HCM","10:43:10",24.55,-0.05,100,1507600,"S"
"HCM","10:42:58",24.55,-0.05,100,1507500,"S"
"HCM","10:42:50",24.55,-0.05,200,1507400,"S"
"HCM","10:42:43",24.55,-0.05,600,1507200,"B"
"HCM","10:42:42",24.55,-0.05,17000,1506600,"B"
"HCM","10:42:19",24.55,-0.05,30000,1489600,"B"
"HCM","10:42:08",24.6,0,1100,1459600,"S"
"HCM","10:41:30",24.6,0,1900,1458500,"S"
"HCM","10:41:24",24.6,0,1200,1456600,"S"
"HCM","10:41:05",24.6,0,2500,1455400,"S"
"HCM","10:41:03",24.55,-0.05,200,1452900,"B"
"HCM","10:40:57",24.6,0,500,1452700,"S"
"HCM","10:40:52",24.55,-0.05,100,1452200,"B"
"HCM","10:40:38",24.55,-0.05,7500,1452100,"S"
"HCM","10:40:30",24.55,-0.05,3800,1444600,"B"
"HCM","10:40:24",24.55,-0.05,10000,1440800,"B"
"HCM","10:40:15",24.55,-0.05,3000,1430800,"B"
"HCM","10:40:01",24.55,-0.05,30000,1427800,"B"
"HCM","10:40:01",24.55,-0.05,100,1397800,"B"
"HCM","10:39:52",24.55,-0.05,300,1397700,"B"
"HCM","10:39:26",24.55,-0.05,100,1397400,"B"
"HCM","10:38:33",24.55,-0.05,600,1397300,"B"
"HCM","10:38:20",24.55,-0.05,500,1396700,"B"
"HCM","10:37:53",24.55,-0.05,30000,1396200,"B"
"HCM","10:37:38",24.6,0,500,1366200,"S"
"HCM","10:37:28",24.6,0,2000,1365700,"S"
"HCM","10:36:52",24.6,0,500,1363700,"S"
"HCM","10:36:51",24.55,-0.05,10000,1363200,"B"
"HCM","10:36:29",24.55,-0.05,20000,1353200,"B"
"HCM","10:35:29",24.6,0,1000,1333200,"S"
"HCM","10:35:27",24.6,0,2000,1332200,"S"
"HCM","10:35:14",24.6,0,1000,1330200,"S"
"HCM","10:34:51",24.6,0,200,1329200,"S"
"HCM","10:34:51",24.6,0,800,1329000,"S"
"HCM","10:34:38",24.55,-0.05,10000,1328200,"B"
"HCM","10:34:27",24.55,-0.05,100,1318200,"B"
"HCM","10:34:06",24.55,-0.05,1000,1318100,"B"
"HCM","10:33:06",24.55,-0.05,10000,1317100,"B"
"HCM","10:33:00",24.55,-0.05,10000,1307100,"B"
"HCM","10:32:31",24.6,0,100,1297100,"S"
"HCM","10:31:24",24.6,0,1900,1297000,"S"
"HCM","10:31:22",24.6,0,100,1295100,"S"
"HCM","10:31:06",24.55,-0.05,5000,1295000,"B"
"HCM","10:30:57",24.55,-0.05,10000,1290000,"B"
"HCM","10:30:54",24.55,-0.05,2700,1280000,"B"
"HCM","10:30:50",24.6,0,300,1277300,"S"
"HCM","10:30:50",24.55,-0.05,400,1277000,"B"
"HCM","10:30:34",24.55,-0.05,5000,1276600,"B"
"HCM","10:30:01",24.55,-0.05,30000,1271600,"B"
"HCM","10:29:43",24.6,0,200,1241600,"S"
"HCM","10:29:41",24.6,0,5000,1241400,"S"
"HCM","10:29:26",24.6,0,1900,1236400,"S"
"HCM","10:29:25",24.6,0,10000,1234500,"S"
"HCM","10:29:23",24.6,0,2000,1224500,"S"
"HCM","10:29:13",24.6,0,1000,1222500,"S"
"HCM","10:29:04",24.6,0,10000,1221500,"S"
"HCM","10:28:33",24.55,-0.05,10000,1211500,"B"
"HCM","10:28:27",24.55,-0.05,400,1201500,"B"
"HCM","10:28:17",24.55,-0.05,5000,1201100,"B"
"HCM","10:27:27",24.55,-0.05,7100,1196100,"S"
"HCM","10:27:25",24.55,-0.05,300,1189000,"S"
"HCM","10:27:22",24.55,-0.05,2000,1188700,"S"
"HCM","10:27:21",24.55,-0.05,1600,1186700,"B"
"HCM","10:27:15",24.55,-0.05,1100,1185100,"B"
"HCM","10:27:15",24.55,-0.05,900,1184000,"B"
"HCM","10:26:57",24.55,-0.05,10000,1183100,"B"
"HCM","10:26:38",24.55,-0.05,200,1173100,"B"
"HCM","10:26:17",24.55,-0.05,1000,1172900,"B"
"HCM","10:25:48",24.6,0,1000,1171900,"S"
"HCM","10:25:11",24.55,-0.05,10000,1170900,"B"
"HCM","10:25:02",24.6,0,10000,1160900,"S"
"HCM","10:24:26",24.55,-0.05,3600,1150900,"S"
"HCM","10:24:23",24.55,-0.05,2000,1147300,"S"
"HCM","10:24:15",24.55,-0.05,1000,1145300,"S"
"HCM","10:24:08",24.55,-0.05,2000,1144300,"S"
"HCM","10:23:48",24.55,-0.05,1400,1142300,"B"
"HCM","10:23:31",24.55,-0.05,9100,1140900,"S"
"HCM","10:23:20",24.55,-0.05,2000,1131800,"S"
"HCM","10:23:00",24.55,-0.05,1000,1129800,"S"
"HCM","10:22:49",24.55,-0.05,200,1128800,"S"
"HCM","10:22:40",24.55,-0.05,2000,1128600,"S"
"HCM","10:22:07",24.55,-0.05,2000,1126600,"S"
"HCM","10:21:52",24.55,-0.05,4500,1124600,"B"
"HCM","10:21:51",24.55,-0.05,3200,1120100,"B"
"HCM","10:21:48",24.55,-0.05,600,1116900,"B"
"HCM","10:21:28",24.55,-0.05,100,1116300,"B"
"HCM","10:21:20",24.55,-0.05,600,1116200,"B"
"HCM","10:21:01",24.55,-0.05,800,1115600,"B"
"HCM","10:20:58",24.55,-0.05,7000,1114800,"B"
"HCM","10:20:52",24.55,-0.05,200,1107800,"B"
"HCM","10:20:49",24.55,-0.05,200,1107600,"B"
"HCM","10:20:47",24.55,-0.05,200,1107400,"B"
"HCM","10:20:41",24.55,-0.05,200,1107200,"B"
"HCM","10:20:28",24.55,-0.05,1000,1107000,"B"
"HCM","10:20:26",24.55,-0.05,1000,1106000,"B"
"HCM","10:20:25",24.55,-0.05,1000,1105000,"B"
"HCM","10:20:22",24.55,-0.05,5000,1104000,"B"
"HCM","10:20:22",24.55,-0.05,200,1099000,"B"
"HCM","10:19:15",24.55,-0.05,5000,1098800,"B"
"HCM","10:18:52",24.55,-0.05,10000,1093800,"B"
"HCM","10:18:10",24.55,-0.05,1000,1083800,"B"
"HCM","10:18:02",24.55,-0.05,6500,1082800,"S"
"HCM","10:18:01",24.5,-0.1,8000,1076300,"B"
"HCM","10:17:53",24.55,-0.05,100,1068300,"S"
"HCM","10:17:51",24.55,-0.05,400,1068200,"S"
"HCM","10:16:40",24.5,-0.1,900,1067800,"B"
"HCM","10:16:16",24.5,-0.1,2000,1066900,"B"
"HCM","10:16:15",24.55,-0.05,10000,1064900,"S"
"HCM","10:16:04",24.5,-0.1,1600,1054900,"B"
"HCM","10:15:44",24.55,-0.05,300,1053300,"B"
"HCM","10:15:40",24.55,-0.05,700,1053000,"S"
"HCM","10:15:32",24.55,-0.05,30000,1052300,"S"
"HCM","10:15:21",24.55,-0.05,2000,1022300,"S"
"HCM","10:15:14",24.55,-0.05,200,1020300,"S"
"HCM","10:14:53",24.5,-0.1,2500,1020100,"B"
"HCM","10:14:21",24.55,-0.05,100,1017600,"S"
"HCM","10:13:30",24.5,-0.1,1900,1017500,"B"
"HCM","10:13:14",24.55,-0.05,2000,1015600,"S"
"HCM","10:13:11",24.55,-0.05,200,1013600,"S"
"HCM","10:12:45",24.55,-0.05,300,1013400,"B"
"HCM","10:12:40",24.55,-0.05,200,1013100,"S"
"HCM","10:12:31",24.55,-0.05,500,1012900,"S"
"HCM","10:12:06",24.55,-0.05,200,1012400,"S"
"HCM","10:11:46",24.55,-0.05,300,1012200,"S"
"HCM","10:11:36",24.55,-0.05,9800,1011900,"B"
"HCM","10:11:22",24.55,-0.05,200,1002100,"B"
"HCM","10:11:13",24.6,0,1900,1001900,"S"
"HCM","10:10:48",24.6,0,15600,1000000,"S"
"HCM","10:10:48",24.55,-0.05,4400,984400,"S"
"HCM","10:10:39",24.55,-0.05,5800,980000,"B"
"HCM","10:10:32",24.55,-0.05,5500,974200,"B"
"HCM","10:10:25",24.55,-0.05,8600,968700,"B"
"HCM","10:10:20",24.55,-0.05,200,960100,"B"
"HCM","10:10:04",24.55,-0.05,3000,959900,"B"
"HCM","10:10:04",24.55,-0.05,7000,956900,"B"
"HCM","10:09:19",24.55,-0.05,400,949900,"B"
"HCM","10:09:10",24.55,-0.05,600,949500,"B"
"HCM","10:08:36",24.55,-0.05,600,948900,"B"
"HCM","10:08:17",24.55,-0.05,2000,948300,"B"
"HCM","10:07:54",24.55,-0.05,4000,946300,"B"
"HCM","10:07:53",24.55,-0.05,1000,942300,"B"
"HCM","10:07:51",24.55,-0.05,400,941300,"B"
"HCM","10:07:51",24.55,-0.05,20000,940900,"B"
"HCM","10:07:39",24.55,-0.05,20000,920900,"B"
"HCM","10:07:37",24.55,-0.05,5000,900900,"B"
"HCM","10:07:35",24.55,-0.05,1100,895900,"B"
"HCM","10:07:33",24.55,-0.05,1700,894800,"B"
"HCM","10:07:07",24.55,-0.05,10000,893100,"B"
"HCM","10:06:34",24.55,-0.05,700,883100,"B"
"HCM","10:06:11",24.6,0,1600,882400,"S"
"HCM","10:05:08",24.6,0,2000,880800,"S"
"HCM","10:04:58",24.6,0,2000,878800,"S"
"HCM","10:04:48",24.6,0,200,876800,"S"
"HCM","10:04:40",24.6,0,100,876600,"S"
"HCM","10:04:07",24.6,0,2000,876500,"S"
"HCM","10:03:38",24.6,0,100,874500,"S"
"HCM","10:03:33",24.6,0,100,874400,"S"
"HCM","10:03:16",24.6,0,300,874300,"S"
"HCM","10:03:08",24.6,0,2000,874000,"S"
"HCM","10:03:02",24.6,0,500,872000,"S"
"HCM","10:02:55",24.6,0,1000,871500,"S"
"HCM","10:02:47",24.6,0,300,870500,"S"
"HCM","10:02:18",24.6,0,200,870200,"S"
"HCM","10:02:11",24.6,0,300,870000,"S"
"HCM","10:01:56",24.6,0,50000,869700,"S"
"HCM","10:01:42",24.55,-0.05,1000,819700,"B"
"HCM","10:01:40",24.6,0,100,818700,"S"
"HCM","10:01:07",24.6,0,2000,818600,"S"
"HCM","10:00:43",24.6,0,4000,816600,"S"
"HCM","10:00:35",24.6,0,300,812600,"S"
"HCM","10:00:26",24.6,0,2000,812300,"S"
"HCM","10:00:13",24.6,0,100,810300,"S"
"HCM","10:00:10",24.6,0,100,810200,"S"
"HCM","09:59:40",24.55,-0.05,4000,810100,"B"
"HCM","09:59:12",24.55,-0.05,100,806100,"B"
"HCM","09:58:52",24.55,-0.05,5000,806000,"B"
"HCM","09:57:34",24.55,-0.05,1000,801000,"B"
"HCM","09:57:26",24.55,-0.05,900,800000,"B"
"HCM","09:56:49",24.55,-0.05,2000,799100,"B"
"HCM","09:56:46",24.6,0,200,797100,"S"
"HCM","09:56:17",24.6,0,100,796900,"S"
"HCM","09:56:08",24.6,0,100,796800,"S"
"HCM","09:56:00",24.6,0,2000,796700,"S"
"HCM","09:55:58",24.6,0,100,794700,"S"
"HCM","09:55:46",24.6,0,500,794600,"S"
"HCM","09:55:36",24.6,0,100,794100,"S"
"HCM","09:55:34",24.6,0,100,794000,"S"
"HCM","09:55:29",24.6,0,200,793900,"S"
"HCM","09:55:15",24.6,0,500,793700,"S"
"HCM","09:55:03",24.6,0,2000,793200,"S"
"HCM","09:54:52",24.6,0,100,791200,"S"
"HCM","09:54:47",24.6,0,1000,791100,"S"
"HCM","09:54:46",24.55,-0.05,500,790100,"B"
"HCM","09:54:34",24.6,0,400,789600,"S"
"HCM","09:54:26",24.55,-0.05,1000,789200,"B"
"HCM","09:53:36",24.55,-0.05,1000,788200,"B"
"HCM","09:53:29",24.6,0,1000,787200,"S"
"HCM","09:53:14",24.6,0,500,786200,"S"
"HCM","09:52:35",24.6,0,1000,785700,"S"
"HCM","09:52:35",24.6,0,100,784700,"S"
"HCM","09:52:29",24.6,0,600,784600,"S"
"HCM","09:52:19",24.6,0,600,784000,"S"
"HCM","09:51:37",24.6,0,100,783400,"S"
"HCM","09:51:35",24.6,0,1000,783300,"S"
"HCM","09:51:28",24.6,0,200,782300,"S"
"HCM","09:51:11",24.6,0,1000,782100,"S"
"HCM","09:51:06",24.6,0,100,781100,"S"
"HCM","09:50:59",24.6,0,400,781000,"S"
"HCM","09:50:06",24.6,0,500,780600,"S"
"HCM","09:48:46",24.55,-0.05,10000,780100,"B"
"HCM","09:48:42",24.6,0,500,770100,"S"
"HCM","09:48:12",24.6,0,2200,769600,"S"
"HCM","09:47:36",24.55,-0.05,500,767400,"B"
"HCM","09:47:35",24.6,0,115000,766900,"S"
"HCM","09:47:20",24.6,0,300,651900,"S"
"HCM","09:47:11",24.6,0,100,651600,"S"
"HCM","09:46:58",24.6,0,100,651500,"S"
"HCM","09:46:48",24.55,-0.05,1500,651400,"B"
"HCM","09:46:43",24.55,-0.05,5000,649900,"B"
"HCM","09:45:31",24.55,-0.05,600,644900,"B"
"HCM","09:45:15",24.6,0,100,644300,"S"
"HCM","09:45:02",24.55,-0.05,1000,644200,"B"
"HCM","09:44:47",24.6,0,200,643200,"S"
"HCM","09:44:42",24.6,0,3000,643000,"S"
"HCM","09:44:34",24.6,0,200,640000,"S"
"HCM","09:44:31",24.6,0,2800,639800,"S"
"HCM","09:44:20",24.6,0,300,637000,"S"
"HCM","09:44:16",24.6,0,1000,636700,"S"
"HCM","09:44:11",24.6,0,500,635700,"S"
"HCM","09:44:01",24.6,0,500,635200,"S"
"HCM","09:43:56",24.6,0,100,634700,"S"
"HCM","09:43:16",24.55,-0.05,2600,634600,"S"
"HCM","09:43:14",24.55,-0.05,300,632000,"S"
"HCM","09:43:13",24.55,-0.05,100,631700,"S"
"HCM","09:43:12",24.55,-0.05,400,631600,"S"
"HCM","09:43:11",24.55,-0.05,1500,631200,"S"
"HCM","09:43:10",24.55,-0.05,100,629700,"S"
"HCM","09:43:09",24.55,-0.05,600,629600,"S"
"HCM","09:43:07",24.55,-0.05,20300,629000,"S"
"HCM","09:43:06",24.55,-0.05,200,608700,"S"
"HCM","09:43:05",24.55,-0.05,3200,608500,"S"
"HCM","09:43:02",24.55,-0.05,1000,605300,"S"
"HCM","09:43:00",24.55,-0.05,1000,604300,"S"
"HCM","09:42:52",24.55,-0.05,500,603300,"S"
"HCM","09:42:51",24.5,-0.1,2000,602800,"B"
"HCM","09:42:42",24.55,-0.05,100,600800,"S"
"HCM","09:42:41",24.55,-0.05,200,600700,"S"
"HCM","09:42:26",24.55,-0.05,2400,600500,"S"
"HCM","09:42:03",24.5,-0.1,41900,598100,"S"
"HCM","09:42:02",24.5,-0.1,24000,556200,"S"
"HCM","09:42:01",24.5,-0.1,100,532200,"S"
"HCM","09:41:58",24.5,-0.1,3000,532100,"S"
"HCM","09:41:58",24.5,-0.1,1500,529100,"S"
"HCM","09:41:57",24.5,-0.1,12000,527600,"S"
"HCM","09:41:56",24.5,-0.1,100,515600,"S"
"HCM","09:41:53",24.5,-0.1,200,515500,"S"
"HCM","09:41:53",24.5,-0.1,33300,515300,"S"
"HCM","09:41:49",24.5,-0.1,2200,482000,"S"
"HCM","09:41:44",24.5,-0.1,1000,479800,"S"
"HCM","09:41:41",24.5,-0.1,5000,478800,"S"
"HCM","09:41:40",24.5,-0.1,1000,473800,"S"
"HCM","09:41:39",24.5,-0.1,6600,472800,"S"
"HCM","09:41:34",24.5,-0.1,5000,466200,"S"
"HCM","09:41:34",24.5,-0.1,2500,461200,"S"
"HCM","09:41:31",24.5,-0.1,100,458700,"S"
"HCM","09:41:27",24.5,-0.1,5000,458600,"S"
"HCM","09:41:19",24.5,-0.1,2000,453600,"S"
"HCM","09:41:18",24.5,-0.1,100,451600,"S"
"HCM","09:41:17",24.5,-0.1,500,451500,"S"
"HCM","09:41:17",24.5,-0.1,500,451000,"S"
"HCM","09:41:10",24.5,-0.1,900,450500,"S"
"HCM","09:41:02",24.5,-0.1,50000,449600,"S"
"HCM","09:40:59",24.5,-0.1,500,399600,"S"
"HCM","09:40:55",24.5,-0.1,200,399100,"S"
"HCM","09:40:40",24.5,-0.1,1100,398900,"S"
"HCM","09:40:36",24.5,-0.1,1000,397800,"S"
"HCM","09:40:35",24.5,-0.1,6000,396800,"S"
"HCM","09:40:33",24.5,-0.1,5000,390800,"S"
"HCM","09:40:29",24.5,-0.1,3400,385800,"S"
"HCM","09:40:28",24.5,-0.1,500,382400,"S"
"HCM","09:40:27",24.5,-0.1,200,381900,"S"
"HCM","09:40:26",24.5,-0.1,1000,381700,"S"
"HCM","09:40:24",24.5,-0.1,200,380700,"S"
"HCM","09:40:18",24.5,-0.1,800,380500,"S"
"HCM","09:40:13",24.5,-0.1,500,379700,"S"
"HCM","09:40:10",24.5,-0.1,3000,379200,"S"
"HCM","09:40:08",24.5,-0.1,500,376200,"S"
"HCM","09:40:05",24.5,-0.1,1000,375700,"S"
"HCM","09:39:54",24.5,-0.1,5000,374700,"S"
"HCM","09:39:52",24.45,-0.15,2500,369700,"B"
"HCM","09:39:22",24.45,-0.15,200,367200,"B"
"HCM","09:39:15",24.45,-0.15,6500,367000,"B"
"HCM","09:38:49",24.45,-0.15,500,360500,"B"
"HCM","09:38:27",24.45,-0.15,400,360000,"B"
"HCM","09:38:25",24.45,-0.15,100,359600,"B"
"HCM","09:38:25",24.5,-0.1,300,359500,"S"
"HCM","09:38:21",24.45,-0.15,7900,359200,"B"
"HCM","09:38:16",24.45,-0.15,2200,351300,"B"
"HCM","09:38:05",24.5,-0.1,200,349100,"S"
"HCM","09:38:03",24.45,-0.15,100,348900,"B"
"HCM","09:37:47",24.5,-0.1,2000,348800,"S"
"HCM","09:37:34",24.45,-0.15,27800,346800,"B"
"HCM","09:37:29",24.45,-0.15,1000,319000,"B"
"HCM","09:37:28",24.5,-0.1,1000,318000,"S"
"HCM","09:37:22",24.45,-0.15,5000,317000,"B"
"HCM","09:37:19",24.45,-0.15,200,312000,"B"
"HCM","09:37:14",24.45,-0.15,6000,311800,"B"
"HCM","09:37:08",24.45,-0.15,7000,305800,"B"
"HCM","09:36:55",24.45,-0.15,200,298800,"B"
"HCM","09:36:46",24.5,-0.1,2000,298600,"S"
"HCM","09:36:43",24.45,-0.15,10000,296600,"B"
"HCM","09:36:42",24.5,-0.1,500,286600,"S"
"HCM","09:36:10",24.45,-0.15,1000,286100,"B"
"HCM","09:36:00",24.45,-0.15,200,285100,"B"
"HCM","09:35:57",24.45,-0.15,1000,284900,"B"
"HCM","09:35:35",24.45,-0.15,800,283900,"B"
"HCM","09:35:28",24.45,-0.15,1300,283100,"B"
"HCM","09:35:24",24.5,-0.1,100,281800,"S"
"HCM","09:35:09",24.45,-0.15,500,281700,"B"
"HCM","09:34:59",24.45,-0.15,500,281200,"B"
"HCM","09:34:55",24.45,-0.15,1700,280700,"B"
"HCM","09:34:43",24.45,-0.15,2000,279000,"B"
"HCM","09:34:30",24.45,-0.15,3000,277000,"B"
"HCM","09:34:24",24.45,-0.15,20000,274000,"B"
"HCM","09:34:05",24.5,-0.1,600,254000,"S"
"HCM","09:34:02",24.45,-0.15,1000,253400,"B"
"HCM","09:33:59",24.45,-0.15,400,252400,"B"
"HCM","09:33:48",24.45,-0.15,1000,252000,"S"
"HCM","09:33:47",24.45,-0.15,200,251000,"S"
"HCM","09:33:46",24.45,-0.15,100,250800,"S"
"HCM","09:33:45",24.45,-0.15,500,250700,"S"
"HCM","09:33:43",24.45,-0.15,200,250200,"S"
"HCM","09:33:42",24.45,-0.15,500,250000,"S"
"HCM","09:33:38",24.45,-0.15,100,249500,"S"
"HCM","09:33:37",24.45,-0.15,1000,249400,"S"
"HCM","09:33:35",24.45,-0.15,1100,248400,"S"
"HCM","09:33:34",24.45,-0.15,400,247300,"S"
"HCM","09:33:28",24.45,-0.15,1000,246900,"S"
"HCM","09:33:26",24.45,-0.15,1400,245900,"S"
"HCM","09:33:21",24.45,-0.15,100,244500,"S"
"HCM","09:33:19",24.45,-0.15,1000,244400,"S"
"HCM","09:33:13",24.45,-0.15,1000,243400,"S"
"HCM","09:33:09",24.45,-0.15,32700,242400,"B"
"HCM","09:33:08",24.5,-0.1,500,209700,"S"
"HCM","09:32:55",24.5,-0.1,500,209200,"S"
"HCM","09:32:54",24.45,-0.15,1000,208700,"B"
"HCM","09:32:52",24.45,-0.15,1000,207700,"B"
"HCM","09:32:41",24.5,-0.1,100,206700,"S"
"HCM","09:32:40",24.5,-0.1,100,206600,"S"
"HCM","09:32:34",24.5,-0.1,100,206500,"S"
"HCM","09:32:32",24.5,-0.1,800,206400,"S"
"HCM","09:32:30",24.5,-0.1,100,205600,"S"
"HCM","09:32:26",24.45,-0.15,2000,205500,"B"
"HCM","09:32:13",24.5,-0.1,200,203500,"S"
"HCM","09:31:51",24.5,-0.1,100,203300,"S"
"HCM","09:31:47",24.5,-0.1,100,203200,"B"
"HCM","09:31:46",24.5,-0.1,6200,203100,"B"
"HCM","09:31:46",24.5,-0.1,13800,196900,"B"
"HCM","09:31:34",24.5,-0.1,100,183100,"B"
"HCM","09:31:22",24.5,-0.1,500,183000,"B"
"HCM","09:31:03",24.5,-0.1,1000,182500,"B"
"HCM","09:30:56",24.5,-0.1,5600,181500,"B"
"HCM","09:30:48",24.5,-0.1,1000,175900,"B"
"HCM","09:30:46",24.5,-0.1,3000,174900,"B"
"HCM","09:30:38",24.5,-0.1,30000,171900,"B"
"HCM","09:30:28",24.55,-0.05,100,141900,"S"
"HCM","09:30:24",24.5,-0.1,900,141800,"B"
"HCM","09:30:05",24.55,-0.05,400,140900,"S"
"HCM","09:29:58",24.5,-0.1,2000,140500,"B"
"HCM","09:29:50",24.5,-0.1,400,138500,"B"
"HCM","09:29:36",24.55,-0.05,5000,138100,"S"
"HCM","09:29:33",24.5,-0.1,5000,133100,"B"
"HCM","09:29:23",24.55,-0.05,100,128100,"S"
"HCM","09:29:15",24.5,-0.1,9100,128000,"B"
"HCM","09:28:38",24.55,-0.05,300,118900,"S"
"HCM","09:28:31",24.55,-0.05,2600,118600,"S"
"HCM","09:28:11",24.55,-0.05,1400,116000,"B"
"HCM","09:28:03",24.55,-0.05,2100,114600,"S"
"HCM","09:28:02",24.55,-0.05,5000,112500,"S"
"HCM","09:27:58",24.55,-0.05,100,107500,"S"
"HCM","09:27:57",24.55,-0.05,100,107400,"S"
"HCM","09:27:53",24.55,-0.05,400,107300,"S"
"HCM","09:27:24",24.55,-0.05,1000,106900,"S"
"HCM","09:27:22",24.5,-0.1,4000,105900,"B"
"HCM","09:27:14",24.55,-0.05,100,101900,"S"
"HCM","09:27:12",24.55,-0.05,1000,101800,"S"
"HCM","09:26:57",24.55,-0.05,2000,100800,"S"
"HCM","09:26:55",24.55,-0.05,1000,98800,"S"
"HCM","09:26:53",24.5,-0.1,8700,97800,"B"
"HCM","09:26:46",24.55,-0.05,1000,89100,"S"
"HCM","09:26:39",24.55,-0.05,500,88100,"S"
"HCM","09:26:33",24.55,-0.05,1000,87600,"S"
"HCM","09:26:26",24.55,-0.05,300,86600,"S"
"HCM","09:26:16",24.55,-0.05,100,86300,"S"
"HCM","09:26:12",24.55,-0.05,100,86200,"S"
"HCM","09:26:10",24.55,-0.05,1000,86100,"S"
"HCM","09:25:48",24.55,-0.05,100,85100,"S"
"HCM","09:25:43",24.55,-0.05,400,85000,"B"
"HCM","09:25:42",24.55,-0.05,600,84600,"B"
"HCM","09:25:41",24.55,-0.05,4400,84000,"B"
"HCM","09:25:35",24.55,-0.05,2000,79600,"B"
"HCM","09:25:33",24.55,-0.05,1000,77600,"B"
"HCM","09:25:14",24.55,-0.05,700,76600,"B"
"HCM","09:24:25",24.55,-0.05,900,75900,"B"
"HCM","09:24:19",24.55,-0.05,200,75000,"B"
"HCM","09:23:47",24.55,-0.05,1100,74800,"B"
"HCM","09:23:35",24.55,-0.05,900,73700,"B"
"HCM","09:23:31",24.6,0,100,72800,"S"
"HCM","09:22:57",24.6,0,800,72700,"S"
"HCM","09:22:50",24.6,0,5400,71900,"B"
"HCM","09:22:48",24.6,0,200,66500,"B"
"HCM","09:22:41",24.65,0.05,100,66300,"S"
"HCM","09:22:40",24.6,0,1000,66200,"B"
"HCM","09:22:22",24.6,0,3000,65200,"B"
"HCM","09:22:09",24.6,0,500,62200,"B"
"HCM","09:21:58",24.6,0,8000,61700,"B"
"HCM","09:21:54",24.6,0,2300,53700,"B"
"HCM","09:21:29",24.6,0,500,51400,"B"
"HCM","09:21:23",24.6,0,900,50900,"B"
"HCM","09:21:18",24.6,0,600,50000,"B"
"HCM","09:21:14",24.6,0,1000,49400,"B"
"HCM","09:21:13",24.6,0,2400,48400,"B"
"HCM","09:21:06",24.6,0,1500,46000,"B"
"HCM","09:20:40",24.65,0.05,1000,44500,"S"
"HCM","09:20:07",24.65,0.05,200,43500,"S"
"HCM","09:18:46",24.65,0.05,1300,43300,"S"
"HCM","09:18:44",24.6,0,5000,42000,"B"
"HCM","09:17:58",24.6,0,100,37000,"B"
"HCM","09:17:54",24.6,0,100,36900,"B"
"HCM","09:17:49",24.6,0,100,36800,"B"
"HCM","09:17:45",24.6,0,100,36700,"B"
"HCM","09:17:39",24.6,0,100,36600,"B"
"HCM","09:17:35",24.6,0,100,36500,"B"
"HCM","09:17:32",24.6,0,100,36400,"B"
"HCM","09:17:23",24.65,0.05,1000,36300,"S"
"HCM","09:17:16",24.6,0,2800,35300,"B"
"HCM","09:17:05",24.65,0.05,3400,32500,"S"
"HCM","09:17:01",24.65,0.05,700,29100,"B"
"HCM","09:16:54",24.65,0.05,200,28400,"B"
"HCM","09:16:52",24.65,0.05,800,28200,"S"
"HCM","09:16:45",24.65,0.05,200,27400,"B"
"HCM","09:16:31",24.65,0.05,1000,27200,"B"
"HCM","09:16:07",24.65,0.05,1500,26200,"B"
"HCM","09:15:53",24.65,0.05,1000,24700,"B"
"HCM","09:15:00",24.7,0.1,23700,23700,
