"symbol","time","price","change","vol","total","side"
"MSB","14:45:01",13.8,0.2,251200,12395600,
"MSB","14:29:57",13.8,0.2,300,12144400,"S"
"MSB","14:29:55",13.8,0.2,2400,12144100,"S"
"MSB","14:29:52",13.8,0.2,100,12141700,"S"
"MSB","14:29:51",13.8,0.2,500,12141600,"S"
"MSB","14:29:46",13.8,0.2,40000,12141100,"S"
"MSB","14:29:46",13.75,0.15,900,12101100,"B"
"MSB","14:29:38",13.75,0.15,1000,12100200,"B"
"MSB","14:29:35",13.8,0.2,100,12099200,"S"
"MSB","14:29:32",13.75,0.15,4200,12099100,"B"
"MSB","14:28:59",13.75,0.15,100,12094900,"B"
"MSB","14:28:54",13.8,0.2,2000,12094800,"S"
"MSB","14:28:52",13.8,0.2,200,12092800,"S"
"MSB","14:28:31",13.8,0.2,200,12092600,"S"
"MSB","14:28:22",13.75,0.15,500,12092400,"B"
"MSB","14:28:17",13.75,0.15,200,12091900,"B"
"MSB","14:28:15",13.8,0.2,7000,12091700,"S"
"MSB","14:28:13",13.75,0.15,4000,12084700,"B"
"MSB","14:28:02",13.75,0.15,200,12080700,"B"
"MSB","14:28:02",13.8,0.2,500,12080500,"S"
"MSB","14:27:56",13.8,0.2,3000,12080000,"S"
"MSB","14:27:55",13.8,0.2,1000,12077000,"S"
"MSB","14:27:51",13.8,0.2,62600,12076000,"S"
"MSB","14:27:51",13.8,0.2,4500,12013400,"S"
"MSB","14:27:50",13.8,0.2,2900,12008900,"S"
"MSB","14:27:46",13.75,0.15,300,12006000,"B"
"MSB","14:27:32",13.75,0.15,200,12005700,"B"
"MSB","14:27:29",13.8,0.2,2000,12005500,"S"
"MSB","14:27:28",13.75,0.15,200,12003500,"B"
"MSB","14:27:27",13.75,0.15,2000,12003300,"B"
"MSB","14:26:59",13.75,0.15,1000,12001300,"B"
"MSB","14:26:47",13.75,0.15,200,12000300,"B"
"MSB","14:26:42",13.75,0.15,400,12000100,"B"
"MSB","14:26:39",13.75,0.15,8100,11999700,"B"
"MSB","14:26:38",13.75,0.15,1000,11991600,"B"
"MSB","14:26:32",13.75,0.15,100,11990600,"B"
"MSB","14:26:28",13.75,0.15,2000,11990500,"B"
"MSB","14:26:12",13.75,0.15,100,11988500,"B"
"MSB","14:26:05",13.8,0.2,2000,11988400,"S"
"MSB","14:26:02",13.75,0.15,1600,11986400,"B"
"MSB","14:25:59",13.75,0.15,200,11984800,"B"
"MSB","14:25:58",13.8,0.2,200,11984600,"S"
"MSB","14:25:57",13.75,0.15,2000,11984400,"B"
"MSB","14:25:54",13.75,0.15,30000,11982400,"B"
"MSB","14:25:52",13.75,0.15,100,11952400,"B"
"MSB","14:25:42",13.75,0.15,2600,11952300,"B"
"MSB","14:25:34",13.8,0.2,50000,11949700,"S"
"MSB","14:25:32",13.75,0.15,2700,11899700,"B"
"MSB","14:25:29",13.8,0.2,100,11897000,"S"
"MSB","14:25:25",13.75,0.15,5000,11896900,"B"
"MSB","14:25:25",13.8,0.2,50000,11891900,"S"
"MSB","14:25:19",13.75,0.15,200,11841900,"B"
"MSB","14:24:52",13.75,0.15,300,11841700,"B"
"MSB","14:24:50",13.75,0.15,1500,11841400,"B"
"MSB","14:24:46",13.75,0.15,5000,11839900,"B"
"MSB","14:24:33",13.75,0.15,200,11834900,"B"
"MSB","14:24:27",13.75,0.15,200,11834700,"B"
"MSB","14:24:02",13.75,0.15,100,11834500,"B"
"MSB","14:23:52",13.8,0.2,2500,11834400,"S"
"MSB","14:23:50",13.75,0.15,200,11831900,"B"
"MSB","14:23:43",13.75,0.15,300,11831700,"B"
"MSB","14:23:33",13.75,0.15,700,11831400,"B"
"MSB","14:23:30",13.75,0.15,15000,11830700,"B"
"MSB","14:23:07",13.75,0.15,200,11815700,"B"
"MSB","14:22:32",13.75,0.15,200,11815500,"B"
"MSB","14:22:23",13.75,0.15,5000,11815300,"B"
"MSB","14:22:22",13.75,0.15,700,11810300,"B"
"MSB","14:22:17",13.75,0.15,15000,11809600,"B"
"MSB","14:21:45",13.75,0.15,100,11794600,"B"
"MSB","14:21:36",13.75,0.15,100,11794500,"B"
"MSB","14:21:22",13.75,0.15,400,11794400,"B"
"MSB","14:21:20",13.75,0.15,4000,11794000,"B"
"MSB","14:21:12",13.75,0.15,900,11790000,"B"
"MSB","14:21:05",13.75,0.15,19000,11789100,"B"
"MSB","14:20:50",13.75,0.15,200,11770100,"B"
"MSB","14:20:22",13.75,0.15,1000,11769900,"B"
"MSB","14:20:19",13.8,0.2,20000,11768900,"S"
"MSB","14:20:16",13.75,0.15,500,11748900,"B"
"MSB","14:20:15",13.75,0.15,1000,11748400,"B"
"MSB","14:19:20",13.75,0.15,400,11747400,"B"
"MSB","14:19:02",13.75,0.15,800,11747000,"B"
"MSB","14:18:57",13.8,0.2,11000,11746200,"S"
"MSB","14:18:53",13.75,0.15,5000,11735200,"B"
"MSB","14:18:52",13.75,0.15,300,11730200,"B"
"MSB","14:18:51",13.75,0.15,4000,11729900,"B"
"MSB","14:18:42",13.75,0.15,2500,11725900,"B"
"MSB","14:18:41",13.75,0.15,30000,11723400,"B"
"MSB","14:18:35",13.75,0.15,20000,11693400,"B"
"MSB","14:18:32",13.75,0.15,200,11673400,"B"
"MSB","14:18:22",13.75,0.15,5000,11673200,"B"
"MSB","14:18:20",13.75,0.15,100000,11668200,"B"
"MSB","14:18:08",13.75,0.15,200,11568200,"B"
"MSB","14:18:02",13.75,0.15,1500,11568000,"B"
"MSB","14:17:58",13.8,0.2,18900,11566500,"S"
"MSB","14:17:57",13.8,0.2,11100,11547600,"S"
"MSB","14:17:46",13.75,0.15,1300,11536500,"B"
"MSB","14:17:32",13.75,0.15,300,11535000,"B"
"MSB","14:17:23",13.75,0.15,5000,11534700,"B"
"MSB","14:17:22",13.75,0.15,2500,11529700,"B"
"MSB","14:17:20",13.75,0.15,1000,11527200,"B"
"MSB","14:17:12",13.75,0.15,50000,11526200,"B"
"MSB","14:17:06",13.75,0.15,500,11476200,"B"
"MSB","14:16:40",13.75,0.15,500,11475700,"B"
"MSB","14:16:38",13.75,0.15,200,11475200,"B"
"MSB","14:16:02",13.75,0.15,200,11475000,"B"
"MSB","14:15:57",13.75,0.15,400,11474800,"B"
"MSB","14:15:53",13.75,0.15,5000,11474400,"B"
"MSB","14:15:24",13.75,0.15,1000,11469400,"B"
"MSB","14:15:12",13.75,0.15,200,11468400,"B"
"MSB","14:15:11",13.75,0.15,5000,11468200,"B"
"MSB","14:15:02",13.75,0.15,100,11463200,"B"
"MSB","14:14:55",13.8,0.2,3000,11463100,"S"
"MSB","14:14:46",13.75,0.15,500,11460100,"B"
"MSB","14:14:32",13.75,0.15,1000,11459600,"B"
"MSB","14:14:25",13.75,0.15,20000,11458600,"B"
"MSB","14:13:07",13.75,0.15,200,11438600,"B"
"MSB","14:12:52",13.75,0.15,1000,11438400,"B"
"MSB","14:12:48",13.8,0.2,19800,11437400,"S"
"MSB","14:12:46",13.8,0.2,1000,11417600,"S"
"MSB","14:12:25",13.8,0.2,1500,11416600,"S"
"MSB","14:12:18",13.8,0.2,200,11415100,"S"
"MSB","14:12:04",13.8,0.2,700,11414900,"S"
"MSB","14:11:54",13.8,0.2,1000,11414200,"S"
"MSB","14:11:44",13.8,0.2,2000,11413200,"S"
"MSB","14:11:31",13.8,0.2,50000,11411200,"S"
"MSB","14:11:19",13.8,0.2,500,11361200,"S"
"MSB","14:11:17",13.75,0.15,3000,11360700,"B"
"MSB","14:11:15",13.8,0.2,100,11357700,"S"
"MSB","14:09:47",13.75,0.15,200,11357600,"B"
"MSB","14:09:32",13.75,0.15,3700,11357400,"B"
"MSB","14:09:16",13.75,0.15,700,11353700,"B"
"MSB","14:08:08",13.8,0.2,10000,11353000,"S"
"MSB","14:08:04",13.75,0.15,4000,11343000,"B"
"MSB","14:07:50",13.8,0.2,4600,11339000,"S"
"MSB","14:07:00",13.75,0.15,1000,11334400,"B"
"MSB","14:06:58",13.8,0.2,1000,11333400,"S"
"MSB","14:06:37",13.75,0.15,100,11332400,"B"
"MSB","14:06:29",13.75,0.15,300,11332300,"B"
"MSB","14:05:54",13.75,0.15,2000,11332000,"B"
"MSB","14:05:32",13.8,0.2,500,11330000,"S"
"MSB","14:05:24",13.75,0.15,200,11329500,"B"
"MSB","14:05:21",13.75,0.15,500,11329300,"S"
"MSB","14:05:16",13.75,0.15,100000,11328800,"S"
"MSB","14:05:00",13.75,0.15,2500,11228800,"S"
"MSB","14:04:56",13.75,0.15,500,11226300,"S"
"MSB","14:04:28",13.75,0.15,200,11225800,"S"
"MSB","14:03:57",13.7,0.1,1000,11225600,"B"
"MSB","14:03:46",13.7,0.1,5500,11224600,"B"
"MSB","14:03:40",13.7,0.1,1000,11219100,"B"
"MSB","14:03:29",13.7,0.1,1000,11218100,"B"
"MSB","14:03:27",13.7,0.1,300,11217100,"B"
"MSB","14:03:13",13.7,0.1,900,11216800,"B"
"MSB","14:03:05",13.7,0.1,100,11215900,"B"
"MSB","14:03:01",13.7,0.1,3000,11215800,"B"
"MSB","14:02:49",13.7,0.1,100,11212800,"B"
"MSB","14:02:42",13.7,0.1,600,11212700,"B"
"MSB","14:02:40",13.7,0.1,400,11212100,"B"
"MSB","14:02:27",13.7,0.1,1700,11211700,"B"
"MSB","14:02:06",13.75,0.15,500,11210000,"S"
"MSB","14:02:05",13.7,0.1,5000,11209500,"B"
"MSB","14:02:04",13.7,0.1,22600,11204500,"B"
"MSB","14:01:59",13.7,0.1,2000,11181900,"B"
"MSB","14:01:43",13.7,0.1,60000,11179900,"B"
"MSB","14:01:32",13.7,0.1,1000,11119900,"B"
"MSB","14:01:25",13.7,0.1,5000,11118900,"B"
"MSB","14:01:13",13.7,0.1,8000,11113900,"B"
"MSB","14:01:05",13.7,0.1,20900,11105900,"S"
"MSB","14:01:04",13.7,0.1,10000,11085000,"S"
"MSB","14:01:01",13.7,0.1,50000,11075000,"S"
"MSB","14:00:55",13.7,0.1,50000,11025000,"S"
"MSB","14:00:51",13.7,0.1,500,10975000,"S"
"MSB","14:00:32",13.65,0.05,5000,10974500,"B"
"MSB","14:00:14",13.65,0.05,200,10969500,"B"
"MSB","14:00:11",13.7,0.1,3000,10969300,"S"
"MSB","13:59:56",13.7,0.1,100,10966300,"S"
"MSB","13:59:53",13.7,0.1,9000,10966200,"S"
"MSB","13:59:51",13.7,0.1,400,10957200,"S"
"MSB","13:59:48",13.7,0.1,300,10956800,"S"
"MSB","13:59:29",13.7,0.1,337200,10956500,"B"
"MSB","13:59:24",13.7,0.1,1000,10619300,"B"
"MSB","13:59:14",13.7,0.1,5000,10618300,"B"
"MSB","13:58:59",13.7,0.1,1000,10613300,"B"
"MSB","13:58:53",13.7,0.1,2000,10612300,"B"
"MSB","13:58:40",13.7,0.1,1500,10610300,"B"
"MSB","13:58:31",13.7,0.1,5600,10608800,"B"
"MSB","13:58:12",13.7,0.1,5000,10603200,"B"
"MSB","13:57:54",13.7,0.1,1000,10598200,"B"
"MSB","13:57:53",13.75,0.15,800,10597200,"S"
"MSB","13:57:35",13.7,0.1,2500,10596400,"B"
"MSB","13:57:24",13.7,0.1,1500,10593900,"B"
"MSB","13:57:05",13.7,0.1,100,10592400,"B"
"MSB","13:57:02",13.7,0.1,2000,10592300,"B"
"MSB","13:56:47",13.7,0.1,5000,10590300,"B"
"MSB","13:56:46",13.7,0.1,1000,10585300,"B"
"MSB","13:56:36",13.7,0.1,3000,10584300,"B"
"MSB","13:55:51",13.75,0.15,3800,10581300,"B"
"MSB","13:55:49",13.75,0.15,100,10577500,"B"
"MSB","13:55:43",13.75,0.15,300,10577400,"B"
"MSB","13:55:39",13.75,0.15,1000,10577100,"B"
"MSB","13:55:34",13.7,0.1,100,10576100,"B"
"MSB","13:55:34",13.75,0.15,800,10576000,"B"
"MSB","13:55:25",13.75,0.15,200,10575200,"B"
"MSB","13:55:16",13.75,0.15,300,10575000,"B"
"MSB","13:55:05",13.75,0.15,4800,10574700,"S"
"MSB","13:54:51",13.75,0.15,15000,10569900,"S"
"MSB","13:54:10",13.75,0.15,3700,10554900,"B"
"MSB","13:54:07",13.75,0.15,15000,10551200,"B"
"MSB","13:54:05",13.75,0.15,300,10536200,"B"
"MSB","13:54:02",13.75,0.15,3500,10535900,"B"
"MSB","13:53:57",13.75,0.15,100000,10532400,"B"
"MSB","13:53:52",13.75,0.15,200,10432400,"B"
"MSB","13:53:39",13.75,0.15,15000,10432200,"B"
"MSB","13:53:38",13.75,0.15,12600,10417200,"B"
"MSB","13:53:37",13.75,0.15,18800,10404600,"B"
"MSB","13:53:13",13.75,0.15,10000,10385800,"B"
"MSB","13:52:00",13.8,0.2,100,10375800,"S"
"MSB","13:51:32",13.8,0.2,2500,10375700,"S"
"MSB","13:51:32",13.75,0.15,40000,10373200,"B"
"MSB","13:51:18",13.75,0.15,30000,10333200,"B"
"MSB","13:51:09",13.75,0.15,3000,10303200,"B"
"MSB","13:51:05",13.75,0.15,600,10300200,"B"
"MSB","13:51:04",13.75,0.15,40000,10299600,"B"
"MSB","13:50:39",13.75,0.15,50100,10259600,"B"
"MSB","13:50:35",13.75,0.15,10000,10209500,"B"
"MSB","13:49:38",13.75,0.15,300,10199500,"B"
"MSB","13:49:28",13.75,0.15,3000,10199200,"B"
"MSB","13:48:38",13.75,0.15,1500,10196200,"B"
"MSB","13:48:37",13.8,0.2,500,10194700,"S"
"MSB","13:48:08",13.75,0.15,1500,10194200,"B"
"MSB","13:47:47",13.75,0.15,100,10192700,"B"
"MSB","13:47:44",13.75,0.15,100,10192600,"B"
"MSB","13:47:43",13.8,0.2,5400,10192500,"S"
"MSB","13:47:15",13.8,0.2,200,10187100,"S"
"MSB","13:45:32",13.8,0.2,3500,10186900,"S"
"MSB","13:45:19",13.8,0.2,100,10183400,"S"
"MSB","13:45:16",13.75,0.15,300,10183300,"B"
"MSB","13:44:58",13.8,0.2,500,10183000,"S"
"MSB","13:44:47",13.8,0.2,19400,10182500,"S"
"MSB","13:44:46",13.8,0.2,200,10163100,"S"
"MSB","13:43:48",13.8,0.2,500,10162900,"S"
"MSB","13:43:25",13.8,0.2,400,10162400,"S"
"MSB","13:43:12",13.8,0.2,400,10162000,"S"
"MSB","13:42:59",13.8,0.2,500,10161600,"S"
"MSB","13:42:47",13.8,0.2,500,10161100,"S"
"MSB","13:42:41",13.8,0.2,200,10160600,"S"
"MSB","13:42:12",13.8,0.2,29500,10160400,"B"
"MSB","13:42:11",13.8,0.2,900,10130900,"B"
"MSB","13:42:11",13.8,0.2,3400,10130000,"B"
"MSB","13:42:06",13.8,0.2,5000,10126600,"B"
"MSB","13:42:00",13.8,0.2,200000,10121600,"B"
"MSB","13:41:46",13.8,0.2,2000,9921600,"B"
"MSB","13:41:43",13.8,0.2,300,9919600,"B"
"MSB","13:41:39",13.8,0.2,100,9919300,"B"
"MSB","13:41:21",13.8,0.2,4000,9919200,"B"
"MSB","13:41:15",13.8,0.2,14000,9915200,"B"
"MSB","13:41:09",13.8,0.2,102000,9901200,"B"
"MSB","13:40:18",13.8,0.2,2000,9799200,"B"
"MSB","13:39:34",13.85,0.25,1000,9797200,"S"
"MSB","13:39:33",13.8,0.2,300,9796200,"B"
"MSB","13:39:28",13.8,0.2,2000,9795900,"B"
"MSB","13:39:15",13.8,0.2,6000,9793900,"B"
"MSB","13:39:06",13.8,0.2,50000,9787900,"B"
"MSB","13:39:01",13.8,0.2,2000,9737900,"B"
"MSB","13:38:44",13.8,0.2,1000,9735900,"B"
"MSB","13:38:40",13.8,0.2,5400,9734900,"B"
"MSB","13:38:29",13.8,0.2,2000,9729500,"B"
"MSB","13:38:25",13.8,0.2,500,9727500,"B"
"MSB","13:38:18",13.8,0.2,100,9727000,"B"
"MSB","13:38:18",13.85,0.25,500,9726900,"S"
"MSB","13:37:36",13.8,0.2,1600,9726400,"B"
"MSB","13:37:24",13.8,0.2,100,9724800,"B"
"MSB","13:36:29",13.8,0.2,500,9724700,"B"
"MSB","13:36:10",13.8,0.2,500,9724200,"B"
"MSB","13:35:49",13.8,0.2,200,9723700,"B"
"MSB","13:35:38",13.8,0.2,200,9723500,"B"
"MSB","13:35:06",13.8,0.2,2000,9723300,"B"
"MSB","13:34:44",13.8,0.2,500,9721300,"B"
"MSB","13:34:36",13.8,0.2,100000,9720800,"B"
"MSB","13:34:02",13.8,0.2,200,9620800,"B"
"MSB","13:34:00",13.8,0.2,2000,9620600,"B"
"MSB","13:33:52",13.85,0.25,4000,9618600,"S"
"MSB","13:33:38",13.85,0.25,200,9614600,"S"
"MSB","13:33:28",13.85,0.25,43200,9614400,"S"
"MSB","13:33:27",13.85,0.25,2000,9571200,"S"
"MSB","13:33:19",13.85,0.25,6000,9569200,"S"
"MSB","13:33:13",13.85,0.25,5000,9563200,"S"
"MSB","13:33:08",13.85,0.25,30000,9558200,"S"
"MSB","13:33:07",13.85,0.25,1000,9528200,"S"
"MSB","13:33:03",13.85,0.25,500000,9527200,"S"
"MSB","13:32:26",13.85,0.25,700,9027200,"S"
"MSB","13:31:50",13.8,0.2,900,9026500,"B"
"MSB","13:31:24",13.8,0.2,700,9025600,"B"
"MSB","13:31:13",13.8,0.2,1000,9024900,"B"
"MSB","13:30:22",13.85,0.25,300,9023900,"S"
"MSB","13:30:04",13.8,0.2,100,9023600,"B"
"MSB","13:29:56",13.8,0.2,8500,9023500,"B"
"MSB","13:29:54",13.8,0.2,1000,9015000,"B"
"MSB","13:29:37",13.8,0.2,1000,9014000,"B"
"MSB","13:29:32",13.8,0.2,200,9013000,"B"
"MSB","13:29:28",13.8,0.2,200,9012800,"B"
"MSB","13:29:16",13.85,0.25,500,9012600,"S"
"MSB","13:29:15",13.8,0.2,2000,9012100,"B"
"MSB","13:29:11",13.8,0.2,700,9010100,"B"
"MSB","13:28:55",13.8,0.2,200,9009400,"B"
"MSB","13:28:43",13.8,0.2,2000,9009200,"B"
"MSB","13:28:39",13.8,0.2,100,9007200,"B"
"MSB","13:28:34",13.8,0.2,2000,9007100,"B"
"MSB","13:28:23",13.8,0.2,20000,9005100,"B"
"MSB","13:28:04",13.8,0.2,30000,8985100,"B"
"MSB","13:27:58",13.8,0.2,5000,8955100,"B"
"MSB","13:27:57",13.8,0.2,200,8950100,"B"
"MSB","13:27:49",13.8,0.2,2000,8949900,"B"
"MSB","13:27:36",13.8,0.2,300,8947900,"B"
"MSB","13:27:34",13.8,0.2,100,8947600,"B"
"MSB","13:27:30",13.8,0.2,10900,8947500,"B"
"MSB","13:27:15",13.8,0.2,200,8936600,"B"
"MSB","13:27:03",13.8,0.2,40000,8936400,"B"
"MSB","13:26:58",13.8,0.2,2000,8896400,"B"
"MSB","13:26:57",13.8,0.2,28000,8894400,"S"
"MSB","13:26:33",13.8,0.2,5000,8866400,"S"
"MSB","13:26:24",13.75,0.15,100,8861400,"B"
"MSB","13:26:15",13.8,0.2,10000,8861300,"S"
"MSB","13:26:14",13.8,0.2,500,8851300,"S"
"MSB","13:26:02",13.8,0.2,39800,8850800,"B"
"MSB","13:25:51",13.8,0.2,200,8811000,"B"
"MSB","13:25:50",13.8,0.2,5000,8810800,"B"
"MSB","13:25:49",13.8,0.2,8000,8805800,"B"
"MSB","13:25:40",13.8,0.2,100,8797800,"B"
"MSB","13:25:29",13.8,0.2,500,8797700,"B"
"MSB","13:25:27",13.8,0.2,800,8797200,"B"
"MSB","13:25:22",13.8,0.2,1000,8796400,"B"
"MSB","13:25:21",13.8,0.2,500,8795400,"B"
"MSB","13:25:18",13.8,0.2,19500,8794900,"S"
"MSB","13:25:16",13.8,0.2,500,8775400,"S"
"MSB","13:25:01",13.8,0.2,100,8774900,"S"
"MSB","13:25:00",13.8,0.2,1500,8774800,"B"
"MSB","13:24:59",13.8,0.2,100,8773300,"B"
"MSB","13:24:54",13.8,0.2,10000,8773200,"B"
"MSB","13:24:53",13.8,0.2,2000,8763200,"B"
"MSB","13:24:51",13.8,0.2,300,8761200,"B"
"MSB","13:24:40",13.8,0.2,200,8760900,"B"
"MSB","13:24:38",13.8,0.2,3000,8760700,"B"
"MSB","13:24:37",13.8,0.2,100,8757700,"B"
"MSB","13:24:34",13.8,0.2,100,8757600,"B"
"MSB","13:24:30",13.8,0.2,1000,8757500,"B"
"MSB","13:24:25",13.8,0.2,5000,8756500,"B"
"MSB","13:23:50",13.8,0.2,22000,8751500,"B"
"MSB","13:23:47",13.8,0.2,2000,8729500,"B"
"MSB","13:23:44",13.8,0.2,7100,8727500,"B"
"MSB","13:23:43",13.8,0.2,2500,8720400,"B"
"MSB","13:23:34",13.8,0.2,1000,8717900,"B"
"MSB","13:23:29",13.8,0.2,300,8716900,"B"
"MSB","13:23:28",13.8,0.2,54900,8716600,"S"
"MSB","13:23:19",13.8,0.2,400,8661700,"S"
"MSB","13:23:03",13.8,0.2,3100,8661300,"S"
"MSB","13:22:49",13.8,0.2,2100,8658200,"S"
"MSB","13:22:48",13.8,0.2,6200,8656100,"B"
"MSB","13:22:46",13.8,0.2,1000,8649900,"B"
"MSB","13:22:44",13.8,0.2,10000,8648900,"B"
"MSB","13:22:43",13.8,0.2,1500,8638900,"B"
"MSB","13:22:42",13.8,0.2,1000,8637400,"B"
"MSB","13:22:34",13.8,0.2,1000,8636400,"B"
"MSB","13:22:20",13.8,0.2,5000,8635400,"B"
"MSB","13:22:16",13.8,0.2,800,8630400,"B"
"MSB","13:22:14",13.8,0.2,5000,8629600,"B"
"MSB","13:22:10",13.8,0.2,1000,8624600,"B"
"MSB","13:22:09",13.8,0.2,5000,8623600,"B"
"MSB","13:21:37",13.8,0.2,1000,8618600,"B"
"MSB","13:21:36",13.8,0.2,300,8617600,"B"
"MSB","13:21:29",13.8,0.2,500,8617300,"B"
"MSB","13:21:25",13.8,0.2,100,8616800,"B"
"MSB","13:21:20",13.8,0.2,100,8616700,"B"
"MSB","13:21:15",13.8,0.2,2000,8616600,"B"
"MSB","13:21:10",13.8,0.2,100,8614600,"B"
"MSB","13:21:07",13.8,0.2,200,8614500,"B"
"MSB","13:21:06",13.8,0.2,500,8614300,"B"
"MSB","13:20:53",13.8,0.2,5000,8613800,"B"
"MSB","13:20:47",13.8,0.2,1000,8608800,"S"
"MSB","13:20:46",13.8,0.2,2500,8607800,"S"
"MSB","13:20:45",13.8,0.2,500,8605300,"S"
"MSB","13:20:41",13.8,0.2,100,8604800,"S"
"MSB","13:20:38",13.8,0.2,5000,8604700,"S"
"MSB","13:20:31",13.8,0.2,200,8599700,"S"
"MSB","13:20:28",13.8,0.2,5000,8599500,"S"
"MSB","13:20:21",13.8,0.2,600,8594500,"S"
"MSB","13:20:16",13.8,0.2,5200,8593900,"S"
"MSB","13:20:13",13.8,0.2,10000,8588700,"S"
"MSB","13:20:10",13.8,0.2,300,8578700,"S"
"MSB","13:20:08",13.8,0.2,10000,8578400,"S"
"MSB","13:20:07",13.8,0.2,100,8568400,"S"
"MSB","13:20:05",13.8,0.2,200,8568300,"S"
"MSB","13:20:01",13.8,0.2,17500,8568100,"S"
"MSB","13:20:00",13.8,0.2,182500,8550600,"S"
"MSB","13:19:55",13.8,0.2,10000,8368100,"S"
"MSB","13:19:36",13.8,0.2,4500,8358100,"S"
"MSB","13:19:34",13.8,0.2,10000,8353600,"S"
"MSB","13:19:17",13.8,0.2,200000,8343600,"S"
"MSB","13:19:07",13.75,0.15,2800,8143600,"B"
"MSB","13:19:01",13.75,0.15,4000,8140800,"B"
"MSB","13:18:40",13.75,0.15,100,8136800,"B"
"MSB","13:18:31",13.75,0.15,1000,8136700,"B"
"MSB","13:18:10",13.8,0.2,5000,8135700,"S"
"MSB","13:18:01",13.8,0.2,1000,8130700,"S"
"MSB","13:17:29",13.8,0.2,16000,8129700,"S"
"MSB","13:17:27",13.75,0.15,500,8113700,"B"
"MSB","13:17:13",13.75,0.15,10000,8113200,"B"
"MSB","13:16:53",13.8,0.2,100,8103200,"S"
"MSB","13:16:31",13.75,0.15,2000,8103100,"B"
"MSB","13:16:20",13.75,0.15,1000,8101100,"B"
"MSB","13:16:18",13.8,0.2,11000,8100100,"S"
"MSB","13:16:16",13.75,0.15,100,8089100,"B"
"MSB","13:16:14",13.8,0.2,700,8089000,"S"
"MSB","13:16:10",13.8,0.2,2000,8088300,"S"
"MSB","13:16:07",13.75,0.15,500,8086300,"B"
"MSB","13:15:48",13.75,0.15,300,8085800,"B"
"MSB","13:15:45",13.75,0.15,3000,8085500,"B"
"MSB","13:15:40",13.75,0.15,2300,8082500,"B"
"MSB","13:15:31",13.75,0.15,1000,8080200,"B"
"MSB","13:15:27",13.75,0.15,1000,8079200,"B"
"MSB","13:14:56",13.75,0.15,1000,8078200,"B"
"MSB","13:14:24",13.75,0.15,4100,8077200,"S"
"MSB","13:14:16",13.75,0.15,200,8073100,"S"
"MSB","13:14:14",13.75,0.15,2000,8072900,"S"
"MSB","13:14:12",13.75,0.15,7400,8070900,"S"
"MSB","13:14:11",13.75,0.15,28600,8063500,"S"
"MSB","13:14:10",13.75,0.15,5000,8034900,"S"
"MSB","13:14:01",13.75,0.15,500,8029900,"S"
"MSB","13:13:57",13.75,0.15,5000,8029400,"S"
"MSB","13:13:35",13.75,0.15,4500,8024400,"S"
"MSB","13:13:30",13.7,0.1,7000,8019900,"B"
"MSB","13:13:25",13.75,0.15,5000,8012900,"S"
"MSB","13:13:17",13.75,0.15,2300,8007900,"S"
"MSB","13:12:52",13.75,0.15,2000,8005600,"S"
"MSB","13:12:45",13.75,0.15,200,8003600,"S"
"MSB","13:11:49",13.75,0.15,300,8003400,"S"
"MSB","13:11:26",13.75,0.15,200,8003100,"S"
"MSB","13:11:19",13.75,0.15,100,8002900,"S"
"MSB","13:11:01",13.75,0.15,200,8002800,"S"
"MSB","13:10:53",13.75,0.15,1000,8002600,"S"
"MSB","13:10:50",13.75,0.15,800,8001600,"S"
"MSB","13:10:47",13.75,0.15,200,8000800,"S"
"MSB","13:10:45",13.75,0.15,500,8000600,"S"
"MSB","13:10:36",13.75,0.15,1500,8000100,"S"
"MSB","13:10:18",13.75,0.15,200,7998600,"S"
"MSB","13:10:00",13.75,0.15,20000,7998400,"S"
"MSB","13:09:52",13.75,0.15,2000,7978400,"S"
"MSB","13:09:30",13.75,0.15,700,7976400,"S"
"MSB","13:09:27",13.75,0.15,20000,7975700,"S"
"MSB","13:09:03",13.7,0.1,400,7955700,"B"
"MSB","13:08:45",13.7,0.1,2000,7955300,"B"
"MSB","13:08:32",13.75,0.15,500,7953300,"S"
"MSB","13:08:18",13.7,0.1,300,7952800,"B"
"MSB","13:08:15",13.7,0.1,500,7952500,"B"
"MSB","13:08:12",13.7,0.1,3800,7952000,"B"
"MSB","13:07:51",13.7,0.1,500,7948200,"B"
"MSB","13:07:10",13.75,0.15,1600,7947700,"S"
"MSB","13:06:42",13.75,0.15,100,7946100,"S"
"MSB","13:05:52",13.75,0.15,10000,7946000,"S"
"MSB","13:05:43",13.75,0.15,100,7936000,"S"
"MSB","13:05:39",13.75,0.15,2000,7935900,"S"
"MSB","13:05:32",13.75,0.15,900,7933900,"S"
"MSB","13:05:22",13.7,0.1,100,7933000,"B"
"MSB","13:05:05",13.75,0.15,1000,7932900,"S"
"MSB","13:04:24",13.75,0.15,200,7931900,"S"
"MSB","13:04:17",13.75,0.15,1000,7931700,"S"
"MSB","13:04:03",13.75,0.15,1000,7930700,"S"
"MSB","13:03:37",13.75,0.15,100,7929700,"S"
"MSB","13:03:31",13.75,0.15,1000,7929600,"S"
"MSB","13:03:10",13.75,0.15,200,7928600,"S"
"MSB","13:03:09",13.75,0.15,2000,7928400,"S"
"MSB","13:02:58",13.75,0.15,100,7926400,"S"
"MSB","13:02:52",13.75,0.15,700,7926300,"S"
"MSB","13:02:37",13.7,0.1,1000,7925600,"B"
"MSB","13:01:54",13.7,0.1,3000,7924600,"B"
"MSB","13:01:31",13.7,0.1,3000,7921600,"B"
"MSB","13:01:22",13.7,0.1,3000,7918600,"B"
"MSB","13:01:07",13.7,0.1,2000,7915600,"B"
"MSB","13:00:26",13.7,0.1,1100,7913600,"B"
"MSB","13:00:22",13.75,0.15,5000,7912500,"S"
"MSB","13:00:17",13.7,0.1,6500,7907500,"B"
"MSB","13:00:06",13.7,0.1,300,7901000,"B"
"MSB","13:00:02",13.7,0.1,200,7900700,"B"
"MSB","13:00:02",13.75,0.15,13000,7900500,"S"
"MSB","13:00:01",13.7,0.1,100,7887500,"B"
"MSB","13:00:01",13.75,0.15,300,7887400,"S"
"MSB","13:00:00",13.75,0.15,100,7887100,"S"
"MSB","11:29:33",13.7,0.1,800,7887000,"B"
"MSB","11:29:07",13.75,0.15,5000,7886200,"S"
"MSB","11:28:41",13.75,0.15,200,7881200,"S"
"MSB","11:28:37",13.7,0.1,1000,7881000,"B"
"MSB","11:28:35",13.75,0.15,300,7880000,"S"
"MSB","11:28:26",13.75,0.15,100,7879700,"S"
"MSB","11:28:24",13.75,0.15,200,7879600,"S"
"MSB","11:28:11",13.75,0.15,49500,7879400,"B"
"MSB","11:27:47",13.75,0.15,6000,7829900,"B"
"MSB","11:27:39",13.75,0.15,8000,7823900,"B"
"MSB","11:27:33",13.75,0.15,1500,7815900,"B"
"MSB","11:27:30",13.75,0.15,200,7814400,"B"
"MSB","11:27:25",13.75,0.15,10000,7814200,"B"
"MSB","11:26:39",13.75,0.15,20000,7804200,"B"
"MSB","11:26:06",13.75,0.15,2000,7784200,"B"
"MSB","11:25:55",13.75,0.15,500,7782200,"B"
"MSB","11:25:52",13.75,0.15,2000,7781700,"B"
"MSB","11:25:50",13.75,0.15,1000,7779700,"B"
"MSB","11:25:46",13.75,0.15,200,7778700,"B"
"MSB","11:25:30",13.75,0.15,2000,7778500,"B"
"MSB","11:25:15",13.75,0.15,40000,7776500,"B"
"MSB","11:25:00",13.75,0.15,1000,7736500,"B"
"MSB","11:24:55",13.75,0.15,100,7735500,"B"
"MSB","11:24:51",13.75,0.15,1000,7735400,"B"
"MSB","11:24:44",13.75,0.15,5400,7734400,"B"
"MSB","11:24:32",13.75,0.15,5400,7729000,"B"
"MSB","11:24:17",13.75,0.15,8000,7723600,"B"
"MSB","11:24:15",13.75,0.15,100,7715600,"B"
"MSB","11:24:07",13.75,0.15,5400,7715500,"B"
"MSB","11:24:05",13.75,0.15,7000,7710100,"B"
"MSB","11:23:29",13.75,0.15,5400,7703100,"B"
"MSB","11:23:27",13.75,0.15,100,7697700,"B"
"MSB","11:23:20",13.75,0.15,5400,7697600,"B"
"MSB","11:23:14",13.75,0.15,100,7692200,"B"
"MSB","11:22:55",13.8,0.2,500,7692100,"S"
"MSB","11:22:37",13.8,0.2,500,7691600,"S"
"MSB","11:22:30",13.8,0.2,200,7691100,"S"
"MSB","11:22:20",13.8,0.2,300,7690900,"S"
"MSB","11:22:14",13.75,0.15,100,7690600,"B"
"MSB","11:21:43",13.8,0.2,400,7690500,"S"
"MSB","11:21:34",13.8,0.2,500,7690100,"S"
"MSB","11:21:33",13.8,0.2,100,7689600,"S"
"MSB","11:21:28",13.8,0.2,3000,7689500,"S"
"MSB","11:21:27",13.8,0.2,500,7686500,"S"
"MSB","11:21:12",13.8,0.2,5000,7686000,"S"
"MSB","11:20:07",13.75,0.15,1200,7681000,"B"
"MSB","11:19:50",13.8,0.2,500,7679800,"S"
"MSB","11:18:21",13.8,0.2,50000,7679300,"S"
"MSB","11:18:15",13.8,0.2,15000,7629300,"S"
"MSB","11:18:06",13.8,0.2,7000,7614300,"S"
"MSB","11:17:24",13.8,0.2,400,7607300,"S"
"MSB","11:16:59",13.8,0.2,1700,7606900,"S"
"MSB","11:16:46",13.8,0.2,300,7605200,"S"
"MSB","11:15:27",13.8,0.2,400,7604900,"S"
"MSB","11:15:22",13.8,0.2,200,7604500,"S"
"MSB","11:15:15",13.75,0.15,1500,7604300,"B"
"MSB","11:14:45",13.75,0.15,5000,7602800,"B"
"MSB","11:14:43",13.75,0.15,1000,7597800,"B"
"MSB","11:14:41",13.75,0.15,4000,7596800,"B"
"MSB","11:14:32",13.75,0.15,100,7592800,"B"
"MSB","11:14:30",13.75,0.15,3000,7592700,"B"
"MSB","11:14:30",13.75,0.15,4300,7589700,"B"
"MSB","11:14:27",13.75,0.15,2100,7585400,"B"
"MSB","11:14:19",13.75,0.15,200,7583300,"B"
"MSB","11:14:03",13.75,0.15,1000,7583100,"B"
"MSB","11:13:59",13.75,0.15,2000,7582100,"B"
"MSB","11:13:33",13.75,0.15,25600,7580100,"S"
"MSB","11:13:27",13.75,0.15,1000,7554500,"S"
"MSB","11:13:13",13.75,0.15,1500,7553500,"B"
"MSB","11:13:05",13.75,0.15,500,7552000,"S"
"MSB","11:13:02",13.75,0.15,200,7551500,"S"
"MSB","11:13:02",13.75,0.15,1000,7551300,"S"
"MSB","11:12:53",13.75,0.15,200,7550300,"S"
"MSB","11:12:47",13.75,0.15,200,7550100,"B"
"MSB","11:12:47",13.75,0.15,2100,7549900,"B"
"MSB","11:12:33",13.75,0.15,1000,7547800,"B"
"MSB","11:12:18",13.75,0.15,6400,7546800,"S"
"MSB","11:12:15",13.75,0.15,1000,7540400,"S"
"MSB","11:12:11",13.75,0.15,3000,7539400,"S"
"MSB","11:11:52",13.75,0.15,500,7536400,"S"
"MSB","11:11:43",13.75,0.15,200,7535900,"S"
"MSB","11:11:36",13.7,0.1,5000,7535200,"B"
"MSB","11:11:16",13.7,0.1,20000,7530200,"B"
"MSB","11:10:57",13.75,0.15,5300,7510200,"B"
"MSB","11:10:56",13.75,0.15,3000,7504900,"B"
"MSB","11:10:51",13.75,0.15,2100,7501900,"B"
"MSB","11:10:49",13.75,0.15,5000,7499800,"B"
"MSB","11:10:42",13.75,0.15,500,7494800,"B"
"MSB","11:10:40",13.75,0.15,100,7494300,"B"
"MSB","11:10:21",13.75,0.15,100,7494200,"B"
"MSB","11:10:12",13.75,0.15,20000,7494100,"B"
"MSB","11:10:11",13.75,0.15,500,7474100,"B"
"MSB","11:09:59",13.75,0.15,1300,7473600,"B"
"MSB","11:09:58",13.75,0.15,200,7472300,"B"
"MSB","11:09:57",13.75,0.15,1000,7472100,"B"
"MSB","11:09:55",13.75,0.15,23800,7471100,"B"
"MSB","11:09:51",13.75,0.15,50000,7447300,"B"
"MSB","11:09:43",13.75,0.15,10000,7397300,"B"
"MSB","11:09:39",13.75,0.15,500,7387300,"B"
"MSB","11:09:38",13.75,0.15,5000,7386800,"B"
"MSB","11:09:36",13.75,0.15,3000,7381800,"B"
"MSB","11:09:29",13.75,0.15,1000,7378800,"B"
"MSB","11:09:21",13.75,0.15,1000,7377800,"B"
"MSB","11:09:20",13.75,0.15,1600,7376800,"B"
"MSB","11:09:20",13.75,0.15,8400,7375200,"B"
"MSB","11:09:01",13.75,0.15,400,7366800,"B"
"MSB","11:08:50",13.75,0.15,5000,7366400,"B"
"MSB","11:08:45",13.75,0.15,5000,7361400,"B"
"MSB","11:08:28",13.75,0.15,5000,7356400,"B"
"MSB","11:08:24",13.75,0.15,100,7351400,"B"
"MSB","11:08:23",13.75,0.15,400,7351300,"B"
"MSB","11:08:23",13.75,0.15,700,7350900,"B"
"MSB","11:08:20",13.75,0.15,1000,7350200,"B"
"MSB","11:08:10",13.75,0.15,10000,7349200,"B"
"MSB","11:08:09",13.75,0.15,100,7339200,"B"
"MSB","11:08:09",13.75,0.15,10000,7339100,"B"
"MSB","11:08:04",13.75,0.15,700,7329100,"B"
"MSB","11:08:01",13.8,0.2,200,7328400,"S"
"MSB","11:07:57",13.75,0.15,20000,7328200,"B"
"MSB","11:07:56",13.8,0.2,700,7308200,"S"
"MSB","11:07:55",13.75,0.15,2000,7307500,"B"
"MSB","11:07:54",13.75,0.15,5000,7305500,"B"
"MSB","11:07:42",13.75,0.15,2000,7300500,"B"
"MSB","11:07:37",13.75,0.15,500,7298500,"B"
"MSB","11:07:26",13.75,0.15,1000,7298000,"B"
"MSB","11:07:23",13.75,0.15,3000,7297000,"B"
"MSB","11:07:18",13.75,0.15,40000,7294000,"B"
"MSB","11:07:05",13.75,0.15,500,7254000,"B"
"MSB","11:07:04",13.75,0.15,2000,7253500,"B"
"MSB","11:06:44",13.75,0.15,600,7251500,"B"
"MSB","11:06:33",13.75,0.15,5000,7250900,"B"
"MSB","11:06:25",13.75,0.15,4000,7245900,"B"
"MSB","11:05:56",13.75,0.15,14000,7241900,"B"
"MSB","11:05:48",13.75,0.15,38200,7227900,"B"
"MSB","11:05:39",13.8,0.2,278700,7189700,"B"
"MSB","11:05:38",13.8,0.2,10000,6911000,"B"
"MSB","11:05:30",13.8,0.2,5000,6901000,"B"
"MSB","11:05:26",13.8,0.2,20000,6896000,"B"
"MSB","11:05:24",13.8,0.2,1600,6876000,"B"
"MSB","11:04:57",13.8,0.2,300,6874400,"B"
"MSB","11:04:55",13.8,0.2,100,6874100,"B"
"MSB","11:04:31",13.8,0.2,2000,6874000,"B"
"MSB","11:04:22",13.8,0.2,500,6872000,"B"
"MSB","11:04:18",13.8,0.2,10000,6871500,"B"
"MSB","11:04:17",13.8,0.2,1000,6861500,"B"
"MSB","11:04:11",13.85,0.25,100,6860500,"S"
"MSB","11:04:07",13.8,0.2,10000,6860400,"B"
"MSB","11:04:06",13.8,0.2,900,6850400,"B"
"MSB","11:03:56",13.8,0.2,100,6849500,"B"
"MSB","11:03:54",13.85,0.25,30000,6849400,"S"
"MSB","11:03:36",13.8,0.2,2100,6819400,"B"
"MSB","11:03:35",13.8,0.2,100,6817300,"B"
"MSB","11:03:33",13.8,0.2,20000,6817200,"B"
"MSB","11:03:19",13.8,0.2,200,6797200,"B"
"MSB","11:03:17",13.8,0.2,5000,6797000,"B"
"MSB","11:03:13",13.85,0.25,100,6792000,"S"
"MSB","11:03:08",13.8,0.2,100,6791900,"B"
"MSB","11:03:02",13.8,0.2,100,6791800,"B"
"MSB","11:02:54",13.8,0.2,1600,6791700,"B"
"MSB","11:02:47",13.8,0.2,100,6790100,"B"
"MSB","11:02:45",13.8,0.2,400,6790000,"B"
"MSB","11:02:29",13.8,0.2,1000,6789600,"B"
"MSB","11:02:24",13.8,0.2,200,6788600,"B"
"MSB","11:01:46",13.8,0.2,400,6788400,"B"
"MSB","11:01:45",13.8,0.2,1100,6788000,"B"
"MSB","11:01:26",13.8,0.2,500,6786900,"B"
"MSB","11:00:47",13.8,0.2,100,6786400,"B"
"MSB","11:00:37",13.8,0.2,100,6786300,"B"
"MSB","10:59:17",13.8,0.2,10000,6786200,"B"
"MSB","10:58:05",13.8,0.2,300,6776200,"B"
"MSB","10:57:29",13.8,0.2,600,6775900,"B"
"MSB","10:57:08",13.8,0.2,300,6775300,"B"
"MSB","10:57:03",13.8,0.2,500,6775000,"B"
"MSB","10:56:38",13.8,0.2,300,6774500,"B"
"MSB","10:56:09",13.8,0.2,500,6774200,"B"
"MSB","10:56:07",13.8,0.2,500,6773700,"B"
"MSB","10:56:03",13.8,0.2,500,6773200,"B"
"MSB","10:56:00",13.8,0.2,2000,6772700,"B"
"MSB","10:55:25",13.8,0.2,500,6770700,"B"
"MSB","10:55:18",13.8,0.2,900,6770200,"B"
"MSB","10:54:14",13.8,0.2,10000,6769300,"B"
"MSB","10:54:04",13.8,0.2,500,6759300,"B"
"MSB","10:54:03",13.8,0.2,1000,6758800,"B"
"MSB","10:53:48",13.8,0.2,500,6757800,"B"
"MSB","10:53:40",13.8,0.2,2000,6757300,"B"
"MSB","10:53:30",13.8,0.2,10000,6755300,"B"
"MSB","10:53:21",13.8,0.2,1800,6745300,"B"
"MSB","10:52:32",13.8,0.2,500,6743500,"B"
"MSB","10:52:14",13.8,0.2,5000,6743000,"B"
"MSB","10:52:13",13.8,0.2,10000,6738000,"B"
"MSB","10:51:45",13.8,0.2,1000,6728000,"B"
"MSB","10:51:08",13.85,0.25,3000,6727000,"S"
"MSB","10:50:42",13.85,0.25,3000,6724000,"S"
"MSB","10:50:37",13.8,0.2,100,6721000,"B"
"MSB","10:50:36",13.8,0.2,100,6720900,"B"
"MSB","10:50:34",13.8,0.2,100,6720800,"B"
"MSB","10:50:32",13.85,0.25,4000,6720700,"S"
"MSB","10:50:31",13.8,0.2,200,6716700,"B"
"MSB","10:50:29",13.8,0.2,1100,6716500,"B"
"MSB","10:50:23",13.8,0.2,3000,6715400,"B"
"MSB","10:49:49",13.8,0.2,1000,6712400,"B"
"MSB","10:49:40",13.8,0.2,2000,6711400,"B"
"MSB","10:49:21",13.8,0.2,16500,6709400,"S"
"MSB","10:49:19",13.8,0.2,100,6692900,"S"
"MSB","10:49:18",13.75,0.15,500,6692800,"B"
"MSB","10:49:14",13.8,0.2,3600,6692300,"S"
"MSB","10:49:14",13.8,0.2,3000,6688700,"S"
"MSB","10:48:59",13.8,0.2,2500,6685700,"S"
"MSB","10:48:31",13.8,0.2,7000,6683200,"S"
"MSB","10:48:19",13.8,0.2,100,6676200,"S"
"MSB","10:48:17",13.75,0.15,100,6676100,"B"
"MSB","10:48:05",13.8,0.2,500,6676000,"S"
"MSB","10:47:56",13.8,0.2,900,6675500,"B"
"MSB","10:47:55",13.8,0.2,7000,6674600,"B"
"MSB","10:47:49",13.8,0.2,1000,6667600,"B"
"MSB","10:47:39",13.8,0.2,6000,6666600,"B"
"MSB","10:47:19",13.8,0.2,200,6660600,"B"
"MSB","10:47:04",13.8,0.2,1000,6660400,"B"
"MSB","10:46:37",13.8,0.2,500,6659400,"B"
"MSB","10:46:24",13.8,0.2,2100,6658900,"S"
"MSB","10:46:04",13.8,0.2,200,6656800,"S"
"MSB","10:46:03",13.8,0.2,700,6656600,"B"
"MSB","10:45:59",13.85,0.25,5000,6655900,"S"
"MSB","10:45:56",13.8,0.2,5000,6650900,"B"
"MSB","10:45:55",13.85,0.25,300,6645900,"S"
"MSB","10:45:48",13.8,0.2,3000,6645600,"B"
"MSB","10:45:44",13.8,0.2,1500,6642600,"B"
"MSB","10:45:37",13.8,0.2,2400,6641100,"B"
"MSB","10:45:27",13.8,0.2,200,6638700,"B"
"MSB","10:45:26",13.8,0.2,6400,6638500,"B"
"MSB","10:45:22",13.8,0.2,600,6632100,"B"
"MSB","10:45:17",13.8,0.2,2800,6631500,"B"
"MSB","10:45:10",13.8,0.2,5800,6628700,"S"
"MSB","10:44:43",13.85,0.25,12000,6622900,"S"
"MSB","10:44:43",13.8,0.2,8000,6610900,"S"
"MSB","10:44:37",13.8,0.2,100,6602900,"S"
"MSB","10:44:32",13.8,0.2,5700,6602800,"B"
"MSB","10:44:28",13.8,0.2,1000,6597100,"B"
"MSB","10:44:21",13.8,0.2,9000,6596100,"S"
"MSB","10:44:18",13.8,0.2,900,6587100,"S"
"MSB","10:44:16",13.8,0.2,28000,6586200,"S"
"MSB","10:44:14",13.8,0.2,500,6558200,"S"
"MSB","10:44:12",13.8,0.2,200,6557700,"S"
"MSB","10:44:10",13.8,0.2,28000,6557500,"S"
"MSB","10:43:46",13.8,0.2,3000,6529500,"S"
"MSB","10:43:35",13.8,0.2,3000,6526500,"S"
"MSB","10:43:29",13.8,0.2,500,6523500,"S"
"MSB","10:43:26",13.8,0.2,15000,6523000,"S"
"MSB","10:43:23",13.8,0.2,200,6508000,"S"
"MSB","10:43:20",13.8,0.2,15000,6507800,"S"
"MSB","10:43:18",13.8,0.2,200,6492800,"S"
"MSB","10:43:08",13.8,0.2,200,6492600,"S"
"MSB","10:43:04",13.8,0.2,20000,6492400,"S"
"MSB","10:42:55",13.8,0.2,2500,6472400,"S"
"MSB","10:42:49",13.8,0.2,700,6469900,"S"
"MSB","10:42:27",13.8,0.2,4000,6469200,"S"
"MSB","10:42:04",13.8,0.2,8000,6465200,"S"
"MSB","10:42:00",13.8,0.2,28500,6457200,"B"
"MSB","10:41:59",13.8,0.2,100,6428700,"B"
"MSB","10:41:57",13.8,0.2,1000,6428600,"B"
"MSB","10:41:56",13.8,0.2,100,6427600,"B"
"MSB","10:41:43",13.8,0.2,10000,6427500,"B"
"MSB","10:41:43",13.8,0.2,100,6417500,"B"
"MSB","10:41:42",13.8,0.2,251500,6417400,"B"
"MSB","10:41:41",13.8,0.2,200,6165900,"B"
"MSB","10:41:35",13.8,0.2,1000,6165700,"B"
"MSB","10:41:21",13.8,0.2,20000,6164700,"B"
"MSB","10:41:03",13.8,0.2,200,6144700,"B"
"MSB","10:40:48",13.85,0.25,1300,6144500,"S"
"MSB","10:40:45",13.8,0.2,100,6143200,"B"
"MSB","10:40:37",13.85,0.25,200,6143100,"S"
"MSB","10:40:36",13.85,0.25,100,6142900,"S"
"MSB","10:40:20",13.85,0.25,1000,6142800,"S"
"MSB","10:40:10",13.85,0.25,2000,6141800,"S"
"MSB","10:39:39",13.85,0.25,10000,6139800,"S"
"MSB","10:39:39",13.8,0.2,1000,6129800,"B"
"MSB","10:39:35",13.85,0.25,3000,6128800,"S"
"MSB","10:39:31",13.85,0.25,8000,6125800,"S"
"MSB","10:39:11",13.85,0.25,5000,6117800,"S"
"MSB","10:38:55",13.8,0.2,1600,6112800,"B"
"MSB","10:38:50",13.85,0.25,9000,6111200,"S"
"MSB","10:38:42",13.85,0.25,200,6102200,"S"
"MSB","10:38:23",13.85,0.25,4700,6102000,"S"
"MSB","10:38:22",13.85,0.25,3300,6097300,"S"
"MSB","10:38:10",13.8,0.2,5000,6094000,"B"
"MSB","10:37:36",13.8,0.2,10000,6089000,"B"
"MSB","10:37:22",13.8,0.2,1000,6079000,"B"
"MSB","10:37:05",13.8,0.2,12000,6078000,"B"
"MSB","10:36:53",13.8,0.2,2500,6066000,"B"
"MSB","10:36:52",13.8,0.2,5000,6063500,"B"
"MSB","10:36:46",13.85,0.25,100,6058500,"S"
"MSB","10:36:38",13.8,0.2,500,6058400,"B"
"MSB","10:36:21",13.8,0.2,1000,6057900,"B"
"MSB","10:36:07",13.8,0.2,100,6056900,"B"
"MSB","10:36:05",13.8,0.2,3000,6056800,"B"
"MSB","10:36:00",13.85,0.25,100,6053800,"S"
"MSB","10:35:41",13.8,0.2,200,6053700,"B"
"MSB","10:35:12",13.8,0.2,500,6053500,"B"
"MSB","10:34:57",13.8,0.2,100,6053000,"B"
"MSB","10:34:57",13.8,0.2,500,6052900,"B"
"MSB","10:34:47",13.8,0.2,1600,6052400,"B"
"MSB","10:34:41",13.8,0.2,32000,6050800,"B"
"MSB","10:34:31",13.8,0.2,500,6018800,"B"
"MSB","10:34:27",13.8,0.2,500,6018300,"B"
"MSB","10:34:18",13.8,0.2,10000,6017800,"B"
"MSB","10:34:18",13.85,0.25,1000,6007800,"S"
"MSB","10:33:59",13.8,0.2,200,6006800,"B"
"MSB","10:33:43",13.8,0.2,400,6006600,"B"
"MSB","10:33:28",13.8,0.2,1000,6006200,"B"
"MSB","10:33:27",13.8,0.2,500,6005200,"B"
"MSB","10:33:20",13.8,0.2,10000,6004700,"B"
"MSB","10:33:17",13.8,0.2,500,5994700,"B"
"MSB","10:33:14",13.85,0.25,200,5994200,"S"
"MSB","10:33:08",13.8,0.2,10000,5994000,"B"
"MSB","10:33:05",13.85,0.25,5900,5984000,"S"
"MSB","10:32:52",13.85,0.25,500,5978100,"S"
"MSB","10:32:51",13.8,0.2,3000,5977600,"B"
"MSB","10:32:48",13.8,0.2,20000,5974600,"B"
"MSB","10:32:45",13.8,0.2,4000,5954600,"B"
"MSB","10:32:44",13.8,0.2,500,5950600,"B"
"MSB","10:32:26",13.8,0.2,100,5950100,"B"
"MSB","10:32:24",13.8,0.2,4000,5950000,"B"
"MSB","10:32:04",13.8,0.2,10000,5946000,"B"
"MSB","10:31:59",13.8,0.2,5000,5936000,"B"
"MSB","10:31:10",13.8,0.2,1000,5931000,"B"
"MSB","10:31:09",13.85,0.25,200,5930000,"S"
"MSB","10:31:07",13.85,0.25,200,5929800,"S"
"MSB","10:30:52",13.85,0.25,2200,5929600,"S"
"MSB","10:30:52",13.85,0.25,10000,5927400,"S"
"MSB","10:30:49",13.85,0.25,4000,5917400,"S"
"MSB","10:30:46",13.85,0.25,6300,5913400,"B"
"MSB","10:30:46",13.9,0.3,5000,5907100,"S"
"MSB","10:30:43",13.85,0.25,50000,5902100,"B"
"MSB","10:30:42",13.85,0.25,4500,5852100,"B"
"MSB","10:30:40",13.85,0.25,1000,5847600,"B"
"MSB","10:30:38",13.85,0.25,3000,5846600,"B"
"MSB","10:30:36",13.85,0.25,2000,5843600,"B"
"MSB","10:30:35",13.85,0.25,10000,5841600,"B"
"MSB","10:30:32",13.85,0.25,5000,5831600,"B"
"MSB","10:30:31",13.85,0.25,100000,5826600,"B"
"MSB","10:30:29",13.85,0.25,6000,5726600,"B"
"MSB","10:30:26",13.85,0.25,1000,5720600,"B"
"MSB","10:30:16",13.85,0.25,1000,5719600,"B"
"MSB","10:30:14",13.85,0.25,100000,5718600,"B"
"MSB","10:30:01",13.85,0.25,1000,5618600,"B"
"MSB","10:29:56",13.9,0.3,5000,5617600,"S"
"MSB","10:29:55",13.9,0.3,2000,5612600,"S"
"MSB","10:29:46",13.85,0.25,1000,5610600,"B"
"MSB","10:29:46",13.9,0.3,28900,5609600,"S"
"MSB","10:29:43",13.9,0.3,1000,5580700,"S"
"MSB","10:29:28",13.85,0.25,300,5579700,"B"
"MSB","10:29:26",13.9,0.3,800,5579400,"S"
"MSB","10:29:17",13.85,0.25,100,5578600,"B"
"MSB","10:29:12",13.85,0.25,1000,5578500,"B"
"MSB","10:29:08",13.85,0.25,5000,5577500,"B"
"MSB","10:29:07",13.85,0.25,1000,5572500,"B"
"MSB","10:29:00",13.85,0.25,1700,5571500,"B"
"MSB","10:28:59",13.85,0.25,100,5569800,"B"
"MSB","10:28:51",13.85,0.25,1300,5569700,"B"
"MSB","10:28:44",13.85,0.25,100,5568400,"B"
"MSB","10:28:44",13.85,0.25,200,5568300,"B"
"MSB","10:28:26",13.85,0.25,100,5568100,"B"
"MSB","10:28:07",13.85,0.25,10000,5568000,"B"
"MSB","10:27:54",13.9,0.3,3000,5558000,"S"
"MSB","10:27:51",13.85,0.25,22000,5555000,"S"
"MSB","10:27:50",13.85,0.25,30000,5533000,"S"
"MSB","10:27:47",13.85,0.25,2500,5503000,"S"
"MSB","10:27:46",13.85,0.25,1200,5500500,"S"
"MSB","10:27:43",13.85,0.25,1000,5499300,"S"
"MSB","10:27:43",13.85,0.25,50000,5498300,"S"
"MSB","10:27:42",13.85,0.25,500,5448300,"S"
"MSB","10:27:41",13.85,0.25,51600,5447800,"S"
"MSB","10:27:40",13.85,0.25,21000,5396200,"S"
"MSB","10:27:39",13.85,0.25,5000,5375200,"S"
"MSB","10:27:38",13.85,0.25,50200,5370200,"S"
"MSB","10:27:37",13.85,0.25,300,5320000,"S"
"MSB","10:27:36",13.85,0.25,500,5319700,"S"
"MSB","10:27:34",13.85,0.25,1000,5319200,"S"
"MSB","10:27:32",13.85,0.25,50300,5318200,"S"
"MSB","10:27:31",13.85,0.25,5400,5267900,"S"
"MSB","10:27:29",13.85,0.25,300,5262500,"S"
"MSB","10:27:28",13.85,0.25,40000,5262200,"S"
"MSB","10:27:26",13.85,0.25,2000,5222200,"S"
"MSB","10:27:24",13.85,0.25,10000,5220200,"S"
"MSB","10:27:23",13.85,0.25,4000,5210200,"S"
"MSB","10:27:21",13.85,0.25,400,5206200,"S"
"MSB","10:27:19",13.85,0.25,20000,5205800,"S"
"MSB","10:27:18",13.8,0.2,100,5185800,"B"
"MSB","10:27:14",13.85,0.25,500,5185700,"S"
"MSB","10:27:12",13.85,0.25,100,5185200,"S"
"MSB","10:27:11",13.85,0.25,10000,5185100,"S"
"MSB","10:27:07",13.85,0.25,100,5175100,"S"
"MSB","10:27:06",13.85,0.25,500,5175000,"S"
"MSB","10:27:00",13.8,0.2,200,5174500,"B"
"MSB","10:26:52",13.8,0.2,1000,5174300,"B"
"MSB","10:26:06",13.8,0.2,200,5173300,"B"
"MSB","10:26:04",13.8,0.2,2000,5173100,"B"
"MSB","10:26:01",13.85,0.25,10000,5171100,"S"
"MSB","10:25:54",13.8,0.2,1000,5161100,"B"
"MSB","10:25:48",13.8,0.2,1000,5160100,"B"
"MSB","10:25:40",13.85,0.25,27200,5159100,"S"
"MSB","10:25:35",13.8,0.2,11000,5131900,"B"
"MSB","10:25:28",13.8,0.2,1000,5120900,"B"
"MSB","10:25:26",13.8,0.2,300,5119900,"B"
"MSB","10:25:03",13.8,0.2,1000,5119600,"B"
"MSB","10:24:46",13.85,0.25,10000,5118600,"S"
"MSB","10:24:39",13.8,0.2,3000,5108600,"B"
"MSB","10:24:39",13.85,0.25,4000,5105600,"S"
"MSB","10:24:31",13.8,0.2,5000,5101600,"B"
"MSB","10:24:29",13.8,0.2,1200,5096600,"B"
"MSB","10:24:27",13.8,0.2,10100,5095400,"B"
"MSB","10:24:26",13.8,0.2,100,5085300,"B"
"MSB","10:24:25",13.8,0.2,100,5085200,"B"
"MSB","10:24:24",13.8,0.2,100,5085100,"B"
"MSB","10:24:11",13.8,0.2,2000,5085000,"B"
"MSB","10:23:46",13.8,0.2,500,5083000,"B"
"MSB","10:23:26",13.8,0.2,1200,5082500,"B"
"MSB","10:23:24",13.8,0.2,500,5081300,"B"
"MSB","10:23:16",13.8,0.2,300,5080800,"B"
"MSB","10:23:14",13.85,0.25,10000,5080500,"S"
"MSB","10:23:13",13.85,0.25,100,5070500,"S"
"MSB","10:23:09",13.8,0.2,500,5070400,"B"
"MSB","10:22:36",13.8,0.2,800,5069900,"B"
"MSB","10:22:25",13.8,0.2,100,5069100,"B"
"MSB","10:22:22",13.85,0.25,2000,5069000,"S"
"MSB","10:22:22",13.8,0.2,20000,5067000,"B"
"MSB","10:22:18",13.8,0.2,100,5047000,"B"
"MSB","10:22:15",13.85,0.25,100,5046900,"S"
"MSB","10:22:07",13.8,0.2,500,5046800,"B"
"MSB","10:22:06",13.8,0.2,5000,5046300,"B"
"MSB","10:21:51",13.8,0.2,1000,5041300,"B"
"MSB","10:21:49",13.85,0.25,1000,5040300,"S"
"MSB","10:21:47",13.8,0.2,1000,5039300,"B"
"MSB","10:21:46",13.8,0.2,1000,5038300,"B"
"MSB","10:21:30",13.8,0.2,1000,5037300,"B"
"MSB","10:21:10",13.8,0.2,10000,5036300,"B"
"MSB","10:20:58",13.8,0.2,61300,5026300,"S"
"MSB","10:20:57",13.8,0.2,5000,4965000,"S"
"MSB","10:20:50",13.8,0.2,60000,4960000,"S"
"MSB","10:20:47",13.8,0.2,5000,4900000,"S"
"MSB","10:20:46",13.8,0.2,1600,4895000,"S"
"MSB","10:20:40",13.8,0.2,200,4893400,"S"
"MSB","10:20:34",13.75,0.15,100,4893200,"B"
"MSB","10:20:33",13.8,0.2,1500,4893100,"S"
"MSB","10:20:32",13.8,0.2,3000,4891600,"S"
"MSB","10:20:23",13.8,0.2,100,4888600,"S"
"MSB","10:20:22",13.8,0.2,20000,4888500,"S"
"MSB","10:20:21",13.8,0.2,900,4868500,"S"
"MSB","10:20:17",13.8,0.2,1000,4867600,"S"
"MSB","10:20:16",13.8,0.2,1000,4866600,"S"
"MSB","10:20:10",13.8,0.2,1000,4865600,"S"
"MSB","10:20:08",13.8,0.2,6000,4864600,"S"
"MSB","10:20:06",13.8,0.2,30000,4858600,"S"
"MSB","10:20:03",13.8,0.2,1500,4828600,"S"
"MSB","10:19:59",13.8,0.2,30000,4827100,"S"
"MSB","10:19:55",13.8,0.2,300,4797100,"S"
"MSB","10:19:52",13.8,0.2,500,4796800,"S"
"MSB","10:19:51",13.8,0.2,1300,4796300,"S"
"MSB","10:19:49",13.8,0.2,39100,4795000,"B"
"MSB","10:19:46",13.8,0.2,5000,4755900,"B"
"MSB","10:19:45",13.8,0.2,100,4750900,"B"
"MSB","10:19:43",13.8,0.2,1000,4750800,"B"
"MSB","10:19:43",13.8,0.2,5000,4749800,"B"
"MSB","10:19:40",13.8,0.2,1000,4744800,"B"
"MSB","10:19:39",13.8,0.2,1000,4743800,"B"
"MSB","10:19:38",13.85,0.25,900,4742800,"S"
"MSB","10:19:37",13.8,0.2,100000,4741900,"B"
"MSB","10:19:35",13.85,0.25,1000,4641900,"S"
"MSB","10:19:32",13.85,0.25,2200,4640900,"S"
"MSB","10:19:30",13.85,0.25,5300,4638700,"S"
"MSB","10:19:26",13.8,0.2,100000,4633400,"B"
"MSB","10:19:20",13.85,0.25,900,4533400,"S"
"MSB","10:19:17",13.85,0.25,500,4532500,"S"
"MSB","10:19:16",13.8,0.2,1000,4532000,"B"
"MSB","10:19:13",13.85,0.25,1000,4531000,"S"
"MSB","10:19:11",13.8,0.2,1000,4530000,"B"
"MSB","10:19:05",13.85,0.25,500,4529000,"S"
"MSB","10:19:01",13.8,0.2,300,4528500,"B"
"MSB","10:18:53",13.85,0.25,1300,4528200,"S"
"MSB","10:18:53",13.85,0.25,20000,4526900,"S"
"MSB","10:18:48",13.8,0.2,1300,4506900,"B"
"MSB","10:18:40",13.8,0.2,200,4505600,"B"
"MSB","10:18:37",13.8,0.2,20900,4505400,"B"
"MSB","10:18:35",13.8,0.2,600,4484500,"B"
"MSB","10:18:34",13.8,0.2,1200,4483900,"B"
"MSB","10:18:33",13.8,0.2,1000,4482700,"B"
"MSB","10:18:31",13.8,0.2,100,4481700,"B"
"MSB","10:18:24",13.8,0.2,10000,4481600,"B"
"MSB","10:18:20",13.8,0.2,100000,4471600,"B"
"MSB","10:18:19",13.85,0.25,400,4371600,"S"
"MSB","10:18:14",13.8,0.2,32400,4371200,"S"
"MSB","10:18:13",13.8,0.2,10000,4338800,"S"
"MSB","10:18:12",13.8,0.2,600,4328800,"S"
"MSB","10:18:11",13.8,0.2,300,4328200,"S"
"MSB","10:18:10",13.8,0.2,30000,4327900,"S"
"MSB","10:18:09",13.8,0.2,9000,4297900,"S"
"MSB","10:18:08",13.8,0.2,50000,4288900,"S"
"MSB","10:18:07",13.8,0.2,20000,4238900,"S"
"MSB","10:18:06",13.8,0.2,15000,4218900,"S"
"MSB","10:18:03",13.8,0.2,5000,4203900,"S"
"MSB","10:18:02",13.8,0.2,10000,4198900,"S"
"MSB","10:18:01",13.8,0.2,18500,4188900,"S"
"MSB","10:18:01",13.8,0.2,31500,4170400,"S"
"MSB","10:18:00",13.8,0.2,50000,4138900,"S"
"MSB","10:17:58",13.8,0.2,1000,4088900,"S"
"MSB","10:17:56",13.8,0.2,100,4087900,"S"
"MSB","10:17:54",13.8,0.2,43000,4087800,"S"
"MSB","10:17:45",13.8,0.2,32000,4044800,"S"
"MSB","10:17:42",13.75,0.15,2000,4012800,"B"
"MSB","10:17:40",13.8,0.2,2500,4010800,"S"
"MSB","10:17:39",13.8,0.2,5000,4008300,"S"
"MSB","10:17:37",13.8,0.2,1500,4003300,"S"
"MSB","10:17:32",13.8,0.2,2800,4001800,"S"
"MSB","10:17:28",13.8,0.2,15000,3999000,"S"
"MSB","10:17:14",13.8,0.2,10000,3984000,"S"
"MSB","10:17:05",13.8,0.2,200,3974000,"S"
"MSB","10:17:02",13.75,0.15,50000,3973800,"B"
"MSB","10:17:00",13.8,0.2,800,3923800,"S"
"MSB","10:16:52",13.75,0.15,100,3923000,"B"
"MSB","10:16:49",13.8,0.2,50000,3922900,"S"
"MSB","10:16:39",13.75,0.15,200,3872900,"B"
"MSB","10:16:31",13.8,0.2,5000,3872700,"S"
"MSB","10:16:21",13.75,0.15,177000,3867700,"S"
"MSB","10:16:20",13.75,0.15,100,3690700,"S"
"MSB","10:16:18",13.75,0.15,100,3690600,"S"
"MSB","10:16:12",13.75,0.15,8000,3690500,"S"
"MSB","10:16:10",13.75,0.15,100,3682500,"S"
"MSB","10:16:08",13.75,0.15,3700,3682400,"S"
"MSB","10:16:04",13.75,0.15,3300,3678700,"S"
"MSB","10:16:03",13.75,0.15,100,3675400,"S"
"MSB","10:16:01",13.75,0.15,8600,3675300,"S"
"MSB","10:15:52",13.75,0.15,10000,3666700,"S"
"MSB","10:15:45",13.75,0.15,800,3656700,"S"
"MSB","10:15:30",13.75,0.15,12000,3655900,"S"
"MSB","10:15:25",13.7,0.1,4500,3643900,"B"
"MSB","10:15:25",13.75,0.15,1300,3639400,"S"
"MSB","10:15:24",13.75,0.15,600,3638100,"S"
"MSB","10:15:22",13.75,0.15,3000,3637500,"S"
"MSB","10:15:22",13.75,0.15,5200,3634500,"S"
"MSB","10:15:21",13.75,0.15,1700,3629300,"S"
"MSB","10:15:20",13.75,0.15,10000,3627600,"S"
"MSB","10:15:19",13.75,0.15,2000,3617600,"S"
"MSB","10:15:16",13.75,0.15,7500,3615600,"S"
"MSB","10:15:15",13.75,0.15,2000,3608100,"S"
"MSB","10:15:13",13.75,0.15,1000,3606100,"S"
"MSB","10:15:12",13.75,0.15,50000,3605100,"S"
"MSB","10:15:09",13.75,0.15,24000,3555100,"S"
"MSB","10:15:06",13.75,0.15,1000,3531100,"S"
"MSB","10:15:05",13.75,0.15,50400,3530100,"S"
"MSB","10:15:02",13.75,0.15,81700,3479700,"S"
"MSB","10:14:57",13.75,0.15,5000,3398000,"S"
"MSB","10:14:56",13.7,0.1,100,3393000,"B"
"MSB","10:14:53",13.75,0.15,200,3392900,"S"
"MSB","10:14:49",13.75,0.15,20000,3392700,"S"
"MSB","10:14:48",13.75,0.15,5000,3372700,"S"
"MSB","10:14:44",13.75,0.15,4100,3367700,"S"
"MSB","10:14:42",13.75,0.15,5800,3363600,"S"
"MSB","10:14:39",13.75,0.15,5000,3357800,"S"
"MSB","10:14:33",13.75,0.15,300,3352800,"S"
"MSB","10:14:31",13.75,0.15,30000,3352500,"S"
"MSB","10:14:28",13.75,0.15,10000,3322500,"S"
"MSB","10:14:22",13.75,0.15,30000,3312500,"S"
"MSB","10:14:19",13.75,0.15,600,3282500,"S"
"MSB","10:14:11",13.7,0.1,200,3281900,"B"
"MSB","10:14:10",13.75,0.15,10000,3281700,"S"
"MSB","10:14:05",13.75,0.15,3000,3271700,"S"
"MSB","10:13:59",13.75,0.15,10000,3268700,"S"
"MSB","10:13:58",13.75,0.15,5700,3258700,"S"
"MSB","10:13:56",13.75,0.15,11200,3253000,"S"
"MSB","10:13:55",13.75,0.15,11800,3241800,"S"
"MSB","10:13:47",13.75,0.15,1000,3230000,"S"
"MSB","10:13:45",13.7,0.1,5000,3229000,"B"
"MSB","10:13:40",13.7,0.1,100,3224000,"B"
"MSB","10:13:35",13.7,0.1,100,3223900,"B"
"MSB","10:13:29",13.7,0.1,54900,3223800,"S"
"MSB","10:13:28",13.7,0.1,180000,3168900,"S"
"MSB","10:13:26",13.7,0.1,1400,2988900,"S"
"MSB","10:13:23",13.7,0.1,200000,2987500,"S"
"MSB","10:13:03",13.7,0.1,3000,2787500,"S"
"MSB","10:12:56",13.7,0.1,4000,2784500,"S"
"MSB","10:12:39",13.7,0.1,2000,2780500,"S"
"MSB","10:12:34",13.65,0.05,1000,2778500,"B"
"MSB","10:12:31",13.65,0.05,200,2777500,"B"
"MSB","10:12:05",13.65,0.05,300,2777300,"B"
"MSB","10:11:19",13.65,0.05,500,2777000,"B"
"MSB","10:11:18",13.7,0.1,400,2776500,"S"
"MSB","10:11:07",13.65,0.05,10000,2776100,"B"
"MSB","10:11:04",13.7,0.1,10000,2766100,"S"
"MSB","10:10:57",13.7,0.1,1200,2756100,"S"
"MSB","10:10:40",13.7,0.1,3500,2754900,"S"
"MSB","10:10:03",13.7,0.1,5000,2751400,"S"
"MSB","10:09:53",13.65,0.05,500,2746400,"B"
"MSB","10:09:51",13.7,0.1,200,2745900,"S"
"MSB","10:09:38",13.65,0.05,1000,2745700,"B"
"MSB","10:09:24",13.65,0.05,5000,2744700,"B"
"MSB","10:09:21",13.65,0.05,500,2739700,"B"
"MSB","10:08:29",13.65,0.05,1500,2739200,"B"
"MSB","10:08:29",13.7,0.1,1200,2737700,"S"
"MSB","10:08:17",13.7,0.1,1000,2736500,"S"
"MSB","10:08:06",13.7,0.1,9600,2735500,"S"
"MSB","10:07:55",13.7,0.1,1000,2725900,"S"
"MSB","10:07:43",13.7,0.1,300,2724900,"S"
"MSB","10:07:10",13.7,0.1,1000,2724600,"S"
"MSB","10:06:59",13.7,0.1,1000,2723600,"S"
"MSB","10:06:47",13.7,0.1,10000,2722600,"S"
"MSB","10:06:36",13.7,0.1,10000,2712600,"S"
"MSB","10:06:19",13.65,0.05,2000,2702600,"B"
"MSB","10:05:53",13.7,0.1,1000,2700600,"S"
"MSB","10:05:43",13.7,0.1,100,2699600,"S"
"MSB","10:05:43",13.65,0.05,2000,2699500,"B"
"MSB","10:05:33",13.7,0.1,500,2697500,"S"
"MSB","10:05:18",13.65,0.05,2000,2697000,"B"
"MSB","10:05:01",13.65,0.05,300,2695000,"B"
"MSB","10:04:55",13.65,0.05,10000,2694700,"B"
"MSB","10:04:54",13.65,0.05,500,2684700,"B"
"MSB","10:04:49",13.65,0.05,5000,2684200,"B"
"MSB","10:04:44",13.65,0.05,2000,2679200,"B"
"MSB","10:04:40",13.65,0.05,1000,2677200,"B"
"MSB","10:04:33",13.65,0.05,5000,2676200,"B"
"MSB","10:04:31",13.65,0.05,3000,2671200,"B"
"MSB","10:03:40",13.65,0.05,1500,2668200,"B"
"MSB","10:03:14",13.65,0.05,2900,2666700,"B"
"MSB","10:02:52",13.65,0.05,400,2663800,"B"
"MSB","10:02:49",13.65,0.05,5000,2663400,"B"
"MSB","10:02:48",13.65,0.05,100,2658400,"B"
"MSB","10:02:32",13.65,0.05,1600,2658300,"B"
"MSB","10:02:30",13.65,0.05,1000,2656700,"B"
"MSB","10:02:23",13.65,0.05,3500,2655700,"B"
"MSB","10:02:20",13.65,0.05,100,2652200,"B"
"MSB","10:02:00",13.65,0.05,400,2652100,"B"
"MSB","10:01:54",13.65,0.05,5000,2651700,"B"
"MSB","10:01:36",13.65,0.05,8200,2646700,"S"
"MSB","10:01:25",13.6,0,200,2638500,"B"
"MSB","10:01:25",13.65,0.05,10000,2638300,"S"
"MSB","10:01:20",13.65,0.05,1000,2628300,"S"
"MSB","10:01:18",13.65,0.05,1500,2627300,"S"
"MSB","10:01:16",13.65,0.05,3600,2625800,"S"
"MSB","10:01:09",13.65,0.05,1000,2622200,"S"
"MSB","10:01:06",13.65,0.05,500,2621200,"S"
"MSB","10:01:01",13.65,0.05,3000,2620700,"S"
"MSB","10:00:59",13.65,0.05,100,2617700,"S"
"MSB","10:00:53",13.6,0,800,2617600,"B"
"MSB","10:00:50",13.65,0.05,4500,2616800,"S"
"MSB","10:00:46",13.65,0.05,10000,2612300,"S"
"MSB","10:00:45",13.65,0.05,6400,2602300,"S"
"MSB","10:00:38",13.65,0.05,4000,2595900,"S"
"MSB","10:00:35",13.65,0.05,5000,2591900,"S"
"MSB","10:00:34",13.65,0.05,10000,2586900,"S"
"MSB","10:00:30",13.65,0.05,2000,2576900,"S"
"MSB","10:00:28",13.65,0.05,10000,2574900,"S"
"MSB","10:00:08",13.65,0.05,10000,2564900,"S"
"MSB","10:00:06",13.65,0.05,9000,2554900,"S"
"MSB","09:59:59",13.65,0.05,14900,2545900,"B"
"MSB","09:59:58",13.65,0.05,500,2531000,"B"
"MSB","09:59:57",13.65,0.05,600,2530500,"B"
"MSB","09:59:54",13.65,0.05,2000,2529900,"B"
"MSB","09:59:53",13.65,0.05,2200,2527900,"S"
"MSB","09:59:51",13.65,0.05,10000,2525700,"S"
"MSB","09:59:46",13.65,0.05,200,2515700,"S"
"MSB","09:59:40",13.65,0.05,2500,2515500,"S"
"MSB","09:59:39",13.65,0.05,2000,2513000,"S"
"MSB","09:59:36",13.65,0.05,10000,2511000,"S"
"MSB","09:59:28",13.65,0.05,12300,2501000,"B"
"MSB","09:59:27",13.7,0.1,2000,2488700,"S"
"MSB","09:59:15",13.65,0.05,1200,2486700,"S"
"MSB","09:59:13",13.65,0.05,500,2485500,"S"
"MSB","09:59:13",13.65,0.05,2000,2485000,"S"
"MSB","09:59:11",13.65,0.05,1600,2483000,"S"
"MSB","09:59:07",13.65,0.05,7500,2481400,"S"
"MSB","09:59:06",13.65,0.05,400,2473900,"S"
"MSB","09:59:03",13.65,0.05,1000,2473500,"S"
"MSB","09:59:03",13.65,0.05,50000,2472500,"S"
"MSB","09:59:01",13.65,0.05,500,2422500,"S"
"MSB","09:59:01",13.65,0.05,10000,2422000,"S"
"MSB","09:58:59",13.65,0.05,2400,2412000,"S"
"MSB","09:58:57",13.65,0.05,15200,2409600,"S"
"MSB","09:58:57",13.65,0.05,34800,2394400,"S"
"MSB","09:58:52",13.65,0.05,20000,2359600,"S"
"MSB","09:58:51",13.65,0.05,100000,2339600,"S"
"MSB","09:58:49",13.65,0.05,100000,2239600,"S"
"MSB","09:58:48",13.65,0.05,1900,2139600,"S"
"MSB","09:58:44",13.6,0,500,2137700,"B"
"MSB","09:58:30",13.65,0.05,300,2137200,"S"
"MSB","09:58:22",13.65,0.05,1000,2136900,"S"
"MSB","09:57:29",13.65,0.05,2600,2135900,"S"
"MSB","09:57:22",13.65,0.05,300,2133300,"S"
"MSB","09:57:15",13.65,0.05,800,2133000,"S"
"MSB","09:57:01",13.65,0.05,18000,2132200,"S"
"MSB","09:56:39",13.65,0.05,18000,2114200,"S"
"MSB","09:56:36",13.6,0,200,2096200,"B"
"MSB","09:56:13",13.6,0,100,2096000,"B"
"MSB","09:56:10",13.65,0.05,1200,2095900,"S"
"MSB","09:55:48",13.6,0,500,2094700,"B"
"MSB","09:54:50",13.6,0,100,2094200,"B"
"MSB","09:54:49",13.6,0,100,2094100,"B"
"MSB","09:54:41",13.6,0,400,2094000,"B"
"MSB","09:54:35",13.6,0,100,2093600,"B"
"MSB","09:54:35",13.6,0,2000,2093500,"B"
"MSB","09:54:31",13.6,0,3500,2091500,"S"
"MSB","09:54:28",13.6,0,5000,2088000,"S"
"MSB","09:54:23",13.6,0,500,2083000,"S"
"MSB","09:54:17",13.6,0,500,2082500,"S"
"MSB","09:54:14",13.6,0,200,2082000,"S"
"MSB","09:54:09",13.6,0,200,2081800,"S"
"MSB","09:53:54",13.6,0,2000,2081600,"S"
"MSB","09:53:53",13.6,0,100,2079600,"S"
"MSB","09:53:52",13.6,0,400,2079500,"S"
"MSB","09:53:44",13.6,0,2000,2079100,"S"
"MSB","09:53:43",13.6,0,400,2077100,"S"
"MSB","09:53:42",13.6,0,2600,2076700,"S"
"MSB","09:53:38",13.6,0,1400,2074100,"S"
"MSB","09:53:37",13.6,0,1300,2072700,"S"
"MSB","09:53:33",13.6,0,10000,2071400,"S"
"MSB","09:53:32",13.6,0,700,2061400,"S"
"MSB","09:53:27",13.6,0,2000,2060700,"S"
"MSB","09:53:17",13.6,0,27000,2058700,"S"
"MSB","09:52:49",13.6,0,500,2031700,"S"
"MSB","09:52:32",13.6,0,7600,2031200,"S"
"MSB","09:52:19",13.55,-0.05,5000,2023600,"B"
"MSB","09:52:17",13.6,0,100,2018600,"S"
"MSB","09:52:16",13.55,-0.05,200,2018500,"B"
"MSB","09:52:00",13.6,0,100,2018300,"S"
"MSB","09:51:56",13.6,0,300,2018200,"S"
"MSB","09:51:52",13.6,0,3000,2017900,"S"
"MSB","09:51:36",13.6,0,300,2014900,"S"
"MSB","09:51:35",13.6,0,100,2014600,"S"
"MSB","09:51:32",13.6,0,700,2014500,"S"
"MSB","09:51:14",13.6,0,300,2013800,"S"
"MSB","09:51:13",13.6,0,100,2013500,"S"
"MSB","09:51:13",13.6,0,1000,2013400,"S"
"MSB","09:51:02",13.6,0,8700,2012400,"S"
"MSB","09:50:59",13.6,0,2000,2003700,"S"
"MSB","09:50:58",13.6,0,1000,2001700,"S"
"MSB","09:50:41",13.6,0,800,2000700,"S"
"MSB","09:50:40",13.6,0,5000,1999900,"S"
"MSB","09:50:26",13.55,-0.05,10000,1994900,"B"
"MSB","09:49:58",13.6,0,20500,1984900,"B"
"MSB","09:49:42",13.6,0,46000,1964400,"S"
"MSB","09:49:31",13.6,0,100,1918400,"S"
"MSB","09:49:27",13.6,0,53900,1918300,"B"
"MSB","09:49:15",13.6,0,4700,1864400,"S"
"MSB","09:49:09",13.6,0,100,1859700,"S"
"MSB","09:49:03",13.6,0,2200,1859600,"S"
"MSB","09:48:35",13.55,-0.05,300,1857400,"B"
"MSB","09:48:35",13.6,0,5000,1857100,"B"
"MSB","09:48:33",13.6,0,95000,1852100,"S"
"MSB","09:48:13",13.55,-0.05,800,1757100,"B"
"MSB","09:48:13",13.55,-0.05,11200,1756300,"B"
"MSB","09:47:48",13.55,-0.05,1100,1745100,"B"
"MSB","09:47:42",13.55,-0.05,500,1744000,"B"
"MSB","09:46:36",13.55,-0.05,400,1743500,"B"
"MSB","09:46:10",13.55,-0.05,100,1743100,"B"
"MSB","09:46:00",13.55,-0.05,10000,1743000,"B"
"MSB","09:45:58",13.55,-0.05,300,1733000,"B"
"MSB","09:45:57",13.55,-0.05,1000,1732700,"B"
"MSB","09:45:51",13.55,-0.05,2300,1731700,"B"
"MSB","09:45:39",13.55,-0.05,300,1729400,"B"
"MSB","09:45:36",13.6,0,10000,1729100,"S"
"MSB","09:45:34",13.55,-0.05,5000,1719100,"B"
"MSB","09:45:17",13.55,-0.05,1000,1714100,"B"
"MSB","09:45:16",13.55,-0.05,1200,1713100,"B"
"MSB","09:45:15",13.55,-0.05,2800,1711900,"B"
"MSB","09:44:56",13.55,-0.05,49000,1709100,"B"
"MSB","09:44:31",13.6,0,100,1660100,"S"
"MSB","09:44:07",13.6,0,1000,1660000,"S"
"MSB","09:44:06",13.6,0,1900,1659000,"B"
"MSB","09:44:04",13.6,0,100,1657100,"B"
"MSB","09:43:48",13.6,0,200,1657000,"B"
"MSB","09:43:32",13.6,0,100,1656800,"S"
"MSB","09:43:02",13.6,0,8900,1656700,"B"
"MSB","09:43:02",13.6,0,31100,1647800,"B"
"MSB","09:42:40",13.6,0,8000,1616700,"B"
"MSB","09:42:39",13.6,0,1000,1608700,"B"
"MSB","09:42:36",13.6,0,30000,1607700,"B"
"MSB","09:42:15",13.6,0,25000,1577700,"S"
"MSB","09:42:13",13.6,0,50000,1552700,"S"
"MSB","09:41:58",13.6,0,2000,1502700,"S"
"MSB","09:41:55",13.6,0,1000,1500700,"S"
"MSB","09:41:47",13.6,0,100,1499700,"S"
"MSB","09:41:38",13.55,-0.05,1800,1499600,"B"
"MSB","09:41:14",13.55,-0.05,8000,1497800,"B"
"MSB","09:41:10",13.6,0,100,1489800,"S"
"MSB","09:41:07",13.55,-0.05,20000,1489700,"B"
"MSB","09:41:05",13.6,0,300,1469700,"S"
"MSB","09:41:04",13.6,0,53000,1469400,"S"
"MSB","09:41:01",13.6,0,8000,1416400,"S"
"MSB","09:40:57",13.6,0,50000,1408400,"S"
"MSB","09:40:44",13.55,-0.05,1000,1358400,"B"
"MSB","09:40:43",13.6,0,100,1357400,"S"
"MSB","09:40:41",13.6,0,5000,1357300,"S"
"MSB","09:40:40",13.6,0,3000,1352300,"S"
"MSB","09:40:39",13.6,0,400,1349300,"S"
"MSB","09:40:35",13.6,0,30000,1348900,"S"
"MSB","09:40:32",13.6,0,2700,1318900,"S"
"MSB","09:40:30",13.6,0,100,1316200,"S"
"MSB","09:40:24",13.6,0,500,1316100,"S"
"MSB","09:40:23",13.6,0,1000,1315600,"S"
"MSB","09:40:19",13.6,0,25000,1314600,"S"
"MSB","09:40:18",13.6,0,500,1289600,"S"
"MSB","09:40:10",13.6,0,500,1289100,"S"
"MSB","09:40:00",13.6,0,500,1288600,"S"
"MSB","09:39:49",13.6,0,500,1288100,"S"
"MSB","09:39:32",13.6,0,100,1287600,"S"
"MSB","09:39:29",13.6,0,3700,1287500,"S"
"MSB","09:39:23",13.6,0,2000,1283800,"S"
"MSB","09:39:18",13.6,0,100,1281800,"S"
"MSB","09:39:13",13.6,0,51000,1281700,"S"
"MSB","09:39:09",13.6,0,10000,1230700,"S"
"MSB","09:39:03",13.6,0,100,1220700,"S"
"MSB","09:39:02",13.6,0,200,1220600,"S"
"MSB","09:39:01",13.6,0,1000,1220400,"S"
"MSB","09:38:54",13.6,0,100,1219400,"S"
"MSB","09:38:38",13.6,0,1000,1219300,"S"
"MSB","09:38:37",13.55,-0.05,3300,1218300,"B"
"MSB","09:38:19",13.6,0,100,1215000,"S"
"MSB","09:38:14",13.6,0,1000,1214900,"S"
"MSB","09:38:02",13.6,0,5000,1213900,"S"
"MSB","09:37:49",13.6,0,2000,1208900,"S"
"MSB","09:37:41",13.55,-0.05,2900,1206900,"B"
"MSB","09:37:36",13.6,0,1000,1204000,"S"
"MSB","09:37:16",13.6,0,100,1203000,"S"
"MSB","09:37:13",13.6,0,2000,1202900,"S"
"MSB","09:37:12",13.6,0,800,1200900,"S"
"MSB","09:37:10",13.6,0,20000,1200100,"S"
"MSB","09:37:01",13.6,0,25000,1180100,"S"
"MSB","09:36:47",13.6,0,500,1155100,"S"
"MSB","09:36:45",13.55,-0.05,200,1154600,"B"
"MSB","09:36:19",13.55,-0.05,5000,1154400,"B"
"MSB","09:36:09",13.55,-0.05,5000,1149400,"B"
"MSB","09:35:40",13.55,-0.05,2000,1144400,"B"
"MSB","09:35:34",13.55,-0.05,6000,1142400,"B"
"MSB","09:35:17",13.55,-0.05,200,1136400,"B"
"MSB","09:35:12",13.6,0,2900,1136200,"S"
"MSB","09:35:08",13.6,0,100,1133300,"S"
"MSB","09:35:05",13.6,0,200,1133200,"S"
"MSB","09:34:47",13.6,0,1000,1133000,"S"
"MSB","09:34:42",13.6,0,100,1132000,"S"
"MSB","09:34:26",13.6,0,300,1131900,"S"
"MSB","09:34:22",13.6,0,1000,1131600,"S"
"MSB","09:34:14",13.6,0,15200,1130600,"B"
"MSB","09:34:11",13.6,0,100,1115400,"B"
"MSB","09:34:06",13.6,0,500,1115300,"B"
"MSB","09:34:05",13.6,0,50000,1114800,"B"
"MSB","09:33:55",13.6,0,9200,1064800,"S"
"MSB","09:33:55",13.6,0,40800,1055600,"B"
"MSB","09:33:46",13.6,0,12200,1014800,"S"
"MSB","09:33:39",13.6,0,2000,1002600,"S"
"MSB","09:33:37",13.6,0,200,1000600,"S"
"MSB","09:33:35",13.6,0,3500,1000400,"S"
"MSB","09:33:34",13.6,0,100,996900,"S"
"MSB","09:33:31",13.6,0,50000,996800,"S"
"MSB","09:33:30",13.6,0,200,946800,"S"
"MSB","09:33:14",13.6,0,100,946600,"S"
"MSB","09:33:13",13.6,0,50000,946500,"S"
"MSB","09:32:47",13.6,0,25000,896500,"S"
"MSB","09:32:33",13.55,-0.05,1000,871500,"B"
"MSB","09:32:27",13.6,0,1000,870500,"S"
"MSB","09:32:10",13.6,0,7500,869500,"S"
"MSB","09:32:03",13.6,0,5700,862000,"S"
"MSB","09:31:23",13.6,0,2000,856300,"S"
"MSB","09:31:21",13.6,0,3000,854300,"S"
"MSB","09:30:58",13.6,0,500,851300,"S"
"MSB","09:30:57",13.6,0,1500,850800,"S"
"MSB","09:30:52",13.6,0,5000,849300,"S"
"MSB","09:30:33",13.6,0,500,844300,"S"
"MSB","09:30:32",13.55,-0.05,1000,843800,"B"
"MSB","09:30:28",13.6,0,200,842800,"S"
"MSB","09:30:26",13.6,0,25000,842600,"S"
"MSB","09:30:17",13.6,0,200,817600,"S"
"MSB","09:29:58",13.6,0,10000,817400,"S"
"MSB","09:29:46",13.6,0,31500,807400,"B"
"MSB","09:29:42",13.6,0,18500,775900,"S"
"MSB","09:29:31",13.6,0,1000,757400,"S"
"MSB","09:29:14",13.6,0,10000,756400,"S"
"MSB","09:29:03",13.6,0,25000,746400,"S"
"MSB","09:28:44",13.6,0,200,721400,"S"
"MSB","09:28:28",13.6,0,80000,721200,"S"
"MSB","09:28:12",13.6,0,1000,641200,"S"
"MSB","09:27:42",13.6,0,100,640200,"S"
"MSB","09:27:33",13.6,0,6100,640100,"S"
"MSB","09:27:31",13.55,-0.05,1000,634000,"B"
"MSB","09:27:23",13.55,-0.05,1000,633000,"B"
"MSB","09:26:50",13.55,-0.05,400,632000,"B"
"MSB","09:26:47",13.55,-0.05,100,631600,"B"
"MSB","09:26:37",13.55,-0.05,100,631500,"B"
"MSB","09:26:27",13.55,-0.05,2000,631400,"B"
"MSB","09:26:26",13.55,-0.05,600,629400,"B"
"MSB","09:26:24",13.55,-0.05,50000,628800,"B"
"MSB","09:26:23",13.55,-0.05,1000,578800,"B"
"MSB","09:26:15",13.55,-0.05,10000,577800,"B"
"MSB","09:25:44",13.55,-0.05,200,567800,"B"
"MSB","09:25:26",13.55,-0.05,1500,567600,"B"
"MSB","09:24:55",13.6,0,5900,566100,"S"
"MSB","09:24:54",13.55,-0.05,5000,560200,"B"
"MSB","09:24:34",13.6,0,100,555200,"S"
"MSB","09:24:19",13.6,0,500,555100,"S"
"MSB","09:24:16",13.6,0,25000,554600,"S"
"MSB","09:23:09",13.6,0,100,529600,"S"
"MSB","09:22:23",13.6,0,100,529500,"S"
"MSB","09:22:15",13.6,0,300,529400,"S"
"MSB","09:22:13",13.6,0,16300,529100,"B"
"MSB","09:22:12",13.6,0,1000,512800,"B"
"MSB","09:22:08",13.6,0,1000,511800,"B"
"MSB","09:22:07",13.6,0,1100,510800,"B"
"MSB","09:21:57",13.6,0,100,509700,"B"
"MSB","09:21:50",13.6,0,8800,509600,"B"
"MSB","09:21:35",13.6,0,2800,500800,"B"
"MSB","09:21:31",13.6,0,1000,498000,"B"
"MSB","09:21:06",13.6,0,1000,497000,"B"
"MSB","09:20:58",13.6,0,5400,496000,"S"
"MSB","09:20:57",13.6,0,200,490600,"S"
"MSB","09:20:52",13.6,0,30000,490400,"S"
"MSB","09:20:34",13.6,0,300,460400,"S"
"MSB","09:20:30",13.6,0,200,460100,"S"
"MSB","09:20:05",13.6,0,16200,459900,"B"
"MSB","09:19:56",13.6,0,1000,443700,"B"
"MSB","09:19:16",13.6,0,3800,442700,"S"
"MSB","09:19:05",13.6,0,5000,438900,"S"
"MSB","09:19:02",13.6,0,1000,433900,"S"
"MSB","09:19:00",13.6,0,5000,432900,"S"
"MSB","09:18:57",13.6,0,200,427900,"S"
"MSB","09:18:54",13.6,0,5000,427700,"B"
"MSB","09:18:49",13.6,0,15000,422700,"S"
"MSB","09:18:41",13.6,0,10000,407700,"S"
"MSB","09:18:32",13.6,0,5000,397700,"S"
"MSB","09:18:29",13.6,0,10000,392700,"B"
"MSB","09:18:28",13.65,0.05,500,382700,"S"
"MSB","09:18:27",13.6,0,1700,382200,"B"
"MSB","09:18:17",13.65,0.05,500,380500,"S"
"MSB","09:18:16",13.6,0,2500,380000,"B"
"MSB","09:18:14",13.6,0,10000,377500,"B"
"MSB","09:18:03",13.6,0,3000,367500,"B"
"MSB","09:18:01",13.6,0,4000,364500,"B"
"MSB","09:17:33",13.6,0,2900,360500,"S"
"MSB","09:17:32",13.6,0,27100,357600,"B"
"MSB","09:17:23",13.65,0.05,13000,330500,"S"
"MSB","09:17:23",13.6,0,37000,317500,"S"
"MSB","09:17:18",13.6,0,3000,280500,"S"
"MSB","09:17:15",13.6,0,10000,277500,"B"
"MSB","09:17:06",13.65,0.05,100,267500,"S"
"MSB","09:17:02",13.6,0,1600,267400,"S"
"MSB","09:17:01",13.6,0,5000,265800,"S"
"MSB","09:17:00",13.6,0,300,260800,"S"
"MSB","09:16:58",13.6,0,200,260500,"S"
"MSB","09:16:51",13.6,0,18900,260300,"B"
"MSB","09:16:47",13.6,0,19100,241400,"S"
"MSB","09:16:47",13.6,0,3000,222300,"S"
"MSB","09:16:46",13.6,0,100,219300,"S"
"MSB","09:16:41",13.6,0,100,219200,"S"
"MSB","09:16:32",13.6,0,3400,219100,"B"
"MSB","09:16:23",13.6,0,1600,215700,"S"
"MSB","09:16:18",13.6,0,400,214100,"S"
"MSB","09:16:01",13.6,0,300,213700,"S"
"MSB","09:15:47",13.6,0,39700,213400,"B"
"MSB","09:15:38",13.6,0,50000,173700,"B"
"MSB","09:15:32",13.6,0,500,123700,"B"
"MSB","09:15:29",13.65,0.05,42000,123200,"S"
"MSB","09:15:08",13.65,0.05,1200,81200,"S"
"MSB","09:15:07",13.65,0.05,400,80000,"S"
"MSB","09:15:00",13.65,0.05,79600,79600,
