"symbol","time","price","change","vol","total","side"
"TPB","14:45:00",17.75,-0.2,373100,10503800,
"TPB","14:29:58",17.75,-0.2,100,10130700,"S"
"TPB","14:29:53",17.75,-0.2,132600,10130600,"B"
"TPB","14:29:49",17.8,-0.15,2000,9998000,"S"
"TPB","14:29:46",17.8,-0.15,9000,9996000,"S"
"TPB","14:29:43",17.8,-0.15,100,9987000,"S"
"TPB","14:29:35",17.75,-0.2,5000,9986900,"B"
"TPB","14:29:34",17.8,-0.15,1000,9981900,"S"
"TPB","14:29:21",17.75,-0.2,1000,9980900,"B"
"TPB","14:29:15",17.8,-0.15,200,9979900,"S"
"TPB","14:29:13",17.8,-0.15,1000,9979700,"S"
"TPB","14:29:07",17.75,-0.2,150000,9978700,"B"
"TPB","14:29:06",17.8,-0.15,100,9828700,"S"
"TPB","14:29:05",17.8,-0.15,100,9828600,"S"
"TPB","14:29:04",17.8,-0.15,500,9828500,"S"
"TPB","14:29:02",17.8,-0.15,1000,9828000,"S"
"TPB","14:28:59",17.8,-0.15,400,9827000,"S"
"TPB","14:28:55",17.8,-0.15,1000,9826600,"S"
"TPB","14:28:54",17.8,-0.15,1000,9825600,"S"
"TPB","14:28:51",17.8,-0.15,1000,9824600,"S"
"TPB","14:28:47",17.75,-0.2,500,9823600,"B"
"TPB","14:28:45",17.8,-0.15,500,9823100,"S"
"TPB","14:28:44",17.8,-0.15,1000,9822600,"S"
"TPB","14:28:42",17.8,-0.15,5000,9821600,"S"
"TPB","14:28:40",17.8,-0.15,8500,9816600,"S"
"TPB","14:28:35",17.8,-0.15,4900,9808100,"B"
"TPB","14:28:32",17.8,-0.15,100,9803200,"S"
"TPB","14:28:29",17.8,-0.15,6900,9803100,"B"
"TPB","14:28:25",17.8,-0.15,3100,9796200,"S"
"TPB","14:28:13",17.8,-0.15,6600,9793100,"S"
"TPB","14:28:11",17.8,-0.15,6900,9786500,"S"
"TPB","14:28:05",17.8,-0.15,5600,9779600,"B"
"TPB","14:28:02",17.8,-0.15,10000,9774000,"B"
"TPB","14:27:59",17.8,-0.15,100,9764000,"B"
"TPB","14:27:54",17.8,-0.15,2100,9763900,"B"
"TPB","14:27:47",17.8,-0.15,5000,9761800,"B"
"TPB","14:27:40",17.8,-0.15,10800,9756800,"B"
"TPB","14:27:38",17.8,-0.15,2000,9746000,"B"
"TPB","14:27:29",17.8,-0.15,100,9744000,"B"
"TPB","14:27:19",17.8,-0.15,100,9743900,"B"
"TPB","14:27:02",17.8,-0.15,5000,9743800,"B"
"TPB","14:26:43",17.8,-0.15,300,9738800,"B"
"TPB","14:26:31",17.8,-0.15,9000,9738500,"S"
"TPB","14:26:30",17.8,-0.15,10000,9729500,"S"
"TPB","14:26:27",17.8,-0.15,200,9719500,"S"
"TPB","14:26:23",17.8,-0.15,7600,9719300,"S"
"TPB","14:26:21",17.8,-0.15,5000,9711700,"S"
"TPB","14:26:20",17.8,-0.15,700,9706700,"S"
"TPB","14:26:19",17.8,-0.15,500,9706000,"S"
"TPB","14:26:13",17.8,-0.15,400,9705500,"S"
"TPB","14:26:12",17.8,-0.15,200,9705100,"S"
"TPB","14:26:08",17.8,-0.15,100,9704900,"S"
"TPB","14:26:06",17.8,-0.15,3100,9704800,"S"
"TPB","14:26:05",17.8,-0.15,500,9701700,"S"
"TPB","14:26:03",17.8,-0.15,2000,9701200,"S"
"TPB","14:26:02",17.8,-0.15,6600,9699200,"S"
"TPB","14:25:58",17.8,-0.15,3600,9692600,"S"
"TPB","14:25:57",17.8,-0.15,400,9689000,"S"
"TPB","14:25:56",17.8,-0.15,1900,9688600,"S"
"TPB","14:25:50",17.8,-0.15,500,9686700,"S"
"TPB","14:25:49",17.8,-0.15,1000,9686200,"S"
"TPB","14:25:47",17.8,-0.15,3000,9685200,"S"
"TPB","14:25:44",17.8,-0.15,2000,9682200,"S"
"TPB","14:25:42",17.8,-0.15,13700,9680200,"S"
"TPB","14:25:41",17.8,-0.15,500,9666500,"S"
"TPB","14:25:40",17.8,-0.15,20000,9666000,"S"
"TPB","14:25:38",17.8,-0.15,1000,9646000,"S"
"TPB","14:25:36",17.8,-0.15,2000,9645000,"S"
"TPB","14:25:33",17.8,-0.15,1000,9643000,"S"
"TPB","14:25:32",17.8,-0.15,1000,9642000,"S"
"TPB","14:25:28",17.8,-0.15,1000,9641000,"S"
"TPB","14:25:27",17.8,-0.15,3000,9640000,"S"
"TPB","14:25:25",17.8,-0.15,1000,9637000,"S"
"TPB","14:25:25",17.8,-0.15,1500,9636000,"S"
"TPB","14:25:24",17.8,-0.15,500,9634500,"S"
"TPB","14:25:20",17.8,-0.15,2300,9634000,"S"
"TPB","14:25:17",17.8,-0.15,1000,9631700,"S"
"TPB","14:25:14",17.8,-0.15,1000,9630700,"S"
"TPB","14:25:13",17.8,-0.15,2400,9629700,"S"
"TPB","14:25:12",17.8,-0.15,500,9627300,"S"
"TPB","14:25:11",17.8,-0.15,1000,9626800,"S"
"TPB","14:25:08",17.8,-0.15,6000,9625800,"S"
"TPB","14:25:03",17.8,-0.15,1000,9619800,"S"
"TPB","14:25:01",17.8,-0.15,399000,9618800,"B"
"TPB","14:24:57",17.85,-0.1,1000,9219500,"S"
"TPB","14:24:52",17.85,-0.1,1000,9218500,"S"
"TPB","14:24:52",17.8,-0.15,100,9217500,"B"
"TPB","14:24:48",17.85,-0.1,1000,9217400,"S"
"TPB","14:24:43",17.85,-0.1,1000,9216400,"S"
"TPB","14:24:43",17.8,-0.15,300,9215400,"B"
"TPB","14:24:42",17.8,-0.15,100,9215100,"B"
"TPB","14:24:36",17.85,-0.1,1000,9215000,"S"
"TPB","14:24:35",17.85,-0.1,1000,9214000,"S"
"TPB","14:24:26",17.85,-0.1,1000,9213000,"S"
"TPB","14:24:19",17.85,-0.1,300,9212000,"S"
"TPB","14:24:14",17.85,-0.1,500,9211700,"S"
"TPB","14:23:59",17.85,-0.1,500,9211200,"S"
"TPB","14:23:58",17.85,-0.1,1000,9210700,"S"
"TPB","14:23:49",17.85,-0.1,8500,9209700,"S"
"TPB","14:23:47",17.85,-0.1,100,9201200,"S"
"TPB","14:23:26",17.85,-0.1,200,9201100,"S"
"TPB","14:23:14",17.85,-0.1,1000,9200900,"S"
"TPB","14:23:12",17.8,-0.15,300,9199900,"B"
"TPB","14:22:47",17.8,-0.15,1000,9199600,"B"
"TPB","14:22:46",17.8,-0.15,100,9198600,"B"
"TPB","14:22:42",17.8,-0.15,6000,9198500,"B"
"TPB","14:22:32",17.8,-0.15,100,9192500,"B"
"TPB","14:22:26",17.85,-0.1,2000,9192400,"S"
"TPB","14:22:22",17.85,-0.1,100,9190400,"S"
"TPB","14:22:09",17.85,-0.1,5000,9190300,"S"
"TPB","14:22:06",17.85,-0.1,10000,9185300,"S"
"TPB","14:22:05",17.8,-0.15,2000,9175300,"B"
"TPB","14:22:03",17.85,-0.1,25000,9173300,"S"
"TPB","14:22:02",17.8,-0.15,100,9148300,"B"
"TPB","14:21:57",17.85,-0.1,3600,9148200,"S"
"TPB","14:21:32",17.8,-0.15,1300,9144600,"B"
"TPB","14:21:27",17.85,-0.1,25000,9143300,"S"
"TPB","14:21:22",17.8,-0.15,1200,9118300,"B"
"TPB","14:21:16",17.85,-0.1,25000,9117100,"S"
"TPB","14:21:02",17.8,-0.15,200,9092100,"B"
"TPB","14:21:01",17.85,-0.1,3000,9091900,"S"
"TPB","14:20:57",17.85,-0.1,400,9088900,"S"
"TPB","14:20:54",17.85,-0.1,2000,9088500,"S"
"TPB","14:20:38",17.8,-0.15,100,9086500,"B"
"TPB","14:20:38",17.85,-0.1,1500,9086400,"S"
"TPB","14:20:32",17.8,-0.15,200,9084900,"B"
"TPB","14:20:29",17.85,-0.1,5000,9084700,"S"
"TPB","14:20:22",17.8,-0.15,600,9079700,"B"
"TPB","14:20:21",17.85,-0.1,10000,9079100,"S"
"TPB","14:20:16",17.8,-0.15,1000,9069100,"B"
"TPB","14:20:12",17.8,-0.15,1500,9068100,"B"
"TPB","14:20:02",17.8,-0.15,500,9066600,"B"
"TPB","14:20:02",17.85,-0.1,30000,9066100,"S"
"TPB","14:19:54",17.85,-0.1,5000,9036100,"S"
"TPB","14:19:52",17.85,-0.1,200,9031100,"S"
"TPB","14:19:47",17.85,-0.1,200,9030900,"S"
"TPB","14:19:27",17.85,-0.1,1000,9030700,"S"
"TPB","14:19:12",17.8,-0.15,1500,9029700,"B"
"TPB","14:19:04",17.8,-0.15,2000,9028200,"B"
"TPB","14:19:03",17.85,-0.1,10000,9026200,"S"
"TPB","14:19:02",17.85,-0.1,1000,9016200,"S"
"TPB","14:18:59",17.85,-0.1,100,9015200,"S"
"TPB","14:18:53",17.85,-0.1,1000,9015100,"S"
"TPB","14:18:52",17.8,-0.15,100,9014100,"B"
"TPB","14:18:46",17.85,-0.1,1000,9014000,"S"
"TPB","14:18:42",17.85,-0.1,1000,9013000,"S"
"TPB","14:18:32",17.85,-0.1,200,9012000,"S"
"TPB","14:18:25",17.85,-0.1,1000,9011800,"S"
"TPB","14:18:22",17.8,-0.15,300,9010800,"B"
"TPB","14:18:19",17.85,-0.1,7300,9010500,"S"
"TPB","14:18:09",17.85,-0.1,1000,9003200,"S"
"TPB","14:18:02",17.8,-0.15,700,9002200,"B"
"TPB","14:18:01",17.8,-0.15,300,9001500,"B"
"TPB","14:17:58",17.85,-0.1,1000,9001200,"S"
"TPB","14:17:57",17.85,-0.1,100,9000200,"S"
"TPB","14:17:56",17.85,-0.1,10000,9000100,"S"
"TPB","14:17:54",17.85,-0.1,2000,8990100,"S"
"TPB","14:17:53",17.85,-0.1,200,8988100,"S"
"TPB","14:17:52",17.8,-0.15,600,8987900,"B"
"TPB","14:17:51",17.8,-0.15,2000,8987300,"B"
"TPB","14:17:47",17.85,-0.1,10000,8985300,"S"
"TPB","14:17:12",17.8,-0.15,200,8975300,"B"
"TPB","14:17:10",17.85,-0.1,3000,8975100,"S"
"TPB","14:17:02",17.8,-0.15,1000,8972100,"B"
"TPB","14:16:53",17.85,-0.1,20000,8971100,"S"
"TPB","14:16:52",17.8,-0.15,100,8951100,"B"
"TPB","14:16:47",17.85,-0.1,1200,8951000,"S"
"TPB","14:16:42",17.8,-0.15,900,8949800,"B"
"TPB","14:16:40",17.85,-0.1,800,8948900,"S"
"TPB","14:16:40",17.85,-0.1,16500,8948100,"S"
"TPB","14:16:34",17.85,-0.1,100,8931600,"S"
"TPB","14:16:32",17.8,-0.15,600,8931500,"B"
"TPB","14:16:29",17.85,-0.1,2000,8930900,"S"
"TPB","14:16:28",17.8,-0.15,10000,8928900,"B"
"TPB","14:16:12",17.8,-0.15,300,8918900,"B"
"TPB","14:16:09",17.85,-0.1,5000,8918600,"S"
"TPB","14:16:07",17.85,-0.1,2000,8913600,"S"
"TPB","14:16:02",17.8,-0.15,300,8911600,"B"
"TPB","14:15:59",17.85,-0.1,1000,8911300,"S"
"TPB","14:15:56",17.8,-0.15,2000,8910300,"B"
"TPB","14:15:53",17.85,-0.1,4000,8908300,"S"
"TPB","14:15:49",17.85,-0.1,100,8904300,"S"
"TPB","14:15:42",17.85,-0.1,1000,8904200,"S"
"TPB","14:15:33",17.8,-0.15,100,8903200,"B"
"TPB","14:15:32",17.85,-0.1,500,8903100,"S"
"TPB","14:15:30",17.85,-0.1,1000,8902600,"S"
"TPB","14:15:29",17.85,-0.1,200,8901600,"S"
"TPB","14:15:24",17.85,-0.1,1000,8901400,"S"
"TPB","14:15:23",17.85,-0.1,200,8900400,"S"
"TPB","14:15:12",17.8,-0.15,100,8900200,"B"
"TPB","14:15:10",17.85,-0.1,1000,8900100,"S"
"TPB","14:15:10",17.8,-0.15,1000,8899100,"B"
"TPB","14:15:08",17.85,-0.1,1000,8898100,"S"
"TPB","14:15:02",17.8,-0.15,200,8897100,"B"
"TPB","14:14:52",17.8,-0.15,4900,8896900,"B"
"TPB","14:14:45",17.85,-0.1,91600,8892000,"B"
"TPB","14:14:42",17.85,-0.1,7700,8800400,"B"
"TPB","14:14:41",17.85,-0.1,2300,8792700,"B"
"TPB","14:14:39",17.9,-0.05,1900,8790400,"S"
"TPB","14:14:38",17.85,-0.1,100,8788500,"B"
"TPB","14:14:35",17.85,-0.1,70000,8788400,"B"
"TPB","14:14:32",17.85,-0.1,300,8718400,"B"
"TPB","14:14:23",17.85,-0.1,6500,8718100,"B"
"TPB","14:14:23",17.9,-0.05,300,8711600,"S"
"TPB","14:14:02",17.85,-0.1,100,8711300,"B"
"TPB","14:13:59",17.85,-0.1,200,8711200,"B"
"TPB","14:13:55",17.9,-0.05,2000,8711000,"S"
"TPB","14:13:52",17.85,-0.1,100,8709000,"B"
"TPB","14:13:42",17.85,-0.1,2500,8708900,"B"
"TPB","14:13:41",17.9,-0.05,1000,8706400,"S"
"TPB","14:13:40",17.9,-0.05,500,8705400,"S"
"TPB","14:13:33",17.9,-0.05,50000,8704900,"S"
"TPB","14:13:33",17.85,-0.1,100,8654900,"B"
"TPB","14:13:28",17.9,-0.05,200,8654800,"S"
"TPB","14:13:24",17.85,-0.1,2000,8654600,"B"
"TPB","14:13:12",17.85,-0.1,100,8652600,"B"
"TPB","14:13:05",17.85,-0.1,2600,8652500,"B"
"TPB","14:12:52",17.85,-0.1,600,8649900,"B"
"TPB","14:12:45",17.9,-0.05,12600,8649300,"B"
"TPB","14:12:42",17.9,-0.05,200,8636700,"B"
"TPB","14:12:36",17.9,-0.05,5000,8636500,"B"
"TPB","14:12:32",17.9,-0.05,200,8631500,"B"
"TPB","14:12:29",17.95,0,3000,8631300,"S"
"TPB","14:12:29",17.9,-0.05,2000,8628300,"B"
"TPB","14:12:22",17.9,-0.05,100,8626300,"B"
"TPB","14:12:19",17.95,0,2000,8626200,"S"
"TPB","14:11:52",17.95,0,500,8624200,"S"
"TPB","14:11:32",17.95,0,1000,8623700,"S"
"TPB","14:11:28",17.95,0,200,8622700,"S"
"TPB","14:11:28",17.95,0,1000,8622500,"S"
"TPB","14:11:27",17.95,0,1000,8621500,"S"
"TPB","14:11:24",17.95,0,1000,8620500,"S"
"TPB","14:11:19",17.95,0,1000,8619500,"S"
"TPB","14:11:14",17.95,0,1000,8618500,"S"
"TPB","14:11:12",17.9,-0.05,3000,8617500,"B"
"TPB","14:11:09",17.95,0,1000,8614500,"S"
"TPB","14:11:08",17.95,0,20000,8613500,"S"
"TPB","14:11:04",17.95,0,1000,8593500,"S"
"TPB","14:10:59",17.95,0,1000,8592500,"S"
"TPB","14:10:54",17.95,0,1000,8591500,"S"
"TPB","14:10:52",17.95,0,5000,8590500,"S"
"TPB","14:10:45",17.95,0,1000,8585500,"S"
"TPB","14:10:40",17.95,0,1000,8584500,"S"
"TPB","14:10:34",17.95,0,1000,8583500,"S"
"TPB","14:10:29",17.95,0,1000,8582500,"S"
"TPB","14:10:19",17.95,0,1000,8581500,"S"
"TPB","14:10:14",17.9,-0.05,9900,8580500,"S"
"TPB","14:10:07",17.9,-0.05,3300,8570600,"S"
"TPB","14:10:06",17.9,-0.05,1700,8567300,"S"
"TPB","14:10:06",17.85,-0.1,500,8565600,"B"
"TPB","14:10:04",17.9,-0.05,1000,8565100,"S"
"TPB","14:10:04",17.9,-0.05,3000,8564100,"S"
"TPB","14:10:00",17.9,-0.05,100,8561100,"S"
"TPB","14:09:57",17.9,-0.05,400,8561000,"S"
"TPB","14:09:54",17.9,-0.05,1000,8560600,"S"
"TPB","14:09:49",17.9,-0.05,1000,8559600,"S"
"TPB","14:09:45",17.9,-0.05,1000,8558600,"S"
"TPB","14:09:39",17.9,-0.05,1000,8557600,"S"
"TPB","14:09:36",17.9,-0.05,100,8556600,"S"
"TPB","14:09:33",17.9,-0.05,1000,8556500,"S"
"TPB","14:09:31",17.9,-0.05,1000,8555500,"S"
"TPB","14:09:28",17.9,-0.05,600,8554500,"S"
"TPB","14:09:27",17.9,-0.05,200,8553900,"S"
"TPB","14:09:24",17.9,-0.05,1000,8553700,"S"
"TPB","14:09:19",17.9,-0.05,1000,8552700,"S"
"TPB","14:09:13",17.9,-0.05,1000,8551700,"S"
"TPB","14:09:10",17.9,-0.05,100,8550700,"S"
"TPB","14:09:07",17.85,-0.1,3600,8550600,"B"
"TPB","14:08:30",17.85,-0.1,3700,8547000,"S"
"TPB","14:08:29",17.85,-0.1,200,8543300,"S"
"TPB","14:08:29",17.85,-0.1,20600,8543100,"S"
"TPB","14:08:26",17.85,-0.1,100,8522500,"S"
"TPB","14:08:25",17.85,-0.1,2000,8522400,"S"
"TPB","14:08:24",17.85,-0.1,1000,8520400,"S"
"TPB","14:08:23",17.85,-0.1,600,8519400,"S"
"TPB","14:08:20",17.85,-0.1,50100,8517400,"S"
"TPB","14:08:18",17.85,-0.1,800,8467300,"S"
"TPB","14:08:16",17.85,-0.1,25000,8466500,"S"
"TPB","14:08:15",17.85,-0.1,100,8441500,"S"
"TPB","14:08:15",17.85,-0.1,6700,8441400,"S"
"TPB","14:08:14",17.85,-0.1,100,8434700,"S"
"TPB","14:08:14",17.8,-0.15,2000,8434600,"B"
"TPB","14:08:11",17.85,-0.1,50000,8432600,"S"
"TPB","14:08:09",17.85,-0.1,1000,8382600,"S"
"TPB","14:08:02",17.85,-0.1,10000,8381600,"S"
"TPB","14:07:48",17.85,-0.1,1000,8371600,"S"
"TPB","14:07:48",17.85,-0.1,200,8370600,"S"
"TPB","14:07:47",17.8,-0.15,500,8370400,"B"
"TPB","14:07:42",17.85,-0.1,1000,8369900,"S"
"TPB","14:07:40",17.85,-0.1,200,8368900,"S"
"TPB","14:07:34",17.85,-0.1,6000,8368700,"S"
"TPB","14:07:30",17.85,-0.1,4000,8362700,"S"
"TPB","14:07:30",17.85,-0.1,1000,8358700,"S"
"TPB","14:07:25",17.85,-0.1,1000,8357700,"S"
"TPB","14:07:23",17.85,-0.1,14900,8356700,"S"
"TPB","14:07:19",17.85,-0.1,1000,8341800,"S"
"TPB","14:07:14",17.85,-0.1,1000,8340800,"S"
"TPB","14:07:10",17.85,-0.1,1000,8339800,"S"
"TPB","14:07:05",17.8,-0.15,2000,8338800,"B"
"TPB","14:06:46",17.8,-0.15,500,8336800,"B"
"TPB","14:06:39",17.8,-0.15,1000,8336300,"B"
"TPB","14:06:14",17.8,-0.15,100,8335300,"B"
"TPB","14:06:12",17.85,-0.1,100,8335200,"S"
"TPB","14:06:04",17.8,-0.15,100,8335100,"B"
"TPB","14:06:03",17.8,-0.15,34800,8335000,"S"
"TPB","14:06:03",17.8,-0.15,2000,8300200,"S"
"TPB","14:06:01",17.8,-0.15,100000,8298200,"S"
"TPB","14:06:00",17.8,-0.15,3000,8198200,"S"
"TPB","14:05:46",17.8,-0.15,3000,8195200,"S"
"TPB","14:05:42",17.8,-0.15,5300,8192200,"S"
"TPB","14:05:39",17.8,-0.15,100,8186900,"S"
"TPB","14:05:38",17.8,-0.15,1000,8186800,"S"
"TPB","14:05:37",17.8,-0.15,1000,8185800,"S"
"TPB","14:05:30",17.8,-0.15,1000,8184800,"S"
"TPB","14:05:24",17.8,-0.15,1000,8183800,"S"
"TPB","14:05:22",17.8,-0.15,2100,8182800,"S"
"TPB","14:05:22",17.8,-0.15,600,8180700,"S"
"TPB","14:05:22",17.75,-0.2,2000,8180100,"B"
"TPB","14:05:21",17.8,-0.15,2000,8178100,"S"
"TPB","14:05:18",17.8,-0.15,1000,8176100,"S"
"TPB","14:05:10",17.8,-0.15,100,8175100,"S"
"TPB","14:05:05",17.8,-0.15,5000,8175000,"S"
"TPB","14:05:00",17.8,-0.15,5000,8170000,"S"
"TPB","14:04:56",17.8,-0.15,1800,8165000,"S"
"TPB","14:04:52",17.8,-0.15,2200,8163200,"S"
"TPB","14:04:49",17.8,-0.15,5000,8161000,"S"
"TPB","14:04:44",17.8,-0.15,500,8156000,"S"
"TPB","14:04:42",17.8,-0.15,1000,8155500,"S"
"TPB","14:04:38",17.8,-0.15,100,8154500,"S"
"TPB","14:04:36",17.8,-0.15,30000,8154400,"S"
"TPB","14:04:32",17.8,-0.15,3200,8124400,"S"
"TPB","14:04:20",17.8,-0.15,100,8121200,"S"
"TPB","14:03:56",17.8,-0.15,100,8121100,"S"
"TPB","14:03:44",17.8,-0.15,10000,8121000,"S"
"TPB","14:03:36",17.75,-0.2,100,8111000,"B"
"TPB","14:03:33",17.75,-0.2,1000,8110900,"B"
"TPB","14:03:22",17.8,-0.15,200,8109900,"S"
"TPB","14:03:17",17.75,-0.2,5500,8109700,"B"
"TPB","14:03:16",17.8,-0.15,100,8104200,"S"
"TPB","14:03:00",17.8,-0.15,500,8104100,"S"
"TPB","14:02:58",17.8,-0.15,500,8103600,"S"
"TPB","14:02:38",17.8,-0.15,1000,8103100,"S"
"TPB","14:02:33",17.8,-0.15,1000,8102100,"S"
"TPB","14:02:30",17.8,-0.15,5000,8101100,"S"
"TPB","14:02:26",17.75,-0.2,200,8096100,"B"
"TPB","14:02:23",17.8,-0.15,100,8095900,"S"
"TPB","14:02:16",17.8,-0.15,100,8095800,"S"
"TPB","14:02:15",17.8,-0.15,6000,8095700,"S"
"TPB","14:02:12",17.8,-0.15,5000,8089700,"S"
"TPB","14:02:09",17.8,-0.15,5000,8084700,"S"
"TPB","14:01:50",17.8,-0.15,6500,8079700,"S"
"TPB","14:01:46",17.75,-0.2,8000,8073200,"B"
"TPB","14:01:43",17.75,-0.2,4000,8065200,"B"
"TPB","14:01:39",17.8,-0.15,1000,8061200,"S"
"TPB","14:01:38",17.75,-0.2,20000,8060200,"B"
"TPB","14:01:26",17.75,-0.2,600,8040200,"B"
"TPB","14:01:14",17.75,-0.2,300,8039600,"B"
"TPB","14:01:13",17.75,-0.2,300,8039300,"B"
"TPB","14:01:01",17.75,-0.2,2000,8039000,"B"
"TPB","14:00:50",17.75,-0.2,2000,8037000,"B"
"TPB","14:00:03",17.75,-0.2,1000,8035000,"B"
"TPB","14:00:02",17.75,-0.2,200,8034000,"S"
"TPB","14:00:01",17.75,-0.2,3500,8033800,"S"
"TPB","14:00:00",17.75,-0.2,600,8030300,"S"
"TPB","13:59:59",17.75,-0.2,51000,8029700,"S"
"TPB","13:59:57",17.75,-0.2,50000,7978700,"S"
"TPB","13:59:50",17.75,-0.2,2000,7928700,"S"
"TPB","13:59:46",17.75,-0.2,200,7926700,"S"
"TPB","13:59:45",17.75,-0.2,100,7926500,"S"
"TPB","13:59:44",17.75,-0.2,100,7926400,"S"
"TPB","13:59:43",17.75,-0.2,100,7926300,"S"
"TPB","13:59:38",17.75,-0.2,20000,7926200,"S"
"TPB","13:59:33",17.75,-0.2,10000,7906200,"S"
"TPB","13:59:31",17.75,-0.2,1000,7896200,"S"
"TPB","13:59:29",17.75,-0.2,600,7895200,"S"
"TPB","13:59:23",17.75,-0.2,10000,7894600,"S"
"TPB","13:59:15",17.7,-0.25,500,7884600,"B"
"TPB","13:59:08",17.75,-0.2,900,7884100,"S"
"TPB","13:59:07",17.75,-0.2,100,7883200,"S"
"TPB","13:59:07",17.75,-0.2,100,7883100,"S"
"TPB","13:58:48",17.75,-0.2,10000,7883000,"S"
"TPB","13:58:45",17.7,-0.25,2000,7873000,"B"
"TPB","13:58:32",17.75,-0.2,800,7871000,"S"
"TPB","13:58:31",17.75,-0.2,500,7870200,"S"
"TPB","13:58:30",17.75,-0.2,2200,7869700,"S"
"TPB","13:58:29",17.75,-0.2,1100,7867500,"S"
"TPB","13:58:29",17.75,-0.2,100,7866400,"S"
"TPB","13:58:22",17.75,-0.2,1000,7866300,"S"
"TPB","13:58:19",17.75,-0.2,5000,7865300,"S"
"TPB","13:58:18",17.75,-0.2,2000,7860300,"S"
"TPB","13:58:16",17.75,-0.2,100,7858300,"S"
"TPB","13:58:12",17.75,-0.2,2200,7858200,"S"
"TPB","13:58:05",17.75,-0.2,1000,7856000,"S"
"TPB","13:58:01",17.7,-0.25,500,7855000,"B"
"TPB","13:57:56",17.7,-0.25,100,7854500,"B"
"TPB","13:57:56",17.75,-0.2,1000,7854400,"S"
"TPB","13:57:55",17.7,-0.25,300,7853400,"B"
"TPB","13:57:54",17.75,-0.2,200,7853100,"S"
"TPB","13:57:52",17.75,-0.2,100,7852900,"S"
"TPB","13:57:50",17.75,-0.2,3000,7852800,"S"
"TPB","13:57:45",17.75,-0.2,2000,7849800,"S"
"TPB","13:57:18",17.75,-0.2,62700,7847800,"B"
"TPB","13:57:16",17.75,-0.2,2100,7785100,"B"
"TPB","13:57:15",17.75,-0.2,20000,7783000,"B"
"TPB","13:57:15",17.75,-0.2,1000,7763000,"B"
"TPB","13:57:11",17.75,-0.2,600,7762000,"B"
"TPB","13:57:10",17.75,-0.2,2000,7761400,"B"
"TPB","13:57:09",17.75,-0.2,20000,7759400,"B"
"TPB","13:57:08",17.75,-0.2,6000,7739400,"B"
"TPB","13:57:07",17.75,-0.2,1400,7733400,"B"
"TPB","13:57:05",17.75,-0.2,500,7732000,"B"
"TPB","13:57:02",17.75,-0.2,5000,7731500,"B"
"TPB","13:57:00",17.75,-0.2,1000,7726500,"B"
"TPB","13:56:57",17.75,-0.2,5000,7725500,"B"
"TPB","13:56:55",17.75,-0.2,200,7720500,"B"
"TPB","13:56:52",17.75,-0.2,100,7720300,"B"
"TPB","13:56:51",17.75,-0.2,17400,7720200,"B"
"TPB","13:56:51",17.75,-0.2,600,7702800,"B"
"TPB","13:56:36",17.75,-0.2,50000,7702200,"B"
"TPB","13:56:34",17.75,-0.2,11000,7652200,"B"
"TPB","13:56:29",17.75,-0.2,10000,7641200,"B"
"TPB","13:56:27",17.75,-0.2,1000,7631200,"B"
"TPB","13:56:23",17.75,-0.2,2000,7630200,"B"
"TPB","13:56:21",17.75,-0.2,50000,7628200,"B"
"TPB","13:56:09",17.75,-0.2,200,7578200,"B"
"TPB","13:56:03",17.75,-0.2,10000,7578000,"B"
"TPB","13:55:59",17.75,-0.2,7300,7568000,"B"
"TPB","13:55:56",17.75,-0.2,100,7560700,"B"
"TPB","13:55:35",17.75,-0.2,100,7560600,"B"
"TPB","13:55:32",17.75,-0.2,20000,7560500,"B"
"TPB","13:55:31",17.75,-0.2,6000,7540500,"B"
"TPB","13:55:29",17.75,-0.2,1000,7534500,"B"
"TPB","13:55:21",17.75,-0.2,1000,7533500,"B"
"TPB","13:55:19",17.75,-0.2,2500,7532500,"B"
"TPB","13:55:18",17.8,-0.15,100,7530000,"S"
"TPB","13:55:15",17.75,-0.2,20000,7529900,"B"
"TPB","13:55:08",17.75,-0.2,5500,7509900,"B"
"TPB","13:55:06",17.75,-0.2,1200,7504400,"B"
"TPB","13:54:57",17.75,-0.2,1100,7503200,"B"
"TPB","13:54:51",17.8,-0.15,1000,7502100,"S"
"TPB","13:54:47",17.8,-0.15,100,7501100,"S"
"TPB","13:54:40",17.8,-0.15,200,7501000,"S"
"TPB","13:54:37",17.8,-0.15,100,7500800,"S"
"TPB","13:54:36",17.75,-0.2,2200,7500700,"B"
"TPB","13:54:18",17.8,-0.15,100,7498500,"S"
"TPB","13:54:10",17.8,-0.15,93200,7498400,"B"
"TPB","13:54:09",17.8,-0.15,40000,7405200,"B"
"TPB","13:54:08",17.8,-0.15,251000,7365200,"B"
"TPB","13:54:06",17.8,-0.15,5000,7114200,"B"
"TPB","13:54:05",17.8,-0.15,1000,7109200,"B"
"TPB","13:54:04",17.8,-0.15,9400,7108200,"B"
"TPB","13:54:03",17.8,-0.15,8000,7098800,"B"
"TPB","13:54:01",17.8,-0.15,15700,7090800,"B"
"TPB","13:53:57",17.8,-0.15,20000,7075100,"B"
"TPB","13:53:56",17.8,-0.15,5000,7055100,"B"
"TPB","13:53:54",17.8,-0.15,14000,7050100,"B"
"TPB","13:53:49",17.8,-0.15,2500,7036100,"B"
"TPB","13:53:48",17.8,-0.15,3000,7033600,"B"
"TPB","13:53:45",17.8,-0.15,60000,7030600,"B"
"TPB","13:53:43",17.8,-0.15,30000,6970600,"B"
"TPB","13:53:41",17.85,-0.1,2000,6940600,"S"
"TPB","13:53:35",17.85,-0.1,1000,6938600,"S"
"TPB","13:53:30",17.8,-0.15,30000,6937600,"B"
"TPB","13:53:22",17.8,-0.15,300,6907600,"B"
"TPB","13:53:20",17.8,-0.15,30000,6907300,"B"
"TPB","13:53:17",17.8,-0.15,2200,6877300,"B"
"TPB","13:53:07",17.85,-0.1,1000,6875100,"S"
"TPB","13:53:03",17.85,-0.1,1000,6854300,"S"
"TPB","13:53:03",17.8,-0.15,30000,6853300,"B"
"TPB","13:52:55",17.8,-0.15,70000,6823300,"B"
"TPB","13:52:50",17.8,-0.15,32000,6753300,"B"
"TPB","13:52:49",17.8,-0.15,30000,6721300,"B"
"TPB","13:52:45",17.8,-0.15,23600,6691300,"B"
"TPB","13:52:36",17.85,-0.1,1000,6667700,"S"
"TPB","13:52:34",17.8,-0.15,4000,6666700,"B"
"TPB","13:52:29",17.8,-0.15,1000,6662700,"B"
"TPB","13:52:27",17.8,-0.15,19300,6661700,"B"
"TPB","13:52:27",17.8,-0.15,20700,6642400,"B"
"TPB","13:52:24",17.8,-0.15,9900,6621700,"B"
"TPB","13:52:23",17.8,-0.15,30000,6611800,"B"
"TPB","13:52:19",17.8,-0.15,40000,6581800,"B"
"TPB","13:52:15",17.8,-0.15,2000,6541800,"B"
"TPB","13:52:08",17.8,-0.15,30000,6539800,"B"
"TPB","13:52:06",17.8,-0.15,10000,6509800,"B"
"TPB","13:52:03",17.8,-0.15,4900,6499800,"B"
"TPB","13:51:58",17.8,-0.15,32000,6494900,"B"
"TPB","13:51:48",17.85,-0.1,300,6462900,"S"
"TPB","13:51:47",17.8,-0.15,30000,6462600,"B"
"TPB","13:51:42",17.8,-0.15,17600,6432600,"B"
"TPB","13:51:37",17.8,-0.15,100,6415000,"B"
"TPB","13:51:32",17.8,-0.15,7000,6414900,"B"
"TPB","13:51:32",17.8,-0.15,3000,6407900,"B"
"TPB","13:51:30",17.8,-0.15,500,6404900,"B"
"TPB","13:51:28",17.8,-0.15,30000,6404400,"B"
"TPB","13:50:45",17.8,-0.15,1300,6374400,"B"
"TPB","13:50:38",17.8,-0.15,1000,6373100,"B"
"TPB","13:49:56",17.8,-0.15,2000,6372100,"B"
"TPB","13:49:29",17.8,-0.15,300,6370100,"B"
"TPB","13:49:14",17.8,-0.15,100,6369800,"B"
"TPB","13:49:07",17.85,-0.1,2000,6369700,"S"
"TPB","13:49:00",17.85,-0.1,2000,6367700,"S"
"TPB","13:48:15",17.85,-0.1,1000,6365700,"S"
"TPB","13:48:09",17.85,-0.1,100,6364700,"S"
"TPB","13:48:07",17.85,-0.1,500,6364600,"S"
"TPB","13:47:58",17.85,-0.1,200,6364100,"S"
"TPB","13:47:36",17.8,-0.15,2000,6363900,"B"
"TPB","13:47:25",17.8,-0.15,100,6361900,"B"
"TPB","13:47:17",17.85,-0.1,100,6361800,"S"
"TPB","13:47:13",17.85,-0.1,2000,6361700,"S"
"TPB","13:47:03",17.8,-0.15,100,6359700,"B"
"TPB","13:47:02",17.85,-0.1,1000,6359600,"S"
"TPB","13:46:51",17.85,-0.1,100,6358600,"S"
"TPB","13:46:49",17.8,-0.15,100,6358500,"B"
"TPB","13:46:43",17.85,-0.1,5000,6358400,"S"
"TPB","13:46:40",17.8,-0.15,6000,6353400,"B"
"TPB","13:46:25",17.85,-0.1,2200,6347400,"S"
"TPB","13:46:21",17.8,-0.15,5000,6345200,"B"
"TPB","13:45:53",17.8,-0.15,100,6340200,"B"
"TPB","13:45:48",17.85,-0.1,100,6340100,"S"
"TPB","13:45:44",17.8,-0.15,2000,6340000,"B"
"TPB","13:45:39",17.8,-0.15,100,6338000,"B"
"TPB","13:45:37",17.8,-0.15,200,6337900,"B"
"TPB","13:45:24",17.8,-0.15,100,6337700,"B"
"TPB","13:45:14",17.85,-0.1,100,6337600,"S"
"TPB","13:44:48",17.8,-0.15,2700,6337500,"B"
"TPB","13:44:47",17.85,-0.1,100,6334800,"S"
"TPB","13:44:44",17.8,-0.15,300,6334700,"B"
"TPB","13:44:34",17.8,-0.15,700,6334400,"B"
"TPB","13:44:34",17.8,-0.15,1300,6333700,"B"
"TPB","13:44:17",17.85,-0.1,1000,6332400,"S"
"TPB","13:44:14",17.85,-0.1,100,6331400,"S"
"TPB","13:44:08",17.85,-0.1,300,6331300,"S"
"TPB","13:43:54",17.85,-0.1,500,6331000,"S"
"TPB","13:43:53",17.85,-0.1,5000,6330500,"S"
"TPB","13:43:23",17.85,-0.1,300,6325500,"S"
"TPB","13:43:09",17.85,-0.1,1000,6325200,"S"
"TPB","13:43:08",17.85,-0.1,1000,6324200,"S"
"TPB","13:42:58",17.85,-0.1,300,6323200,"S"
"TPB","13:42:30",17.85,-0.1,500,6322900,"S"
"TPB","13:42:24",17.85,-0.1,500,6322400,"S"
"TPB","13:42:09",17.85,-0.1,400,6321900,"S"
"TPB","13:42:01",17.8,-0.15,4000,6321500,"B"
"TPB","13:41:18",17.85,-0.1,1300,6317500,"S"
"TPB","13:41:13",17.85,-0.1,400,6316200,"S"
"TPB","13:41:07",17.85,-0.1,200,6315800,"S"
"TPB","13:41:06",17.8,-0.15,600,6315600,"B"
"TPB","13:41:03",17.85,-0.1,200,6315000,"S"
"TPB","13:40:49",17.85,-0.1,3200,6314800,"S"
"TPB","13:40:42",17.85,-0.1,200,6311600,"S"
"TPB","13:40:22",17.8,-0.15,2000,6311400,"B"
"TPB","13:40:06",17.8,-0.15,5000,6309400,"B"
"TPB","13:39:38",17.85,-0.1,9100,6304400,"B"
"TPB","13:39:37",17.85,-0.1,25400,6295300,"B"
"TPB","13:39:36",17.85,-0.1,200000,6269900,"B"
"TPB","13:39:30",17.85,-0.1,2000,6069900,"B"
"TPB","13:39:24",17.9,-0.05,300,6067900,"S"
"TPB","13:38:55",17.9,-0.05,5000,6067600,"S"
"TPB","13:38:53",17.85,-0.1,500,6062600,"B"
"TPB","13:38:52",17.85,-0.1,6300,6062100,"B"
"TPB","13:38:49",17.85,-0.1,700,6055800,"B"
"TPB","13:38:43",17.85,-0.1,50000,6055100,"B"
"TPB","13:38:38",17.85,-0.1,30000,6005100,"B"
"TPB","13:38:36",17.85,-0.1,200,5975100,"B"
"TPB","13:38:30",17.85,-0.1,2000,5974900,"B"
"TPB","13:37:11",17.85,-0.1,50000,5972900,"B"
"TPB","13:36:05",17.85,-0.1,10000,5922900,"B"
"TPB","13:35:59",17.85,-0.1,5000,5912900,"B"
"TPB","13:35:35",17.9,-0.05,700,5907900,"S"
"TPB","13:35:17",17.9,-0.05,500,5907200,"S"
"TPB","13:34:45",17.9,-0.05,13000,5906700,"S"
"TPB","13:34:42",17.9,-0.05,100,5893700,"S"
"TPB","13:34:34",17.85,-0.1,2000,5893600,"B"
"TPB","13:34:32",17.9,-0.05,20000,5891600,"S"
"TPB","13:33:58",17.9,-0.05,5000,5871600,"S"
"TPB","13:33:49",17.9,-0.05,2400,5866600,"S"
"TPB","13:33:48",17.85,-0.1,78300,5864200,"B"
"TPB","13:33:34",17.9,-0.05,100,5785900,"S"
"TPB","13:33:18",17.9,-0.05,300,5785800,"S"
"TPB","13:33:10",17.9,-0.05,6000,5785500,"S"
"TPB","13:33:09",17.9,-0.05,1000,5779500,"S"
"TPB","13:32:59",17.9,-0.05,100,5778500,"S"
"TPB","13:32:42",17.9,-0.05,2000,5778400,"S"
"TPB","13:32:42",17.9,-0.05,1000,5776400,"S"
"TPB","13:32:40",17.9,-0.05,1000,5775400,"S"
"TPB","13:32:38",17.9,-0.05,200,5774400,"S"
"TPB","13:32:31",17.9,-0.05,50000,5774200,"S"
"TPB","13:32:25",17.85,-0.1,2000,5724200,"B"
"TPB","13:31:58",17.9,-0.05,300,5722200,"S"
"TPB","13:31:43",17.9,-0.05,1000,5721900,"S"
"TPB","13:31:38",17.9,-0.05,100,5720900,"S"
"TPB","13:31:34",17.9,-0.05,1000,5720800,"S"
"TPB","13:31:30",17.9,-0.05,1000,5719800,"S"
"TPB","13:31:29",17.9,-0.05,500,5718800,"S"
"TPB","13:31:25",17.9,-0.05,100,5718300,"S"
"TPB","13:31:23",17.9,-0.05,1000,5718200,"S"
"TPB","13:31:20",17.9,-0.05,10000,5717200,"S"
"TPB","13:31:18",17.9,-0.05,1000,5707200,"S"
"TPB","13:31:15",17.9,-0.05,1000,5706200,"S"
"TPB","13:31:13",17.9,-0.05,3400,5705200,"S"
"TPB","13:31:12",17.9,-0.05,20000,5701800,"S"
"TPB","13:31:12",17.85,-0.1,200,5681800,"B"
"TPB","13:31:08",17.9,-0.05,1000,5681600,"S"
"TPB","13:31:02",17.9,-0.05,1000,5680600,"S"
"TPB","13:30:59",17.9,-0.05,1000,5679600,"S"
"TPB","13:30:50",17.9,-0.05,2200,5678600,"S"
"TPB","13:30:38",17.85,-0.1,2000,5676400,"B"
"TPB","13:30:18",17.85,-0.1,100,5674400,"B"
"TPB","13:30:15",17.9,-0.05,2400,5674300,"S"
"TPB","13:30:11",17.9,-0.05,8300,5671900,"S"
"TPB","13:30:10",17.9,-0.05,21700,5663600,"S"
"TPB","13:29:45",17.85,-0.1,1000,5641900,"B"
"TPB","13:29:33",17.9,-0.05,20000,5640900,"S"
"TPB","13:29:15",17.85,-0.1,100,5620900,"B"
"TPB","13:29:00",17.85,-0.1,1000,5620800,"B"
"TPB","13:28:58",17.85,-0.1,2000,5619800,"B"
"TPB","13:28:28",17.9,-0.05,900,5617800,"S"
"TPB","13:28:12",17.9,-0.05,2000,5616900,"S"
"TPB","13:27:59",17.9,-0.05,500,5614900,"S"
"TPB","13:27:33",17.85,-0.1,100,5614400,"B"
"TPB","13:27:30",17.85,-0.1,1000,5614300,"B"
"TPB","13:27:06",17.85,-0.1,2000,5613300,"B"
"TPB","13:26:51",17.85,-0.1,30000,5611300,"B"
"TPB","13:26:22",17.85,-0.1,100,5581300,"B"
"TPB","13:25:42",17.85,-0.1,50000,5581200,"B"
"TPB","13:25:23",17.85,-0.1,16800,5531200,"S"
"TPB","13:25:17",17.85,-0.1,5000,5514400,"S"
"TPB","13:25:13",17.85,-0.1,21200,5509400,"S"
"TPB","13:25:11",17.85,-0.1,3500,5488200,"S"
"TPB","13:25:10",17.85,-0.1,11100,5484700,"S"
"TPB","13:25:09",17.85,-0.1,20000,5473600,"S"
"TPB","13:25:08",17.85,-0.1,1000,5453600,"S"
"TPB","13:25:04",17.85,-0.1,4400,5452600,"S"
"TPB","13:24:47",17.85,-0.1,500,5448200,"S"
"TPB","13:24:37",17.85,-0.1,10000,5447700,"S"
"TPB","13:24:36",17.85,-0.1,300,5437700,"S"
"TPB","13:24:33",17.85,-0.1,4000,5437400,"S"
"TPB","13:24:32",17.85,-0.1,500,5433400,"S"
"TPB","13:24:31",17.8,-0.15,4000,5432900,"B"
"TPB","13:24:24",17.85,-0.1,100,5428900,"S"
"TPB","13:24:19",17.85,-0.1,500,5428800,"S"
"TPB","13:24:07",17.85,-0.1,500,5428300,"S"
"TPB","13:24:03",17.85,-0.1,100,5427800,"S"
"TPB","13:23:57",17.8,-0.15,400,5427700,"B"
"TPB","13:23:55",17.85,-0.1,300,5427300,"S"
"TPB","13:23:53",17.85,-0.1,1100,5427000,"S"
"TPB","13:23:48",17.85,-0.1,1000,5425900,"S"
"TPB","13:23:08",17.85,-0.1,1000,5424900,"S"
"TPB","13:22:53",17.85,-0.1,200,5423900,"S"
"TPB","13:22:39",17.85,-0.1,500,5423700,"S"
"TPB","13:22:35",17.85,-0.1,400,5423200,"S"
"TPB","13:22:22",17.85,-0.1,5000,5422800,"S"
"TPB","13:22:02",17.85,-0.1,1000,5417800,"S"
"TPB","13:21:54",17.85,-0.1,2500,5416800,"S"
"TPB","13:21:50",17.85,-0.1,1000,5414300,"S"
"TPB","13:21:44",17.85,-0.1,100,5413300,"S"
"TPB","13:21:43",17.85,-0.1,2000,5413200,"S"
"TPB","13:21:40",17.85,-0.1,200,5411200,"S"
"TPB","13:21:39",17.85,-0.1,200,5411000,"S"
"TPB","13:21:38",17.85,-0.1,3000,5410800,"S"
"TPB","13:21:34",17.85,-0.1,5000,5407800,"S"
"TPB","13:21:32",17.85,-0.1,20000,5402800,"S"
"TPB","13:21:19",17.85,-0.1,10000,5382800,"S"
"TPB","13:21:19",17.8,-0.15,9000,5372800,"B"
"TPB","13:21:17",17.85,-0.1,100,5363800,"S"
"TPB","13:21:13",17.85,-0.1,2200,5363700,"S"
"TPB","13:21:08",17.85,-0.1,44000,5361500,"S"
"TPB","13:21:05",17.85,-0.1,500,5317500,"S"
"TPB","13:20:37",17.85,-0.1,5000,5317000,"S"
"TPB","13:20:19",17.8,-0.15,2000,5312000,"B"
"TPB","13:20:19",17.85,-0.1,1000,5310000,"S"
"TPB","13:20:07",17.8,-0.15,100,5309000,"B"
"TPB","13:19:51",17.85,-0.1,200,5308900,"S"
"TPB","13:19:49",17.8,-0.15,1800,5308700,"B"
"TPB","13:19:48",17.85,-0.1,200,5306900,"S"
"TPB","13:19:47",17.85,-0.1,10000,5306700,"S"
"TPB","13:19:44",17.8,-0.15,4200,5296700,"B"
"TPB","13:19:35",17.8,-0.15,1000,5292500,"B"
"TPB","13:19:33",17.85,-0.1,300,5291500,"S"
"TPB","13:19:31",17.85,-0.1,100,5291200,"S"
"TPB","13:19:31",17.85,-0.1,1000,5291100,"S"
"TPB","13:19:28",17.85,-0.1,1500,5290100,"S"
"TPB","13:19:24",17.85,-0.1,1000,5288600,"S"
"TPB","13:19:23",17.85,-0.1,300,5287600,"S"
"TPB","13:19:21",17.85,-0.1,100,5287300,"S"
"TPB","13:19:18",17.85,-0.1,100,5287200,"S"
"TPB","13:19:14",17.85,-0.1,500,5287100,"S"
"TPB","13:19:06",17.85,-0.1,50000,5286600,"S"
"TPB","13:18:57",17.85,-0.1,1600,5236600,"S"
"TPB","13:18:51",17.85,-0.1,300,5235000,"S"
"TPB","13:18:44",17.85,-0.1,10000,5234700,"S"
"TPB","13:18:34",17.85,-0.1,100,5224700,"S"
"TPB","13:18:31",17.8,-0.15,2000,5224600,"B"
"TPB","13:18:17",17.85,-0.1,10000,5222600,"S"
"TPB","13:17:50",17.85,-0.1,100,5212600,"S"
"TPB","13:17:48",17.85,-0.1,500,5212500,"S"
"TPB","13:17:47",17.85,-0.1,100,5212000,"S"
"TPB","13:17:44",17.85,-0.1,2000,5211900,"S"
"TPB","13:17:37",17.85,-0.1,20000,5209900,"S"
"TPB","13:17:36",17.85,-0.1,1000,5189900,"S"
"TPB","13:17:32",17.85,-0.1,1000,5188900,"S"
"TPB","13:17:30",17.85,-0.1,500,5187900,"S"
"TPB","13:17:28",17.85,-0.1,1000,5187400,"S"
"TPB","13:17:20",17.85,-0.1,2000,5186400,"S"
"TPB","13:17:15",17.85,-0.1,1000,5184400,"S"
"TPB","13:17:12",17.85,-0.1,13300,5183400,"S"
"TPB","13:17:12",17.85,-0.1,2000,5170100,"S"
"TPB","13:17:11",17.85,-0.1,20000,5168100,"S"
"TPB","13:17:05",17.85,-0.1,2000,5148100,"B"
"TPB","13:16:46",17.85,-0.1,6000,5146100,"S"
"TPB","13:16:44",17.85,-0.1,4000,5140100,"S"
"TPB","13:16:37",17.85,-0.1,500,5136100,"S"
"TPB","13:16:29",17.85,-0.1,100,5135600,"S"
"TPB","13:16:14",17.85,-0.1,5700,5135500,"B"
"TPB","13:16:05",17.85,-0.1,100,5129800,"B"
"TPB","13:15:57",17.85,-0.1,3000,5129700,"B"
"TPB","13:15:56",17.85,-0.1,1200,5126700,"B"
"TPB","13:15:55",17.85,-0.1,18800,5125500,"B"
"TPB","13:15:40",17.85,-0.1,5000,5106700,"B"
"TPB","13:15:21",17.85,-0.1,2000,5101700,"B"
"TPB","13:15:09",17.85,-0.1,900,5099700,"B"
"TPB","13:14:49",17.9,-0.05,900,5098800,"S"
"TPB","13:14:49",17.85,-0.1,100,5097900,"S"
"TPB","13:14:43",17.9,-0.05,400,5097800,"S"
"TPB","13:14:43",17.85,-0.1,600,5097400,"S"
"TPB","13:14:39",17.85,-0.1,1000,5096800,"S"
"TPB","13:14:34",17.85,-0.1,700,5095800,"B"
"TPB","13:14:29",17.85,-0.1,4800,5095100,"S"
"TPB","13:14:28",17.85,-0.1,1000,5090300,"S"
"TPB","13:14:25",17.85,-0.1,1000,5089300,"S"
"TPB","13:14:22",17.85,-0.1,500,5088300,"S"
"TPB","13:14:15",17.85,-0.1,2000,5087800,"S"
"TPB","13:14:15",17.8,-0.15,100,5085800,"B"
"TPB","13:14:12",17.85,-0.1,1000,5085700,"S"
"TPB","13:13:54",17.85,-0.1,500,5084700,"S"
"TPB","13:13:44",17.85,-0.1,900,5084200,"S"
"TPB","13:13:42",17.85,-0.1,500,5083300,"S"
"TPB","13:13:38",17.85,-0.1,3000,5082800,"S"
"TPB","13:13:37",17.85,-0.1,1000,5079800,"S"
"TPB","13:13:31",17.85,-0.1,100,5078800,"S"
"TPB","13:13:23",17.8,-0.15,5000,5078700,"B"
"TPB","13:13:14",17.85,-0.1,1000,5073700,"S"
"TPB","13:13:10",17.8,-0.15,100,5072700,"B"
"TPB","13:13:00",17.85,-0.1,2000,5072600,"S"
"TPB","13:12:50",17.85,-0.1,100,5070600,"S"
"TPB","13:12:40",17.85,-0.1,500,5070500,"S"
"TPB","13:12:27",17.85,-0.1,100,5070000,"S"
"TPB","13:12:10",17.85,-0.1,7800,5069900,"B"
"TPB","13:12:05",17.85,-0.1,1400,5062100,"B"
"TPB","13:12:03",17.85,-0.1,300,5060700,"B"
"TPB","13:11:59",17.85,-0.1,700,5060400,"S"
"TPB","13:11:44",17.85,-0.1,1000,5059700,"S"
"TPB","13:11:40",17.85,-0.1,15000,5058700,"S"
"TPB","13:11:33",17.85,-0.1,5000,5043700,"S"
"TPB","13:11:30",17.85,-0.1,22400,5038700,"S"
"TPB","13:11:14",17.8,-0.15,2000,5016300,"B"
"TPB","13:11:09",17.85,-0.1,5000,5014300,"S"
"TPB","13:11:04",17.8,-0.15,100,5009300,"B"
"TPB","13:10:53",17.85,-0.1,5800,5009200,"S"
"TPB","13:10:34",17.85,-0.1,900,5003400,"S"
"TPB","13:10:28",17.8,-0.15,6100,5002500,"B"
"TPB","13:10:25",17.85,-0.1,50000,4996400,"S"
"TPB","13:10:10",17.85,-0.1,100,4946400,"S"
"TPB","13:09:54",17.85,-0.1,400,4946300,"S"
"TPB","13:09:53",17.85,-0.1,100,4945900,"S"
"TPB","13:09:48",17.85,-0.1,700,4945800,"S"
"TPB","13:09:29",17.85,-0.1,500,4945100,"S"
"TPB","13:09:27",17.85,-0.1,300,4944600,"S"
"TPB","13:09:24",17.85,-0.1,500,4944300,"S"
"TPB","13:09:16",17.8,-0.15,100,4943800,"B"
"TPB","13:08:43",17.8,-0.15,10000,4943700,"B"
"TPB","13:08:42",17.8,-0.15,300,4933700,"B"
"TPB","13:08:27",17.8,-0.15,1700,4933400,"B"
"TPB","13:07:58",17.8,-0.15,2000,4931700,"B"
"TPB","13:07:58",17.85,-0.1,200,4929700,"S"
"TPB","13:07:55",17.85,-0.1,2000,4929500,"S"
"TPB","13:06:59",17.85,-0.1,500,4927500,"S"
"TPB","13:06:32",17.8,-0.15,2000,4927000,"B"
"TPB","13:06:06",17.8,-0.15,2300,4925000,"B"
"TPB","13:05:58",17.8,-0.15,500,4922700,"B"
"TPB","13:05:54",17.85,-0.1,6000,4922200,"S"
"TPB","13:05:22",17.8,-0.15,900,4916200,"B"
"TPB","13:05:18",17.85,-0.1,7000,4915300,"S"
"TPB","13:05:17",17.85,-0.1,1000,4908300,"S"
"TPB","13:04:45",17.85,-0.1,2200,4907300,"S"
"TPB","13:04:44",17.85,-0.1,4400,4905100,"S"
"TPB","13:04:44",17.85,-0.1,2200,4900700,"S"
"TPB","13:04:42",17.85,-0.1,100,4898500,"S"
"TPB","13:04:14",17.8,-0.15,5000,4898400,"B"
"TPB","13:03:40",17.8,-0.15,100,4893400,"B"
"TPB","13:03:40",17.8,-0.15,500,4893300,"B"
"TPB","13:03:13",17.8,-0.15,1900,4892800,"B"
"TPB","13:02:29",17.85,-0.1,6600,4890900,"S"
"TPB","13:02:17",17.85,-0.1,1200,4884300,"S"
"TPB","13:01:37",17.8,-0.15,2000,4883100,"B"
"TPB","13:00:23",17.8,-0.15,5500,4881100,"B"
"TPB","13:00:16",17.8,-0.15,70800,4875600,"B"
"TPB","13:00:14",17.8,-0.15,15200,4804800,"B"
"TPB","13:00:11",17.8,-0.15,600,4789600,"B"
"TPB","13:00:08",17.8,-0.15,1400,4789000,"B"
"TPB","13:00:03",17.8,-0.15,100,4787600,"B"
"TPB","13:00:02",17.8,-0.15,1000,4787500,"B"
"TPB","13:00:01",17.8,-0.15,100,4786500,"B"
"TPB","13:00:01",17.8,-0.15,3700,4786400,"B"
"TPB","13:00:00",17.8,-0.15,11100,4782700,"B"
"TPB","11:29:59",17.8,-0.15,10000,4771600,"B"
"TPB","11:29:31",17.85,-0.1,1000,4761600,"S"
"TPB","11:29:30",17.85,-0.1,1000,4760600,"S"
"TPB","11:29:19",17.8,-0.15,5000,4759600,"B"
"TPB","11:29:18",17.85,-0.1,3500,4754600,"S"
"TPB","11:29:16",17.8,-0.15,4000,4751100,"B"
"TPB","11:29:08",17.85,-0.1,2000,4747100,"S"
"TPB","11:28:43",17.85,-0.1,5000,4745100,"S"
"TPB","11:28:16",17.85,-0.1,5000,4740100,"S"
"TPB","11:27:52",17.8,-0.15,5000,4735100,"B"
"TPB","11:27:47",17.85,-0.1,1000,4730100,"S"
"TPB","11:27:30",17.85,-0.1,1300,4729100,"S"
"TPB","11:27:23",17.8,-0.15,20000,4727800,"B"
"TPB","11:26:17",17.85,-0.1,30000,4707800,"S"
"TPB","11:26:16",17.85,-0.1,2000,4677800,"S"
"TPB","11:25:21",17.85,-0.1,1500,4675800,"S"
"TPB","11:25:01",17.85,-0.1,10000,4674300,"S"
"TPB","11:24:58",17.85,-0.1,100,4664300,"S"
"TPB","11:24:52",17.85,-0.1,400,4664200,"S"
"TPB","11:24:40",17.85,-0.1,200,4663800,"S"
"TPB","11:24:26",17.85,-0.1,500,4663600,"S"
"TPB","11:24:09",17.85,-0.1,3000,4663100,"S"
"TPB","11:24:01",17.85,-0.1,400,4660100,"B"
"TPB","11:23:57",17.85,-0.1,100,4659700,"S"
"TPB","11:23:54",17.85,-0.1,1000,4659600,"S"
"TPB","11:23:52",17.8,-0.15,4000,4658600,"B"
"TPB","11:23:50",17.85,-0.1,5000,4654600,"S"
"TPB","11:23:42",17.85,-0.1,100,4649600,"S"
"TPB","11:23:37",17.85,-0.1,1000,4649500,"S"
"TPB","11:23:21",17.85,-0.1,3900,4648500,"B"
"TPB","11:23:00",17.85,-0.1,100,4644600,"B"
"TPB","11:22:36",17.85,-0.1,19300,4644500,"S"
"TPB","11:22:34",17.85,-0.1,10000,4625200,"S"
"TPB","11:22:32",17.85,-0.1,5000,4615200,"S"
"TPB","11:22:22",17.85,-0.1,50000,4610200,"S"
"TPB","11:22:13",17.8,-0.15,300,4560200,"B"
"TPB","11:21:38",17.85,-0.1,4800,4559900,"S"
"TPB","11:21:35",17.8,-0.15,2000,4555100,"B"
"TPB","11:21:28",17.85,-0.1,47600,4553100,"S"
"TPB","11:21:24",17.8,-0.15,14000,4505500,"B"
"TPB","11:21:05",17.85,-0.1,100,4491500,"S"
"TPB","11:20:50",17.85,-0.1,100,4491400,"S"
"TPB","11:20:44",17.85,-0.1,100,4491300,"S"
"TPB","11:20:31",17.85,-0.1,100,4491200,"S"
"TPB","11:20:03",17.8,-0.15,200,4491100,"B"
"TPB","11:19:57",17.85,-0.1,200,4490900,"S"
"TPB","11:19:55",17.8,-0.15,2000,4490700,"B"
"TPB","11:19:54",17.85,-0.1,200,4488700,"S"
"TPB","11:19:48",17.85,-0.1,1000,4488500,"S"
"TPB","11:18:51",17.85,-0.1,100,4487500,"S"
"TPB","11:18:24",17.85,-0.1,5000,4487400,"S"
"TPB","11:18:13",17.85,-0.1,500,4482400,"S"
"TPB","11:18:03",17.85,-0.1,1000,4481900,"S"
"TPB","11:17:54",17.85,-0.1,17700,4480900,"S"
"TPB","11:17:40",17.85,-0.1,21500,4463200,"S"
"TPB","11:17:33",17.85,-0.1,100,4441700,"S"
"TPB","11:17:28",17.85,-0.1,2000,4441600,"S"
"TPB","11:17:25",17.8,-0.15,2000,4439600,"B"
"TPB","11:17:03",17.85,-0.1,500,4437600,"S"
"TPB","11:16:51",17.85,-0.1,5100,4437100,"S"
"TPB","11:16:29",17.85,-0.1,3000,4432000,"S"
"TPB","11:16:23",17.85,-0.1,1000,4429000,"S"
"TPB","11:16:07",17.85,-0.1,1200,4428000,"S"
"TPB","11:16:00",17.8,-0.15,400,4426800,"B"
"TPB","11:15:23",17.8,-0.15,100000,4426400,"B"
"TPB","11:15:03",17.8,-0.15,200,4326400,"B"
"TPB","11:14:48",17.8,-0.15,2000,4326200,"B"
"TPB","11:14:40",17.85,-0.1,1000,4324200,"S"
"TPB","11:14:21",17.85,-0.1,5000,4323200,"S"
"TPB","11:14:19",17.8,-0.15,500,4318200,"B"
"TPB","11:13:56",17.8,-0.15,2000,4317700,"B"
"TPB","11:13:17",17.85,-0.1,100,4315700,"S"
"TPB","11:13:08",17.85,-0.1,200,4315600,"S"
"TPB","11:12:59",17.85,-0.1,2200,4315400,"S"
"TPB","11:12:58",17.85,-0.1,2200,4311000,"S"
"TPB","11:12:56",17.8,-0.15,2000,4308800,"B"
"TPB","11:12:41",17.8,-0.15,1600,4306800,"B"
"TPB","11:12:34",17.85,-0.1,2000,4305200,"S"
"TPB","11:12:16",17.8,-0.15,4000,4303200,"B"
"TPB","11:11:56",17.85,-0.1,3000,4299200,"S"
"TPB","11:11:53",17.85,-0.1,200,4296200,"S"
"TPB","11:11:25",17.85,-0.1,1000,4296000,"S"
"TPB","11:11:06",17.85,-0.1,100,4295000,"S"
"TPB","11:10:16",17.85,-0.1,84700,4294900,"S"
"TPB","11:10:16",17.85,-0.1,35300,4210200,"S"
"TPB","11:09:35",17.8,-0.15,1300,4174900,"B"
"TPB","11:09:32",17.8,-0.15,400,4173600,"B"
"TPB","11:09:16",17.8,-0.15,100,4173200,"B"
"TPB","11:09:07",17.8,-0.15,4000,4173100,"B"
"TPB","11:08:45",17.8,-0.15,1000,4169100,"B"
"TPB","11:08:35",17.8,-0.15,100,4168100,"B"
"TPB","11:07:45",17.8,-0.15,2000,4168000,"B"
"TPB","11:07:42",17.85,-0.1,200,4166000,"S"
"TPB","11:07:37",17.85,-0.1,1000,4165800,"S"
"TPB","11:07:34",17.85,-0.1,500,4164800,"S"
"TPB","11:07:30",17.8,-0.15,20000,4164300,"B"
"TPB","11:07:29",17.85,-0.1,5500,4144300,"B"
"TPB","11:07:29",17.85,-0.1,3000,4138800,"B"
"TPB","11:07:19",17.85,-0.1,600,4135800,"B"
"TPB","11:07:17",17.85,-0.1,10000,4135200,"B"
"TPB","11:07:12",17.85,-0.1,7000,4125200,"B"
"TPB","11:06:48",17.85,-0.1,2000,4118200,"B"
"TPB","11:06:44",17.85,-0.1,400,4116200,"B"
"TPB","11:06:28",17.85,-0.1,10000,4115800,"B"
"TPB","11:06:17",17.85,-0.1,2000,4105800,"B"
"TPB","11:06:15",17.85,-0.1,26400,4103800,"B"
"TPB","11:06:15",17.85,-0.1,23600,4077400,"B"
"TPB","11:06:01",17.85,-0.1,1000,4053800,"B"
"TPB","11:05:30",17.85,-0.1,200,4052800,"B"
"TPB","11:05:10",17.85,-0.1,2000,4052600,"B"
"TPB","11:05:08",17.9,-0.05,3000,4050600,"S"
"TPB","11:04:51",17.9,-0.05,100,4047600,"S"
"TPB","11:04:48",17.85,-0.1,2000,4047500,"B"
"TPB","11:04:41",17.85,-0.1,1000,4045500,"B"
"TPB","11:03:54",17.85,-0.1,100,4044500,"B"
"TPB","11:03:17",17.85,-0.1,200,4044400,"B"
"TPB","11:03:08",17.85,-0.1,3900,4044200,"B"
"TPB","11:02:10",17.9,-0.05,100,4040300,"S"
"TPB","11:02:08",17.85,-0.1,40000,4040200,"B"
"TPB","11:01:57",17.85,-0.1,30000,4000200,"B"
"TPB","11:01:48",17.85,-0.1,2000,3970200,"B"
"TPB","11:01:45",17.85,-0.1,100,3968200,"B"
"TPB","11:01:37",17.85,-0.1,10000,3968100,"B"
"TPB","11:01:22",17.85,-0.1,1000,3958100,"B"
"TPB","11:01:01",17.85,-0.1,30000,3957100,"B"
"TPB","11:00:57",17.85,-0.1,200,3927100,"B"
"TPB","10:59:59",17.85,-0.1,100,3926900,"B"
"TPB","10:59:49",17.85,-0.1,1400,3926800,"B"
"TPB","10:59:40",17.9,-0.05,200,3925400,"S"
"TPB","10:59:13",17.85,-0.1,100,3925200,"B"
"TPB","10:58:52",17.85,-0.1,30000,3925100,"B"
"TPB","10:58:30",17.85,-0.1,30000,3895100,"B"
"TPB","10:58:23",17.85,-0.1,30000,3865100,"B"
"TPB","10:58:16",17.85,-0.1,100,3835100,"B"
"TPB","10:57:47",17.85,-0.1,300,3835000,"B"
"TPB","10:57:05",17.85,-0.1,2000,3834700,"B"
"TPB","10:56:54",17.9,-0.05,100,3832700,"S"
"TPB","10:56:16",17.9,-0.05,300,3832600,"S"
"TPB","10:55:58",17.85,-0.1,5000,3832300,"B"
"TPB","10:55:47",17.9,-0.05,100,3827300,"S"
"TPB","10:55:44",17.85,-0.1,5000,3827200,"B"
"TPB","10:55:34",17.85,-0.1,5000,3822200,"B"
"TPB","10:55:17",17.85,-0.1,2000,3817200,"B"
"TPB","10:55:08",17.85,-0.1,100,3815200,"B"
"TPB","10:54:53",17.9,-0.05,1000,3815100,"S"
"TPB","10:54:21",17.9,-0.05,20000,3814100,"S"
"TPB","10:54:12",17.9,-0.05,2000,3794100,"S"
"TPB","10:53:52",17.9,-0.05,20700,3792100,"S"
"TPB","10:53:44",17.9,-0.05,100,3771400,"S"
"TPB","10:53:28",17.9,-0.05,7000,3771300,"S"
"TPB","10:53:28",17.9,-0.05,100,3764300,"S"
"TPB","10:53:22",17.9,-0.05,200,3764200,"S"
"TPB","10:53:19",17.9,-0.05,10000,3764000,"S"
"TPB","10:53:10",17.9,-0.05,200,3754000,"S"
"TPB","10:53:04",17.9,-0.05,100,3753800,"S"
"TPB","10:52:42",17.9,-0.05,1000,3753700,"S"
"TPB","10:52:40",17.85,-0.1,3300,3752700,"B"
"TPB","10:52:31",17.9,-0.05,500,3749400,"S"
"TPB","10:52:01",17.9,-0.05,200,3748900,"S"
"TPB","10:51:53",17.9,-0.05,900,3748700,"S"
"TPB","10:51:48",17.9,-0.05,2500,3747800,"S"
"TPB","10:51:39",17.9,-0.05,5000,3745300,"S"
"TPB","10:51:31",17.9,-0.05,2000,3740300,"S"
"TPB","10:51:24",17.85,-0.1,2000,3738300,"B"
"TPB","10:51:19",17.85,-0.1,2000,3736300,"B"
"TPB","10:50:18",17.9,-0.05,100,3734300,"S"
"TPB","10:50:04",17.9,-0.05,1000,3734200,"S"
"TPB","10:49:49",17.85,-0.1,100,3733200,"B"
"TPB","10:49:27",17.9,-0.05,100,3733100,"S"
"TPB","10:49:15",17.9,-0.05,500,3733000,"S"
"TPB","10:49:09",17.9,-0.05,200,3732500,"S"
"TPB","10:49:06",17.85,-0.1,200,3732300,"B"
"TPB","10:49:04",17.9,-0.05,1000,3732100,"S"
"TPB","10:49:01",17.9,-0.05,5000,3731100,"S"
"TPB","10:48:50",17.9,-0.05,10000,3726100,"S"
"TPB","10:48:46",17.9,-0.05,10000,3716100,"S"
"TPB","10:48:40",17.9,-0.05,1100,3706100,"S"
"TPB","10:48:04",17.9,-0.05,100,3705000,"S"
"TPB","10:47:26",17.9,-0.05,5000,3704900,"S"
"TPB","10:47:22",17.85,-0.1,27300,3699900,"B"
"TPB","10:46:54",17.9,-0.05,11000,3672600,"S"
"TPB","10:46:29",17.9,-0.05,200,3661600,"S"
"TPB","10:46:04",17.9,-0.05,7400,3661400,"S"
"TPB","10:45:53",17.9,-0.05,200,3654000,"S"
"TPB","10:45:52",17.85,-0.1,2000,3653800,"B"
"TPB","10:45:42",17.9,-0.05,100,3651800,"S"
"TPB","10:45:32",17.9,-0.05,10000,3651700,"S"
"TPB","10:44:48",17.9,-0.05,1000,3641700,"S"
"TPB","10:44:23",17.9,-0.05,2000,3640700,"S"
"TPB","10:44:06",17.9,-0.05,300,3638700,"S"
"TPB","10:43:54",17.9,-0.05,1000,3638400,"S"
"TPB","10:43:52",17.9,-0.05,100,3637400,"S"
"TPB","10:43:21",17.9,-0.05,1000,3637300,"S"
"TPB","10:43:09",17.9,-0.05,500,3636300,"S"
"TPB","10:43:08",17.9,-0.05,100,3635800,"S"
"TPB","10:42:45",17.9,-0.05,100,3635700,"S"
"TPB","10:42:33",17.9,-0.05,1000,3635600,"S"
"TPB","10:42:14",17.9,-0.05,1000,3634600,"S"
"TPB","10:42:08",17.9,-0.05,900,3633600,"S"
"TPB","10:42:07",17.9,-0.05,20100,3632700,"B"
"TPB","10:41:47",17.95,0,1000,3612600,"S"
"TPB","10:41:42",17.9,-0.05,3000,3611600,"B"
"TPB","10:41:14",17.9,-0.05,800,3608600,"B"
"TPB","10:41:14",17.95,0,3000,3607800,"S"
"TPB","10:40:35",17.9,-0.05,5000,3604800,"S"
"TPB","10:40:33",17.9,-0.05,200,3599800,"S"
"TPB","10:40:17",17.9,-0.05,400,3599600,"S"
"TPB","10:40:09",17.9,-0.05,20000,3599200,"S"
"TPB","10:40:08",17.9,-0.05,100,3579200,"S"
"TPB","10:40:07",17.9,-0.05,500,3579100,"S"
"TPB","10:40:03",17.9,-0.05,600,3578600,"S"
"TPB","10:39:51",17.9,-0.05,200000,3578000,"S"
"TPB","10:39:10",17.85,-0.1,1000,3378000,"B"
"TPB","10:37:13",17.85,-0.1,4000,3377000,"B"
"TPB","10:36:19",17.85,-0.1,400,3373000,"B"
"TPB","10:36:17",17.85,-0.1,100,3372600,"B"
"TPB","10:36:09",17.9,-0.05,2000,3372500,"S"
"TPB","10:35:47",17.85,-0.1,400,3370500,"B"
"TPB","10:35:44",17.85,-0.1,3800,3370100,"B"
"TPB","10:35:43",17.85,-0.1,2000,3366300,"B"
"TPB","10:35:42",17.9,-0.05,1500,3364300,"S"
"TPB","10:35:39",17.85,-0.1,2000,3362800,"B"
"TPB","10:34:12",17.85,-0.1,500,3360800,"B"
"TPB","10:33:34",17.85,-0.1,100,3360300,"B"
"TPB","10:33:27",17.85,-0.1,100,3360200,"B"
"TPB","10:33:18",17.85,-0.1,2000,3360100,"B"
"TPB","10:33:17",17.85,-0.1,300,3358100,"B"
"TPB","10:32:58",17.85,-0.1,200,3357800,"B"
"TPB","10:32:32",17.85,-0.1,4000,3357600,"B"
"TPB","10:31:53",17.85,-0.1,1000,3353600,"B"
"TPB","10:31:45",17.85,-0.1,2200,3352600,"B"
"TPB","10:31:40",17.85,-0.1,3000,3350400,"B"
"TPB","10:30:39",17.85,-0.1,2000,3347400,"B"
"TPB","10:30:34",17.85,-0.1,3000,3345400,"B"
"TPB","10:30:33",17.85,-0.1,2000,3342400,"B"
"TPB","10:29:32",17.85,-0.1,35300,3340400,"S"
"TPB","10:29:29",17.85,-0.1,10000,3305100,"S"
"TPB","10:29:24",17.85,-0.1,5000,3295100,"S"
"TPB","10:29:23",17.8,-0.15,100,3290100,"B"
"TPB","10:29:18",17.85,-0.1,1000,3290000,"S"
"TPB","10:29:17",17.85,-0.1,2000,3289000,"S"
"TPB","10:29:15",17.85,-0.1,2000,3287000,"S"
"TPB","10:29:10",17.85,-0.1,2100,3285000,"S"
"TPB","10:29:08",17.85,-0.1,1000,3282900,"S"
"TPB","10:29:06",17.85,-0.1,500,3281900,"S"
"TPB","10:29:03",17.85,-0.1,1000,3281400,"S"
"TPB","10:29:00",17.85,-0.1,10000,3280400,"S"
"TPB","10:28:59",17.85,-0.1,1000,3270400,"S"
"TPB","10:28:57",17.85,-0.1,10000,3269400,"S"
"TPB","10:28:56",17.85,-0.1,10000,3259400,"S"
"TPB","10:28:50",17.85,-0.1,80000,3249400,"S"
"TPB","10:28:46",17.8,-0.15,500,3169400,"B"
"TPB","10:28:38",17.8,-0.15,500,3168900,"B"
"TPB","10:28:33",17.85,-0.1,110000,3168400,"S"
"TPB","10:27:43",17.8,-0.15,30000,3058400,"B"
"TPB","10:27:09",17.8,-0.15,100,3028400,"B"
"TPB","10:27:08",17.85,-0.1,100,3028300,"S"
"TPB","10:26:37",17.8,-0.15,60000,3028200,"B"
"TPB","10:26:13",17.8,-0.15,2000,2968200,"B"
"TPB","10:26:10",17.8,-0.15,50000,2966200,"B"
"TPB","10:26:06",17.8,-0.15,200,2916200,"B"
"TPB","10:25:49",17.85,-0.1,100,2916000,"S"
"TPB","10:25:30",17.85,-0.1,1000,2915900,"S"
"TPB","10:25:23",17.85,-0.1,100,2914900,"S"
"TPB","10:25:08",17.85,-0.1,1000,2914800,"S"
"TPB","10:25:01",17.85,-0.1,2000,2913800,"S"
"TPB","10:24:52",17.85,-0.1,500,2911800,"S"
"TPB","10:24:46",17.85,-0.1,1000,2911300,"S"
"TPB","10:24:33",17.85,-0.1,100,2910300,"S"
"TPB","10:24:26",17.85,-0.1,1000,2910200,"S"
"TPB","10:24:18",17.8,-0.15,1000,2909200,"B"
"TPB","10:24:08",17.85,-0.1,1000,2908200,"S"
"TPB","10:24:01",17.8,-0.15,2000,2907200,"B"
"TPB","10:23:37",17.85,-0.1,10000,2905200,"S"
"TPB","10:23:05",17.85,-0.1,1000,2895200,"S"
"TPB","10:22:58",17.85,-0.1,500,2894200,"S"
"TPB","10:22:44",17.85,-0.1,500,2893700,"S"
"TPB","10:22:44",17.85,-0.1,5000,2893200,"S"
"TPB","10:22:38",17.85,-0.1,1000,2888200,"S"
"TPB","10:22:36",17.85,-0.1,100,2887200,"S"
"TPB","10:22:30",17.85,-0.1,3300,2887100,"S"
"TPB","10:22:07",17.85,-0.1,10000,2883800,"S"
"TPB","10:21:48",17.85,-0.1,200,2873800,"S"
"TPB","10:21:47",17.85,-0.1,100,2873600,"S"
"TPB","10:21:43",17.8,-0.15,2000,2873500,"B"
"TPB","10:21:41",17.85,-0.1,2000,2871500,"S"
"TPB","10:21:37",17.85,-0.1,5000,2869500,"S"
"TPB","10:21:33",17.8,-0.15,11000,2864500,"B"
"TPB","10:21:33",17.8,-0.15,2000,2853500,"B"
"TPB","10:21:02",17.85,-0.1,1100,2851500,"S"
"TPB","10:20:57",17.85,-0.1,100,2850400,"S"
"TPB","10:20:55",17.85,-0.1,5100,2850300,"S"
"TPB","10:20:50",17.85,-0.1,5000,2845200,"S"
"TPB","10:20:48",17.85,-0.1,1000,2840200,"S"
"TPB","10:20:45",17.85,-0.1,100,2839200,"S"
"TPB","10:20:44",17.85,-0.1,1000,2839100,"S"
"TPB","10:20:39",17.85,-0.1,10000,2838100,"S"
"TPB","10:20:38",17.85,-0.1,12700,2828100,"B"
"TPB","10:20:32",17.85,-0.1,7800,2815400,"S"
"TPB","10:20:31",17.85,-0.1,6600,2807600,"S"
"TPB","10:20:28",17.85,-0.1,1000,2801000,"S"
"TPB","10:20:27",17.85,-0.1,1000,2799600,"S"
"TPB","10:20:26",17.85,-0.1,1000,2798600,"S"
"TPB","10:20:25",17.85,-0.1,1000,2797600,"S"
"TPB","10:20:22",17.85,-0.1,1000,2796600,"S"
"TPB","10:20:22",17.85,-0.1,500,2795600,"S"
"TPB","10:20:21",17.85,-0.1,1000,2795100,"S"
"TPB","10:20:20",17.85,-0.1,1000,2794100,"S"
"TPB","10:20:18",17.85,-0.1,5200,2793100,"S"
"TPB","10:20:16",17.85,-0.1,100,2787900,"S"
"TPB","10:20:16",17.85,-0.1,1000,2787800,"S"
"TPB","10:20:13",17.85,-0.1,2000,2786800,"S"
"TPB","10:20:11",17.85,-0.1,1000,2784800,"S"
"TPB","10:20:10",17.85,-0.1,1000,2783800,"S"
"TPB","10:20:10",17.85,-0.1,1000,2782800,"S"
"TPB","10:20:07",17.85,-0.1,5000,2781800,"S"
"TPB","10:20:06",17.85,-0.1,200,2776800,"S"
"TPB","10:20:01",17.85,-0.1,3000,2776600,"S"
"TPB","10:19:56",17.85,-0.1,10000,2773600,"S"
"TPB","10:19:48",17.85,-0.1,100,2763600,"S"
"TPB","10:19:46",17.85,-0.1,1200,2763500,"S"
"TPB","10:19:42",17.85,-0.1,5000,2762300,"S"
"TPB","10:19:36",17.85,-0.1,1000,2757300,"S"
"TPB","10:19:32",17.85,-0.1,10000,2756300,"S"
"TPB","10:19:32",17.85,-0.1,500,2746300,"S"
"TPB","10:19:19",17.85,-0.1,500,2745800,"S"
"TPB","10:19:16",17.85,-0.1,12000,2745300,"S"
"TPB","10:19:10",17.85,-0.1,100,2733300,"S"
"TPB","10:19:07",17.85,-0.1,10000,2733200,"S"
"TPB","10:19:06",17.85,-0.1,10100,2723200,"S"
"TPB","10:18:56",17.85,-0.1,500,2713100,"S"
"TPB","10:18:44",17.85,-0.1,1000,2712600,"S"
"TPB","10:18:44",17.8,-0.15,10000,2711600,"B"
"TPB","10:18:27",17.85,-0.1,10500,2701600,"S"
"TPB","10:18:19",17.85,-0.1,100,2691100,"S"
"TPB","10:18:15",17.85,-0.1,500,2691000,"S"
"TPB","10:18:15",17.85,-0.1,1000,2690500,"S"
"TPB","10:18:13",17.85,-0.1,1000,2689500,"S"
"TPB","10:18:12",17.85,-0.1,500,2688500,"S"
"TPB","10:18:10",17.85,-0.1,2300,2688000,"S"
"TPB","10:18:07",17.85,-0.1,3900,2685700,"S"
"TPB","10:18:05",17.85,-0.1,5500,2681800,"S"
"TPB","10:18:02",17.85,-0.1,100,2676300,"S"
"TPB","10:18:01",17.85,-0.1,21000,2676200,"S"
"TPB","10:17:59",17.85,-0.1,100,2655200,"S"
"TPB","10:17:57",17.85,-0.1,1000,2655100,"S"
"TPB","10:17:56",17.85,-0.1,1000,2654100,"S"
"TPB","10:17:52",17.85,-0.1,1000,2653100,"S"
"TPB","10:17:45",17.85,-0.1,1000,2652100,"S"
"TPB","10:17:43",17.85,-0.1,50000,2651100,"S"
"TPB","10:17:36",17.85,-0.1,100000,2601100,"S"
"TPB","10:17:32",17.85,-0.1,5500,2501100,"S"
"TPB","10:17:16",17.85,-0.1,100,2495600,"S"
"TPB","10:17:15",17.85,-0.1,200,2495500,"S"
"TPB","10:17:08",17.85,-0.1,2000,2495300,"S"
"TPB","10:17:06",17.85,-0.1,100,2493300,"S"
"TPB","10:16:56",17.85,-0.1,200,2493200,"S"
"TPB","10:16:50",17.85,-0.1,500,2493000,"S"
"TPB","10:16:41",17.85,-0.1,600,2492500,"S"
"TPB","10:16:39",17.85,-0.1,100,2491900,"S"
"TPB","10:16:15",17.85,-0.1,200,2491800,"S"
"TPB","10:16:07",17.85,-0.1,300,2491600,"S"
"TPB","10:16:00",17.85,-0.1,11000,2491300,"S"
"TPB","10:15:41",17.85,-0.1,200,2480300,"S"
"TPB","10:15:37",17.85,-0.1,1000,2480100,"S"
"TPB","10:15:25",17.85,-0.1,400,2479100,"S"
"TPB","10:15:23",17.85,-0.1,1000,2478700,"S"
"TPB","10:15:20",17.85,-0.1,6000,2477700,"S"
"TPB","10:15:20",17.8,-0.15,4000,2471700,"B"
"TPB","10:15:19",17.85,-0.1,500,2467700,"S"
"TPB","10:15:13",17.85,-0.1,500,2467200,"S"
"TPB","10:15:12",17.85,-0.1,200,2466700,"S"
"TPB","10:15:11",17.85,-0.1,200,2466500,"S"
"TPB","10:15:09",17.85,-0.1,1000,2466300,"S"
"TPB","10:15:08",17.85,-0.1,1000,2465300,"S"
"TPB","10:15:04",17.85,-0.1,10000,2464300,"S"
"TPB","10:15:02",17.85,-0.1,1000,2454300,"S"
"TPB","10:15:01",17.85,-0.1,3000,2453300,"S"
"TPB","10:15:01",17.85,-0.1,1000,2450300,"S"
"TPB","10:14:53",17.85,-0.1,7000,2449300,"S"
"TPB","10:14:42",17.85,-0.1,1000,2442300,"S"
"TPB","10:14:40",17.85,-0.1,3400,2441300,"S"
"TPB","10:14:39",17.85,-0.1,5000,2437900,"S"
"TPB","10:14:23",17.85,-0.1,100,2432900,"S"
"TPB","10:14:10",17.85,-0.1,4000,2432800,"B"
"TPB","10:14:01",17.85,-0.1,46000,2428800,"S"
"TPB","10:13:51",17.8,-0.15,2000,2382800,"B"
"TPB","10:13:20",17.85,-0.1,143900,2380800,"B"
"TPB","10:13:12",17.85,-0.1,100,2236900,"B"
"TPB","10:13:11",17.85,-0.1,10000,2236800,"B"
"TPB","10:12:52",17.85,-0.1,100,2226800,"B"
"TPB","10:12:14",17.85,-0.1,100,2226700,"B"
"TPB","10:11:00",17.85,-0.1,100,2226600,"B"
"TPB","10:10:46",17.85,-0.1,100,2226500,"B"
"TPB","10:10:44",17.85,-0.1,2000,2226400,"B"
"TPB","10:10:36",17.85,-0.1,2000,2224400,"B"
"TPB","10:10:24",17.85,-0.1,200,2222400,"B"
"TPB","10:10:08",17.85,-0.1,31000,2222200,"B"
"TPB","10:09:57",17.85,-0.1,30000,2191200,"B"
"TPB","10:09:51",17.85,-0.1,2000,2161200,"B"
"TPB","10:09:47",17.85,-0.1,30000,2159200,"B"
"TPB","10:09:38",17.85,-0.1,2000,2129200,"B"
"TPB","10:09:03",17.85,-0.1,5000,2127200,"B"
"TPB","10:08:35",17.85,-0.1,20000,2122200,"B"
"TPB","10:08:18",17.9,-0.05,3600,2102200,"S"
"TPB","10:08:15",17.85,-0.1,800,2098600,"B"
"TPB","10:08:15",17.85,-0.1,30000,2097800,"B"
"TPB","10:07:32",17.9,-0.05,300,2067800,"S"
"TPB","10:07:30",17.9,-0.05,500,2067500,"S"
"TPB","10:07:23",17.9,-0.05,500,2067000,"S"
"TPB","10:06:37",17.9,-0.05,100,2066500,"S"
"TPB","10:06:31",17.9,-0.05,1000,2066400,"S"
"TPB","10:06:16",17.9,-0.05,100,2065400,"S"
"TPB","10:06:12",17.85,-0.1,3000,2065300,"B"
"TPB","10:06:10",17.9,-0.05,106900,2062300,"S"
"TPB","10:06:05",17.85,-0.1,1000,1955400,"B"
"TPB","10:05:50",17.85,-0.1,2000,1954400,"B"
"TPB","10:05:42",17.85,-0.1,200,1952400,"B"
"TPB","10:05:31",17.85,-0.1,100,1952200,"B"
"TPB","10:04:54",17.85,-0.1,100,1952100,"B"
"TPB","10:04:48",17.9,-0.05,47300,1952000,"S"
"TPB","10:04:48",17.85,-0.1,2700,1904700,"S"
"TPB","10:04:43",17.85,-0.1,5200,1902000,"S"
"TPB","10:04:43",17.85,-0.1,19000,1896800,"S"
"TPB","10:04:41",17.85,-0.1,1000,1877800,"S"
"TPB","10:04:28",17.85,-0.1,500,1876800,"S"
"TPB","10:04:21",17.85,-0.1,21800,1876300,"B"
"TPB","10:03:53",17.85,-0.1,7100,1854500,"S"
"TPB","10:03:48",17.85,-0.1,1000,1847400,"S"
"TPB","10:03:46",17.85,-0.1,1000,1846400,"S"
"TPB","10:03:45",17.85,-0.1,500,1845400,"S"
"TPB","10:03:43",17.85,-0.1,300,1844900,"S"
"TPB","10:03:39",17.85,-0.1,500,1844600,"S"
"TPB","10:03:35",17.85,-0.1,4200,1844100,"S"
"TPB","10:03:34",17.85,-0.1,100,1839900,"S"
"TPB","10:03:34",17.85,-0.1,500,1839800,"S"
"TPB","10:03:32",17.85,-0.1,500,1839300,"S"
"TPB","10:03:30",17.85,-0.1,100,1838800,"S"
"TPB","10:03:30",17.85,-0.1,100,1838700,"S"
"TPB","10:03:28",17.85,-0.1,800,1838500,"S"
"TPB","10:03:24",17.85,-0.1,200,1837700,"S"
"TPB","10:03:23",17.85,-0.1,3000,1837500,"S"
"TPB","10:03:18",17.85,-0.1,700,1834500,"S"
"TPB","10:03:16",17.85,-0.1,300,1833800,"S"
"TPB","10:03:14",17.85,-0.1,1000,1833500,"S"
"TPB","10:03:13",17.85,-0.1,400,1832500,"S"
"TPB","10:03:11",17.85,-0.1,4000,1832100,"S"
"TPB","10:02:59",17.85,-0.1,100,1828100,"S"
"TPB","10:02:51",17.85,-0.1,400,1828000,"S"
"TPB","10:02:49",17.85,-0.1,300,1827600,"S"
"TPB","10:02:46",17.85,-0.1,10000,1827300,"S"
"TPB","10:02:43",17.85,-0.1,200,1817300,"S"
"TPB","10:02:38",17.85,-0.1,4600,1817100,"B"
"TPB","10:02:35",17.85,-0.1,15400,1812500,"S"
"TPB","10:02:33",17.85,-0.1,84600,1797100,"B"
"TPB","10:02:14",17.85,-0.1,30000,1712500,"B"
"TPB","10:02:07",17.85,-0.1,60000,1682500,"B"
"TPB","10:01:46",17.85,-0.1,30000,1622500,"B"
"TPB","10:01:44",17.85,-0.1,1000,1592500,"B"
"TPB","10:01:36",17.85,-0.1,30000,1591500,"B"
"TPB","10:01:25",17.85,-0.1,30000,1561500,"B"
"TPB","10:00:46",17.85,-0.1,20000,1531500,"B"
"TPB","10:00:45",17.9,-0.05,2000,1511500,"S"
"TPB","10:00:39",17.85,-0.1,30800,1509500,"B"
"TPB","09:59:24",17.85,-0.1,25000,1478700,"B"
"TPB","09:59:05",17.85,-0.1,7700,1453700,"B"
"TPB","09:59:00",17.85,-0.1,2000,1446000,"B"
"TPB","09:58:30",17.9,-0.05,100,1444000,"S"
"TPB","09:58:28",17.9,-0.05,1100,1443900,"S"
"TPB","09:58:26",17.9,-0.05,200,1442800,"S"
"TPB","09:57:59",17.9,-0.05,100,1442600,"S"
"TPB","09:57:28",17.9,-0.05,100,1442500,"S"
"TPB","09:57:27",17.9,-0.05,300,1442400,"S"
"TPB","09:57:03",17.9,-0.05,2000,1442100,"S"
"TPB","09:56:59",17.9,-0.05,500,1440100,"S"
"TPB","09:56:50",17.9,-0.05,600,1439600,"S"
"TPB","09:56:38",17.9,-0.05,500,1439000,"S"
"TPB","09:56:21",17.9,-0.05,500,1438500,"S"
"TPB","09:56:14",17.9,-0.05,500,1438000,"S"
"TPB","09:56:09",17.85,-0.1,2000,1437500,"B"
"TPB","09:56:06",17.9,-0.05,200,1435500,"S"
"TPB","09:55:44",17.9,-0.05,200,1435300,"S"
"TPB","09:55:37",17.9,-0.05,100,1435100,"S"
"TPB","09:55:29",17.9,-0.05,1100,1435000,"S"
"TPB","09:55:23",17.9,-0.05,2000,1433900,"S"
"TPB","09:54:59",17.9,-0.05,5000,1431900,"S"
"TPB","09:54:53",17.9,-0.05,200,1426900,"S"
"TPB","09:54:51",17.9,-0.05,600,1426700,"S"
"TPB","09:54:50",17.9,-0.05,4400,1426100,"S"
"TPB","09:54:47",17.9,-0.05,500,1421700,"S"
"TPB","09:54:44",17.9,-0.05,1000,1421200,"S"
"TPB","09:54:40",17.9,-0.05,5000,1420200,"S"
"TPB","09:54:39",17.9,-0.05,200,1415200,"S"
"TPB","09:54:34",17.9,-0.05,100,1415000,"S"
"TPB","09:54:29",17.9,-0.05,1000,1414900,"S"
"TPB","09:54:25",17.85,-0.1,2000,1413900,"B"
"TPB","09:54:24",17.9,-0.05,10000,1411900,"S"
"TPB","09:54:22",17.9,-0.05,200,1401900,"S"
"TPB","09:54:08",17.9,-0.05,5000,1401700,"S"
"TPB","09:54:01",17.9,-0.05,1500,1396700,"S"
"TPB","09:53:45",17.9,-0.05,4000,1395200,"S"
"TPB","09:53:35",17.9,-0.05,200,1391200,"S"
"TPB","09:53:28",17.9,-0.05,5000,1391000,"S"
"TPB","09:53:11",17.85,-0.1,5000,1386000,"B"
"TPB","09:53:10",17.9,-0.05,5000,1381000,"S"
"TPB","09:52:40",17.85,-0.1,200,1376000,"B"
"TPB","09:52:09",17.85,-0.1,2000,1375800,"B"
"TPB","09:51:53",17.9,-0.05,100,1373800,"S"
"TPB","09:51:45",17.9,-0.05,3000,1373700,"S"
"TPB","09:51:44",17.9,-0.05,200,1370700,"S"
"TPB","09:51:33",17.9,-0.05,100,1370500,"S"
"TPB","09:51:22",17.9,-0.05,2000,1370400,"S"
"TPB","09:51:11",17.9,-0.05,11000,1368400,"S"
"TPB","09:50:43",17.85,-0.1,600,1357400,"B"
"TPB","09:50:36",17.9,-0.05,100,1356800,"S"
"TPB","09:50:21",17.9,-0.05,2000,1356700,"S"
"TPB","09:50:01",17.9,-0.05,10000,1354700,"S"
"TPB","09:49:50",17.9,-0.05,100,1344700,"S"
"TPB","09:49:48",17.85,-0.1,2000,1344600,"B"
"TPB","09:49:47",17.9,-0.05,100,1342600,"S"
"TPB","09:49:46",17.9,-0.05,500,1342500,"S"
"TPB","09:49:37",17.9,-0.05,100,1342000,"S"
"TPB","09:49:28",17.9,-0.05,1000,1341900,"S"
"TPB","09:49:19",17.9,-0.05,17800,1340900,"B"
"TPB","09:49:06",17.9,-0.05,1600,1323100,"B"
"TPB","09:49:01",17.9,-0.05,30600,1321500,"S"
"TPB","09:49:00",17.9,-0.05,1000,1290900,"S"
"TPB","09:48:42",17.9,-0.05,100,1289900,"S"
"TPB","09:48:40",17.9,-0.05,5000,1289800,"S"
"TPB","09:48:32",17.9,-0.05,500,1284800,"S"
"TPB","09:48:27",17.9,-0.05,500,1284300,"S"
"TPB","09:48:22",17.9,-0.05,10000,1283800,"S"
"TPB","09:48:13",17.9,-0.05,2300,1273800,"S"
"TPB","09:47:57",17.9,-0.05,500,1271500,"S"
"TPB","09:47:53",17.9,-0.05,5000,1271000,"S"
"TPB","09:47:50",17.9,-0.05,200,1266000,"S"
"TPB","09:47:42",17.9,-0.05,300,1265800,"S"
"TPB","09:47:41",17.9,-0.05,2000,1265500,"S"
"TPB","09:47:39",17.85,-0.1,200,1263500,"B"
"TPB","09:47:28",17.9,-0.05,100,1263300,"S"
"TPB","09:47:27",17.9,-0.05,10000,1263200,"S"
"TPB","09:47:26",17.9,-0.05,3000,1253200,"S"
"TPB","09:47:21",17.9,-0.05,21000,1250200,"S"
"TPB","09:47:20",17.9,-0.05,100,1229200,"S"
"TPB","09:47:07",17.9,-0.05,100,1229100,"S"
"TPB","09:47:01",17.9,-0.05,1000,1229000,"S"
"TPB","09:46:54",17.9,-0.05,300,1228000,"S"
"TPB","09:46:47",17.9,-0.05,700,1227700,"S"
"TPB","09:46:27",17.9,-0.05,2000,1227000,"S"
"TPB","09:46:19",17.9,-0.05,9000,1225000,"S"
"TPB","09:46:17",17.9,-0.05,5000,1216000,"S"
"TPB","09:46:11",17.85,-0.1,7900,1211000,"B"
"TPB","09:46:03",17.9,-0.05,100,1203100,"S"
"TPB","09:46:00",17.9,-0.05,600,1203000,"S"
"TPB","09:45:57",17.9,-0.05,1000,1202400,"S"
"TPB","09:45:55",17.9,-0.05,2000,1201400,"S"
"TPB","09:45:54",17.9,-0.05,1000,1199400,"S"
"TPB","09:45:53",17.9,-0.05,5400,1198400,"S"
"TPB","09:45:51",17.85,-0.1,3300,1193000,"B"
"TPB","09:45:49",17.9,-0.05,100,1189700,"S"
"TPB","09:45:49",17.9,-0.05,1000,1189600,"S"
"TPB","09:45:47",17.9,-0.05,1700,1188600,"S"
"TPB","09:45:42",17.9,-0.05,200,1186900,"S"
"TPB","09:45:39",17.9,-0.05,500,1186700,"S"
"TPB","09:45:36",17.9,-0.05,100,1186200,"S"
"TPB","09:45:32",17.9,-0.05,10000,1186100,"S"
"TPB","09:45:18",17.9,-0.05,15000,1176100,"S"
"TPB","09:45:08",17.9,-0.05,300,1161100,"S"
"TPB","09:44:56",17.9,-0.05,1000,1160800,"S"
"TPB","09:44:46",17.9,-0.05,4500,1159800,"S"
"TPB","09:44:33",17.9,-0.05,1000,1155300,"S"
"TPB","09:44:29",17.85,-0.1,500,1154300,"B"
"TPB","09:43:43",17.9,-0.05,100,1153800,"S"
"TPB","09:43:24",17.85,-0.1,5000,1153700,"B"
"TPB","09:43:24",17.85,-0.1,15100,1148700,"B"
"TPB","09:43:04",17.85,-0.1,200,1133600,"S"
"TPB","09:42:55",17.85,-0.1,4000,1133400,"S"
"TPB","09:42:50",17.85,-0.1,300,1129400,"S"
"TPB","09:42:46",17.85,-0.1,400,1129100,"S"
"TPB","09:42:40",17.85,-0.1,5100,1128700,"B"
"TPB","09:42:37",17.85,-0.1,6100,1123600,"S"
"TPB","09:42:36",17.85,-0.1,100,1117500,"S"
"TPB","09:42:35",17.85,-0.1,500,1117400,"S"
"TPB","09:42:30",17.85,-0.1,100,1116900,"S"
"TPB","09:42:29",17.85,-0.1,500,1116800,"S"
"TPB","09:42:27",17.85,-0.1,3700,1116300,"B"
"TPB","09:42:15",17.85,-0.1,30000,1112600,"B"
"TPB","09:41:53",17.85,-0.1,5000,1082600,"B"
"TPB","09:41:45",17.85,-0.1,3000,1077600,"B"
"TPB","09:41:32",17.85,-0.1,200,1074600,"B"
"TPB","09:41:31",17.85,-0.1,11400,1074400,"S"
"TPB","09:41:30",17.85,-0.1,1000,1063000,"S"
"TPB","09:41:29",17.85,-0.1,5000,1062000,"S"
"TPB","09:41:27",17.85,-0.1,500,1057000,"S"
"TPB","09:41:24",17.85,-0.1,3000,1056500,"S"
"TPB","09:41:20",17.85,-0.1,100,1053500,"S"
"TPB","09:41:18",17.85,-0.1,1900,1053400,"S"
"TPB","09:41:12",17.85,-0.1,1000,1051500,"S"
"TPB","09:41:07",17.85,-0.1,100,1050500,"S"
"TPB","09:41:06",17.85,-0.1,10000,1050400,"S"
"TPB","09:41:04",17.85,-0.1,100,1040400,"S"
"TPB","09:41:00",17.85,-0.1,100,1040300,"S"
"TPB","09:40:55",17.85,-0.1,500,1040200,"S"
"TPB","09:40:53",17.85,-0.1,1500,1039700,"S"
"TPB","09:40:49",17.85,-0.1,5000,1038200,"S"
"TPB","09:40:46",17.85,-0.1,15600,1033200,"B"
"TPB","09:40:44",17.85,-0.1,5500,1017600,"B"
"TPB","09:40:18",17.85,-0.1,6000,1012100,"S"
"TPB","09:40:15",17.85,-0.1,5000,1006100,"S"
"TPB","09:40:13",17.85,-0.1,10000,1001100,"S"
"TPB","09:40:12",17.85,-0.1,3500,991100,"S"
"TPB","09:40:06",17.85,-0.1,200,987600,"S"
"TPB","09:40:05",17.85,-0.1,200,987400,"S"
"TPB","09:40:04",17.85,-0.1,500,987200,"S"
"TPB","09:39:57",17.85,-0.1,1100,986700,"S"
"TPB","09:39:55",17.85,-0.1,100,985600,"S"
"TPB","09:39:53",17.85,-0.1,50000,985500,"S"
"TPB","09:39:50",17.85,-0.1,1000,935500,"S"
"TPB","09:39:47",17.85,-0.1,1000,934500,"S"
"TPB","09:39:24",17.85,-0.1,500,933500,"S"
"TPB","09:39:20",17.85,-0.1,1700,933000,"S"
"TPB","09:39:16",17.85,-0.1,100,931300,"S"
"TPB","09:39:09",17.85,-0.1,5000,931200,"S"
"TPB","09:39:07",17.85,-0.1,10000,926200,"S"
"TPB","09:39:06",17.85,-0.1,100,916200,"S"
"TPB","09:39:01",17.85,-0.1,100,916100,"S"
"TPB","09:38:49",17.85,-0.1,16600,916000,"S"
"TPB","09:38:47",17.85,-0.1,1000,899400,"S"
"TPB","09:38:43",17.85,-0.1,1000,898400,"S"
"TPB","09:38:30",17.85,-0.1,700,897400,"S"
"TPB","09:38:28",17.85,-0.1,8300,896700,"S"
"TPB","09:38:21",17.85,-0.1,2000,888400,"S"
"TPB","09:37:51",17.85,-0.1,5000,886400,"S"
"TPB","09:37:48",17.85,-0.1,1000,881400,"S"
"TPB","09:37:42",17.85,-0.1,600,880400,"S"
"TPB","09:37:33",17.85,-0.1,500,879800,"S"
"TPB","09:37:32",17.8,-0.15,5000,879300,"B"
"TPB","09:37:29",17.85,-0.1,100,874300,"S"
"TPB","09:37:20",17.85,-0.1,200,874200,"S"
"TPB","09:37:14",17.85,-0.1,7500,874000,"B"
"TPB","09:36:59",17.85,-0.1,10000,866500,"B"
"TPB","09:36:57",17.85,-0.1,1900,856500,"B"
"TPB","09:36:54",17.85,-0.1,6100,854600,"S"
"TPB","09:36:51",17.85,-0.1,1000,848500,"S"
"TPB","09:36:42",17.85,-0.1,300,847500,"S"
"TPB","09:36:39",17.85,-0.1,42600,847200,"B"
"TPB","09:36:25",17.85,-0.1,18500,804600,"S"
"TPB","09:36:25",17.85,-0.1,2000,786100,"S"
"TPB","09:36:11",17.85,-0.1,2000,784100,"S"
"TPB","09:36:10",17.85,-0.1,100,782100,"S"
"TPB","09:36:04",17.85,-0.1,6000,782000,"S"
"TPB","09:36:03",17.85,-0.1,2000,776000,"S"
"TPB","09:36:00",17.85,-0.1,2000,774000,"S"
"TPB","09:35:57",17.85,-0.1,3000,772000,"S"
"TPB","09:35:46",17.85,-0.1,200,769000,"S"
"TPB","09:35:39",17.8,-0.15,3500,768800,"B"
"TPB","09:35:37",17.85,-0.1,1000,765300,"S"
"TPB","09:35:36",17.85,-0.1,500,764300,"S"
"TPB","09:35:35",17.85,-0.1,18300,763800,"B"
"TPB","09:35:35",17.85,-0.1,2200,745500,"B"
"TPB","09:35:32",17.85,-0.1,10500,743300,"S"
"TPB","09:35:31",17.85,-0.1,1000,732800,"S"
"TPB","09:35:27",17.85,-0.1,500,731800,"S"
"TPB","09:35:24",17.85,-0.1,1100,731300,"S"
"TPB","09:35:22",17.85,-0.1,5200,730200,"S"
"TPB","09:35:20",17.85,-0.1,2000,725000,"S"
"TPB","09:35:07",17.85,-0.1,500,723000,"S"
"TPB","09:35:02",17.85,-0.1,4000,722500,"S"
"TPB","09:35:00",17.85,-0.1,100,718500,"S"
"TPB","09:34:56",17.85,-0.1,3400,718400,"S"
"TPB","09:34:48",17.85,-0.1,2000,715000,"S"
"TPB","09:34:44",17.85,-0.1,100,713000,"S"
"TPB","09:34:43",17.85,-0.1,20000,712900,"S"
"TPB","09:34:40",17.85,-0.1,10100,692900,"S"
"TPB","09:34:38",17.85,-0.1,100,682800,"S"
"TPB","09:34:37",17.85,-0.1,2000,682700,"S"
"TPB","09:34:35",17.85,-0.1,100,680700,"S"
"TPB","09:34:30",17.85,-0.1,2000,680600,"S"
"TPB","09:34:27",17.85,-0.1,8300,678600,"S"
"TPB","09:34:23",17.85,-0.1,100,670300,"S"
"TPB","09:34:15",17.85,-0.1,1000,670200,"S"
"TPB","09:34:11",17.8,-0.15,2000,669200,"B"
"TPB","09:34:10",17.85,-0.1,100,667200,"S"
"TPB","09:34:09",17.85,-0.1,3000,667100,"S"
"TPB","09:34:05",17.85,-0.1,100,664100,"S"
"TPB","09:33:55",17.85,-0.1,20100,664000,"B"
"TPB","09:33:54",17.85,-0.1,2000,643900,"B"
"TPB","09:33:54",17.85,-0.1,18000,641900,"B"
"TPB","09:33:45",17.85,-0.1,400,623900,"B"
"TPB","09:33:43",17.85,-0.1,10000,623500,"B"
"TPB","09:33:18",17.85,-0.1,2300,613500,"S"
"TPB","09:33:12",17.85,-0.1,21800,611200,"B"
"TPB","09:32:53",17.85,-0.1,1000,589400,"B"
"TPB","09:32:49",17.85,-0.1,15100,588400,"B"
"TPB","09:32:28",17.85,-0.1,6000,573300,"B"
"TPB","09:32:14",17.85,-0.1,35000,567300,"B"
"TPB","09:32:09",17.85,-0.1,12000,532300,"B"
"TPB","09:32:08",17.85,-0.1,4300,520300,"B"
"TPB","09:32:07",17.85,-0.1,3800,516000,"B"
"TPB","09:32:04",17.85,-0.1,5600,512200,"B"
"TPB","09:32:02",17.85,-0.1,100,506600,"B"
"TPB","09:31:54",17.85,-0.1,300,506500,"B"
"TPB","09:31:51",17.85,-0.1,1500,506200,"B"
"TPB","09:31:28",17.85,-0.1,800,504700,"B"
"TPB","09:31:26",17.85,-0.1,5100,503900,"B"
"TPB","09:31:25",17.85,-0.1,1500,498800,"B"
"TPB","09:30:59",17.85,-0.1,3700,497300,"B"
"TPB","09:30:56",17.9,-0.05,1000,493600,"S"
"TPB","09:30:46",17.85,-0.1,5000,492600,"B"
"TPB","09:30:21",17.85,-0.1,17200,487600,"B"
"TPB","09:30:07",17.9,-0.05,100,470400,"S"
"TPB","09:29:51",17.9,-0.05,2000,470300,"S"
"TPB","09:29:44",17.85,-0.1,50000,468300,"B"
"TPB","09:29:11",17.9,-0.05,2000,418300,"S"
"TPB","09:28:04",17.9,-0.05,10000,416300,"S"
"TPB","09:27:50",17.9,-0.05,5000,406300,"S"
"TPB","09:27:49",17.85,-0.1,10000,401300,"B"
"TPB","09:27:44",17.85,-0.1,5000,391300,"B"
"TPB","09:27:23",17.85,-0.1,20000,386300,"B"
"TPB","09:27:18",17.9,-0.05,500,366300,"S"
"TPB","09:27:10",17.9,-0.05,5000,365800,"S"
"TPB","09:27:00",17.9,-0.05,61900,360800,"B"
"TPB","09:26:52",17.9,-0.05,6000,298900,"B"
"TPB","09:26:42",17.95,0,2000,292900,"S"
"TPB","09:26:28",17.95,0,500,290900,"S"
"TPB","09:26:06",17.95,0,5300,290400,"B"
"TPB","09:26:04",17.95,0,2000,285100,"B"
"TPB","09:26:04",17.95,0,5000,283100,"B"
"TPB","09:26:04",18,0.05,600,278100,"S"
"TPB","09:26:02",17.95,0,4000,277500,"B"
"TPB","09:25:42",17.95,0,200,273500,"B"
"TPB","09:25:36",17.95,0,100,273300,"B"
"TPB","09:25:34",17.95,0,4000,273200,"B"
"TPB","09:25:27",17.95,0,500,269200,"B"
"TPB","09:25:02",17.95,0,100,268700,"B"
"TPB","09:24:22",17.95,0,13400,268600,"S"
"TPB","09:24:20",17.95,0,300,255200,"S"
"TPB","09:23:50",17.95,0,2200,254900,"S"
"TPB","09:23:47",17.95,0,100,252700,"S"
"TPB","09:23:23",17.95,0,100,252600,"S"
"TPB","09:23:21",17.95,0,100,252500,"S"
"TPB","09:23:17",17.95,0,200,252400,"S"
"TPB","09:23:14",17.95,0,300,252200,"S"
"TPB","09:23:02",17.95,0,4200,251900,"B"
"TPB","09:22:13",17.95,0,500,247700,"B"
"TPB","09:22:07",17.95,0,1000,247200,"B"
"TPB","09:21:47",17.95,0,1000,246200,"B"
"TPB","09:21:40",17.95,0,8300,245200,"S"
"TPB","09:21:37",17.95,0,1000,236900,"S"
"TPB","09:21:36",17.95,0,500,235900,"S"
"TPB","09:21:13",17.95,0,1600,235400,"S"
"TPB","09:20:59",17.95,0,100,233800,"S"
"TPB","09:20:55",17.95,0,1100,233700,"S"
"TPB","09:20:34",17.95,0,3000,232600,"S"
"TPB","09:20:32",17.95,0,900,229600,"S"
"TPB","09:20:29",17.95,0,2300,228700,"S"
"TPB","09:20:23",17.95,0,5000,226400,"S"
"TPB","09:20:19",17.95,0,2000,221400,"S"
"TPB","09:20:15",17.95,0,1000,219400,"S"
"TPB","09:20:00",17.95,0,10000,218400,"S"
"TPB","09:19:59",17.95,0,4900,208400,"B"
"TPB","09:19:56",17.95,0,5100,203500,"S"
"TPB","09:19:55",17.95,0,2000,198400,"S"
"TPB","09:19:48",17.95,0,2000,196400,"S"
"TPB","09:19:46",17.95,0,10000,194400,"S"
"TPB","09:19:38",17.95,0,100,184400,"S"
"TPB","09:19:38",17.95,0,800,184300,"S"
"TPB","09:19:29",17.95,0,1300,183500,"S"
"TPB","09:19:19",17.95,0,200,182200,"S"
"TPB","09:19:14",17.95,0,5000,182000,"S"
"TPB","09:19:13",17.95,0,900,177000,"S"
"TPB","09:19:04",17.95,0,500,176100,"S"
"TPB","09:18:54",17.95,0,2800,175600,"B"
"TPB","09:18:45",17.95,0,30000,172800,"B"
"TPB","09:18:06",17.95,0,4000,142800,"B"
"TPB","09:17:57",18,0.05,100,138800,"S"
"TPB","09:17:43",18,0.05,5000,138700,"S"
"TPB","09:17:32",18,0.05,1000,133700,"S"
"TPB","09:16:37",18,0.05,10000,132700,"S"
"TPB","09:16:35",18,0.05,100,122700,"S"
"TPB","09:16:25",18,0.05,10900,122600,"S"
"TPB","09:15:58",18,0.05,1000,111700,"S"
"TPB","09:15:55",18,0.05,300,110700,"B"
"TPB","09:15:54",18,0.05,5200,110400,"B"
"TPB","09:15:45",18,0.05,2000,105200,"B"
"TPB","09:15:37",18,0.05,2000,103200,"B"
"TPB","09:15:16",18,0.05,100,101200,"B"
"TPB","09:15:15",18.05,0.1,200,101100,"S"
"TPB","09:15:08",18,0.05,500,100900,"B"
"TPB","09:15:05",18,0.05,1000,100400,"B"
"TPB","09:15:01",18,0.05,99400,99400,
