"symbol","time","price","change","vol","total","side"
"DGW","14:45:02",55.9,3.6,802200,5612500,
"DGW","14:29:56",55.2,2.9,1000,4810300,"S"
"DGW","14:29:53",55.1,2.8,3000,4809300,"B"
"DGW","14:29:53",55.2,2.9,2100,4806300,"S"
"DGW","14:29:49",55.2,2.9,1000,4804200,"S"
"DGW","14:29:47",55.2,2.9,20000,4803200,"S"
"DGW","14:29:46",55.2,2.9,2000,4783200,"S"
"DGW","14:29:45",55.2,2.9,300,4781200,"S"
"DGW","14:29:44",55.2,2.9,1500,4780900,"S"
"DGW","14:29:41",55.2,2.9,2000,4779400,"S"
"DGW","14:29:35",55.2,2.9,1200,4777400,"S"
"DGW","14:29:30",55.1,2.8,200,4776200,"B"
"DGW","14:29:29",55.1,2.8,100,4776000,"B"
"DGW","14:29:25",55.1,2.8,2700,4775900,"S"
"DGW","14:29:24",55.1,2.8,100,4773200,"S"
"DGW","14:29:21",55,2.7,1000,4773100,"B"
"DGW","14:29:19",55,2.7,1000,4772100,"B"
"DGW","14:29:15",55.1,2.8,2000,4771100,"S"
"DGW","14:29:13",55.1,2.8,100,4769100,"S"
"DGW","14:29:05",55,2.7,1000,4769000,"B"
"DGW","14:28:59",55.1,2.8,10000,4768000,"S"
"DGW","14:28:48",54.9,2.6,1300,4758000,"S"
"DGW","14:28:45",54.9,2.6,5400,4756700,"B"
"DGW","14:28:45",55,2.7,1600,4751300,"B"
"DGW","14:28:44",55,2.7,500,4749700,"B"
"DGW","14:28:37",55,2.7,100,4749200,"B"
"DGW","14:28:33",55,2.7,1100,4749100,"S"
"DGW","14:28:33",54.9,2.6,8700,4748000,"S"
"DGW","14:28:32",54.9,2.6,100,4739300,"S"
"DGW","14:28:31",54.9,2.6,500,4739200,"S"
"DGW","14:28:28",54.9,2.6,7000,4738700,"S"
"DGW","14:28:28",54.9,2.6,1000,4731700,"S"
"DGW","14:28:24",54.9,2.6,100,4730700,"S"
"DGW","14:28:21",54.9,2.6,600,4730600,"S"
"DGW","14:28:18",54.9,2.6,10800,4730000,"B"
"DGW","14:28:17",55,2.7,600,4719200,"S"
"DGW","14:28:13",55,2.7,1000,4718600,"S"
"DGW","14:28:12",55,2.7,200,4717600,"S"
"DGW","14:28:04",55,2.7,2800,4717400,"B"
"DGW","14:27:53",55,2.7,2100,4714600,"S"
"DGW","14:27:46",55,2.7,2000,4712500,"S"
"DGW","14:27:44",55,2.7,1300,4710500,"S"
"DGW","14:27:40",55,2.7,1000,4709200,"S"
"DGW","14:27:36",55,2.7,2000,4708200,"S"
"DGW","14:27:23",55,2.7,11400,4706200,"S"
"DGW","14:27:18",55,2.7,1800,4694800,"S"
"DGW","14:27:08",54.9,2.6,100,4693000,"B"
"DGW","14:26:57",55,2.7,100,4692900,"S"
"DGW","14:26:52",54.9,2.6,600,4692800,"B"
"DGW","14:26:50",55,2.7,1000,4692200,"S"
"DGW","14:26:48",55,2.7,51600,4691200,"S"
"DGW","14:26:47",54.9,2.6,1500,4639600,"B"
"DGW","14:26:47",54.9,2.6,500,4638100,"B"
"DGW","14:26:45",54.9,2.6,100,4637600,"B"
"DGW","14:26:16",54.9,2.6,300,4637500,"S"
"DGW","14:26:14",54.9,2.6,6500,4637200,"S"
"DGW","14:26:08",54.9,2.6,500,4630700,"S"
"DGW","14:26:05",54.9,2.6,4700,4630200,"S"
"DGW","14:26:03",54.8,2.5,1000,4625500,"B"
"DGW","14:26:01",54.9,2.6,900,4624500,"S"
"DGW","14:26:00",54.9,2.6,500,4623600,"S"
"DGW","14:25:54",54.9,2.6,4900,4623100,"S"
"DGW","14:25:51",54.8,2.5,1000,4618200,"B"
"DGW","14:25:31",54.9,2.6,200,4617200,"S"
"DGW","14:25:25",54.9,2.6,500,4617000,"S"
"DGW","14:25:22",54.9,2.6,18500,4616500,"B"
"DGW","14:25:20",54.9,2.6,100,4598000,"B"
"DGW","14:25:20",55,2.7,200,4597900,"S"
"DGW","14:25:15",54.9,2.6,300,4597700,"B"
"DGW","14:25:02",54.9,2.6,300,4597400,"B"
"DGW","14:25:01",54.9,2.6,500,4597100,"B"
"DGW","14:24:59",54.9,2.6,100,4596600,"B"
"DGW","14:24:58",54.9,2.6,400,4596500,"B"
"DGW","14:24:43",54.9,2.6,600,4596100,"B"
"DGW","14:24:40",54.9,2.6,1000,4595500,"B"
"DGW","14:24:38",54.9,2.6,8500,4594500,"S"
"DGW","14:24:31",54.9,2.6,900,4586000,"S"
"DGW","14:24:27",54.9,2.6,100,4585100,"S"
"DGW","14:24:19",54.9,2.6,500,4585000,"S"
"DGW","14:24:18",54.8,2.5,2000,4584500,"B"
"DGW","14:24:16",54.9,2.6,500,4582500,"S"
"DGW","14:24:14",54.9,2.6,2200,4582000,"S"
"DGW","14:24:12",54.9,2.6,500,4579800,"S"
"DGW","14:24:11",54.9,2.6,500,4579300,"S"
"DGW","14:24:03",54.9,2.6,1900,4578800,"B"
"DGW","14:24:02",55,2.7,100,4576900,"S"
"DGW","14:23:57",55,2.7,10000,4576800,"S"
"DGW","14:23:56",54.9,2.6,100,4566800,"B"
"DGW","14:23:53",54.9,2.6,1000,4566700,"B"
"DGW","14:23:52",54.9,2.6,5000,4565700,"B"
"DGW","14:23:47",54.9,2.6,7700,4560700,"B"
"DGW","14:23:42",54.9,2.6,2000,4553000,"B"
"DGW","14:23:41",54.9,2.6,300,4551000,"B"
"DGW","14:23:37",54.9,2.6,5000,4550700,"B"
"DGW","14:23:29",54.9,2.6,2000,4545700,"B"
"DGW","14:23:10",54.9,2.6,200,4543700,"B"
"DGW","14:23:05",54.9,2.6,100,4543500,"B"
"DGW","14:22:55",54.9,2.6,300,4543400,"B"
"DGW","14:22:38",54.9,2.6,1300,4543100,"B"
"DGW","14:22:35",55,2.7,1000,4541800,"S"
"DGW","14:22:28",55,2.7,100,4540800,"S"
"DGW","14:22:22",55,2.7,100,4540700,"S"
"DGW","14:22:21",54.9,2.6,200,4540600,"B"
"DGW","14:22:10",55,2.7,100,4540400,"S"
"DGW","14:22:01",54.9,2.6,1000,4540300,"B"
"DGW","14:21:55",54.9,2.6,200,4539300,"B"
"DGW","14:21:51",54.9,2.6,100,4539100,"B"
"DGW","14:21:39",54.9,2.6,400,4539000,"B"
"DGW","14:21:34",54.9,2.6,200,4538600,"B"
"DGW","14:21:16",54.9,2.6,100,4538400,"B"
"DGW","14:21:15",55,2.7,1000,4538300,"S"
"DGW","14:21:06",54.9,2.6,400,4537300,"B"
"DGW","14:20:53",54.9,2.6,600,4536900,"B"
"DGW","14:20:48",54.9,2.6,300,4536300,"B"
"DGW","14:20:41",54.9,2.6,400,4536000,"B"
"DGW","14:20:32",55,2.7,300,4535600,"S"
"DGW","14:20:28",54.9,2.6,800,4535300,"B"
"DGW","14:20:22",55,2.7,1000,4534500,"S"
"DGW","14:20:17",55,2.7,100,4533500,"S"
"DGW","14:20:16",55,2.7,500,4533400,"S"
"DGW","14:20:15",55,2.7,500,4532900,"S"
"DGW","14:20:12",55,2.7,1000,4532400,"S"
"DGW","14:19:55",55,2.7,100,4531400,"S"
"DGW","14:19:53",55,2.7,100,4531300,"S"
"DGW","14:19:52",55,2.7,6000,4531200,"S"
"DGW","14:19:45",55,2.7,100,4525200,"S"
"DGW","14:19:43",55,2.7,3000,4525100,"S"
"DGW","14:19:34",55,2.7,4300,4522100,"B"
"DGW","14:19:31",55,2.7,7500,4517800,"B"
"DGW","14:19:27",55,2.7,1000,4510300,"B"
"DGW","14:19:26",55,2.7,2000,4509300,"B"
"DGW","14:19:21",55,2.7,5000,4507300,"B"
"DGW","14:19:20",55,2.7,200,4502300,"B"
"DGW","14:19:19",55,2.7,2000,4502100,"B"
"DGW","14:19:03",55,2.7,2100,4500100,"S"
"DGW","14:18:57",55,2.7,600,4498000,"S"
"DGW","14:18:56",55,2.7,8500,4497400,"S"
"DGW","14:18:54",55,2.7,500,4488900,"S"
"DGW","14:18:53",55,2.7,1000,4488400,"S"
"DGW","14:18:51",55,2.7,20000,4487400,"S"
"DGW","14:18:50",55,2.7,300,4467400,"S"
"DGW","14:18:35",55,2.7,2700,4467100,"S"
"DGW","14:18:34",54.9,2.6,1000,4464400,"B"
"DGW","14:18:23",55,2.7,200,4463400,"S"
"DGW","14:18:16",55,2.7,700,4463200,"S"
"DGW","14:18:14",54.9,2.6,200,4462500,"B"
"DGW","14:18:13",55,2.7,500,4462300,"S"
"DGW","14:18:12",54.9,2.6,1000,4461800,"B"
"DGW","14:18:04",55,2.7,20000,4460800,"S"
"DGW","14:17:53",55,2.7,700,4440800,"S"
"DGW","14:17:03",55,2.7,500,4440100,"S"
"DGW","14:16:41",55,2.7,100,4439600,"S"
"DGW","14:16:34",54.9,2.6,100,4439500,"B"
"DGW","14:16:33",54.9,2.6,100,4439400,"B"
"DGW","14:16:31",55,2.7,200,4439300,"S"
"DGW","14:16:27",55,2.7,200,4439100,"S"
"DGW","14:16:26",55,2.7,100,4438900,"S"
"DGW","14:16:25",55,2.7,1000,4438800,"S"
"DGW","14:16:25",54.9,2.6,500,4437800,"B"
"DGW","14:16:21",54.9,2.6,100,4437300,"B"
"DGW","14:16:20",55,2.7,500,4437200,"S"
"DGW","14:16:00",55,2.7,1000,4436700,"S"
"DGW","14:15:58",55,2.7,1500,4435700,"B"
"DGW","14:15:56",55,2.7,1000,4434200,"B"
"DGW","14:15:56",55,2.7,600,4433200,"B"
"DGW","14:15:55",55.1,2.8,200,4432600,"S"
"DGW","14:15:55",55,2.7,100,4432400,"B"
"DGW","14:15:54",55,2.7,5000,4432300,"B"
"DGW","14:15:52",55,2.7,3000,4427300,"B"
"DGW","14:15:49",55,2.7,600,4424300,"B"
"DGW","14:15:47",55,2.7,10600,4423700,"B"
"DGW","14:15:44",55,2.7,2000,4413100,"B"
"DGW","14:15:39",55,2.7,2000,4411100,"B"
"DGW","14:15:34",55,2.7,700,4409100,"B"
"DGW","14:15:28",55,2.7,1500,4408400,"B"
"DGW","14:15:26",55,2.7,200,4406900,"B"
"DGW","14:15:26",55,2.7,100,4406700,"B"
"DGW","14:15:24",55,2.7,13800,4406600,"B"
"DGW","14:15:08",55,2.7,600,4392800,"B"
"DGW","14:15:01",55,2.7,200,4392200,"B"
"DGW","14:14:47",55,2.7,1000,4392000,"B"
"DGW","14:14:47",55.1,2.8,1100,4391000,"B"
"DGW","14:14:45",55.1,2.8,200,4389900,"B"
"DGW","14:14:44",55.1,2.8,2000,4389700,"B"
"DGW","14:14:43",55.1,2.8,1000,4387700,"B"
"DGW","14:14:43",55.1,2.8,1000,4386700,"B"
"DGW","14:14:40",55.1,2.8,500,4385700,"B"
"DGW","14:14:37",55.1,2.8,3000,4385200,"B"
"DGW","14:14:33",55.1,2.8,1000,4382200,"B"
"DGW","14:14:30",55.1,2.8,500,4381200,"B"
"DGW","14:14:28",55.1,2.8,300,4380700,"B"
"DGW","14:14:26",55.1,2.8,2100,4380400,"B"
"DGW","14:14:23",55.1,2.8,2000,4378300,"B"
"DGW","14:14:22",55.1,2.8,100,4376300,"B"
"DGW","14:14:22",55.2,2.9,800,4376200,"S"
"DGW","14:14:21",55.1,2.8,1500,4375400,"B"
"DGW","14:14:18",55.1,2.8,2000,4373900,"B"
"DGW","14:14:17",55.2,2.9,1000,4371900,"S"
"DGW","14:14:13",55.1,2.8,1000,4370900,"B"
"DGW","14:14:07",55.1,2.8,200,4369900,"B"
"DGW","14:14:06",55.1,2.8,100,4369700,"B"
"DGW","14:14:05",55.1,2.8,2000,4369600,"B"
"DGW","14:14:04",55.1,2.8,2000,4367600,"B"
"DGW","14:13:59",55.1,2.8,100,4365600,"B"
"DGW","14:13:54",55.1,2.8,500,4365500,"B"
"DGW","14:13:52",55.1,2.8,5000,4365000,"B"
"DGW","14:13:47",55.1,2.8,100,4360000,"B"
"DGW","14:13:43",55.1,2.8,4700,4359900,"B"
"DGW","14:13:41",55.1,2.8,2000,4355200,"B"
"DGW","14:13:39",55.2,2.9,100,4353200,"S"
"DGW","14:13:39",55.1,2.8,300,4353100,"B"
"DGW","14:13:35",55.1,2.8,1000,4352800,"B"
"DGW","14:13:29",55.1,2.8,800,4351800,"B"
"DGW","14:13:27",55.1,2.8,2000,4351000,"B"
"DGW","14:13:27",55.1,2.8,100,4349000,"B"
"DGW","14:13:14",55.1,2.8,3000,4348900,"B"
"DGW","14:13:13",55.1,2.8,2000,4345900,"B"
"DGW","14:13:08",55.1,2.8,200,4343900,"B"
"DGW","14:13:00",55.1,2.8,300,4343700,"B"
"DGW","14:12:48",55.1,2.8,100,4343400,"B"
"DGW","14:12:41",55.1,2.8,1000,4343300,"B"
"DGW","14:12:40",55.1,2.8,500,4342300,"B"
"DGW","14:12:38",55.1,2.8,200,4341800,"B"
"DGW","14:12:36",55.1,2.8,100,4341600,"B"
"DGW","14:12:24",55.1,2.8,600,4341500,"B"
"DGW","14:12:11",55.1,2.8,400,4340900,"B"
"DGW","14:12:06",55.1,2.8,1000,4340500,"B"
"DGW","14:12:00",55.1,2.8,2000,4339500,"B"
"DGW","14:11:54",55.2,2.9,1000,4337500,"S"
"DGW","14:11:47",55.1,2.8,200,4336500,"B"
"DGW","14:11:35",55.2,2.9,100,4336300,"S"
"DGW","14:11:25",55.2,2.9,2000,4336200,"S"
"DGW","14:11:14",55.2,2.9,100,4334200,"S"
"DGW","14:11:10",55.2,2.9,100,4334100,"B"
"DGW","14:11:08",55.2,2.9,300,4334000,"B"
"DGW","14:11:07",55.2,2.9,1200,4333700,"B"
"DGW","14:11:04",55.3,3,100,4332500,"S"
"DGW","14:11:04",55.2,2.9,200,4332400,"S"
"DGW","14:11:02",55.2,2.9,200,4332200,"B"
"DGW","14:11:01",55.2,2.9,200,4332000,"B"
"DGW","14:11:00",55.2,2.9,500,4331800,"B"
"DGW","14:10:58",55.2,2.9,200,4331300,"B"
"DGW","14:10:53",55.2,2.9,100,4331100,"B"
"DGW","14:10:52",55.2,2.9,1000,4331000,"B"
"DGW","14:10:50",55.3,3,100,4330000,"S"
"DGW","14:10:49",55.2,2.9,2000,4329900,"B"
"DGW","14:10:46",55.2,2.9,3000,4327900,"B"
"DGW","14:10:41",55.2,2.9,100,4324900,"B"
"DGW","14:10:40",55.2,2.9,1000,4324800,"B"
"DGW","14:10:35",55.2,2.9,500,4323800,"B"
"DGW","14:10:28",55.2,2.9,200,4323300,"B"
"DGW","14:10:27",55.2,2.9,600,4323100,"B"
"DGW","14:10:26",55.2,2.9,500,4322500,"B"
"DGW","14:10:25",55.2,2.9,3100,4322000,"B"
"DGW","14:10:21",55.2,2.9,1000,4318900,"B"
"DGW","14:10:21",55.2,2.9,3000,4317900,"B"
"DGW","14:10:20",55.2,2.9,100,4314900,"B"
"DGW","14:10:18",55.2,2.9,2000,4314800,"B"
"DGW","14:10:15",55.3,3,100,4312800,"S"
"DGW","14:10:14",55.2,2.9,300,4312700,"B"
"DGW","14:10:12",55.2,2.9,1000,4312400,"B"
"DGW","14:10:11",55.2,2.9,1200,4311400,"B"
"DGW","14:10:00",55.2,2.9,300,4310200,"B"
"DGW","14:09:59",55.2,2.9,1000,4309900,"B"
"DGW","14:09:57",55.2,2.9,10000,4308900,"B"
"DGW","14:09:46",55.2,2.9,500,4298900,"B"
"DGW","14:09:45",55.2,2.9,600,4298400,"B"
"DGW","14:09:35",55.2,2.9,3000,4297800,"B"
"DGW","14:09:28",55.2,2.9,400,4294800,"B"
"DGW","14:09:05",55.2,2.9,100,4294400,"B"
"DGW","14:09:04",55.2,2.9,300,4294300,"B"
"DGW","14:09:02",55.3,3,1000,4294000,"S"
"DGW","14:08:56",55.2,2.9,1100,4293000,"B"
"DGW","14:08:51",55.2,2.9,300,4291900,"B"
"DGW","14:08:46",55.2,2.9,500,4291600,"B"
"DGW","14:08:45",55.2,2.9,800,4291100,"B"
"DGW","14:08:39",55.2,2.9,100,4290300,"S"
"DGW","14:08:37",55.2,2.9,900,4290200,"B"
"DGW","14:08:35",55.3,3,300,4289300,"S"
"DGW","14:08:33",55.2,2.9,200,4289000,"B"
"DGW","14:08:25",55.2,2.9,100,4288800,"B"
"DGW","14:08:23",55.3,3,500,4288700,"S"
"DGW","14:08:21",55.2,2.9,500,4288200,"B"
"DGW","14:08:19",55.2,2.9,500,4287700,"B"
"DGW","14:08:18",55.2,2.9,26400,4287200,"B"
"DGW","14:08:03",55.2,2.9,3000,4260800,"B"
"DGW","14:08:01",55.2,2.9,100,4257800,"B"
"DGW","14:07:58",55.2,2.9,100,4257700,"B"
"DGW","14:07:46",55.2,2.9,500,4257600,"B"
"DGW","14:07:38",55.2,2.9,1000,4257000,"B"
"DGW","14:07:35",55.2,2.9,100,4256000,"B"
"DGW","14:07:19",55.2,2.9,300,4255900,"B"
"DGW","14:07:14",55.2,2.9,400,4255600,"B"
"DGW","14:07:07",55.2,2.9,100,4255200,"B"
"DGW","14:07:06",55.2,2.9,200,4255100,"B"
"DGW","14:07:00",55.2,2.9,100,4254900,"B"
"DGW","14:06:59",55.2,2.9,500,4254800,"B"
"DGW","14:06:56",55.2,2.9,400,4254300,"B"
"DGW","14:06:53",55.2,2.9,100,4253900,"B"
"DGW","14:06:47",55.2,2.9,100,4253800,"B"
"DGW","14:06:47",55.2,2.9,100,4253700,"B"
"DGW","14:06:46",55.2,2.9,500,4253600,"B"
"DGW","14:06:41",55.2,2.9,500,4253100,"B"
"DGW","14:06:38",55.2,2.9,700,4252600,"B"
"DGW","14:06:32",55.2,2.9,100,4251900,"B"
"DGW","14:06:30",55.2,2.9,200,4251800,"B"
"DGW","14:06:28",55.2,2.9,2200,4251600,"B"
"DGW","14:06:26",55.2,2.9,200,4249400,"B"
"DGW","14:06:26",55.2,2.9,5000,4249200,"B"
"DGW","14:06:15",55.2,2.9,9000,4244200,"B"
"DGW","14:06:12",55.2,2.9,1100,4235200,"B"
"DGW","14:06:10",55.2,2.9,200,4234100,"B"
"DGW","14:06:05",55.2,2.9,500,4233900,"B"
"DGW","14:06:01",55.2,2.9,600,4233400,"B"
"DGW","14:05:56",55.2,2.9,1300,4232800,"B"
"DGW","14:05:52",55.2,2.9,300,4231500,"B"
"DGW","14:05:47",55.2,2.9,1500,4231200,"S"
"DGW","14:05:44",55.2,2.9,10000,4229700,"S"
"DGW","14:05:42",55.2,2.9,300,4219700,"S"
"DGW","14:05:39",55.2,2.9,3000,4219400,"S"
"DGW","14:05:33",55.2,2.9,700,4216400,"S"
"DGW","14:05:30",55.2,2.9,3100,4215700,"S"
"DGW","14:05:29",55.2,2.9,10000,4212600,"S"
"DGW","14:05:25",55.2,2.9,100,4202600,"S"
"DGW","14:05:23",55.2,2.9,3100,4202500,"S"
"DGW","14:05:22",55.2,2.9,100,4199400,"S"
"DGW","14:05:19",55.2,2.9,1900,4199300,"S"
"DGW","14:05:16",55.2,2.9,500,4197400,"S"
"DGW","14:05:13",55.2,2.9,1000,4196900,"S"
"DGW","14:04:57",55.2,2.9,4600,4195900,"S"
"DGW","14:04:53",55.1,2.8,100,4191300,"B"
"DGW","14:04:40",55.1,2.8,1000,4191200,"B"
"DGW","14:04:39",55.2,2.9,6200,4190200,"S"
"DGW","14:04:26",55.1,2.8,100,4184000,"B"
"DGW","14:04:21",55.2,2.9,200,4183900,"S"
"DGW","14:04:19",55.2,2.9,200,4183700,"S"
"DGW","14:04:13",55.2,2.9,200,4183500,"S"
"DGW","14:04:03",55.2,2.9,400,4183300,"S"
"DGW","14:04:02",55.1,2.8,300,4182900,"B"
"DGW","14:03:56",55.1,2.8,300,4182600,"B"
"DGW","14:03:55",55.2,2.9,100,4182300,"S"
"DGW","14:03:50",55.2,2.9,100,4182200,"S"
"DGW","14:03:49",55.1,2.8,500,4182100,"B"
"DGW","14:03:48",55.2,2.9,800,4181600,"S"
"DGW","14:03:38",55.2,2.9,200,4180800,"S"
"DGW","14:03:38",55.1,2.8,100,4180600,"B"
"DGW","14:03:34",55.2,2.9,2000,4180500,"S"
"DGW","14:03:30",55.2,2.9,1000,4178500,"S"
"DGW","14:03:25",55.1,2.8,300,4177500,"B"
"DGW","14:03:20",55.2,2.9,1000,4177200,"S"
"DGW","14:03:12",55.1,2.8,100,4176200,"B"
"DGW","14:03:10",55.2,2.9,200,4176100,"S"
"DGW","14:02:59",55.1,2.8,400,4175900,"B"
"DGW","14:02:56",55.1,2.8,500,4174700,"B"
"DGW","14:02:48",55.2,2.9,500,4174200,"S"
"DGW","14:02:43",55.2,2.9,2000,4173700,"S"
"DGW","14:02:40",55.2,2.9,300,4171700,"S"
"DGW","14:02:27",55.1,2.8,500,4171400,"B"
"DGW","14:02:22",55.1,2.8,800,4170900,"B"
"DGW","14:02:19",55.2,2.9,3000,4170100,"S"
"DGW","14:02:15",55.2,2.9,600,4167100,"S"
"DGW","14:02:12",55.1,2.8,500,4166500,"B"
"DGW","14:02:10",55.2,2.9,1000,4166000,"S"
"DGW","14:02:03",55.2,2.9,3600,4165000,"S"
"DGW","14:02:03",55.1,2.8,200,4161400,"B"
"DGW","14:02:02",55.1,2.8,500,4161200,"B"
"DGW","14:01:55",55.1,2.8,300,4160700,"S"
"DGW","14:01:53",55.1,2.8,4000,4160400,"S"
"DGW","14:01:52",55.1,2.8,3600,4156400,"S"
"DGW","14:01:50",55.1,2.8,3300,4152800,"S"
"DGW","14:01:48",55.1,2.8,11000,4149500,"S"
"DGW","14:01:47",55,2.7,500,4138500,"B"
"DGW","14:01:46",55,2.7,100,4138000,"B"
"DGW","14:01:45",55.1,2.8,100,4137900,"S"
"DGW","14:01:43",55.1,2.8,100,4137800,"S"
"DGW","14:01:41",55.1,2.8,3200,4137700,"S"
"DGW","14:01:31",55.1,2.8,1000,4134500,"S"
"DGW","14:01:31",55,2.7,1200,4133500,"B"
"DGW","14:01:26",55,2.7,4500,4132300,"S"
"DGW","14:01:25",55,2.7,7000,4127800,"S"
"DGW","14:01:24",55,2.7,8400,4120800,"S"
"DGW","14:01:23",55,2.7,100000,4112400,"S"
"DGW","14:01:16",55,2.7,500,4012400,"S"
"DGW","14:01:11",55,2.7,400,4011900,"S"
"DGW","14:01:09",54.9,2.6,500,4011500,"B"
"DGW","14:00:59",54.9,2.6,1000,4011000,"B"
"DGW","14:00:52",55,2.7,2800,4010000,"S"
"DGW","14:00:51",55,2.7,2000,4007200,"S"
"DGW","14:00:48",55,2.7,10000,4005200,"S"
"DGW","14:00:44",55,2.7,4600,3995200,"S"
"DGW","14:00:38",55,2.7,1100,3990600,"S"
"DGW","14:00:34",55,2.7,600,3989500,"S"
"DGW","14:00:31",55,2.7,1000,3988900,"S"
"DGW","14:00:30",55,2.7,3000,3987900,"S"
"DGW","14:00:26",55,2.7,500,3984900,"S"
"DGW","14:00:12",55,2.7,100,3984400,"S"
"DGW","14:00:07",55,2.7,4000,3984300,"S"
"DGW","14:00:03",55,2.7,300,3980300,"S"
"DGW","13:59:45",55,2.7,1800,3980000,"S"
"DGW","13:59:42",55,2.7,100,3978200,"S"
"DGW","13:59:37",54.9,2.6,400,3978100,"B"
"DGW","13:59:33",54.9,2.6,1000,3977700,"B"
"DGW","13:59:26",54.9,2.6,100,3976700,"B"
"DGW","13:59:21",54.9,2.6,500,3976600,"B"
"DGW","13:59:15",54.9,2.6,500,3976100,"B"
"DGW","13:59:14",54.9,2.6,500,3975600,"B"
"DGW","13:59:09",54.9,2.6,1000,3975100,"B"
"DGW","13:58:59",54.9,2.6,1000,3974100,"B"
"DGW","13:58:57",54.9,2.6,5000,3973100,"B"
"DGW","13:58:50",54.9,2.6,4600,3968100,"S"
"DGW","13:58:48",54.9,2.6,1000,3963500,"S"
"DGW","13:58:35",54.9,2.6,30000,3962500,"S"
"DGW","13:58:19",54.8,2.5,600,3932500,"B"
"DGW","13:58:19",54.9,2.6,30000,3931900,"S"
"DGW","13:58:15",54.8,2.5,1000,3901900,"B"
"DGW","13:57:59",54.8,2.5,500,3900900,"B"
"DGW","13:57:44",54.8,2.5,1000,3900400,"B"
"DGW","13:57:34",54.9,2.6,100,3899400,"S"
"DGW","13:57:28",54.8,2.5,1000,3899300,"B"
"DGW","13:57:25",54.8,2.5,500,3898300,"B"
"DGW","13:57:10",54.8,2.5,700,3897800,"B"
"DGW","13:57:05",54.9,2.6,100,3897100,"S"
"DGW","13:57:05",54.8,2.5,700,3897000,"B"
"DGW","13:57:03",54.8,2.5,500,3896300,"B"
"DGW","13:57:02",54.8,2.5,900,3895800,"B"
"DGW","13:57:02",54.8,2.5,4100,3894900,"B"
"DGW","13:56:57",54.8,2.5,200,3890800,"B"
"DGW","13:56:53",54.8,2.5,500,3890600,"B"
"DGW","13:56:45",54.8,2.5,2300,3890100,"B"
"DGW","13:56:23",54.8,2.5,10000,3887800,"B"
"DGW","13:56:17",54.9,2.6,100,3877800,"S"
"DGW","13:56:01",54.9,2.6,1300,3877700,"S"
"DGW","13:55:38",54.9,2.6,10000,3876400,"S"
"DGW","13:55:37",54.8,2.5,200,3866400,"B"
"DGW","13:55:32",54.9,2.6,500,3866200,"S"
"DGW","13:55:31",54.9,2.6,4500,3865700,"S"
"DGW","13:55:27",54.8,2.5,100,3861200,"B"
"DGW","13:54:47",54.9,2.6,2000,3861100,"S"
"DGW","13:54:47",54.8,2.5,100,3859100,"B"
"DGW","13:54:45",54.8,2.5,500,3859000,"B"
"DGW","13:54:42",54.8,2.5,500,3858500,"B"
"DGW","13:54:41",54.8,2.5,800,3858000,"B"
"DGW","13:54:36",54.8,2.5,1000,3857200,"B"
"DGW","13:54:32",54.8,2.5,100,3856200,"B"
"DGW","13:54:19",54.8,2.5,2000,3856100,"B"
"DGW","13:54:14",54.9,2.6,300,3854100,"S"
"DGW","13:54:09",54.8,2.5,100,3853800,"B"
"DGW","13:54:06",54.8,2.5,1000,3853700,"B"
"DGW","13:53:54",54.8,2.5,500,3852700,"B"
"DGW","13:53:53",54.9,2.6,500,3852200,"S"
"DGW","13:53:46",54.8,2.5,500,3851700,"B"
"DGW","13:53:21",54.8,2.5,2000,3851200,"B"
"DGW","13:53:19",54.9,2.6,1000,3849200,"S"
"DGW","13:53:18",54.9,2.6,500,3848200,"S"
"DGW","13:53:15",54.9,2.6,100,3847700,"S"
"DGW","13:53:06",54.9,2.6,3000,3847600,"S"
"DGW","13:52:53",54.9,2.6,100,3844600,"S"
"DGW","13:52:36",54.9,2.6,2300,3844500,"B"
"DGW","13:52:33",54.9,2.6,300,3842200,"B"
"DGW","13:52:32",54.9,2.6,100,3841900,"B"
"DGW","13:52:28",54.9,2.6,100,3841800,"B"
"DGW","13:52:27",55,2.7,7600,3841700,"S"
"DGW","13:52:26",54.9,2.6,200,3834100,"B"
"DGW","13:52:19",54.9,2.6,400,3833900,"B"
"DGW","13:52:18",55,2.7,400,3833500,"S"
"DGW","13:52:17",54.9,2.6,4500,3833100,"B"
"DGW","13:52:09",54.9,2.6,200,3828600,"B"
"DGW","13:52:01",55,2.7,100,3828400,"S"
"DGW","13:52:00",54.9,2.6,2000,3828300,"B"
"DGW","13:51:57",54.9,2.6,7000,3826300,"B"
"DGW","13:51:50",55,2.7,100,3819300,"S"
"DGW","13:51:27",55,2.7,1200,3819200,"S"
"DGW","13:51:25",55,2.7,4000,3818000,"B"
"DGW","13:51:23",55,2.7,1900,3814000,"S"
"DGW","13:51:22",54.9,2.6,100,3812100,"B"
"DGW","13:51:21",55,2.7,1000,3812000,"S"
"DGW","13:51:19",55,2.7,100,3811000,"S"
"DGW","13:51:17",55,2.7,3800,3810900,"S"
"DGW","13:51:15",55,2.7,8000,3807100,"S"
"DGW","13:51:13",55,2.7,10000,3799100,"S"
"DGW","13:51:10",54.9,2.6,800,3789100,"B"
"DGW","13:51:04",55,2.7,200,3788300,"S"
"DGW","13:50:53",55,2.7,400,3788100,"S"
"DGW","13:50:52",55,2.7,3800,3787700,"S"
"DGW","13:50:43",55,2.7,1800,3783900,"S"
"DGW","13:50:37",55,2.7,11500,3782100,"S"
"DGW","13:50:31",55,2.7,100,3770600,"S"
"DGW","13:50:21",55,2.7,600,3770500,"S"
"DGW","13:50:19",55,2.7,20000,3769900,"S"
"DGW","13:50:17",54.9,2.6,1200,3749900,"B"
"DGW","13:50:14",54.9,2.6,200,3748700,"B"
"DGW","13:50:12",55,2.7,100,3748500,"S"
"DGW","13:50:07",55,2.7,600,3748400,"S"
"DGW","13:49:56",55,2.7,300,3747800,"S"
"DGW","13:49:55",55,2.7,800,3747500,"S"
"DGW","13:49:51",54.9,2.6,1000,3746700,"B"
"DGW","13:49:50",54.9,2.6,3500,3745700,"B"
"DGW","13:49:46",55,2.7,100,3742200,"S"
"DGW","13:49:35",55,2.7,100,3742100,"S"
"DGW","13:49:34",55,2.7,300,3742000,"S"
"DGW","13:49:27",55,2.7,200,3741700,"S"
"DGW","13:49:22",55,2.7,5000,3741500,"S"
"DGW","13:49:18",54.9,2.6,300,3736500,"B"
"DGW","13:49:17",55,2.7,600,3736200,"S"
"DGW","13:49:11",54.9,2.6,500,3735600,"B"
"DGW","13:49:00",55,2.7,200,3735100,"S"
"DGW","13:48:50",54.9,2.6,1000,3734900,"B"
"DGW","13:48:48",55,2.7,7300,3733900,"S"
"DGW","13:48:41",55,2.7,10000,3726600,"S"
"DGW","13:48:38",55,2.7,100,3716600,"S"
"DGW","13:48:35",55,2.7,100,3716500,"S"
"DGW","13:48:34",54.9,2.6,1000,3716400,"B"
"DGW","13:48:28",54.9,2.6,100,3715400,"B"
"DGW","13:48:26",54.9,2.6,200,3715300,"B"
"DGW","13:48:25",54.9,2.6,100,3715100,"B"
"DGW","13:48:19",54.9,2.6,200,3715000,"B"
"DGW","13:48:09",54.9,2.6,1000,3714800,"B"
"DGW","13:48:08",55,2.7,1500,3713800,"S"
"DGW","13:48:07",54.9,2.6,800,3712300,"S"
"DGW","13:48:07",54.9,2.6,300,3711500,"S"
"DGW","13:48:01",54.9,2.6,7000,3711200,"S"
"DGW","13:47:58",54.8,2.5,6000,3704200,"B"
"DGW","13:47:44",54.8,2.5,200,3698200,"B"
"DGW","13:47:39",54.8,2.5,3500,3698000,"S"
"DGW","13:47:17",54.8,2.5,1000,3694500,"B"
"DGW","13:47:15",54.8,2.5,500,3693500,"B"
"DGW","13:47:08",54.8,2.5,400,3693000,"B"
"DGW","13:47:04",54.8,2.5,100,3692600,"B"
"DGW","13:47:03",54.8,2.5,1000,3692500,"B"
"DGW","13:47:02",54.8,2.5,200,3691500,"B"
"DGW","13:47:00",54.8,2.5,1000,3691300,"B"
"DGW","13:46:59",54.8,2.5,200,3690300,"B"
"DGW","13:46:58",54.8,2.5,200,3690100,"B"
"DGW","13:46:57",54.8,2.5,8200,3689900,"S"
"DGW","13:46:55",54.8,2.5,2000,3681700,"S"
"DGW","13:46:54",54.8,2.5,200,3679700,"S"
"DGW","13:46:52",54.8,2.5,700,3679500,"S"
"DGW","13:46:45",54.8,2.5,100,3678800,"S"
"DGW","13:46:41",54.8,2.5,700,3678700,"S"
"DGW","13:46:36",54.8,2.5,3200,3678000,"B"
"DGW","13:46:30",54.9,2.6,2800,3674800,"S"
"DGW","13:46:24",54.9,2.6,1000,3672000,"S"
"DGW","13:46:22",54.9,2.6,1000,3671000,"S"
"DGW","13:46:17",54.9,2.6,100,3670000,"S"
"DGW","13:46:08",54.9,2.6,300,3669900,"S"
"DGW","13:46:01",54.9,2.6,300,3669600,"S"
"DGW","13:46:01",54.9,2.6,100,3669300,"S"
"DGW","13:45:59",54.9,2.6,500,3669200,"S"
"DGW","13:45:58",54.9,2.6,2000,3668700,"S"
"DGW","13:45:57",54.9,2.6,500,3666700,"S"
"DGW","13:45:55",54.9,2.6,300,3666200,"B"
"DGW","13:45:51",54.9,2.6,100,3665900,"B"
"DGW","13:45:50",55,2.7,700,3665800,"S"
"DGW","13:45:50",54.9,2.6,600,3665100,"S"
"DGW","13:45:49",54.9,2.6,300,3664500,"S"
"DGW","13:45:49",54.9,2.6,600,3664200,"B"
"DGW","13:45:48",55,2.7,500,3663600,"S"
"DGW","13:45:47",54.9,2.6,1000,3663100,"B"
"DGW","13:45:41",55,2.7,300,3662100,"S"
"DGW","13:45:39",55,2.7,6000,3661800,"S"
"DGW","13:45:35",55,2.7,4800,3655800,"S"
"DGW","13:45:34",55,2.7,100,3651000,"S"
"DGW","13:45:29",55,2.7,8100,3650900,"B"
"DGW","13:45:27",55.1,2.8,1000,3642800,"S"
"DGW","13:45:26",55,2.7,100,3641800,"B"
"DGW","13:45:23",55.1,2.8,1000,3641700,"S"
"DGW","13:45:23",55,2.7,35800,3640700,"B"
"DGW","13:45:18",55,2.7,500,3604900,"B"
"DGW","13:45:16",55.1,2.8,2000,3604400,"S"
"DGW","13:45:07",55,2.7,2000,3602400,"B"
"DGW","13:45:03",55.1,2.8,1000,3600400,"S"
"DGW","13:44:49",55,2.7,1000,3599400,"B"
"DGW","13:44:48",55.1,2.8,1000,3598400,"S"
"DGW","13:44:48",55.1,2.8,1500,3597400,"S"
"DGW","13:44:41",55.1,2.8,2500,3595900,"S"
"DGW","13:44:41",55,2.7,500,3593400,"B"
"DGW","13:44:39",55.1,2.8,1000,3592900,"S"
"DGW","13:44:33",55.1,2.8,2300,3591900,"S"
"DGW","13:44:32",55,2.7,200,3589600,"B"
"DGW","13:44:28",55.1,2.8,500,3589400,"S"
"DGW","13:44:26",55,2.7,500,3588900,"B"
"DGW","13:44:20",55,2.7,100,3588400,"B"
"DGW","13:44:18",55.1,2.8,5000,3588300,"S"
"DGW","13:44:16",55.1,2.8,2000,3583300,"S"
"DGW","13:44:15",55.1,2.8,200,3581300,"S"
"DGW","13:44:15",55.1,2.8,100,3581100,"S"
"DGW","13:44:13",55,2.7,1500,3581000,"B"
"DGW","13:43:57",55.1,2.8,1700,3579500,"B"
"DGW","13:43:55",55.1,2.8,600,3577800,"B"
"DGW","13:43:52",55.2,2.9,100,3577200,"S"
"DGW","13:43:46",55.1,2.8,1100,3577100,"B"
"DGW","13:43:44",55.1,2.8,100,3576000,"B"
"DGW","13:43:43",55.1,2.8,1100,3575900,"S"
"DGW","13:43:41",55.1,2.8,300,3574800,"S"
"DGW","13:43:40",55.1,2.8,900,3574500,"B"
"DGW","13:43:39",55.1,2.8,1600,3573600,"S"
"DGW","13:43:35",55.1,2.8,5400,3572000,"S"
"DGW","13:43:26",55.1,2.8,4600,3566600,"B"
"DGW","13:43:21",55.1,2.8,100,3562000,"B"
"DGW","13:43:20",55.1,2.8,4000,3561900,"B"
"DGW","13:43:18",55.2,2.9,20000,3557900,"S"
"DGW","13:43:15",55.2,2.9,100,3537900,"S"
"DGW","13:43:12",55.2,2.9,200,3537800,"S"
"DGW","13:43:11",55.2,2.9,200,3537600,"S"
"DGW","13:43:10",55.2,2.9,500,3537400,"S"
"DGW","13:43:08",55.2,2.9,500,3536900,"S"
"DGW","13:43:05",55.2,2.9,2500,3536400,"S"
"DGW","13:43:04",55.1,2.8,8800,3533900,"B"
"DGW","13:42:59",55.1,2.8,100,3525100,"B"
"DGW","13:42:57",55.2,2.9,100,3525000,"S"
"DGW","13:42:51",55.2,2.9,300,3524900,"S"
"DGW","13:42:45",55.2,2.9,3000,3524600,"S"
"DGW","13:42:43",55.1,2.8,2000,3521600,"B"
"DGW","13:42:35",55.2,2.9,1700,3519600,"S"
"DGW","13:42:34",55.2,2.9,200,3517900,"S"
"DGW","13:42:31",55.2,2.9,1500,3517700,"S"
"DGW","13:42:23",55.2,2.9,200,3516200,"S"
"DGW","13:42:18",55.2,2.9,600,3516000,"S"
"DGW","13:42:18",55.2,2.9,500,3515400,"S"
"DGW","13:42:15",55.2,2.9,1000,3514900,"S"
"DGW","13:42:14",55.2,2.9,4700,3513900,"B"
"DGW","13:42:14",55.3,3,200,3509200,"S"
"DGW","13:42:11",55.2,2.9,1000,3509000,"B"
"DGW","13:42:10",55.2,2.9,200,3508000,"B"
"DGW","13:42:05",55.2,2.9,100,3507700,"S"
"DGW","13:42:05",55.2,2.9,2800,3507600,"S"
"DGW","13:42:04",55.2,2.9,3500,3504800,"S"
"DGW","13:42:04",55.2,2.9,100,3501300,"S"
"DGW","13:42:01",55.2,2.9,1000,3501200,"S"
"DGW","13:42:00",55.2,2.9,300,3500200,"S"
"DGW","13:41:59",55.2,2.9,500,3499900,"S"
"DGW","13:41:57",55.2,2.9,1000,3499400,"S"
"DGW","13:41:56",55.2,2.9,2800,3498400,"S"
"DGW","13:41:54",55.2,2.9,1000,3495600,"S"
"DGW","13:41:54",55.2,2.9,700,3494600,"S"
"DGW","13:41:53",55.2,2.9,2000,3493900,"S"
"DGW","13:41:52",55.2,2.9,500,3491700,"S"
"DGW","13:41:50",55.1,2.8,100,3491200,"B"
"DGW","13:41:49",55.2,2.9,100,3491100,"S"
"DGW","13:41:48",55.2,2.9,3000,3491000,"S"
"DGW","13:41:47",55.2,2.9,200,3487700,"S"
"DGW","13:41:46",55.1,2.8,200,3487500,"B"
"DGW","13:41:45",55.2,2.9,400,3487300,"S"
"DGW","13:41:41",55.2,2.9,2000,3486900,"S"
"DGW","13:41:40",55.1,2.8,200,3484900,"B"
"DGW","13:41:40",55.2,2.9,100,3484700,"S"
"DGW","13:41:39",55.1,2.8,100,3484600,"S"
"DGW","13:41:38",55.2,2.9,500,3484300,"S"
"DGW","13:41:38",55.1,2.8,500,3483800,"S"
"DGW","13:41:37",55.1,2.8,2100,3483300,"S"
"DGW","13:41:36",55.1,2.8,3100,3481200,"S"
"DGW","13:41:35",55.1,2.8,2700,3478100,"S"
"DGW","13:41:30",55.1,2.8,3000,3475400,"S"
"DGW","13:41:29",55.1,2.8,100,3472400,"S"
"DGW","13:41:28",55,2.7,1000,3472300,"B"
"DGW","13:41:26",55,2.7,500,3471300,"B"
"DGW","13:41:24",55,2.7,400,3470800,"B"
"DGW","13:41:23",55,2.7,146000,3470400,"S"
"DGW","13:41:23",54.9,2.6,58100,3324400,"S"
"DGW","13:41:18",54.9,2.6,300,3266300,"S"
"DGW","13:41:15",54.9,2.6,100,3266000,"S"
"DGW","13:41:14",54.8,2.5,100,3265900,"B"
"DGW","13:41:14",54.9,2.6,500,3265800,"S"
"DGW","13:41:12",54.8,2.5,100,3265300,"B"
"DGW","13:41:11",54.9,2.6,1000,3265200,"S"
"DGW","13:41:10",54.9,2.6,100,3264200,"S"
"DGW","13:41:09",54.8,2.5,1100,3264100,"B"
"DGW","13:41:01",54.9,2.6,1600,3263000,"S"
"DGW","13:41:00",54.8,2.5,3500,3261400,"B"
"DGW","13:40:59",54.8,2.5,100,3257900,"B"
"DGW","13:40:59",54.9,2.6,100,3257800,"S"
"DGW","13:40:59",54.8,2.5,14000,3257700,"S"
"DGW","13:40:54",54.8,2.5,1000,3243700,"S"
"DGW","13:40:54",54.8,2.5,5200,3242700,"S"
"DGW","13:40:53",54.8,2.5,200,3237500,"S"
"DGW","13:40:52",54.8,2.5,1000,3237300,"S"
"DGW","13:40:51",54.8,2.5,300,3236300,"S"
"DGW","13:40:51",54.7,2.4,500,3236000,"B"
"DGW","13:40:49",54.7,2.4,100,3235500,"B"
"DGW","13:40:45",54.8,2.5,200,3235400,"S"
"DGW","13:40:43",54.8,2.5,700,3235200,"S"
"DGW","13:40:43",54.8,2.5,1800,3234500,"S"
"DGW","13:40:43",54.7,2.4,400,3232700,"B"
"DGW","13:40:39",54.7,2.4,100,3232300,"B"
"DGW","13:40:38",54.8,2.5,900,3232200,"S"
"DGW","13:40:34",54.8,2.5,1200,3231300,"S"
"DGW","13:40:33",54.8,2.5,4600,3230100,"S"
"DGW","13:40:29",54.8,2.5,1000,3225500,"S"
"DGW","13:40:25",54.8,2.5,200,3224500,"S"
"DGW","13:40:17",54.8,2.5,100,3224300,"S"
"DGW","13:40:16",54.8,2.5,1900,3224200,"S"
"DGW","13:40:10",54.8,2.5,100,3222300,"S"
"DGW","13:40:09",54.7,2.4,1000,3222200,"B"
"DGW","13:40:08",54.8,2.5,2000,3221200,"S"
"DGW","13:40:02",54.7,2.4,2900,3219200,"S"
"DGW","13:40:02",54.6,2.3,600,3216300,"B"
"DGW","13:40:01",54.6,2.3,5000,3215700,"B"
"DGW","13:40:01",54.7,2.4,1600,3210700,"S"
"DGW","13:39:59",54.7,2.4,10000,3209100,"S"
"DGW","13:39:58",54.6,2.3,100,3199100,"B"
"DGW","13:39:58",54.7,2.4,2000,3199000,"S"
"DGW","13:39:55",54.6,2.3,100,3197000,"B"
"DGW","13:39:52",54.6,2.3,400,3196900,"B"
"DGW","13:39:51",54.7,2.4,200,3196500,"S"
"DGW","13:39:45",54.6,2.3,100,3196300,"B"
"DGW","13:39:43",54.6,2.3,100,3196200,"B"
"DGW","13:39:42",54.7,2.4,100,3196100,"S"
"DGW","13:39:39",54.6,2.3,2800,3196000,"S"
"DGW","13:39:38",54.6,2.3,2600,3193200,"S"
"DGW","13:39:37",54.6,2.3,1300,3190600,"S"
"DGW","13:39:36",54.6,2.3,6800,3189300,"S"
"DGW","13:39:36",54.6,2.3,100,3182500,"S"
"DGW","13:39:35",54.6,2.3,8500,3182400,"S"
"DGW","13:39:34",54.6,2.3,1500,3173900,"S"
"DGW","13:39:33",54.6,2.3,1000,3172400,"S"
"DGW","13:39:30",54.6,2.3,10000,3171400,"S"
"DGW","13:39:29",54.6,2.3,1500,3161400,"S"
"DGW","13:39:27",54.6,2.3,8800,3159900,"S"
"DGW","13:39:26",54.6,2.3,100,3151100,"S"
"DGW","13:39:23",54.6,2.3,8800,3151000,"S"
"DGW","13:39:21",54.6,2.3,100,3142200,"S"
"DGW","13:39:20",54.5,2.2,200,3142100,"B"
"DGW","13:39:19",54.5,2.2,12000,3141900,"S"
"DGW","13:39:18",54.5,2.2,1100,3129900,"S"
"DGW","13:39:15",54.5,2.2,1200,3128800,"S"
"DGW","13:39:14",54.5,2.2,5000,3127600,"S"
"DGW","13:39:12",54.5,2.2,1000,3122600,"S"
"DGW","13:39:11",54.5,2.2,2500,3121600,"S"
"DGW","13:39:11",54.5,2.2,18300,3119100,"S"
"DGW","13:39:10",54.5,2.2,3800,3100800,"S"
"DGW","13:39:09",54.5,2.2,3200,3097000,"S"
"DGW","13:39:06",54.5,2.2,20000,3093800,"S"
"DGW","13:39:05",54.5,2.2,200,3073800,"S"
"DGW","13:39:04",54.5,2.2,500,3073600,"S"
"DGW","13:39:02",54.5,2.2,1100,3073100,"S"
"DGW","13:39:02",54.5,2.2,1800,3072000,"S"
"DGW","13:38:59",54.5,2.2,1000,3070100,"S"
"DGW","13:38:55",54.5,2.2,15000,3069100,"S"
"DGW","13:38:54",54.5,2.2,17600,3054100,"S"
"DGW","13:38:54",54.5,2.2,19300,3036500,"S"
"DGW","13:38:53",54.5,2.2,4600,3017200,"S"
"DGW","13:38:53",54.4,2.1,5500,3012600,"S"
"DGW","13:38:53",54.4,2.1,8200,3007100,"S"
"DGW","13:38:52",54.4,2.1,17200,2998900,"S"
"DGW","13:38:52",54.4,2.1,10300,2981700,"S"
"DGW","13:38:51",54.4,2.1,15200,2971400,"S"
"DGW","13:38:51",54.4,2.1,5300,2956200,"S"
"DGW","13:38:50",54.4,2.1,18100,2950900,"S"
"DGW","13:38:50",54.3,2,1400,2932800,"S"
"DGW","13:38:49",54.3,2,3600,2931400,"S"
"DGW","13:38:49",54.3,2,1000,2927800,"S"
"DGW","13:38:47",54.3,2,2000,2926800,"S"
"DGW","13:38:37",54.3,2,3000,2924800,"S"
"DGW","13:38:27",54.3,2,1000,2921800,"S"
"DGW","13:38:26",54.3,2,300,2920800,"S"
"DGW","13:38:25",54.3,2,600,2920500,"S"
"DGW","13:38:23",54.3,2,100,2919900,"S"
"DGW","13:38:22",54.3,2,5000,2919800,"S"
"DGW","13:38:21",54.3,2,100,2914800,"S"
"DGW","13:38:16",54.3,2,100,2914700,"S"
"DGW","13:38:15",54.3,2,1600,2914600,"S"
"DGW","13:38:11",54.3,2,5000,2913000,"S"
"DGW","13:38:02",54.3,2,500,2908000,"S"
"DGW","13:37:59",54.3,2,4200,2907500,"B"
"DGW","13:37:53",54.3,2,500,2903300,"B"
"DGW","13:37:51",54.3,2,1000,2902800,"B"
"DGW","13:37:42",54.3,2,100,2901800,"B"
"DGW","13:37:41",54.3,2,900,2901700,"B"
"DGW","13:37:32",54.3,2,300,2900800,"S"
"DGW","13:37:30",54.3,2,900,2900500,"B"
"DGW","13:37:24",54.3,2,100,2899600,"S"
"DGW","13:37:24",54.2,1.9,4400,2899500,"B"
"DGW","13:37:24",54.3,2,2600,2895100,"B"
"DGW","13:37:23",54.3,2,500,2892500,"B"
"DGW","13:37:20",54.3,2,400,2892000,"B"
"DGW","13:37:19",54.3,2,1500,2891600,"S"
"DGW","13:37:17",54.3,2,10000,2890100,"S"
"DGW","13:37:15",54.3,2,8800,2880100,"S"
"DGW","13:37:14",54.3,2,3000,2871300,"S"
"DGW","13:37:07",54.3,2,8800,2868300,"S"
"DGW","13:37:06",54.3,2,100,2859500,"S"
"DGW","13:37:00",54.2,1.9,100,2859400,"B"
"DGW","13:36:52",54.2,1.9,100,2859300,"B"
"DGW","13:36:47",54.2,1.9,100,2859200,"B"
"DGW","13:36:44",54.2,1.9,500,2859100,"B"
"DGW","13:36:43",54.3,2,500,2858600,"S"
"DGW","13:36:28",54.2,1.9,500,2858100,"B"
"DGW","13:36:20",54.2,1.9,100,2857600,"B"
"DGW","13:36:15",54.2,1.9,900,2857500,"B"
"DGW","13:36:11",54.2,1.9,100,2856600,"B"
"DGW","13:36:09",54.2,1.9,3300,2856500,"S"
"DGW","13:36:05",54.2,1.9,4000,2853200,"S"
"DGW","13:36:02",54.2,1.9,1000,2849200,"S"
"DGW","13:35:51",54.2,1.9,500,2848200,"S"
"DGW","13:35:50",54.2,1.9,1000,2847700,"S"
"DGW","13:35:47",54.2,1.9,1000,2846700,"S"
"DGW","13:35:37",54.2,1.9,2500,2845700,"S"
"DGW","13:35:36",54.2,1.9,500,2843200,"S"
"DGW","13:35:27",54.2,1.9,100,2842700,"S"
"DGW","13:35:25",54.2,1.9,100,2842600,"S"
"DGW","13:35:23",54.2,1.9,1000,2842500,"S"
"DGW","13:35:20",54.1,1.8,100,2841500,"B"
"DGW","13:35:19",54.1,1.8,1000,2841400,"B"
"DGW","13:35:16",54.2,1.9,500,2840400,"S"
"DGW","13:35:12",54.2,1.9,5000,2839900,"S"
"DGW","13:35:08",54.1,1.8,1000,2834900,"B"
"DGW","13:35:06",54.2,1.9,1100,2833900,"S"
"DGW","13:35:00",54.2,1.9,500,2832800,"S"
"DGW","13:34:57",54.2,1.9,100,2832300,"S"
"DGW","13:34:55",54.2,1.9,300,2832200,"S"
"DGW","13:34:52",54.2,1.9,400,2829500,"S"
"DGW","13:34:43",54.2,1.9,500,2829100,"S"
"DGW","13:34:38",54.2,1.9,1500,2828600,"S"
"DGW","13:34:34",54.2,1.9,25700,2827100,"B"
"DGW","13:34:29",54.3,2,200,2801400,"S"
"DGW","13:34:28",54.2,1.9,1000,2801200,"B"
"DGW","13:34:22",54.2,1.9,10000,2800200,"B"
"DGW","13:34:21",54.3,2,500,2790200,"S"
"DGW","13:34:17",54.3,2,100,2789700,"S"
"DGW","13:34:16",54.2,1.9,200,2789600,"B"
"DGW","13:34:08",54.2,1.9,500,2789400,"B"
"DGW","13:34:07",54.3,2,1300,2788900,"S"
"DGW","13:33:58",54.3,2,400,2787600,"S"
"DGW","13:33:54",54.2,1.9,500,2787200,"B"
"DGW","13:33:52",54.3,2,1000,2786700,"S"
"DGW","13:33:51",54.3,2,100,2785700,"S"
"DGW","13:33:50",54.3,2,1000,2785600,"S"
"DGW","13:33:48",54.3,2,500,2783600,"S"
"DGW","13:33:47",54.2,1.9,100,2783100,"B"
"DGW","13:33:42",54.2,1.9,100,2783000,"B"
"DGW","13:33:41",54.3,2,200,2782900,"S"
"DGW","13:33:35",54.2,1.9,100,2782700,"B"
"DGW","13:33:32",54.3,2,100,2782600,"S"
"DGW","13:33:32",54.3,2,1000,2782500,"S"
"DGW","13:33:30",54.2,1.9,200,2781500,"B"
"DGW","13:33:29",54.2,1.9,500,2781300,"B"
"DGW","13:33:28",54.2,1.9,3000,2780800,"B"
"DGW","13:33:24",54.2,1.9,600,2777800,"B"
"DGW","13:33:21",54.2,1.9,100,2777200,"B"
"DGW","13:33:17",54.3,2,2000,2777100,"S"
"DGW","13:33:12",54.2,1.9,1000,2775100,"B"
"DGW","13:33:12",54.3,2,10000,2774100,"S"
"DGW","13:33:09",54.3,2,1800,2764100,"S"
"DGW","13:33:06",54.3,2,100,2762300,"S"
"DGW","13:33:00",54.3,2,3700,2762200,"B"
"DGW","13:32:59",54.3,2,100,2758500,"B"
"DGW","13:32:58",54.3,2,4000,2758400,"B"
"DGW","13:32:57",54.3,2,100,2754400,"B"
"DGW","13:32:50",54.3,2,1000,2754300,"B"
"DGW","13:32:49",54.3,2,400,2753300,"B"
"DGW","13:32:49",54.3,2,2200,2752900,"B"
"DGW","13:32:48",54.3,2,100,2750700,"B"
"DGW","13:32:47",54.3,2,6900,2750600,"B"
"DGW","13:32:45",54.3,2,100,2743000,"B"
"DGW","13:32:44",54.3,2,5000,2742900,"B"
"DGW","13:32:43",54.3,2,1000,2737900,"B"
"DGW","13:32:40",54.3,2,200,2736900,"B"
"DGW","13:32:39",54.3,2,500,2736700,"B"
"DGW","13:32:38",54.3,2,300,2736200,"B"
"DGW","13:32:36",54.3,2,5000,2735900,"B"
"DGW","13:32:33",54.3,2,1700,2730900,"B"
"DGW","13:32:30",54.3,2,500,2729200,"B"
"DGW","13:32:29",54.3,2,500,2728700,"B"
"DGW","13:32:28",54.3,2,300,2728200,"B"
"DGW","13:32:27",54.3,2,5000,2727900,"B"
"DGW","13:32:23",54.3,2,100,2722900,"B"
"DGW","13:32:19",54.3,2,500,2722800,"B"
"DGW","13:32:10",54.3,2,200,2722300,"B"
"DGW","13:31:56",54.4,2.1,2000,2722100,"S"
"DGW","13:31:50",54.3,2,1500,2720100,"B"
"DGW","13:31:49",54.4,2.1,200,2718600,"S"
"DGW","13:31:47",54.3,2,1000,2718400,"B"
"DGW","13:31:46",54.4,2.1,200,2717400,"S"
"DGW","13:31:43",54.4,2.1,300,2717200,"S"
"DGW","13:31:41",54.4,2.1,7700,2716900,"S"
"DGW","13:31:36",54.4,2.1,500,2709200,"S"
"DGW","13:31:25",54.4,2.1,500,2708700,"S"
"DGW","13:31:13",54.4,2.1,500,2708200,"S"
"DGW","13:31:11",54.4,2.1,800,2707700,"S"
"DGW","13:31:10",54.4,2.1,1800,2706900,"S"
"DGW","13:31:07",54.4,2.1,1900,2705100,"S"
"DGW","13:31:04",54.4,2.1,3500,2703200,"S"
"DGW","13:31:02",54.4,2.1,100,2699700,"S"
"DGW","13:31:00",54.4,2.1,2000,2699600,"S"
"DGW","13:30:59",54.4,2.1,800,2697600,"S"
"DGW","13:30:58",54.4,2.1,4000,2696800,"S"
"DGW","13:30:53",54.4,2.1,300,2692800,"S"
"DGW","13:30:50",54.4,2.1,5600,2692500,"B"
"DGW","13:30:49",54.4,2.1,1800,2686900,"B"
"DGW","13:30:49",54.4,2.1,1100,2685100,"B"
"DGW","13:30:48",54.4,2.1,2700,2684000,"B"
"DGW","13:30:47",54.4,2.1,1800,2681300,"B"
"DGW","13:30:45",54.5,2.2,1000,2679500,"S"
"DGW","13:30:44",54.4,2.1,1000,2678500,"B"
"DGW","13:30:43",54.4,2.1,2200,2677500,"B"
"DGW","13:30:41",54.4,2.1,17000,2675300,"B"
"DGW","13:30:39",54.4,2.1,600,2658300,"B"
"DGW","13:30:38",54.4,2.1,100,2657700,"B"
"DGW","13:30:37",54.4,2.1,100,2657600,"B"
"DGW","13:30:34",54.5,2.2,1600,2657500,"S"
"DGW","13:30:31",54.4,2.1,1000,2655900,"B"
"DGW","13:30:29",54.5,2.2,500,2654900,"S"
"DGW","13:30:28",54.4,2.1,300,2654400,"B"
"DGW","13:30:24",54.5,2.2,1200,2654100,"S"
"DGW","13:30:22",54.4,2.1,100,2652900,"B"
"DGW","13:30:20",54.4,2.1,1000,2652800,"B"
"DGW","13:30:08",54.5,2.2,200,2651800,"S"
"DGW","13:30:08",54.4,2.1,600,2651600,"B"
"DGW","13:30:07",54.4,2.1,500,2651000,"B"
"DGW","13:30:06",54.4,2.1,700,2650500,"B"
"DGW","13:30:05",54.5,2.2,1000,2649800,"S"
"DGW","13:30:03",54.5,2.2,1000,2648800,"S"
"DGW","13:30:03",54.4,2.1,500,2647800,"B"
"DGW","13:30:01",54.5,2.2,100,2647300,"S"
"DGW","13:29:58",54.4,2.1,100,2647200,"B"
"DGW","13:29:56",54.5,2.2,100,2647100,"S"
"DGW","13:29:55",54.4,2.1,100,2647000,"B"
"DGW","13:29:54",54.4,2.1,200,2646900,"B"
"DGW","13:29:51",54.4,2.1,10200,2646700,"B"
"DGW","13:29:51",54.5,2.2,100,2636500,"S"
"DGW","13:29:50",54.5,2.2,2000,2636400,"S"
"DGW","13:29:44",54.5,2.2,100,2634400,"S"
"DGW","13:29:44",54.5,2.2,700,2634300,"S"
"DGW","13:29:37",54.4,2.1,1000,2633600,"B"
"DGW","13:29:34",54.5,2.2,100,2632600,"S"
"DGW","13:29:29",54.4,2.1,100,2632500,"B"
"DGW","13:29:28",54.5,2.2,400,2632400,"S"
"DGW","13:29:27",54.5,2.2,1000,2632000,"S"
"DGW","13:29:27",54.4,2.1,2000,2631000,"B"
"DGW","13:29:26",54.5,2.2,300,2629000,"S"
"DGW","13:29:25",54.5,2.2,200,2628700,"S"
"DGW","13:29:18",54.5,2.2,3000,2628500,"S"
"DGW","13:29:14",54.4,2.1,500,2625500,"B"
"DGW","13:29:09",54.4,2.1,300,2625000,"B"
"DGW","13:29:07",54.5,2.2,200,2624700,"S"
"DGW","13:29:05",54.5,2.2,800,2624500,"S"
"DGW","13:28:57",54.5,2.2,200,2623700,"S"
"DGW","13:28:56",54.4,2.1,1000,2623500,"B"
"DGW","13:28:54",54.4,2.1,1000,2622500,"B"
"DGW","13:28:49",54.4,2.1,300,2621500,"B"
"DGW","13:28:48",54.4,2.1,300,2620700,"B"
"DGW","13:28:47",54.4,2.1,300,2620400,"B"
"DGW","13:28:46",54.4,2.1,100,2620100,"B"
"DGW","13:28:41",54.4,2.1,100,2618000,"B"
"DGW","13:28:40",54.5,2.2,1000,2617900,"S"
"DGW","13:28:39",54.4,2.1,400,2616900,"B"
"DGW","13:28:37",54.4,2.1,1500,2616500,"B"
"DGW","13:28:36",54.4,2.1,400,2615000,"B"
"DGW","13:28:35",54.4,2.1,1000,2614600,"B"
"DGW","13:28:35",54.4,2.1,500,2613600,"B"
"DGW","13:28:33",54.4,2.1,200,2613100,"B"
"DGW","13:28:31",54.4,2.1,100,2612900,"B"
"DGW","13:28:26",54.4,2.1,100,2612800,"B"
"DGW","13:28:22",54.4,2.1,100,2612700,"B"
"DGW","13:28:22",54.5,2.2,14000,2612600,"S"
"DGW","13:28:21",54.5,2.2,100,2598600,"S"
"DGW","13:28:20",54.4,2.1,1000,2598500,"B"
"DGW","13:28:19",54.4,2.1,100,2597500,"B"
"DGW","13:28:17",54.4,2.1,500,2597400,"B"
"DGW","13:28:17",54.4,2.1,100,2596900,"B"
"DGW","13:28:15",54.4,2.1,200,2596800,"B"
"DGW","13:28:13",54.5,2.2,1100,2596600,"S"
"DGW","13:28:07",54.4,2.1,100,2595500,"B"
"DGW","13:28:05",54.5,2.2,3000,2595400,"S"
"DGW","13:28:04",54.4,2.1,1000,2592400,"B"
"DGW","13:27:49",54.5,2.2,100,2591400,"S"
"DGW","13:27:44",54.5,2.2,100,2591300,"S"
"DGW","13:27:29",54.5,2.2,7600,2591200,"S"
"DGW","13:27:28",54.5,2.2,200,2583600,"S"
"DGW","13:27:17",54.5,2.2,4000,2583400,"S"
"DGW","13:27:15",54.4,2.1,100,2579400,"S"
"DGW","13:27:06",54.5,2.2,600,2579300,"S"
"DGW","13:27:01",54.4,2.1,1000,2549200,"S"
"DGW","13:26:55",54.3,2,2900,2548200,"B"
"DGW","13:26:55",54.3,2,1400,2545300,"B"
"DGW","13:26:52",54.4,2.1,100,2543900,"S"
"DGW","13:26:49",54.4,2.1,100,2543800,"S"
"DGW","13:26:41",54.4,2.1,2000,2543700,"S"
"DGW","13:26:40",54.4,2.1,3000,2541700,"S"
"DGW","13:26:38",54.3,2,1000,2538700,"B"
"DGW","13:26:31",54.4,2.1,2000,2537700,"S"
"DGW","13:26:31",54.4,2.1,100,2535700,"S"
"DGW","13:26:29",54.4,2.1,100,2535600,"S"
"DGW","13:26:16",54.3,2,3300,2535500,"S"
"DGW","13:26:15",54.3,2,4700,2532200,"B"
"DGW","13:26:11",54.3,2,400,2527500,"B"
"DGW","13:26:09",54.3,2,500,2527100,"B"
"DGW","13:26:06",54.4,2.1,500,2526600,"S"
"DGW","13:26:05",54.4,2.1,18300,2526100,"S"
"DGW","13:26:05",54.3,2,200,2507800,"S"
"DGW","13:26:03",54.3,2,300,2507600,"S"
"DGW","13:25:59",54.3,2,5000,2507300,"S"
"DGW","13:25:54",54.3,2,1000,2502300,"S"
"DGW","13:25:53",54.3,2,2600,2501300,"B"
"DGW","13:25:51",54.3,2,2000,2498700,"B"
"DGW","13:25:49",54.3,2,1100,2496700,"B"
"DGW","13:25:45",54.3,2,1400,2495600,"B"
"DGW","13:25:43",54.3,2,1300,2494200,"B"
"DGW","13:25:42",54.3,2,3100,2492900,"B"
"DGW","13:25:40",54.3,2,100,2489800,"B"
"DGW","13:25:39",54.3,2,1000,2489700,"B"
"DGW","13:25:37",54.3,2,500,2488700,"B"
"DGW","13:25:36",54.3,2,600,2488200,"B"
"DGW","13:25:35",54.3,2,200,2487600,"B"
"DGW","13:25:33",54.3,2,100,2487400,"B"
"DGW","13:25:32",54.4,2.1,200,2487300,"S"
"DGW","13:25:31",54.3,2,1000,2487100,"B"
"DGW","13:25:30",54.3,2,3000,2486100,"B"
"DGW","13:25:27",54.3,2,100,2483100,"B"
"DGW","13:25:25",54.3,2,100,2483000,"B"
"DGW","13:25:24",54.3,2,1000,2482900,"B"
"DGW","13:25:23",54.3,2,8800,2481900,"S"
"DGW","13:25:23",54.3,2,31300,2473100,"S"
"DGW","13:25:22",54.2,1.9,300,2441300,"B"
"DGW","13:25:20",54.2,1.9,100,2440900,"B"
"DGW","13:25:13",54.2,1.9,800,2440800,"S"
"DGW","13:25:09",54.2,1.9,200,2440000,"B"
"DGW","13:25:09",54.2,1.9,1000,2439800,"B"
"DGW","13:25:07",54.2,1.9,100,2438800,"B"
"DGW","13:25:05",54.2,1.9,400,2438700,"B"
"DGW","13:25:03",54.2,1.9,3000,2438300,"S"
"DGW","13:25:00",54.2,1.9,500,2430400,"S"
"DGW","13:24:59",54.2,1.9,2000,2429900,"S"
"DGW","13:24:55",54.2,1.9,1000,2427900,"S"
"DGW","13:24:54",54.1,1.8,300,2426900,"B"
"DGW","13:24:53",54.2,1.9,1000,2426600,"S"
"DGW","13:24:52",54.1,1.8,100,2425600,"B"
"DGW","13:24:49",54.2,1.9,100,2425500,"S"
"DGW","13:24:46",54.2,1.9,7100,2425400,"S"
"DGW","13:24:45",54.1,1.8,3700,2418300,"B"
"DGW","13:24:44",54.2,1.9,700,2414600,"S"
"DGW","13:24:36",54.2,1.9,700,2413900,"S"
"DGW","13:24:32",54.1,1.8,1000,2413200,"B"
"DGW","13:24:28",54.2,1.9,100,2412200,"S"
"DGW","13:24:24",54.2,1.9,1000,2412100,"S"
"DGW","13:24:23",54.2,1.9,5800,2411100,"B"
"DGW","13:24:22",54.2,1.9,2000,2405300,"B"
"DGW","13:24:22",54.3,2,700,2403300,"S"
"DGW","13:24:21",54.2,1.9,500,2402500,"B"
"DGW","13:24:19",54.2,1.9,100,2402000,"B"
"DGW","13:24:19",54.2,1.9,1000,2401900,"B"
"DGW","13:24:18",54.2,1.9,100,2400900,"B"
"DGW","13:24:17",54.2,1.9,10000,2400800,"B"
"DGW","13:24:11",54.2,1.9,1000,2390800,"B"
"DGW","13:24:07",54.3,2,2000,2389800,"S"
"DGW","13:24:05",54.2,1.9,200,2387800,"B"
"DGW","13:24:01",54.2,1.9,400,2387600,"B"
"DGW","13:23:58",54.3,2,2000,2387200,"S"
"DGW","13:23:57",54.2,1.9,1500,2385200,"B"
"DGW","13:23:52",54.2,1.9,200,2383700,"B"
"DGW","13:23:45",54.3,2,200,2383500,"S"
"DGW","13:23:42",54.3,2,400,2383300,"S"
"DGW","13:23:40",54.3,2,14700,2382900,"B"
"DGW","13:23:39",54.3,2,100,2368200,"B"
"DGW","13:23:32",54.3,2,8800,2368100,"S"
"DGW","13:23:23",54.3,2,1000,2359300,"S"
"DGW","13:23:21",54.3,2,6800,2358300,"S"
"DGW","13:23:16",54.3,2,500,2351500,"S"
"DGW","13:23:15",54.3,2,200,2351000,"S"
"DGW","13:23:11",54.3,2,4000,2350800,"S"
"DGW","13:23:03",54.4,2.1,200,2346800,"S"
"DGW","13:23:03",54.4,2.1,100,2346600,"S"
"DGW","13:23:00",54.4,2.1,600,2346500,"S"
"DGW","13:23:00",54.3,2,400,2345900,"S"
"DGW","13:22:57",54.3,2,4600,2345500,"B"
"DGW","13:22:55",54.3,2,5000,2340900,"B"
"DGW","13:22:52",54.4,2.1,6300,2335900,"S"
"DGW","13:22:49",54.4,2.1,3000,2329600,"S"
"DGW","13:22:48",54.4,2.1,1000,2326600,"S"
"DGW","13:22:45",54.4,2.1,300,2325600,"S"
"DGW","13:22:43",54.5,2.2,2000,2325300,"S"
"DGW","13:22:43",54.4,2.1,100,2323300,"S"
"DGW","13:22:42",54.4,2.1,100,2323200,"S"
"DGW","13:22:41",54.4,2.1,1300,2323100,"B"
"DGW","13:22:40",54.4,2.1,1100,2321800,"B"
"DGW","13:22:39",54.4,2.1,1100,2320700,"B"
"DGW","13:22:38",54.4,2.1,2000,2319600,"B"
"DGW","13:22:37",54.5,2.2,1600,2317600,"S"
"DGW","13:22:34",54.4,2.1,2000,2316000,"B"
"DGW","13:22:33",54.4,2.1,100,2314000,"B"
"DGW","13:22:32",54.4,2.1,500,2313900,"B"
"DGW","13:22:32",54.5,2.2,100,2313400,"S"
"DGW","13:22:31",54.4,2.1,1000,2313300,"B"
"DGW","13:22:30",54.4,2.1,200,2312300,"B"
"DGW","13:22:29",54.4,2.1,1000,2312100,"B"
"DGW","13:22:28",54.4,2.1,200,2311100,"B"
"DGW","13:22:24",54.5,2.2,2000,2310900,"S"
"DGW","13:22:23",54.4,2.1,600,2308900,"B"
"DGW","13:22:21",54.4,2.1,300,2308300,"B"
"DGW","13:22:20",54.5,2.2,5200,2308000,"S"
"DGW","13:22:19",54.4,2.1,10700,2302800,"S"
"DGW","13:22:15",54.4,2.1,2000,2292100,"S"
"DGW","13:22:11",54.4,2.1,3000,2290100,"S"
"DGW","13:22:10",54.3,2,100,2287100,"B"
"DGW","13:22:09",54.4,2.1,1000,2287000,"S"
"DGW","13:22:08",54.3,2,200,2286000,"B"
"DGW","13:22:07",54.4,2.1,10000,2285800,"S"
"DGW","13:22:06",54.3,2,2000,2275800,"B"
"DGW","13:22:05",54.3,2,100,2273800,"B"
"DGW","13:22:04",54.3,2,3100,2273700,"B"
"DGW","13:22:02",54.3,2,1000,2270600,"B"
"DGW","13:22:00",54.3,2,900,2269600,"B"
"DGW","13:21:59",54.3,2,100,2268700,"B"
"DGW","13:21:57",54.3,2,100,2268500,"S"
"DGW","13:21:57",54.3,2,3000,2268400,"S"
"DGW","13:21:55",54.3,2,14000,2265400,"S"
"DGW","13:21:55",54.2,1.9,100,2251400,"B"
"DGW","13:21:51",54.3,2,300,2251300,"S"
"DGW","13:21:50",54.3,2,300,2251000,"S"
"DGW","13:21:50",54.3,2,2800,2250700,"S"
"DGW","13:21:48",54.2,1.9,500,2247900,"B"
"DGW","13:21:48",54.3,2,100,2247400,"S"
"DGW","13:21:48",54.2,1.9,300,2247300,"B"
"DGW","13:21:47",54.2,1.9,5000,2247000,"B"
"DGW","13:21:45",54.2,1.9,3900,2242000,"S"
"DGW","13:21:44",54.2,1.9,300,2238100,"S"
"DGW","13:21:43",54.1,1.8,200,2237800,"B"
"DGW","13:21:42",54.2,1.9,3000,2237600,"S"
"DGW","13:21:41",54.1,1.8,100,2234600,"B"
"DGW","13:21:41",54.2,1.9,4500,2234500,"S"
"DGW","13:21:40",54.2,1.9,5000,2230000,"S"
"DGW","13:21:37",54.2,1.9,8500,2225000,"S"
"DGW","13:21:37",54.1,1.8,1000,2216500,"B"
"DGW","13:21:36",54.2,1.9,500,2215500,"S"
"DGW","13:21:34",54.2,1.9,1000,2215000,"S"
"DGW","13:21:32",54.2,1.9,100,2214000,"S"
"DGW","13:21:28",54.1,1.8,100,2213900,"B"
"DGW","13:21:28",54.1,1.8,8300,2213800,"S"
"DGW","13:21:27",54.1,1.8,1000,2205500,"S"
"DGW","13:21:26",54.1,1.8,100,2204500,"S"
"DGW","13:21:25",54.1,1.8,1000,2204400,"S"
"DGW","13:21:25",54.1,1.8,900,2203400,"S"
"DGW","13:21:24",54.1,1.8,1800,2202500,"S"
"DGW","13:21:23",54,1.7,100,2200700,"B"
"DGW","13:21:21",54.1,1.8,100,2200600,"S"
"DGW","13:21:18",54.1,1.8,1000,2200500,"S"
"DGW","13:21:17",54,1.7,200,2199500,"B"
"DGW","13:21:16",54,1.7,7300,2198800,"S"
"DGW","13:21:16",54,1.7,5500,2191500,"S"
"DGW","13:21:15",54,1.7,7500,2186000,"S"
"DGW","13:21:15",54,1.7,3700,2178500,"S"
"DGW","13:21:14",54,1.7,9400,2174800,"S"
"DGW","13:21:14",54,1.7,11800,2165400,"S"
"DGW","13:21:13",54,1.7,25100,2153600,"S"
"DGW","13:21:12",54,1.7,9000,2128500,"S"
"DGW","13:21:12",54,1.7,3600,2119500,"S"
"DGW","13:21:11",54,1.7,7000,2115900,"S"
"DGW","13:21:10",54,1.7,40300,2108900,"S"
"DGW","13:21:09",54,1.7,3900,2068600,"S"
"DGW","13:21:09",54,1.7,100,2064700,"S"
"DGW","13:21:08",54,1.7,1100,2064600,"S"
"DGW","13:21:08",54,1.7,2000,2063500,"S"
"DGW","13:21:06",54,1.7,5000,2061500,"S"
"DGW","13:21:06",54,1.7,4000,2056500,"S"
"DGW","13:21:04",54,1.7,500,2052500,"S"
"DGW","13:21:04",54,1.7,5000,2052000,"S"
"DGW","13:21:03",54,1.7,500,2044000,"S"
"DGW","13:21:02",54,1.7,6800,2043500,"S"
"DGW","13:21:02",53.9,1.6,19400,2036700,"S"
"DGW","13:21:01",53.9,1.6,4100,2017300,"S"
"DGW","13:21:01",53.9,1.6,5600,2013200,"S"
"DGW","13:21:00",53.9,1.6,5100,2007600,"S"
"DGW","13:21:00",53.9,1.6,1100,2002500,"S"
"DGW","13:20:59",53.9,1.6,100,2001400,"S"
"DGW","13:20:59",53.9,1.6,3000,2001300,"S"
"DGW","13:20:58",53.9,1.6,11100,1998300,"S"
"DGW","13:20:58",53.9,1.6,3000,1987200,"S"
"DGW","13:20:57",53.9,1.6,100,1984200,"S"
"DGW","13:20:56",53.9,1.6,10000,1984100,"S"
"DGW","13:20:55",53.9,1.6,4500,1974100,"S"
"DGW","13:20:54",53.9,1.6,3100,1969600,"S"
"DGW","13:20:54",53.9,1.6,500,1966500,"S"
"DGW","13:20:53",53.9,1.6,2000,1966000,"S"
"DGW","13:20:51",53.9,1.6,1100,1964000,"S"
"DGW","13:20:50",53.8,1.5,2500,1962900,"B"
"DGW","13:20:49",53.8,1.5,100,1960400,"B"
"DGW","13:20:44",53.8,1.5,100,1959200,"B"
"DGW","13:20:41",53.8,1.5,200,1959100,"B"
"DGW","13:20:39",53.8,1.5,1600,1958900,"S"
"DGW","13:20:38",53.8,1.5,11700,1957300,"S"
"DGW","13:20:37",53.8,1.5,6500,1945600,"S"
"DGW","13:20:37",53.8,1.5,4600,1939100,"S"
"DGW","13:20:36",53.8,1.5,13600,1934500,"S"
"DGW","13:20:35",53.8,1.5,7400,1920900,"S"
"DGW","13:20:34",53.8,1.5,1100,1913500,"S"
"DGW","13:20:34",53.8,1.5,7900,1912400,"S"
"DGW","13:20:33",53.8,1.5,5000,1904500,"S"
"DGW","13:20:31",53.8,1.5,200,1899500,"S"
"DGW","13:20:20",53.8,1.5,500,1899300,"S"
"DGW","13:20:15",53.8,1.5,200,1898800,"S"
"DGW","13:20:12",53.8,1.5,25000,1898600,"S"
"DGW","13:20:09",53.8,1.5,1800,1873600,"S"
"DGW","13:20:01",53.8,1.5,900,1871800,"S"
"DGW","13:19:53",53.8,1.5,100,1870900,"S"
"DGW","13:19:52",53.7,1.4,2000,1870800,"B"
"DGW","13:19:50",53.7,1.4,1000,1868800,"B"
"DGW","13:19:49",53.7,1.4,100,1867800,"B"
"DGW","13:19:49",53.8,1.5,5500,1867700,"S"
"DGW","13:19:48",53.8,1.5,3500,1862200,"S"
"DGW","13:19:46",53.7,1.4,1000,1858700,"B"
"DGW","13:19:44",53.8,1.5,100,1857700,"S"
"DGW","13:19:38",53.7,1.4,2000,1857600,"B"
"DGW","13:19:36",53.7,1.4,500,1855600,"B"
"DGW","13:19:27",53.7,1.4,1000,1855100,"B"
"DGW","13:19:22",53.7,1.4,1000,1854100,"B"
"DGW","13:19:19",53.7,1.4,100,1853100,"B"
"DGW","13:19:17",53.7,1.4,1000,1853000,"B"
"DGW","13:19:11",53.8,1.5,4000,1852000,"S"
"DGW","13:19:00",53.7,1.4,500,1848000,"B"
"DGW","13:18:59",53.7,1.4,5000,1847500,"B"
"DGW","13:18:57",53.7,1.4,500,1842500,"B"
"DGW","13:18:52",53.7,1.4,100,1842000,"B"
"DGW","13:18:50",53.7,1.4,6100,1841900,"B"
"DGW","13:18:45",53.8,1.5,200,1835800,"S"
"DGW","13:18:45",53.7,1.4,600,1835600,"B"
"DGW","13:18:44",53.7,1.4,300,1835000,"B"
"DGW","13:18:36",53.8,1.5,2200,1834700,"S"
"DGW","13:18:36",53.8,1.5,700,1832500,"S"
"DGW","13:18:32",53.8,1.5,200,1831800,"S"
"DGW","13:18:24",53.8,1.5,100,1831600,"S"
"DGW","13:18:21",53.7,1.4,26900,1831500,"S"
"DGW","13:18:11",53.7,1.4,100,1804600,"S"
"DGW","13:18:11",53.7,1.4,200,1804500,"S"
"DGW","13:17:57",53.7,1.4,1200,1804300,"S"
"DGW","13:17:51",53.7,1.4,100,1803100,"S"
"DGW","13:17:38",53.7,1.4,6300,1803000,"S"
"DGW","13:17:28",53.7,1.4,100,1796700,"S"
"DGW","13:17:23",53.6,1.3,2900,1796600,"S"
"DGW","13:17:22",53.6,1.3,20700,1793700,"S"
"DGW","13:17:20",53.6,1.3,5000,1773000,"S"
"DGW","13:17:17",53.6,1.3,3500,1768000,"S"
"DGW","13:16:51",53.5,1.2,400,1764500,"B"
"DGW","13:16:42",53.5,1.2,28600,1764100,"S"
"DGW","13:16:39",53.5,1.2,28800,1735500,"S"
"DGW","13:16:37",53.5,1.2,10000,1706700,"S"
"DGW","13:16:33",53.4,1.1,500,1696700,"B"
"DGW","13:16:29",53.4,1.1,300,1696200,"B"
"DGW","13:16:26",53.5,1.2,10000,1695900,"S"
"DGW","13:16:25",53.4,1.1,500,1685900,"B"
"DGW","13:16:19",53.4,1.1,2000,1685400,"B"
"DGW","13:16:10",53.4,1.1,2000,1683400,"B"
"DGW","13:16:07",53.4,1.1,100,1681400,"B"
"DGW","13:16:04",53.4,1.1,1000,1681300,"B"
"DGW","13:16:01",53.4,1.1,1300,1680300,"B"
"DGW","13:15:57",53.4,1.1,100,1679000,"B"
"DGW","13:15:57",53.4,1.1,100,1678900,"B"
"DGW","13:15:55",53.4,1.1,500,1678800,"B"
"DGW","13:15:52",53.4,1.1,1000,1678300,"B"
"DGW","13:15:49",53.4,1.1,1000,1677300,"B"
"DGW","13:15:42",53.4,1.1,200,1676300,"B"
"DGW","13:15:34",53.4,1.1,600,1676100,"B"
"DGW","13:15:30",53.4,1.1,1000,1675500,"B"
"DGW","13:15:25",53.4,1.1,500,1674500,"B"
"DGW","13:15:21",53.4,1.1,900,1674000,"B"
"DGW","13:15:12",53.4,1.1,1100,1673100,"B"
"DGW","13:15:10",53.4,1.1,100,1672000,"B"
"DGW","13:15:08",53.4,1.1,3000,1671900,"B"
"DGW","13:15:01",53.4,1.1,1000,1668900,"B"
"DGW","13:14:59",53.4,1.1,1000,1667900,"B"
"DGW","13:14:53",53.4,1.1,2200,1666900,"B"
"DGW","13:14:48",53.4,1.1,100,1664700,"B"
"DGW","13:14:35",53.4,1.1,100,1664600,"B"
"DGW","13:14:31",53.4,1.1,500,1664500,"B"
"DGW","13:14:30",53.4,1.1,1000,1664000,"B"
"DGW","13:14:28",53.4,1.1,100,1663000,"B"
"DGW","13:14:25",53.4,1.1,500,1662900,"B"
"DGW","13:14:20",53.4,1.1,2000,1662400,"B"
"DGW","13:14:14",53.4,1.1,100,1660400,"B"
"DGW","13:14:12",53.4,1.1,1000,1660300,"B"
"DGW","13:14:05",53.4,1.1,100,1659300,"B"
"DGW","13:13:57",53.4,1.1,500,1659200,"B"
"DGW","13:13:46",53.4,1.1,2000,1658700,"B"
"DGW","13:13:45",53.4,1.1,1500,1656700,"S"
"DGW","13:13:42",53.4,1.1,2000,1655200,"S"
"DGW","13:13:28",53.4,1.1,3000,1653200,"S"
"DGW","13:13:17",53.4,1.1,300,1650200,"S"
"DGW","13:13:11",53.4,1.1,2400,1649900,"B"
"DGW","13:13:10",53.4,1.1,100,1647500,"B"
"DGW","13:13:08",53.4,1.1,500,1647400,"B"
"DGW","13:12:59",53.4,1.1,500,1646900,"B"
"DGW","13:12:52",53.4,1.1,100,1646400,"B"
"DGW","13:12:49",53.4,1.1,500,1646300,"B"
"DGW","13:12:42",53.4,1.1,2600,1645800,"B"
"DGW","13:12:25",53.4,1.1,1100,1643200,"B"
"DGW","13:12:17",53.4,1.1,100,1642100,"B"
"DGW","13:12:15",53.4,1.1,100,1642000,"B"
"DGW","13:12:10",53.4,1.1,200,1641900,"B"
"DGW","13:12:09",53.4,1.1,100,1641700,"B"
"DGW","13:12:06",53.4,1.1,500,1641600,"B"
"DGW","13:11:57",53.4,1.1,10000,1641100,"B"
"DGW","13:11:51",53.4,1.1,4300,1631100,"S"
"DGW","13:11:50",53.4,1.1,300,1626800,"S"
"DGW","13:11:41",53.4,1.1,100,1626500,"S"
"DGW","13:11:38",53.4,1.1,200,1626400,"S"
"DGW","13:11:21",53.4,1.1,2400,1626200,"B"
"DGW","13:11:21",53.4,1.1,1000,1623800,"B"
"DGW","13:11:16",53.4,1.1,1000,1622800,"B"
"DGW","13:11:15",53.4,1.1,8200,1621800,"B"
"DGW","13:11:15",53.4,1.1,1800,1613600,"B"
"DGW","13:11:14",53.4,1.1,1000,1611800,"B"
"DGW","13:11:04",53.4,1.1,1500,1610800,"B"
"DGW","13:10:59",53.4,1.1,200,1609300,"B"
"DGW","13:10:51",53.4,1.1,400,1609100,"B"
"DGW","13:10:46",53.4,1.1,100,1608700,"B"
"DGW","13:10:45",53.4,1.1,200,1608600,"B"
"DGW","13:10:44",53.4,1.1,3000,1608400,"B"
"DGW","13:10:33",53.5,1.2,800,1605400,"S"
"DGW","13:10:31",53.4,1.1,100,1604600,"B"
"DGW","13:10:29",53.4,1.1,300,1604500,"B"
"DGW","13:10:28",53.4,1.1,1000,1604200,"B"
"DGW","13:10:26",53.4,1.1,500,1603200,"B"
"DGW","13:10:18",53.4,1.1,5000,1602700,"B"
"DGW","13:10:18",53.4,1.1,1000,1597700,"B"
"DGW","13:10:15",53.4,1.1,1000,1596700,"B"
"DGW","13:10:11",53.4,1.1,1000,1595700,"B"
"DGW","13:10:07",53.4,1.1,10000,1594700,"B"
"DGW","13:10:06",53.5,1.2,200,1584700,"S"
"DGW","13:10:04",53.5,1.2,400,1584500,"S"
"DGW","13:10:01",53.4,1.1,500,1584100,"B"
"DGW","13:09:47",53.4,1.1,100,1583600,"B"
"DGW","13:09:45",53.4,1.1,1000,1583500,"B"
"DGW","13:09:44",53.5,1.2,400,1582500,"S"
"DGW","13:09:33",53.4,1.1,1000,1582100,"B"
"DGW","13:09:27",53.4,1.1,1900,1581100,"B"
"DGW","13:09:27",53.4,1.1,2100,1579200,"B"
"DGW","13:09:26",53.4,1.1,900,1577100,"B"
"DGW","13:09:23",53.4,1.1,1000,1576200,"B"
"DGW","13:09:21",53.4,1.1,1000,1575200,"B"
"DGW","13:09:17",53.4,1.1,100,1574200,"B"
"DGW","13:09:12",53.4,1.1,1900,1574100,"B"
"DGW","13:09:11",53.4,1.1,1000,1572200,"B"
"DGW","13:09:09",53.4,1.1,100,1571200,"B"
"DGW","13:08:59",53.4,1.1,100,1571100,"B"
"DGW","13:08:55",53.4,1.1,5000,1571000,"B"
"DGW","13:08:47",53.4,1.1,100,1566000,"B"
"DGW","13:08:35",53.5,1.2,4000,1565900,"S"
"DGW","13:08:26",53.4,1.1,100,1561900,"B"
"DGW","13:08:13",53.5,1.2,1000,1561800,"S"
"DGW","13:07:51",53.5,1.2,1000,1560800,"S"
"DGW","13:07:38",53.4,1.1,1500,1559800,"B"
"DGW","13:07:36",53.4,1.1,600,1558300,"B"
"DGW","13:07:23",53.4,1.1,1200,1557700,"B"
"DGW","13:07:17",53.4,1.1,1000,1556500,"B"
"DGW","13:07:16",53.4,1.1,1000,1555500,"B"
"DGW","13:07:11",53.4,1.1,500,1554500,"B"
"DGW","13:07:08",53.4,1.1,100,1554000,"B"
"DGW","13:06:59",53.4,1.1,2000,1553900,"B"
"DGW","13:06:54",53.4,1.1,1000,1551900,"B"
"DGW","13:06:40",53.4,1.1,200,1550900,"B"
"DGW","13:06:28",53.4,1.1,1700,1550700,"B"
"DGW","13:06:22",53.4,1.1,500,1549000,"B"
"DGW","13:06:19",53.4,1.1,1000,1548500,"B"
"DGW","13:06:17",53.4,1.1,1000,1547500,"B"
"DGW","13:06:13",53.4,1.1,200,1546500,"B"
"DGW","13:06:11",53.4,1.1,100,1546300,"B"
"DGW","13:06:11",53.4,1.1,100,1546200,"B"
"DGW","13:06:10",53.4,1.1,300,1546100,"B"
"DGW","13:06:09",53.4,1.1,200,1545800,"B"
"DGW","13:06:05",53.4,1.1,1200,1545600,"B"
"DGW","13:06:03",53.4,1.1,5000,1544400,"B"
"DGW","13:05:55",53.4,1.1,1500,1539400,"B"
"DGW","13:05:53",53.4,1.1,600,1537900,"B"
"DGW","13:05:52",53.4,1.1,200,1537300,"B"
"DGW","13:05:51",53.4,1.1,100,1537100,"B"
"DGW","13:05:48",53.4,1.1,2000,1537000,"B"
"DGW","13:05:47",53.4,1.1,700,1535000,"B"
"DGW","13:05:44",53.4,1.1,200,1534300,"B"
"DGW","13:05:43",53.4,1.1,1500,1534100,"B"
"DGW","13:05:43",53.4,1.1,1000,1532600,"B"
"DGW","13:05:35",53.4,1.1,1000,1531600,"B"
"DGW","13:05:29",53.4,1.1,2500,1530600,"B"
"DGW","13:05:28",53.4,1.1,100,1528100,"B"
"DGW","13:05:25",53.4,1.1,1600,1528000,"B"
"DGW","13:05:24",53.4,1.1,400,1526400,"B"
"DGW","13:05:21",53.4,1.1,1000,1526000,"B"
"DGW","13:05:13",53.4,1.1,100,1525000,"B"
"DGW","13:04:56",53.4,1.1,500,1524900,"B"
"DGW","13:04:55",53.5,1.2,7600,1524400,"B"
"DGW","13:04:55",53.5,1.2,300,1516800,"B"
"DGW","13:04:54",53.5,1.2,1000,1516500,"B"
"DGW","13:04:53",53.5,1.2,500,1515000,"B"
"DGW","13:04:50",53.5,1.2,100,1514500,"B"
"DGW","13:04:48",53.5,1.2,100,1514400,"B"
"DGW","13:04:46",53.5,1.2,100,1514300,"B"
"DGW","13:04:44",53.5,1.2,2000,1514200,"B"
"DGW","13:04:34",53.5,1.2,1000,1512200,"B"
"DGW","13:04:33",53.5,1.2,500,1511200,"B"
"DGW","13:04:29",53.5,1.2,5000,1510700,"B"
"DGW","13:04:29",53.6,1.3,6000,1505700,"S"
"DGW","13:04:18",53.6,1.3,400,1499700,"S"
"DGW","13:04:15",53.5,1.2,600,1499300,"B"
"DGW","13:04:13",53.5,1.2,2000,1498700,"B"
"DGW","13:04:11",53.5,1.2,500,1496700,"B"
"DGW","13:04:08",53.5,1.2,500,1496200,"B"
"DGW","13:04:04",53.5,1.2,3000,1495700,"B"
"DGW","13:04:03",53.5,1.2,200,1492700,"B"
"DGW","13:04:01",53.5,1.2,700,1492500,"B"
"DGW","13:04:00",53.5,1.2,500,1491800,"B"
"DGW","13:03:57",53.5,1.2,100,1491300,"B"
"DGW","13:03:54",53.5,1.2,2000,1491200,"B"
"DGW","13:03:54",53.5,1.2,300,1489200,"B"
"DGW","13:03:53",53.5,1.2,200,1488900,"B"
"DGW","13:03:47",53.5,1.2,5000,1488700,"B"
"DGW","13:03:41",53.5,1.2,100,1483700,"B"
"DGW","13:03:36",53.5,1.2,1000,1483600,"B"
"DGW","13:03:35",53.5,1.2,2000,1482600,"B"
"DGW","13:03:32",53.5,1.2,500,1480600,"B"
"DGW","13:03:31",53.5,1.2,2500,1480100,"B"
"DGW","13:03:29",53.5,1.2,3000,1477600,"B"
"DGW","13:03:23",53.5,1.2,300,1474600,"B"
"DGW","13:03:16",53.5,1.2,2000,1474300,"B"
"DGW","13:03:06",53.6,1.3,200,1472300,"S"
"DGW","13:02:59",53.6,1.3,4000,1472100,"S"
"DGW","13:02:46",53.6,1.3,500,1468100,"S"
"DGW","13:02:42",53.6,1.3,100,1467600,"S"
"DGW","13:02:41",53.5,1.2,500,1467500,"B"
"DGW","13:02:40",53.6,1.3,1000,1467000,"S"
"DGW","13:02:33",53.6,1.3,2300,1466000,"S"
"DGW","13:02:28",53.6,1.3,100,1463700,"S"
"DGW","13:02:27",53.6,1.3,500,1463600,"S"
"DGW","13:02:24",53.6,1.3,1000,1463100,"S"
"DGW","13:02:18",53.6,1.3,2000,1462100,"S"
"DGW","13:02:10",53.6,1.3,700,1460100,"S"
"DGW","13:01:54",53.6,1.3,300,1459400,"S"
"DGW","13:01:04",53.6,1.3,5500,1459100,"B"
"DGW","13:01:02",53.6,1.3,2200,1453600,"B"
"DGW","13:00:58",53.6,1.3,1000,1451400,"B"
"DGW","13:00:54",53.6,1.3,500,1450400,"B"
"DGW","13:00:53",53.6,1.3,100,1449900,"B"
"DGW","13:00:51",53.6,1.3,800,1449800,"B"
"DGW","13:00:41",53.6,1.3,500,1449000,"B"
"DGW","13:00:23",53.6,1.3,100,1448500,"B"
"DGW","13:00:20",53.6,1.3,500,1448400,"B"
"DGW","13:00:19",53.6,1.3,1200,1447900,"B"
"DGW","13:00:19",53.6,1.3,1100,1446700,"B"
"DGW","13:00:18",53.6,1.3,100,1445600,"B"
"DGW","13:00:17",53.6,1.3,100,1445500,"B"
"DGW","13:00:16",53.6,1.3,100,1445400,"B"
"DGW","13:00:15",53.6,1.3,100,1445300,"B"
"DGW","13:00:15",53.6,1.3,10000,1445200,"B"
"DGW","13:00:14",53.6,1.3,2000,1435200,"B"
"DGW","13:00:13",53.6,1.3,3400,1433200,"B"
"DGW","13:00:13",53.6,1.3,100,1429800,"B"
"DGW","13:00:12",53.6,1.3,1400,1429700,"B"
"DGW","13:00:11",53.6,1.3,1400,1428300,"S"
"DGW","13:00:11",53.6,1.3,3000,1426900,"S"
"DGW","13:00:10",53.5,1.2,100,1423900,"B"
"DGW","13:00:10",53.6,1.3,1900,1423800,"S"
"DGW","13:00:10",53.5,1.2,500,1421900,"B"
"DGW","13:00:10",53.6,1.3,20000,1421400,"S"
"DGW","13:00:08",53.5,1.2,1000,1401400,"B"
"DGW","13:00:08",53.6,1.3,3000,1400400,"S"
"DGW","13:00:04",53.6,1.3,900,1397400,"S"
"DGW","13:00:03",53.6,1.3,1200,1396500,"S"
"DGW","13:00:02",53.5,1.2,100,1395300,"B"
"DGW","13:00:01",53.6,1.3,10000,1395200,"S"
"DGW","13:00:00",53.5,1.2,1600,1385200,"B"
"DGW","13:00:00",53.6,1.3,4300,1383600,"B"
"DGW","11:29:59",53.6,1.3,500,1379300,"B"
"DGW","11:29:58",53.6,1.3,200,1378800,"B"
"DGW","11:29:55",53.6,1.3,2100,1378600,"B"
"DGW","11:29:53",53.6,1.3,100,1376500,"B"
"DGW","11:29:51",53.6,1.3,4000,1376400,"B"
"DGW","11:29:50",53.6,1.3,2000,1372400,"B"
"DGW","11:29:48",53.6,1.3,200,1370400,"B"
"DGW","11:29:47",53.6,1.3,700,1370200,"B"
"DGW","11:29:46",53.6,1.3,100,1369500,"B"
"DGW","11:29:44",53.6,1.3,500,1369400,"B"
"DGW","11:29:43",53.6,1.3,2100,1368900,"B"
"DGW","11:29:36",53.6,1.3,7600,1366800,"B"
"DGW","11:29:33",53.6,1.3,200,1359200,"B"
"DGW","11:29:32",53.6,1.3,200,1359000,"B"
"DGW","11:29:31",53.6,1.3,100,1358800,"B"
"DGW","11:29:30",53.6,1.3,7300,1358700,"B"
"DGW","11:29:25",53.6,1.3,1500,1351400,"B"
"DGW","11:29:24",53.6,1.3,200,1349900,"B"
"DGW","11:29:22",53.6,1.3,100,1349700,"B"
"DGW","11:29:20",53.6,1.3,900,1349600,"B"
"DGW","11:29:12",53.6,1.3,200,1348700,"B"
"DGW","11:28:52",53.7,1.4,1000,1348500,"S"
"DGW","11:28:50",53.7,1.4,100,1347500,"S"
"DGW","11:28:48",53.7,1.4,1300,1347400,"B"
"DGW","11:28:46",53.7,1.4,100,1346100,"B"
"DGW","11:28:46",53.7,1.4,1100,1346000,"B"
"DGW","11:28:45",53.8,1.5,2000,1344900,"S"
"DGW","11:28:45",53.7,1.4,2000,1342900,"B"
"DGW","11:28:34",53.7,1.4,3200,1340900,"B"
"DGW","11:28:33",53.7,1.4,5000,1337700,"B"
"DGW","11:28:30",53.7,1.4,100,1332700,"B"
"DGW","11:28:29",53.7,1.4,800,1332600,"B"
"DGW","11:28:28",53.7,1.4,500,1331800,"B"
"DGW","11:28:26",53.7,1.4,2300,1331300,"B"
"DGW","11:28:25",53.7,1.4,200,1329000,"B"
"DGW","11:28:23",53.7,1.4,100,1328800,"B"
"DGW","11:28:22",53.8,1.5,4000,1328700,"S"
"DGW","11:28:22",53.7,1.4,5000,1324700,"B"
"DGW","11:28:22",53.7,1.4,500,1319700,"B"
"DGW","11:28:21",53.8,1.5,300,1319200,"S"
"DGW","11:28:20",53.7,1.4,100,1318900,"B"
"DGW","11:28:19",53.7,1.4,100,1318800,"B"
"DGW","11:28:17",53.7,1.4,1000,1318700,"B"
"DGW","11:28:14",53.7,1.4,100,1317700,"B"
"DGW","11:28:12",53.7,1.4,100,1317600,"B"
"DGW","11:28:07",53.7,1.4,300,1317500,"B"
"DGW","11:28:05",53.7,1.4,100,1317200,"B"
"DGW","11:27:57",53.7,1.4,1000,1317100,"B"
"DGW","11:27:55",53.7,1.4,100,1316100,"B"
"DGW","11:27:54",53.7,1.4,500,1316000,"B"
"DGW","11:27:53",53.7,1.4,300,1315500,"B"
"DGW","11:27:52",53.8,1.5,300,1315200,"S"
"DGW","11:27:48",53.7,1.4,6000,1314900,"B"
"DGW","11:27:46",53.7,1.4,100,1308900,"B"
"DGW","11:27:45",53.7,1.4,500,1308800,"B"
"DGW","11:27:43",53.7,1.4,200,1308300,"B"
"DGW","11:27:42",53.7,1.4,100,1308100,"B"
"DGW","11:27:38",53.7,1.4,700,1308000,"S"
"DGW","11:27:37",53.7,1.4,10300,1307300,"S"
"DGW","11:27:33",53.7,1.4,200,1297000,"S"
"DGW","11:27:29",53.7,1.4,7200,1296800,"S"
"DGW","11:27:26",53.7,1.4,700,1289600,"S"
"DGW","11:27:24",53.7,1.4,15700,1288900,"S"
"DGW","11:27:10",53.7,1.4,500,1273200,"S"
"DGW","11:27:06",53.7,1.4,800,1272700,"S"
"DGW","11:27:04",53.7,1.4,1700,1271900,"B"
"DGW","11:27:03",53.7,1.4,3000,1270200,"B"
"DGW","11:27:03",53.7,1.4,500,1267200,"B"
"DGW","11:27:02",53.7,1.4,1200,1266700,"B"
"DGW","11:27:00",53.7,1.4,100,1265500,"B"
"DGW","11:26:59",53.7,1.4,400,1265400,"B"
"DGW","11:26:59",53.7,1.4,500,1265000,"B"
"DGW","11:26:56",53.7,1.4,100,1264500,"B"
"DGW","11:26:55",53.7,1.4,1000,1264400,"B"
"DGW","11:26:54",53.7,1.4,100,1263400,"B"
"DGW","11:26:53",53.7,1.4,2500,1263300,"B"
"DGW","11:26:53",53.7,1.4,1000,1260800,"B"
"DGW","11:26:49",53.7,1.4,400,1259800,"B"
"DGW","11:26:47",53.7,1.4,100,1259400,"B"
"DGW","11:26:40",53.7,1.4,2000,1259300,"B"
"DGW","11:26:40",53.7,1.4,400,1257300,"B"
"DGW","11:26:34",53.7,1.4,1000,1256900,"B"
"DGW","11:26:33",53.7,1.4,600,1255900,"B"
"DGW","11:26:33",53.7,1.4,100,1255300,"B"
"DGW","11:26:31",53.7,1.4,200,1255200,"B"
"DGW","11:26:31",53.7,1.4,200,1255000,"B"
"DGW","11:26:30",53.7,1.4,100,1254800,"B"
"DGW","11:26:27",53.7,1.4,200,1254700,"B"
"DGW","11:26:26",53.7,1.4,100,1254500,"B"
"DGW","11:26:26",53.7,1.4,2000,1254400,"B"
"DGW","11:26:23",53.7,1.4,500,1252400,"B"
"DGW","11:26:21",53.7,1.4,4200,1251900,"S"
"DGW","11:26:14",53.7,1.4,1100,1247700,"B"
"DGW","11:26:12",53.7,1.4,200,1246600,"B"
"DGW","11:26:10",53.7,1.4,500,1246400,"B"
"DGW","11:26:09",53.7,1.4,500,1245900,"B"
"DGW","11:26:08",53.7,1.4,100,1245400,"B"
"DGW","11:26:06",53.7,1.4,100,1245300,"B"
"DGW","11:26:04",53.7,1.4,100,1245200,"B"
"DGW","11:26:01",53.7,1.4,100,1245100,"B"
"DGW","11:26:01",53.7,1.4,100,1245000,"B"
"DGW","11:26:00",53.7,1.4,500,1244900,"B"
"DGW","11:25:58",53.7,1.4,200,1244400,"B"
"DGW","11:25:57",53.7,1.4,2400,1244200,"B"
"DGW","11:25:56",53.7,1.4,5100,1241800,"S"
"DGW","11:25:53",53.7,1.4,5000,1236700,"S"
"DGW","11:25:50",53.7,1.4,3000,1231700,"S"
"DGW","11:25:49",53.6,1.3,1000,1228700,"B"
"DGW","11:25:48",53.6,1.3,3200,1227700,"B"
"DGW","11:25:48",53.6,1.3,1000,1224500,"B"
"DGW","11:25:45",53.6,1.3,1000,1223500,"B"
"DGW","11:25:44",53.6,1.3,2500,1222500,"B"
"DGW","11:25:39",53.7,1.4,100,1220000,"S"
"DGW","11:25:39",53.7,1.4,300,1219900,"S"
"DGW","11:25:36",53.6,1.3,500,1219600,"B"
"DGW","11:25:36",53.7,1.4,300,1219100,"S"
"DGW","11:25:32",53.7,1.4,400,1218800,"S"
"DGW","11:25:26",53.7,1.4,500,1218400,"B"
"DGW","11:25:25",53.7,1.4,1500,1217900,"B"
"DGW","11:25:22",53.7,1.4,2500,1216400,"B"
"DGW","11:25:21",53.7,1.4,1100,1213900,"B"
"DGW","11:25:21",53.7,1.4,500,1212800,"B"
"DGW","11:25:17",53.7,1.4,1300,1212300,"B"
"DGW","11:25:17",53.8,1.5,200,1211000,"S"
"DGW","11:25:16",53.7,1.4,2000,1210800,"B"
"DGW","11:25:13",53.7,1.4,3400,1208800,"B"
"DGW","11:25:11",53.7,1.4,500,1205400,"B"
"DGW","11:25:09",53.7,1.4,11300,1204900,"B"
"DGW","11:25:07",53.7,1.4,200,1193600,"B"
"DGW","11:25:06",53.7,1.4,200,1193400,"B"
"DGW","11:25:04",53.7,1.4,1000,1193200,"B"
"DGW","11:25:03",53.7,1.4,1100,1192200,"B"
"DGW","11:24:52",53.7,1.4,2500,1191100,"B"
"DGW","11:24:49",53.7,1.4,300,1188600,"B"
"DGW","11:24:47",53.8,1.5,2700,1188300,"S"
"DGW","11:24:45",53.7,1.4,3000,1185600,"B"
"DGW","11:24:42",53.7,1.4,2000,1182600,"B"
"DGW","11:24:34",53.7,1.4,100,1180600,"B"
"DGW","11:24:33",53.8,1.5,300,1180500,"S"
"DGW","11:24:32",53.7,1.4,1000,1180200,"B"
"DGW","11:24:28",53.7,1.4,200,1179200,"B"
"DGW","11:24:27",53.7,1.4,1300,1179000,"B"
"DGW","11:24:26",53.7,1.4,500,1177700,"B"
"DGW","11:24:25",53.7,1.4,4200,1177200,"S"
"DGW","11:24:19",53.7,1.4,1400,1173000,"B"
"DGW","11:24:19",53.8,1.5,100,1171600,"S"
"DGW","11:24:17",53.7,1.4,200,1171500,"B"
"DGW","11:24:15",53.7,1.4,100,1171300,"B"
"DGW","11:24:12",53.7,1.4,1000,1171200,"B"
"DGW","11:24:09",53.7,1.4,400,1170100,"S"
"DGW","11:24:09",53.7,1.4,3600,1169700,"B"
"DGW","11:24:07",53.7,1.4,10000,1159700,"S"
"DGW","11:24:05",53.6,1.3,200,1149700,"B"
"DGW","11:24:04",53.6,1.3,2000,1149500,"B"
"DGW","11:24:01",53.6,1.3,400,1147500,"B"
"DGW","11:24:00",53.7,1.4,100,1147100,"S"
"DGW","11:23:57",53.6,1.3,4200,1147000,"S"
"DGW","11:23:56",53.5,1.2,500,1142800,"B"
"DGW","11:23:55",53.5,1.2,2000,1142300,"B"
"DGW","11:23:54",53.6,1.3,17100,1140300,"S"
"DGW","11:23:52",53.6,1.3,100,1123200,"S"
"DGW","11:23:52",53.5,1.2,1000,1123100,"B"
"DGW","11:23:50",53.5,1.2,100,1122100,"S"
"DGW","11:23:49",53.5,1.2,11000,1122000,"S"
"DGW","11:23:49",53.5,1.2,200,1111000,"S"
"DGW","11:23:49",53.4,1.1,1000,1110800,"B"
"DGW","11:23:47",53.5,1.2,2000,1109800,"S"
"DGW","11:23:45",53.5,1.2,50000,1107800,"S"
"DGW","11:23:36",53.5,1.2,100,1057800,"S"
"DGW","11:23:36",53.4,1.1,2000,1057700,"B"
"DGW","11:23:33",53.4,1.1,2000,1055700,"B"
"DGW","11:23:31",53.5,1.2,100,1053700,"S"
"DGW","11:23:27",53.5,1.2,100,1053600,"S"
"DGW","11:23:22",53.4,1.1,1100,1053500,"S"
"DGW","11:23:22",53.4,1.1,5000,1052400,"S"
"DGW","11:23:18",53.4,1.1,700,1047400,"S"
"DGW","11:23:15",53.3,1,1100,1046600,"B"
"DGW","11:23:15",53.4,1.1,2100,1045500,"S"
"DGW","11:23:14",53.4,1.1,30400,1043400,"S"
"DGW","11:23:12",53.3,1,500,1013000,"B"
"DGW","11:23:08",53.3,1,4000,1012500,"B"
"DGW","11:23:06",53.3,1,15600,1008500,"S"
"DGW","11:23:04",53.3,1,500,992900,"S"
"DGW","11:23:03",53.3,1,20000,992400,"S"
"DGW","11:23:02",53.2,0.9,200,972400,"B"
"DGW","11:22:59",53.3,1,2000,972200,"S"
"DGW","11:22:58",53.2,0.9,100,970200,"B"
"DGW","11:22:51",53.2,0.9,100,970100,"B"
"DGW","11:22:50",53.2,0.9,200,970000,"B"
"DGW","11:22:50",53.3,1,500,969800,"S"
"DGW","11:22:35",53.2,0.9,4900,969300,"S"
"DGW","11:22:34",53.2,0.9,1100,964400,"S"
"DGW","11:22:32",53.2,0.9,11000,963300,"S"
"DGW","11:22:31",53.2,0.9,5000,952300,"S"
"DGW","11:22:21",53.1,0.8,500,947300,"B"
"DGW","11:22:14",53.1,0.8,100,946800,"B"
"DGW","11:22:11",53.1,0.8,400,946700,"B"
"DGW","11:22:03",53.2,0.9,10000,946300,"S"
"DGW","11:22:03",53.1,0.8,2000,936300,"B"
"DGW","11:21:59",53.1,0.8,100,934300,"B"
"DGW","11:21:55",53.1,0.8,600,934200,"S"
"DGW","11:21:50",53.1,0.8,5500,933600,"B"
"DGW","11:21:49",53.1,0.8,1000,928100,"B"
"DGW","11:21:46",53.1,0.8,1000,927100,"B"
"DGW","11:21:39",53.1,0.8,1600,926100,"S"
"DGW","11:21:31",53.1,0.8,6800,924500,"S"
"DGW","11:21:30",53.1,0.8,1200,917700,"S"
"DGW","11:21:15",53,0.7,600,916500,"B"
"DGW","11:21:09",53,0.7,1600,915900,"S"
"DGW","11:21:03",53,0.7,200,914300,"B"
"DGW","11:20:56",53.1,0.8,6300,914100,"S"
"DGW","11:20:56",53,0.7,1900,907800,"S"
"DGW","11:20:42",53,0.7,1000,905900,"S"
"DGW","11:20:38",52.9,0.6,200,904900,"B"
"DGW","11:20:37",53,0.7,100,904700,"S"
"DGW","11:20:36",52.9,0.6,300,904600,"B"
"DGW","11:20:23",53,0.7,900,904300,"B"
"DGW","11:20:18",53,0.7,200,903400,"B"
"DGW","11:20:08",53,0.7,100,903200,"S"
"DGW","11:20:07",53,0.7,400,903100,"S"
"DGW","11:19:51",53,0.7,100,902700,"B"
"DGW","11:19:44",53,0.7,400,902600,"B"
"DGW","11:19:39",53,0.7,500,902200,"S"
"DGW","11:19:37",53,0.7,1000,901700,"B"
"DGW","11:19:33",53,0.7,600,900700,"S"
"DGW","11:19:30",53,0.7,2000,900100,"S"
"DGW","11:19:29",53,0.7,1000,898100,"S"
"DGW","11:19:20",53,0.7,100,897100,"S"
"DGW","11:19:11",53,0.7,6000,897000,"S"
"DGW","11:19:11",53,0.7,100,891000,"S"
"DGW","11:19:07",53,0.7,5000,890900,"S"
"DGW","11:19:07",53,0.7,19700,885900,"B"
"DGW","11:19:05",53,0.7,1000,866200,"B"
"DGW","11:19:04",53,0.7,2000,865200,"B"
"DGW","11:19:02",53.1,0.8,500,863200,"S"
"DGW","11:18:58",53,0.7,300,862700,"B"
"DGW","11:18:52",53,0.7,4000,862400,"B"
"DGW","11:18:51",53,0.7,200,858400,"B"
"DGW","11:18:49",53.1,0.8,1000,858200,"S"
"DGW","11:18:42",53,0.7,3000,857200,"B"
"DGW","11:18:39",53,0.7,200,854200,"B"
"DGW","11:18:36",53.1,0.8,300,854000,"S"
"DGW","11:18:32",53,0.7,200,853700,"B"
"DGW","11:18:29",53,0.7,400,853500,"B"
"DGW","11:18:23",53,0.7,5100,853100,"B"
"DGW","11:18:17",53,0.7,1000,848000,"B"
"DGW","11:18:04",53,0.7,500,847000,"B"
"DGW","11:18:04",53,0.7,1000,846500,"B"
"DGW","11:17:57",53,0.7,2000,845500,"B"
"DGW","11:17:50",53.1,0.8,200,843500,"S"
"DGW","11:17:43",53.1,0.8,3000,843300,"S"
"DGW","11:17:36",53.1,0.8,200,840300,"B"
"DGW","11:17:33",53.1,0.8,800,840100,"S"
"DGW","11:17:31",53.1,0.8,200,839300,"S"
"DGW","11:17:29",53,0.7,8100,839100,"B"
"DGW","11:17:29",53.1,0.8,1900,831000,"B"
"DGW","11:17:27",53.1,0.8,100,829100,"B"
"DGW","11:17:24",53.1,0.8,3000,829000,"B"
"DGW","11:17:13",53.2,0.9,1200,826000,"B"
"DGW","11:17:10",53.2,0.9,2500,824800,"B"
"DGW","11:17:10",53.2,0.9,100,822300,"B"
"DGW","11:17:07",53.2,0.9,1500,822200,"B"
"DGW","11:17:06",53.2,0.9,300,820700,"B"
"DGW","11:17:05",53.2,0.9,1000,820400,"B"
"DGW","11:17:04",53.2,0.9,500,819400,"B"
"DGW","11:17:03",53.2,0.9,1000,818900,"B"
"DGW","11:17:02",53.2,0.9,200,817900,"B"
"DGW","11:16:56",53.2,0.9,800,817700,"B"
"DGW","11:16:54",53.2,0.9,100,816900,"B"
"DGW","11:16:52",53.2,0.9,1000,816800,"B"
"DGW","11:16:46",53.2,0.9,15200,815800,"S"
"DGW","11:16:35",53.2,0.9,100,800600,"S"
"DGW","11:16:33",53.2,0.9,3400,800500,"B"
"DGW","11:16:30",53.2,0.9,2100,797100,"B"
"DGW","11:16:30",53.3,1,700,795000,"S"
"DGW","11:16:30",53.2,0.9,500,794300,"B"
"DGW","11:16:25",53.2,0.9,300,793800,"B"
"DGW","11:16:24",53.2,0.9,300,793500,"B"
"DGW","11:16:19",53.2,0.9,500,793200,"B"
"DGW","11:16:13",53.3,1,400,792700,"S"
"DGW","11:16:11",53.3,1,200,792300,"S"
"DGW","11:16:08",53.3,1,500,792100,"S"
"DGW","11:16:07",53.3,1,500,791600,"S"
"DGW","11:16:04",53.2,0.9,2000,791100,"B"
"DGW","11:16:00",53.3,1,200,789100,"S"
"DGW","11:15:57",53.3,1,300,788900,"S"
"DGW","11:15:55",53.3,1,3500,788600,"B"
"DGW","11:15:51",53.4,1.1,200,785100,"S"
"DGW","11:15:48",53.4,1.1,500,784900,"S"
"DGW","11:15:40",53.4,1.1,1000,784400,"S"
"DGW","11:15:37",53.4,1.1,200,783400,"S"
"DGW","11:15:36",53.4,1.1,1300,783200,"S"
"DGW","11:15:36",53.3,1,500,781900,"B"
"DGW","11:15:35",53.4,1.1,200,781400,"S"
"DGW","11:15:33",53.4,1.1,200,781200,"S"
"DGW","11:15:32",53.4,1.1,100,781000,"S"
"DGW","11:15:31",53.4,1.1,3700,780900,"B"
"DGW","11:15:28",53.4,1.1,2300,777200,"S"
"DGW","11:15:26",53.4,1.1,300,774900,"S"
"DGW","11:15:25",53.4,1.1,100,774600,"S"
"DGW","11:15:23",53.4,1.1,100,774500,"S"
"DGW","11:15:21",53.3,1,200,774400,"B"
"DGW","11:15:21",53.4,1.1,2000,774200,"S"
"DGW","11:15:20",53.3,1,7200,772200,"S"
"DGW","11:15:19",53.3,1,1500,765000,"S"
"DGW","11:15:18",53.3,1,300,763500,"S"
"DGW","11:15:15",53.2,0.9,200,763200,"B"
"DGW","11:15:12",53.2,0.9,500,763000,"B"
"DGW","11:15:11",53.2,0.9,400,762500,"S"
"DGW","11:15:09",53.2,0.9,2000,762100,"S"
"DGW","11:15:07",53.2,0.9,3600,760100,"S"
"DGW","11:15:07",53.1,0.8,400,756500,"S"
"DGW","11:15:05",53,0.7,200,756100,"B"
"DGW","11:15:03",53,0.7,1000,755900,"B"
"DGW","11:15:03",53.1,0.8,100,754900,"S"
"DGW","11:15:00",53.2,0.9,3700,754800,"S"
"DGW","11:15:00",53.1,0.8,6300,751100,"S"
"DGW","11:14:58",53,0.7,5700,744800,"S"
"DGW","11:14:57",53,0.7,22800,739100,"S"
"DGW","11:14:56",53,0.7,22900,716300,"S"
"DGW","11:14:54",53,0.7,28000,693400,"S"
"DGW","11:14:52",53,0.7,20000,665400,"S"
"DGW","11:14:50",53,0.7,5000,645400,"S"
"DGW","11:14:42",53,0.7,100,640400,"S"
"DGW","11:14:39",52.9,0.6,1000,640300,"B"
"DGW","11:14:37",53,0.7,800,639300,"S"
"DGW","11:14:37",52.9,0.6,1600,638500,"S"
"DGW","11:14:36",52.9,0.6,500,636900,"S"
"DGW","11:14:33",52.9,0.6,900,636400,"B"
"DGW","11:14:32",52.9,0.6,1000,635500,"B"
"DGW","11:14:31",52.9,0.6,8200,634500,"S"
"DGW","11:14:30",52.9,0.6,200,626300,"S"
"DGW","11:14:29",52.9,0.6,5000,626100,"S"
"DGW","11:14:28",52.9,0.6,200,621100,"S"
"DGW","11:14:27",52.9,0.6,4000,620900,"S"
"DGW","11:14:26",52.9,0.6,30000,616900,"S"
"DGW","11:14:25",52.8,0.5,2200,586900,"B"
"DGW","11:14:25",52.9,0.6,2500,584700,"S"
"DGW","11:14:24",52.9,0.6,100,582200,"S"
"DGW","11:14:17",52.9,0.6,600,582100,"S"
"DGW","11:14:15",52.9,0.6,2400,581500,"S"
"DGW","11:14:14",52.9,0.6,200,579100,"S"
"DGW","11:14:09",52.9,0.6,5000,578900,"S"
"DGW","11:14:07",52.9,0.6,100,573900,"S"
"DGW","11:14:06",52.8,0.5,500,573800,"B"
"DGW","11:14:04",52.9,0.6,5700,573300,"S"
"DGW","11:13:59",52.9,0.6,1000,567600,"S"
"DGW","11:13:54",52.8,0.5,15100,566600,"S"
"DGW","11:13:53",52.8,0.5,2000,551500,"S"
"DGW","11:13:51",52.8,0.5,500,549500,"S"
"DGW","11:13:50",52.8,0.5,1000,549000,"S"
"DGW","11:13:49",52.8,0.5,1000,548000,"S"
"DGW","11:13:48",52.7,0.4,200,547000,"B"
"DGW","11:13:47",52.8,0.5,1900,546800,"S"
"DGW","11:13:47",52.8,0.5,4000,544900,"S"
"DGW","11:13:46",52.7,0.4,4500,540900,"B"
"DGW","11:13:44",52.8,0.5,10000,536400,"S"
"DGW","11:13:39",52.7,0.4,200,526400,"B"
"DGW","11:13:39",52.8,0.5,5000,526200,"S"
"DGW","11:13:37",52.8,0.5,200,521200,"S"
"DGW","11:13:37",52.8,0.5,4800,521000,"S"
"DGW","11:13:36",52.8,0.5,500,516200,"S"
"DGW","11:13:31",52.8,0.5,5000,515700,"S"
"DGW","11:13:30",52.8,0.5,2000,510700,"S"
"DGW","11:13:28",52.8,0.5,3000,508700,"S"
"DGW","11:13:22",52.8,0.5,100,505700,"S"
"DGW","11:13:19",52.7,0.4,100,505600,"B"
"DGW","11:13:15",52.7,0.4,3800,505500,"S"
"DGW","11:13:13",52.7,0.4,500,501700,"S"
"DGW","11:13:13",52.7,0.4,3000,501200,"S"
"DGW","11:13:10",52.7,0.4,1000,498000,"S"
"DGW","11:13:05",52.7,0.4,13200,497000,"S"
"DGW","11:13:04",52.6,0.3,1000,483800,"B"
"DGW","11:12:57",52.6,0.3,300,482800,"B"
"DGW","11:12:55",52.7,0.4,100,482500,"S"
"DGW","11:12:42",52.6,0.3,1200,482400,"S"
"DGW","11:12:41",52.6,0.3,2300,481200,"S"
"DGW","11:12:40",52.6,0.3,500,478900,"S"
"DGW","11:12:38",52.6,0.3,10000,478400,"S"
"DGW","11:12:11",52.6,0.3,1000,468400,"S"
"DGW","11:12:07",52.5,0.2,100,467400,"B"
"DGW","11:12:04",52.6,0.3,20000,467300,"S"
"DGW","11:11:53",52.5,0.2,300,447300,"B"
"DGW","11:11:46",52.6,0.3,100,447000,"S"
"DGW","11:11:40",52.5,0.2,33900,446900,"S"
"DGW","11:11:33",52.5,0.2,1000,413000,"S"
"DGW","11:10:56",52.5,0.2,100,412000,"S"
"DGW","11:10:02",52.5,0.2,1300,411900,"S"
"DGW","11:08:52",52.5,0.2,200,410600,"S"
"DGW","11:08:44",52.4,0.1,1000,410400,"B"
"DGW","11:08:19",52.4,0.1,200,409400,"B"
"DGW","11:08:10",52.4,0.1,200,409200,"B"
"DGW","11:07:43",52.4,0.1,2000,409000,"B"
"DGW","11:07:31",52.5,0.2,200,407000,"S"
"DGW","11:06:30",52.5,0.2,3000,406800,"S"
"DGW","11:05:36",52.4,0.1,400,403800,"B"
"DGW","11:05:32",52.4,0.1,10000,403400,"B"
"DGW","11:05:23",52.5,0.2,1000,393400,"S"
"DGW","11:05:17",52.5,0.2,2000,392400,"S"
"DGW","11:05:13",52.5,0.2,300,390400,"S"
"DGW","11:05:06",52.5,0.2,1500,390100,"S"
"DGW","11:04:54",52.5,0.2,2000,388600,"S"
"DGW","11:04:45",52.5,0.2,10000,386600,"S"
"DGW","11:04:37",52.5,0.2,5000,376600,"S"
"DGW","11:03:57",52.5,0.2,200,371600,"S"
"DGW","11:03:47",52.5,0.2,100,371400,"S"
"DGW","11:02:17",52.4,0.1,2000,371300,"B"
"DGW","11:01:33",52.4,0.1,100,369300,"B"
"DGW","11:00:27",52.4,0.1,600,369200,"S"
"DGW","11:00:17",52.4,0.1,100,368600,"S"
"DGW","11:00:15",52.4,0.1,200,368500,"S"
"DGW","11:00:12",52.3,0,100,368300,"B"
"DGW","11:00:10",52.4,0.1,200,368200,"S"
"DGW","11:00:08",52.4,0.1,10000,368000,"S"
"DGW","10:59:48",52.4,0.1,1000,358000,"S"
"DGW","10:59:43",52.4,0.1,2000,357000,"S"
"DGW","10:58:55",52.4,0.1,100,355000,"S"
"DGW","10:58:35",52.3,0,1300,354900,"B"
"DGW","10:58:20",52.4,0.1,10200,353600,"S"
"DGW","10:58:01",52.4,0.1,1000,343400,"S"
"DGW","10:57:58",52.4,0.1,2000,342400,"S"
"DGW","10:57:46",52.3,0,200,340400,"B"
"DGW","10:57:30",52.4,0.1,100,340200,"S"
"DGW","10:56:38",52.4,0.1,100,340100,"S"
"DGW","10:55:58",52.4,0.1,700,340000,"S"
"DGW","10:54:57",52.4,0.1,500,339300,"S"
"DGW","10:54:45",52.4,0.1,100,338800,"S"
"DGW","10:54:40",52.3,0,700,338700,"B"
"DGW","10:54:32",52.3,0,200,338000,"S"
"DGW","10:54:24",52.3,0,300,337800,"S"
"DGW","10:54:19",52.3,0,100,337500,"S"
"DGW","10:53:55",52.3,0,300,337400,"S"
"DGW","10:53:29",52.3,0,100,337100,"S"
"DGW","10:53:27",52.3,0,4100,337000,"B"
"DGW","10:53:19",52.3,0,600,332900,"B"
"DGW","10:53:05",52.3,0,2000,332300,"B"
"DGW","10:52:28",52.3,0,100,330300,"B"
"DGW","10:52:09",52.3,0,5000,330200,"B"
"DGW","10:51:38",52.3,0,1000,325200,"B"
"DGW","10:51:17",52.3,0,800,324200,"B"
"DGW","10:50:23",52.3,0,4400,323400,"S"
"DGW","10:49:46",52.3,0,300,319000,"S"
"DGW","10:49:30",52.3,0,500,318700,"S"
"DGW","10:48:57",52.3,0,200,318200,"S"
"DGW","10:48:56",52.3,0,5700,318000,"B"
"DGW","10:47:45",52.4,0.1,800,312300,"S"
"DGW","10:47:44",52.4,0.1,700,311500,"B"
"DGW","10:47:42",52.4,0.1,1000,310800,"B"
"DGW","10:47:39",52.4,0.1,500,309800,"B"
"DGW","10:47:09",52.4,0.1,3100,309300,"S"
"DGW","10:47:02",52.4,0.1,2100,306200,"B"
"DGW","10:46:57",52.4,0.1,400,304100,"B"
"DGW","10:46:42",52.4,0.1,200,303700,"B"
"DGW","10:46:38",52.4,0.1,100,303500,"B"
"DGW","10:46:31",52.4,0.1,1000,303400,"B"
"DGW","10:46:30",52.4,0.1,500,302400,"B"
"DGW","10:46:23",52.4,0.1,1400,301900,"B"
"DGW","10:46:20",52.4,0.1,500,300500,"B"
"DGW","10:46:17",52.5,0.2,200,300000,"S"
"DGW","10:46:01",52.5,0.2,100,299800,"S"
"DGW","10:45:52",52.5,0.2,500,299700,"S"
"DGW","10:45:47",52.5,0.2,500,299200,"S"
"DGW","10:45:33",52.5,0.2,5000,298700,"S"
"DGW","10:45:30",52.5,0.2,1000,293700,"S"
"DGW","10:45:28",52.5,0.2,300,292700,"S"
"DGW","10:45:13",52.5,0.2,2800,292400,"S"
"DGW","10:45:11",52.5,0.2,100,289600,"S"
"DGW","10:45:08",52.4,0.1,200,289500,"B"
"DGW","10:45:02",52.4,0.1,800,289300,"S"
"DGW","10:45:01",52.4,0.1,300,288500,"S"
"DGW","10:44:56",52.4,0.1,700,288200,"S"
"DGW","10:44:52",52.4,0.1,1800,287500,"S"
"DGW","10:44:51",52.4,0.1,3000,285700,"S"
"DGW","10:44:40",52.4,0.1,400,282700,"S"
"DGW","10:44:29",52.4,0.1,200,282300,"S"
"DGW","10:44:20",52.4,0.1,100,282100,"S"
"DGW","10:44:18",52.3,0,400,282000,"S"
"DGW","10:44:11",52.3,0,500,281600,"S"
"DGW","10:44:08",52.3,0,2000,281100,"S"
"DGW","10:44:06",52.3,0,100,279100,"S"
"DGW","10:44:04",52.3,0,5000,279000,"S"
"DGW","10:44:03",52.3,0,5000,274000,"S"
"DGW","10:44:02",52.3,0,3000,269000,"S"
"DGW","10:44:00",52.3,0,600,266000,"S"
"DGW","10:43:43",52.3,0,7000,265400,"S"
"DGW","10:43:32",52.3,0,300,258400,"S"
"DGW","10:43:29",52.3,0,300,258100,"S"
"DGW","10:43:26",52.3,0,3000,257800,"S"
"DGW","10:43:25",52.3,0,4000,254800,"S"
"DGW","10:43:19",52.3,0,2100,250800,"S"
"DGW","10:42:57",52.3,0,1000,248700,"S"
"DGW","10:42:41",52.3,0,600,247700,"S"
"DGW","10:42:11",52.2,-0.1,100,247100,"B"
"DGW","10:42:01",52.2,-0.1,200,247000,"B"
"DGW","10:41:45",52.3,0,1600,246800,"S"
"DGW","10:41:03",52.2,-0.1,300,245200,"B"
"DGW","10:40:43",52.3,0,1000,244900,"S"
"DGW","10:40:28",52.3,0,200,243900,"S"
"DGW","10:39:29",52.3,0,1500,243700,"S"
"DGW","10:39:11",52.3,0,200,242200,"S"
"DGW","10:39:01",52.3,0,2000,242000,"S"
"DGW","10:37:35",52.3,0,100,240000,"S"
"DGW","10:37:22",52.2,-0.1,5000,239900,"B"
"DGW","10:36:47",52.3,0,500,234900,"S"
"DGW","10:36:45",52.2,-0.1,1900,234400,"S"
"DGW","10:36:25",52.2,-0.1,500,232500,"S"
"DGW","10:36:10",52.2,-0.1,700,232000,"B"
"DGW","10:35:43",52.2,-0.1,5000,231300,"B"
"DGW","10:35:32",52.2,-0.1,300,226300,"B"
"DGW","10:34:23",52.2,-0.1,500,226000,"B"
"DGW","10:34:03",52.2,-0.1,1400,225500,"B"
"DGW","10:33:54",52.2,-0.1,100,224100,"B"
"DGW","10:33:42",52.2,-0.1,1900,224000,"S"
"DGW","10:33:25",52.2,-0.1,6300,222100,"B"
"DGW","10:33:17",52.3,0,100,215800,"S"
"DGW","10:32:30",52.2,-0.1,1000,215700,"B"
"DGW","10:31:41",52.2,-0.1,600,214700,"S"
"DGW","10:31:19",52.1,-0.2,300,214100,"B"
"DGW","10:31:18",52.2,-0.1,1900,213800,"S"
"DGW","10:31:11",52.2,-0.1,3100,211900,"S"
"DGW","10:31:10",52.2,-0.1,5000,208800,"S"
"DGW","10:31:02",52.1,-0.2,600,203800,"B"
"DGW","10:30:41",52.1,-0.2,200,203200,"B"
"DGW","10:29:53",52.2,-0.1,2000,203000,"S"
"DGW","10:29:16",52.2,-0.1,1500,201000,"S"
"DGW","10:29:00",52.1,-0.2,100,199500,"B"
"DGW","10:28:57",52.2,-0.1,700,199400,"S"
"DGW","10:28:24",52.1,-0.2,1500,198700,"B"
"DGW","10:28:23",52.1,-0.2,1000,197200,"B"
"DGW","10:27:59",52.1,-0.2,5000,196200,"B"
"DGW","10:27:44",52.2,-0.1,2700,191200,"S"
"DGW","10:27:05",52.2,-0.1,500,188500,"S"
"DGW","10:26:41",52.2,-0.1,1000,188000,"S"
"DGW","10:26:37",52.1,-0.2,1000,187000,"B"
"DGW","10:26:22",52.2,-0.1,1000,186000,"S"
"DGW","10:26:07",52.2,-0.1,2000,185000,"S"
"DGW","10:25:46",52.2,-0.1,1000,183000,"S"
"DGW","10:25:22",52.1,-0.2,21700,182000,"S"
"DGW","10:25:16",52.1,-0.2,1500,160300,"S"
"DGW","10:24:49",52.1,-0.2,3900,158800,"S"
"DGW","10:24:33",52.1,-0.2,500,154900,"S"
"DGW","10:24:14",52,-0.3,300,154400,"B"
"DGW","10:23:40",52,-0.3,1000,154100,"B"
"DGW","10:23:17",52.1,-0.2,100,153100,"S"
"DGW","10:23:16",52,-0.3,1500,153000,"B"
"DGW","10:22:53",52,-0.3,900,151500,"B"
"DGW","10:22:41",52,-0.3,1100,150600,"B"
"DGW","10:22:40",52,-0.3,100,149500,"B"
"DGW","10:21:59",52,-0.3,1000,149400,"B"
"DGW","10:21:58",52.1,-0.2,100,148400,"S"
"DGW","10:20:30",52.2,-0.1,100,148300,"S"
"DGW","10:20:20",52,-0.3,100,148200,"B"
"DGW","10:20:19",52,-0.3,1000,148000,"B"
"DGW","10:20:17",52,-0.3,100,147000,"B"
"DGW","10:18:37",52,-0.3,1500,146900,"B"
"DGW","10:18:33",52.2,-0.1,300,145400,"S"
"DGW","10:17:25",52,-0.3,2000,145100,"B"
"DGW","10:17:11",52,-0.3,300,143100,"B"
"DGW","10:16:59",52.1,-0.2,2900,142800,"S"
"DGW","10:16:39",52,-0.3,1300,139900,"B"
"DGW","10:15:54",52,-0.3,800,138600,"B"
"DGW","10:15:54",52.1,-0.2,500,137800,"S"
"DGW","10:14:11",52.1,-0.2,300,137300,"S"
"DGW","10:14:09",52,-0.3,200,137000,"B"
"DGW","10:12:45",52,-0.3,600,136800,"B"
"DGW","10:12:03",52,-0.3,500,136200,"B"
"DGW","10:10:04",52.1,-0.2,200,135700,"S"
"DGW","10:09:34",52.1,-0.2,1100,135500,"S"
"DGW","10:09:26",52.1,-0.2,100,134400,"B"
"DGW","10:09:07",52.1,-0.2,100,134300,"B"
"DGW","10:07:36",52.1,-0.2,300,134200,"B"
"DGW","10:07:09",52.1,-0.2,3000,133900,"B"
"DGW","10:05:07",52.1,-0.2,100,130900,"B"
"DGW","10:04:50",52.1,-0.2,500,130800,"B"
"DGW","10:04:31",52.1,-0.2,3500,130300,"B"
"DGW","10:04:25",52.1,-0.2,2000,126800,"B"
"DGW","10:04:07",52.1,-0.2,500,124800,"B"
"DGW","10:03:09",52.1,-0.2,5400,124300,"S"
"DGW","10:02:10",52,-0.3,2600,118900,"S"
"DGW","10:02:10",52,-0.3,3000,116300,"S"
"DGW","10:01:50",52,-0.3,1000,113300,"S"
"DGW","10:00:58",51.9,-0.4,100,112300,"S"
"DGW","10:00:45",51.9,-0.4,1000,112200,"S"
"DGW","10:00:41",51.9,-0.4,3900,111200,"B"
"DGW","10:00:41",52,-0.3,200,107300,"S"
"DGW","10:00:40",51.9,-0.4,400,107100,"B"
"DGW","10:00:14",51.9,-0.4,100,106700,"B"
"DGW","09:59:19",51.9,-0.4,300,106600,"B"
"DGW","09:59:17",51.9,-0.4,200,106300,"B"
"DGW","09:57:28",51.9,-0.4,100,106100,"B"
"DGW","09:57:07",51.8,-0.5,200,106000,"S"
"DGW","09:57:00",51.8,-0.5,100,105800,"S"
"DGW","09:56:52",51.8,-0.5,200,105700,"B"
"DGW","09:56:14",51.6,-0.7,200,105500,"B"
"DGW","09:56:14",51.8,-0.5,100,105300,"B"
"DGW","09:56:07",51.6,-0.7,3000,105200,"B"
"DGW","09:56:07",51.7,-0.6,7300,102200,"B"
"DGW","09:56:07",51.8,-0.5,14300,94900,"B"
"DGW","09:56:07",51.9,-0.4,2400,80600,"B"
"DGW","09:56:06",51.9,-0.4,100,78200,"S"
"DGW","09:56:05",51.9,-0.4,500,78100,"S"
"DGW","09:55:56",51.9,-0.4,100,77600,"S"
"DGW","09:55:55",51.9,-0.4,1000,77500,"S"
"DGW","09:55:48",51.9,-0.4,200,76500,"S"
"DGW","09:55:21",51.9,-0.4,1200,76300,"B"
"DGW","09:54:35",51.9,-0.4,2000,75100,"B"
"DGW","09:54:27",51.9,-0.4,300,73100,"B"
"DGW","09:54:19",51.9,-0.4,6000,72800,"B"
"DGW","09:52:53",52,-0.3,7000,66800,"B"
"DGW","09:48:40",52.1,-0.2,100,59800,"S"
"DGW","09:48:39",52.1,-0.2,2100,59700,"B"
"DGW","09:48:15",52.1,-0.2,5000,57600,"B"
"DGW","09:48:10",52.1,-0.2,100,52600,"B"
"DGW","09:43:47",52.1,-0.2,200,52500,"B"
"DGW","09:43:21",52.2,-0.1,100,52300,"S"
"DGW","09:42:17",52.1,-0.2,600,52200,"B"
"DGW","09:42:02",52.1,-0.2,1000,51600,"B"
"DGW","09:41:17",52.1,-0.2,400,50600,"S"
"DGW","09:41:08",52.1,-0.2,200,50200,"S"
"DGW","09:40:45",52.1,-0.2,1900,50000,"B"
"DGW","09:40:16",52.1,-0.2,1000,48100,"B"
"DGW","09:40:14",52.1,-0.2,400,47100,"B"
"DGW","09:39:32",52.1,-0.2,1000,46700,"B"
"DGW","09:39:11",52.1,-0.2,600,45700,"S"
"DGW","09:38:01",52.1,-0.2,100,45100,"S"
"DGW","09:37:47",52,-0.3,300,45000,"B"
"DGW","09:36:27",52,-0.3,9800,44700,"S"
"DGW","09:36:14",52,-0.3,500,34900,"S"
"DGW","09:36:08",52,-0.3,1000,33900,"S"
"DGW","09:36:06",52,-0.3,500,32900,"S"
"DGW","09:35:39",52,-0.3,500,32400,"S"
"DGW","09:35:38",52,-0.3,100,31900,"S"
"DGW","09:35:21",52,-0.3,1100,31800,"S"
"DGW","09:32:50",51.9,-0.4,500,30700,"B"
"DGW","09:32:43",51.9,-0.4,5700,30200,"B"
"DGW","09:31:24",51.9,-0.4,500,24500,"B"
"DGW","09:31:02",51.9,-0.4,200,24000,"B"
"DGW","09:29:38",52,-0.3,100,23800,"S"
"DGW","09:29:16",51.9,-0.4,2600,23700,"B"
"DGW","09:28:57",51.9,-0.4,100,21100,"B"
"DGW","09:28:50",51.9,-0.4,400,21000,"B"
"DGW","09:27:17",52,-0.3,100,20600,"S"
"DGW","09:25:25",52,-0.3,500,20500,"S"
"DGW","09:25:18",52,-0.3,100,20000,"S"
"DGW","09:25:07",52,-0.3,600,19900,"S"
"DGW","09:25:05",52,-0.3,200,19300,"S"
"DGW","09:25:03",52,-0.3,1000,19100,"S"
"DGW","09:24:13",52,-0.3,100,18100,"S"
"DGW","09:24:05",52,-0.3,4100,18000,"S"
"DGW","09:22:48",52,-0.3,100,13900,"B"
"DGW","09:22:48",52,-0.3,3100,13800,"B"
"DGW","09:22:42",52,-0.3,200,10700,"B"
"DGW","09:22:38",52.2,-0.1,100,10500,"S"
"DGW","09:22:04",52,-0.3,100,10400,"B"
"DGW","09:21:11",52,-0.3,300,10300,"B"
"DGW","09:18:20",51.9,-0.4,3500,10000,"B"
"DGW","09:17:47",51.9,-0.4,200,6500,"B"
"DGW","09:17:14",52.3,0,200,6300,"S"
"DGW","09:16:27",51.8,-0.5,100,6100,"B"
"DGW","09:16:27",52,-0.3,300,6000,"B"
"DGW","09:16:27",52.1,-0.2,100,5700,"B"
"DGW","09:15:35",52.3,0,3000,5600,"S"
"DGW","09:15:34",52.3,0,100,2600,"S"
"DGW","09:15:00",52.2,-0.1,2500,2500,
