"symbol","time","price","change","vol","total","side"
"HAH","14:45:04",38.6,0.55,123100,3303800,
"HAH","14:29:55",38.5,0.45,500,3180700,"B"
"HAH","14:29:50",38.5,0.45,2000,3180200,"B"
"HAH","14:29:41",38.5,0.45,19100,3178200,"S"
"HAH","14:29:38",38.45,0.4,1200,3159100,"B"
"HAH","14:29:33",38.5,0.45,100,3157900,"S"
"HAH","14:29:33",38.5,0.45,100,3157800,"S"
"HAH","14:29:28",38.5,0.45,200,3157700,"S"
"HAH","14:29:25",38.5,0.45,500,3157500,"S"
"HAH","14:29:16",38.5,0.45,500,3157000,"S"
"HAH","14:29:13",38.45,0.4,500,3156500,"B"
"HAH","14:29:12",38.5,0.45,1100,3156000,"S"
"HAH","14:29:09",38.5,0.45,5000,3154900,"S"
"HAH","14:29:07",38.45,0.4,15000,3149900,"B"
"HAH","14:28:38",38.45,0.4,2900,3134900,"B"
"HAH","14:28:30",38.5,0.45,100,3132000,"S"
"HAH","14:28:13",38.5,0.45,2000,3131900,"S"
"HAH","14:28:10",38.5,0.45,700,3129900,"S"
"HAH","14:28:02",38.45,0.4,500,3129200,"B"
"HAH","14:27:46",38.45,0.4,900,3128700,"B"
"HAH","14:27:43",38.5,0.45,100,3127800,"S"
"HAH","14:27:38",38.45,0.4,1000,3127700,"B"
"HAH","14:27:30",38.5,0.45,200,3126700,"S"
"HAH","14:27:06",38.5,0.45,100,3126500,"S"
"HAH","14:27:00",38.45,0.4,200,3126400,"B"
"HAH","14:26:45",38.5,0.45,100,3126200,"S"
"HAH","14:26:44",38.45,0.4,100,3126100,"B"
"HAH","14:26:38",38.5,0.45,500,3126000,"S"
"HAH","14:26:25",38.5,0.45,200,3125500,"S"
"HAH","14:26:24",38.5,0.45,5000,3125300,"S"
"HAH","14:26:22",38.5,0.45,2500,3120300,"B"
"HAH","14:26:21",38.5,0.45,2500,3117800,"S"
"HAH","14:26:20",38.5,0.45,500,3115300,"B"
"HAH","14:26:18",38.5,0.45,100,3114800,"B"
"HAH","14:26:15",38.5,0.45,2000,3114700,"B"
"HAH","14:26:14",38.5,0.45,1300,3112700,"B"
"HAH","14:26:12",38.55,0.5,500,3111400,"S"
"HAH","14:26:00",38.5,0.45,100,3110900,"B"
"HAH","14:25:59",38.5,0.45,27800,3110800,"B"
"HAH","14:25:56",38.5,0.45,6500,3083000,"B"
"HAH","14:25:53",38.5,0.45,30000,3076500,"B"
"HAH","14:25:18",38.5,0.45,800,3046500,"B"
"HAH","14:25:16",38.55,0.5,400,3045700,"S"
"HAH","14:25:05",38.5,0.45,100,3045300,"B"
"HAH","14:24:39",38.5,0.45,500,3045200,"B"
"HAH","14:24:38",38.5,0.45,1100,3044700,"B"
"HAH","14:24:34",38.55,0.5,100,3043600,"S"
"HAH","14:24:20",38.55,0.5,100,3043500,"S"
"HAH","14:24:07",38.55,0.5,500,3043400,"S"
"HAH","14:24:00",38.55,0.5,400,3042900,"S"
"HAH","14:23:45",38.55,0.5,9900,3042500,"B"
"HAH","14:23:44",38.55,0.5,3200,3032600,"B"
"HAH","14:23:43",38.55,0.5,1600,3029400,"B"
"HAH","14:23:39",38.55,0.5,500,3027800,"B"
"HAH","14:23:38",38.55,0.5,500,3027300,"B"
"HAH","14:23:31",38.55,0.5,2000,3026800,"B"
"HAH","14:23:21",38.55,0.5,15000,3024800,"B"
"HAH","14:23:19",38.55,0.5,100,3009800,"B"
"HAH","14:23:16",38.6,0.55,100,3009700,"S"
"HAH","14:23:02",38.6,0.55,500,3009600,"S"
"HAH","14:22:58",38.55,0.5,300,3009100,"B"
"HAH","14:22:56",38.55,0.5,10000,3008800,"B"
"HAH","14:22:53",38.6,0.55,2000,2998800,"S"
"HAH","14:22:31",38.55,0.5,3700,2996800,"B"
"HAH","14:22:11",38.55,0.5,100,2993100,"B"
"HAH","14:21:59",38.6,0.55,2600,2993000,"S"
"HAH","14:21:56",38.6,0.55,7300,2990400,"S"
"HAH","14:21:31",38.6,0.55,500,2983100,"S"
"HAH","14:21:25",38.6,0.55,1000,2982600,"S"
"HAH","14:20:47",38.6,0.55,100,2981600,"S"
"HAH","14:20:38",38.6,0.55,100,2981500,"S"
"HAH","14:20:25",38.6,0.55,100,2981400,"S"
"HAH","14:19:51",38.6,0.55,1500,2981300,"S"
"HAH","14:19:45",38.6,0.55,3200,2979800,"S"
"HAH","14:19:41",38.6,0.55,100,2976600,"S"
"HAH","14:19:40",38.6,0.55,1300,2976500,"S"
"HAH","14:19:16",38.6,0.55,2200,2975200,"S"
"HAH","14:18:48",38.6,0.55,10000,2973000,"S"
"HAH","14:17:52",38.6,0.55,2000,2963000,"S"
"HAH","14:17:37",38.6,0.55,1000,2961000,"S"
"HAH","14:17:29",38.55,0.5,300,2960000,"B"
"HAH","14:16:57",38.55,0.5,500,2959700,"B"
"HAH","14:16:55",38.55,0.5,900,2959200,"B"
"HAH","14:16:44",38.55,0.5,400,2958300,"B"
"HAH","14:16:26",38.55,0.5,500,2957900,"B"
"HAH","14:15:51",38.6,0.55,15000,2957400,"B"
"HAH","14:15:42",38.6,0.55,46000,2942400,"B"
"HAH","14:15:36",38.6,0.55,100,2896400,"B"
"HAH","14:14:58",38.6,0.55,400,2896300,"B"
"HAH","14:14:51",38.6,0.55,1000,2895900,"B"
"HAH","14:14:33",38.65,0.6,400,2894900,"S"
"HAH","14:13:58",38.65,0.6,1000,2894500,"S"
"HAH","14:13:24",38.65,0.6,700,2893500,"B"
"HAH","14:13:20",38.65,0.6,10000,2892800,"B"
"HAH","14:13:07",38.65,0.6,4000,2882800,"B"
"HAH","14:12:31",38.65,0.6,400,2878800,"B"
"HAH","14:12:21",38.65,0.6,2000,2878400,"B"
"HAH","14:12:19",38.65,0.6,100,2876400,"B"
"HAH","14:11:58",38.65,0.6,300,2876300,"B"
"HAH","14:11:47",38.65,0.6,200,2876000,"B"
"HAH","14:11:42",38.65,0.6,500,2875800,"B"
"HAH","14:11:22",38.65,0.6,1000,2875300,"B"
"HAH","14:11:20",38.65,0.6,8300,2874300,"B"
"HAH","14:11:15",38.65,0.6,10000,2866000,"B"
"HAH","14:10:56",38.65,0.6,4000,2856000,"B"
"HAH","14:10:33",38.65,0.6,5100,2852000,"B"
"HAH","14:10:14",38.7,0.65,5300,2846900,"B"
"HAH","14:10:13",38.7,0.65,100,2841600,"B"
"HAH","14:10:12",38.7,0.65,6000,2841500,"B"
"HAH","14:10:11",38.7,0.65,500,2835500,"B"
"HAH","14:10:07",38.7,0.65,3000,2835000,"B"
"HAH","14:10:03",38.7,0.65,1500,2832000,"B"
"HAH","14:09:57",38.7,0.65,1000,2830500,"B"
"HAH","14:09:50",38.7,0.65,1900,2829500,"B"
"HAH","14:09:35",38.7,0.65,500,2827600,"B"
"HAH","14:09:29",38.7,0.65,300,2827100,"B"
"HAH","14:08:48",38.7,0.65,1000,2826800,"B"
"HAH","14:08:17",38.75,0.7,500,2825800,"S"
"HAH","14:07:53",38.75,0.7,3000,2825300,"S"
"HAH","14:07:50",38.7,0.65,1000,2822300,"B"
"HAH","14:07:33",38.7,0.65,9000,2821300,"B"
"HAH","14:07:17",38.75,0.7,2000,2812300,"S"
"HAH","14:06:58",38.7,0.65,10000,2810300,"S"
"HAH","14:06:28",38.7,0.65,500,2800300,"S"
"HAH","14:06:17",38.7,0.65,700,2799800,"B"
"HAH","14:06:10",38.75,0.7,100,2799100,"S"
"HAH","14:06:02",38.7,0.65,300,2799000,"B"
"HAH","14:05:42",38.7,0.65,300,2798700,"B"
"HAH","14:05:13",38.75,0.7,22700,2798400,"S"
"HAH","14:05:13",38.75,0.7,13100,2775700,"S"
"HAH","14:04:59",38.7,0.65,20000,2748400,"S"
"HAH","14:03:16",38.65,0.6,600,2728400,"B"
"HAH","14:02:41",38.65,0.6,100,2727800,"B"
"HAH","14:02:41",38.7,0.65,2500,2727700,"S"
"HAH","14:02:31",38.65,0.6,400,2725200,"B"
"HAH","14:01:47",38.65,0.6,100,2724800,"B"
"HAH","14:01:42",38.65,0.6,200,2724700,"B"
"HAH","14:01:40",38.65,0.6,500,2724500,"B"
"HAH","14:01:38",38.65,0.6,10100,2724000,"B"
"HAH","13:59:58",38.65,0.6,100,2713900,"B"
"HAH","13:59:35",38.65,0.6,2700,2713800,"B"
"HAH","13:59:25",38.65,0.6,7700,2711100,"S"
"HAH","13:59:22",38.65,0.6,500,2703400,"S"
"HAH","13:59:15",38.65,0.6,20000,2702900,"S"
"HAH","13:59:08",38.65,0.6,800,2682900,"S"
"HAH","13:58:56",38.65,0.6,2000,2682100,"S"
"HAH","13:58:50",38.65,0.6,500,2680100,"S"
"HAH","13:58:07",38.65,0.6,800,2679600,"S"
"HAH","13:57:41",38.65,0.6,500,2678800,"S"
"HAH","13:57:39",38.65,0.6,8200,2678300,"B"
"HAH","13:57:33",38.65,0.6,1800,2670100,"S"
"HAH","13:57:27",38.65,0.6,200,2668300,"B"
"HAH","13:57:22",38.65,0.6,9800,2668100,"S"
"HAH","13:57:07",38.65,0.6,1100,2658300,"S"
"HAH","13:56:59",38.65,0.6,1000,2656200,"S"
"HAH","13:56:40",38.65,0.6,100,2655200,"S"
"HAH","13:56:23",38.65,0.6,3000,2655100,"S"
"HAH","13:56:11",38.65,0.6,24500,2652100,"B"
"HAH","13:55:54",38.65,0.6,10000,2627600,"B"
"HAH","13:55:06",38.65,0.6,500,2617600,"B"
"HAH","13:54:32",38.7,0.65,1200,2617100,"S"
"HAH","13:54:26",38.65,0.6,100,2615900,"B"
"HAH","13:54:23",38.7,0.65,1900,2615800,"S"
"HAH","13:54:23",38.7,0.65,100,2613900,"S"
"HAH","13:52:32",38.7,0.65,100,2613800,"S"
"HAH","13:52:19",38.7,0.65,2000,2613700,"S"
"HAH","13:52:10",38.7,0.65,200,2611700,"S"
"HAH","13:52:00",38.65,0.6,1000,2611500,"B"
"HAH","13:51:37",38.65,0.6,500,2610500,"B"
"HAH","13:51:00",38.65,0.6,1800,2610000,"B"
"HAH","13:50:45",38.7,0.65,100,2608200,"S"
"HAH","13:50:10",38.7,0.65,200,2608100,"S"
"HAH","13:49:57",38.7,0.65,2300,2607900,"B"
"HAH","13:49:17",38.7,0.65,1000,2605600,"B"
"HAH","13:49:02",38.7,0.65,300,2604600,"B"
"HAH","13:48:55",38.7,0.65,500,2604300,"B"
"HAH","13:48:34",38.7,0.65,1400,2603800,"S"
"HAH","13:48:20",38.65,0.6,2000,2602400,"B"
"HAH","13:48:02",38.65,0.6,500,2600400,"B"
"HAH","13:47:48",38.65,0.6,3000,2599900,"B"
"HAH","13:46:48",38.7,0.65,700,2596900,"S"
"HAH","13:46:42",38.7,0.65,1000,2596200,"S"
"HAH","13:46:31",38.75,0.7,12400,2595200,"S"
"HAH","13:46:31",38.7,0.65,2600,2582800,"S"
"HAH","13:46:30",38.65,0.6,1000,2580200,"B"
"HAH","13:46:17",38.7,0.65,5000,2579200,"S"
"HAH","13:45:33",38.7,0.65,3800,2574200,"B"
"HAH","13:45:23",38.7,0.65,30000,2570400,"B"
"HAH","13:45:16",38.7,0.65,1000,2540400,"B"
"HAH","13:45:05",38.7,0.65,2500,2539400,"B"
"HAH","13:44:36",38.7,0.65,5000,2536900,"B"
"HAH","13:43:48",38.75,0.7,500,2531900,"B"
"HAH","13:43:44",38.75,0.7,100,2531400,"B"
"HAH","13:43:42",38.75,0.7,10000,2531300,"B"
"HAH","13:43:12",38.75,0.7,1000,2521300,"B"
"HAH","13:43:02",38.75,0.7,200,2520300,"B"
"HAH","13:42:43",38.75,0.7,100,2520100,"B"
"HAH","13:42:39",38.75,0.7,100,2520000,"B"
"HAH","13:42:12",38.75,0.7,100,2519900,"B"
"HAH","13:41:57",38.8,0.75,500,2519800,"S"
"HAH","13:41:26",38.8,0.75,300,2519300,"S"
"HAH","13:41:19",38.75,0.7,200,2519000,"B"
"HAH","13:40:23",38.75,0.7,1600,2518800,"S"
"HAH","13:40:20",38.75,0.7,100,2517200,"S"
"HAH","13:40:15",38.75,0.7,1000,2517100,"S"
"HAH","13:40:10",38.75,0.7,6100,2516100,"S"
"HAH","13:40:01",38.75,0.7,800,2510000,"S"
"HAH","13:39:50",38.7,0.65,100,2509200,"B"
"HAH","13:38:58",38.7,0.65,2200,2509100,"B"
"HAH","13:38:54",38.7,0.65,1000,2506900,"B"
"HAH","13:38:39",38.7,0.65,100,2505900,"B"
"HAH","13:38:38",38.75,0.7,400,2505800,"S"
"HAH","13:38:30",38.75,0.7,200,2505400,"S"
"HAH","13:38:10",38.7,0.65,500,2505200,"B"
"HAH","13:38:05",38.7,0.65,20000,2504700,"B"
"HAH","13:38:02",38.7,0.65,300,2484700,"B"
"HAH","13:37:46",38.7,0.65,100,2484400,"B"
"HAH","13:37:43",38.7,0.65,6000,2484300,"B"
"HAH","13:37:42",38.7,0.65,5000,2478300,"B"
"HAH","13:37:42",38.7,0.65,3500,2473300,"B"
"HAH","13:37:40",38.7,0.65,2500,2469800,"B"
"HAH","13:37:40",38.7,0.65,1000,2467300,"B"
"HAH","13:37:39",38.7,0.65,100,2466300,"B"
"HAH","13:36:57",38.75,0.7,100,2466200,"S"
"HAH","13:36:28",38.75,0.7,300,2466100,"S"
"HAH","13:36:22",38.75,0.7,600,2465800,"B"
"HAH","13:36:17",38.75,0.7,1600,2465200,"B"
"HAH","13:36:05",38.75,0.7,1500,2463600,"B"
"HAH","13:35:49",38.75,0.7,1000,2462100,"B"
"HAH","13:35:42",38.8,0.75,700,2461100,"S"
"HAH","13:35:36",38.8,0.75,3000,2460400,"S"
"HAH","13:35:28",38.8,0.75,100,2457400,"S"
"HAH","13:35:23",38.75,0.7,5000,2457300,"B"
"HAH","13:34:52",38.8,0.75,300,2452300,"S"
"HAH","13:34:37",38.8,0.75,300,2452000,"B"
"HAH","13:34:33",38.8,0.75,4700,2451700,"S"
"HAH","13:34:15",38.8,0.75,2000,2447000,"S"
"HAH","13:33:49",38.75,0.7,100,2445000,"B"
"HAH","13:33:43",38.8,0.75,200,2444900,"S"
"HAH","13:33:30",38.75,0.7,500,2444700,"B"
"HAH","13:33:29",38.75,0.7,200,2444200,"B"
"HAH","13:33:18",38.75,0.7,1000,2444000,"B"
"HAH","13:32:55",38.75,0.7,100,2443000,"B"
"HAH","13:32:49",38.8,0.75,500,2442900,"S"
"HAH","13:32:41",38.8,0.75,100,2442400,"S"
"HAH","13:32:14",38.8,0.75,1000,2442300,"S"
"HAH","13:32:07",38.85,0.8,3000,2441300,"S"
"HAH","13:32:00",38.85,0.8,2800,2438300,"S"
"HAH","13:32:00",38.8,0.75,2200,2435500,"S"
"HAH","13:31:52",38.85,0.8,100,2433300,"S"
"HAH","13:31:52",38.75,0.7,1100,2433100,"S"
"HAH","13:31:35",38.75,0.7,400,2432000,"B"
"HAH","13:31:30",38.75,0.7,5000,2431600,"B"
"HAH","13:31:18",38.85,0.8,5000,2426600,"S"
"HAH","13:31:08",38.85,0.8,23800,2421600,"S"
"HAH","13:31:08",38.8,0.75,26200,2397800,"S"
"HAH","13:31:06",38.75,0.7,17000,2371600,"B"
"HAH","13:30:54",38.8,0.75,1300,2354600,"B"
"HAH","13:30:53",38.8,0.75,700,2353300,"B"
"HAH","13:30:50",38.8,0.75,1000,2352600,"B"
"HAH","13:30:38",38.8,0.75,400,2351600,"B"
"HAH","13:30:35",38.8,0.75,1000,2351200,"B"
"HAH","13:30:34",38.8,0.75,100,2350200,"B"
"HAH","13:30:25",38.8,0.75,300,2350100,"B"
"HAH","13:30:24",38.8,0.75,800,2349800,"B"
"HAH","13:30:22",38.8,0.75,100,2349000,"B"
"HAH","13:30:17",38.8,0.75,1600,2348900,"B"
"HAH","13:30:15",38.8,0.75,5700,2347300,"S"
"HAH","13:30:10",38.8,0.75,300,2341600,"S"
"HAH","13:30:07",38.8,0.75,800,2341300,"S"
"HAH","13:29:44",38.8,0.75,600,2340500,"S"
"HAH","13:29:39",38.8,0.75,5000,2339900,"S"
"HAH","13:29:10",38.8,0.75,100,2334900,"S"
"HAH","13:29:09",38.8,0.75,2700,2334800,"B"
"HAH","13:29:06",38.8,0.75,2000,2332100,"B"
"HAH","13:29:05",38.8,0.75,1000,2330100,"B"
"HAH","13:28:58",38.8,0.75,100,2329100,"B"
"HAH","13:28:56",38.8,0.75,600,2329000,"B"
"HAH","13:28:49",38.8,0.75,5100,2328400,"S"
"HAH","13:28:35",38.8,0.75,300,2323300,"B"
"HAH","13:28:26",38.85,0.8,1000,2323000,"S"
"HAH","13:28:22",38.8,0.75,4000,2322000,"B"
"HAH","13:28:18",38.8,0.75,1000,2318000,"B"
"HAH","13:28:17",38.8,0.75,100,2317000,"B"
"HAH","13:28:16",38.8,0.75,100,2316900,"B"
"HAH","13:28:15",38.8,0.75,100,2316800,"B"
"HAH","13:28:14",38.8,0.75,1700,2316700,"S"
"HAH","13:28:09",38.8,0.75,200,2315000,"S"
"HAH","13:27:57",38.8,0.75,100,2314800,"B"
"HAH","13:27:55",38.8,0.75,100,2314700,"B"
"HAH","13:27:54",38.8,0.75,100,2314600,"B"
"HAH","13:27:49",38.85,0.8,1200,2314500,"S"
"HAH","13:27:40",38.8,0.75,6700,2313300,"S"
"HAH","13:27:29",38.8,0.75,100,2306600,"S"
"HAH","13:27:13",38.7,0.65,6300,2306500,"S"
"HAH","13:27:12",38.7,0.65,5000,2300200,"S"
"HAH","13:27:06",38.7,0.65,10000,2295200,"S"
"HAH","13:27:01",38.7,0.65,1000,2285200,"S"
"HAH","13:27:00",38.7,0.65,500,2284200,"S"
"HAH","13:26:56",38.7,0.65,200,2283700,"S"
"HAH","13:26:52",38.7,0.65,5400,2283500,"B"
"HAH","13:26:52",38.8,0.75,1600,2278100,"B"
"HAH","13:26:51",38.8,0.75,1000,2276500,"B"
"HAH","13:26:46",38.8,0.75,500,2275500,"B"
"HAH","13:26:44",38.8,0.75,400,2275000,"B"
"HAH","13:26:42",38.8,0.75,500,2274600,"B"
"HAH","13:26:34",38.8,0.75,160300,2274100,"S"
"HAH","13:26:34",38.75,0.7,37400,2113800,"S"
"HAH","13:26:33",38.75,0.7,48700,2076400,"S"
"HAH","13:26:29",38.7,0.65,100,2027700,"B"
"HAH","13:26:25",38.7,0.65,500,2027600,"B"
"HAH","13:26:24",38.7,0.65,1500,2027100,"B"
"HAH","13:26:09",38.7,0.65,3600,2025600,"S"
"HAH","13:26:03",38.7,0.65,5000,2022000,"S"
"HAH","13:26:00",38.7,0.65,200,2017000,"S"
"HAH","13:25:37",38.7,0.65,1000,2016800,"S"
"HAH","13:25:18",38.7,0.65,2000,2015800,"S"
"HAH","13:25:15",38.65,0.6,500,2013800,"B"
"HAH","13:25:12",38.7,0.65,300,2013300,"S"
"HAH","13:24:57",38.65,0.6,1000,2013000,"B"
"HAH","13:24:55",38.7,0.65,5000,2012000,"S"
"HAH","13:24:41",38.65,0.6,1000,2007000,"B"
"HAH","13:24:30",38.7,0.65,10000,2006000,"S"
"HAH","13:24:18",38.7,0.65,1000,1996000,"S"
"HAH","13:24:13",38.7,0.65,1000,1995000,"S"
"HAH","13:24:10",38.7,0.65,100,1994000,"S"
"HAH","13:23:47",38.65,0.6,4800,1993900,"B"
"HAH","13:23:47",38.7,0.65,1000,1989100,"S"
"HAH","13:23:36",38.7,0.65,500,1988100,"S"
"HAH","13:23:21",38.7,0.65,300,1987600,"B"
"HAH","13:23:19",38.7,0.65,4800,1987300,"B"
"HAH","13:23:13",38.7,0.65,300,1982500,"B"
"HAH","13:23:02",38.7,0.65,28800,1982200,"S"
"HAH","13:22:54",38.65,0.6,100,1953400,"B"
"HAH","13:22:54",38.7,0.65,20000,1953300,"S"
"HAH","13:22:51",38.65,0.6,100,1933300,"B"
"HAH","13:22:50",38.65,0.6,500,1933200,"B"
"HAH","13:22:49",38.65,0.6,100,1932700,"B"
"HAH","13:22:30",38.65,0.6,4500,1932600,"S"
"HAH","13:22:26",38.65,0.6,700,1928100,"S"
"HAH","13:22:12",38.65,0.6,300,1927400,"S"
"HAH","13:21:56",38.65,0.6,100,1927100,"B"
"HAH","13:21:43",38.65,0.6,200,1927000,"B"
"HAH","13:21:29",38.65,0.6,100,1926800,"B"
"HAH","13:21:26",38.65,0.6,2000,1926700,"B"
"HAH","13:21:19",38.65,0.6,100,1924700,"B"
"HAH","13:21:09",38.65,0.6,100,1924600,"B"
"HAH","13:20:38",38.65,0.6,500,1924500,"B"
"HAH","13:20:35",38.65,0.6,100,1924000,"B"
"HAH","13:20:34",38.65,0.6,100,1923900,"B"
"HAH","13:20:21",38.65,0.6,800,1923800,"S"
"HAH","13:20:11",38.6,0.55,100,1923000,"B"
"HAH","13:19:57",38.6,0.55,1000,1922900,"B"
"HAH","13:19:51",38.65,0.6,30000,1921900,"S"
"HAH","13:19:50",38.6,0.55,100,1891900,"B"
"HAH","13:19:45",38.6,0.55,1000,1891800,"B"
"HAH","13:19:41",38.6,0.55,300,1890800,"B"
"HAH","13:19:30",38.65,0.6,1100,1890500,"S"
"HAH","13:18:55",38.65,0.6,1000,1889400,"S"
"HAH","13:18:54",38.6,0.55,500,1888400,"B"
"HAH","13:18:50",38.6,0.55,700,1887900,"B"
"HAH","13:18:01",38.6,0.55,100,1887200,"B"
"HAH","13:17:59",38.6,0.55,1000,1887100,"B"
"HAH","13:17:43",38.65,0.6,1100,1886100,"S"
"HAH","13:17:35",38.6,0.55,100,1885000,"B"
"HAH","13:17:28",38.6,0.55,1500,1884900,"B"
"HAH","13:17:12",38.6,0.55,600,1883400,"B"
"HAH","13:17:11",38.6,0.55,100,1882800,"B"
"HAH","13:16:58",38.6,0.55,1000,1882700,"B"
"HAH","13:16:49",38.6,0.55,700,1881700,"B"
"HAH","13:16:39",38.6,0.55,300,1881000,"B"
"HAH","13:16:32",38.6,0.55,5000,1880700,"B"
"HAH","13:16:28",38.6,0.55,100,1875700,"B"
"HAH","13:16:03",38.6,0.55,2000,1875600,"B"
"HAH","13:15:54",38.65,0.6,1100,1873600,"S"
"HAH","13:15:17",38.6,0.55,3000,1872500,"B"
"HAH","13:15:09",38.6,0.55,2600,1869500,"B"
"HAH","13:15:08",38.6,0.55,1300,1866900,"B"
"HAH","13:15:03",38.6,0.55,100,1865600,"B"
"HAH","13:14:50",38.6,0.55,1000,1865500,"B"
"HAH","13:14:48",38.6,0.55,5000,1864500,"B"
"HAH","13:14:30",38.6,0.55,500,1859500,"B"
"HAH","13:14:15",38.6,0.55,1000,1859000,"B"
"HAH","13:14:09",38.6,0.55,6200,1858000,"S"
"HAH","13:14:07",38.6,0.55,1100,1851800,"S"
"HAH","13:13:57",38.6,0.55,10000,1850700,"S"
"HAH","13:13:47",38.6,0.55,5200,1840700,"B"
"HAH","13:13:45",38.6,0.55,1000,1835500,"B"
"HAH","13:13:44",38.6,0.55,400,1834500,"B"
"HAH","13:13:43",38.6,0.55,1000,1834100,"B"
"HAH","13:13:33",38.6,0.55,10000,1833100,"B"
"HAH","13:13:32",38.65,0.6,200,1823100,"S"
"HAH","13:13:28",38.6,0.55,1600,1822900,"B"
"HAH","13:13:23",38.6,0.55,2000,1821300,"B"
"HAH","13:13:20",38.6,0.55,7000,1819300,"B"
"HAH","13:13:12",38.6,0.55,500,1812300,"B"
"HAH","13:12:53",38.6,0.55,1000,1811800,"B"
"HAH","13:12:19",38.65,0.6,1100,1810800,"S"
"HAH","13:12:00",38.65,0.6,10000,1809700,"S"
"HAH","13:11:47",38.6,0.55,1200,1799700,"B"
"HAH","13:10:31",38.65,0.6,1100,1798500,"S"
"HAH","13:10:07",38.6,0.55,200,1797400,"B"
"HAH","13:09:52",38.6,0.55,2600,1797200,"B"
"HAH","13:09:26",38.65,0.6,100,1794600,"S"
"HAH","13:09:15",38.65,0.6,6200,1794500,"S"
"HAH","13:09:13",38.6,0.55,200,1788300,"B"
"HAH","13:08:45",38.65,0.6,1100,1788100,"S"
"HAH","13:08:37",38.6,0.55,1000,1787000,"B"
"HAH","13:08:28",38.6,0.55,200,1786000,"B"
"HAH","13:07:40",38.6,0.55,100,1785800,"B"
"HAH","13:07:37",38.6,0.55,1300,1785700,"S"
"HAH","13:07:04",38.55,0.5,100,1784400,"B"
"HAH","13:07:02",38.7,0.65,5700,1784300,"S"
"HAH","13:07:02",38.65,0.6,19100,1778600,"S"
"HAH","13:07:02",38.6,0.55,200,1759500,"S"
"HAH","13:06:56",38.65,0.6,1000,1759300,"S"
"HAH","13:06:56",38.6,0.55,100,1758300,"S"
"HAH","13:06:55",38.6,0.55,5300,1758200,"B"
"HAH","13:06:51",38.6,0.55,2000,1752900,"B"
"HAH","13:06:37",38.6,0.55,100,1750900,"B"
"HAH","13:05:52",38.65,0.6,500,1750800,"S"
"HAH","13:05:45",38.6,0.55,1000,1750300,"B"
"HAH","13:05:13",38.65,0.6,2400,1749300,"B"
"HAH","13:04:45",38.65,0.6,500,1746900,"B"
"HAH","13:04:33",38.65,0.6,18500,1746400,"S"
"HAH","13:04:31",38.6,0.55,1000,1727900,"S"
"HAH","13:04:30",38.6,0.55,1000,1726900,"B"
"HAH","13:04:28",38.6,0.55,100,1725900,"B"
"HAH","13:04:24",38.6,0.55,300,1725800,"B"
"HAH","13:04:07",38.6,0.55,1600,1725500,"S"
"HAH","13:04:00",38.6,0.55,100,1723900,"B"
"HAH","13:03:54",38.6,0.55,100,1723800,"B"
"HAH","13:03:53",38.6,0.55,3500,1723700,"B"
"HAH","13:03:51",38.6,0.55,200,1720200,"B"
"HAH","13:03:21",38.65,0.6,1100,1720000,"S"
"HAH","13:03:17",38.6,0.55,100,1718900,"B"
"HAH","13:03:17",38.6,0.55,100,1718800,"B"
"HAH","13:03:06",38.6,0.55,1700,1718700,"B"
"HAH","13:02:52",38.6,0.55,27700,1717000,"B"
"HAH","13:02:48",38.6,0.55,1000,1689300,"B"
"HAH","13:02:25",38.6,0.55,500,1688300,"B"
"HAH","13:02:16",38.6,0.55,100,1687800,"B"
"HAH","13:02:09",38.6,0.55,100,1687700,"B"
"HAH","13:01:33",38.65,0.6,1100,1687600,"S"
"HAH","13:01:20",38.6,0.55,100,1686500,"B"
"HAH","13:01:16",38.6,0.55,100,1686400,"B"
"HAH","13:01:07",38.6,0.55,700,1686300,"B"
"HAH","13:00:32",38.6,0.55,5000,1685600,"B"
"HAH","13:00:23",38.65,0.6,100,1680600,"S"
"HAH","13:00:15",38.65,0.6,1000,1680500,"S"
"HAH","13:00:14",38.65,0.6,200,1679500,"S"
"HAH","13:00:10",38.6,0.55,800,1679300,"B"
"HAH","13:00:08",38.65,0.6,300,1678500,"S"
"HAH","13:00:04",38.65,0.6,1800,1678200,"B"
"HAH","13:00:03",38.65,0.6,200,1676400,"B"
"HAH","13:00:02",38.65,0.6,3300,1676200,"B"
"HAH","13:00:01",38.65,0.6,500,1672900,"B"
"HAH","13:00:00",38.65,0.6,4300,1672400,"B"
"HAH","11:29:42",38.7,0.65,100,1668100,"S"
"HAH","11:29:16",38.7,0.65,10000,1668000,"S"
"HAH","11:28:10",38.7,0.65,1400,1658000,"B"
"HAH","11:28:09",38.7,0.65,200,1656600,"B"
"HAH","11:27:46",38.7,0.65,100,1656400,"B"
"HAH","11:27:41",38.7,0.65,13400,1656300,"S"
"HAH","11:27:31",38.7,0.65,10000,1642900,"S"
"HAH","11:23:52",38.7,0.65,100,1632900,"S"
"HAH","11:23:29",38.7,0.65,300,1632800,"S"
"HAH","11:23:00",38.7,0.65,400,1632500,"B"
"HAH","11:22:57",38.7,0.65,14600,1632100,"S"
"HAH","11:22:18",38.65,0.6,100,1617500,"B"
"HAH","11:22:12",38.65,0.6,900,1617400,"B"
"HAH","11:22:04",38.7,0.65,5000,1616500,"S"
"HAH","11:21:55",38.65,0.6,1000,1611300,"B"
"HAH","11:21:17",38.65,0.6,100,1610300,"B"
"HAH","11:20:20",38.7,0.65,5000,1610200,"S"
"HAH","11:20:04",38.65,0.6,1500,1605200,"B"
"HAH","11:19:41",38.7,0.65,100,1603700,"S"
"HAH","11:19:31",38.7,0.65,100,1603600,"S"
"HAH","11:18:42",38.65,0.6,200,1603500,"B"
"HAH","11:18:05",38.7,0.65,400,1603300,"B"
"HAH","11:18:00",38.7,0.65,200,1602900,"B"
"HAH","11:18:00",38.75,0.7,200,1602700,"S"
"HAH","11:17:20",38.7,0.65,400,1602500,"S"
"HAH","11:17:17",38.7,0.65,600,1602100,"B"
"HAH","11:17:00",38.7,0.65,300,1601500,"B"
"HAH","11:16:53",38.7,0.65,200,1601200,"B"
"HAH","11:16:50",38.7,0.65,48900,1601000,"S"
"HAH","11:16:34",38.65,0.6,100,1552100,"B"
"HAH","11:16:20",38.65,0.6,2700,1552000,"S"
"HAH","11:15:12",38.65,0.6,2000,1549300,"S"
"HAH","11:14:56",38.65,0.6,600,1547300,"B"
"HAH","11:14:46",38.65,0.6,200,1546700,"S"
"HAH","11:14:42",38.65,0.6,5000,1546500,"S"
"HAH","11:14:41",38.65,0.6,100,1541500,"S"
"HAH","11:14:28",38.65,0.6,20000,1541400,"S"
"HAH","11:13:48",38.65,0.6,2000,1521400,"S"
"HAH","11:12:40",38.6,0.55,100,1519400,"B"
"HAH","11:12:24",38.65,0.6,7200,1519300,"B"
"HAH","11:12:07",38.65,0.6,22800,1512100,"S"
"HAH","11:09:56",38.65,0.6,300,1489300,"S"
"HAH","11:09:54",38.65,0.6,1300,1489000,"S"
"HAH","11:09:49",38.65,0.6,1300,1487700,"B"
"HAH","11:09:33",38.65,0.6,3700,1486400,"S"
"HAH","11:09:23",38.65,0.6,10000,1482700,"S"
"HAH","11:09:17",38.65,0.6,1000,1472700,"S"
"HAH","11:08:35",38.6,0.55,2300,1471700,"B"
"HAH","11:07:01",38.6,0.55,1300,1469400,"B"
"HAH","11:06:40",38.65,0.6,100,1468100,"S"
"HAH","11:06:38",38.65,0.6,6300,1468000,"B"
"HAH","11:06:23",38.65,0.6,600,1461700,"B"
"HAH","11:05:30",38.65,0.6,100,1461100,"B"
"HAH","11:04:37",38.7,0.65,500,1461000,"S"
"HAH","11:04:11",38.7,0.65,500,1460500,"S"
"HAH","11:03:56",38.7,0.65,20000,1460000,"S"
"HAH","11:03:29",38.7,0.65,1700,1440000,"S"
"HAH","11:02:10",38.6,0.55,400,1438300,"B"
"HAH","11:01:11",38.6,0.55,1800,1437900,"B"
"HAH","11:01:11",38.65,0.6,800,1436100,"B"
"HAH","11:00:30",38.65,0.6,2000,1435300,"B"
"HAH","10:59:47",38.7,0.65,100,1433300,"S"
"HAH","10:59:17",38.65,0.6,500,1433200,"B"
"HAH","10:59:14",38.65,0.6,400,1432700,"B"
"HAH","10:58:48",38.65,0.6,400,1432300,"S"
"HAH","10:58:39",38.65,0.6,1000,1431900,"S"
"HAH","10:58:31",38.65,0.6,400,1430900,"S"
"HAH","10:58:21",38.7,0.65,600,1430500,"S"
"HAH","10:58:21",38.65,0.6,1900,1429900,"S"
"HAH","10:58:05",38.65,0.6,100,1428000,"B"
"HAH","10:58:01",38.65,0.6,100,1427900,"S"
"HAH","10:57:54",38.6,0.55,10000,1427800,"B"
"HAH","10:57:45",38.65,0.6,1000,1417800,"S"
"HAH","10:57:17",38.65,0.6,2500,1416800,"S"
"HAH","10:57:07",38.65,0.6,10000,1414300,"S"
"HAH","10:57:06",38.65,0.6,600,1404300,"S"
"HAH","10:57:02",38.6,0.55,200,1403700,"B"
"HAH","10:56:32",38.6,0.55,200,1403500,"B"
"HAH","10:56:17",38.6,0.55,1000,1403300,"B"
"HAH","10:56:11",38.6,0.55,400,1402300,"B"
"HAH","10:54:23",38.65,0.6,800,1401900,"B"
"HAH","10:54:20",38.65,0.6,100,1401100,"B"
"HAH","10:54:19",38.7,0.65,100,1401000,"S"
"HAH","10:54:08",38.65,0.6,200,1400900,"B"
"HAH","10:54:04",38.65,0.6,100,1400700,"B"
"HAH","10:53:41",38.65,0.6,300,1400600,"S"
"HAH","10:53:37",38.65,0.6,2000,1400300,"S"
"HAH","10:53:17",38.65,0.6,4000,1398300,"S"
"HAH","10:53:17",38.65,0.6,6000,1394300,"S"
"HAH","10:53:09",38.6,0.55,200,1388300,"B"
"HAH","10:52:57",38.6,0.55,1100,1388100,"B"
"HAH","10:52:48",38.6,0.55,10000,1387000,"B"
"HAH","10:52:36",38.6,0.55,2500,1377000,"S"
"HAH","10:52:14",38.6,0.55,100,1374500,"S"
"HAH","10:51:56",38.6,0.55,1000,1374400,"S"
"HAH","10:51:32",38.6,0.55,600,1373400,"S"
"HAH","10:51:06",38.6,0.55,900,1372800,"B"
"HAH","10:51:02",38.6,0.55,2300,1371900,"B"
"HAH","10:50:21",38.55,0.5,1000,1369600,"B"
"HAH","10:50:00",38.55,0.5,100,1368600,"B"
"HAH","10:49:51",38.65,0.6,35000,1368500,"S"
"HAH","10:49:43",38.55,0.5,100,1333500,"B"
"HAH","10:47:33",38.65,0.6,100,1333400,"S"
"HAH","10:47:12",38.6,0.55,11100,1333300,"B"
"HAH","10:47:09",38.65,0.6,5000,1322200,"S"
"HAH","10:46:40",38.65,0.6,3000,1317200,"S"
"HAH","10:45:31",38.65,0.6,10000,1314200,"S"
"HAH","10:45:22",38.6,0.55,700,1304200,"B"
"HAH","10:44:30",38.65,0.6,2000,1303500,"S"
"HAH","10:44:17",38.65,0.6,100,1301500,"S"
"HAH","10:44:16",38.6,0.55,1000,1301400,"B"
"HAH","10:44:01",38.6,0.55,100,1300400,"B"
"HAH","10:43:54",38.65,0.6,3700,1300300,"B"
"HAH","10:43:44",38.65,0.6,2000,1296600,"B"
"HAH","10:42:15",38.7,0.65,1000,1294600,"S"
"HAH","10:42:04",38.7,0.65,3300,1293600,"B"
"HAH","10:42:00",38.7,0.65,3700,1290300,"S"
"HAH","10:41:55",38.65,0.6,1000,1286600,"B"
"HAH","10:41:54",38.7,0.65,1600,1285600,"S"
"HAH","10:41:52",38.65,0.6,100,1283600,"B"
"HAH","10:41:42",38.7,0.65,100,1283500,"S"
"HAH","10:41:33",38.65,0.6,1900,1283400,"B"
"HAH","10:41:27",38.7,0.65,1400,1281500,"S"
"HAH","10:41:03",38.7,0.65,20000,1280100,"S"
"HAH","10:40:52",38.65,0.6,1100,1260100,"S"
"HAH","10:40:51",38.65,0.6,21300,1259000,"S"
"HAH","10:40:27",38.65,0.6,100,1237700,"S"
"HAH","10:40:24",38.6,0.55,600,1237600,"B"
"HAH","10:40:19",38.65,0.6,100,1237000,"S"
"HAH","10:40:08",38.6,0.55,500,1236900,"B"
"HAH","10:39:05",38.6,0.55,200,1236400,"B"
"HAH","10:39:03",38.6,0.55,2000,1236200,"B"
"HAH","10:39:00",38.65,0.6,4000,1234200,"S"
"HAH","10:38:44",38.65,0.6,1000,1230200,"S"
"HAH","10:37:52",38.6,0.55,2300,1229200,"B"
"HAH","10:37:44",38.6,0.55,1000,1226900,"B"
"HAH","10:36:47",38.65,0.6,500,1225900,"S"
"HAH","10:36:35",38.65,0.6,5000,1225400,"S"
"HAH","10:36:25",38.65,0.6,5000,1220400,"S"
"HAH","10:35:46",38.6,0.55,3000,1215400,"B"
"HAH","10:35:27",38.6,0.55,700,1212400,"S"
"HAH","10:35:23",38.6,0.55,1800,1211700,"B"
"HAH","10:35:21",38.6,0.55,600,1209900,"B"
"HAH","10:35:12",38.6,0.55,1600,1209300,"S"
"HAH","10:35:01",38.55,0.5,100,1207700,"B"
"HAH","10:34:51",38.6,0.55,5000,1207600,"S"
"HAH","10:34:44",38.6,0.55,4000,1202600,"S"
"HAH","10:34:36",38.55,0.5,5000,1198600,"B"
"HAH","10:34:05",38.55,0.5,1200,1193600,"B"
"HAH","10:34:03",38.55,0.5,100,1192400,"B"
"HAH","10:34:02",38.6,0.55,100,1192300,"S"
"HAH","10:33:56",38.55,0.5,100,1192200,"B"
"HAH","10:33:06",38.55,0.5,200,1192100,"B"
"HAH","10:33:05",38.55,0.5,1000,1191900,"B"
"HAH","10:32:17",38.6,0.55,2900,1190900,"B"
"HAH","10:32:10",38.6,0.55,200,1188000,"B"
"HAH","10:32:10",38.6,0.55,600,1187800,"S"
"HAH","10:32:05",38.55,0.5,200,1187200,"B"
"HAH","10:31:58",38.6,0.55,2000,1187000,"S"
"HAH","10:31:49",38.6,0.55,400,1185000,"S"
"HAH","10:31:38",38.6,0.55,1000,1184600,"S"
"HAH","10:31:34",38.6,0.55,2000,1183600,"S"
"HAH","10:31:27",38.6,0.55,100,1181600,"S"
"HAH","10:31:13",38.6,0.55,1000,1181500,"S"
"HAH","10:31:06",38.6,0.55,7100,1180500,"B"
"HAH","10:31:04",38.6,0.55,100,1173400,"B"
"HAH","10:30:59",38.6,0.55,900,1173300,"B"
"HAH","10:30:47",38.6,0.55,1000,1172400,"B"
"HAH","10:30:45",38.6,0.55,11600,1171400,"S"
"HAH","10:30:45",38.55,0.5,2300,1159800,"S"
"HAH","10:29:52",38.55,0.5,1700,1157500,"S"
"HAH","10:29:43",38.55,0.5,1000,1155800,"B"
"HAH","10:29:26",38.6,0.55,1000,1154800,"S"
"HAH","10:28:45",38.6,0.55,2400,1153800,"B"
"HAH","10:28:36",38.6,0.55,16800,1151400,"S"
"HAH","10:28:36",38.55,0.5,800,1134600,"S"
"HAH","10:28:30",38.55,0.5,400,1133800,"B"
"HAH","10:28:29",38.55,0.5,2500,1133400,"B"
"HAH","10:28:04",38.55,0.5,1000,1130900,"B"
"HAH","10:27:49",38.55,0.5,2600,1129900,"B"
"HAH","10:26:53",38.6,0.55,100,1127300,"S"
"HAH","10:24:37",38.6,0.55,100,1127200,"S"
"HAH","10:24:04",38.6,0.55,5000,1127100,"S"
"HAH","10:23:42",38.6,0.55,7800,1122100,"S"
"HAH","10:22:46",38.6,0.55,1000,1114300,"S"
"HAH","10:21:58",38.55,0.5,2000,1113300,"B"
"HAH","10:21:50",38.55,0.5,1500,1111300,"B"
"HAH","10:21:39",38.55,0.5,2000,1109800,"B"
"HAH","10:21:29",38.55,0.5,2000,1107800,"B"
"HAH","10:20:49",38.6,0.55,8700,1105800,"B"
"HAH","10:20:49",38.6,0.55,100,1097100,"B"
"HAH","10:20:37",38.6,0.55,1500,1097000,"B"
"HAH","10:20:30",38.65,0.6,9000,1095500,"S"
"HAH","10:20:29",38.65,0.6,300,1086500,"B"
"HAH","10:20:26",38.65,0.6,100,1086200,"B"
"HAH","10:20:21",38.65,0.6,400,1086100,"B"
"HAH","10:20:20",38.65,0.6,34200,1085700,"S"
"HAH","10:20:19",38.6,0.55,400,1051500,"B"
"HAH","10:20:16",38.65,0.6,100,1051100,"S"
"HAH","10:19:56",38.6,0.55,6600,1051000,"S"
"HAH","10:19:36",38.6,0.55,400,1044400,"S"
"HAH","10:19:34",38.6,0.55,15000,1044000,"S"
"HAH","10:19:23",38.6,0.55,100,1029000,"S"
"HAH","10:19:05",38.55,0.5,2500,1028900,"B"
"HAH","10:18:59",38.55,0.5,15000,1026400,"B"
"HAH","10:18:14",38.6,0.55,300,1011200,"S"
"HAH","10:18:09",38.55,0.5,100,1010900,"B"
"HAH","10:18:01",38.6,0.55,14800,1010800,"B"
"HAH","10:17:53",38.6,0.55,100,996000,"B"
"HAH","10:17:37",38.6,0.55,400,995900,"B"
"HAH","10:16:56",38.6,0.55,2000,995500,"B"
"HAH","10:16:48",38.6,0.55,2200,993500,"B"
"HAH","10:16:39",38.6,0.55,2000,991300,"B"
"HAH","10:16:29",38.6,0.55,1000,989300,"B"
"HAH","10:15:31",38.6,0.55,2000,988300,"B"
"HAH","10:15:16",38.6,0.55,6700,986300,"S"
"HAH","10:14:55",38.6,0.55,300,979600,"S"
"HAH","10:14:42",38.55,0.5,100,979300,"B"
"HAH","10:14:23",38.6,0.55,100,979200,"S"
"HAH","10:14:18",38.6,0.55,5900,979100,"B"
"HAH","10:14:13",38.6,0.55,200,973200,"B"
"HAH","10:14:06",38.6,0.55,2000,973000,"B"
"HAH","10:13:38",38.6,0.55,100,971000,"B"
"HAH","10:13:22",38.6,0.55,2300,970900,"S"
"HAH","10:13:09",38.6,0.55,10000,968600,"S"
"HAH","10:12:08",38.55,0.5,400,958600,"B"
"HAH","10:12:05",38.6,0.55,300,958200,"S"
"HAH","10:11:59",38.6,0.55,200,957900,"S"
"HAH","10:11:00",38.6,0.55,600,957700,"S"
"HAH","10:10:35",38.6,0.55,5000,957100,"S"
"HAH","10:10:28",38.55,0.5,1600,952100,"B"
"HAH","10:10:25",38.6,0.55,100,950500,"S"
"HAH","10:10:24",38.6,0.55,3500,950400,"S"
"HAH","10:10:23",38.6,0.55,16500,946900,"S"
"HAH","10:09:35",38.55,0.5,1000,930400,"B"
"HAH","10:08:59",38.6,0.55,200,929400,"S"
"HAH","10:08:07",38.6,0.55,300,929200,"S"
"HAH","10:08:07",38.55,0.5,200,928900,"S"
"HAH","10:08:03",38.55,0.5,500,928700,"S"
"HAH","10:07:43",38.5,0.45,100,928200,"B"
"HAH","10:07:42",38.55,0.5,2000,928100,"S"
"HAH","10:07:31",38.55,0.5,100,926100,"S"
"HAH","10:07:22",38.55,0.5,3500,926000,"B"
"HAH","10:06:53",38.55,0.5,4000,922500,"S"
"HAH","10:06:44",38.55,0.5,400,918500,"S"
"HAH","10:06:25",38.55,0.5,5000,918100,"S"
"HAH","10:06:24",38.55,0.5,700,913100,"S"
"HAH","10:06:22",38.55,0.5,500,912400,"B"
"HAH","10:06:16",38.55,0.5,100,911900,"B"
"HAH","10:06:02",38.55,0.5,4000,911800,"B"
"HAH","10:06:01",38.55,0.5,500,907800,"S"
"HAH","10:05:58",38.55,0.5,500,907300,"S"
"HAH","10:05:54",38.55,0.5,1500,906800,"S"
"HAH","10:05:47",38.55,0.5,1000,905300,"S"
"HAH","10:05:40",38.55,0.5,1500,904300,"S"
"HAH","10:05:38",38.5,0.45,100,902800,"B"
"HAH","10:05:28",38.55,0.5,2100,902700,"S"
"HAH","10:05:17",38.5,0.45,1000,900600,"B"
"HAH","10:05:00",38.55,0.5,1800,899600,"B"
"HAH","10:04:58",38.55,0.5,200,897800,"B"
"HAH","10:04:45",38.55,0.5,1000,897600,"B"
"HAH","10:04:31",38.55,0.5,2000,896600,"B"
"HAH","10:04:25",38.55,0.5,5000,894600,"B"
"HAH","10:04:16",38.55,0.5,100,889600,"B"
"HAH","10:03:41",38.55,0.5,1000,889500,"B"
"HAH","10:02:24",38.6,0.55,200,888500,"S"
"HAH","10:02:23",38.55,0.5,1100,888300,"B"
"HAH","10:02:21",38.55,0.5,100,887200,"B"
"HAH","10:02:10",38.6,0.55,100,887100,"S"
"HAH","10:01:40",38.55,0.5,3700,887000,"B"
"HAH","10:01:26",38.55,0.5,500,883300,"B"
"HAH","10:00:11",38.55,0.5,1000,882800,"S"
"HAH","10:00:06",38.5,0.45,1900,881800,"S"
"HAH","10:00:05",38.5,0.45,1000,879900,"S"
"HAH","10:00:01",38.5,0.45,100,878900,"B"
"HAH","09:59:54",38.5,0.45,400,878800,"S"
"HAH","09:59:47",38.5,0.45,100,878400,"B"
"HAH","09:59:38",38.5,0.45,2000,878300,"B"
"HAH","09:59:18",38.5,0.45,11900,876300,"B"
"HAH","09:59:18",38.55,0.5,4500,864400,"B"
"HAH","09:59:18",38.55,0.5,2500,859900,"B"
"HAH","09:58:49",38.55,0.5,1000,857400,"B"
"HAH","09:58:41",38.6,0.55,3000,856400,"S"
"HAH","09:58:19",38.6,0.55,100,853400,"S"
"HAH","09:58:16",38.55,0.5,300,853300,"B"
"HAH","09:58:12",38.55,0.5,1700,853000,"S"
"HAH","09:57:59",38.5,0.45,1700,851300,"B"
"HAH","09:57:53",38.5,0.45,300,849600,"B"
"HAH","09:57:46",38.5,0.45,200,849300,"B"
"HAH","09:57:40",38.55,0.5,500,849100,"S"
"HAH","09:57:39",38.55,0.5,700,848600,"S"
"HAH","09:57:32",38.55,0.5,800,847900,"S"
"HAH","09:57:23",38.55,0.5,300,847100,"S"
"HAH","09:57:18",38.55,0.5,500,846800,"S"
"HAH","09:56:52",38.55,0.5,400,846300,"B"
"HAH","09:56:47",38.55,0.5,400,845900,"B"
"HAH","09:56:47",38.55,0.5,2000,845500,"B"
"HAH","09:56:38",38.55,0.5,6800,843500,"B"
"HAH","09:56:24",38.55,0.5,100,836700,"B"
"HAH","09:56:23",38.6,0.55,500,836600,"S"
"HAH","09:56:16",38.55,0.5,300,836100,"B"
"HAH","09:56:13",38.55,0.5,3300,835800,"B"
"HAH","09:56:09",38.6,0.55,1000,832500,"S"
"HAH","09:55:56",38.6,0.55,100,831500,"S"
"HAH","09:55:48",38.6,0.55,7800,831400,"S"
"HAH","09:54:58",38.6,0.55,1300,823600,"B"
"HAH","09:54:45",38.6,0.55,9300,822300,"B"
"HAH","09:54:41",38.65,0.6,2000,813000,"S"
"HAH","09:54:40",38.6,0.55,1000,810500,"B"
"HAH","09:54:25",38.6,0.55,5000,809500,"B"
"HAH","09:54:22",38.6,0.55,1000,804500,"B"
"HAH","09:54:19",38.6,0.55,100,803500,"B"
"HAH","09:54:17",38.6,0.55,100,803400,"B"
"HAH","09:54:09",38.6,0.55,500,803300,"B"
"HAH","09:53:36",38.6,0.55,1000,802800,"B"
"HAH","09:53:26",38.6,0.55,2500,801800,"B"
"HAH","09:53:25",38.65,0.6,1000,799300,"S"
"HAH","09:53:17",38.65,0.6,300,798300,"S"
"HAH","09:53:05",38.65,0.6,200,798000,"S"
"HAH","09:53:04",38.6,0.55,3000,797800,"B"
"HAH","09:52:53",38.65,0.6,2000,794800,"S"
"HAH","09:52:37",38.65,0.6,200,792800,"B"
"HAH","09:52:28",38.65,0.6,500,792600,"B"
"HAH","09:52:26",38.65,0.6,10000,792100,"B"
"HAH","09:52:04",38.7,0.65,200,781600,"S"
"HAH","09:51:58",38.65,0.6,2000,781400,"B"
"HAH","09:51:49",38.7,0.65,500,779400,"S"
"HAH","09:51:36",38.7,0.65,1200,778900,"B"
"HAH","09:51:35",38.7,0.65,500,777700,"B"
"HAH","09:51:33",38.7,0.65,200,777200,"B"
"HAH","09:51:32",38.7,0.65,5000,777000,"B"
"HAH","09:51:31",38.7,0.65,400,772000,"B"
"HAH","09:51:15",38.7,0.65,2900,771600,"B"
"HAH","09:51:08",38.7,0.65,200,768700,"B"
"HAH","09:51:05",38.7,0.65,2000,768500,"B"
"HAH","09:51:00",38.7,0.65,2500,766500,"B"
"HAH","09:50:51",38.7,0.65,600,764000,"B"
"HAH","09:50:48",38.7,0.65,2000,763400,"B"
"HAH","09:50:44",38.7,0.65,500,761400,"B"
"HAH","09:50:38",38.7,0.65,100,760900,"B"
"HAH","09:50:37",38.7,0.65,500,760800,"B"
"HAH","09:50:32",38.7,0.65,2000,760300,"B"
"HAH","09:50:30",38.7,0.65,500,758300,"S"
"HAH","09:50:27",38.7,0.65,1500,757800,"B"
"HAH","09:50:27",38.7,0.65,100,756300,"B"
"HAH","09:50:19",38.7,0.65,200,756200,"B"
"HAH","09:50:16",38.7,0.65,3000,756000,"B"
"HAH","09:50:14",38.7,0.65,100,753000,"B"
"HAH","09:50:09",38.7,0.65,2000,752900,"S"
"HAH","09:50:08",38.7,0.65,3200,750900,"S"
"HAH","09:50:05",38.7,0.65,3200,747700,"S"
"HAH","09:50:02",38.7,0.65,1000,744500,"S"
"HAH","09:50:00",38.7,0.65,100,743500,"S"
"HAH","09:49:58",38.7,0.65,3000,743400,"B"
"HAH","09:49:54",38.7,0.65,1000,740400,"B"
"HAH","09:49:53",38.7,0.65,5000,739400,"B"
"HAH","09:49:49",38.7,0.65,1200,734400,"B"
"HAH","09:49:46",38.7,0.65,100,733200,"B"
"HAH","09:49:44",38.7,0.65,2400,733100,"S"
"HAH","09:49:40",38.7,0.65,1000,730700,"S"
"HAH","09:49:31",38.7,0.65,3100,729700,"S"
"HAH","09:49:31",38.7,0.65,700,726600,"S"
"HAH","09:49:27",38.7,0.65,10000,725900,"S"
"HAH","09:49:20",38.65,0.6,500,715900,"B"
"HAH","09:49:17",38.65,0.6,200,715400,"B"
"HAH","09:49:15",38.7,0.65,300,715200,"S"
"HAH","09:49:01",38.7,0.65,200,714900,"S"
"HAH","09:48:46",38.7,0.65,100,714700,"S"
"HAH","09:48:22",38.7,0.65,300,714600,"S"
"HAH","09:48:20",38.65,0.6,1000,714300,"B"
"HAH","09:48:11",38.7,0.65,1000,713300,"S"
"HAH","09:48:03",38.7,0.65,1000,712300,"S"
"HAH","09:48:00",38.7,0.65,200,711300,"S"
"HAH","09:47:57",38.7,0.65,400,711100,"B"
"HAH","09:47:52",38.75,0.7,500,710700,"S"
"HAH","09:47:52",38.7,0.65,100,710200,"B"
"HAH","09:47:50",38.7,0.65,4000,710100,"B"
"HAH","09:47:46",38.75,0.7,1000,706100,"S"
"HAH","09:47:46",38.7,0.65,1000,705100,"B"
"HAH","09:47:36",38.7,0.65,5000,704100,"B"
"HAH","09:47:35",38.75,0.7,500,699100,"S"
"HAH","09:47:19",38.75,0.7,200,698600,"B"
"HAH","09:47:18",38.75,0.7,5000,698400,"B"
"HAH","09:47:14",38.75,0.7,3000,693400,"B"
"HAH","09:47:09",38.75,0.7,500,690400,"B"
"HAH","09:47:08",38.8,0.75,500,689900,"S"
"HAH","09:47:00",38.8,0.75,100,689400,"S"
"HAH","09:46:53",38.8,0.75,100,689300,"S"
"HAH","09:46:49",38.75,0.7,3500,689200,"B"
"HAH","09:46:46",38.8,0.75,100,685700,"S"
"HAH","09:46:46",38.75,0.7,2800,685600,"S"
"HAH","09:46:45",38.75,0.7,500,682800,"S"
"HAH","09:46:43",38.75,0.7,1100,682300,"S"
"HAH","09:46:41",38.75,0.7,1100,681200,"S"
"HAH","09:46:40",38.75,0.7,500,680100,"S"
"HAH","09:46:38",38.75,0.7,6000,679600,"S"
"HAH","09:46:35",38.75,0.7,1100,673600,"S"
"HAH","09:46:34",38.7,0.65,100,672500,"B"
"HAH","09:46:30",38.75,0.7,1000,672400,"S"
"HAH","09:46:27",38.75,0.7,100,671400,"S"
"HAH","09:46:24",38.7,0.65,1000,671300,"B"
"HAH","09:46:21",38.75,0.7,10000,670300,"S"
"HAH","09:46:15",38.75,0.7,1100,660300,"S"
"HAH","09:46:15",38.7,0.65,4900,659200,"S"
"HAH","09:46:13",38.7,0.65,10100,654300,"S"
"HAH","09:46:07",38.65,0.6,300,643100,"B"
"HAH","09:46:07",38.7,0.65,500,642800,"S"
"HAH","09:46:06",38.7,0.65,11600,642300,"S"
"HAH","09:46:05",38.7,0.65,500,630700,"S"
"HAH","09:46:03",38.65,0.6,100,630200,"B"
"HAH","09:45:53",38.65,0.6,100,630100,"B"
"HAH","09:45:44",38.65,0.6,100,630000,"S"
"HAH","09:45:43",38.65,0.6,100,629900,"B"
"HAH","09:45:42",38.7,0.65,100,629800,"S"
"HAH","09:45:35",38.6,0.55,700,629700,"B"
"HAH","09:45:35",38.65,0.6,1300,629000,"B"
"HAH","09:45:34",38.65,0.6,8700,627700,"S"
"HAH","09:45:26",38.65,0.6,400,619000,"S"
"HAH","09:45:25",38.6,0.55,6000,618600,"B"
"HAH","09:45:23",38.65,0.6,1000,612600,"S"
"HAH","09:45:21",38.65,0.6,200,611600,"S"
"HAH","09:45:19",38.65,0.6,3500,611400,"S"
"HAH","09:45:13",38.65,0.6,100,607400,"S"
"HAH","09:45:13",38.6,0.55,100,607300,"B"
"HAH","09:45:11",38.65,0.6,3400,607200,"S"
"HAH","09:45:08",38.6,0.55,1000,603800,"B"
"HAH","09:45:06",38.65,0.6,1300,602800,"S"
"HAH","09:44:52",38.6,0.55,26400,601500,"S"
"HAH","09:44:36",38.6,0.55,2000,575100,"S"
"HAH","09:44:28",38.55,0.5,100,573100,"B"
"HAH","09:44:25",38.55,0.5,200,573000,"B"
"HAH","09:44:24",38.6,0.55,1400,572800,"S"
"HAH","09:44:18",38.55,0.5,400,571400,"S"
"HAH","09:43:51",38.6,0.55,200,571000,"S"
"HAH","09:43:50",38.6,0.55,200,570800,"S"
"HAH","09:43:49",38.6,0.55,300,570600,"S"
"HAH","09:43:49",38.55,0.5,700,570300,"S"
"HAH","09:43:44",38.5,0.45,100,569600,"B"
"HAH","09:43:42",38.55,0.5,10000,569500,"S"
"HAH","09:43:35",38.55,0.5,5000,559500,"S"
"HAH","09:43:29",38.55,0.5,3200,554500,"S"
"HAH","09:43:28",38.55,0.5,1900,551300,"S"
"HAH","09:43:27",38.55,0.5,100,549400,"S"
"HAH","09:43:26",38.5,0.45,500,549300,"B"
"HAH","09:43:24",38.55,0.5,100,548800,"S"
"HAH","09:43:22",38.55,0.5,100,548700,"S"
"HAH","09:43:20",38.55,0.5,100,548600,"S"
"HAH","09:43:11",38.5,0.45,100,548500,"B"
"HAH","09:43:07",38.55,0.5,100,548400,"S"
"HAH","09:42:57",38.5,0.45,200,548300,"B"
"HAH","09:42:56",38.5,0.45,1400,548100,"B"
"HAH","09:42:52",38.5,0.45,6500,546700,"S"
"HAH","09:42:29",38.5,0.45,10000,540200,"S"
"HAH","09:42:03",38.45,0.4,500,530200,"B"
"HAH","09:41:55",38.5,0.45,200,529700,"S"
"HAH","09:41:52",38.45,0.4,1300,529500,"S"
"HAH","09:41:50",38.45,0.4,1200,528200,"B"
"HAH","09:41:48",38.45,0.4,800,527000,"S"
"HAH","09:41:41",38.45,0.4,100,526200,"S"
"HAH","09:41:39",38.45,0.4,4100,526100,"B"
"HAH","09:41:05",38.5,0.45,100,522000,"S"
"HAH","09:41:02",38.5,0.45,2900,521900,"B"
"HAH","09:40:56",38.5,0.45,100,519000,"B"
"HAH","09:40:51",38.5,0.45,500,518900,"B"
"HAH","09:40:44",38.5,0.45,200,518400,"B"
"HAH","09:40:41",38.5,0.45,200,518200,"B"
"HAH","09:40:29",38.5,0.45,200,518000,"B"
"HAH","09:40:24",38.5,0.45,1000,517800,"B"
"HAH","09:40:20",38.5,0.45,1000,516800,"B"
"HAH","09:40:17",38.55,0.5,7000,515800,"S"
"HAH","09:40:14",38.5,0.45,10000,508800,"B"
"HAH","09:40:05",38.55,0.5,100,498800,"S"
"HAH","09:39:57",38.55,0.5,3900,498700,"B"
"HAH","09:39:50",38.6,0.55,100,494800,"S"
"HAH","09:39:48",38.6,0.55,1000,494700,"S"
"HAH","09:39:45",38.6,0.55,200,493700,"S"
"HAH","09:39:39",38.6,0.55,2000,493500,"S"
"HAH","09:39:33",38.65,0.6,5500,491500,"S"
"HAH","09:39:33",38.6,0.55,4500,486000,"S"
"HAH","09:39:29",38.6,0.55,1000,481500,"S"
"HAH","09:39:23",38.6,0.55,100,480500,"B"
"HAH","09:39:21",38.6,0.55,1100,480400,"B"
"HAH","09:39:18",38.6,0.55,1000,479300,"B"
"HAH","09:39:15",38.6,0.55,9800,478300,"S"
"HAH","09:39:06",38.6,0.55,100,468500,"S"
"HAH","09:39:04",38.6,0.55,200,468400,"S"
"HAH","09:38:56",38.6,0.55,300,468200,"S"
"HAH","09:38:52",38.6,0.55,1800,467900,"B"
"HAH","09:38:51",38.6,0.55,1000,466100,"B"
"HAH","09:38:48",38.6,0.55,1200,465100,"B"
"HAH","09:38:47",38.6,0.55,200,463900,"S"
"HAH","09:38:45",38.6,0.55,200,463700,"S"
"HAH","09:38:44",38.6,0.55,2700,463500,"B"
"HAH","09:38:43",38.6,0.55,100,460800,"B"
"HAH","09:38:39",38.6,0.55,500,460700,"B"
"HAH","09:38:38",38.6,0.55,500,460200,"B"
"HAH","09:38:37",38.6,0.55,7700,459700,"S"
"HAH","09:38:36",38.6,0.55,5000,452000,"S"
"HAH","09:38:32",38.6,0.55,3000,447000,"S"
"HAH","09:38:30",38.6,0.55,3000,444000,"S"
"HAH","09:38:28",38.55,0.5,5000,441000,"B"
"HAH","09:38:23",38.6,0.55,1000,436000,"S"
"HAH","09:38:17",38.55,0.5,100,435000,"B"
"HAH","09:38:13",38.55,0.5,500,434900,"B"
"HAH","09:38:11",38.6,0.55,100,434400,"S"
"HAH","09:38:08",38.65,0.6,4200,434300,"S"
"HAH","09:38:08",38.6,0.55,45800,430100,"S"
"HAH","09:38:07",38.55,0.5,100,384300,"B"
"HAH","09:38:02",38.55,0.5,1000,384200,"B"
"HAH","09:37:56",38.6,0.55,5000,383200,"S"
"HAH","09:37:52",38.55,0.5,100,378200,"B"
"HAH","09:37:47",38.6,0.55,8000,378100,"S"
"HAH","09:37:42",38.55,0.5,200,370100,"B"
"HAH","09:37:40",38.55,0.5,100,369900,"B"
"HAH","09:37:40",38.55,0.5,1000,369800,"S"
"HAH","09:37:40",38.5,0.45,1400,368800,"S"
"HAH","09:37:37",38.5,0.45,2600,367400,"B"
"HAH","09:37:37",38.55,0.5,1000,364800,"B"
"HAH","09:37:34",38.55,0.5,200,363800,"B"
"HAH","09:37:33",38.6,0.55,20000,363600,"S"
"HAH","09:37:32",38.55,0.5,100,343600,"B"
"HAH","09:37:29",38.55,0.5,100,343500,"B"
"HAH","09:37:28",38.55,0.5,3600,343400,"S"
"HAH","09:37:25",38.55,0.5,500,339800,"S"
"HAH","09:37:19",38.55,0.5,400,339300,"S"
"HAH","09:37:16",38.5,0.45,100,338900,"B"
"HAH","09:37:14",38.5,0.45,500,338800,"B"
"HAH","09:37:13",38.5,0.45,300,338300,"S"
"HAH","09:37:13",38.5,0.45,26100,338000,"S"
"HAH","09:37:13",38.45,0.4,400,311900,"S"
"HAH","09:37:04",38.5,0.45,50800,311500,"S"
"HAH","09:37:04",38.45,0.4,200,260700,"S"
"HAH","09:36:58",38.4,0.35,100,260500,"B"
"HAH","09:36:53",38.5,0.45,3900,260400,"S"
"HAH","09:36:53",38.45,0.4,1100,256500,"S"
"HAH","09:36:50",38.45,0.4,5000,255400,"S"
"HAH","09:36:45",38.4,0.35,3000,250400,"B"
"HAH","09:36:43",38.4,0.35,100,247400,"B"
"HAH","09:36:36",38.4,0.35,400,247300,"B"
"HAH","09:36:29",38.4,0.35,7600,246900,"S"
"HAH","09:36:24",38.4,0.35,2000,239300,"S"
"HAH","09:36:17",38.35,0.3,100,237300,"B"
"HAH","09:36:13",38.4,0.35,3200,237200,"S"
"HAH","09:36:13",38.35,0.3,6800,234000,"S"
"HAH","09:36:04",38.35,0.3,4700,227200,"S"
"HAH","09:36:04",38.3,0.25,5300,222500,"S"
"HAH","09:35:54",38.3,0.25,8900,217200,"S"
"HAH","09:35:54",38.25,0.2,6100,208300,"S"
"HAH","09:35:32",38.2,0.15,4100,202200,"B"
"HAH","09:35:32",38.25,0.2,400,198100,"B"
"HAH","09:34:54",38.25,0.2,100,197700,"S"
"HAH","09:34:47",38.2,0.15,400,197600,"B"
"HAH","09:34:45",38.25,0.2,1000,197200,"S"
"HAH","09:34:39",38.25,0.2,100,196200,"S"
"HAH","09:34:32",38.25,0.2,400,196100,"S"
"HAH","09:34:26",38.25,0.2,2400,195700,"S"
"HAH","09:34:21",38.25,0.2,100,193300,"S"
"HAH","09:34:17",38.25,0.2,2000,193200,"B"
"HAH","09:34:02",38.3,0.25,500,191200,"S"
"HAH","09:33:24",38.25,0.2,300,190700,"S"
"HAH","09:33:12",38.25,0.2,1000,190400,"S"
"HAH","09:33:06",38.25,0.2,3000,189400,"S"
"HAH","09:32:46",38.25,0.2,500,186400,"S"
"HAH","09:32:39",38.25,0.2,200,185900,"S"
"HAH","09:32:30",38.25,0.2,400,185700,"S"
"HAH","09:32:22",38.25,0.2,100,185300,"S"
"HAH","09:32:00",38.25,0.2,3300,185200,"S"
"HAH","09:31:49",38.25,0.2,500,181900,"S"
"HAH","09:31:37",38.2,0.15,200,181400,"B"
"HAH","09:31:04",38.2,0.15,300,181200,"S"
"HAH","09:31:00",38.2,0.15,1900,180900,"B"
"HAH","09:31:00",38.2,0.15,1800,179000,"B"
"HAH","09:30:52",38.25,0.2,7900,177200,"S"
"HAH","09:30:47",38.2,0.15,200,169300,"B"
"HAH","09:30:29",38.15,0.1,3100,169100,"B"
"HAH","09:30:27",38.2,0.15,1500,164100,"S"
"HAH","09:30:26",38.2,0.15,1300,162600,"S"
"HAH","09:30:25",38.2,0.15,20000,161300,"S"
"HAH","09:30:23",38.15,0.1,200,141300,"B"
"HAH","09:30:05",38.15,0.1,100,141100,"B"
"HAH","09:29:50",38.15,0.1,100,141000,"B"
"HAH","09:29:33",38.15,0.1,2000,140900,"B"
"HAH","09:29:25",38.15,0.1,100,138900,"B"
"HAH","09:28:49",38.15,0.1,300,138800,"B"
"HAH","09:28:48",38.15,0.1,10000,138500,"B"
"HAH","09:28:43",38.2,0.15,200,128500,"S"
"HAH","09:28:10",38.15,0.1,100,128300,"B"
"HAH","09:27:51",38.15,0.1,200,128200,"S"
"HAH","09:27:48",38.15,0.1,5000,128000,"S"
"HAH","09:27:36",38.15,0.1,2000,123000,"S"
"HAH","09:27:27",38.1,0.05,200,121000,"B"
"HAH","09:26:49",38.1,0.05,200,120800,"B"
"HAH","09:26:44",38.1,0.05,4200,120600,"S"
"HAH","09:26:39",38.1,0.05,3000,116400,"S"
"HAH","09:26:35",38.1,0.05,600,113400,"S"
"HAH","09:26:34",38.1,0.05,9400,112800,"S"
"HAH","09:26:25",38.1,0.05,10000,103400,"S"
"HAH","09:26:07",38.1,0.05,11500,93400,"S"
"HAH","09:25:53",38.05,0,1400,81900,"B"
"HAH","09:25:46",38.1,0.05,100,80500,"S"
"HAH","09:25:43",38.1,0.05,300,80400,"S"
"HAH","09:25:34",38.05,0,300,80100,"B"
"HAH","09:25:07",38.1,0.05,300,79800,"S"
"HAH","09:24:59",38.1,0.05,900,79500,"S"
"HAH","09:24:48",38.1,0.05,300,78600,"S"
"HAH","09:24:02",38.1,0.05,500,78300,"S"
"HAH","09:24:01",38.1,0.05,6000,77800,"S"
"HAH","09:23:05",38.1,0.05,4900,71800,"B"
"HAH","09:22:50",38.1,0.05,100,66900,"S"
"HAH","09:22:41",38.05,0,30000,66800,"B"
"HAH","09:22:40",38.1,0.05,200,36800,"S"
"HAH","09:22:39",38.1,0.05,2000,36600,"B"
"HAH","09:21:51",38.1,0.05,100,34600,"B"
"HAH","09:21:45",38.1,0.05,100,34500,"S"
"HAH","09:21:23",38.1,0.05,500,34400,"B"
"HAH","09:21:06",38.1,0.05,2600,33900,"S"
"HAH","09:21:04",38.1,0.05,5000,31300,"S"
"HAH","09:20:56",38.1,0.05,100,26300,"S"
"HAH","09:20:41",38.1,0.05,900,26200,"B"
"HAH","09:20:33",38.1,0.05,1000,25300,"B"
"HAH","09:19:50",38.1,0.05,3800,24300,"S"
"HAH","09:19:42",38.05,0,3000,20500,"B"
"HAH","09:19:24",38.1,0.05,100,17500,"S"
"HAH","09:18:58",38.1,0.05,2600,17400,"S"
"HAH","09:18:52",38.05,0,1400,14800,"B"
"HAH","09:18:16",38.05,0,400,13400,"B"
"HAH","09:18:16",38.1,0.05,600,13000,"B"
"HAH","09:17:52",38.05,0,200,12400,"B"
"HAH","09:17:46",38.1,0.05,2300,12200,"S"
"HAH","09:17:02",38.05,0,900,9900,"B"
"HAH","09:16:43",38.1,0.05,100,9000,"S"
"HAH","09:16:10",38.05,0,200,8900,"B"
"HAH","09:15:58",38.05,0,100,8700,"B"
"HAH","09:15:53",38.05,0,500,8600,"B"
"HAH","09:15:17",38.05,0,800,8100,"S"
"HAH","09:15:04",38.05,0,300,7300,"S"
"HAH","09:15:01",38,-0.05,7000,7000,
