"symbol","time","price","change","vol","total","side"
"HPG","14:45:01",27.8,0.35,1759000,18575400,
"HPG","14:29:58",27.65,0.2,10000,16816400,"B"
"HPG","14:29:57",27.7,0.25,30000,16806400,"S"
"HPG","14:29:56",27.65,0.2,100000,16776400,"B"
"HPG","14:29:55",27.65,0.2,100,16676400,"B"
"HPG","14:29:53",27.7,0.25,500,16676300,"S"
"HPG","14:29:48",27.65,0.2,400,16675800,"B"
"HPG","14:29:44",27.7,0.25,6000,16675400,"S"
"HPG","14:29:33",27.65,0.2,1500,16669400,"B"
"HPG","14:29:32",27.65,0.2,300,16667900,"B"
"HPG","14:29:31",27.7,0.25,5000,16667600,"S"
"HPG","14:29:27",27.65,0.2,500,16662600,"B"
"HPG","14:29:26",27.65,0.2,300,16662100,"B"
"HPG","14:29:22",27.65,0.2,5900,16661800,"B"
"HPG","14:29:21",27.65,0.2,900,16655900,"B"
"HPG","14:29:10",27.65,0.2,100,16655000,"B"
"HPG","14:29:01",27.65,0.2,1000,16654900,"B"
"HPG","14:28:52",27.7,0.25,2000,16653900,"S"
"HPG","14:28:51",27.65,0.2,1000,16651900,"B"
"HPG","14:28:43",27.65,0.2,2000,16650900,"B"
"HPG","14:28:40",27.65,0.2,161500,16648900,"S"
"HPG","14:28:36",27.65,0.2,10000,16487400,"S"
"HPG","14:28:31",27.65,0.2,100,16477400,"S"
"HPG","14:28:29",27.65,0.2,200,16477300,"S"
"HPG","14:28:24",27.65,0.2,2700,16477100,"S"
"HPG","14:28:20",27.6,0.15,1100,16474400,"B"
"HPG","14:28:19",27.65,0.2,10000,16473300,"S"
"HPG","14:28:17",27.65,0.2,5000,16463300,"S"
"HPG","14:28:16",27.65,0.2,200,16458300,"S"
"HPG","14:28:14",27.65,0.2,100,16458100,"S"
"HPG","14:28:13",27.65,0.2,3100,16458000,"S"
"HPG","14:28:06",27.65,0.2,1000,16454900,"S"
"HPG","14:28:05",27.65,0.2,500,16453900,"S"
"HPG","14:28:00",27.65,0.2,100,16453400,"S"
"HPG","14:27:53",27.65,0.2,1000,16453300,"S"
"HPG","14:27:47",27.65,0.2,500,16452200,"S"
"HPG","14:27:42",27.65,0.2,1000,16451700,"S"
"HPG","14:27:38",27.65,0.2,100,16450700,"S"
"HPG","14:27:28",27.65,0.2,5000,16450600,"S"
"HPG","14:27:20",27.65,0.2,200,16445600,"S"
"HPG","14:27:15",27.65,0.2,4000,16445400,"S"
"HPG","14:27:15",27.6,0.15,3000,16441400,"B"
"HPG","14:27:13",27.65,0.2,500,16438400,"S"
"HPG","14:27:12",27.65,0.2,100,16437900,"S"
"HPG","14:27:06",27.65,0.2,4000,16437800,"S"
"HPG","14:26:48",27.6,0.15,1600,16433800,"B"
"HPG","14:26:47",27.65,0.2,4000,16432200,"S"
"HPG","14:26:45",27.65,0.2,4000,16428000,"S"
"HPG","14:26:38",27.65,0.2,6500,16424000,"S"
"HPG","14:26:37",27.65,0.2,4000,16417500,"S"
"HPG","14:26:35",27.65,0.2,4000,16413500,"S"
"HPG","14:26:33",27.65,0.2,15900,16409500,"S"
"HPG","14:26:31",27.65,0.2,4000,16393600,"S"
"HPG","14:26:23",27.65,0.2,22800,16389600,"S"
"HPG","14:26:21",27.6,0.15,10000,16366800,"B"
"HPG","14:26:21",27.65,0.2,4000,16356800,"S"
"HPG","14:26:13",27.65,0.2,2500,16352800,"S"
"HPG","14:26:01",27.6,0.15,1000,16350300,"B"
"HPG","14:25:56",27.65,0.2,5000,16349300,"S"
"HPG","14:25:51",27.65,0.2,100,16344300,"S"
"HPG","14:25:48",27.6,0.15,900,16344200,"B"
"HPG","14:25:33",27.65,0.2,15900,16343300,"S"
"HPG","14:25:29",27.6,0.15,500,16327400,"B"
"HPG","14:25:19",27.6,0.15,2000,16326900,"B"
"HPG","14:25:07",27.6,0.15,46700,16324900,"S"
"HPG","14:25:02",27.6,0.15,200,16278200,"S"
"HPG","14:24:56",27.6,0.15,1000,16278000,"S"
"HPG","14:24:53",27.6,0.15,5000,16277000,"S"
"HPG","14:24:52",27.6,0.15,10000,16272000,"S"
"HPG","14:24:49",27.6,0.15,5000,16262000,"S"
"HPG","14:24:39",27.6,0.15,40000,16257000,"S"
"HPG","14:24:38",27.55,0.1,2000,16217000,"B"
"HPG","14:24:36",27.55,0.1,800,16215000,"B"
"HPG","14:24:34",27.6,0.15,30000,16214200,"S"
"HPG","14:24:05",27.55,0.1,2100,16184200,"B"
"HPG","14:24:02",27.6,0.15,100,16182100,"S"
"HPG","14:23:54",27.6,0.15,1500,16182000,"S"
"HPG","14:23:52",27.55,0.1,300,16180500,"B"
"HPG","14:23:50",27.55,0.1,20000,16180200,"B"
"HPG","14:23:40",27.55,0.1,30000,16160200,"B"
"HPG","14:23:27",27.55,0.1,10000,16130200,"B"
"HPG","14:23:27",27.6,0.15,2000,16120200,"S"
"HPG","14:23:21",27.6,0.15,24000,16118200,"S"
"HPG","14:23:14",27.6,0.15,200,16094200,"S"
"HPG","14:23:13",27.55,0.1,1000,16094000,"B"
"HPG","14:23:07",27.6,0.15,200,16093000,"S"
"HPG","14:23:04",27.55,0.1,1000,16092800,"B"
"HPG","14:22:58",27.6,0.15,1400,16091800,"S"
"HPG","14:22:57",27.55,0.1,700,16090400,"B"
"HPG","14:22:56",27.6,0.15,1000,16089700,"S"
"HPG","14:22:53",27.6,0.15,3100,16088700,"S"
"HPG","14:22:50",27.55,0.1,2500,16085600,"B"
"HPG","14:22:45",27.55,0.1,300,16083100,"B"
"HPG","14:22:18",27.55,0.1,3000,16082800,"B"
"HPG","14:22:17",27.6,0.15,500,16079800,"S"
"HPG","14:22:17",27.55,0.1,2500,16079300,"B"
"HPG","14:22:13",27.6,0.15,7100,16076800,"B"
"HPG","14:22:11",27.6,0.15,500,16069700,"B"
"HPG","14:22:10",27.6,0.15,2400,16069200,"S"
"HPG","14:22:02",27.6,0.15,200,16066800,"S"
"HPG","14:21:51",27.6,0.15,300,16066600,"B"
"HPG","14:21:51",27.6,0.15,2000,16066300,"B"
"HPG","14:21:41",27.6,0.15,100,16064300,"B"
"HPG","14:21:33",27.6,0.15,200,16064200,"S"
"HPG","14:21:25",27.6,0.15,100,16064000,"B"
"HPG","14:21:15",27.6,0.15,1900,16063900,"S"
"HPG","14:21:12",27.6,0.15,1000,16062000,"S"
"HPG","14:20:49",27.6,0.15,400,16061000,"S"
"HPG","14:20:48",27.6,0.15,48400,16060600,"B"
"HPG","14:20:46",27.65,0.2,100,16012200,"S"
"HPG","14:20:38",27.6,0.15,4000,16012100,"B"
"HPG","14:20:30",27.6,0.15,2000,16008100,"B"
"HPG","14:20:25",27.6,0.15,5000,16006100,"B"
"HPG","14:20:03",27.6,0.15,3500,16001100,"B"
"HPG","14:20:00",27.6,0.15,900,15997600,"B"
"HPG","14:19:56",27.6,0.15,200,15996700,"B"
"HPG","14:19:48",27.6,0.15,300,15996500,"B"
"HPG","14:19:43",27.6,0.15,500,15996200,"B"
"HPG","14:19:39",27.65,0.2,100000,15995700,"S"
"HPG","14:19:39",27.6,0.15,200,15895700,"B"
"HPG","14:19:28",27.6,0.15,2200,15895500,"S"
"HPG","14:19:27",27.6,0.15,200,15891300,"S"
"HPG","14:19:26",27.6,0.15,12000,15891100,"S"
"HPG","14:19:23",27.6,0.15,10000,15879100,"S"
"HPG","14:19:15",27.6,0.15,100000,15869100,"S"
"HPG","14:19:13",27.6,0.15,2000,15769100,"S"
"HPG","14:19:08",27.6,0.15,6000,15767100,"S"
"HPG","14:19:03",27.6,0.15,500,15761100,"S"
"HPG","14:19:02",27.6,0.15,100,15760600,"S"
"HPG","14:18:55",27.6,0.15,200,15760500,"S"
"HPG","14:18:47",27.6,0.15,2000,15760300,"S"
"HPG","14:18:43",27.6,0.15,5000,15758300,"S"
"HPG","14:18:36",27.6,0.15,1000,15753300,"S"
"HPG","14:18:35",27.6,0.15,2000,15752300,"S"
"HPG","14:18:33",27.55,0.1,1000,15750300,"B"
"HPG","14:18:24",27.6,0.15,200,15749300,"S"
"HPG","14:18:22",27.6,0.15,2000,15749100,"S"
"HPG","14:18:17",27.6,0.15,15200,15747100,"S"
"HPG","14:18:15",27.6,0.15,30400,15731900,"S"
"HPG","14:18:14",27.6,0.15,300,15701500,"S"
"HPG","14:18:13",27.55,0.1,500,15701200,"B"
"HPG","14:18:12",27.6,0.15,1000,15700700,"S"
"HPG","14:18:10",27.6,0.15,15200,15699700,"S"
"HPG","14:18:07",27.6,0.15,2100,15684500,"S"
"HPG","14:18:05",27.6,0.15,200,15682400,"S"
"HPG","14:18:03",27.6,0.15,5300,15682200,"S"
"HPG","14:18:01",27.6,0.15,15200,15676900,"S"
"HPG","14:17:59",27.6,0.15,300,15661700,"S"
"HPG","14:17:51",27.6,0.15,100000,15661400,"S"
"HPG","14:17:48",27.6,0.15,100,15561400,"S"
"HPG","14:17:47",27.6,0.15,1000,15561300,"S"
"HPG","14:17:40",27.6,0.15,30400,15560300,"S"
"HPG","14:17:40",27.55,0.1,2000,15529900,"B"
"HPG","14:17:37",27.6,0.15,15200,15527900,"S"
"HPG","14:17:30",27.55,0.1,100,15512700,"B"
"HPG","14:17:07",27.6,0.15,1000,15512600,"S"
"HPG","14:17:04",27.55,0.1,800,15511600,"B"
"HPG","14:17:03",27.6,0.15,22000,15510800,"S"
"HPG","14:16:59",27.6,0.15,500,15488800,"S"
"HPG","14:16:49",27.6,0.15,1000,15488300,"S"
"HPG","14:16:48",27.6,0.15,800,15487300,"S"
"HPG","14:16:42",27.6,0.15,2000,15486500,"S"
"HPG","14:16:39",27.6,0.15,5000,15484500,"S"
"HPG","14:16:36",27.6,0.15,100,15479500,"S"
"HPG","14:16:33",27.55,0.1,300,15479400,"B"
"HPG","14:16:29",27.6,0.15,5000,15479100,"S"
"HPG","14:16:07",27.55,0.1,900,15474100,"B"
"HPG","14:16:02",27.55,0.1,2000,15473200,"B"
"HPG","14:15:46",27.6,0.15,50000,15471200,"S"
"HPG","14:15:44",27.55,0.1,1300,15421200,"B"
"HPG","14:15:36",27.6,0.15,300,15419900,"S"
"HPG","14:15:31",27.6,0.15,2000,15419600,"S"
"HPG","14:15:25",27.55,0.1,2500,15417600,"B"
"HPG","14:15:25",27.55,0.1,200,15415100,"B"
"HPG","14:15:24",27.6,0.15,19000,15414900,"S"
"HPG","14:15:20",27.6,0.15,500,15395900,"S"
"HPG","14:15:15",27.6,0.15,60000,15395400,"S"
"HPG","14:15:12",27.6,0.15,3000,15335400,"S"
"HPG","14:15:07",27.6,0.15,600,15332400,"S"
"HPG","14:15:04",27.55,0.1,2500,15331800,"B"
"HPG","14:15:04",27.6,0.15,100,15329300,"S"
"HPG","14:15:02",27.6,0.15,200,15329200,"S"
"HPG","14:14:47",27.6,0.15,100,15329000,"S"
"HPG","14:14:46",27.6,0.15,274500,15328900,"B"
"HPG","14:14:40",27.6,0.15,5600,15054400,"B"
"HPG","14:14:39",27.6,0.15,2500,15048800,"B"
"HPG","14:14:34",27.6,0.15,7500,15046300,"B"
"HPG","14:14:34",27.6,0.15,900,15038800,"B"
"HPG","14:14:28",27.6,0.15,10000,15037900,"B"
"HPG","14:14:28",27.6,0.15,2500,15027900,"B"
"HPG","14:14:24",27.6,0.15,2500,15025400,"B"
"HPG","14:14:21",27.6,0.15,5000,15022900,"B"
"HPG","14:14:20",27.6,0.15,1000,15017900,"B"
"HPG","14:14:19",27.6,0.15,12900,15016900,"B"
"HPG","14:14:18",27.6,0.15,2500,15004000,"B"
"HPG","14:14:13",27.6,0.15,2500,15001500,"B"
"HPG","14:14:08",27.6,0.15,2500,14999000,"B"
"HPG","14:14:02",27.6,0.15,2500,14996500,"B"
"HPG","14:13:58",27.6,0.15,2500,14994000,"B"
"HPG","14:13:54",27.6,0.15,5000,14991500,"B"
"HPG","14:13:46",27.6,0.15,900,14986500,"B"
"HPG","14:13:43",27.6,0.15,2500,14985600,"B"
"HPG","14:13:37",27.65,0.2,100,14983100,"S"
"HPG","14:13:33",27.6,0.15,8000,14983000,"B"
"HPG","14:13:29",27.65,0.2,10000,14975000,"S"
"HPG","14:13:25",27.6,0.15,5000,14965000,"B"
"HPG","14:13:25",27.65,0.2,500,14960000,"S"
"HPG","14:13:20",27.65,0.2,100,14959500,"S"
"HPG","14:13:11",27.6,0.15,1000,14959400,"B"
"HPG","14:13:08",27.6,0.15,10000,14958400,"B"
"HPG","14:13:07",27.6,0.15,200,14948400,"B"
"HPG","14:13:03",27.6,0.15,10000,14948200,"B"
"HPG","14:13:00",27.6,0.15,900,14938200,"B"
"HPG","14:12:55",27.6,0.15,5000,14937300,"B"
"HPG","14:12:50",27.65,0.2,2000,14932300,"S"
"HPG","14:12:47",27.6,0.15,1000,14930300,"B"
"HPG","14:12:35",27.6,0.15,1900,14929300,"B"
"HPG","14:12:29",27.65,0.2,700,14927400,"S"
"HPG","14:12:09",27.65,0.2,400,14926700,"S"
"HPG","14:12:05",27.6,0.15,400,14926300,"B"
"HPG","14:12:03",27.65,0.2,600,14925900,"S"
"HPG","14:12:02",27.6,0.15,10000,14925300,"B"
"HPG","14:11:54",27.65,0.2,3000,14915300,"S"
"HPG","14:11:38",27.6,0.15,1000,14912300,"B"
"HPG","14:11:26",27.65,0.2,5300,14911300,"S"
"HPG","14:11:22",27.65,0.2,2500,14906000,"S"
"HPG","14:11:20",27.6,0.15,8600,14903500,"B"
"HPG","14:11:07",27.6,0.15,2500,14894900,"B"
"HPG","14:11:02",27.6,0.15,2500,14892400,"B"
"HPG","14:10:56",27.65,0.2,600,14889900,"S"
"HPG","14:10:55",27.6,0.15,2500,14889300,"B"
"HPG","14:10:51",27.6,0.15,2500,14886800,"B"
"HPG","14:10:46",27.6,0.15,2500,14884300,"B"
"HPG","14:10:41",27.6,0.15,2500,14881800,"B"
"HPG","14:10:39",27.65,0.2,200,14879300,"S"
"HPG","14:10:36",27.6,0.15,2500,14879100,"B"
"HPG","14:10:30",27.65,0.2,2400,14876600,"B"
"HPG","14:10:29",27.65,0.2,85000,14874200,"B"
"HPG","14:10:28",27.65,0.2,20000,14789200,"B"
"HPG","14:10:27",27.65,0.2,500,14769200,"B"
"HPG","14:10:25",27.65,0.2,2500,14768700,"B"
"HPG","14:10:20",27.65,0.2,2500,14766200,"B"
"HPG","14:10:20",27.65,0.2,5000,14763700,"B"
"HPG","14:10:19",27.65,0.2,3400,14758700,"B"
"HPG","14:10:15",27.65,0.2,5000,14755300,"B"
"HPG","14:10:12",27.65,0.2,5000,14750300,"B"
"HPG","14:10:12",27.7,0.25,8000,14745300,"S"
"HPG","14:10:11",27.65,0.2,3000,14737300,"B"
"HPG","14:10:10",27.65,0.2,1000,14734300,"B"
"HPG","14:10:09",27.65,0.2,7000,14733300,"B"
"HPG","14:10:09",27.65,0.2,2500,14726300,"B"
"HPG","14:10:08",27.65,0.2,700,14723800,"B"
"HPG","14:10:05",27.65,0.2,2500,14723100,"B"
"HPG","14:10:04",27.65,0.2,2500,14720600,"B"
"HPG","14:10:02",27.65,0.2,800,14718100,"B"
"HPG","14:10:00",27.65,0.2,20000,14717300,"B"
"HPG","14:09:59",27.65,0.2,2500,14697300,"B"
"HPG","14:09:58",27.65,0.2,900,14694800,"B"
"HPG","14:09:54",27.65,0.2,3400,14693900,"B"
"HPG","14:09:51",27.65,0.2,2000,14690500,"B"
"HPG","14:09:51",27.7,0.25,3000,14688500,"S"
"HPG","14:09:50",27.65,0.2,50000,14685500,"B"
"HPG","14:09:49",27.65,0.2,2500,14635500,"B"
"HPG","14:09:45",27.65,0.2,2500,14633000,"B"
"HPG","14:09:44",27.65,0.2,400,14630500,"B"
"HPG","14:09:43",27.65,0.2,2800,14630100,"B"
"HPG","14:09:39",27.65,0.2,2500,14627300,"B"
"HPG","14:09:35",27.65,0.2,1000,14624800,"B"
"HPG","14:09:33",27.65,0.2,2500,14623800,"B"
"HPG","14:09:29",27.65,0.2,2500,14621300,"B"
"HPG","14:09:22",27.65,0.2,2500,14618800,"B"
"HPG","14:09:14",27.65,0.2,2500,14616300,"B"
"HPG","14:09:11",27.65,0.2,7000,14613800,"B"
"HPG","14:09:09",27.65,0.2,1800,14606800,"B"
"HPG","14:09:08",27.65,0.2,900,14605000,"B"
"HPG","14:08:51",27.7,0.25,16600,14604100,"S"
"HPG","14:08:50",27.7,0.25,7400,14587500,"S"
"HPG","14:08:40",27.7,0.25,100,14580100,"S"
"HPG","14:08:40",27.65,0.2,5000,14580000,"B"
"HPG","14:08:21",27.65,0.2,900,14575000,"B"
"HPG","14:08:19",27.65,0.2,1500,14574100,"B"
"HPG","14:08:16",27.7,0.25,600,14572600,"S"
"HPG","14:08:12",27.65,0.2,1000,14572000,"B"
"HPG","14:08:12",27.7,0.25,1300,14571000,"S"
"HPG","14:08:10",27.65,0.2,1000,14569700,"B"
"HPG","14:08:08",27.65,0.2,100,14568700,"B"
"HPG","14:08:05",27.7,0.25,2000,14568600,"S"
"HPG","14:08:00",27.7,0.25,500,14566600,"S"
"HPG","14:07:59",27.7,0.25,600,14566100,"S"
"HPG","14:07:49",27.7,0.25,1700,14565500,"S"
"HPG","14:07:46",27.7,0.25,2000,14563800,"S"
"HPG","14:07:40",27.7,0.25,200,14561800,"S"
"HPG","14:07:30",27.7,0.25,100,14561600,"S"
"HPG","14:07:25",27.65,0.2,100,14561500,"B"
"HPG","14:07:24",27.7,0.25,6400,14561400,"S"
"HPG","14:07:19",27.7,0.25,500,14555000,"S"
"HPG","14:07:18",27.7,0.25,4200,14554500,"S"
"HPG","14:07:12",27.7,0.25,2300,14550300,"S"
"HPG","14:07:09",27.7,0.25,3000,14548000,"S"
"HPG","14:07:06",27.7,0.25,2000,14545000,"S"
"HPG","14:06:56",27.7,0.25,2000,14543000,"S"
"HPG","14:06:50",27.7,0.25,5300,14541000,"S"
"HPG","14:06:48",27.65,0.2,900,14535700,"B"
"HPG","14:06:47",27.7,0.25,2000,14534800,"S"
"HPG","14:06:36",27.65,0.2,200,14532800,"B"
"HPG","14:06:25",27.7,0.25,5900,14532600,"S"
"HPG","14:06:24",27.7,0.25,5800,14526700,"S"
"HPG","14:06:16",27.7,0.25,300,14520900,"S"
"HPG","14:06:00",27.7,0.25,29000,14520600,"S"
"HPG","14:05:58",27.65,0.2,100,14491600,"B"
"HPG","14:05:56",27.7,0.25,2000,14491500,"S"
"HPG","14:05:43",27.7,0.25,3000,14489500,"S"
"HPG","14:05:38",27.65,0.2,1000,14486500,"B"
"HPG","14:05:31",27.65,0.2,1500,14485500,"B"
"HPG","14:05:29",27.65,0.2,1000,14484000,"B"
"HPG","14:05:19",27.65,0.2,1300,14483000,"B"
"HPG","14:05:18",27.7,0.25,11000,14481700,"S"
"HPG","14:05:02",27.7,0.25,200,14470700,"S"
"HPG","14:04:49",27.65,0.2,100,14470500,"B"
"HPG","14:04:47",27.7,0.25,16200,14470400,"S"
"HPG","14:04:47",27.65,0.2,100,14454200,"B"
"HPG","14:04:46",27.65,0.2,2700,14454100,"S"
"HPG","14:04:42",27.65,0.2,65800,14451400,"S"
"HPG","14:04:40",27.65,0.2,9000,14385600,"S"
"HPG","14:04:38",27.65,0.2,2900,14376600,"S"
"HPG","14:04:34",27.65,0.2,5000,14373700,"S"
"HPG","14:04:32",27.65,0.2,1000,14368700,"S"
"HPG","14:04:29",27.65,0.2,4000,14367700,"S"
"HPG","14:04:28",27.65,0.2,5000,14363700,"S"
"HPG","14:04:23",27.65,0.2,2100,14358700,"S"
"HPG","14:04:22",27.65,0.2,50000,14356600,"S"
"HPG","14:04:15",27.65,0.2,10000,14306600,"S"
"HPG","14:04:14",27.65,0.2,1000,14296600,"S"
"HPG","14:04:09",27.65,0.2,3000,14295600,"S"
"HPG","14:04:08",27.65,0.2,3000,14292600,"S"
"HPG","14:03:59",27.65,0.2,400,14289600,"S"
"HPG","14:03:48",27.65,0.2,5000,14289200,"S"
"HPG","14:03:41",27.65,0.2,600,14284200,"S"
"HPG","14:03:39",27.65,0.2,1000,14283600,"S"
"HPG","14:03:36",27.65,0.2,2800,14282600,"S"
"HPG","14:03:34",27.65,0.2,7900,14279800,"S"
"HPG","14:03:18",27.6,0.15,8000,14271900,"B"
"HPG","14:02:58",27.65,0.2,1000,14263900,"S"
"HPG","14:02:55",27.6,0.15,5000,14262900,"B"
"HPG","14:02:50",27.65,0.2,10000,14257900,"S"
"HPG","14:02:49",27.6,0.15,6200,14247900,"B"
"HPG","14:02:31",27.6,0.15,100,14241700,"B"
"HPG","14:02:08",27.6,0.15,900,14241600,"B"
"HPG","14:01:59",27.6,0.15,2000,14240700,"B"
"HPG","14:01:56",27.6,0.15,3500,14238700,"B"
"HPG","14:01:48",27.6,0.15,1000,14235200,"B"
"HPG","14:01:23",27.6,0.15,10000,14234200,"B"
"HPG","14:01:21",27.6,0.15,900,14224200,"B"
"HPG","14:01:13",27.6,0.15,10000,14223300,"B"
"HPG","14:01:11",27.6,0.15,100,14213300,"B"
"HPG","14:01:06",27.6,0.15,1000,14213200,"B"
"HPG","14:00:35",27.6,0.15,1900,14212200,"B"
"HPG","14:00:25",27.6,0.15,2000,14210300,"B"
"HPG","14:00:14",27.6,0.15,3000,14208300,"B"
"HPG","14:00:09",27.6,0.15,200,14205300,"B"
"HPG","14:00:08",27.6,0.15,1000,14205100,"B"
"HPG","13:59:51",27.6,0.15,100,14204100,"B"
"HPG","13:59:46",27.65,0.2,2000,14204000,"S"
"HPG","13:59:44",27.6,0.15,5000,14202000,"B"
"HPG","13:59:10",27.6,0.15,2000,14197000,"B"
"HPG","13:59:01",27.6,0.15,900,14195000,"B"
"HPG","13:58:58",27.6,0.15,200,14194100,"B"
"HPG","13:58:54",27.6,0.15,400,14193900,"B"
"HPG","13:58:15",27.6,0.15,900,14193500,"B"
"HPG","13:57:55",27.6,0.15,4000,14192600,"B"
"HPG","13:57:52",27.6,0.15,500,14188600,"B"
"HPG","13:57:39",27.6,0.15,6000,14188100,"B"
"HPG","13:57:31",27.6,0.15,100,14182100,"B"
"HPG","13:57:28",27.6,0.15,900,14182000,"B"
"HPG","13:57:15",27.6,0.15,300,14181100,"B"
"HPG","13:57:09",27.65,0.2,700,14180800,"S"
"HPG","13:57:09",27.6,0.15,700,14180100,"B"
"HPG","13:56:49",27.6,0.15,2100,14179400,"B"
"HPG","13:56:47",27.6,0.15,800,14177300,"B"
"HPG","13:56:41",27.6,0.15,900,14176500,"B"
"HPG","13:56:28",27.6,0.15,300,14175600,"B"
"HPG","13:56:25",27.6,0.15,3000,14175300,"B"
"HPG","13:56:01",27.6,0.15,2000,14172300,"B"
"HPG","13:55:57",27.6,0.15,20000,14170300,"B"
"HPG","13:55:54",27.65,0.2,10000,14150300,"S"
"HPG","13:55:46",27.6,0.15,500,14140300,"B"
"HPG","13:55:38",27.6,0.15,100,14139800,"B"
"HPG","13:55:33",27.6,0.15,1000,14139700,"B"
"HPG","13:55:28",27.6,0.15,10800,14138700,"B"
"HPG","13:55:20",27.6,0.15,5300,14127900,"B"
"HPG","13:55:09",27.6,0.15,2000,14122600,"B"
"HPG","13:55:08",27.65,0.2,200,14120600,"S"
"HPG","13:55:03",27.65,0.2,500,14120400,"S"
"HPG","13:55:03",27.6,0.15,2500,14119900,"B"
"HPG","13:55:03",27.65,0.2,100,14117400,"S"
"HPG","13:54:54",27.65,0.2,1000,14117300,"S"
"HPG","13:54:53",27.6,0.15,1000,14116300,"B"
"HPG","13:54:47",27.6,0.15,2500,14115300,"B"
"HPG","13:54:45",27.65,0.2,800,14112800,"S"
"HPG","13:54:37",27.6,0.15,2500,14112000,"B"
"HPG","13:54:33",27.6,0.15,2500,14109500,"B"
"HPG","13:54:31",27.65,0.2,700,14107000,"S"
"HPG","13:54:01",27.65,0.2,3500,14106300,"S"
"HPG","13:53:56",27.65,0.2,500,14102800,"S"
"HPG","13:53:36",27.65,0.2,1200,14102300,"S"
"HPG","13:53:35",27.6,0.15,900,14101100,"B"
"HPG","13:53:34",27.6,0.15,100,14100200,"B"
"HPG","13:53:30",27.65,0.2,1000,14100100,"S"
"HPG","13:53:14",27.65,0.2,100,14099100,"S"
"HPG","13:52:53",27.65,0.2,100,14099000,"S"
"HPG","13:52:45",27.65,0.2,200,14098900,"S"
"HPG","13:52:45",27.6,0.15,2000,14098700,"B"
"HPG","13:52:40",27.6,0.15,900,14096700,"B"
"HPG","13:52:40",27.65,0.2,50000,14095800,"S"
"HPG","13:52:39",27.6,0.15,2500,14045800,"B"
"HPG","13:52:33",27.6,0.15,2500,14043300,"B"
"HPG","13:52:28",27.65,0.2,100,14040800,"S"
"HPG","13:52:28",27.6,0.15,5500,14040700,"B"
"HPG","13:52:23",27.65,0.2,5300,14035200,"S"
"HPG","13:52:19",27.6,0.15,2500,14029900,"B"
"HPG","13:52:13",27.6,0.15,2500,14027400,"B"
"HPG","13:52:10",27.65,0.2,400,14024900,"S"
"HPG","13:52:08",27.6,0.15,2500,14024500,"B"
"HPG","13:52:06",27.6,0.15,3000,14022000,"B"
"HPG","13:52:02",27.6,0.15,900,14019000,"B"
"HPG","13:51:45",27.6,0.15,5000,14018100,"B"
"HPG","13:51:45",27.65,0.2,30000,14013100,"S"
"HPG","13:51:43",27.65,0.2,300,13983100,"S"
"HPG","13:51:31",27.6,0.15,2500,13982800,"B"
"HPG","13:51:29",27.6,0.15,36000,13980300,"B"
"HPG","13:51:26",27.6,0.15,2500,13944300,"B"
"HPG","13:51:15",27.6,0.15,900,13941800,"B"
"HPG","13:51:08",27.6,0.15,1000,13940900,"B"
"HPG","13:51:02",27.6,0.15,2500,13939900,"B"
"HPG","13:50:58",27.6,0.15,2500,13937400,"B"
"HPG","13:50:52",27.6,0.15,2500,13934900,"B"
"HPG","13:50:50",27.65,0.2,93500,13932400,"B"
"HPG","13:50:49",27.65,0.2,5500,13838900,"B"
"HPG","13:50:48",27.65,0.2,4500,13833400,"B"
"HPG","13:50:46",27.65,0.2,2500,13828900,"B"
"HPG","13:50:43",27.65,0.2,2500,13826400,"B"
"HPG","13:50:42",27.65,0.2,5000,13823900,"B"
"HPG","13:50:41",27.65,0.2,2000,13818900,"B"
"HPG","13:50:39",27.65,0.2,5000,13816900,"B"
"HPG","13:50:38",27.65,0.2,2000,13811900,"B"
"HPG","13:50:35",27.65,0.2,2500,13809900,"B"
"HPG","13:50:33",27.65,0.2,200,13807400,"B"
"HPG","13:50:32",27.65,0.2,2500,13807200,"B"
"HPG","13:50:29",27.65,0.2,8900,13804700,"B"
"HPG","13:50:25",27.65,0.2,2500,13795800,"B"
"HPG","13:50:22",27.65,0.2,10000,13793300,"B"
"HPG","13:50:20",27.65,0.2,2500,13783300,"B"
"HPG","13:50:14",27.65,0.2,2500,13780800,"B"
"HPG","13:50:11",27.65,0.2,200,13778300,"B"
"HPG","13:50:09",27.65,0.2,2500,13778100,"B"
"HPG","13:50:06",27.65,0.2,2500,13775600,"B"
"HPG","13:50:00",27.65,0.2,2500,13773100,"B"
"HPG","13:49:54",27.65,0.2,2500,13770600,"B"
"HPG","13:49:49",27.65,0.2,2500,13768100,"B"
"HPG","13:49:47",27.65,0.2,1000,13765600,"B"
"HPG","13:49:42",27.65,0.2,2500,13764600,"B"
"HPG","13:49:37",27.65,0.2,2500,13762100,"B"
"HPG","13:49:36",27.65,0.2,12000,13759600,"S"
"HPG","13:49:34",27.65,0.2,500,13747600,"S"
"HPG","13:49:33",27.65,0.2,50000,13747100,"S"
"HPG","13:49:32",27.65,0.2,100,13697100,"S"
"HPG","13:49:32",27.65,0.2,1000,13697000,"S"
"HPG","13:49:30",27.65,0.2,500,13696000,"S"
"HPG","13:49:28",27.6,0.15,2500,13695500,"B"
"HPG","13:49:26",27.65,0.2,2500,13693000,"S"
"HPG","13:49:25",27.65,0.2,17000,13690500,"S"
"HPG","13:49:21",27.65,0.2,50000,13673500,"S"
"HPG","13:49:20",27.65,0.2,5000,13623500,"S"
"HPG","13:49:19",27.65,0.2,5000,13618500,"S"
"HPG","13:49:15",27.65,0.2,400,13613500,"S"
"HPG","13:49:11",27.65,0.2,50000,13613100,"S"
"HPG","13:49:07",27.65,0.2,100,13563100,"S"
"HPG","13:49:06",27.65,0.2,400,13563000,"S"
"HPG","13:48:37",27.65,0.2,39500,13562600,"S"
"HPG","13:48:37",27.65,0.2,10500,13523100,"S"
"HPG","13:48:09",27.6,0.15,900,13512600,"B"
"HPG","13:48:04",27.6,0.15,200,13511700,"B"
"HPG","13:47:25",27.6,0.15,5000,13511500,"B"
"HPG","13:47:22",27.6,0.15,900,13506500,"B"
"HPG","13:47:16",27.6,0.15,500,13505600,"B"
"HPG","13:47:16",27.6,0.15,4000,13505100,"B"
"HPG","13:47:05",27.6,0.15,500,13501100,"B"
"HPG","13:46:57",27.6,0.15,6600,13500600,"B"
"HPG","13:46:52",27.6,0.15,50000,13494000,"B"
"HPG","13:46:50",27.6,0.15,400,13444000,"B"
"HPG","13:46:46",27.6,0.15,100,13443600,"B"
"HPG","13:46:41",27.65,0.2,2000,13443500,"S"
"HPG","13:46:40",27.6,0.15,1000,13441500,"B"
"HPG","13:46:35",27.6,0.15,900,13440500,"B"
"HPG","13:46:32",27.6,0.15,1100,13439600,"B"
"HPG","13:46:31",27.6,0.15,1000,13438500,"B"
"HPG","13:46:28",27.6,0.15,1000,13437500,"B"
"HPG","13:46:19",27.6,0.15,300,13436500,"B"
"HPG","13:46:17",27.6,0.15,200,13436200,"B"
"HPG","13:46:08",27.6,0.15,5000,13436000,"B"
"HPG","13:45:49",27.6,0.15,900,13431000,"B"
"HPG","13:45:47",27.6,0.15,10000,13430100,"B"
"HPG","13:45:30",27.6,0.15,1500,13420100,"B"
"HPG","13:45:06",27.6,0.15,5000,13418600,"B"
"HPG","13:45:06",27.65,0.2,200,13413600,"S"
"HPG","13:45:02",27.65,0.2,100,13413400,"S"
"HPG","13:44:47",27.65,0.2,16700,13413300,"S"
"HPG","13:44:45",27.6,0.15,100,13396600,"B"
"HPG","13:44:44",27.6,0.15,300,13396500,"S"
"HPG","13:44:42",27.6,0.15,40000,13396200,"S"
"HPG","13:44:37",27.55,0.1,700,13356200,"B"
"HPG","13:44:36",27.6,0.15,2000,13355500,"S"
"HPG","13:44:35",27.6,0.15,1000,13353500,"S"
"HPG","13:44:33",27.6,0.15,200,13352500,"S"
"HPG","13:44:18",27.6,0.15,12400,13352300,"S"
"HPG","13:44:15",27.6,0.15,10100,13339900,"S"
"HPG","13:44:11",27.55,0.1,500,13329800,"B"
"HPG","13:44:05",27.6,0.15,300,13329300,"S"
"HPG","13:44:03",27.6,0.15,5200,13329000,"S"
"HPG","13:43:55",27.6,0.15,145200,13323800,"S"
"HPG","13:43:54",27.6,0.15,4800,13178600,"S"
"HPG","13:43:48",27.6,0.15,100,13173800,"S"
"HPG","13:42:52",27.6,0.15,3500,13173700,"S"
"HPG","13:42:42",27.55,0.1,900,13170200,"B"
"HPG","13:42:25",27.55,0.1,3500,13169300,"B"
"HPG","13:41:56",27.55,0.1,2700,13165800,"B"
"HPG","13:41:53",27.6,0.15,400,13163100,"S"
"HPG","13:41:43",27.6,0.15,200,13162700,"S"
"HPG","13:41:43",27.6,0.15,300,13162500,"S"
"HPG","13:41:27",27.6,0.15,2000,13156900,"S"
"HPG","13:41:18",27.55,0.1,1000,13154900,"B"
"HPG","13:41:09",27.55,0.1,6000,13153900,"B"
"HPG","13:41:08",27.55,0.1,900,13147900,"B"
"HPG","13:40:54",27.55,0.1,3600,13147000,"B"
"HPG","13:40:45",27.55,0.1,12800,13143400,"S"
"HPG","13:40:44",27.55,0.1,2500,13130600,"S"
"HPG","13:40:43",27.55,0.1,5200,13128100,"S"
"HPG","13:40:42",27.55,0.1,10000,13122900,"S"
"HPG","13:40:40",27.55,0.1,1000,13112900,"S"
"HPG","13:40:39",27.55,0.1,1700,13111900,"S"
"HPG","13:40:37",27.55,0.1,5000,13110200,"S"
"HPG","13:40:35",27.55,0.1,50000,13105200,"S"
"HPG","13:40:34",27.55,0.1,13000,13055200,"S"
"HPG","13:40:34",27.55,0.1,17400,13042200,"S"
"HPG","13:40:31",27.55,0.1,200,13024800,"S"
"HPG","13:40:25",27.55,0.1,100,13024600,"S"
"HPG","13:40:23",27.55,0.1,1100,13024500,"S"
"HPG","13:40:20",27.55,0.1,200,13023400,"S"
"HPG","13:40:17",27.55,0.1,500,13023200,"S"
"HPG","13:40:16",27.55,0.1,10000,13022700,"S"
"HPG","13:40:15",27.55,0.1,500,13012700,"S"
"HPG","13:40:10",27.55,0.1,5000,13012200,"S"
"HPG","13:40:03",27.55,0.1,100,13007200,"S"
"HPG","13:39:55",27.55,0.1,200,13007100,"S"
"HPG","13:39:54",27.55,0.1,200,13006900,"S"
"HPG","13:39:44",27.5,0.05,3600,13006700,"B"
"HPG","13:39:36",27.55,0.1,15000,13003100,"S"
"HPG","13:39:29",27.55,0.1,200,12988100,"S"
"HPG","13:39:21",27.55,0.1,500,12987900,"S"
"HPG","13:39:21",27.55,0.1,2000,12987400,"S"
"HPG","13:39:19",27.5,0.05,100,12985400,"B"
"HPG","13:39:13",27.55,0.1,1000,12985300,"S"
"HPG","13:39:09",27.55,0.1,1000,12984300,"S"
"HPG","13:39:02",27.55,0.1,1000,12983300,"S"
"HPG","13:39:01",27.55,0.1,5300,12982300,"S"
"HPG","13:39:00",27.55,0.1,1400,12977000,"S"
"HPG","13:38:58",27.55,0.1,900,12975600,"S"
"HPG","13:38:57",27.55,0.1,100,12974700,"S"
"HPG","13:38:54",27.55,0.1,3000,12974600,"S"
"HPG","13:38:50",27.55,0.1,1000,12971600,"S"
"HPG","13:38:49",27.5,0.05,500,12970600,"B"
"HPG","13:38:43",27.55,0.1,12000,12970100,"S"
"HPG","13:38:41",27.55,0.1,5000,12958100,"S"
"HPG","13:38:40",27.55,0.1,200,12953100,"S"
"HPG","13:38:38",27.55,0.1,600,12952900,"S"
"HPG","13:38:36",27.55,0.1,100,12952300,"S"
"HPG","13:38:31",27.55,0.1,1400,12952200,"S"
"HPG","13:38:28",27.55,0.1,38200,12950800,"S"
"HPG","13:38:19",27.55,0.1,50000,12912600,"S"
"HPG","13:38:06",27.5,0.05,21800,12862600,"B"
"HPG","13:38:03",27.55,0.1,100,12840800,"S"
"HPG","13:37:58",27.55,0.1,1000,12840700,"S"
"HPG","13:37:53",27.55,0.1,1000,12839700,"S"
"HPG","13:37:50",27.55,0.1,100,12838700,"S"
"HPG","13:37:41",27.55,0.1,20000,12838600,"S"
"HPG","13:37:32",27.55,0.1,200,12818600,"S"
"HPG","13:37:31",27.55,0.1,80100,12818400,"B"
"HPG","13:37:26",27.55,0.1,19000,12738300,"B"
"HPG","13:37:20",27.55,0.1,27000,12719300,"B"
"HPG","13:37:19",27.55,0.1,54000,12692300,"B"
"HPG","13:37:04",27.6,0.15,500,12638300,"S"
"HPG","13:36:55",27.55,0.1,250000,12637800,"B"
"HPG","13:36:40",27.6,0.15,2000,12387800,"S"
"HPG","13:36:38",27.55,0.1,2500,12385800,"B"
"HPG","13:36:29",27.55,0.1,900,12383300,"B"
"HPG","13:36:03",27.55,0.1,500,12382400,"B"
"HPG","13:36:03",27.55,0.1,2500,12381900,"B"
"HPG","13:35:56",27.55,0.1,2500,12379400,"B"
"HPG","13:35:50",27.55,0.1,4500,12376900,"B"
"HPG","13:35:47",27.55,0.1,2500,12372400,"B"
"HPG","13:35:43",27.55,0.1,900,12369900,"B"
"HPG","13:35:41",27.55,0.1,2500,12369000,"B"
"HPG","13:35:36",27.55,0.1,2500,12366500,"B"
"HPG","13:35:35",27.55,0.1,10300,12364000,"B"
"HPG","13:35:32",27.55,0.1,300,12353700,"B"
"HPG","13:35:27",27.55,0.1,2500,12353400,"B"
"HPG","13:35:13",27.55,0.1,2500,12350900,"B"
"HPG","13:34:56",27.55,0.1,900,12348400,"B"
"HPG","13:34:52",27.55,0.1,2500,12347500,"B"
"HPG","13:34:51",27.55,0.1,100,12345000,"B"
"HPG","13:34:50",27.6,0.15,200,12344900,"S"
"HPG","13:34:42",27.6,0.15,300,12344700,"S"
"HPG","13:34:36",27.55,0.1,2500,12344400,"B"
"HPG","13:34:33",27.6,0.15,100,12341900,"S"
"HPG","13:34:16",27.55,0.1,700,12341800,"B"
"HPG","13:34:10",27.55,0.1,900,12341100,"B"
"HPG","13:33:35",27.55,0.1,900,12340200,"B"
"HPG","13:33:35",27.55,0.1,1800,12339300,"B"
"HPG","13:33:23",27.55,0.1,900,12337500,"B"
"HPG","13:32:53",27.55,0.1,200,12336600,"B"
"HPG","13:32:42",27.6,0.15,100,12336400,"S"
"HPG","13:32:36",27.55,0.1,900,12336300,"B"
"HPG","13:32:20",27.55,0.1,100,12335400,"B"
"HPG","13:32:09",27.55,0.1,1000,12335300,"B"
"HPG","13:32:02",27.55,0.1,200,12334300,"B"
"HPG","13:31:50",27.55,0.1,900,12334100,"B"
"HPG","13:31:46",27.55,0.1,200,12333200,"B"
"HPG","13:31:43",27.55,0.1,300,12333000,"B"
"HPG","13:31:35",27.55,0.1,2500,12332700,"B"
"HPG","13:31:33",27.55,0.1,50000,12330200,"B"
"HPG","13:31:30",27.55,0.1,2200,12280200,"B"
"HPG","13:31:19",27.55,0.1,2500,12278000,"B"
"HPG","13:31:14",27.55,0.1,1000,12275500,"B"
"HPG","13:31:10",27.55,0.1,100,12274500,"B"
"HPG","13:31:06",27.55,0.1,2000,12274400,"B"
"HPG","13:31:02",27.55,0.1,2500,12272400,"B"
"HPG","13:31:01",27.6,0.15,200,12269900,"S"
"HPG","13:30:58",27.55,0.1,5200,12269700,"B"
"HPG","13:30:56",27.55,0.1,2500,12264500,"B"
"HPG","13:30:52",27.55,0.1,2500,12262000,"B"
"HPG","13:30:45",27.55,0.1,2500,12259500,"B"
"HPG","13:30:40",27.55,0.1,2500,12257000,"B"
"HPG","13:30:40",27.6,0.15,2300,12254500,"S"
"HPG","13:30:35",27.55,0.1,2500,12252200,"B"
"HPG","13:30:33",27.55,0.1,2000,12249700,"B"
"HPG","13:30:31",27.55,0.1,100,12247700,"B"
"HPG","13:30:30",27.55,0.1,2500,12247600,"B"
"HPG","13:30:30",27.6,0.15,100,12245100,"S"
"HPG","13:30:27",27.55,0.1,2500,12245000,"B"
"HPG","13:30:23",27.55,0.1,5400,12242500,"B"
"HPG","13:30:22",27.6,0.15,500,12237100,"S"
"HPG","13:30:20",27.55,0.1,2500,12236600,"B"
"HPG","13:30:20",27.6,0.15,600,12234100,"S"
"HPG","13:30:17",27.55,0.1,2500,12233500,"B"
"HPG","13:30:15",27.6,0.15,40000,12231000,"S"
"HPG","13:30:11",27.55,0.1,12500,12191000,"B"
"HPG","13:30:07",27.6,0.15,20000,12178500,"S"
"HPG","13:30:05",27.55,0.1,2500,12158500,"B"
"HPG","13:30:03",27.55,0.1,1300,12156000,"B"
"HPG","13:29:59",27.55,0.1,2500,12154700,"B"
"HPG","13:29:55",27.55,0.1,2500,12152200,"B"
"HPG","13:29:54",27.6,0.15,5000,12149700,"S"
"HPG","13:29:49",27.6,0.15,4400,12144700,"S"
"HPG","13:29:48",27.55,0.1,2500,12140300,"B"
"HPG","13:29:44",27.55,0.1,2500,12137800,"B"
"HPG","13:29:43",27.55,0.1,1100,12135300,"B"
"HPG","13:29:39",27.55,0.1,2500,12134200,"B"
"HPG","13:29:35",27.6,0.15,2000,12131700,"S"
"HPG","13:29:33",27.55,0.1,2500,12129700,"B"
"HPG","13:29:30",27.55,0.1,900,12127200,"B"
"HPG","13:29:28",27.55,0.1,2500,12126300,"B"
"HPG","13:29:24",27.55,0.1,5300,12123800,"B"
"HPG","13:29:22",27.55,0.1,2500,12118500,"B"
"HPG","13:29:14",27.6,0.15,1200,12116000,"S"
"HPG","13:29:10",27.55,0.1,2500,12114800,"B"
"HPG","13:29:03",27.6,0.15,100,12112300,"S"
"HPG","13:29:03",27.55,0.1,2500,12112200,"B"
"HPG","13:28:57",27.55,0.1,100,12109700,"B"
"HPG","13:28:51",27.6,0.15,300,12109600,"S"
"HPG","13:28:40",27.6,0.15,3700,12109300,"S"
"HPG","13:28:35",27.55,0.1,1000,12105600,"B"
"HPG","13:28:34",27.55,0.1,4000,12104600,"B"
"HPG","13:28:30",27.55,0.1,200,12100600,"B"
"HPG","13:28:22",27.6,0.15,700,12100400,"S"
"HPG","13:28:06",27.55,0.1,10000,12099700,"B"
"HPG","13:27:57",27.55,0.1,900,12089700,"B"
"HPG","13:27:54",27.55,0.1,30000,12088800,"B"
"HPG","13:27:52",27.6,0.15,100,12058800,"S"
"HPG","13:27:42",27.55,0.1,2500,12058700,"B"
"HPG","13:27:41",27.6,0.15,23800,12056200,"S"
"HPG","13:27:31",27.55,0.1,2500,12032400,"B"
"HPG","13:27:28",27.55,0.1,2500,12029900,"B"
"HPG","13:27:26",27.6,0.15,100,12027400,"S"
"HPG","13:27:14",27.6,0.15,3000,12027300,"S"
"HPG","13:27:06",27.6,0.15,1000,12024300,"S"
"HPG","13:26:58",27.6,0.15,200,12023300,"S"
"HPG","13:26:48",27.6,0.15,1000,12023100,"S"
"HPG","13:26:44",27.6,0.15,600,12022100,"S"
"HPG","13:26:39",27.6,0.15,100,12021500,"S"
"HPG","13:26:31",27.6,0.15,3600,12021400,"S"
"HPG","13:26:23",27.55,0.1,900,12017800,"B"
"HPG","13:26:19",27.55,0.1,2000,12016900,"B"
"HPG","13:26:12",27.55,0.1,3500,12014900,"B"
"HPG","13:26:08",27.55,0.1,4500,12011400,"B"
"HPG","13:25:59",27.55,0.1,400,12006900,"B"
"HPG","13:25:58",27.55,0.1,100,12006500,"B"
"HPG","13:25:37",27.55,0.1,900,12006400,"B"
"HPG","13:25:35",27.55,0.1,1000,12005500,"B"
"HPG","13:24:50",27.55,0.1,900,12004500,"B"
"HPG","13:24:38",27.55,0.1,10000,12003600,"B"
"HPG","13:24:30",27.55,0.1,2000,11993600,"B"
"HPG","13:24:03",27.55,0.1,100,11991600,"B"
"HPG","13:24:00",27.6,0.15,10000,11991500,"S"
"HPG","13:24:00",27.55,0.1,1800,11981500,"B"
"HPG","13:23:50",27.55,0.1,100,11979700,"B"
"HPG","13:23:39",27.55,0.1,1000,11979600,"B"
"HPG","13:23:21",27.55,0.1,100,11978600,"B"
"HPG","13:23:17",27.55,0.1,900,11978500,"B"
"HPG","13:23:11",27.55,0.1,3000,11977600,"B"
"HPG","13:22:56",27.55,0.1,100,11974600,"B"
"HPG","13:22:33",27.55,0.1,1000,11974500,"B"
"HPG","13:22:21",27.6,0.15,1500,11973500,"S"
"HPG","13:22:19",27.55,0.1,100,11972000,"B"
"HPG","13:22:17",27.55,0.1,400,11971900,"B"
"HPG","13:22:15",27.6,0.15,1100,11971500,"S"
"HPG","13:21:56",27.6,0.15,2000,11970400,"S"
"HPG","13:21:44",27.55,0.1,900,11968400,"B"
"HPG","13:21:23",27.55,0.1,4000,11967500,"B"
"HPG","13:21:22",27.55,0.1,100,11963500,"B"
"HPG","13:21:16",27.55,0.1,200,11963400,"B"
"HPG","13:20:57",27.55,0.1,900,11963200,"B"
"HPG","13:20:54",27.55,0.1,400,11962300,"B"
"HPG","13:20:54",27.55,0.1,500,11961900,"B"
"HPG","13:20:17",27.55,0.1,600,11961400,"B"
"HPG","13:20:10",27.55,0.1,900,11960800,"B"
"HPG","13:19:51",27.5,0.05,56000,11959900,"B"
"HPG","13:19:51",27.55,0.1,4000,11903900,"B"
"HPG","13:19:47",27.55,0.1,54800,11899900,"B"
"HPG","13:19:45",27.55,0.1,500,11845100,"B"
"HPG","13:19:24",27.55,0.1,900,11844600,"B"
"HPG","13:19:21",27.55,0.1,5000,11843700,"B"
"HPG","13:19:19",27.6,0.15,700,11838700,"S"
"HPG","13:19:07",27.55,0.1,200,11838000,"B"
"HPG","13:19:02",27.6,0.15,5300,11837800,"S"
"HPG","13:18:56",27.55,0.1,300,11832500,"B"
"HPG","13:18:54",27.6,0.15,400,11832200,"S"
"HPG","13:18:52",27.55,0.1,100,11831800,"B"
"HPG","13:18:51",27.55,0.1,700,11831700,"B"
"HPG","13:18:37",27.55,0.1,900,11831000,"B"
"HPG","13:18:29",27.55,0.1,2000,11830100,"B"
"HPG","13:18:21",27.6,0.15,5300,11828100,"S"
"HPG","13:18:04",27.55,0.1,3000,11822800,"B"
"HPG","13:17:58",27.55,0.1,3700,11819800,"B"
"HPG","13:17:50",27.55,0.1,900,11816100,"B"
"HPG","13:17:49",27.55,0.1,1000,11815200,"B"
"HPG","13:17:42",27.55,0.1,5000,11814200,"B"
"HPG","13:17:41",27.55,0.1,100,11809200,"B"
"HPG","13:17:11",27.55,0.1,1000,11809100,"B"
"HPG","13:17:11",27.6,0.15,5300,11808100,"S"
"HPG","13:17:04",27.55,0.1,900,11802800,"B"
"HPG","13:17:02",27.55,0.1,24500,11801900,"S"
"HPG","13:17:02",27.55,0.1,16200,11777400,"S"
"HPG","13:16:58",27.55,0.1,8100,11761200,"S"
"HPG","13:16:57",27.55,0.1,100,11753100,"S"
"HPG","13:16:56",27.55,0.1,100,11752900,"S"
"HPG","13:16:54",27.55,0.1,3000,11752800,"S"
"HPG","13:16:53",27.55,0.1,3300,11749800,"S"
"HPG","13:16:52",27.55,0.1,400,11746500,"S"
"HPG","13:16:49",27.55,0.1,5100,11746100,"S"
"HPG","13:16:45",27.55,0.1,5000,11741000,"S"
"HPG","13:16:44",27.55,0.1,1000,11736000,"S"
"HPG","13:16:43",27.55,0.1,200,11735000,"S"
"HPG","13:16:41",27.55,0.1,500,11734800,"S"
"HPG","13:16:40",27.5,0.05,100,11734300,"B"
"HPG","13:16:39",27.55,0.1,30000,11734200,"S"
"HPG","13:16:38",27.55,0.1,2400,11704200,"S"
"HPG","13:16:38",27.55,0.1,3100,11701800,"S"
"HPG","13:16:31",27.55,0.1,5000,11698700,"S"
"HPG","13:16:25",27.55,0.1,21500,11693700,"S"
"HPG","13:16:23",27.5,0.05,1000,11672200,"B"
"HPG","13:16:20",27.55,0.1,200,11671200,"S"
"HPG","13:16:07",27.55,0.1,200,11671000,"S"
"HPG","13:15:52",27.55,0.1,500,11670800,"S"
"HPG","13:15:43",27.55,0.1,500,11670300,"S"
"HPG","13:15:40",27.5,0.05,200,11669800,"B"
"HPG","13:15:28",27.55,0.1,3000,11669600,"S"
"HPG","13:15:22",27.55,0.1,100,11666600,"S"
"HPG","13:15:15",27.55,0.1,200,11666500,"S"
"HPG","13:14:58",27.55,0.1,500,11666300,"S"
"HPG","13:14:52",27.55,0.1,1500,11665800,"S"
"HPG","13:14:50",27.5,0.05,100,11664300,"B"
"HPG","13:14:41",27.55,0.1,100,11664200,"S"
"HPG","13:14:34",27.5,0.05,20000,11664100,"B"
"HPG","13:14:27",27.5,0.05,2700,11644100,"B"
"HPG","13:14:26",27.55,0.1,300,11641400,"S"
"HPG","13:14:14",27.55,0.1,8000,11641100,"S"
"HPG","13:14:12",27.55,0.1,20000,11633100,"S"
"HPG","13:14:03",27.55,0.1,4000,11613100,"S"
"HPG","13:13:58",27.55,0.1,3600,11609100,"S"
"HPG","13:13:45",27.55,0.1,100,11605500,"S"
"HPG","13:13:14",27.55,0.1,9000,11605400,"S"
"HPG","13:13:11",27.5,0.05,900,11596400,"B"
"HPG","13:13:09",27.5,0.05,100,11595500,"B"
"HPG","13:13:06",27.55,0.1,30000,11595400,"S"
"HPG","13:12:35",27.55,0.1,100,11565400,"S"
"HPG","13:12:33",27.55,0.1,3600,11565300,"S"
"HPG","13:12:18",27.55,0.1,300,11561700,"S"
"HPG","13:11:52",27.55,0.1,3600,11561400,"S"
"HPG","13:11:42",27.55,0.1,100,11557800,"S"
"HPG","13:11:36",27.55,0.1,1000,11557700,"S"
"HPG","13:11:18",27.55,0.1,4200,11556700,"S"
"HPG","13:11:12",27.55,0.1,3800,11552500,"S"
"HPG","13:11:11",27.55,0.1,2000,11548700,"S"
"HPG","13:11:07",27.55,0.1,8400,11546700,"B"
"HPG","13:10:59",27.55,0.1,100,11538300,"B"
"HPG","13:10:56",27.55,0.1,5700,11538200,"S"
"HPG","13:10:48",27.55,0.1,8300,11532500,"S"
"HPG","13:10:40",27.55,0.1,6600,11524200,"S"
"HPG","13:10:35",27.55,0.1,32600,11517600,"B"
"HPG","13:10:33",27.55,0.1,200,11485000,"B"
"HPG","13:10:32",27.6,0.15,3600,11484800,"S"
"HPG","13:10:29",27.55,0.1,13000,11481200,"B"
"HPG","13:10:28",27.55,0.1,300,11468200,"B"
"HPG","13:10:19",27.55,0.1,3500,11467900,"B"
"HPG","13:10:14",27.55,0.1,2000,11464400,"B"
"HPG","13:10:12",27.55,0.1,100,11462400,"B"
"HPG","13:10:11",27.55,0.1,100,11462300,"B"
"HPG","13:10:04",27.55,0.1,900,11462200,"B"
"HPG","13:10:03",27.55,0.1,50000,11461300,"B"
"HPG","13:10:00",27.55,0.1,500,11411300,"B"
"HPG","13:09:58",27.55,0.1,2200,11410800,"B"
"HPG","13:09:56",27.55,0.1,2700,11408600,"B"
"HPG","13:09:56",27.55,0.1,900,11405900,"B"
"HPG","13:09:54",27.55,0.1,100,11405000,"B"
"HPG","13:09:52",27.6,0.15,3600,11404900,"S"
"HPG","13:09:47",27.55,0.1,5000,11401300,"B"
"HPG","13:09:45",27.55,0.1,52000,11396300,"B"
"HPG","13:09:44",27.55,0.1,5500,11344300,"B"
"HPG","13:09:38",27.55,0.1,5000,11338800,"B"
"HPG","13:09:35",27.55,0.1,1100,11333800,"B"
"HPG","13:09:26",27.55,0.1,50000,11332700,"B"
"HPG","13:09:25",27.6,0.15,500,11282700,"S"
"HPG","13:09:23",27.6,0.15,8000,11282200,"S"
"HPG","13:09:22",27.55,0.1,200,11274200,"B"
"HPG","13:09:18",27.55,0.1,900,11274000,"B"
"HPG","13:09:13",27.55,0.1,10000,11273100,"B"
"HPG","13:09:11",27.55,0.1,50000,11263100,"B"
"HPG","13:09:00",27.55,0.1,2000,11213100,"B"
"HPG","13:08:31",27.55,0.1,900,11211100,"B"
"HPG","13:08:27",27.55,0.1,1800,11210200,"B"
"HPG","13:08:25",27.6,0.15,100,11208400,"S"
"HPG","13:08:24",27.55,0.1,100,11208300,"B"
"HPG","13:08:11",27.55,0.1,100,11208200,"B"
"HPG","13:08:07",27.6,0.15,100,11208100,"S"
"HPG","13:07:50",27.6,0.15,1900,11208000,"S"
"HPG","13:07:45",27.55,0.1,900,11206100,"B"
"HPG","13:07:35",27.55,0.1,5000,11205200,"B"
"HPG","13:07:26",27.6,0.15,600,11200200,"S"
"HPG","13:07:08",27.55,0.1,10000,11199600,"B"
"HPG","13:07:06",27.55,0.1,500,11189600,"B"
"HPG","13:07:04",27.55,0.1,400,11189100,"B"
"HPG","13:07:02",27.6,0.15,1400,11188700,"S"
"HPG","13:07:00",27.55,0.1,50000,11187300,"B"
"HPG","13:06:58",27.55,0.1,900,11137300,"B"
"HPG","13:06:50",27.55,0.1,200,11136400,"B"
"HPG","13:06:38",27.55,0.1,100,11136200,"B"
"HPG","13:06:11",27.55,0.1,900,11136100,"B"
"HPG","13:06:07",27.55,0.1,400,11135200,"B"
"HPG","13:05:37",27.55,0.1,200,11134800,"B"
"HPG","13:05:25",27.55,0.1,900,11134600,"B"
"HPG","13:05:08",27.55,0.1,600,11133700,"B"
"HPG","13:05:04",27.55,0.1,100,11133100,"B"
"HPG","13:04:44",27.55,0.1,1200,11133000,"B"
"HPG","13:04:37",27.6,0.15,100,11131800,"S"
"HPG","13:04:29",27.6,0.15,100,11131700,"S"
"HPG","13:03:49",27.6,0.15,5000,11131600,"S"
"HPG","13:03:35",27.6,0.15,5000,11126600,"S"
"HPG","13:03:28",27.55,0.1,500,11121600,"B"
"HPG","13:03:15",27.55,0.1,2000,11121100,"B"
"HPG","13:03:06",27.55,0.1,2000,11119100,"B"
"HPG","13:03:05",27.55,0.1,900,11117100,"B"
"HPG","13:02:18",27.55,0.1,900,11116200,"B"
"HPG","13:01:32",27.55,0.1,900,11115300,"B"
"HPG","13:01:30",27.55,0.1,200,11114400,"B"
"HPG","13:01:09",27.6,0.15,3600,11114200,"S"
"HPG","13:00:45",27.55,0.1,900,11110600,"B"
"HPG","13:00:15",27.6,0.15,500,11109700,"S"
"HPG","13:00:11",27.55,0.1,100,11109200,"B"
"HPG","13:00:10",27.6,0.15,100,11109100,"S"
"HPG","13:00:10",27.55,0.1,1000,11109000,"B"
"HPG","13:00:08",27.6,0.15,100,11108000,"S"
"HPG","13:00:07",27.55,0.1,700,11107900,"B"
"HPG","13:00:06",27.6,0.15,100,11107200,"S"
"HPG","13:00:05",27.55,0.1,50000,11107100,"B"
"HPG","13:00:04",27.55,0.1,400,11057100,"B"
"HPG","13:00:03",27.6,0.15,100,11056700,"S"
"HPG","13:00:02",27.6,0.15,30000,11056600,"S"
"HPG","13:00:02",27.55,0.1,500,11026600,"B"
"HPG","13:00:01",27.55,0.1,100,11026100,"B"
"HPG","13:00:01",27.6,0.15,400,11026000,"S"
"HPG","13:00:01",27.55,0.1,1000,11025600,"B"
"HPG","13:00:00",27.55,0.1,1100,11024600,"B"
"HPG","13:00:00",27.6,0.15,300,11023500,"S"
"HPG","13:00:00",27.55,0.1,1000,11023200,"B"
"HPG","11:29:59",27.55,0.1,900,11022200,"B"
"HPG","11:29:33",27.55,0.1,500,11021300,"B"
"HPG","11:29:26",27.5,0.05,33500,11020800,"B"
"HPG","11:29:26",27.55,0.1,26500,10987300,"B"
"HPG","11:29:24",27.55,0.1,23500,10960800,"S"
"HPG","11:29:17",27.55,0.1,100,10937300,"S"
"HPG","11:29:13",27.55,0.1,1000,10937200,"S"
"HPG","11:29:10",27.55,0.1,100,10936200,"S"
"HPG","11:29:09",27.55,0.1,300,10936100,"S"
"HPG","11:29:06",27.55,0.1,5000,10935800,"S"
"HPG","11:28:53",27.55,0.1,1000,10930800,"S"
"HPG","11:28:14",27.55,0.1,1000,10929800,"S"
"HPG","11:28:09",27.5,0.05,10000,10928800,"B"
"HPG","11:28:09",27.55,0.1,19900,10918800,"B"
"HPG","11:28:06",27.55,0.1,15000,10898900,"B"
"HPG","11:28:01",27.55,0.1,50000,10883900,"B"
"HPG","11:28:00",27.55,0.1,600,10833900,"B"
"HPG","11:28:00",27.55,0.1,500,10833300,"B"
"HPG","11:27:39",27.55,0.1,900,10832800,"B"
"HPG","11:27:38",27.55,0.1,500,10831900,"B"
"HPG","11:27:37",27.55,0.1,400,10831400,"B"
"HPG","11:27:33",27.55,0.1,2500,10831000,"B"
"HPG","11:27:30",27.55,0.1,5000,10828500,"B"
"HPG","11:27:27",27.55,0.1,58000,10823500,"B"
"HPG","11:27:19",27.55,0.1,100,10765500,"B"
"HPG","11:27:14",27.55,0.1,12000,10765400,"B"
"HPG","11:27:14",27.6,0.15,100,10753400,"S"
"HPG","11:27:06",27.55,0.1,30000,10753300,"B"
"HPG","11:27:06",27.55,0.1,800,10723300,"B"
"HPG","11:27:00",27.55,0.1,1000,10722500,"B"
"HPG","11:26:52",27.55,0.1,900,10721500,"B"
"HPG","11:26:33",27.55,0.1,200000,10720600,"B"
"HPG","11:26:24",27.55,0.1,43300,10520600,"B"
"HPG","11:26:23",27.55,0.1,41700,10477300,"B"
"HPG","11:26:05",27.55,0.1,900,10435600,"B"
"HPG","11:25:36",27.55,0.1,1000,10434700,"B"
"HPG","11:25:34",27.6,0.15,3000,10433700,"S"
"HPG","11:25:13",27.6,0.15,100,10430700,"S"
"HPG","11:25:03",27.6,0.15,100,10430600,"S"
"HPG","11:24:53",27.6,0.15,500,10430500,"S"
"HPG","11:24:14",27.6,0.15,1000,10430000,"S"
"HPG","11:24:12",27.55,0.1,1000,10429000,"B"
"HPG","11:24:10",27.6,0.15,2000,10428000,"S"
"HPG","11:23:56",27.6,0.15,700,10426000,"S"
"HPG","11:23:00",27.6,0.15,200,10425300,"S"
"HPG","11:22:39",27.6,0.15,100,10425100,"S"
"HPG","11:22:20",27.6,0.15,300,10425000,"S"
"HPG","11:22:19",27.6,0.15,700,10424700,"S"
"HPG","11:22:14",27.6,0.15,1000,10424000,"S"
"HPG","11:22:09",27.6,0.15,500,10423000,"S"
"HPG","11:22:04",27.6,0.15,7800,10422500,"B"
"HPG","11:21:57",27.6,0.15,300,10414700,"B"
"HPG","11:21:41",27.6,0.15,10000,10414400,"B"
"HPG","11:21:40",27.6,0.15,5000,10404400,"B"
"HPG","11:21:36",27.6,0.15,500,10399400,"B"
"HPG","11:21:26",27.6,0.15,900,10398900,"B"
"HPG","11:21:16",27.6,0.15,1200,10398000,"B"
"HPG","11:20:57",27.6,0.15,100,10396800,"B"
"HPG","11:20:48",27.6,0.15,700,10396700,"S"
"HPG","11:20:41",27.6,0.15,100,10396000,"S"
"HPG","11:20:40",27.6,0.15,100,10395900,"B"
"HPG","11:20:35",27.6,0.15,900,10395800,"B"
"HPG","11:20:34",27.6,0.15,100,10394900,"B"
"HPG","11:20:30",27.6,0.15,5600,10394800,"B"
"HPG","11:20:20",27.6,0.15,20000,10389200,"B"
"HPG","11:20:17",27.6,0.15,100,10369200,"B"
"HPG","11:20:02",27.6,0.15,14500,10369100,"B"
"HPG","11:19:52",27.6,0.15,900,10354600,"B"
"HPG","11:19:31",27.6,0.15,15000,10353700,"B"
"HPG","11:19:22",27.6,0.15,2000,10338700,"B"
"HPG","11:19:18",27.6,0.15,700,10336700,"B"
"HPG","11:19:14",27.6,0.15,1000,10336000,"B"
"HPG","11:19:08",27.6,0.15,10000,10335000,"B"
"HPG","11:19:06",27.6,0.15,900,10325000,"B"
"HPG","11:18:58",27.6,0.15,1400,10324100,"B"
"HPG","11:18:36",27.6,0.15,5800,10322700,"B"
"HPG","11:18:22",27.6,0.15,1000,10316900,"B"
"HPG","11:18:20",27.6,0.15,900,10315900,"B"
"HPG","11:18:10",27.6,0.15,20000,10315000,"B"
"HPG","11:17:54",27.6,0.15,200,10295000,"B"
"HPG","11:17:52",27.6,0.15,3000,10294800,"B"
"HPG","11:17:50",27.6,0.15,1000,10291800,"B"
"HPG","11:17:33",27.6,0.15,900,10290800,"B"
"HPG","11:17:32",27.6,0.15,15000,10289900,"B"
"HPG","11:17:29",27.6,0.15,5000,10274900,"B"
"HPG","11:17:22",27.6,0.15,30000,10269900,"B"
"HPG","11:17:13",27.6,0.15,5000,10239900,"B"
"HPG","11:17:05",27.6,0.15,1000,10234900,"B"
"HPG","11:16:46",27.6,0.15,900,10233900,"B"
"HPG","11:16:45",27.6,0.15,7500,10233000,"B"
"HPG","11:16:34",27.6,0.15,100,10225500,"B"
"HPG","11:16:16",27.6,0.15,2300,10225400,"B"
"HPG","11:16:06",27.6,0.15,10000,10223100,"B"
"HPG","11:16:01",27.6,0.15,3000,10213100,"B"
"HPG","11:15:59",27.6,0.15,900,10210100,"B"
"HPG","11:15:34",27.6,0.15,500,10209200,"B"
"HPG","11:15:21",27.6,0.15,6100,10208700,"B"
"HPG","11:15:13",27.6,0.15,900,10202600,"B"
"HPG","11:14:46",27.6,0.15,15000,10201700,"B"
"HPG","11:14:40",27.6,0.15,2000,10186700,"B"
"HPG","11:14:38",27.6,0.15,200,10184700,"B"
"HPG","11:14:26",27.6,0.15,900,10184500,"B"
"HPG","11:14:24",27.6,0.15,300,10183600,"B"
"HPG","11:14:14",27.6,0.15,100,10183300,"B"
"HPG","11:14:06",27.6,0.15,4100,10183200,"B"
"HPG","11:14:00",27.6,0.15,300,10179100,"B"
"HPG","11:13:59",27.6,0.15,500,10178800,"B"
"HPG","11:13:53",27.6,0.15,800,10178300,"B"
"HPG","11:13:50",27.65,0.2,2000,10177500,"S"
"HPG","11:13:43",27.6,0.15,1000,10175500,"B"
"HPG","11:13:39",27.6,0.15,900,10174500,"B"
"HPG","11:13:19",27.6,0.15,300,10173600,"B"
"HPG","11:13:10",27.6,0.15,300,10173300,"B"
"HPG","11:13:08",27.6,0.15,100,10173000,"B"
"HPG","11:12:59",27.6,0.15,100,10172900,"B"
"HPG","11:12:54",27.6,0.15,1900,10172800,"B"
"HPG","11:12:51",27.6,0.15,700,10170900,"B"
"HPG","11:12:43",27.6,0.15,2000,10170200,"B"
"HPG","11:12:42",27.6,0.15,100,10168200,"B"
"HPG","11:12:39",27.6,0.15,3300,10168100,"B"
"HPG","11:12:36",27.6,0.15,5000,10164800,"B"
"HPG","11:12:35",27.6,0.15,2000,10159800,"B"
"HPG","11:12:33",27.6,0.15,10000,10157800,"B"
"HPG","11:12:31",27.6,0.15,5000,10147800,"B"
"HPG","11:12:20",27.6,0.15,5000,10142800,"B"
"HPG","11:12:11",27.6,0.15,4000,10137800,"B"
"HPG","11:12:10",27.6,0.15,1000,10133800,"B"
"HPG","11:12:10",27.6,0.15,5000,10132800,"B"
"HPG","11:12:09",27.6,0.15,2000,10127800,"B"
"HPG","11:12:08",27.6,0.15,100,10125800,"B"
"HPG","11:12:07",27.6,0.15,52000,10125700,"B"
"HPG","11:12:06",27.6,0.15,50900,10073700,"B"
"HPG","11:12:06",27.6,0.15,2500,10022800,"B"
"HPG","11:12:03",27.6,0.15,9000,10020300,"B"
"HPG","11:12:00",27.6,0.15,32000,10011300,"B"
"HPG","11:11:58",27.6,0.15,800,9979300,"B"
"HPG","11:11:56",27.6,0.15,1000,9978500,"B"
"HPG","11:11:53",27.6,0.15,2000,9977500,"B"
"HPG","11:11:48",27.6,0.15,20000,9975500,"B"
"HPG","11:11:37",27.6,0.15,2000,9955500,"B"
"HPG","11:11:32",27.6,0.15,100000,9953500,"B"
"HPG","11:11:20",27.6,0.15,900,9853500,"B"
"HPG","11:11:01",27.6,0.15,2000,9852600,"B"
"HPG","11:11:01",27.65,0.2,300,9850600,"S"
"HPG","11:10:59",27.6,0.15,200,9850300,"B"
"HPG","11:10:52",27.6,0.15,2300,9850100,"B"
"HPG","11:10:51",27.6,0.15,114300,9847800,"B"
"HPG","11:10:37",27.65,0.2,10000,9733500,"S"
"HPG","11:10:35",27.6,0.15,3000,9723500,"B"
"HPG","11:10:34",27.65,0.2,200,9720500,"S"
"HPG","11:10:07",27.65,0.2,5500,9720300,"S"
"HPG","11:09:52",27.65,0.2,700,9714800,"S"
"HPG","11:09:45",27.65,0.2,5000,9714100,"S"
"HPG","11:09:23",27.65,0.2,2500,9709100,"S"
"HPG","11:09:18",27.6,0.15,700,9706600,"B"
"HPG","11:09:14",27.65,0.2,100,9705900,"S"
"HPG","11:09:08",27.65,0.2,100,9705800,"S"
"HPG","11:09:06",27.65,0.2,200,9705700,"S"
"HPG","11:09:04",27.65,0.2,300,9705500,"S"
"HPG","11:08:42",27.65,0.2,20000,9705200,"S"
"HPG","11:08:31",27.6,0.15,3000,9685200,"B"
"HPG","11:08:29",27.65,0.2,2000,9682200,"S"
"HPG","11:08:14",27.65,0.2,400,9680200,"S"
"HPG","11:08:05",27.65,0.2,200,9679800,"S"
"HPG","11:08:01",27.6,0.15,400,9679600,"B"
"HPG","11:07:57",27.65,0.2,100,9679200,"S"
"HPG","11:07:54",27.65,0.2,1000,9679100,"S"
"HPG","11:07:50",27.6,0.15,300,9678100,"B"
"HPG","11:07:48",27.6,0.15,4500,9677800,"B"
"HPG","11:07:46",27.6,0.15,1800,9673300,"B"
"HPG","11:07:45",27.6,0.15,900,9671500,"B"
"HPG","11:07:42",27.6,0.15,3500,9670600,"B"
"HPG","11:07:30",27.6,0.15,5000,9667100,"B"
"HPG","11:07:28",27.6,0.15,3000,9662100,"B"
"HPG","11:07:26",27.6,0.15,900,9659100,"B"
"HPG","11:07:23",27.6,0.15,500,9658200,"B"
"HPG","11:07:22",27.65,0.2,3600,9657700,"S"
"HPG","11:07:20",27.65,0.2,200,9654100,"S"
"HPG","11:07:20",27.65,0.2,300,9653900,"S"
"HPG","11:07:16",27.65,0.2,26000,9653600,"S"
"HPG","11:07:15",27.6,0.15,300,9627600,"B"
"HPG","11:07:11",27.6,0.15,1500,9627300,"B"
"HPG","11:07:04",27.6,0.15,15000,9625800,"B"
"HPG","11:06:57",27.6,0.15,500,9610800,"B"
"HPG","11:06:49",27.6,0.15,300,9610300,"B"
"HPG","11:06:47",27.6,0.15,500,9610000,"B"
"HPG","11:06:40",27.6,0.15,900,9609500,"B"
"HPG","11:06:39",27.6,0.15,2000,9608600,"B"
"HPG","11:06:35",27.6,0.15,10000,9606600,"B"
"HPG","11:06:33",27.6,0.15,1000,9596600,"B"
"HPG","11:06:31",27.6,0.15,500,9595600,"B"
"HPG","11:06:26",27.6,0.15,2000,9595100,"B"
"HPG","11:06:26",27.6,0.15,100,9593100,"B"
"HPG","11:06:21",27.6,0.15,5000,9593000,"B"
"HPG","11:06:17",27.6,0.15,15000,9588000,"B"
"HPG","11:06:00",27.6,0.15,17600,9573000,"B"
"HPG","11:05:56",27.6,0.15,5000,9555400,"B"
"HPG","11:05:54",27.6,0.15,900,9550400,"B"
"HPG","11:05:49",27.6,0.15,10000,9549500,"B"
"HPG","11:05:41",27.6,0.15,2000,9539500,"B"
"HPG","11:05:35",27.6,0.15,100,9537500,"B"
"HPG","11:05:24",27.6,0.15,5500,9537400,"B"
"HPG","11:05:14",27.65,0.2,100,9531900,"S"
"HPG","11:04:59",27.65,0.2,500,9531800,"S"
"HPG","11:04:55",27.6,0.15,3000,9531300,"B"
"HPG","11:04:46",27.6,0.15,5000,9528300,"B"
"HPG","11:04:42",27.6,0.15,7000,9523300,"B"
"HPG","11:04:32",27.65,0.2,1000,9516300,"S"
"HPG","11:04:31",27.65,0.2,300,9515300,"S"
"HPG","11:04:22",27.65,0.2,40100,9515000,"B"
"HPG","11:04:20",27.65,0.2,900,9474900,"B"
"HPG","11:04:15",27.65,0.2,500,9474000,"B"
"HPG","11:04:12",27.65,0.2,500,9473500,"B"
"HPG","11:04:10",27.65,0.2,2000,9473000,"B"
"HPG","11:04:08",27.65,0.2,2000,9471000,"B"
"HPG","11:04:06",27.65,0.2,1000,9469000,"B"
"HPG","11:04:01",27.65,0.2,50000,9468000,"B"
"HPG","11:03:41",27.65,0.2,10000,9418000,"B"
"HPG","11:03:33",27.65,0.2,900,9408000,"B"
"HPG","11:03:27",27.65,0.2,100,9407100,"B"
"HPG","11:03:19",27.65,0.2,3500,9407000,"B"
"HPG","11:03:15",27.65,0.2,7500,9403500,"B"
"HPG","11:02:55",27.7,0.25,1000,9396000,"S"
"HPG","11:02:52",27.7,0.25,100,9395000,"S"
"HPG","11:02:25",27.7,0.25,5000,9394900,"S"
"HPG","11:02:03",27.7,0.25,5000,9389900,"S"
"HPG","11:02:02",27.65,0.2,50000,9384900,"B"
"HPG","11:01:57",27.7,0.25,100,9334900,"S"
"HPG","11:01:37",27.7,0.25,1500,9334800,"S"
"HPG","11:01:30",27.65,0.2,6100,9333300,"S"
"HPG","11:01:29",27.6,0.15,600,9327200,"B"
"HPG","11:01:28",27.65,0.2,1000,9326600,"S"
"HPG","11:01:24",27.65,0.2,50000,9325600,"S"
"HPG","11:01:14",27.65,0.2,400,9275600,"S"
"HPG","11:01:07",27.65,0.2,100000,9275200,"S"
"HPG","11:00:59",27.65,0.2,500,9175200,"S"
"HPG","11:00:53",27.65,0.2,5000,9174700,"S"
"HPG","11:00:51",27.65,0.2,1200,9169700,"S"
"HPG","11:00:44",27.65,0.2,1000,9168500,"S"
"HPG","11:00:43",27.6,0.15,100,9167500,"B"
"HPG","11:00:40",27.65,0.2,50000,9167400,"S"
"HPG","11:00:39",27.6,0.15,200,9117400,"B"
"HPG","11:00:29",27.65,0.2,20000,9117200,"S"
"HPG","11:00:11",27.65,0.2,2300,9097200,"S"
"HPG","11:00:03",27.65,0.2,300,9094900,"S"
"HPG","11:00:00",27.65,0.2,300,9094600,"S"
"HPG","10:59:53",27.65,0.2,4000,9094300,"S"
"HPG","10:59:51",27.6,0.15,400,9090300,"B"
"HPG","10:59:47",27.65,0.2,2000,9089900,"S"
"HPG","10:59:40",27.65,0.2,45000,9087900,"S"
"HPG","10:59:29",27.65,0.2,2900,9042900,"S"
"HPG","10:59:28",27.65,0.2,200,9040000,"S"
"HPG","10:59:14",27.65,0.2,2600,9039800,"S"
"HPG","10:59:13",27.6,0.15,1000,9037200,"B"
"HPG","10:58:54",27.6,0.15,900,9036200,"B"
"HPG","10:58:40",27.6,0.15,300,9035300,"B"
"HPG","10:58:40",27.65,0.2,400,9035000,"S"
"HPG","10:58:36",27.65,0.2,3000,9034600,"S"
"HPG","10:58:29",27.65,0.2,100,9031600,"S"
"HPG","10:58:24",27.6,0.15,100,9031500,"B"
"HPG","10:58:23",27.65,0.2,10000,9031400,"S"
"HPG","10:58:18",27.65,0.2,500,9021300,"S"
"HPG","10:58:05",27.65,0.2,2300,9020800,"S"
"HPG","10:58:04",27.65,0.2,900,9018500,"S"
"HPG","10:57:48",27.6,0.15,1600,9017600,"B"
"HPG","10:57:40",27.6,0.15,10000,9016000,"B"
"HPG","10:57:37",27.6,0.15,500,9006000,"B"
"HPG","10:57:25",27.6,0.15,1000,9005500,"B"
"HPG","10:57:24",27.6,0.15,5000,9004500,"B"
"HPG","10:57:20",27.6,0.15,900,8999500,"B"
"HPG","10:57:14",27.6,0.15,1000,8998600,"B"
"HPG","10:57:11",27.6,0.15,200,8997600,"B"
"HPG","10:57:10",27.6,0.15,1000,8997400,"B"
"HPG","10:57:08",27.6,0.15,3000,8996400,"B"
"HPG","10:57:06",27.65,0.2,1000,8993400,"S"
"HPG","10:57:04",27.6,0.15,1400,8992400,"B"
"HPG","10:57:03",27.6,0.15,35000,8991000,"B"
"HPG","10:56:46",27.6,0.15,700,8956000,"B"
"HPG","10:56:34",27.6,0.15,900,8955300,"B"
"HPG","10:56:27",27.6,0.15,200,8954400,"B"
"HPG","10:56:26",27.65,0.2,3500,8954200,"S"
"HPG","10:56:17",27.6,0.15,100,8950700,"B"
"HPG","10:56:05",27.6,0.15,4000,8950600,"B"
"HPG","10:56:04",27.6,0.15,300,8946600,"B"
"HPG","10:55:56",27.6,0.15,40000,8946300,"B"
"HPG","10:55:53",27.65,0.2,200,8906300,"S"
"HPG","10:55:47",27.6,0.15,900,8906100,"B"
"HPG","10:55:47",27.6,0.15,400,8905200,"B"
"HPG","10:55:37",27.6,0.15,200,8904800,"B"
"HPG","10:55:32",27.65,0.2,4000,8904600,"S"
"HPG","10:55:30",27.65,0.2,500,8900600,"S"
"HPG","10:55:29",27.6,0.15,900,8900100,"B"
"HPG","10:55:17",27.65,0.2,100,8899200,"S"
"HPG","10:55:14",27.65,0.2,1000,8899100,"S"
"HPG","10:55:07",27.65,0.2,500,8898100,"S"
"HPG","10:55:05",27.6,0.15,100,8897600,"B"
"HPG","10:54:40",27.65,0.2,2000,8897500,"S"
"HPG","10:54:36",27.65,0.2,100,8895500,"S"
"HPG","10:54:20",27.6,0.15,500,8895400,"B"
"HPG","10:54:17",27.65,0.2,300,8894900,"S"
"HPG","10:54:12",27.65,0.2,300,8894600,"S"
"HPG","10:54:05",27.65,0.2,500,8894300,"S"
"HPG","10:53:34",27.65,0.2,2500,8893800,"S"
"HPG","10:53:31",27.6,0.15,1000,8891300,"B"
"HPG","10:53:18",27.6,0.15,1300,8890300,"B"
"HPG","10:52:59",27.6,0.15,11500,8889000,"B"
"HPG","10:52:57",27.6,0.15,1000,8877500,"B"
"HPG","10:52:49",27.6,0.15,1000,8876500,"B"
"HPG","10:52:22",27.6,0.15,200,8875500,"B"
"HPG","10:51:46",27.6,0.15,500,8875300,"B"
"HPG","10:51:33",27.6,0.15,1800,8874800,"B"
"HPG","10:51:14",27.6,0.15,200,8873000,"B"
"HPG","10:51:05",27.6,0.15,2600,8872800,"B"
"HPG","10:51:03",27.6,0.15,600,8870200,"B"
"HPG","10:50:42",27.6,0.15,4500,8869600,"B"
"HPG","10:50:37",27.6,0.15,40000,8865100,"B"
"HPG","10:50:26",27.6,0.15,1500,8825100,"B"
"HPG","10:50:19",27.6,0.15,30000,8823600,"B"
"HPG","10:50:02",27.65,0.2,400,8793600,"S"
"HPG","10:49:53",27.6,0.15,20000,8793200,"B"
"HPG","10:49:24",27.65,0.2,8000,8773200,"S"
"HPG","10:49:11",27.6,0.15,10000,8765200,"B"
"HPG","10:49:10",27.65,0.2,700,8755200,"S"
"HPG","10:49:02",27.65,0.2,100,8754500,"S"
"HPG","10:48:59",27.6,0.15,1500,8754400,"B"
"HPG","10:48:53",27.6,0.15,300,8752900,"B"
"HPG","10:48:50",27.6,0.15,9000,8752600,"B"
"HPG","10:48:48",27.65,0.2,1000,8743600,"S"
"HPG","10:48:46",27.6,0.15,10000,8742600,"B"
"HPG","10:48:38",27.6,0.15,1700,8732600,"B"
"HPG","10:48:32",27.6,0.15,15700,8730900,"S"
"HPG","10:48:32",27.6,0.15,100,8715200,"S"
"HPG","10:48:27",27.6,0.15,500,8715100,"S"
"HPG","10:48:15",27.6,0.15,500,8714600,"S"
"HPG","10:48:11",27.6,0.15,100,8714100,"S"
"HPG","10:48:05",27.6,0.15,3800,8714000,"B"
"HPG","10:48:04",27.6,0.15,100,8710200,"B"
"HPG","10:48:00",27.6,0.15,7700,8710100,"B"
"HPG","10:47:59",27.6,0.15,1000,8702400,"B"
"HPG","10:47:58",27.6,0.15,16000,8701400,"B"
"HPG","10:47:55",27.6,0.15,500,8685400,"B"
"HPG","10:47:51",27.6,0.15,300,8684900,"B"
"HPG","10:47:47",27.6,0.15,37500,8684600,"S"
"HPG","10:47:44",27.6,0.15,1000,8647100,"S"
"HPG","10:47:40",27.6,0.15,3500,8646100,"S"
"HPG","10:47:30",27.6,0.15,20000,8642600,"S"
"HPG","10:47:11",27.6,0.15,2000,8622600,"S"
"HPG","10:47:05",27.6,0.15,500,8620600,"S"
"HPG","10:47:03",27.6,0.15,2000,8620100,"S"
"HPG","10:46:59",27.6,0.15,700,8618100,"S"
"HPG","10:46:57",27.6,0.15,2000,8617400,"S"
"HPG","10:46:53",27.6,0.15,149200,8615400,"B"
"HPG","10:46:40",27.6,0.15,700,8466200,"B"
"HPG","10:46:35",27.65,0.2,200,8465500,"S"
"HPG","10:46:21",27.65,0.2,500,8465300,"S"
"HPG","10:46:19",27.65,0.2,100,8464800,"S"
"HPG","10:46:06",27.6,0.15,5000,8464700,"B"
"HPG","10:46:03",27.6,0.15,9100,8459700,"B"
"HPG","10:45:59",27.65,0.2,5000,8450600,"S"
"HPG","10:45:51",27.6,0.15,2500,8445600,"B"
"HPG","10:45:49",27.6,0.15,300,8443100,"B"
"HPG","10:45:49",27.65,0.2,100,8442800,"S"
"HPG","10:45:48",27.65,0.2,3000,8442700,"S"
"HPG","10:45:37",27.6,0.15,600,8439700,"B"
"HPG","10:45:30",27.6,0.15,500,8439100,"B"
"HPG","10:45:28",27.65,0.2,100,8438600,"S"
"HPG","10:45:26",27.6,0.15,1000,8438500,"B"
"HPG","10:45:18",27.6,0.15,6200,8437500,"B"
"HPG","10:45:13",27.6,0.15,600,8431300,"B"
"HPG","10:45:05",27.6,0.15,5000,8430700,"B"
"HPG","10:45:03",27.6,0.15,2500,8425700,"B"
"HPG","10:45:02",27.6,0.15,11900,8423200,"B"
"HPG","10:44:53",27.65,0.2,100,8411300,"S"
"HPG","10:44:48",27.65,0.2,1000,8411200,"S"
"HPG","10:44:39",27.6,0.15,100,8410200,"B"
"HPG","10:44:29",27.6,0.15,2500,8410100,"B"
"HPG","10:44:27",27.6,0.15,51000,8407600,"B"
"HPG","10:44:19",27.6,0.15,2500,8356600,"B"
"HPG","10:44:10",27.6,0.15,2500,8354100,"B"
"HPG","10:44:04",27.6,0.15,2500,8351600,"B"
"HPG","10:44:03",27.6,0.15,7500,8349100,"B"
"HPG","10:43:45",27.6,0.15,2500,8341600,"B"
"HPG","10:43:40",27.6,0.15,1500,8339100,"B"
"HPG","10:43:36",27.6,0.15,500,8337600,"B"
"HPG","10:43:23",27.6,0.15,2500,8337100,"B"
"HPG","10:43:19",27.6,0.15,24000,8334600,"B"
"HPG","10:43:19",27.6,0.15,2500,8310600,"B"
"HPG","10:43:14",27.6,0.15,2500,8308100,"B"
"HPG","10:43:13",27.6,0.15,2500,8305600,"B"
"HPG","10:43:04",27.6,0.15,2500,8303100,"B"
"HPG","10:42:59",27.6,0.15,3900,8300600,"S"
"HPG","10:42:58",27.6,0.15,2800,8296700,"S"
"HPG","10:42:56",27.6,0.15,64200,8286400,"S"
"HPG","10:42:54",27.6,0.15,5200,8222200,"S"
"HPG","10:42:53",27.6,0.15,200,8217000,"S"
"HPG","10:42:52",27.6,0.15,4500,8216800,"S"
"HPG","10:42:50",27.55,0.1,2500,8212300,"B"
"HPG","10:42:50",27.6,0.15,100,8209800,"S"
"HPG","10:42:47",27.6,0.15,38000,8209700,"S"
"HPG","10:42:44",27.6,0.15,18800,8171700,"S"
"HPG","10:42:36",27.6,0.15,13300,8152900,"S"
"HPG","10:42:34",27.6,0.15,50000,8139600,"S"
"HPG","10:42:27",27.55,0.1,1300,8089600,"B"
"HPG","10:42:17",27.55,0.1,3000,8088300,"B"
"HPG","10:42:14",27.6,0.15,1000,8085300,"S"
"HPG","10:42:12",27.55,0.1,10000,8084300,"B"
"HPG","10:41:46",27.55,0.1,2500,8074300,"B"
"HPG","10:41:40",27.6,0.15,500,8071800,"S"
"HPG","10:41:30",27.6,0.15,500,8071300,"S"
"HPG","10:41:27",27.6,0.15,4000,8070800,"S"
"HPG","10:41:27",27.55,0.1,2500,8066800,"B"
"HPG","10:41:21",27.55,0.1,2500,8064300,"B"
"HPG","10:41:21",27.6,0.15,31700,8061800,"S"
"HPG","10:41:11",27.6,0.15,10000,8030100,"S"
"HPG","10:41:06",27.55,0.1,4500,8020100,"B"
"HPG","10:41:00",27.55,0.1,2500,8015600,"B"
"HPG","10:40:55",27.6,0.15,10000,8013100,"S"
"HPG","10:40:42",27.6,0.15,20000,8003100,"S"
"HPG","10:40:40",27.55,0.1,5000,7983100,"B"
"HPG","10:40:37",27.55,0.1,2800,7978100,"B"
"HPG","10:40:34",27.55,0.1,5000,7975300,"B"
"HPG","10:40:30",27.55,0.1,600,7970300,"B"
"HPG","10:40:29",27.55,0.1,3500,7969700,"B"
"HPG","10:40:28",27.55,0.1,6500,7966200,"B"
"HPG","10:40:28",27.6,0.15,3000,7959700,"S"
"HPG","10:40:24",27.6,0.15,5000,7956700,"S"
"HPG","10:40:22",27.6,0.15,1000,7951700,"S"
"HPG","10:40:20",27.6,0.15,100,7950700,"S"
"HPG","10:40:08",27.6,0.15,700,7950600,"S"
"HPG","10:40:07",27.6,0.15,5000,7949900,"S"
"HPG","10:40:03",27.55,0.1,2500,7944900,"B"
"HPG","10:40:02",27.6,0.15,1000,7942400,"S"
"HPG","10:39:58",27.55,0.1,2500,7941400,"B"
"HPG","10:39:54",27.6,0.15,2000,7938900,"S"
"HPG","10:39:54",27.55,0.1,200,7936900,"B"
"HPG","10:39:40",27.55,0.1,1000,7936700,"B"
"HPG","10:39:39",27.6,0.15,1000,7935700,"S"
"HPG","10:39:27",27.6,0.15,1000,7934700,"S"
"HPG","10:39:23",27.6,0.15,100,7933700,"S"
"HPG","10:39:19",27.6,0.15,300,7933600,"S"
"HPG","10:39:16",27.6,0.15,500,7933300,"S"
"HPG","10:39:07",27.55,0.1,500,7932800,"B"
"HPG","10:38:46",27.55,0.1,2500,7932300,"B"
"HPG","10:38:36",27.6,0.15,500,7929800,"S"
"HPG","10:38:35",27.55,0.1,3000,7929300,"B"
"HPG","10:38:27",27.6,0.15,100,7926300,"S"
"HPG","10:38:19",27.6,0.15,100,7926200,"S"
"HPG","10:38:13",27.6,0.15,10000,7926100,"S"
"HPG","10:37:35",27.55,0.1,2500,7916100,"B"
"HPG","10:37:29",27.55,0.1,2500,7913600,"B"
"HPG","10:37:19",27.6,0.15,100,7911100,"S"
"HPG","10:37:18",27.6,0.15,2000,7911000,"S"
"HPG","10:37:17",27.6,0.15,200,7909000,"S"
"HPG","10:37:09",27.6,0.15,1000,7908800,"S"
"HPG","10:37:09",27.6,0.15,5000,7907800,"S"
"HPG","10:37:06",27.6,0.15,100,7902800,"S"
"HPG","10:37:04",27.6,0.15,300,7902700,"S"
"HPG","10:37:03",27.6,0.15,200,7902400,"S"
"HPG","10:36:58",27.6,0.15,700,7902200,"S"
"HPG","10:36:50",27.6,0.15,700,7901500,"S"
"HPG","10:36:49",27.6,0.15,300,7900800,"S"
"HPG","10:36:48",27.6,0.15,2000,7900500,"S"
"HPG","10:36:48",27.55,0.1,2500,7898500,"B"
"HPG","10:36:41",27.6,0.15,100,7896000,"S"
"HPG","10:36:41",27.55,0.1,1900,7895900,"B"
"HPG","10:36:39",27.6,0.15,200,7894000,"S"
"HPG","10:36:32",27.6,0.15,500,7893800,"S"
"HPG","10:36:32",27.55,0.1,20000,7893300,"B"
"HPG","10:36:21",27.55,0.1,2500,7873300,"B"
"HPG","10:36:15",27.55,0.1,2500,7870800,"B"
"HPG","10:36:07",27.55,0.1,2500,7868300,"B"
"HPG","10:35:57",27.6,0.15,1700,7865800,"S"
"HPG","10:35:57",27.6,0.15,3300,7864100,"S"
"HPG","10:35:56",27.6,0.15,5000,7860800,"S"
"HPG","10:35:49",27.55,0.1,2500,7855800,"B"
"HPG","10:35:48",27.6,0.15,300,7853300,"S"
"HPG","10:35:48",27.6,0.15,300,7853000,"S"
"HPG","10:35:46",27.55,0.1,500,7852700,"B"
"HPG","10:35:42",27.6,0.15,500,7852200,"S"
"HPG","10:35:37",27.6,0.15,5300,7851700,"S"
"HPG","10:35:33",27.6,0.15,2600,7846400,"S"
"HPG","10:35:18",27.6,0.15,300,7843800,"S"
"HPG","10:35:10",27.55,0.1,1000,7843500,"B"
"HPG","10:35:09",27.6,0.15,1000,7842500,"S"
"HPG","10:35:09",27.55,0.1,200,7841500,"B"
"HPG","10:34:52",27.55,0.1,2500,7841300,"B"
"HPG","10:34:48",27.55,0.1,2500,7838800,"B"
"HPG","10:34:48",27.6,0.15,200,7836300,"S"
"HPG","10:34:42",27.55,0.1,2500,7836100,"B"
"HPG","10:34:42",27.6,0.15,100,7833600,"S"
"HPG","10:34:38",27.6,0.15,5000,7833500,"S"
"HPG","10:34:37",27.55,0.1,2500,7828500,"B"
"HPG","10:34:37",27.6,0.15,1000,7826000,"S"
"HPG","10:34:33",27.6,0.15,100,7825000,"S"
"HPG","10:34:32",27.6,0.15,400,7824900,"S"
"HPG","10:34:27",27.55,0.1,2500,7824500,"B"
"HPG","10:34:19",27.6,0.15,1300,7822000,"S"
"HPG","10:34:18",27.6,0.15,700,7820700,"S"
"HPG","10:34:18",27.55,0.1,2500,7820000,"B"
"HPG","10:34:13",27.55,0.1,2500,7817500,"B"
"HPG","10:34:11",27.6,0.15,1000,7815000,"S"
"HPG","10:34:07",27.55,0.1,2500,7814000,"B"
"HPG","10:34:05",27.6,0.15,3000,7811500,"S"
"HPG","10:34:04",27.6,0.15,3000,7808500,"S"
"HPG","10:34:01",27.6,0.15,100,7805500,"S"
"HPG","10:34:00",27.55,0.1,2500,7805400,"B"
"HPG","10:33:58",27.6,0.15,600,7802900,"S"
"HPG","10:33:53",27.6,0.15,4000,7802300,"S"
"HPG","10:33:49",27.55,0.1,2500,7798300,"B"
"HPG","10:33:42",27.55,0.1,2500,7795800,"B"
"HPG","10:33:31",27.55,0.1,2500,7793300,"B"
"HPG","10:33:29",27.55,0.1,11000,7790800,"B"
"HPG","10:33:13",27.6,0.15,200,7779800,"S"
"HPG","10:33:12",27.6,0.15,1000,7779600,"S"
"HPG","10:33:04",27.55,0.1,20000,7778600,"B"
"HPG","10:33:00",27.55,0.1,100,7758600,"B"
"HPG","10:32:53",27.6,0.15,400,7758500,"S"
"HPG","10:32:53",27.6,0.15,500,7758100,"S"
"HPG","10:32:45",27.55,0.1,500,7757600,"B"
"HPG","10:32:43",27.55,0.1,20000,7757100,"B"
"HPG","10:32:36",27.6,0.15,5000,7737100,"S"
"HPG","10:32:35",27.55,0.1,2500,7732100,"B"
"HPG","10:32:28",27.55,0.1,2500,7729600,"B"
"HPG","10:32:25",27.55,0.1,2500,7727100,"B"
"HPG","10:32:22",27.55,0.1,49200,7724600,"S"
"HPG","10:32:21",27.55,0.1,3900,7675400,"S"
"HPG","10:32:20",27.55,0.1,3400,7671500,"S"
"HPG","10:32:20",27.55,0.1,96600,7668100,"S"
"HPG","10:32:19",27.5,0.05,300,7571500,"B"
"HPG","10:32:18",27.55,0.1,100,7571200,"S"
"HPG","10:32:16",27.5,0.05,2500,7571100,"B"
"HPG","10:32:16",27.55,0.1,5000,7568600,"S"
"HPG","10:32:15",27.55,0.1,500,7563600,"S"
"HPG","10:32:08",27.55,0.1,5000,7563100,"S"
"HPG","10:32:07",27.55,0.1,700,7558100,"S"
"HPG","10:32:06",27.55,0.1,10000,7557400,"S"
"HPG","10:31:59",27.55,0.1,10000,7547400,"S"
"HPG","10:31:55",27.55,0.1,100,7537400,"S"
"HPG","10:31:53",27.55,0.1,1000,7537300,"S"
"HPG","10:31:47",27.55,0.1,10000,7536300,"S"
"HPG","10:31:43",27.5,0.05,500,7526300,"B"
"HPG","10:31:42",27.55,0.1,100,7525800,"S"
"HPG","10:31:42",27.55,0.1,11700,7525700,"S"
"HPG","10:31:38",27.55,0.1,1600,7514000,"S"
"HPG","10:31:34",27.55,0.1,6000,7512400,"S"
"HPG","10:31:32",27.5,0.05,2500,7506400,"B"
"HPG","10:31:32",27.55,0.1,1000,7503900,"S"
"HPG","10:31:25",27.55,0.1,2500,7502900,"S"
"HPG","10:31:23",27.55,0.1,2400,7500400,"S"
"HPG","10:31:21",27.55,0.1,500,7498000,"S"
"HPG","10:31:20",27.55,0.1,100,7497500,"S"
"HPG","10:31:19",27.55,0.1,3000,7497400,"S"
"HPG","10:31:17",27.55,0.1,1000,7494400,"S"
"HPG","10:31:15",27.55,0.1,100,7493400,"S"
"HPG","10:31:14",27.55,0.1,100,7493300,"S"
"HPG","10:31:14",27.5,0.05,900,7493200,"B"
"HPG","10:31:13",27.5,0.05,10000,7492300,"B"
"HPG","10:31:12",27.55,0.1,20000,7482300,"S"
"HPG","10:31:10",27.55,0.1,500,7462300,"S"
"HPG","10:31:09",27.55,0.1,1000,7461800,"S"
"HPG","10:31:09",27.55,0.1,200,7460800,"S"
"HPG","10:31:07",27.55,0.1,100,7460600,"S"
"HPG","10:31:07",27.5,0.05,5000,7460500,"B"
"HPG","10:31:06",27.55,0.1,200,7455500,"S"
"HPG","10:30:58",27.55,0.1,2500,7455300,"S"
"HPG","10:30:56",27.55,0.1,9000,7452800,"S"
"HPG","10:30:52",27.5,0.05,2500,7443800,"B"
"HPG","10:30:52",27.55,0.1,100000,7441300,"S"
"HPG","10:30:51",27.55,0.1,8000,7341300,"S"
"HPG","10:30:50",27.55,0.1,1000,7333300,"S"
"HPG","10:30:48",27.55,0.1,200,7332300,"S"
"HPG","10:30:46",27.5,0.05,2500,7332100,"B"
"HPG","10:30:40",27.55,0.1,5000,7329600,"S"
"HPG","10:30:30",27.55,0.1,10000,7324600,"S"
"HPG","10:30:30",27.5,0.05,1500,7314600,"B"
"HPG","10:30:28",27.5,0.05,1000,7313100,"B"
"HPG","10:30:18",27.5,0.05,2500,7312100,"B"
"HPG","10:30:13",27.5,0.05,2500,7309600,"B"
"HPG","10:30:07",27.5,0.05,2500,7307100,"B"
"HPG","10:30:02",27.5,0.05,2500,7304600,"B"
"HPG","10:29:59",27.55,0.1,100,7302100,"S"
"HPG","10:29:58",27.5,0.05,2500,7302000,"B"
"HPG","10:29:54",27.55,0.1,500,7299500,"S"
"HPG","10:29:52",27.55,0.1,2000,7299000,"S"
"HPG","10:29:52",27.5,0.05,2500,7297000,"B"
"HPG","10:29:47",27.5,0.05,2500,7294500,"B"
"HPG","10:29:47",27.55,0.1,100,7292000,"S"
"HPG","10:29:42",27.5,0.05,300,7291900,"B"
"HPG","10:29:41",27.5,0.05,700,7291600,"B"
"HPG","10:29:40",27.5,0.05,3300,7290900,"B"
"HPG","10:29:40",27.55,0.1,100,7287600,"S"
"HPG","10:29:38",27.5,0.05,800,7287500,"B"
"HPG","10:29:36",27.5,0.05,500,7286700,"B"
"HPG","10:29:34",27.5,0.05,700,7286200,"B"
"HPG","10:29:34",27.55,0.1,500,7285500,"S"
"HPG","10:29:29",27.55,0.1,100,7285000,"S"
"HPG","10:29:26",27.55,0.1,1000,7284900,"S"
"HPG","10:29:25",27.55,0.1,300,7283900,"S"
"HPG","10:29:25",27.5,0.05,1700,7283600,"B"
"HPG","10:29:24",27.5,0.05,2500,7281900,"B"
"HPG","10:29:19",27.55,0.1,5000,7279400,"S"
"HPG","10:29:16",27.55,0.1,100,7274400,"S"
"HPG","10:29:07",27.55,0.1,400,7274300,"S"
"HPG","10:28:57",27.5,0.05,1200,7273900,"B"
"HPG","10:28:55",27.55,0.1,100,7272700,"S"
"HPG","10:28:54",27.5,0.05,100,7272600,"B"
"HPG","10:28:36",27.5,0.05,900,7272500,"B"
"HPG","10:28:33",27.5,0.05,100,7271600,"B"
"HPG","10:28:20",27.5,0.05,900,7271500,"B"
"HPG","10:28:13",27.5,0.05,1000,7270600,"B"
"HPG","10:28:06",27.5,0.05,800,7269600,"B"
"HPG","10:28:03",27.5,0.05,4300,7268800,"B"
"HPG","10:28:02",27.5,0.05,20000,7264500,"B"
"HPG","10:27:59",27.5,0.05,300,7244500,"B"
"HPG","10:27:53",27.5,0.05,1500,7244200,"B"
"HPG","10:27:52",27.5,0.05,2000,7242700,"B"
"HPG","10:27:47",27.5,0.05,5000,7240700,"B"
"HPG","10:27:46",27.55,0.1,700,7235700,"S"
"HPG","10:27:37",27.55,0.1,1300,7235000,"S"
"HPG","10:27:28",27.55,0.1,35000,7233700,"S"
"HPG","10:27:19",27.5,0.05,600,7198700,"B"
"HPG","10:27:14",27.5,0.05,200,7198100,"B"
"HPG","10:27:07",27.5,0.05,1100,7197900,"B"
"HPG","10:27:07",27.5,0.05,8000,7196800,"B"
"HPG","10:26:58",27.5,0.05,17000,7188800,"B"
"HPG","10:26:49",27.5,0.05,1000,7171800,"B"
"HPG","10:26:32",27.5,0.05,1000,7170800,"B"
"HPG","10:26:25",27.5,0.05,400,7169800,"B"
"HPG","10:26:14",27.5,0.05,1500,7169400,"B"
"HPG","10:26:10",27.55,0.1,100,7167900,"S"
"HPG","10:26:09",27.55,0.1,100,7167800,"S"
"HPG","10:25:58",27.55,0.1,3000,7167700,"S"
"HPG","10:25:50",27.5,0.05,2300,7164700,"B"
"HPG","10:25:45",27.55,0.1,10000,7162400,"S"
"HPG","10:25:35",27.55,0.1,100,7152400,"S"
"HPG","10:25:32",27.5,0.05,300,7152300,"B"
"HPG","10:25:26",27.5,0.05,100,7152000,"B"
"HPG","10:25:25",27.55,0.1,400,7151900,"S"
"HPG","10:25:10",27.5,0.05,2100,7151500,"B"
"HPG","10:25:09",27.5,0.05,1300,7149400,"B"
"HPG","10:25:05",27.55,0.1,2000,7148100,"S"
"HPG","10:24:58",27.5,0.05,200,7146100,"B"
"HPG","10:24:39",27.5,0.05,300,7145900,"B"
"HPG","10:24:34",27.5,0.05,1400,7145600,"B"
"HPG","10:24:23",27.55,0.1,2000,7144200,"S"
"HPG","10:24:20",27.5,0.05,5000,7142200,"B"
"HPG","10:24:17",27.5,0.05,10000,7137200,"B"
"HPG","10:24:11",27.5,0.05,700,7127200,"B"
"HPG","10:23:59",27.5,0.05,1300,7126500,"B"
"HPG","10:23:51",27.55,0.1,300,7125200,"S"
"HPG","10:23:46",27.5,0.05,2500,7124900,"B"
"HPG","10:23:38",27.5,0.05,700,7122400,"B"
"HPG","10:23:37",27.5,0.05,800,7121700,"B"
"HPG","10:23:25",27.5,0.05,2500,7120900,"B"
"HPG","10:23:24",27.5,0.05,1100,7118400,"B"
"HPG","10:23:05",27.5,0.05,900,7117300,"B"
"HPG","10:23:03",27.55,0.1,100,7116400,"S"
"HPG","10:23:01",27.55,0.1,100,7116300,"S"
"HPG","10:23:00",27.5,0.05,300,7116200,"B"
"HPG","10:22:58",27.55,0.1,100,7115900,"S"
"HPG","10:22:50",27.5,0.05,42700,7115800,"B"
"HPG","10:22:49",27.5,0.05,900,7073100,"B"
"HPG","10:22:40",27.5,0.05,2000,7072200,"B"
"HPG","10:22:35",27.5,0.05,800,7070200,"B"
"HPG","10:22:34",27.5,0.05,15000,7069400,"B"
"HPG","10:22:28",27.5,0.05,100,7054400,"B"
"HPG","10:22:20",27.5,0.05,1000,7054300,"B"
"HPG","10:22:05",27.5,0.05,900,7053300,"B"
"HPG","10:21:53",27.5,0.05,500,7052400,"B"
"HPG","10:21:50",27.5,0.05,5000,7051900,"B"
"HPG","10:21:44",27.5,0.05,1500,7046900,"B"
"HPG","10:21:32",27.5,0.05,2500,7045400,"B"
"HPG","10:21:28",27.5,0.05,241700,7042900,"S"
"HPG","10:21:21",27.45,0,700,6801200,"B"
"HPG","10:21:13",27.45,0,39900,6800500,"B"
"HPG","10:21:12",27.45,0,100,6760600,"B"
"HPG","10:21:09",27.45,0,700,6760500,"B"
"HPG","10:20:57",27.45,0,700,6759800,"B"
"HPG","10:20:52",27.5,0.05,1000,6759100,"S"
"HPG","10:20:46",27.45,0,700,6758100,"B"
"HPG","10:20:33",27.45,0,600,6757400,"B"
"HPG","10:20:26",27.5,0.05,200,6756800,"S"
"HPG","10:20:25",27.5,0.05,700,6756600,"S"
"HPG","10:20:24",27.45,0,600,6755900,"B"
"HPG","10:20:13",27.5,0.05,2500,6755300,"S"
"HPG","10:20:12",27.45,0,600,6752800,"B"
"HPG","10:20:02",27.45,0,900,6752200,"B"
"HPG","10:20:00",27.5,0.05,100,6751300,"S"
"HPG","10:19:48",27.5,0.05,1000,6751200,"S"
"HPG","10:19:47",27.45,0,800,6750200,"B"
"HPG","10:19:43",27.45,0,100,6749400,"B"
"HPG","10:19:42",27.45,0,100,6749300,"B"
"HPG","10:19:33",27.45,0,800,6749200,"B"
"HPG","10:19:28",27.45,0,300,6748400,"B"
"HPG","10:19:23",27.45,0,1000,6748100,"B"
"HPG","10:19:20",27.45,0,500,6747100,"B"
"HPG","10:19:18",27.45,0,1300,6746600,"B"
"HPG","10:19:14",27.45,0,100,6745300,"B"
"HPG","10:19:14",27.45,0,100,6745200,"B"
"HPG","10:19:11",27.45,0,1100,6745100,"B"
"HPG","10:19:00",27.45,0,100,6744000,"B"
"HPG","10:18:53",27.45,0,800,6743900,"B"
"HPG","10:18:53",27.5,0.05,100,6743100,"S"
"HPG","10:18:40",27.45,0,600,6743000,"B"
"HPG","10:18:40",27.5,0.05,100,6742400,"S"
"HPG","10:18:33",27.5,0.05,500,6742300,"S"
"HPG","10:18:30",27.45,0,500,6741800,"B"
"HPG","10:18:22",27.5,0.05,300,6741300,"S"
"HPG","10:18:20",27.45,0,800,6741000,"B"
"HPG","10:18:17",27.5,0.05,300,6740200,"S"
"HPG","10:18:14",27.5,0.05,300,6739900,"S"
"HPG","10:18:09",27.5,0.05,3800,6739600,"S"
"HPG","10:18:07",27.45,0,600,6735800,"B"
"HPG","10:17:57",27.45,0,1400,6735200,"B"
"HPG","10:17:54",27.45,0,500,6733800,"B"
"HPG","10:17:49",27.5,0.05,50000,6733300,"S"
"HPG","10:17:48",27.5,0.05,500,6683300,"S"
"HPG","10:17:39",27.5,0.05,200,6682800,"S"
"HPG","10:17:34",27.45,0,700,6682600,"B"
"HPG","10:17:32",27.45,0,20000,6681900,"B"
"HPG","10:17:30",27.5,0.05,4300,6661900,"S"
"HPG","10:17:24",27.5,0.05,100,6657600,"S"
"HPG","10:17:21",27.45,0,800,6657500,"B"
"HPG","10:17:17",27.5,0.05,4000,6656700,"S"
"HPG","10:17:09",27.5,0.05,100,6652700,"S"
"HPG","10:17:08",27.45,0,800,6652600,"B"
"HPG","10:17:06",27.5,0.05,100,6651800,"S"
"HPG","10:17:03",27.45,0,9000,6651700,"B"
"HPG","10:16:54",27.45,0,800,6642700,"B"
"HPG","10:16:45",27.45,0,600,6641900,"B"
"HPG","10:16:40",27.45,0,800,6641300,"B"
"HPG","10:16:36",27.5,0.05,20000,6639400,"S"
"HPG","10:16:34",27.5,0.05,100,6619400,"S"
"HPG","10:16:27",27.45,0,1100,6619300,"B"
"HPG","10:16:23",27.5,0.05,10000,6618200,"S"
"HPG","10:16:22",27.5,0.05,20000,6608200,"S"
"HPG","10:16:13",27.45,0,200,6588200,"B"
"HPG","10:16:08",27.45,0,1300,6588000,"B"
"HPG","10:16:06",27.5,0.05,1000,6586700,"S"
"HPG","10:16:02",27.5,0.05,14700,6585700,"S"
"HPG","10:15:54",27.45,0,1500,6571000,"B"
"HPG","10:15:53",27.5,0.05,300,6569500,"S"
"HPG","10:15:52",27.5,0.05,70000,6569200,"S"
"HPG","10:15:46",27.45,0,800,6499200,"B"
"HPG","10:15:37",27.45,0,100,6498400,"B"
"HPG","10:15:33",27.45,0,1100,6498300,"B"
"HPG","10:15:30",27.5,0.05,300,6497200,"S"
"HPG","10:15:24",27.5,0.05,85100,6496900,"B"
"HPG","10:15:16",27.5,0.05,100,6411800,"B"
"HPG","10:15:16",27.55,0.1,1000,6411700,"S"
"HPG","10:15:14",27.5,0.05,700,6410700,"B"
"HPG","10:15:06",27.5,0.05,10800,6410000,"B"
"HPG","10:15:03",27.5,0.05,20000,6399200,"B"
"HPG","10:15:01",27.5,0.05,1000,6379200,"B"
"HPG","10:14:47",27.55,0.1,500,6378200,"S"
"HPG","10:14:46",27.5,0.05,400,6377700,"B"
"HPG","10:14:45",27.5,0.05,4800,6377300,"B"
"HPG","10:14:38",27.5,0.05,4600,6372500,"B"
"HPG","10:14:31",27.5,0.05,1100,6367900,"B"
"HPG","10:14:25",27.5,0.05,78600,6366800,"S"
"HPG","10:14:24",27.5,0.05,200,6288200,"S"
"HPG","10:14:23",27.5,0.05,225100,6288000,"B"
"HPG","10:14:19",27.5,0.05,3900,6062900,"B"
"HPG","10:14:15",27.5,0.05,300,6059000,"B"
"HPG","10:14:13",27.5,0.05,85000,6058700,"S"
"HPG","10:14:13",27.45,0,900,5973700,"B"
"HPG","10:14:13",27.5,0.05,500,5972800,"S"
"HPG","10:14:10",27.5,0.05,1100,5972300,"S"
"HPG","10:14:06",27.5,0.05,10000,5971200,"S"
"HPG","10:14:03",27.5,0.05,100,5961200,"S"
"HPG","10:13:59",27.5,0.05,100,5961100,"S"
"HPG","10:13:57",27.45,0,1000,5961000,"B"
"HPG","10:13:56",27.5,0.05,4000,5960000,"S"
"HPG","10:13:55",27.5,0.05,16300,5956000,"S"
"HPG","10:13:50",27.5,0.05,1000,5939700,"S"
"HPG","10:13:48",27.5,0.05,83100,5938700,"B"
"HPG","10:13:43",27.5,0.05,1000,5855600,"B"
"HPG","10:13:39",27.5,0.05,10000,5854600,"B"
"HPG","10:13:36",27.5,0.05,200000,5844600,"B"
"HPG","10:13:35",27.5,0.05,100,5644600,"B"
"HPG","10:13:26",27.5,0.05,68300,5644500,"S"
"HPG","10:13:26",27.45,0,100,5576200,"B"
"HPG","10:13:26",27.5,0.05,1000,5576100,"S"
"HPG","10:13:24",27.5,0.05,1000,5575100,"S"
"HPG","10:13:23",27.5,0.05,20100,5574100,"S"
"HPG","10:13:23",27.45,0,700,5554000,"B"
"HPG","10:13:20",27.5,0.05,10000,5553300,"S"
"HPG","10:13:17",27.5,0.05,10000,5543300,"S"
"HPG","10:13:14",27.45,0,200,5533300,"B"
"HPG","10:13:13",27.5,0.05,10000,5533100,"S"
"HPG","10:13:11",27.5,0.05,5000,5523100,"S"
"HPG","10:13:11",27.45,0,900,5518100,"B"
"HPG","10:13:10",27.5,0.05,10000,5517200,"S"
"HPG","10:13:09",27.5,0.05,200,5507200,"S"
"HPG","10:13:07",27.5,0.05,10000,5507000,"S"
"HPG","10:13:06",27.5,0.05,20100,5497000,"S"
"HPG","10:13:00",27.45,0,200,5476900,"B"
"HPG","10:13:00",27.45,0,200,5476700,"B"
"HPG","10:13:00",27.5,0.05,5000,5476500,"S"
"HPG","10:12:59",27.5,0.05,1000,5471500,"S"
"HPG","10:12:58",27.5,0.05,100,5470500,"S"
"HPG","10:12:56",27.45,0,700,5470400,"B"
"HPG","10:12:51",27.5,0.05,1300,5469700,"S"
"HPG","10:12:50",27.5,0.05,7900,5468400,"S"
"HPG","10:12:49",27.5,0.05,100,5460500,"S"
"HPG","10:12:45",27.45,0,1500,5460400,"B"
"HPG","10:12:44",27.5,0.05,200,5458900,"S"
"HPG","10:12:41",27.5,0.05,500,5458700,"S"
"HPG","10:12:36",27.5,0.05,5600,5458200,"S"
"HPG","10:12:34",27.5,0.05,700,5452600,"S"
"HPG","10:12:33",27.5,0.05,100,5451900,"S"
"HPG","10:12:20",27.5,0.05,200,5451800,"S"
"HPG","10:12:19",27.5,0.05,120300,5451600,"B"
"HPG","10:12:06",27.5,0.05,300,5331300,"B"
"HPG","10:12:03",27.5,0.05,100000,5331000,"B"
"HPG","10:11:52",27.5,0.05,100,5231000,"B"
"HPG","10:11:52",27.5,0.05,100,5230900,"B"
"HPG","10:11:49",27.5,0.05,100,5230800,"B"
"HPG","10:11:44",27.5,0.05,20000,5230700,"S"
"HPG","10:11:41",27.5,0.05,100,5210700,"S"
"HPG","10:11:39",27.5,0.05,1000,5210600,"S"
"HPG","10:11:38",27.5,0.05,5000,5209600,"S"
"HPG","10:11:37",27.5,0.05,100500,5204600,"S"
"HPG","10:11:34",27.5,0.05,800,5104100,"S"
"HPG","10:11:32",27.5,0.05,40000,5103300,"S"
"HPG","10:11:31",27.5,0.05,2000,5063300,"S"
"HPG","10:11:29",27.5,0.05,100,5061300,"S"
"HPG","10:11:28",27.5,0.05,50000,5061200,"S"
"HPG","10:11:26",27.5,0.05,600,5011200,"S"
"HPG","10:11:24",27.5,0.05,100,5010600,"S"
"HPG","10:11:18",27.5,0.05,500,5010500,"S"
"HPG","10:11:18",27.5,0.05,400,5010000,"S"
"HPG","10:11:17",27.5,0.05,200,5009600,"S"
"HPG","10:11:14",27.5,0.05,5000,5009400,"S"
"HPG","10:11:14",27.5,0.05,500,5004400,"S"
"HPG","10:11:12",27.5,0.05,1000,5003900,"S"
"HPG","10:11:09",27.5,0.05,500,5002900,"S"
"HPG","10:11:04",27.5,0.05,500,5002400,"S"
"HPG","10:11:04",27.45,0,500,5001900,"B"
"HPG","10:11:03",27.5,0.05,100,5001400,"S"
"HPG","10:10:59",27.5,0.05,500,5001300,"S"
"HPG","10:10:58",27.5,0.05,100,5000800,"S"
"HPG","10:10:56",27.45,0,900,5000700,"B"
"HPG","10:10:46",27.5,0.05,100,4999800,"S"
"HPG","10:10:44",27.5,0.05,3000,4999700,"S"
"HPG","10:10:42",27.5,0.05,2000,4996700,"S"
"HPG","10:10:42",27.45,0,1100,4994700,"B"
"HPG","10:10:28",27.5,0.05,400,4993600,"S"
"HPG","10:10:26",27.5,0.05,2000,4993200,"S"
"HPG","10:10:23",27.45,0,900,4991200,"B"
"HPG","10:10:17",27.5,0.05,500,4990300,"S"
"HPG","10:10:10",27.5,0.05,5700,4989800,"S"
"HPG","10:10:08",27.45,0,1600,4984100,"B"
"HPG","10:09:55",27.5,0.05,100,4982500,"S"
"HPG","10:09:54",27.5,0.05,700,4982400,"S"
"HPG","10:09:50",27.5,0.05,1000,4981700,"S"
"HPG","10:09:47",27.5,0.05,100,4980700,"S"
"HPG","10:09:43",27.45,0,400,4980600,"B"
"HPG","10:09:40",27.45,0,1400,4980200,"B"
"HPG","10:09:38",27.5,0.05,20000,4978800,"S"
"HPG","10:09:30",27.5,0.05,2000,4958800,"S"
"HPG","10:09:16",27.45,0,1200,4956800,"B"
"HPG","10:09:10",27.45,0,500,4955600,"B"
"HPG","10:09:04",27.45,0,1000,4955100,"B"
"HPG","10:08:56",27.45,0,5700,4954100,"B"
"HPG","10:08:49",27.5,0.05,1000,4948400,"S"
"HPG","10:08:44",27.45,0,1000,4947400,"B"
"HPG","10:08:28",27.45,0,1200,4946400,"B"
"HPG","10:08:07",27.45,0,700,4945200,"B"
"HPG","10:08:01",27.45,0,100,4944500,"B"
"HPG","10:07:55",27.45,0,700,4944400,"B"
"HPG","10:07:55",27.45,0,1000,4943700,"B"
"HPG","10:07:40",27.45,0,3000,4942700,"B"
"HPG","10:07:39",27.45,0,17200,4939700,"B"
"HPG","10:07:23",27.45,0,100,4922500,"B"
"HPG","10:07:15",27.5,0.05,100,4922400,"S"
"HPG","10:07:15",27.45,0,700,4922300,"B"
"HPG","10:07:11",27.5,0.05,100,4921600,"S"
"HPG","10:07:09",27.5,0.05,300,4921500,"S"
"HPG","10:07:09",27.45,0,300,4921200,"B"
"HPG","10:07:07",27.5,0.05,300,4920900,"S"
"HPG","10:07:05",27.45,0,100,4920600,"B"
"HPG","10:07:04",27.45,0,300,4920400,"B"
"HPG","10:07:03",27.45,0,900,4920100,"B"
"HPG","10:06:55",27.5,0.05,3000,4919200,"S"
"HPG","10:06:47",27.45,0,1000,4916200,"B"
"HPG","10:06:43",27.5,0.05,200,4915200,"S"
"HPG","10:06:31",27.45,0,900,4915000,"B"
"HPG","10:06:19",27.5,0.05,2000,4914100,"S"
"HPG","10:06:15",27.45,0,900,4912100,"B"
"HPG","10:06:11",27.5,0.05,200,4911200,"S"
"HPG","10:06:07",27.5,0.05,1000,4911000,"S"
"HPG","10:06:03",27.5,0.05,200,4910000,"S"
"HPG","10:05:59",27.45,0,1000,4909800,"B"
"HPG","10:05:49",27.5,0.05,2000,4908800,"S"
"HPG","10:05:43",27.45,0,700,4906800,"B"
"HPG","10:05:43",27.5,0.05,200,4906100,"S"
"HPG","10:05:40",27.5,0.05,1000,4905900,"S"
"HPG","10:05:31",27.45,0,1100,4904900,"B"
"HPG","10:05:12",27.5,0.05,15900,4903800,"S"
"HPG","10:05:11",27.45,0,1400,4887900,"B"
"HPG","10:04:48",27.45,0,700,4886500,"B"
"HPG","10:04:36",27.45,0,1100,4885800,"B"
"HPG","10:04:33",27.45,0,700,4884700,"B"
"HPG","10:04:30",27.45,0,200,4884000,"B"
"HPG","10:04:29",27.45,0,100,4883800,"B"
"HPG","10:04:26",27.45,0,2000,4883700,"B"
"HPG","10:04:25",27.5,0.05,100,4881700,"S"
"HPG","10:04:18",27.45,0,700,4881600,"B"
"HPG","10:04:13",27.45,0,100,4880900,"B"
"HPG","10:04:04",27.45,0,1200,4880800,"B"
"HPG","10:03:51",27.45,0,2000,4879600,"B"
"HPG","10:03:37",27.45,0,1000,4877600,"B"
"HPG","10:03:34",27.45,0,500,4876600,"B"
"HPG","10:03:19",27.45,0,200,4876100,"B"
"HPG","10:03:18",27.45,0,15000,4875900,"B"
"HPG","10:03:15",27.45,0,800,4860900,"S"
"HPG","10:03:15",27.45,0,3500,4860100,"S"
"HPG","10:03:12",27.4,-0.05,300,4856600,"B"
"HPG","10:03:06",27.45,0,4600,4856300,"S"
"HPG","10:03:01",27.45,0,5000,4851700,"S"
"HPG","10:02:57",27.45,0,10000,4846700,"S"
"HPG","10:02:53",27.45,0,30000,4836700,"S"
"HPG","10:02:51",27.45,0,16000,4806700,"S"
"HPG","10:02:49",27.4,-0.05,900,4790700,"B"
"HPG","10:02:47",27.45,0,14900,4789800,"S"
"HPG","10:02:43",27.45,0,100,4774900,"S"
"HPG","10:02:28",27.45,0,2000,4774800,"S"
"HPG","10:02:22",27.4,-0.05,100,4772800,"B"
"HPG","10:02:17",27.45,0,5000,4772700,"S"
"HPG","10:02:14",27.45,0,500,4767700,"S"
"HPG","10:02:12",27.45,0,1000,4767200,"S"
"HPG","10:02:09",27.45,0,10000,4766200,"S"
"HPG","10:02:04",27.45,0,500,4756200,"S"
"HPG","10:02:03",27.45,0,1200,4755700,"S"
"HPG","10:02:00",27.4,-0.05,1300,4754500,"B"
"HPG","10:01:51",27.4,-0.05,800,4753200,"B"
"HPG","10:01:49",27.45,0,2000,4752400,"S"
"HPG","10:01:45",27.45,0,100,4750400,"S"
"HPG","10:01:43",27.4,-0.05,100,4750300,"B"
"HPG","10:01:40",27.45,0,50000,4750200,"S"
"HPG","10:01:39",27.45,0,1500,4700200,"S"
"HPG","10:01:37",27.4,-0.05,600,4696600,"B"
"HPG","10:01:28",27.4,-0.05,500,4696000,"B"
"HPG","10:01:27",27.45,0,900,4695500,"S"
"HPG","10:01:24",27.45,0,1000,4694600,"S"
"HPG","10:01:19",27.4,-0.05,500,4693600,"B"
"HPG","10:01:17",27.45,0,1000,4693100,"S"
"HPG","10:01:15",27.45,0,300,4692100,"S"
"HPG","10:01:11",27.45,0,1000,4691800,"S"
"HPG","10:01:06",27.45,0,500,4690800,"S"
"HPG","10:01:04",27.45,0,3000,4690300,"S"
"HPG","10:00:54",27.45,0,200,4687300,"S"
"HPG","10:00:48",27.45,0,60300,4687100,"B"
"HPG","10:00:42",27.45,0,1400,4626800,"B"
"HPG","10:00:41",27.5,0.05,1000,4625400,"S"
"HPG","10:00:39",27.5,0.05,200,4624400,"S"
"HPG","10:00:34",27.5,0.05,100,4624200,"S"
"HPG","10:00:33",27.45,0,8000,4624100,"B"
"HPG","10:00:26",27.45,0,200,4616100,"B"
"HPG","10:00:22",27.45,0,200,4615900,"B"
"HPG","10:00:18",27.45,0,100000,4615700,"B"
"HPG","09:59:55",27.45,0,500,4515700,"B"
"HPG","09:59:37",27.45,0,200,4515200,"B"
"HPG","09:59:36",27.45,0,2000,4515000,"B"
"HPG","09:59:29",27.5,0.05,200,4513000,"S"
"HPG","09:59:13",27.5,0.05,1000,4512800,"S"
"HPG","09:59:05",27.5,0.05,100,4511800,"S"
"HPG","09:58:59",27.45,0,5000,4511700,"B"
"HPG","09:58:52",27.45,0,500,4506700,"B"
"HPG","09:58:41",27.5,0.05,13000,4506200,"S"
"HPG","09:58:28",27.45,0,8300,4493200,"B"
"HPG","09:57:51",27.45,0,300,4484900,"B"
"HPG","09:57:49",27.45,0,300,4484600,"B"
"HPG","09:57:39",27.45,0,100,4484300,"B"
"HPG","09:57:35",27.45,0,29700,4484200,"S"
"HPG","09:57:32",27.45,0,200,4454500,"S"
"HPG","09:57:31",27.45,0,200,4454300,"S"
"HPG","09:57:30",27.45,0,1000,4454100,"S"
"HPG","09:57:25",27.45,0,100,4453100,"S"
"HPG","09:57:22",27.45,0,100,4453000,"S"
"HPG","09:57:18",27.45,0,300,4452900,"S"
"HPG","09:57:16",27.45,0,500,4452600,"S"
"HPG","09:57:14",27.45,0,10000,4452100,"S"
"HPG","09:57:07",27.45,0,200,4442100,"S"
"HPG","09:57:06",27.45,0,4000,4441900,"S"
"HPG","09:57:02",27.45,0,1000,4437900,"S"
"HPG","09:56:43",27.45,0,500,4436900,"S"
"HPG","09:56:41",27.45,0,3000,4436400,"S"
"HPG","09:56:35",27.4,-0.05,300,4433400,"B"
"HPG","09:56:26",27.45,0,1200,4433100,"S"
"HPG","09:56:25",27.45,0,1000,4431900,"S"
"HPG","09:56:18",27.45,0,1000,4430900,"S"
"HPG","09:56:15",27.45,0,200,4429900,"S"
"HPG","09:56:11",27.45,0,500,4429700,"S"
"HPG","09:56:06",27.45,0,500,4429200,"S"
"HPG","09:56:00",27.4,-0.05,200,4428700,"B"
"HPG","09:55:57",27.45,0,10000,4428500,"S"
"HPG","09:55:50",27.45,0,100,4418500,"S"
"HPG","09:55:29",27.4,-0.05,200,4418400,"B"
"HPG","09:55:27",27.45,0,500,4418200,"S"
"HPG","09:55:26",27.45,0,300,4417700,"S"
"HPG","09:55:21",27.45,0,500,4417400,"S"
"HPG","09:55:12",27.45,0,5100,4416900,"S"
"HPG","09:55:10",27.45,0,100,4411800,"S"
"HPG","09:55:08",27.45,0,10000,4411700,"S"
"HPG","09:55:05",27.45,0,2000,4401700,"S"
"HPG","09:55:03",27.45,0,500,4399700,"S"
"HPG","09:54:58",27.45,0,500,4399200,"S"
"HPG","09:54:57",27.45,0,100,4398700,"S"
"HPG","09:54:53",27.45,0,1400,4398600,"B"
"HPG","09:54:52",27.45,0,10000,4397200,"B"
"HPG","09:54:51",27.45,0,9600,4387200,"B"
"HPG","09:54:46",27.45,0,1900,4377600,"B"
"HPG","09:54:45",27.45,0,7200,4375700,"B"
"HPG","09:54:44",27.45,0,3600,4368500,"B"
"HPG","09:54:43",27.45,0,5200,4364900,"B"
"HPG","09:54:39",27.45,0,100000,4359700,"B"
"HPG","09:54:19",27.45,0,400,4259700,"B"
"HPG","09:54:11",27.45,0,1000,4259300,"B"
"HPG","09:54:09",27.45,0,800,4258300,"B"
"HPG","09:54:07",27.45,0,100,4257500,"B"
"HPG","09:54:06",27.45,0,3000,4257400,"B"
"HPG","09:54:04",27.45,0,10000,4254400,"B"
"HPG","09:54:00",27.45,0,2500,4244400,"B"
"HPG","09:53:46",27.5,0.05,1000,4241900,"S"
"HPG","09:53:37",27.45,0,200,4240900,"B"
"HPG","09:53:34",27.5,0.05,6600,4240700,"S"
"HPG","09:53:33",27.5,0.05,3400,4234100,"S"
"HPG","09:53:30",27.45,0,11600,4230700,"B"
"HPG","09:53:29",27.45,0,288400,4219100,"B"
"HPG","09:53:26",27.45,0,1000,3930700,"B"
"HPG","09:53:00",27.45,0,700,3929700,"B"
"HPG","09:52:58",27.5,0.05,10000,3929000,"S"
"HPG","09:52:58",27.45,0,2500,3919000,"B"
"HPG","09:52:56",27.45,0,2000,3916500,"B"
"HPG","09:52:49",27.45,0,700,3914500,"B"
"HPG","09:52:46",27.45,0,500,3913800,"B"
"HPG","09:52:38",27.5,0.05,100,3913300,"S"
"HPG","09:52:25",27.5,0.05,100,3913200,"S"
"HPG","09:52:24",27.5,0.05,20000,3913100,"S"
"HPG","09:52:21",27.5,0.05,2000,3893100,"S"
"HPG","09:52:21",27.5,0.05,100,3891100,"S"
"HPG","09:52:13",27.5,0.05,200,3891000,"S"
"HPG","09:52:04",27.5,0.05,500,3890800,"S"
"HPG","09:52:03",27.45,0,20000,3890300,"B"
"HPG","09:51:57",27.5,0.05,300,3870300,"S"
"HPG","09:51:57",27.5,0.05,2500,3870000,"S"
"HPG","09:51:54",27.45,0,2000,3867500,"B"
"HPG","09:51:54",27.5,0.05,6100,3865500,"S"
"HPG","09:51:53",27.5,0.05,23900,3859400,"S"
"HPG","09:51:39",27.5,0.05,1000,3835500,"S"
"HPG","09:51:37",27.45,0,100,3834500,"B"
"HPG","09:51:35",27.5,0.05,4000,3834400,"S"
"HPG","09:51:31",27.5,0.05,2000,3830400,"S"
"HPG","09:51:30",27.5,0.05,21000,3828400,"S"
"HPG","09:51:22",27.5,0.05,100,3807400,"S"
"HPG","09:51:07",27.5,0.05,15000,3807300,"S"
"HPG","09:51:02",27.45,0,2500,3792300,"B"
"HPG","09:50:56",27.5,0.05,2000,3789800,"S"
"HPG","09:50:47",27.5,0.05,2500,3787800,"S"
"HPG","09:50:43",27.5,0.05,100,3785300,"S"
"HPG","09:50:41",27.5,0.05,6000,3785200,"S"
"HPG","09:50:31",27.5,0.05,2000,3779200,"S"
"HPG","09:50:27",27.5,0.05,1000,3777200,"S"
"HPG","09:50:18",27.5,0.05,15000,3776200,"S"
"HPG","09:49:57",27.5,0.05,300,3761200,"S"
"HPG","09:49:49",27.5,0.05,10000,3760900,"S"
"HPG","09:49:44",27.45,0,500,3750900,"B"
"HPG","09:49:42",27.45,0,1400,3750400,"B"
"HPG","09:49:38",27.5,0.05,87000,3749000,"S"
"HPG","09:49:36",27.5,0.05,500,3662000,"S"
"HPG","09:49:35",27.5,0.05,400,3661500,"S"
"HPG","09:49:25",27.5,0.05,200,3661100,"S"
"HPG","09:49:23",27.5,0.05,100,3660900,"S"
"HPG","09:49:22",27.5,0.05,9000,3660800,"S"
"HPG","09:49:20",27.45,0,5700,3651800,"B"
"HPG","09:49:12",27.5,0.05,500,3646100,"S"
"HPG","09:49:02",27.5,0.05,200,3645600,"S"
"HPG","09:49:00",27.45,0,100,3645400,"B"
"HPG","09:48:57",27.5,0.05,10000,3645300,"S"
"HPG","09:48:55",27.5,0.05,20000,3635300,"S"
"HPG","09:48:43",27.5,0.05,100,3615300,"S"
"HPG","09:48:34",27.5,0.05,400,3615200,"S"
"HPG","09:48:33",27.5,0.05,10000,3614800,"S"
"HPG","09:48:33",27.45,0,2500,3604800,"B"
"HPG","09:48:29",27.45,0,7600,3602300,"B"
"HPG","09:48:21",27.45,0,72500,3594700,"B"
"HPG","09:48:08",27.5,0.05,10000,3522200,"S"
"HPG","09:47:48",27.5,0.05,600,3512200,"S"
"HPG","09:47:43",27.45,0,47700,3511600,"B"
"HPG","09:47:42",27.5,0.05,5000,3463900,"S"
"HPG","09:47:31",27.45,0,400,3458900,"B"
"HPG","09:47:28",27.5,0.05,5000,3458500,"S"
"HPG","09:47:24",27.5,0.05,400,3453500,"S"
"HPG","09:47:20",27.5,0.05,6000,3453100,"S"
"HPG","09:47:16",27.5,0.05,1100,3447100,"S"
"HPG","09:47:14",27.45,0,100,3446000,"B"
"HPG","09:47:12",27.5,0.05,100,3445900,"S"
"HPG","09:47:01",27.5,0.05,1000,3445800,"S"
"HPG","09:46:57",27.45,0,200,3444800,"B"
"HPG","09:46:57",27.5,0.05,21700,3444600,"S"
"HPG","09:46:56",27.5,0.05,2000,3422900,"S"
"HPG","09:46:52",27.5,0.05,1000,3420900,"S"
"HPG","09:46:50",27.5,0.05,200,3419900,"S"
"HPG","09:46:47",27.5,0.05,200,3419700,"S"
"HPG","09:46:35",27.5,0.05,200,3419500,"S"
"HPG","09:46:34",27.5,0.05,3000,3419300,"S"
"HPG","09:46:29",27.45,0,21800,3416300,"B"
"HPG","09:46:29",27.5,0.05,500,3394500,"S"
"HPG","09:46:26",27.5,0.05,100,3394000,"S"
"HPG","09:46:24",27.5,0.05,200,3393900,"S"
"HPG","09:46:23",27.5,0.05,500,3393700,"S"
"HPG","09:46:10",27.5,0.05,1000,3393200,"S"
"HPG","09:46:10",27.5,0.05,1000,3392200,"S"
"HPG","09:46:09",27.5,0.05,100,3391200,"S"
"HPG","09:46:08",27.5,0.05,10000,3391100,"S"
"HPG","09:46:07",27.5,0.05,17900,3381100,"S"
"HPG","09:46:03",27.5,0.05,35400,3363200,"B"
"HPG","09:46:02",27.55,0.1,400,3327800,"S"
"HPG","09:45:55",27.5,0.05,100000,3327400,"B"
"HPG","09:45:51",27.5,0.05,800,3227400,"B"
"HPG","09:45:50",27.55,0.1,20000,3226600,"S"
"HPG","09:45:42",27.5,0.05,200000,3206600,"B"
"HPG","09:45:34",27.5,0.05,100,3006600,"B"
"HPG","09:45:30",27.5,0.05,500,3006500,"B"
"HPG","09:45:25",27.5,0.05,100000,3006000,"B"
"HPG","09:45:25",27.55,0.1,29000,2906000,"S"
"HPG","09:45:23",27.5,0.05,2000,2877000,"B"
"HPG","09:45:19",27.5,0.05,30400,2875000,"B"
"HPG","09:45:18",27.5,0.05,41400,2844600,"S"
"HPG","09:45:16",27.5,0.05,400,2803200,"S"
"HPG","09:45:12",27.5,0.05,59400,2802800,"S"
"HPG","09:45:09",27.5,0.05,1000,2743400,"S"
"HPG","09:45:04",27.5,0.05,3000,2742400,"S"
"HPG","09:45:01",27.5,0.05,500,2739400,"S"
"HPG","09:44:59",27.5,0.05,71400,2738900,"B"
"HPG","09:44:57",27.5,0.05,300,2667500,"B"
"HPG","09:44:54",27.5,0.05,1000,2667200,"B"
"HPG","09:44:50",27.5,0.05,500,2666200,"B"
"HPG","09:44:45",27.5,0.05,1100,2665700,"S"
"HPG","09:44:44",27.5,0.05,1300,2664600,"S"
"HPG","09:44:43",27.5,0.05,500,2663200,"S"
"HPG","09:44:42",27.5,0.05,7900,2662700,"S"
"HPG","09:44:41",27.5,0.05,500,2654800,"S"
"HPG","09:44:37",27.5,0.05,60000,2654300,"S"
"HPG","09:44:25",27.5,0.05,1000,2594300,"S"
"HPG","09:44:24",27.5,0.05,1000,2593300,"S"
"HPG","09:44:23",27.5,0.05,100,2592300,"S"
"HPG","09:44:11",27.5,0.05,200,2592200,"S"
"HPG","09:44:11",27.5,0.05,2800,2592000,"S"
"HPG","09:44:09",27.5,0.05,100,2589200,"S"
"HPG","09:44:08",27.5,0.05,900,2589100,"S"
"HPG","09:44:00",27.5,0.05,2200,2588200,"S"
"HPG","09:43:59",27.5,0.05,10000,2586000,"S"
"HPG","09:43:59",27.5,0.05,200,2576000,"S"
"HPG","09:43:57",27.5,0.05,1500,2575800,"S"
"HPG","09:43:55",27.5,0.05,2500,2574300,"S"
"HPG","09:43:53",27.5,0.05,55000,2571800,"S"
"HPG","09:43:48",27.5,0.05,200,2516800,"S"
"HPG","09:43:44",27.45,0,500,2516600,"B"
"HPG","09:43:41",27.5,0.05,18800,2516100,"S"
"HPG","09:43:36",27.5,0.05,2000,2497300,"S"
"HPG","09:43:26",27.5,0.05,60000,2495300,"S"
"HPG","09:43:19",27.5,0.05,100,2435300,"S"
"HPG","09:42:46",27.45,0,100,2435200,"B"
"HPG","09:42:41",27.5,0.05,10000,2435100,"S"
"HPG","09:42:38",27.5,0.05,300,2425100,"S"
"HPG","09:42:28",27.5,0.05,10000,2424800,"S"
"HPG","09:42:23",27.5,0.05,6100,2414800,"S"
"HPG","09:42:22",27.5,0.05,200,2408700,"S"
"HPG","09:42:19",27.5,0.05,2200,2408500,"S"
"HPG","09:42:07",27.5,0.05,5000,2406300,"S"
"HPG","09:42:01",27.5,0.05,200,2401300,"S"
"HPG","09:41:46",27.5,0.05,1500,2401100,"S"
"HPG","09:41:41",27.5,0.05,100,2399600,"S"
"HPG","09:41:35",27.5,0.05,200,2399500,"S"
"HPG","09:41:23",27.45,0,2500,2399300,"B"
"HPG","09:41:18",27.5,0.05,100,2396800,"S"
"HPG","09:41:11",27.5,0.05,400,2396700,"S"
"HPG","09:41:08",27.5,0.05,500,2396300,"S"
"HPG","09:41:05",27.45,0,2500,2395800,"B"
"HPG","09:41:02",27.5,0.05,3000,2393300,"S"
"HPG","09:41:02",27.45,0,500,2390300,"B"
"HPG","09:40:59",27.5,0.05,2000,2388300,"S"
"HPG","09:40:43",27.5,0.05,100,2386300,"S"
"HPG","09:40:42",27.45,0,2500,2386200,"B"
"HPG","09:40:39",27.5,0.05,2000,2383700,"S"
"HPG","09:40:35",27.5,0.05,10000,2381700,"S"
"HPG","09:40:29",27.5,0.05,1800,2371700,"S"
"HPG","09:40:18",27.45,0,2500,2369900,"B"
"HPG","09:40:14",27.45,0,2500,2367400,"B"
"HPG","09:40:08",27.45,0,2500,2364900,"B"
"HPG","09:40:02",27.45,0,2500,2362400,"B"
"HPG","09:39:58",27.45,0,2500,2359900,"B"
"HPG","09:39:53",27.45,0,2500,2357400,"B"
"HPG","09:39:51",27.45,0,10000,2354900,"B"
"HPG","09:39:50",27.45,0,300,2344900,"B"
"HPG","09:39:47",27.45,0,2500,2344600,"B"
"HPG","09:39:45",27.45,0,2000,2342100,"B"
"HPG","09:39:42",27.45,0,2500,2340100,"B"
"HPG","09:39:11",27.45,0,2500,2337600,"B"
"HPG","09:39:06",27.5,0.05,3000,2335100,"S"
"HPG","09:39:05",27.45,0,6500,2332100,"B"
"HPG","09:38:58",27.45,0,2500,2325600,"B"
"HPG","09:38:52",27.45,0,2500,2323100,"B"
"HPG","09:38:50",27.45,0,16500,2320600,"S"
"HPG","09:38:49",27.45,0,10000,2304100,"S"
"HPG","09:38:48",27.45,0,10000,2294100,"S"
"HPG","09:38:48",27.45,0,300,2284100,"S"
"HPG","09:38:47",27.45,0,5200,2283800,"S"
"HPG","09:38:45",27.45,0,40800,2278600,"S"
"HPG","09:38:44",27.45,0,11000,2237800,"S"
"HPG","09:38:41",27.45,0,10000,2226800,"S"
"HPG","09:38:40",27.45,0,16300,2216800,"S"
"HPG","09:38:39",27.45,0,500,2200500,"S"
"HPG","09:38:38",27.45,0,10000,2200000,"S"
"HPG","09:38:37",27.45,0,10000,2190000,"S"
"HPG","09:38:35",27.45,0,40000,2180000,"S"
"HPG","09:38:34",27.45,0,3300,2140000,"S"
"HPG","09:38:33",27.45,0,100,2136700,"S"
"HPG","09:38:32",27.45,0,3000,2136600,"S"
"HPG","09:38:31",27.45,0,10000,2133600,"S"
"HPG","09:38:30",27.45,0,2200,2123600,"S"
"HPG","09:38:28",27.45,0,100,2121400,"S"
"HPG","09:38:26",27.45,0,1000,2121300,"S"
"HPG","09:38:25",27.45,0,200,2120300,"S"
"HPG","09:38:23",27.45,0,1000,2120100,"S"
"HPG","09:38:21",27.45,0,500,2119100,"S"
"HPG","09:38:20",27.45,0,5000,2118600,"S"
"HPG","09:38:17",27.45,0,1100,2113600,"S"
"HPG","09:38:16",27.4,-0.05,300,2112500,"B"
"HPG","09:38:15",27.45,0,2000,2112200,"S"
"HPG","09:38:15",27.4,-0.05,200,2110200,"B"
"HPG","09:38:14",27.45,0,300,2110000,"S"
"HPG","09:38:11",27.45,0,1000,2109700,"S"
"HPG","09:38:10",27.45,0,200,2108700,"S"
"HPG","09:38:08",27.45,0,5000,2108500,"S"
"HPG","09:38:07",27.45,0,100,2103500,"S"
"HPG","09:38:06",27.45,0,100,2103400,"S"
"HPG","09:38:03",27.45,0,100,2103300,"S"
"HPG","09:37:59",27.45,0,2500,2103200,"S"
"HPG","09:37:57",27.45,0,7000,2100700,"S"
"HPG","09:37:56",27.4,-0.05,2500,2093700,"B"
"HPG","09:37:55",27.45,0,303600,2091200,"B"
"HPG","09:37:52",27.5,0.05,100,1787600,"S"
"HPG","09:37:48",27.5,0.05,700,1787500,"S"
"HPG","09:37:46",27.45,0,500,1786800,"B"
"HPG","09:37:45",27.5,0.05,1500,1786300,"S"
"HPG","09:37:44",27.5,0.05,500,1784800,"S"
"HPG","09:37:41",27.5,0.05,100,1784300,"S"
"HPG","09:37:37",27.5,0.05,3000,1784200,"S"
"HPG","09:37:34",27.5,0.05,7000,1781200,"S"
"HPG","09:37:32",27.5,0.05,44600,1774200,"B"
"HPG","09:37:30",27.5,0.05,300,1729600,"B"
"HPG","09:37:26",27.5,0.05,700,1729300,"B"
"HPG","09:37:26",27.5,0.05,800,1728600,"B"
"HPG","09:37:25",27.55,0.1,5000,1727800,"S"
"HPG","09:37:21",27.55,0.1,100,1722800,"S"
"HPG","09:37:19",27.5,0.05,100000,1722700,"B"
"HPG","09:37:13",27.55,0.1,2600,1622700,"S"
"HPG","09:37:08",27.55,0.1,100,1620100,"S"
"HPG","09:37:04",27.5,0.05,2500,1620000,"B"
"HPG","09:37:02",27.55,0.1,200,1617500,"S"
"HPG","09:36:54",27.5,0.05,10000,1617300,"B"
"HPG","09:36:53",27.55,0.1,15000,1607300,"S"
"HPG","09:36:37",27.5,0.05,400,1592300,"B"
"HPG","09:36:36",27.55,0.1,1000,1591900,"S"
"HPG","09:36:26",27.5,0.05,500,1590900,"B"
"HPG","09:36:17",27.5,0.05,100,1590400,"B"
"HPG","09:36:14",27.5,0.05,1900,1590300,"S"
"HPG","09:36:13",27.5,0.05,10000,1588400,"S"
"HPG","09:36:12",27.5,0.05,1000,1578400,"S"
"HPG","09:36:11",27.5,0.05,51000,1577400,"S"
"HPG","09:36:06",27.5,0.05,100,1526400,"S"
"HPG","09:36:01",27.5,0.05,21600,1526300,"S"
"HPG","09:36:00",27.5,0.05,2200,1504700,"S"
"HPG","09:35:59",27.5,0.05,100400,1502500,"S"
"HPG","09:35:58",27.5,0.05,5000,1402100,"S"
"HPG","09:35:58",27.45,0,200,1397100,"B"
"HPG","09:35:57",27.5,0.05,7000,1396900,"S"
"HPG","09:35:53",27.5,0.05,100,1389900,"S"
"HPG","09:35:51",27.5,0.05,20000,1389800,"S"
"HPG","09:35:48",27.5,0.05,300,1369800,"S"
"HPG","09:35:45",27.5,0.05,400,1369500,"S"
"HPG","09:35:44",27.5,0.05,1000,1369100,"S"
"HPG","09:35:43",27.5,0.05,100,1368100,"S"
"HPG","09:35:29",27.5,0.05,11000,1368000,"S"
"HPG","09:35:27",27.45,0,200,1357000,"B"
"HPG","09:35:26",27.45,0,300,1356800,"B"
"HPG","09:35:23",27.5,0.05,3800,1356500,"S"
"HPG","09:35:21",27.5,0.05,2000,1352700,"S"
"HPG","09:35:20",27.5,0.05,200,1350700,"S"
"HPG","09:35:18",27.5,0.05,5000,1350500,"S"
"HPG","09:35:16",27.5,0.05,5000,1345500,"S"
"HPG","09:35:15",27.45,0,20000,1340500,"B"
"HPG","09:35:14",27.5,0.05,3800,1320500,"S"
"HPG","09:35:11",27.5,0.05,400,1316700,"S"
"HPG","09:34:57",27.5,0.05,1500,1316300,"S"
"HPG","09:34:38",27.5,0.05,1000,1314800,"S"
"HPG","09:34:36",27.45,0,100,1313800,"B"
"HPG","09:34:36",27.5,0.05,10000,1313700,"S"
"HPG","09:34:17",27.45,0,300,1303700,"B"
"HPG","09:34:16",27.5,0.05,100,1303400,"S"
"HPG","09:34:01",27.5,0.05,1000,1303300,"S"
"HPG","09:34:00",27.45,0,31000,1302300,"B"
"HPG","09:33:47",27.45,0,7300,1271300,"B"
"HPG","09:33:44",27.5,0.05,2000,1264000,"S"
"HPG","09:33:36",27.5,0.05,1000,1262000,"S"
"HPG","09:33:30",27.45,0,200,1261000,"B"
"HPG","09:33:26",27.5,0.05,15400,1260800,"S"
"HPG","09:33:25",27.5,0.05,500,1245400,"S"
"HPG","09:33:09",27.5,0.05,1000,1244900,"S"
"HPG","09:33:07",27.5,0.05,200,1243900,"S"
"HPG","09:33:00",27.45,0,2000,1243700,"B"
"HPG","09:32:58",27.45,0,5500,1241700,"B"
"HPG","09:32:44",27.45,0,50000,1236200,"B"
"HPG","09:32:23",27.45,0,2000,1186200,"B"
"HPG","09:32:09",27.5,0.05,2000,1184200,"S"
"HPG","09:32:02",27.45,0,2000,1182200,"B"
"HPG","09:32:00",27.45,0,1000,1180200,"B"
"HPG","09:31:56",27.5,0.05,10000,1179200,"S"
"HPG","09:31:53",27.5,0.05,14000,1169200,"S"
"HPG","09:31:31",27.45,0,100,1154600,"B"
"HPG","09:31:29",27.45,0,5000,1154500,"B"
"HPG","09:30:51",27.45,0,2000,1149500,"B"
"HPG","09:30:50",27.5,0.05,100,1147500,"S"
"HPG","09:30:44",27.45,0,300,1147400,"B"
"HPG","09:30:24",27.45,0,100,1147100,"B"
"HPG","09:30:17",27.5,0.05,10000,1147000,"S"
"HPG","09:30:15",27.5,0.05,800,1137000,"S"
"HPG","09:29:59",27.5,0.05,300,1136200,"S"
"HPG","09:29:59",27.45,0,900,1135900,"B"
"HPG","09:29:55",27.5,0.05,200,1135000,"S"
"HPG","09:29:46",27.5,0.05,1000,1134800,"S"
"HPG","09:29:37",27.5,0.05,1000,1133800,"S"
"HPG","09:29:37",27.5,0.05,3700,1132800,"S"
"HPG","09:29:35",27.5,0.05,200,1129100,"S"
"HPG","09:29:31",27.5,0.05,500,1128900,"S"
"HPG","09:29:29",27.5,0.05,500,1128400,"S"
"HPG","09:29:07",27.5,0.05,8100,1127900,"S"
"HPG","09:29:06",27.5,0.05,100,1119800,"S"
"HPG","09:29:05",27.5,0.05,100,1119700,"S"
"HPG","09:28:58",27.5,0.05,200,1119600,"S"
"HPG","09:28:56",27.5,0.05,100,1119400,"S"
"HPG","09:28:55",27.5,0.05,200,1119300,"S"
"HPG","09:28:50",27.5,0.05,1000,1119100,"S"
"HPG","09:28:38",27.5,0.05,400,1118000,"S"
"HPG","09:28:38",27.45,0,1000,1117600,"B"
"HPG","09:28:36",27.5,0.05,500,1116600,"S"
"HPG","09:28:31",27.5,0.05,100,1116100,"S"
"HPG","09:28:28",27.5,0.05,100,1116000,"S"
"HPG","09:28:23",27.5,0.05,700,1115900,"S"
"HPG","09:28:21",27.5,0.05,100,1115200,"S"
"HPG","09:28:19",27.5,0.05,500,1115100,"S"
"HPG","09:28:11",27.5,0.05,1500,1114600,"S"
"HPG","09:28:10",27.45,0,2000,1113100,"B"
"HPG","09:28:08",27.5,0.05,30000,1111100,"S"
"HPG","09:28:06",27.5,0.05,5500,1081100,"S"
"HPG","09:28:01",27.5,0.05,600,1075600,"S"
"HPG","09:27:59",27.5,0.05,1000,1075000,"S"
"HPG","09:27:47",27.5,0.05,5000,1074000,"S"
"HPG","09:27:39",27.5,0.05,500,1069000,"S"
"HPG","09:27:36",27.45,0,100,1068500,"B"
"HPG","09:27:32",27.5,0.05,100,1068400,"S"
"HPG","09:27:25",27.45,0,400,1068300,"B"
"HPG","09:27:22",27.5,0.05,400,1067900,"S"
"HPG","09:27:21",27.5,0.05,500,1067500,"S"
"HPG","09:27:13",27.5,0.05,1000,1067000,"S"
"HPG","09:27:11",27.5,0.05,100,1066000,"S"
