"symbol","time","price","change","vol","total","side"
"LCG","14:45:09",12.3,0.4,247900,8311800,
"LCG","14:29:39",12.25,0.35,300,8063900,"S"
"LCG","14:29:21",12.25,0.35,800,8063600,"S"
"LCG","14:29:11",12.2,0.3,3500,8062800,"S"
"LCG","14:29:02",12.2,0.3,4000,8059300,"S"
"LCG","14:29:01",12.2,0.3,5000,8055300,"S"
"LCG","14:28:55",12.2,0.3,8500,8050300,"B"
"LCG","14:28:50",12.2,0.3,2000,8041800,"B"
"LCG","14:28:48",12.2,0.3,100,8039800,"B"
"LCG","14:28:47",12.2,0.3,1500,8039700,"B"
"LCG","14:28:46",12.2,0.3,100,8038200,"B"
"LCG","14:28:42",12.2,0.3,8200,8038100,"S"
"LCG","14:28:29",12.2,0.3,300,8029900,"B"
"LCG","14:28:29",12.2,0.3,11500,8029600,"B"
"LCG","14:28:19",12.2,0.3,200,8018100,"B"
"LCG","14:28:06",12.2,0.3,6300,8017900,"B"
"LCG","14:27:28",12.2,0.3,500,8011600,"B"
"LCG","14:27:17",12.2,0.3,2000,8011100,"B"
"LCG","14:26:31",12.2,0.3,2000,8009100,"B"
"LCG","14:26:18",12.2,0.3,2000,8007100,"B"
"LCG","14:26:17",12.2,0.3,800,8005000,"B"
"LCG","14:26:16",12.2,0.3,3000,8004200,"B"
"LCG","14:25:39",12.2,0.3,200,8001200,"B"
"LCG","14:25:25",12.2,0.3,200,8001000,"B"
"LCG","14:25:18",12.2,0.3,300,8000800,"B"
"LCG","14:25:13",12.2,0.3,1000,8000500,"B"
"LCG","14:25:05",12.2,0.3,6000,7999500,"B"
"LCG","14:24:53",12.2,0.3,500,7993500,"B"
"LCG","14:24:52",12.2,0.3,400,7993000,"B"
"LCG","14:24:18",12.2,0.3,300,7992600,"B"
"LCG","14:24:05",12.2,0.3,2400,7992300,"B"
"LCG","14:24:04",12.2,0.3,500,7989900,"B"
"LCG","14:23:58",12.2,0.3,600,7989400,"B"
"LCG","14:23:53",12.25,0.35,7900,7988800,"S"
"LCG","14:23:44",12.2,0.3,400,7979400,"B"
"LCG","14:23:42",12.2,0.3,10000,7979000,"B"
"LCG","14:23:20",12.2,0.3,3300,7969000,"B"
"LCG","14:23:15",12.2,0.3,100,7965700,"B"
"LCG","14:23:14",12.2,0.3,1800,7965600,"B"
"LCG","14:23:06",12.2,0.3,700,7963800,"B"
"LCG","14:22:32",12.2,0.3,4800,7963100,"B"
"LCG","14:22:31",12.2,0.3,18700,7958300,"B"
"LCG","14:22:24",12.2,0.3,1000,7939600,"B"
"LCG","14:22:09",12.25,0.35,100,7938600,"S"
"LCG","14:22:04",12.2,0.3,100,7938500,"B"
"LCG","14:21:55",12.2,0.3,3000,7938400,"B"
"LCG","14:21:25",12.2,0.3,4700,7935400,"B"
"LCG","14:21:25",12.2,0.3,35300,7930700,"B"
"LCG","14:20:55",12.2,0.3,1500,7895400,"B"
"LCG","14:20:51",12.25,0.35,100,7893900,"S"
"LCG","14:20:48",12.2,0.3,2000,7893800,"B"
"LCG","14:19:45",12.2,0.3,300,7891800,"B"
"LCG","14:19:43",12.2,0.3,500,7891500,"B"
"LCG","14:19:42",12.2,0.3,3000,7891000,"B"
"LCG","14:19:24",12.2,0.3,200,7888000,"B"
"LCG","14:19:16",12.25,0.35,200,7887800,"S"
"LCG","14:19:16",12.25,0.35,16500,7887600,"S"
"LCG","14:19:01",12.2,0.3,19500,7871100,"S"
"LCG","14:18:59",12.2,0.3,300,7851600,"S"
"LCG","14:18:52",12.2,0.3,2100,7851300,"S"
"LCG","14:18:52",12.2,0.3,5300,7849200,"S"
"LCG","14:18:50",12.2,0.3,1000,7843900,"S"
"LCG","14:18:35",12.2,0.3,9000,7842900,"S"
"LCG","14:18:28",12.2,0.3,5000,7833900,"S"
"LCG","14:18:26",12.2,0.3,400,7828900,"S"
"LCG","14:18:12",12.2,0.3,200,7828500,"S"
"LCG","14:17:54",12.2,0.3,100,7828300,"S"
"LCG","14:17:44",12.2,0.3,1300,7828200,"S"
"LCG","14:17:40",12.2,0.3,800,7826900,"S"
"LCG","14:17:36",12.2,0.3,2400,7826100,"S"
"LCG","14:17:07",12.2,0.3,100,7823700,"S"
"LCG","14:17:00",12.15,0.25,200,7823600,"B"
"LCG","14:16:05",12.15,0.25,20000,7823400,"B"
"LCG","14:15:49",12.2,0.3,3100,7803400,"S"
"LCG","14:15:30",12.2,0.3,100,7800300,"S"
"LCG","14:14:51",12.2,0.3,500,7800200,"S"
"LCG","14:14:38",12.2,0.3,77800,7799700,"B"
"LCG","14:14:22",12.2,0.3,100,7721900,"B"
"LCG","14:14:15",12.2,0.3,1000,7721800,"B"
"LCG","14:14:11",12.2,0.3,1000,7720800,"B"
"LCG","14:13:23",12.2,0.3,1000,7719800,"B"
"LCG","14:12:53",12.25,0.35,1000,7718800,"S"
"LCG","14:12:42",12.25,0.35,2000,7717800,"S"
"LCG","14:12:39",12.2,0.3,5000,7715800,"B"
"LCG","14:12:27",12.25,0.35,600,7710800,"S"
"LCG","14:12:25",12.25,0.35,600,7710200,"S"
"LCG","14:12:05",12.25,0.35,11100,7709600,"S"
"LCG","14:11:59",12.2,0.3,1000,7698500,"B"
"LCG","14:11:58",12.2,0.3,200,7697500,"B"
"LCG","14:11:46",12.2,0.3,600,7697300,"B"
"LCG","14:11:16",12.2,0.3,500,7696700,"B"
"LCG","14:11:13",12.2,0.3,500,7696200,"B"
"LCG","14:10:19",12.2,0.3,2000,7695700,"B"
"LCG","14:10:11",12.25,0.35,11500,7693700,"S"
"LCG","14:10:08",12.2,0.3,1100,7682200,"B"
"LCG","14:09:56",12.2,0.3,500,7681100,"B"
"LCG","14:09:53",12.2,0.3,4000,7680600,"B"
"LCG","14:09:18",12.2,0.3,500,7676600,"B"
"LCG","14:08:40",12.25,0.35,4700,7676100,"S"
"LCG","14:07:50",12.25,0.35,800,7671400,"S"
"LCG","14:07:40",12.2,0.3,1000,7670600,"B"
"LCG","14:07:34",12.25,0.35,100,7669600,"S"
"LCG","14:06:53",12.25,0.35,20000,7669500,"S"
"LCG","14:06:40",12.25,0.35,3000,7649500,"S"
"LCG","14:04:28",12.25,0.35,200,7646500,"S"
"LCG","14:04:20",12.25,0.35,2000,7646300,"S"
"LCG","14:03:32",12.25,0.35,9000,7644300,"S"
"LCG","14:03:17",12.2,0.3,100,7635300,"B"
"LCG","14:02:52",12.2,0.3,1000,7635200,"B"
"LCG","14:02:40",12.2,0.3,20100,7634200,"S"
"LCG","14:02:12",12.2,0.3,15900,7614100,"B"
"LCG","14:02:07",12.2,0.3,5000,7598200,"B"
"LCG","14:01:53",12.2,0.3,10000,7593200,"B"
"LCG","14:01:45",12.2,0.3,2000,7583200,"B"
"LCG","14:01:23",12.2,0.3,8000,7581200,"B"
"LCG","14:01:17",12.2,0.3,200,7573200,"B"
"LCG","14:01:16",12.2,0.3,1000,7573000,"B"
"LCG","14:00:41",12.2,0.3,1600,7572000,"B"
"LCG","14:00:33",12.2,0.3,100,7570400,"B"
"LCG","13:59:47",12.2,0.3,100,7570300,"B"
"LCG","13:59:35",12.2,0.3,300,7570200,"B"
"LCG","13:58:36",12.2,0.3,1000,7569900,"B"
"LCG","13:58:03",12.2,0.3,8000,7568900,"B"
"LCG","13:57:46",12.25,0.35,1000,7560900,"S"
"LCG","13:57:32",12.2,0.3,200,7559900,"B"
"LCG","13:57:27",12.2,0.3,1100,7559700,"B"
"LCG","13:57:21",12.2,0.3,8300,7558600,"B"
"LCG","13:57:03",12.2,0.3,1000,7550300,"B"
"LCG","13:56:49",12.2,0.3,500,7549300,"B"
"LCG","13:56:32",12.2,0.3,500,7548800,"B"
"LCG","13:56:30",12.2,0.3,100,7548300,"B"
"LCG","13:56:08",12.25,0.35,1000,7548200,"S"
"LCG","13:56:01",12.2,0.3,800,7547200,"B"
"LCG","13:55:56",12.25,0.35,1300,7546400,"S"
"LCG","13:55:54",12.2,0.3,200,7545100,"B"
"LCG","13:55:50",12.2,0.3,11000,7544900,"B"
"LCG","13:55:47",12.2,0.3,3000,7533900,"B"
"LCG","13:55:38",12.2,0.3,1000,7530900,"B"
"LCG","13:55:21",12.2,0.3,2000,7529900,"B"
"LCG","13:55:16",12.2,0.3,5000,7527900,"B"
"LCG","13:55:14",12.2,0.3,9300,7522900,"B"
"LCG","13:55:09",12.2,0.3,100,7513600,"B"
"LCG","13:54:36",12.2,0.3,100,7513500,"B"
"LCG","13:54:26",12.2,0.3,500,7513400,"B"
"LCG","13:54:20",12.2,0.3,3000,7512900,"B"
"LCG","13:54:17",12.2,0.3,300,7509900,"B"
"LCG","13:54:04",12.2,0.3,700,7509600,"B"
"LCG","13:54:03",12.2,0.3,500,7508900,"B"
"LCG","13:53:54",12.2,0.3,5000,7508400,"B"
"LCG","13:53:15",12.2,0.3,500,7503400,"B"
"LCG","13:52:51",12.2,0.3,100,7502900,"B"
"LCG","13:52:19",12.2,0.3,400,7502800,"B"
"LCG","13:52:15",12.15,0.25,100,7502400,"B"
"LCG","13:52:13",12.2,0.3,200,7502300,"S"
"LCG","13:52:05",12.2,0.3,200,7502100,"S"
"LCG","13:51:45",12.2,0.3,4600,7501900,"B"
"LCG","13:51:39",12.2,0.3,1800,7497300,"B"
"LCG","13:51:39",12.2,0.3,2000,7495500,"B"
"LCG","13:51:38",12.2,0.3,1000,7493500,"B"
"LCG","13:51:36",12.2,0.3,5000,7492500,"B"
"LCG","13:51:34",12.2,0.3,200,7487500,"B"
"LCG","13:51:26",12.2,0.3,300,7486300,"B"
"LCG","13:51:11",12.2,0.3,5000,7486000,"B"
"LCG","13:51:09",12.2,0.3,500,7481000,"B"
"LCG","13:51:07",12.2,0.3,3000,7480500,"B"
"LCG","13:51:03",12.2,0.3,1000,7477500,"B"
"LCG","13:50:58",12.2,0.3,110100,7476500,"B"
"LCG","13:50:39",12.25,0.35,100,7366400,"S"
"LCG","13:50:31",12.25,0.35,3000,7366300,"S"
"LCG","13:50:23",12.2,0.3,10000,7363300,"B"
"LCG","13:50:01",12.2,0.3,100,7353300,"B"
"LCG","13:49:40",12.2,0.3,100,7353200,"B"
"LCG","13:49:13",12.2,0.3,3000,7353100,"B"
"LCG","13:49:03",12.2,0.3,200,7350100,"B"
"LCG","13:48:57",12.2,0.3,100,7349900,"B"
"LCG","13:48:24",12.2,0.3,100,7349800,"B"
"LCG","13:48:10",12.25,0.35,2000,7349700,"S"
"LCG","13:47:29",12.2,0.3,9000,7347700,"B"
"LCG","13:47:02",12.2,0.3,2000,7338700,"B"
"LCG","13:46:13",12.25,0.35,300,7336700,"S"
"LCG","13:44:58",12.2,0.3,10800,7336400,"B"
"LCG","13:44:45",12.2,0.3,500,7325600,"B"
"LCG","13:44:07",12.2,0.3,3700,7325100,"B"
"LCG","13:43:52",12.2,0.3,300,7321400,"B"
"LCG","13:43:34",12.2,0.3,500,7321100,"B"
"LCG","13:42:58",12.2,0.3,500,7320600,"B"
"LCG","13:42:21",12.25,0.35,200,7320100,"S"
"LCG","13:42:14",12.25,0.35,500,7319900,"S"
"LCG","13:41:52",12.25,0.35,200,7319400,"S"
"LCG","13:41:30",12.25,0.35,900,7319200,"S"
"LCG","13:41:28",12.25,0.35,300,7318300,"S"
"LCG","13:39:30",12.25,0.35,200,7318000,"S"
"LCG","13:38:57",12.2,0.3,4000,7317800,"B"
"LCG","13:38:49",12.25,0.35,600,7313800,"S"
"LCG","13:38:26",12.25,0.35,2900,7313200,"S"
"LCG","13:37:39",12.25,0.35,400,7310300,"S"
"LCG","13:36:53",12.25,0.35,1000,7309900,"S"
"LCG","13:36:37",12.25,0.35,300,7308900,"S"
"LCG","13:36:21",12.25,0.35,300,7308600,"S"
"LCG","13:35:55",12.25,0.35,100,7308300,"S"
"LCG","13:35:46",12.25,0.35,300,7308200,"S"
"LCG","13:35:44",12.25,0.35,1300,7307900,"S"
"LCG","13:35:32",12.25,0.35,200,7306600,"S"
"LCG","13:35:20",12.25,0.35,10700,7306400,"S"
"LCG","13:35:16",12.25,0.35,4500,7295700,"S"
"LCG","13:35:10",12.25,0.35,100,7291200,"S"
"LCG","13:34:57",12.25,0.35,100,7291100,"S"
"LCG","13:34:49",12.25,0.35,600,7291000,"S"
"LCG","13:34:47",12.25,0.35,20000,7290400,"S"
"LCG","13:34:46",12.25,0.35,400,7270400,"S"
"LCG","13:34:38",12.25,0.35,1000,7270000,"S"
"LCG","13:34:30",12.25,0.35,200,7269000,"S"
"LCG","13:34:29",12.25,0.35,20000,7268800,"S"
"LCG","13:34:21",12.25,0.35,5000,7248800,"S"
"LCG","13:34:19",12.25,0.35,4000,7243800,"S"
"LCG","13:34:16",12.25,0.35,10000,7239800,"S"
"LCG","13:33:30",12.2,0.3,500,7229800,"B"
"LCG","13:33:05",12.2,0.3,1000,7229300,"B"
"LCG","13:32:32",12.2,0.3,1000,7228300,"B"
"LCG","13:31:49",12.2,0.3,100,7227300,"B"
"LCG","13:30:23",12.2,0.3,100,7227200,"B"
"LCG","13:30:22",12.2,0.3,300,7227100,"B"
"LCG","13:30:22",12.2,0.3,100,7226800,"B"
"LCG","13:30:09",12.25,0.35,21100,7226700,"B"
"LCG","13:30:06",12.25,0.35,2000,7205600,"B"
"LCG","13:30:03",12.25,0.35,10000,7203600,"B"
"LCG","13:29:30",12.25,0.35,3500,7193600,"B"
"LCG","13:28:49",12.3,0.4,100,7190100,"S"
"LCG","13:28:32",12.25,0.35,300,7190000,"B"
"LCG","13:28:06",12.3,0.4,500,7189700,"S"
"LCG","13:28:02",12.25,0.35,6400,7189200,"S"
"LCG","13:28:00",12.25,0.35,300,7182800,"S"
"LCG","13:27:55",12.25,0.35,1000,7182500,"S"
"LCG","13:27:51",12.25,0.35,3700,7181500,"S"
"LCG","13:27:38",12.25,0.35,200,7177800,"S"
"LCG","13:27:32",12.25,0.35,1000,7177600,"S"
"LCG","13:27:30",12.25,0.35,300,7176600,"S"
"LCG","13:27:28",12.25,0.35,4600,7176300,"B"
"LCG","13:27:27",12.25,0.35,100,7171700,"B"
"LCG","13:27:23",12.25,0.35,3300,7171600,"B"
"LCG","13:27:11",12.25,0.35,5900,7168300,"S"
"LCG","13:27:10",12.25,0.35,100,7162400,"S"
"LCG","13:27:09",12.2,0.3,45400,7162300,"B"
"LCG","13:27:09",12.2,0.3,14600,7116900,"B"
"LCG","13:26:57",12.25,0.35,10500,7102300,"S"
"LCG","13:26:55",12.25,0.35,100,7091800,"S"
"LCG","13:26:51",12.25,0.35,600,7091700,"S"
"LCG","13:26:48",12.25,0.35,1000,7091100,"S"
"LCG","13:26:44",12.25,0.35,15900,7090100,"B"
"LCG","13:26:35",12.25,0.35,300,7074200,"B"
"LCG","13:26:30",12.25,0.35,1000,7073900,"B"
"LCG","13:26:16",12.3,0.4,2000,7072900,"S"
"LCG","13:26:16",12.3,0.4,600,7070900,"S"
"LCG","13:26:16",12.25,0.35,400,7070300,"S"
"LCG","13:25:59",12.25,0.35,1000,7069900,"S"
"LCG","13:25:57",12.25,0.35,1000,7068900,"S"
"LCG","13:25:56",12.25,0.35,5000,7067900,"S"
"LCG","13:25:55",12.25,0.35,400,7062900,"S"
"LCG","13:25:53",12.25,0.35,6000,7062500,"S"
"LCG","13:25:38",12.25,0.35,7800,7056500,"S"
"LCG","13:25:37",12.25,0.35,2200,7048700,"S"
"LCG","13:25:34",12.25,0.35,500,7046500,"S"
"LCG","13:25:31",12.25,0.35,11400,7046000,"S"
"LCG","13:25:22",12.25,0.35,500,7034600,"S"
"LCG","13:25:05",12.25,0.35,100,7034100,"S"
"LCG","13:24:57",12.25,0.35,1500,7034000,"S"
"LCG","13:24:44",12.25,0.35,1500,7032500,"S"
"LCG","13:24:39",12.25,0.35,1000,7031000,"S"
"LCG","13:24:33",12.25,0.35,5000,7030000,"S"
"LCG","13:24:27",12.25,0.35,2000,7025000,"S"
"LCG","13:24:16",12.25,0.35,1000,7023000,"S"
"LCG","13:24:12",12.25,0.35,3000,7022000,"S"
"LCG","13:24:01",12.25,0.35,1000,7019000,"S"
"LCG","13:23:46",12.25,0.35,2000,7018000,"S"
"LCG","13:23:46",12.25,0.35,400,7016000,"S"
"LCG","13:23:40",12.25,0.35,5800,7015600,"S"
"LCG","13:23:34",12.25,0.35,10000,7009800,"S"
"LCG","13:23:33",12.25,0.35,1000,6999800,"S"
"LCG","13:23:06",12.25,0.35,2000,6998800,"S"
"LCG","13:22:55",12.25,0.35,100,6996800,"S"
"LCG","13:22:46",12.25,0.35,3000,6996700,"S"
"LCG","13:22:40",12.25,0.35,600,6993700,"S"
"LCG","13:22:34",12.25,0.35,22300,6993100,"S"
"LCG","13:22:18",12.25,0.35,1000,6970800,"S"
"LCG","13:20:59",12.2,0.3,100,6969800,"B"
"LCG","13:19:50",12.2,0.3,2000,6969700,"B"
"LCG","13:19:17",12.2,0.3,100,6967700,"B"
"LCG","13:19:10",12.25,0.35,1000,6967600,"S"
"LCG","13:19:00",12.25,0.35,4000,6966600,"S"
"LCG","13:18:10",12.25,0.35,500,6962600,"S"
"LCG","13:18:05",12.25,0.35,300,6962100,"S"
"LCG","13:18:04",12.25,0.35,300,6961800,"S"
"LCG","13:17:59",12.25,0.35,2800,6961500,"S"
"LCG","13:17:50",12.25,0.35,1600,6958700,"S"
"LCG","13:17:48",12.25,0.35,600,6957100,"S"
"LCG","13:17:35",12.25,0.35,5000,6956500,"S"
"LCG","13:17:12",12.25,0.35,1000,6951500,"S"
"LCG","13:17:01",12.25,0.35,1500,6950500,"S"
"LCG","13:16:53",12.25,0.35,2000,6949000,"S"
"LCG","13:16:47",12.25,0.35,1600,6947000,"S"
"LCG","13:16:46",12.25,0.35,2200,6945400,"S"
"LCG","13:16:38",12.25,0.35,1000,6943200,"S"
"LCG","13:16:37",12.25,0.35,10400,6942200,"S"
"LCG","13:16:23",12.25,0.35,1100,6931800,"S"
"LCG","13:16:18",12.25,0.35,100,6930700,"S"
"LCG","13:16:12",12.25,0.35,500,6930600,"S"
"LCG","13:16:11",12.25,0.35,300,6930100,"S"
"LCG","13:15:40",12.25,0.35,13000,6929800,"S"
"LCG","13:15:00",12.25,0.35,8000,6916800,"S"
"LCG","13:14:04",12.2,0.3,2900,6908800,"B"
"LCG","13:14:00",12.2,0.3,1400,6905900,"B"
"LCG","13:13:08",12.2,0.3,1300,6904500,"B"
"LCG","13:12:14",12.2,0.3,1000,6903200,"B"
"LCG","13:11:22",12.2,0.3,2000,6902200,"B"
"LCG","13:11:07",12.2,0.3,100,6900200,"B"
"LCG","13:10:38",12.2,0.3,10000,6900100,"B"
"LCG","13:10:35",12.25,0.35,3000,6890100,"S"
"LCG","13:10:09",12.2,0.3,300,6887100,"B"
"LCG","13:09:48",12.2,0.3,100,6886800,"B"
"LCG","13:09:46",12.2,0.3,5000,6886700,"B"
"LCG","13:09:23",12.2,0.3,5000,6881700,"B"
"LCG","13:08:42",12.2,0.3,5700,6876700,"B"
"LCG","13:07:17",12.2,0.3,1900,6871000,"B"
"LCG","13:06:52",12.2,0.3,200,6869100,"B"
"LCG","13:06:45",12.25,0.35,200,6868900,"S"
"LCG","13:06:42",12.25,0.35,17300,6868700,"S"
"LCG","13:06:27",12.25,0.35,2400,6851400,"S"
"LCG","13:05:34",12.25,0.35,200,6849000,"S"
"LCG","13:05:27",12.25,0.35,5000,6848800,"S"
"LCG","13:05:16",12.25,0.35,2500,6843800,"B"
"LCG","13:05:11",12.25,0.35,10000,6841300,"B"
"LCG","13:05:05",12.25,0.35,100,6831300,"B"
"LCG","13:05:02",12.25,0.35,600,6831200,"B"
"LCG","13:04:57",12.25,0.35,7200,6830600,"B"
"LCG","13:04:53",12.25,0.35,25000,6823400,"B"
"LCG","13:04:46",12.25,0.35,8300,6798400,"B"
"LCG","13:04:42",12.25,0.35,200,6790100,"B"
"LCG","13:04:40",12.25,0.35,10000,6789900,"B"
"LCG","13:04:39",12.25,0.35,3000,6779900,"B"
"LCG","13:04:37",12.25,0.35,4600,6776900,"B"
"LCG","13:04:32",12.25,0.35,100,6772300,"B"
"LCG","13:04:26",12.25,0.35,500,6772200,"B"
"LCG","13:04:23",12.25,0.35,6000,6771700,"B"
"LCG","13:04:20",12.25,0.35,9200,6765700,"B"
"LCG","13:04:16",12.3,0.4,2200,6756500,"S"
"LCG","13:04:08",12.3,0.4,100,6754300,"S"
"LCG","13:04:08",12.25,0.35,30000,6754200,"B"
"LCG","13:04:02",12.3,0.4,1000,6724200,"S"
"LCG","13:04:01",12.25,0.35,26000,6723200,"B"
"LCG","13:03:55",12.3,0.4,800,6697200,"S"
"LCG","13:03:38",12.3,0.4,100,6696400,"S"
"LCG","13:03:34",12.25,0.35,1000,6696300,"B"
"LCG","13:02:59",12.25,0.35,1000,6695300,"B"
"LCG","13:02:28",12.25,0.35,5000,6694300,"B"
"LCG","13:01:54",12.25,0.35,300,6689300,"B"
"LCG","13:01:11",12.25,0.35,8000,6689000,"B"
"LCG","13:00:58",12.25,0.35,400,6681000,"B"
"LCG","13:00:33",12.25,0.35,10000,6680600,"B"
"LCG","13:00:20",12.25,0.35,1900,6670600,"B"
"LCG","13:00:17",12.3,0.4,500,6668700,"S"
"LCG","13:00:17",12.3,0.4,3000,6668200,"S"
"LCG","13:00:13",12.3,0.4,2000,6665200,"S"
"LCG","13:00:12",12.3,0.4,3000,6663200,"S"
"LCG","13:00:11",12.3,0.4,8100,6660200,"S"
"LCG","13:00:11",12.25,0.35,100,6652100,"B"
"LCG","13:00:10",12.25,0.35,100,6652000,"B"
"LCG","13:00:06",12.25,0.35,25500,6651900,"B"
"LCG","13:00:05",12.3,0.4,6600,6626400,"S"
"LCG","13:00:04",12.3,0.4,5000,6619800,"S"
"LCG","13:00:02",12.3,0.4,5000,6614800,"S"
"LCG","13:00:02",12.3,0.4,500,6609800,"S"
"LCG","13:00:02",12.25,0.35,5000,6609300,"B"
"LCG","13:00:01",12.25,0.35,100,6604300,"B"
"LCG","13:00:01",12.3,0.4,5000,6604200,"S"
"LCG","13:00:01",12.25,0.35,10100,6599200,"B"
"LCG","13:00:00",12.25,0.35,18300,6589100,"B"
"LCG","13:00:00",12.3,0.4,1800,6570800,"S"
"LCG","13:00:00",12.25,0.35,8100,6569000,"B"
"LCG","13:00:00",12.3,0.4,17700,6560900,"S"
"LCG","11:29:53",12.3,0.4,1800,6543200,"S"
"LCG","11:29:53",12.3,0.4,500,6541400,"S"
"LCG","11:29:50",12.3,0.4,100,6540900,"S"
"LCG","11:29:38",12.3,0.4,100,6540800,"S"
"LCG","11:29:18",12.3,0.4,200,6540700,"S"
"LCG","11:29:15",12.25,0.35,27900,6540500,"B"
"LCG","11:29:04",12.3,0.4,1000,6512600,"S"
"LCG","11:28:19",12.3,0.4,5900,6511600,"S"
"LCG","11:28:00",12.3,0.4,2000,6505700,"S"
"LCG","11:27:45",12.25,0.35,11500,6503700,"B"
"LCG","11:26:15",12.25,0.35,100,6492200,"B"
"LCG","11:24:53",12.25,0.35,200,6492100,"B"
"LCG","11:24:47",12.3,0.4,3000,6491900,"S"
"LCG","11:23:48",12.25,0.35,400,6488900,"B"
"LCG","11:23:42",12.25,0.35,1100,6488500,"B"
"LCG","11:23:15",12.25,0.35,2000,6487400,"B"
"LCG","11:22:17",12.3,0.4,500,6485400,"S"
"LCG","11:21:58",12.25,0.35,4100,6484900,"B"
"LCG","11:21:29",12.25,0.35,500,6480800,"B"
"LCG","11:20:49",12.25,0.35,1000,6480300,"B"
"LCG","11:20:34",12.25,0.35,200,6479300,"B"
"LCG","11:20:03",12.25,0.35,500,6479100,"B"
"LCG","11:20:00",12.25,0.35,500,6478600,"B"
"LCG","11:19:25",12.25,0.35,1000,6478100,"B"
"LCG","11:19:12",12.25,0.35,2000,6477100,"B"
"LCG","11:17:43",12.25,0.35,200,6475100,"B"
"LCG","11:17:21",12.25,0.35,600,6474900,"B"
"LCG","11:17:20",12.25,0.35,3200,6474300,"B"
"LCG","11:17:19",12.25,0.35,50000,6471100,"B"
"LCG","11:17:02",12.25,0.35,10000,6421100,"B"
"LCG","11:16:44",12.25,0.35,1700,6411100,"B"
"LCG","11:16:43",12.25,0.35,300,6409400,"B"
"LCG","11:16:20",12.25,0.35,100,6409100,"B"
"LCG","11:15:53",12.25,0.35,1000,6409000,"B"
"LCG","11:14:57",12.25,0.35,300,6408000,"B"
"LCG","11:14:33",12.25,0.35,1000,6407700,"B"
"LCG","11:12:58",12.3,0.4,400,6406700,"S"
"LCG","11:12:32",12.3,0.4,800,6406300,"S"
"LCG","11:12:31",12.3,0.4,2900,6405500,"S"
"LCG","11:12:30",12.3,0.4,2100,6402600,"S"
"LCG","11:12:15",12.3,0.4,1000,6400500,"S"
"LCG","11:12:10",12.25,0.35,500,6399500,"B"
"LCG","11:12:07",12.25,0.35,300,6399000,"B"
"LCG","11:11:55",12.3,0.4,100,6398700,"S"
"LCG","11:11:47",12.25,0.35,10000,6398600,"B"
"LCG","11:11:41",12.25,0.35,500,6388600,"B"
"LCG","11:10:45",12.25,0.35,2000,6388100,"B"
"LCG","11:10:38",12.25,0.35,2700,6386100,"B"
"LCG","11:10:28",12.25,0.35,1400,6383400,"B"
"LCG","11:10:27",12.3,0.4,7500,6382000,"S"
"LCG","11:09:59",12.3,0.4,1000,6374500,"S"
"LCG","11:09:49",12.3,0.4,7500,6373500,"S"
"LCG","11:09:36",12.3,0.4,1000,6366000,"S"
"LCG","11:09:25",12.3,0.4,1000,6365000,"S"
"LCG","11:09:09",12.3,0.4,2000,6364000,"S"
"LCG","11:09:06",12.3,0.4,1000,6362000,"S"
"LCG","11:08:36",12.3,0.4,2000,6361000,"S"
"LCG","11:08:23",12.3,0.4,200,6359000,"S"
"LCG","11:07:54",12.3,0.4,100,6358800,"S"
"LCG","11:07:35",12.3,0.4,4500,6358700,"S"
"LCG","11:07:12",12.3,0.4,300,6354200,"S"
"LCG","11:06:14",12.3,0.4,11300,6353900,"S"
"LCG","11:05:12",12.3,0.4,1000,6342600,"S"
"LCG","11:04:02",12.3,0.4,500,6341600,"S"
"LCG","11:02:58",12.3,0.4,1000,6341100,"S"
"LCG","11:02:46",12.3,0.4,500,6340100,"S"
"LCG","11:02:43",12.3,0.4,1900,6339600,"B"
"LCG","11:02:25",12.3,0.4,4100,6337700,"S"
"LCG","11:02:22",12.3,0.4,600,6333600,"S"
"LCG","11:02:06",12.3,0.4,1000,6331600,"S"
"LCG","11:02:01",12.3,0.4,500,6330600,"S"
"LCG","11:01:22",12.3,0.4,8100,6330100,"S"
"LCG","11:01:02",12.3,0.4,3400,6322000,"S"
"LCG","11:00:57",12.3,0.4,10000,6318600,"S"
"LCG","11:00:42",12.3,0.4,2000,6308600,"S"
"LCG","10:59:48",12.3,0.4,14500,6306600,"B"
"LCG","10:59:44",12.3,0.4,1000,6292100,"B"
"LCG","10:59:26",12.3,0.4,12000,6291100,"B"
"LCG","10:59:22",12.3,0.4,5200,6279100,"B"
"LCG","10:59:17",12.3,0.4,100,6273900,"B"
"LCG","10:59:15",12.3,0.4,1200,6273800,"B"
"LCG","10:59:02",12.3,0.4,500,6272600,"B"
"LCG","10:58:48",12.35,0.45,100,6272100,"S"
"LCG","10:57:54",12.35,0.45,7200,6272000,"S"
"LCG","10:57:43",12.3,0.4,500,6264800,"B"
"LCG","10:57:26",12.3,0.4,700,6264300,"B"
"LCG","10:57:22",12.3,0.4,600,6263600,"B"
"LCG","10:57:09",12.3,0.4,1000,6263000,"B"
"LCG","10:56:57",12.3,0.4,4900,6262000,"S"
"LCG","10:56:55",12.3,0.4,20000,6257100,"S"
"LCG","10:56:40",12.3,0.4,3000,6237100,"S"
"LCG","10:56:36",12.3,0.4,1000,6234100,"S"
"LCG","10:56:33",12.3,0.4,5000,6233100,"S"
"LCG","10:56:19",12.3,0.4,3400,6228100,"S"
"LCG","10:56:08",12.3,0.4,1500,6224700,"S"
"LCG","10:56:03",12.3,0.4,500,6223200,"S"
"LCG","10:55:57",12.3,0.4,5200,6222700,"S"
"LCG","10:55:54",12.3,0.4,4400,6217500,"S"
"LCG","10:55:50",12.3,0.4,2000,6213100,"S"
"LCG","10:55:47",12.3,0.4,16100,6211100,"S"
"LCG","10:55:35",12.3,0.4,50000,6195000,"S"
"LCG","10:53:39",12.3,0.4,900,6145000,"S"
"LCG","10:53:30",12.3,0.4,3000,6144100,"S"
"LCG","10:53:05",12.3,0.4,400,6141100,"S"
"LCG","10:52:43",12.3,0.4,1600,6140700,"B"
"LCG","10:52:41",12.3,0.4,800,6139100,"B"
"LCG","10:52:37",12.35,0.45,2000,6138300,"S"
"LCG","10:52:31",12.3,0.4,20000,6136300,"B"
"LCG","10:52:28",12.3,0.4,200,6116300,"B"
"LCG","10:52:27",12.3,0.4,1000,6116100,"B"
"LCG","10:52:24",12.3,0.4,300,6115100,"S"
"LCG","10:52:16",12.3,0.4,400,6114800,"B"
"LCG","10:52:15",12.35,0.45,400,6114400,"S"
"LCG","10:52:14",12.3,0.4,300,6114000,"B"
"LCG","10:52:12",12.3,0.4,5000,6113700,"B"
"LCG","10:52:11",12.3,0.4,800,6108700,"B"
"LCG","10:52:10",12.3,0.4,100,6107900,"B"
"LCG","10:52:09",12.3,0.4,2000,6107800,"B"
"LCG","10:52:06",12.3,0.4,2000,6105800,"B"
"LCG","10:51:59",12.3,0.4,10000,6103800,"B"
"LCG","10:51:57",12.3,0.4,1000,6093800,"B"
"LCG","10:51:55",12.3,0.4,3000,6092800,"B"
"LCG","10:51:53",12.3,0.4,100,6089800,"B"
"LCG","10:51:52",12.3,0.4,200,6089700,"B"
"LCG","10:51:50",12.3,0.4,20000,6089500,"B"
"LCG","10:51:49",12.3,0.4,100,6069500,"B"
"LCG","10:51:48",12.3,0.4,200,6069400,"B"
"LCG","10:51:41",12.3,0.4,5100,6069200,"B"
"LCG","10:51:31",12.35,0.45,500,6064100,"S"
"LCG","10:51:24",12.3,0.4,200,6063600,"B"
"LCG","10:51:21",12.3,0.4,10100,6063400,"B"
"LCG","10:51:16",12.3,0.4,5500,6053300,"B"
"LCG","10:51:14",12.3,0.4,1000,6047800,"B"
"LCG","10:51:07",12.35,0.45,600,6046800,"S"
"LCG","10:51:02",12.3,0.4,5000,6046200,"B"
"LCG","10:50:54",12.3,0.4,1000,6041200,"B"
"LCG","10:50:52",12.3,0.4,1000,6040200,"B"
"LCG","10:50:51",12.3,0.4,500,6039200,"B"
"LCG","10:50:49",12.3,0.4,5000,6038700,"B"
"LCG","10:50:46",12.35,0.45,400,6033700,"S"
"LCG","10:50:27",12.3,0.4,5000,6033300,"B"
"LCG","10:50:22",12.3,0.4,2000,6028300,"B"
"LCG","10:50:20",12.3,0.4,1000,6026300,"B"
"LCG","10:50:00",12.3,0.4,6500,6025300,"B"
"LCG","10:49:42",12.35,0.45,3800,6018800,"S"
"LCG","10:49:40",12.35,0.45,100,6010000,"S"
"LCG","10:49:38",12.3,0.4,200,6009900,"B"
"LCG","10:49:37",12.3,0.4,300,6009700,"B"
"LCG","10:49:35",12.3,0.4,1500,6009400,"B"
"LCG","10:49:25",12.3,0.4,2000,6007900,"B"
"LCG","10:49:06",12.3,0.4,500,6005900,"B"
"LCG","10:48:48",12.3,0.4,1000,6005400,"B"
"LCG","10:48:46",12.3,0.4,300,6004400,"B"
"LCG","10:48:40",12.3,0.4,1000,6004100,"B"
"LCG","10:48:34",12.3,0.4,100,6003100,"B"
"LCG","10:48:30",12.3,0.4,200,6003000,"B"
"LCG","10:48:23",12.3,0.4,200,6002800,"B"
"LCG","10:48:10",12.3,0.4,1200,6002600,"S"
"LCG","10:48:09",12.3,0.4,4300,6001400,"S"
"LCG","10:48:03",12.3,0.4,1000,5997100,"S"
"LCG","10:48:00",12.3,0.4,1000,5996100,"S"
"LCG","10:47:57",12.3,0.4,3700,5995100,"S"
"LCG","10:47:49",12.3,0.4,30000,5991400,"S"
"LCG","10:47:48",12.3,0.4,100,5961400,"S"
"LCG","10:47:30",12.3,0.4,400,5961300,"S"
"LCG","10:47:11",12.3,0.4,1500,5960900,"S"
"LCG","10:47:01",12.3,0.4,5000,5959400,"S"
"LCG","10:46:57",12.3,0.4,18000,5954400,"S"
"LCG","10:46:50",12.25,0.35,1000,5936400,"B"
"LCG","10:46:45",12.3,0.4,300,5935400,"S"
"LCG","10:46:44",12.3,0.4,500,5935100,"S"
"LCG","10:46:36",12.25,0.35,200,5934600,"B"
"LCG","10:46:32",12.3,0.4,5000,5934400,"S"
"LCG","10:46:27",12.3,0.4,5000,5929400,"S"
"LCG","10:46:17",12.3,0.4,600,5924400,"B"
"LCG","10:46:11",12.3,0.4,100,5923800,"S"
"LCG","10:46:04",12.3,0.4,9900,5923700,"B"
"LCG","10:46:02",12.3,0.4,1100,5913800,"B"
"LCG","10:46:01",12.3,0.4,7000,5912700,"B"
"LCG","10:46:00",12.3,0.4,1000,5905700,"B"
"LCG","10:45:54",12.35,0.45,5000,5904700,"S"
"LCG","10:45:50",12.3,0.4,10000,5899700,"B"
"LCG","10:45:43",12.35,0.45,400,5889700,"S"
"LCG","10:45:39",12.35,0.45,1500,5889300,"S"
"LCG","10:45:37",12.3,0.4,2000,5887800,"B"
"LCG","10:45:33",12.3,0.4,500,5885800,"B"
"LCG","10:45:27",12.3,0.4,100,5885300,"B"
"LCG","10:45:25",12.3,0.4,9400,5885200,"S"
"LCG","10:45:24",12.3,0.4,1000,5875800,"S"
"LCG","10:45:23",12.3,0.4,100,5874800,"S"
"LCG","10:45:14",12.3,0.4,1000,5874700,"S"
"LCG","10:45:06",12.3,0.4,2000,5873700,"S"
"LCG","10:44:54",12.3,0.4,1800,5871700,"S"
"LCG","10:44:48",12.3,0.4,500,5869900,"S"
"LCG","10:44:41",12.3,0.4,5000,5869400,"S"
"LCG","10:44:37",12.3,0.4,40000,5864400,"S"
"LCG","10:44:35",12.3,0.4,1000,5824400,"S"
"LCG","10:44:31",12.3,0.4,4800,5823400,"S"
"LCG","10:44:24",12.3,0.4,600,5818600,"S"
"LCG","10:44:20",12.3,0.4,1900,5818000,"S"
"LCG","10:44:03",12.3,0.4,400,5816100,"S"
"LCG","10:44:00",12.3,0.4,50000,5815700,"S"
"LCG","10:43:40",12.3,0.4,1000,5765700,"S"
"LCG","10:43:29",12.25,0.35,5500,5764700,"B"
"LCG","10:43:22",12.3,0.4,13000,5759200,"S"
"LCG","10:42:33",12.25,0.35,5000,5746200,"B"
"LCG","10:41:57",12.3,0.4,400,5741200,"S"
"LCG","10:41:56",12.25,0.35,200,5740800,"B"
"LCG","10:41:54",12.3,0.4,100,5740600,"S"
"LCG","10:41:21",12.3,0.4,400,5740500,"S"
"LCG","10:41:17",12.3,0.4,200,5740100,"S"
"LCG","10:41:09",12.3,0.4,300,5739900,"S"
"LCG","10:41:06",12.3,0.4,400,5739600,"S"
"LCG","10:40:54",12.3,0.4,2000,5739200,"S"
"LCG","10:40:44",12.3,0.4,600,5737200,"S"
"LCG","10:40:41",12.3,0.4,2000,5736600,"S"
"LCG","10:40:35",12.3,0.4,500,5734600,"S"
"LCG","10:40:34",12.3,0.4,2900,5734100,"S"
"LCG","10:40:23",12.3,0.4,400,5731200,"S"
"LCG","10:40:03",12.3,0.4,500,5730800,"S"
"LCG","10:40:01",12.3,0.4,200,5730300,"S"
"LCG","10:39:55",12.3,0.4,1200,5730100,"S"
"LCG","10:39:52",12.3,0.4,900,5728900,"S"
"LCG","10:39:48",12.3,0.4,3000,5728000,"S"
"LCG","10:39:45",12.3,0.4,200,5725000,"S"
"LCG","10:39:42",12.3,0.4,1000,5724800,"S"
"LCG","10:39:30",12.3,0.4,2000,5723800,"S"
"LCG","10:39:28",12.3,0.4,3200,5721800,"S"
"LCG","10:39:26",12.3,0.4,100,5718600,"B"
"LCG","10:39:24",12.3,0.4,200,5718500,"B"
"LCG","10:39:22",12.3,0.4,1200,5718300,"B"
"LCG","10:39:21",12.3,0.4,2000,5717100,"B"
"LCG","10:39:20",12.3,0.4,100,5715100,"B"
"LCG","10:39:19",12.3,0.4,1000,5715000,"B"
"LCG","10:39:18",12.35,0.45,1500,5714000,"S"
"LCG","10:39:18",12.3,0.4,11600,5712500,"B"
"LCG","10:39:17",12.3,0.4,8400,5700900,"B"
"LCG","10:39:17",12.35,0.45,500,5692500,"S"
"LCG","10:39:17",12.3,0.4,1000,5692000,"B"
"LCG","10:39:16",12.3,0.4,3000,5691000,"B"
"LCG","10:39:15",12.3,0.4,100,5688000,"B"
"LCG","10:39:14",12.3,0.4,19900,5687900,"B"
"LCG","10:39:13",12.3,0.4,15000,5668000,"B"
"LCG","10:39:09",12.3,0.4,100,5653000,"B"
"LCG","10:39:09",12.35,0.45,3700,5652900,"S"
"LCG","10:39:08",12.3,0.4,3400,5649200,"B"
"LCG","10:39:04",12.3,0.4,15000,5645800,"B"
"LCG","10:39:00",12.35,0.45,100,5630800,"S"
"LCG","10:38:59",12.3,0.4,100,5630700,"B"
"LCG","10:38:58",12.35,0.45,3000,5630600,"S"
"LCG","10:38:56",12.3,0.4,800,5627600,"B"
"LCG","10:38:56",12.35,0.45,5600,5626800,"S"
"LCG","10:38:48",12.3,0.4,27700,5621200,"B"
"LCG","10:38:46",12.3,0.4,1000,5593500,"B"
"LCG","10:38:43",12.35,0.45,23300,5592500,"S"
"LCG","10:38:36",12.35,0.45,1000,5569200,"S"
"LCG","10:38:26",12.3,0.4,16700,5568200,"B"
"LCG","10:38:25",12.3,0.4,500,5551500,"B"
"LCG","10:38:24",12.35,0.45,10600,5551000,"S"
"LCG","10:38:23",12.35,0.45,20000,5540400,"S"
"LCG","10:38:21",12.35,0.45,800,5520400,"S"
"LCG","10:38:16",12.35,0.45,1500,5519600,"S"
"LCG","10:38:15",12.35,0.45,1000,5518100,"S"
"LCG","10:38:14",12.35,0.45,2000,5517100,"S"
"LCG","10:38:13",12.3,0.4,100,5515100,"B"
"LCG","10:38:12",12.35,0.45,300,5515000,"S"
"LCG","10:38:10",12.35,0.45,2000,5514700,"S"
"LCG","10:38:09",12.35,0.45,3000,5512700,"S"
"LCG","10:38:07",12.3,0.4,100,5509700,"B"
"LCG","10:38:05",12.35,0.45,1500,5509600,"S"
"LCG","10:38:04",12.35,0.45,1000,5508100,"S"
"LCG","10:38:01",12.35,0.45,6000,5507100,"S"
"LCG","10:37:59",12.35,0.45,5000,5501100,"S"
"LCG","10:37:58",12.35,0.45,3800,5496100,"S"
"LCG","10:37:57",12.35,0.45,1500,5492300,"S"
"LCG","10:37:56",12.35,0.45,6200,5490800,"S"
"LCG","10:37:55",12.35,0.45,6400,5484600,"S"
"LCG","10:37:54",12.35,0.45,100,5478200,"S"
"LCG","10:37:53",12.35,0.45,5000,5478100,"S"
"LCG","10:37:52",12.35,0.45,100,5473100,"S"
"LCG","10:37:48",12.35,0.45,31400,5473000,"S"
"LCG","10:37:47",12.35,0.45,1000,5441600,"S"
"LCG","10:37:45",12.35,0.45,6200,5440600,"S"
"LCG","10:37:43",12.35,0.45,2000,5434400,"S"
"LCG","10:37:40",12.35,0.45,1000,5432400,"S"
"LCG","10:37:39",12.35,0.45,5000,5431400,"S"
"LCG","10:37:38",12.35,0.45,10000,5426400,"S"
"LCG","10:37:37",12.35,0.45,10000,5416400,"S"
"LCG","10:37:33",12.35,0.45,800,5406400,"S"
"LCG","10:37:32",12.35,0.45,4700,5405600,"S"
"LCG","10:37:30",12.35,0.45,1000,5400900,"S"
"LCG","10:37:30",12.35,0.45,2100,5399900,"S"
"LCG","10:37:29",12.35,0.45,3000,5397800,"S"
"LCG","10:37:25",12.35,0.45,7200,5394800,"S"
"LCG","10:37:24",12.35,0.45,40000,5387600,"S"
"LCG","10:37:24",12.35,0.45,1000,5347600,"S"
"LCG","10:37:22",12.35,0.45,20000,5346600,"S"
"LCG","10:37:20",12.35,0.45,100,5326600,"S"
"LCG","10:37:19",12.35,0.45,1600,5326500,"S"
"LCG","10:37:16",12.35,0.45,16000,5324900,"S"
"LCG","10:37:13",12.35,0.45,600,5308900,"S"
"LCG","10:37:08",12.35,0.45,1000,5308300,"S"
"LCG","10:37:08",12.3,0.4,100,5307300,"B"
"LCG","10:36:58",12.35,0.45,5000,5297200,"S"
"LCG","10:36:55",12.35,0.45,1200,5292200,"S"
"LCG","10:36:53",12.35,0.45,22900,5291000,"S"
"LCG","10:36:50",12.35,0.45,4000,5268100,"S"
"LCG","10:36:48",12.35,0.45,16800,5264100,"S"
"LCG","10:36:44",12.35,0.45,10000,5247300,"S"
"LCG","10:36:42",12.35,0.45,5000,5237300,"S"
"LCG","10:36:40",12.3,0.4,200,5232300,"B"
"LCG","10:36:38",12.35,0.45,9500,5232100,"S"
"LCG","10:36:37",12.35,0.45,4000,5222600,"S"
"LCG","10:36:31",12.35,0.45,100,5218600,"S"
"LCG","10:36:28",12.35,0.45,1000,5218500,"S"
"LCG","10:36:26",12.35,0.45,300,5217500,"S"
"LCG","10:36:21",12.35,0.45,3300,5217200,"S"
"LCG","10:36:14",12.35,0.45,1000,5213900,"S"
"LCG","10:36:05",12.35,0.45,400,5212900,"S"
"LCG","10:35:58",12.35,0.45,12000,5212500,"S"
"LCG","10:35:57",12.35,0.45,1000,5200500,"S"
"LCG","10:35:56",12.3,0.4,600,5199500,"B"
"LCG","10:35:45",12.35,0.45,1000,5198900,"S"
"LCG","10:35:42",12.35,0.45,1000,5197900,"S"
"LCG","10:35:41",12.3,0.4,500,5196900,"B"
"LCG","10:35:40",12.3,0.4,10000,5196400,"B"
"LCG","10:35:39",12.3,0.4,100,5186400,"B"
"LCG","10:35:38",12.3,0.4,800,5186300,"B"
"LCG","10:35:37",12.3,0.4,10000,5185500,"B"
"LCG","10:35:34",12.3,0.4,200,5175500,"B"
"LCG","10:35:30",12.3,0.4,9900,5175300,"S"
"LCG","10:35:30",12.3,0.4,7500,5165400,"S"
"LCG","10:35:29",12.3,0.4,21000,5157900,"S"
"LCG","10:35:28",12.3,0.4,15000,5136900,"S"
"LCG","10:35:27",12.3,0.4,9000,5121900,"S"
"LCG","10:35:26",12.3,0.4,70300,5112900,"S"
"LCG","10:35:25",12.3,0.4,2000,5042600,"S"
"LCG","10:35:24",12.3,0.4,500,5040600,"S"
"LCG","10:35:23",12.3,0.4,6000,5040100,"S"
"LCG","10:35:22",12.3,0.4,100,5034100,"S"
"LCG","10:35:21",12.3,0.4,10500,5034000,"S"
"LCG","10:35:19",12.3,0.4,5000,5023500,"S"
"LCG","10:35:18",12.3,0.4,9900,5018500,"S"
"LCG","10:35:17",12.3,0.4,5000,5008600,"S"
"LCG","10:35:15",12.3,0.4,300000,5003600,"S"
"LCG","10:35:12",12.3,0.4,25000,4703600,"S"
"LCG","10:35:08",12.3,0.4,600,4678600,"S"
"LCG","10:34:59",12.25,0.35,3000,4678000,"B"
"LCG","10:34:58",12.3,0.4,1200,4675000,"S"
"LCG","10:34:51",12.3,0.4,500,4673800,"S"
"LCG","10:34:50",12.3,0.4,3500,4673300,"S"
"LCG","10:34:49",12.3,0.4,37500,4669800,"S"
"LCG","10:34:49",12.25,0.35,500,4632300,"B"
"LCG","10:34:31",12.3,0.4,20000,4631800,"S"
"LCG","10:34:31",12.25,0.35,100,4611800,"B"
"LCG","10:34:26",12.3,0.4,30000,4611700,"S"
"LCG","10:34:11",12.25,0.35,2000,4581700,"B"
"LCG","10:34:09",12.3,0.4,500,4579700,"S"
"LCG","10:34:05",12.3,0.4,300,4579200,"S"
"LCG","10:34:04",12.3,0.4,500,4578900,"S"
"LCG","10:33:57",12.3,0.4,1500,4578400,"S"
"LCG","10:33:50",12.3,0.4,10000,4576900,"S"
"LCG","10:33:43",12.3,0.4,133000,4566900,"S"
"LCG","10:33:33",12.3,0.4,2000,4433900,"S"
"LCG","10:33:07",12.3,0.4,1000,4431900,"S"
"LCG","10:33:06",12.3,0.4,20000,4430900,"S"
"LCG","10:33:04",12.3,0.4,10000,4410900,"S"
"LCG","10:33:01",12.3,0.4,500,4400900,"S"
"LCG","10:33:00",12.3,0.4,500,4400400,"S"
"LCG","10:32:58",12.3,0.4,4000,4399900,"S"
"LCG","10:32:56",12.3,0.4,100,4395900,"S"
"LCG","10:32:53",12.3,0.4,400,4395800,"S"
"LCG","10:32:47",12.3,0.4,1500,4395400,"S"
"LCG","10:32:42",12.3,0.4,5000,4393900,"S"
"LCG","10:32:36",12.3,0.4,2100,4388900,"S"
"LCG","10:32:35",12.3,0.4,20000,4386800,"S"
"LCG","10:32:32",12.3,0.4,200,4366800,"S"
"LCG","10:32:31",12.3,0.4,500,4366600,"S"
"LCG","10:32:30",12.3,0.4,20000,4366100,"S"
"LCG","10:32:25",12.3,0.4,20000,4346100,"S"
"LCG","10:32:15",12.3,0.4,10000,4326100,"S"
"LCG","10:32:10",12.25,0.35,1600,4316100,"B"
"LCG","10:32:08",12.3,0.4,100,4314500,"S"
"LCG","10:32:06",12.3,0.4,800,4314400,"S"
"LCG","10:32:03",12.3,0.4,3000,4313600,"S"
"LCG","10:32:00",12.3,0.4,20000,4310600,"S"
"LCG","10:31:58",12.3,0.4,30000,4290600,"S"
"LCG","10:31:50",12.3,0.4,1900,4260600,"S"
"LCG","10:31:32",12.25,0.35,1000,4258700,"B"
"LCG","10:31:09",12.25,0.35,1000,4257700,"B"
"LCG","10:31:03",12.25,0.35,6800,4256700,"S"
"LCG","10:31:01",12.25,0.35,100,4249900,"S"
"LCG","10:31:00",12.25,0.35,5000,4249800,"S"
"LCG","10:31:00",12.25,0.35,5000,4244800,"S"
"LCG","10:30:58",12.25,0.35,5800,4239800,"S"
"LCG","10:30:56",12.25,0.35,33000,4234000,"S"
"LCG","10:30:55",12.25,0.35,10000,4201000,"S"
"LCG","10:30:53",12.25,0.35,11000,4191000,"S"
"LCG","10:30:52",12.25,0.35,18000,4180000,"S"
"LCG","10:30:50",12.25,0.35,600,4162000,"S"
"LCG","10:30:49",12.25,0.35,5000,4161400,"S"
"LCG","10:30:48",12.25,0.35,20000,4156400,"S"
"LCG","10:30:47",12.25,0.35,6000,4136400,"S"
"LCG","10:30:46",12.25,0.35,100,4130400,"S"
"LCG","10:30:45",12.25,0.35,11000,4130300,"S"
"LCG","10:30:42",12.25,0.35,1000,4119300,"S"
"LCG","10:30:42",12.25,0.35,3200,4118300,"S"
"LCG","10:30:38",12.25,0.35,35700,4115100,"S"
"LCG","10:30:37",12.25,0.35,4000,4079400,"S"
"LCG","10:30:35",12.25,0.35,600,4075400,"S"
"LCG","10:30:34",12.25,0.35,1000,4074800,"S"
"LCG","10:30:32",12.25,0.35,5000,4073800,"S"
"LCG","10:30:28",12.25,0.35,500,4068800,"S"
"LCG","10:30:24",12.25,0.35,200,4068300,"S"
"LCG","10:30:22",12.25,0.35,10000,4068100,"S"
"LCG","10:30:18",12.25,0.35,7000,4058100,"S"
"LCG","10:30:15",12.25,0.35,20000,4051100,"S"
"LCG","10:29:31",12.25,0.35,1400,4031100,"S"
"LCG","10:29:31",12.25,0.35,5000,4029700,"S"
"LCG","10:29:12",12.2,0.3,200,4024700,"B"
"LCG","10:29:07",12.2,0.3,1000,4024500,"S"
"LCG","10:29:04",12.25,0.35,10500,4023500,"S"
"LCG","10:29:03",12.25,0.35,29000,4013000,"S"
"LCG","10:29:03",12.2,0.3,500,3984000,"S"
"LCG","10:29:01",12.2,0.3,1000,3983500,"S"
"LCG","10:29:00",12.2,0.3,200,3982500,"S"
"LCG","10:28:57",12.2,0.3,3300,3982300,"S"
"LCG","10:28:28",12.2,0.3,2000,3979000,"S"
"LCG","10:28:02",12.2,0.3,500,3977000,"S"
"LCG","10:28:01",12.2,0.3,10000,3976500,"S"
"LCG","10:27:51",12.2,0.3,10000,3966500,"S"
"LCG","10:27:50",12.2,0.3,3000,3956500,"B"
"LCG","10:27:49",12.2,0.3,5900,3953500,"B"
"LCG","10:27:43",12.2,0.3,4100,3947600,"S"
"LCG","10:27:41",12.2,0.3,2000,3943500,"S"
"LCG","10:27:36",12.2,0.3,10000,3941500,"S"
"LCG","10:27:36",12.2,0.3,1000,3931500,"S"
"LCG","10:27:32",12.2,0.3,1000,3930500,"S"
"LCG","10:27:30",12.2,0.3,2000,3929500,"S"
"LCG","10:27:24",12.2,0.3,100,3927500,"S"
"LCG","10:27:20",12.2,0.3,8800,3927400,"S"
"LCG","10:27:18",12.2,0.3,2000,3918600,"S"
"LCG","10:27:09",12.2,0.3,8000,3916600,"S"
"LCG","10:26:33",12.2,0.3,4700,3908600,"S"
"LCG","10:26:31",12.2,0.3,4000,3903900,"S"
"LCG","10:26:21",12.2,0.3,21500,3899900,"B"
"LCG","10:26:18",12.25,0.35,100,3878400,"S"
"LCG","10:26:17",12.2,0.3,1000,3878300,"B"
"LCG","10:26:16",12.2,0.3,100,3877300,"B"
"LCG","10:26:01",12.2,0.3,11600,3877200,"B"
"LCG","10:25:59",12.2,0.3,1000,3865600,"B"
"LCG","10:25:49",12.2,0.3,50000,3864600,"B"
"LCG","10:25:33",12.25,0.35,1000,3814600,"S"
"LCG","10:25:04",12.25,0.35,2000,3813600,"S"
"LCG","10:24:56",12.25,0.35,30000,3811600,"S"
"LCG","10:24:43",12.25,0.35,7800,3781600,"S"
"LCG","10:24:22",12.25,0.35,30000,3773800,"S"
"LCG","10:24:20",12.25,0.35,1000,3742800,"S"
"LCG","10:24:07",12.25,0.35,300,3741800,"S"
"LCG","10:24:05",12.25,0.35,100,3741500,"S"
"LCG","10:24:04",12.25,0.35,1600,3741400,"B"
"LCG","10:24:01",12.25,0.35,10000,3739800,"B"
"LCG","10:23:59",12.25,0.35,20000,3729800,"B"
"LCG","10:23:58",12.25,0.35,5500,3709800,"B"
"LCG","10:23:57",12.25,0.35,15000,3704300,"B"
"LCG","10:23:57",12.25,0.35,2500,3689300,"B"
"LCG","10:23:55",12.25,0.35,1000,3686800,"B"
"LCG","10:23:53",12.25,0.35,200,3685800,"B"
"LCG","10:23:47",12.25,0.35,15000,3685600,"B"
"LCG","10:23:46",12.25,0.35,40000,3670600,"B"
"LCG","10:23:38",12.25,0.35,20000,3630600,"B"
"LCG","10:23:37",12.3,0.4,1000,3610600,"S"
"LCG","10:23:34",12.25,0.35,100,3609600,"B"
"LCG","10:23:31",12.25,0.35,200,3609500,"B"
"LCG","10:23:30",12.25,0.35,500,3609300,"B"
"LCG","10:23:27",12.3,0.4,8900,3608800,"S"
"LCG","10:23:27",12.3,0.4,1100,3599900,"S"
"LCG","10:23:21",12.25,0.35,15000,3598800,"B"
"LCG","10:23:18",12.25,0.35,4000,3583800,"B"
"LCG","10:23:17",12.25,0.35,100,3579800,"B"
"LCG","10:23:11",12.25,0.35,20000,3579700,"B"
"LCG","10:23:10",12.25,0.35,2500,3559700,"B"
"LCG","10:23:08",12.25,0.35,700,3557200,"B"
"LCG","10:22:59",12.25,0.35,17500,3556500,"S"
"LCG","10:22:58",12.25,0.35,62000,3539000,"S"
"LCG","10:22:57",12.25,0.35,5000,3477000,"S"
"LCG","10:22:55",12.25,0.35,14000,3472000,"S"
"LCG","10:22:54",12.25,0.35,100000,3458000,"S"
"LCG","10:22:53",12.2,0.3,200,3358000,"B"
"LCG","10:22:53",12.25,0.35,1600,3357800,"S"
"LCG","10:22:52",12.25,0.35,2500,3327800,"S"
"LCG","10:22:48",12.25,0.35,5000,3325300,"S"
"LCG","10:22:46",12.25,0.35,8000,3320300,"S"
"LCG","10:22:44",12.25,0.35,200,3312300,"S"
"LCG","10:22:41",12.25,0.35,50000,3297100,"S"
"LCG","10:22:38",12.25,0.35,3000,3247100,"S"
"LCG","10:22:37",12.2,0.3,500,3244100,"B"
"LCG","10:22:36",12.25,0.35,100,3243600,"S"
"LCG","10:22:31",12.25,0.35,200,3243500,"S"
"LCG","10:22:26",12.25,0.35,3000,3243300,"S"
"LCG","10:22:21",12.25,0.35,7000,3240300,"S"
"LCG","10:22:19",12.25,0.35,1000,3233300,"S"
"LCG","10:22:18",12.25,0.35,2000,3232300,"S"
"LCG","10:22:17",12.25,0.35,6400,3230300,"S"
"LCG","10:22:14",12.25,0.35,6000,3223900,"S"
"LCG","10:22:11",12.2,0.3,100,3217900,"B"
"LCG","10:22:11",12.25,0.35,100,3217800,"S"
"LCG","10:22:08",12.25,0.35,53600,3217700,"S"
"LCG","10:22:05",12.25,0.35,100000,3164100,"S"
"LCG","10:21:59",12.2,0.3,500,3064100,"B"
"LCG","10:21:52",12.2,0.3,500,3063600,"B"
"LCG","10:21:51",12.25,0.35,200,3063100,"S"
"LCG","10:21:40",12.2,0.3,100,3062900,"B"
"LCG","10:21:34",12.2,0.3,100,3062800,"B"
"LCG","10:21:25",12.25,0.35,200,3062700,"S"
"LCG","10:21:22",12.2,0.3,400,3062500,"B"
"LCG","10:21:07",12.2,0.3,1000,3062100,"B"
"LCG","10:21:05",12.2,0.3,200,3061100,"B"
"LCG","10:21:01",12.2,0.3,1000,3060900,"B"
"LCG","10:20:58",12.2,0.3,5000,3059900,"B"
"LCG","10:20:55",12.2,0.3,600,3054900,"B"
"LCG","10:20:48",12.2,0.3,1000,3054300,"B"
"LCG","10:20:38",12.2,0.3,131900,3053300,"S"
"LCG","10:20:30",12.2,0.3,10000,2921400,"S"
"LCG","10:20:25",12.2,0.3,3500,2911400,"S"
"LCG","10:20:20",12.2,0.3,5200,2907900,"S"
"LCG","10:20:13",12.2,0.3,300,2902700,"S"
"LCG","10:20:04",12.2,0.3,10000,2902400,"S"
"LCG","10:19:58",12.2,0.3,100,2892400,"S"
"LCG","10:19:57",12.2,0.3,1000,2892300,"S"
"LCG","10:19:54",12.2,0.3,5000,2891300,"S"
"LCG","10:19:52",12.2,0.3,8000,2886300,"S"
"LCG","10:19:45",12.2,0.3,500,2878300,"S"
"LCG","10:19:43",12.2,0.3,21500,2877800,"S"
"LCG","10:19:43",12.15,0.25,100,2856300,"B"
"LCG","10:19:41",12.2,0.3,500,2856200,"S"
"LCG","10:19:39",12.2,0.3,6000,2855700,"S"
"LCG","10:19:37",12.2,0.3,5000,2849700,"S"
"LCG","10:19:27",12.2,0.3,500,2844700,"S"
"LCG","10:19:17",12.2,0.3,200,2844200,"S"
"LCG","10:19:15",12.2,0.3,100,2844000,"S"
"LCG","10:18:49",12.2,0.3,800,2843900,"S"
"LCG","10:18:23",12.2,0.3,1000,2843100,"S"
"LCG","10:18:21",12.2,0.3,5000,2842100,"S"
"LCG","10:18:15",12.2,0.3,10000,2837100,"S"
"LCG","10:17:55",12.2,0.3,10000,2827100,"S"
"LCG","10:17:48",12.2,0.3,6300,2817100,"S"
"LCG","10:17:37",12.15,0.25,700,2810800,"B"
"LCG","10:17:29",12.2,0.3,6000,2810100,"S"
"LCG","10:17:22",12.2,0.3,100,2804100,"S"
"LCG","10:17:10",12.2,0.3,100,2804000,"S"
"LCG","10:17:09",12.2,0.3,1000,2803900,"S"
"LCG","10:16:59",12.2,0.3,100,2802900,"S"
"LCG","10:16:41",12.2,0.3,800,2802800,"S"
"LCG","10:16:24",12.15,0.25,4000,2802000,"B"
"LCG","10:16:21",12.2,0.3,1900,2798000,"S"
"LCG","10:16:19",12.2,0.3,1000,2796100,"S"
"LCG","10:16:14",12.2,0.3,800,2795100,"S"
"LCG","10:16:12",12.2,0.3,1100,2794300,"S"
"LCG","10:16:09",12.2,0.3,10000,2793200,"S"
"LCG","10:16:09",12.2,0.3,2000,2783200,"B"
"LCG","10:16:07",12.2,0.3,20000,2781200,"B"
"LCG","10:16:02",12.2,0.3,2000,2761200,"B"
"LCG","10:15:58",12.2,0.3,100,2759200,"B"
"LCG","10:15:47",12.2,0.3,25700,2759100,"B"
"LCG","10:15:45",12.2,0.3,15000,2733400,"B"
"LCG","10:15:42",12.2,0.3,1000,2718400,"B"
"LCG","10:15:41",12.25,0.35,1000,2717400,"S"
"LCG","10:15:40",12.2,0.3,3000,2716400,"B"
"LCG","10:15:37",12.2,0.3,10000,2713400,"B"
"LCG","10:15:36",12.25,0.35,28000,2703400,"S"
"LCG","10:15:32",12.25,0.35,300,2675400,"S"
"LCG","10:15:30",12.2,0.3,100,2675100,"B"
"LCG","10:15:29",12.2,0.3,500,2675000,"B"
"LCG","10:15:25",12.2,0.3,35100,2674500,"B"
"LCG","10:15:18",12.2,0.3,8400,2639400,"B"
"LCG","10:15:15",12.2,0.3,100,2631000,"B"
"LCG","10:15:13",12.2,0.3,5000,2630900,"B"
"LCG","10:15:05",12.2,0.3,10000,2625900,"B"
"LCG","10:14:58",12.25,0.35,900,2615900,"S"
"LCG","10:14:54",12.25,0.35,8500,2615000,"S"
"LCG","10:14:06",12.25,0.35,2600,2606500,"S"
"LCG","10:14:05",12.2,0.3,1000,2603900,"B"
"LCG","10:14:04",12.25,0.35,5000,2602900,"S"
"LCG","10:13:48",12.2,0.3,500,2597900,"B"
"LCG","10:13:41",12.2,0.3,300,2597400,"B"
"LCG","10:13:28",12.2,0.3,500,2597100,"B"
"LCG","10:13:26",12.2,0.3,500,2596600,"B"
"LCG","10:13:20",12.2,0.3,5000,2596100,"B"
"LCG","10:13:18",12.2,0.3,100,2591100,"B"
"LCG","10:13:13",12.2,0.3,500,2591000,"B"
"LCG","10:13:08",12.2,0.3,500,2590500,"B"
"LCG","10:13:06",12.2,0.3,1000,2590000,"B"
"LCG","10:13:00",12.2,0.3,1800,2589000,"B"
"LCG","10:12:58",12.2,0.3,1000,2587200,"B"
"LCG","10:12:56",12.2,0.3,1000,2586200,"B"
"LCG","10:12:55",12.2,0.3,10000,2585200,"B"
"LCG","10:12:53",12.2,0.3,2000,2575200,"B"
"LCG","10:12:51",12.25,0.35,100,2573200,"S"
"LCG","10:12:48",12.2,0.3,200,2573100,"B"
"LCG","10:12:47",12.2,0.3,600,2572900,"B"
"LCG","10:12:46",12.2,0.3,7000,2572300,"B"
"LCG","10:12:44",12.2,0.3,1000,2565300,"B"
"LCG","10:12:39",12.2,0.3,9000,2564300,"B"
"LCG","10:12:33",12.2,0.3,100,2555300,"B"
"LCG","10:12:31",12.2,0.3,500,2555200,"B"
"LCG","10:12:15",12.2,0.3,5900,2554700,"B"
"LCG","10:12:05",12.2,0.3,500,2548800,"B"
"LCG","10:12:04",12.2,0.3,1000,2548300,"B"
"LCG","10:12:01",12.2,0.3,500,2547300,"B"
"LCG","10:11:58",12.2,0.3,1000,2546800,"B"
"LCG","10:11:57",12.2,0.3,23600,2545800,"S"
"LCG","10:11:54",12.2,0.3,5000,2522200,"S"
"LCG","10:11:51",12.2,0.3,10000,2517200,"S"
"LCG","10:11:50",12.2,0.3,2000,2507200,"S"
"LCG","10:11:49",12.2,0.3,3600,2505200,"S"
"LCG","10:11:48",12.2,0.3,1000,2501600,"S"
"LCG","10:11:47",12.2,0.3,100,2500600,"S"
"LCG","10:11:42",12.2,0.3,10000,2500500,"S"
"LCG","10:11:37",12.2,0.3,3500,2490500,"S"
"LCG","10:11:35",12.2,0.3,1000,2487000,"S"
"LCG","10:11:32",12.2,0.3,24000,2486000,"S"
"LCG","10:11:30",12.2,0.3,1300,2462000,"S"
"LCG","10:11:18",12.2,0.3,100,2460700,"S"
"LCG","10:11:17",12.2,0.3,100,2460600,"S"
"LCG","10:11:15",12.2,0.3,46300,2460500,"B"
"LCG","10:11:13",12.2,0.3,400,2414200,"B"
"LCG","10:11:01",12.2,0.3,1200,2413800,"S"
"LCG","10:11:00",12.2,0.3,5000,2412600,"S"
"LCG","10:10:58",12.2,0.3,11000,2407600,"S"
"LCG","10:10:54",12.2,0.3,5000,2396600,"S"
"LCG","10:10:53",12.2,0.3,1500,2391600,"S"
"LCG","10:10:52",12.2,0.3,50000,2390100,"S"
"LCG","10:10:46",12.2,0.3,100,2340100,"S"
"LCG","10:10:45",12.2,0.3,100000,2340000,"S"
"LCG","10:10:43",12.2,0.3,500,2240000,"S"
"LCG","10:10:28",12.2,0.3,2900,2239500,"S"
"LCG","10:10:26",12.2,0.3,100,2236600,"S"
"LCG","10:09:59",12.15,0.25,300,2236500,"B"
"LCG","10:09:45",12.15,0.25,900,2236200,"B"
"LCG","10:09:41",12.2,0.3,5000,2235300,"S"
"LCG","10:09:30",12.15,0.25,6100,2230300,"S"
"LCG","10:09:28",12.15,0.25,3000,2224200,"S"
"LCG","10:09:10",12.2,0.3,700,2221200,"S"
"LCG","10:09:10",12.15,0.25,3300,2220500,"S"
"LCG","10:09:08",12.15,0.25,5000,2217200,"S"
"LCG","10:09:06",12.15,0.25,1000,2212200,"S"
"LCG","10:09:05",12.15,0.25,7900,2211200,"S"
"LCG","10:08:56",12.15,0.25,5000,2203300,"S"
"LCG","10:08:53",12.15,0.25,500,2198300,"S"
"LCG","10:08:52",12.15,0.25,87400,2197800,"B"
"LCG","10:08:26",12.15,0.25,3000,2110400,"B"
"LCG","10:08:07",12.15,0.25,1000,2107400,"B"
"LCG","10:07:54",12.15,0.25,500,2105300,"B"
"LCG","10:07:45",12.2,0.3,2500,2104800,"S"
"LCG","10:07:24",12.2,0.3,5000,2102300,"S"
"LCG","10:07:22",12.15,0.25,1000,2097300,"B"
"LCG","10:07:21",12.2,0.3,4100,2096300,"S"
"LCG","10:06:56",12.2,0.3,400,2092200,"S"
"LCG","10:06:55",12.15,0.25,3000,2091800,"B"
"LCG","10:06:54",12.2,0.3,500,2088800,"S"
"LCG","10:06:49",12.2,0.3,1000,2088300,"S"
"LCG","10:06:34",12.2,0.3,5000,2087300,"S"
"LCG","10:06:34",12.2,0.3,1300,2082300,"S"
"LCG","10:06:33",12.2,0.3,300,2081000,"S"
"LCG","10:06:31",12.2,0.3,25000,2080700,"B"
"LCG","10:06:30",12.2,0.3,100,2055700,"B"
"LCG","10:06:28",12.2,0.3,1000,2055600,"B"
"LCG","10:06:24",12.2,0.3,9000,2054600,"B"
"LCG","10:06:23",12.25,0.35,1100,2045600,"S"
"LCG","10:06:18",12.25,0.35,5000,2044500,"S"
"LCG","10:06:17",12.25,0.35,300,2039500,"S"
"LCG","10:06:14",12.25,0.35,6000,2039200,"B"
"LCG","10:06:13",12.25,0.35,2000,2033200,"B"
"LCG","10:06:11",12.25,0.35,20000,2031200,"B"
"LCG","10:06:10",12.25,0.35,500,2011200,"B"
"LCG","10:06:09",12.25,0.35,40000,2010700,"B"
"LCG","10:06:07",12.25,0.35,2000,1970700,"B"
"LCG","10:06:06",12.25,0.35,1600,1968700,"B"
"LCG","10:06:04",12.25,0.35,1000,1967100,"B"
"LCG","10:06:00",12.25,0.35,300,1966100,"B"
"LCG","10:05:58",12.25,0.35,28100,1965800,"S"
"LCG","10:05:57",12.25,0.35,600,1937700,"S"
"LCG","10:05:56",12.25,0.35,20000,1937100,"S"
"LCG","10:05:55",12.25,0.35,15400,1917100,"S"
"LCG","10:05:54",12.25,0.35,1100,1901700,"S"
"LCG","10:05:53",12.25,0.35,27400,1900600,"S"
"LCG","10:05:52",12.25,0.35,3000,1873200,"S"
"LCG","10:05:50",12.25,0.35,500,1870200,"S"
"LCG","10:05:49",12.25,0.35,2400,1869700,"S"
"LCG","10:05:48",12.25,0.35,5000,1867300,"S"
"LCG","10:05:47",12.25,0.35,20000,1862300,"S"
"LCG","10:05:45",12.25,0.35,2000,1842300,"S"
"LCG","10:05:44",12.25,0.35,2000,1840300,"S"
"LCG","10:05:43",12.25,0.35,10000,1838300,"S"
"LCG","10:05:42",12.25,0.35,66600,1828300,"S"
"LCG","10:05:40",12.25,0.35,10000,1761700,"S"
"LCG","10:05:40",12.25,0.35,300,1751700,"S"
"LCG","10:05:34",12.25,0.35,20000,1751400,"S"
"LCG","10:05:34",12.25,0.35,1300,1731400,"S"
"LCG","10:05:19",12.25,0.35,4400,1730100,"S"
"LCG","10:05:12",12.25,0.35,100,1725700,"S"
"LCG","10:05:08",12.25,0.35,2000,1725600,"S"
"LCG","10:05:05",12.25,0.35,4800,1723600,"S"
"LCG","10:05:02",12.25,0.35,300,1718800,"S"
"LCG","10:04:59",12.25,0.35,25000,1718500,"S"
"LCG","10:04:53",12.25,0.35,5500,1693500,"S"
"LCG","10:04:49",12.25,0.35,200,1688000,"S"
"LCG","10:04:39",12.25,0.35,1200,1687800,"S"
"LCG","10:04:33",12.25,0.35,700,1686600,"S"
"LCG","10:04:31",12.25,0.35,300,1685900,"S"
"LCG","10:04:25",12.25,0.35,2200,1685600,"S"
"LCG","10:04:24",12.25,0.35,800,1683400,"S"
"LCG","10:04:24",12.2,0.3,100,1682600,"B"
"LCG","10:04:19",12.25,0.35,200,1682500,"S"
"LCG","10:04:18",12.2,0.3,100,1682300,"B"
"LCG","10:04:13",12.25,0.35,200,1682200,"S"
"LCG","10:04:11",12.2,0.3,40700,1682000,"S"
"LCG","10:04:09",12.2,0.3,60000,1641300,"S"
"LCG","10:04:07",12.2,0.3,15100,1581300,"S"
"LCG","10:04:04",12.2,0.3,5000,1566200,"S"
"LCG","10:04:03",12.2,0.3,2700,1561200,"S"
"LCG","10:04:02",12.2,0.3,5000,1558500,"S"
"LCG","10:04:00",12.2,0.3,50000,1553500,"S"
"LCG","10:03:58",12.2,0.3,167000,1503500,"S"
"LCG","10:03:56",12.2,0.3,15100,1336500,"S"
"LCG","10:03:53",12.2,0.3,4600,1321400,"S"
"LCG","10:03:43",12.2,0.3,200,1316800,"S"
"LCG","10:03:40",12.15,0.25,400,1316600,"B"
"LCG","10:03:33",12.2,0.3,5500,1316200,"S"
"LCG","10:03:17",12.2,0.3,600,1310700,"S"
"LCG","10:03:13",12.2,0.3,5700,1310100,"S"
"LCG","10:03:10",12.15,0.25,100,1304400,"B"
"LCG","10:03:07",12.15,0.25,200,1304300,"B"
"LCG","10:03:02",12.2,0.3,5000,1304100,"S"
"LCG","10:03:00",12.2,0.3,2800,1299100,"S"
"LCG","10:02:53",12.2,0.3,10000,1296300,"S"
"LCG","10:02:46",12.2,0.3,4000,1286300,"S"
"LCG","10:02:44",12.2,0.3,7100,1282300,"S"
"LCG","10:02:37",12.2,0.3,200,1275200,"S"
"LCG","10:02:35",12.2,0.3,500,1275000,"S"
"LCG","10:01:53",12.2,0.3,200,1274500,"S"
"LCG","10:01:49",12.15,0.25,1000,1274300,"B"
"LCG","10:01:48",12.15,0.25,2000,1273300,"B"
"LCG","10:01:47",12.15,0.25,9900,1271300,"S"
"LCG","10:01:46",12.15,0.25,14100,1261400,"S"
"LCG","10:01:44",12.15,0.25,500,1247300,"S"
"LCG","10:01:43",12.15,0.25,700,1246800,"S"
"LCG","10:01:41",12.15,0.25,7000,1246100,"S"
"LCG","10:01:40",12.15,0.25,200,1239100,"S"
"LCG","10:01:40",12.15,0.25,500,1238900,"S"
"LCG","10:01:37",12.15,0.25,1000,1238400,"S"
"LCG","10:01:33",12.15,0.25,1500,1237400,"S"
"LCG","10:01:32",12.15,0.25,10000,1235900,"S"
"LCG","10:01:29",12.15,0.25,16100,1225900,"B"
"LCG","10:01:24",12.15,0.25,1000,1209800,"B"
"LCG","10:01:19",12.15,0.25,22000,1208800,"B"
"LCG","10:01:19",12.15,0.25,500,1186800,"B"
"LCG","10:01:11",12.15,0.25,1000,1186300,"B"
"LCG","10:01:07",12.2,0.3,200,1185300,"S"
"LCG","10:01:04",12.15,0.25,25000,1185100,"B"
"LCG","10:01:02",12.2,0.3,300,1160100,"S"
"LCG","10:01:00",12.2,0.3,1000,1149800,"S"
"LCG","10:01:00",12.15,0.25,5000,1148800,"B"
"LCG","10:00:58",12.15,0.25,100,1143800,"B"
"LCG","10:00:57",12.15,0.25,6500,1143700,"B"
"LCG","10:00:51",12.2,0.3,200,1137200,"S"
"LCG","10:00:49",12.15,0.25,1000,1137000,"B"
"LCG","10:00:49",12.2,0.3,200,1136000,"S"
"LCG","10:00:33",12.15,0.25,7000,1135800,"B"
"LCG","10:00:30",12.15,0.25,5000,1128800,"B"
"LCG","10:00:29",12.15,0.25,101000,1123800,"S"
"LCG","10:00:29",12.1,0.2,18400,1022800,"S"
"LCG","10:00:27",12.1,0.2,32000,1004400,"B"
"LCG","10:00:11",12.1,0.2,400,972400,"B"
"LCG","10:00:05",12.15,0.25,1500,972000,"S"
"LCG","09:59:53",12.1,0.2,300,970500,"B"
"LCG","09:59:51",12.15,0.25,700,970200,"S"
"LCG","09:59:49",12.15,0.25,5000,969500,"S"
"LCG","09:59:48",12.15,0.25,2000,964500,"S"
"LCG","09:59:37",12.15,0.25,18800,962500,"B"
"LCG","09:59:36",12.15,0.25,300,943700,"B"
"LCG","09:59:33",12.15,0.25,2000,943400,"B"
"LCG","09:59:30",12.15,0.25,9900,941400,"B"
"LCG","09:59:28",12.15,0.25,100,931500,"B"
"LCG","09:59:27",12.15,0.25,200,931400,"B"
"LCG","09:59:17",12.15,0.25,200,931200,"B"
"LCG","09:59:17",12.15,0.25,300,931000,"B"
"LCG","09:59:11",12.15,0.25,2000,930700,"B"
"LCG","09:59:02",12.15,0.25,1500,928700,"B"
"LCG","09:59:01",12.15,0.25,5500,927200,"B"
"LCG","09:59:00",12.15,0.25,3000,921700,"B"
"LCG","09:58:55",12.15,0.25,4500,918700,"B"
"LCG","09:58:53",12.15,0.25,1100,914200,"B"
"LCG","09:58:52",12.15,0.25,2100,913100,"S"
"LCG","09:58:50",12.15,0.25,500,911000,"S"
"LCG","09:58:49",12.15,0.25,500,910500,"S"
"LCG","09:58:42",12.15,0.25,7000,910000,"B"
"LCG","09:58:41",12.2,0.3,2000,903000,"S"
"LCG","09:58:37",12.15,0.25,1200,901000,"B"
"LCG","09:58:33",12.15,0.25,1000,899800,"B"
"LCG","09:58:30",12.15,0.25,500,898800,"B"
"LCG","09:58:29",12.15,0.25,4800,898300,"S"
"LCG","09:58:28",12.15,0.25,4000,893500,"S"
"LCG","09:58:27",12.1,0.2,1000,889500,"B"
"LCG","09:58:27",12.15,0.25,2000,888500,"S"
"LCG","09:58:17",12.15,0.25,3000,886500,"S"
"LCG","09:58:16",12.15,0.25,1000,883500,"S"
"LCG","09:58:14",12.15,0.25,600,882500,"S"
"LCG","09:58:13",12.15,0.25,3000,881900,"S"
"LCG","09:58:07",12.15,0.25,5000,878900,"S"
"LCG","09:58:02",12.2,0.3,3900,873900,"S"
"LCG","09:58:02",12.15,0.25,1100,870000,"S"
"LCG","09:58:00",12.15,0.25,48900,868900,"B"
"LCG","09:57:56",12.2,0.3,10000,820000,"S"
"LCG","09:57:55",12.15,0.25,2100,810000,"B"
"LCG","09:57:52",12.15,0.25,10000,807900,"S"
"LCG","09:57:52",12.15,0.25,800,797900,"S"
"LCG","09:57:51",12.15,0.25,600,797100,"S"
"LCG","09:57:50",12.15,0.25,18100,796500,"S"
"LCG","09:57:49",12.15,0.25,36700,778400,"S"
"LCG","09:57:49",12.15,0.25,23500,741700,"S"
"LCG","09:57:48",12.15,0.25,2400,718200,"S"
"LCG","09:57:47",12.15,0.25,21500,715800,"S"
"LCG","09:57:45",12.15,0.25,5700,694300,"S"
"LCG","09:57:40",12.15,0.25,5000,688600,"S"
"LCG","09:57:32",12.15,0.25,2000,683600,"S"
"LCG","09:57:30",12.15,0.25,500,681600,"S"
"LCG","09:57:30",12.15,0.25,30000,681100,"S"
"LCG","09:57:26",12.1,0.2,4000,651100,"B"
"LCG","09:57:25",12.1,0.2,500,647100,"B"
"LCG","09:57:22",12.1,0.2,200,646600,"B"
"LCG","09:57:20",12.15,0.25,1000,646400,"S"
"LCG","09:57:17",12.15,0.25,600,645400,"S"
"LCG","09:57:16",12.15,0.25,4600,644800,"S"
"LCG","09:57:09",12.1,0.2,100,640200,"B"
"LCG","09:57:03",12.1,0.2,600,640100,"S"
"LCG","09:56:54",12.1,0.2,119000,639500,"S"
"LCG","09:56:43",12.05,0.15,6900,520500,"S"
"LCG","09:56:43",12.05,0.15,47600,513600,"S"
"LCG","09:56:42",12.05,0.15,16200,466000,"S"
"LCG","09:56:41",12.05,0.15,500,449800,"S"
"LCG","09:56:38",12.05,0.15,31300,449300,"S"
"LCG","09:56:37",12.05,0.15,18700,418000,"S"
"LCG","09:56:35",12.05,0.15,13000,399300,"S"
"LCG","09:56:26",12.05,0.15,2700,386300,"S"
"LCG","09:56:03",12,0.1,200,383600,"B"
"LCG","09:56:03",12,0.1,9800,383400,"B"
"LCG","09:55:40",12,0.1,900,373600,"B"
"LCG","09:55:29",12,0.1,3400,372700,"S"
"LCG","09:55:25",12,0.1,45000,369300,"S"
"LCG","09:55:11",11.95,0.05,2100,324300,"B"
"LCG","09:55:01",12,0.1,10000,322200,"S"
"LCG","09:54:49",12,0.1,1000,312200,"S"
"LCG","09:53:12",12,0.1,100,311200,"S"
"LCG","09:52:50",12,0.1,3000,311100,"S"
"LCG","09:52:19",12,0.1,14600,308100,"B"
"LCG","09:52:15",12,0.1,1000,293500,"B"
"LCG","09:52:13",12,0.1,3000,292500,"B"
"LCG","09:52:10",12,0.1,10000,289500,"B"
"LCG","09:52:05",12,0.1,2000,279500,"B"
"LCG","09:51:43",12,0.1,100,277500,"B"
"LCG","09:51:27",12,0.1,1000,277400,"B"
"LCG","09:51:15",12,0.1,1000,276400,"B"
"LCG","09:51:05",12,0.1,1500,275400,"B"
"LCG","09:50:59",12,0.1,5000,273900,"B"
"LCG","09:50:53",12,0.1,6300,268900,"B"
"LCG","09:50:52",12,0.1,18400,262600,"S"
"LCG","09:50:49",12,0.1,200,244200,"S"
"LCG","09:50:44",12,0.1,31400,244000,"B"
"LCG","09:50:31",12,0.1,8000,212600,"B"
"LCG","09:50:24",12,0.1,3000,204600,"B"
"LCG","09:50:18",12,0.1,1000,201600,"B"
"LCG","09:49:38",12,0.1,100,200600,"S"
"LCG","09:48:56",12,0.1,500,122600,"S"
"LCG","09:48:48",12,0.1,200,122100,"S"
"LCG","09:48:04",12,0.1,200,121900,"S"
"LCG","09:47:57",11.95,0.05,400,121700,"B"
"LCG","09:47:49",12,0.1,200,121300,"S"
"LCG","09:47:48",12,0.1,5000,121100,"S"
"LCG","09:46:31",12,0.1,1000,116100,"S"
"LCG","09:45:11",11.95,0.05,100,115100,"B"
"LCG","09:44:55",12,0.1,300,115000,"S"
"LCG","09:43:54",12,0.1,4000,114700,"S"
"LCG","09:43:43",11.95,0.05,200,110700,"B"
"LCG","09:43:03",11.95,0.05,100,110500,"B"
"LCG","09:42:43",12,0.1,3000,110400,"S"
"LCG","09:42:27",11.95,0.05,3000,107400,"B"
"LCG","09:41:59",11.95,0.05,200,104400,"B"
"LCG","09:41:33",12,0.1,200,104200,"S"
"LCG","09:41:00",11.95,0.05,2000,104000,"B"
"LCG","09:40:14",11.95,0.05,300,102000,"B"
"LCG","09:40:02",11.95,0.05,5000,101700,"B"
"LCG","09:39:58",12,0.1,1400,96700,"S"
"LCG","09:39:57",11.95,0.05,100,95300,"B"
"LCG","09:38:37",11.95,0.05,1100,95200,"S"
"LCG","09:38:34",11.95,0.05,10000,94100,"S"
"LCG","09:38:28",11.95,0.05,2000,84100,"S"
"LCG","09:38:08",11.95,0.05,1000,82100,"S"
"LCG","09:37:29",11.95,0.05,3700,81100,"S"
"LCG","09:37:26",11.9,0,1500,77400,"B"
"LCG","09:35:15",11.9,0,2600,75900,"S"
"LCG","09:35:11",11.9,0,400,73300,"S"
"LCG","09:35:03",11.9,0,2200,72900,"S"
"LCG","09:34:32",11.85,-0.05,1000,70700,"B"
"LCG","09:34:31",11.9,0,2000,69700,"S"
"LCG","09:33:44",11.9,0,1000,67700,"S"
"LCG","09:31:19",11.9,0,500,66700,"S"
"LCG","09:31:14",11.9,0,100,66200,"S"
"LCG","09:30:40",11.9,0,100,66100,"S"
"LCG","09:30:26",11.9,0,1000,66000,"S"
"LCG","09:30:10",11.9,0,2500,65000,"B"
"LCG","09:30:05",11.9,0,7500,62500,"S"
"LCG","09:30:01",11.85,-0.05,2000,55000,"B"
"LCG","09:29:07",11.9,0,100,53000,"S"
"LCG","09:28:50",11.85,-0.05,400,52900,"B"
"LCG","09:27:32",11.9,0,7400,52500,"B"
"LCG","09:26:33",11.9,0,1200,45100,"B"
"LCG","09:25:25",11.9,0,5000,43900,"B"
"LCG","09:23:21",11.9,0,2000,38900,"B"
"LCG","09:22:46",11.9,0,8700,36900,"B"
"LCG","09:22:45",11.95,0.05,600,28200,"S"
"LCG","09:22:29",11.95,0.05,1000,27600,"S"
"LCG","09:18:49",11.9,0,2000,26600,"B"
"LCG","09:17:13",11.9,0,100,24600,"B"
"LCG","09:16:36",11.9,0,100,24500,"B"
"LCG","09:16:20",11.95,0.05,200,24400,"S"
"LCG","09:15:00",11.9,0,24200,24200,
