"price","change","match_qtty","side","time","total_vol"
4,0.1,69100,"","14:45:01",1190600
4,0.1,2000,"bu","14:29:58",1121500
4,0.1,1000,"bu","14:29:56",1119500
4,0.1,5000,"bu","14:29:49",1118500
4,0.1,1000,"bu","14:29:15",1113500
4,0.1,200,"bu","14:29:13",1112500
4,0.1,10000,"bu","14:29:10",1112300
4,0.1,23000,"bu","14:28:53",1102300
4,0.1,25000,"bu","14:28:31",1079300
4,0.1,2000,"bu","14:28:19",1054300
4,0.1,20000,"bu","14:27:43",1052300
4,0.1,2000,"bu","14:27:39",1032300
4,0.1,500,"bu","14:27:33",1030300
4,0.1,60000,"bu","14:27:29",1029800
4,0.1,200,"bu","14:27:20",969800
4,0.1,100,"bu","14:27:05",969600
4,0.1,100,"bu","14:26:34",969500
4,0.1,500,"bu","14:25:08",969400
4,0.1,500,"bu","14:23:44",968900
4,0.1,5300,"bu","14:22:40",968400
4,0.1,100,"bu","14:22:23",963100
4,0.1,500,"bu","14:22:08",963000
4,0.1,10000,"bu","14:22:04",962500
4,0.1,2000,"bu","14:21:54",952500
4,0.1,12200,"bu","14:21:33",950500
4,0.1,10000,"bu","14:21:13",938300
4,0.1,100,"bu","14:20:03",928300
4,0.1,400,"bu","14:19:45",928200
4,0.1,100,"bu","14:19:35",927800
3.9,0,200,"sd","14:19:27",927700
4,0.1,78800,"bu","14:19:25",927500
4,0.1,200,"bu","14:19:24",848700
4,0.1,1700,"bu","14:19:14",848500
4,0.1,400,"bu","14:19:01",846800
4,0.1,1500,"bu","14:18:55",846400
4,0.1,2900,"bu","14:18:12",844900
4,0.1,1400,"bu","14:17:48",842000
4,0.1,7000,"bu","14:17:47",840600
4,0.1,2500,"bu","14:17:31",833600
4,0.1,100,"bu","14:17:24",831100
4,0.1,500,"bu","14:17:19",831000
4,0.1,300,"bu","14:17:17",830500
4,0.1,100,"bu","14:17:15",830200
4,0.1,21000,"bu","14:17:08",830100
4,0.1,100,"bu","14:16:57",809100
4,0.1,20000,"bu","14:16:56",809000
4,0.1,100,"bu","14:16:49",789000
4,0.1,50000,"bu","14:16:46",768900
4,0.1,20000,"bu","14:16:44",718900
4,0.1,20000,"bu","14:16:40",698900
4,0.1,100,"bu","14:16:36",678900
4,0.1,100,"bu","14:16:28",678800
4,0.1,100,"bu","14:16:09",678700
4,0.1,30000,"bu","14:15:56",678600
4,0.1,38000,"bu","14:15:29",648600
4,0.1,100,"bu","14:15:27",610600
4,0.1,100,"bu","14:14:58",610500
4,0.1,20000,"bu","14:14:38",610400
4,0.1,400,"bu","14:13:34",590400
4,0.1,65500,"bu","14:13:02",590000
3.9,0,12000,"sd","14:08:05",524500
3.9,0,300,"sd","14:06:43",512500
3.9,0,2000,"sd","14:03:51",512200
4,0.1,500,"bu","14:03:06",510200
4,0.1,100,"bu","14:00:02",509700
3.9,0,5200,"sd","13:59:21",509600
3.9,0,1500,"sd","13:57:48",504400
3.9,0,200,"sd","13:53:11",502900
3.9,0,1000,"sd","13:52:41",502700
3.9,0,100,"sd","13:50:18",501700
4,0.1,100,"bu","13:49:10",501600
4,0.1,100,"bu","13:34:30",501500
3.9,0,100,"sd","13:28:15",501400
3.9,0,15000,"sd","13:24:09",501300
3.9,0,2800,"sd","13:22:48",486300
3.9,0,100,"sd","13:20:39",483500
3.9,0,100,"sd","13:17:03",483400
4,0.1,500,"bu","13:16:54",483300
3.9,0,2000,"sd","13:15:26",482800
3.9,0,5000,"sd","13:15:14",480800
3.9,0,25000,"sd","13:13:35",475800
3.9,0,1000,"sd","13:12:26",450800
3.9,0,49100,"sd","13:11:02",449800
3.9,0,500,"sd","13:06:08",400700
3.9,0,1400,"sd","13:03:52",400200
3.9,0,1000,"sd","13:00:04",398800
3.9,0,900,"sd","13:00:03",397800
3.9,0,2900,"sd","11:24:26",396900
3.9,0,100,"sd","11:12:27",394000
3.9,0,4000,"sd","11:10:20",393900
3.9,0,25000,"sd","11:04:04",389900
3.9,0,200,"sd","10:54:05",364900
3.9,0,10000,"sd","10:51:14",364700
3.9,0,100,"sd","10:49:35",354700
3.9,0,100,"sd","10:46:19",354600
4,0.1,1000,"bu","10:41:15",354500
4,0.1,200,"bu","10:38:08",353500
4,0.1,200,"bu","10:37:06",353300
4,0.1,400,"bu","10:33:37",353100
3.9,0,500,"sd","10:31:52",352700
4,0.1,2900,"bu","10:29:46",352200
3.9,0,300,"sd","10:29:38",349300
3.9,0,200,"sd","10:27:51",349000
3.9,0,24500,"sd","10:26:01",348800
3.9,0,25000,"sd","10:21:13",324300
4,0.1,100,"bu","10:21:12",299300
3.9,0,200,"sd","10:19:33",299200
3.9,0,200,"sd","10:18:29",299000
3.9,0,200,"sd","10:14:35",298800
3.9,0,7100,"sd","10:14:26",298600
3.9,0,2000,"sd","10:13:57",291500
3.9,0,2000,"sd","10:08:04",289500
3.9,0,5000,"sd","10:03:50",287500
3.9,0,3000,"sd","10:02:54",282500
3.9,0,25000,"sd","10:02:42",279500
4,0.1,100,"bu","09:52:24",254500
4,0.1,1000,"bu","09:48:38",254400
4,0.1,500,"bu","09:46:44",253400
3.9,0,100000,"sd","09:39:24",252900
3.9,0,4300,"sd","09:37:35",152900
3.9,0,200,"sd","09:37:09",148600
4,0.1,200,"bu","09:34:08",148400
4,0.1,1000,"bu","09:31:53",148200
4,0.1,1000,"bu","09:31:43",147200
3.9,0,400,"sd","09:31:16",146200
3.9,0,4000,"bu","09:31:05",145800
3.9,0,200,"bu","09:31:00",141800
3.9,0,100,"bu","09:30:33",141600
3.9,0,5000,"bu","09:30:18",141500
3.9,0,5000,"bu","09:29:50",136500
3.9,0,5000,"bu","09:29:09",131500
3.9,0,4000,"bu","09:28:12",126500
3.9,0,1000,"bu","09:28:00",122500
3.9,0,700,"bu","09:27:58",121500
3.9,0,1000,"bu","09:27:38",120800
3.9,0,2000,"bu","09:27:26",119800
3.9,0,3200,"bu","09:27:15",117800
3.9,0,7000,"bu","09:27:03",114600
3.9,0,1000,"bu","09:26:49",107600
3.9,0,2000,"bu","09:26:45",106600
3.9,0,200,"bu","09:26:18",104600
3.9,0,5000,"bu","09:26:17",104400
3.9,0,1200,"bu","09:19:45",99400
3.9,0,1000,"bu","09:18:00",98200
3.9,0,2000,"bu","09:16:35",97200
3.9,0,4000,"bu","09:16:10",95200
3.9,0,2000,"bu","09:15:30",91200
3.9,0,5000,"bu","09:14:28",89200
3.9,0,6400,"bu","09:12:19",84200
3.9,0,100,"bu","09:11:56",77800
3.9,0,100,"bu","09:11:37",77700
3.9,0,5000,"bu","09:11:22",77600
3.9,0,20000,"sd","09:10:33",72600
3.9,0,100,"sd","09:08:28",52600
3.9,0,50000,"sd","09:08:13",52500
3.9,0,200,"sd","09:07:19",2500
3.9,0,1900,"sd","09:06:59",2300
3.9,0,300,"sd","09:06:17",400
4,0.1,100,"bu","09:03:32",100
