"price","change","match_qtty","side","time","total_vol"
55.9,3.6,802200,"","14:45:03",5612500
55.2,2.9,1000,"bu","14:29:55",4810300
55.1,2.8,3000,"sd","14:29:53",4809300
55.2,2.9,2100,"bu","14:29:53",4806300
55.2,2.9,1000,"bu","14:29:49",4804200
55.2,2.9,20000,"bu","14:29:47",4803200
55.2,2.9,2000,"bu","14:29:46",4783200
55.2,2.9,300,"bu","14:29:45",4781200
55.2,2.9,1500,"bu","14:29:43",4780900
55.2,2.9,2000,"bu","14:29:41",4779400
55.2,2.9,1200,"bu","14:29:34",4777400
55.1,2.8,200,"sd","14:29:29",4776200
55.1,2.8,100,"sd","14:29:29",4776000
55.1,2.8,2700,"bu","14:29:25",4775900
55.1,2.8,100,"bu","14:29:24",4773200
55,2.7,1000,"sd","14:29:21",4773100
55,2.7,1000,"sd","14:29:19",4772100
55.1,2.8,2000,"bu","14:29:15",4771100
55.1,2.8,100,"bu","14:29:13",4769100
55,2.7,1000,"sd","14:29:05",4769000
55.1,2.8,10000,"bu","14:28:59",4768000
54.9,2.6,1300,"bu","14:28:48",4758000
54.9,2.6,5400,"sd","14:28:45",4756700
55,2.7,1600,"sd","14:28:45",4751300
55,2.7,500,"sd","14:28:44",4749700
55,2.7,100,"sd","14:28:37",4749200
55,2.7,1100,"bu","14:28:33",4749100
54.9,2.6,8700,"bu","14:28:33",4748000
54.9,2.6,100,"bu","14:28:32",4739300
54.9,2.6,500,"bu","14:28:31",4739200
54.9,2.6,8000,"bu","14:28:28",4738700
54.9,2.6,100,"bu","14:28:23",4730700
54.9,2.6,600,"bu","14:28:21",4730600
54.9,2.6,10800,"sd","14:28:18",4730000
55,2.7,600,"bu","14:28:17",4719200
55,2.7,1200,"bu","14:28:12",4718600
55,2.7,2800,"sd","14:28:04",4717400
55,2.7,2100,"bu","14:27:53",4714600
55,2.7,2000,"bu","14:27:46",4712500
55,2.7,1300,"bu","14:27:44",4710500
55,2.7,1000,"bu","14:27:40",4709200
55,2.7,2000,"bu","14:27:35",4708200
55,2.7,11400,"bu","14:27:23",4706200
55,2.7,1800,"bu","14:27:17",4694800
54.9,2.6,100,"sd","14:27:08",4693000
55,2.7,100,"bu","14:26:57",4692900
54.9,2.6,600,"sd","14:26:52",4692800
55,2.7,1000,"bu","14:26:50",4692200
55,2.7,51600,"bu","14:26:49",4691200
54.9,2.6,1500,"sd","14:26:47",4639600
54.9,2.6,500,"sd","14:26:47",4638100
54.9,2.6,100,"sd","14:26:44",4637600
54.9,2.6,300,"bu","14:26:16",4637500
54.9,2.6,6500,"bu","14:26:14",4637200
54.9,2.6,500,"bu","14:26:08",4630700
54.9,2.6,2000,"bu","14:26:05",4630200
54.9,2.6,2700,"bu","14:26:04",4628200
54.8,2.5,1000,"sd","14:26:03",4625500
54.9,2.6,900,"bu","14:26:01",4624500
54.9,2.6,500,"bu","14:26:00",4623600
54.9,2.6,4900,"bu","14:25:54",4623100
54.8,2.5,1000,"sd","14:25:50",4618200
54.9,2.6,200,"bu","14:25:31",4617200
54.9,2.6,500,"bu","14:25:25",4617000
54.9,2.6,18500,"sd","14:25:22",4616500
54.9,2.6,100,"sd","14:25:20",4598000
55,2.7,200,"bu","14:25:19",4597900
54.9,2.6,300,"sd","14:25:15",4597700
54.9,2.6,300,"sd","14:25:03",4597400
54.9,2.6,500,"sd","14:25:01",4597100
54.9,2.6,100,"sd","14:24:58",4596600
54.9,2.6,400,"sd","14:24:58",4596500
54.9,2.6,600,"sd","14:24:43",4596100
54.9,2.6,1000,"sd","14:24:40",4595500
54.9,2.6,8500,"bu","14:24:38",4594500
54.9,2.6,900,"bu","14:24:31",4586000
54.9,2.6,100,"bu","14:24:26",4585100
54.9,2.6,500,"bu","14:24:19",4585000
54.8,2.5,2000,"sd","14:24:18",4584500
54.9,2.6,500,"bu","14:24:16",4582500
54.9,2.6,2200,"bu","14:24:14",4582000
54.9,2.6,500,"bu","14:24:12",4579800
54.9,2.6,500,"bu","14:24:10",4579300
54.9,2.6,1900,"sd","14:24:03",4578800
55,2.7,100,"bu","14:24:02",4576900
55,2.7,10000,"bu","14:23:57",4576800
54.9,2.6,100,"sd","14:23:56",4566800
54.9,2.6,1000,"sd","14:23:53",4566700
54.9,2.6,5000,"sd","14:23:51",4565700
54.9,2.6,7700,"sd","14:23:47",4560700
54.9,2.6,2000,"sd","14:23:42",4553000
54.9,2.6,300,"sd","14:23:41",4551000
54.9,2.6,5000,"sd","14:23:36",4550700
54.9,2.6,2000,"sd","14:23:29",4545700
54.9,2.6,200,"sd","14:23:10",4543700
54.9,2.6,100,"sd","14:23:05",4543500
54.9,2.6,300,"sd","14:22:54",4543400
54.9,2.6,1300,"sd","14:22:38",4543100
55,2.7,1000,"bu","14:22:35",4541800
55,2.7,100,"bu","14:22:28",4540800
55,2.7,100,"bu","14:22:22",4540700
54.9,2.6,200,"sd","14:22:21",4540600
55,2.7,100,"bu","14:22:10",4540400
54.9,2.6,1000,"sd","14:22:01",4540300
54.9,2.6,200,"sd","14:21:55",4539300
54.9,2.6,100,"sd","14:21:51",4539100
54.9,2.6,400,"sd","14:21:39",4539000
54.9,2.6,200,"sd","14:21:34",4538600
54.9,2.6,100,"sd","14:21:16",4538400
55,2.7,1000,"bu","14:21:15",4538300
54.9,2.6,400,"sd","14:21:06",4537300
54.9,2.6,600,"sd","14:20:53",4536900
54.9,2.6,300,"sd","14:20:48",4536300
54.9,2.6,400,"sd","14:20:41",4536000
55,2.7,300,"bu","14:20:32",4535600
54.9,2.6,800,"sd","14:20:27",4535300
55,2.7,1000,"bu","14:20:22",4534500
55,2.7,100,"bu","14:20:17",4533500
55,2.7,500,"bu","14:20:16",4533400
55,2.7,500,"bu","14:20:15",4532900
55,2.7,1000,"bu","14:20:12",4532400
55,2.7,100,"bu","14:19:55",4531400
55,2.7,100,"bu","14:19:53",4531300
55,2.7,6000,"bu","14:19:52",4531200
55,2.7,100,"bu","14:19:45",4525200
55,2.7,3000,"bu","14:19:43",4525100
55,2.7,4300,"sd","14:19:34",4522100
55,2.7,7500,"sd","14:19:31",4517800
55,2.7,1000,"sd","14:19:27",4510300
55,2.7,2000,"sd","14:19:25",4509300
55,2.7,5000,"sd","14:19:21",4507300
55,2.7,200,"sd","14:19:20",4502300
55,2.7,2000,"sd","14:19:19",4502100
55,2.7,2100,"bu","14:19:03",4500100
55,2.7,600,"bu","14:18:56",4498000
55,2.7,8500,"bu","14:18:55",4497400
55,2.7,500,"bu","14:18:54",4488900
55,2.7,1000,"bu","14:18:53",4488400
55,2.7,20000,"bu","14:18:50",4487400
55,2.7,300,"bu","14:18:49",4467400
55,2.7,2700,"bu","14:18:34",4467100
54.9,2.6,1000,"sd","14:18:34",4464400
55,2.7,200,"bu","14:18:23",4463400
55,2.7,700,"bu","14:18:16",4463200
54.9,2.6,200,"sd","14:18:14",4462500
55,2.7,500,"bu","14:18:13",4462300
54.9,2.6,1000,"sd","14:18:12",4461800
55,2.7,20000,"bu","14:18:04",4460800
55,2.7,700,"bu","14:17:53",4440800
55,2.7,500,"bu","14:17:03",4440100
55,2.7,100,"bu","14:16:41",4439600
54.9,2.6,100,"sd","14:16:34",4439500
54.9,2.6,100,"sd","14:16:33",4439400
55,2.7,200,"bu","14:16:30",4439300
55,2.7,200,"bu","14:16:27",4439100
55,2.7,1100,"bu","14:16:25",4438900
54.9,2.6,500,"sd","14:16:24",4437800
54.9,2.6,100,"sd","14:16:21",4437300
55,2.7,500,"bu","14:16:20",4437200
55,2.7,1000,"bu","14:16:00",4436700
55,2.7,1500,"sd","14:15:58",4435700
55,2.7,1600,"sd","14:15:56",4434200
55.1,2.8,200,"bu","14:15:55",4432600
55,2.7,100,"sd","14:15:55",4432400
55,2.7,5000,"sd","14:15:54",4432300
55,2.7,3000,"sd","14:15:52",4427300
55,2.7,600,"sd","14:15:49",4424300
55,2.7,10600,"sd","14:15:47",4423700
55,2.7,2000,"sd","14:15:44",4413100
55,2.7,2000,"sd","14:15:39",4411100
55,2.7,700,"sd","14:15:33",4409100
55,2.7,1500,"sd","14:15:28",4408400
55,2.7,200,"sd","14:15:26",4406900
55,2.7,100,"sd","14:15:25",4406700
55,2.7,13800,"sd","14:15:24",4406600
55,2.7,600,"sd","14:15:07",4392800
55,2.7,200,"sd","14:15:01",4392200
55,2.7,1000,"sd","14:14:47",4392000
55.1,2.8,200,"sd","14:14:45",4389900
55.1,2.8,2000,"sd","14:14:44",4389700
55.1,2.8,1000,"sd","14:14:43",4387700
55.1,2.8,1000,"sd","14:14:43",4386700
55.1,2.8,500,"sd","14:14:39",4385700
55.1,2.8,3000,"sd","14:14:37",4385200
55.1,2.8,1000,"sd","14:14:32",4382200
55.1,2.8,500,"sd","14:14:30",4381200
55.1,2.8,300,"sd","14:14:27",4380700
55.1,2.8,2100,"sd","14:14:25",4380400
55.1,2.8,2000,"sd","14:14:23",4378300
55.1,2.8,100,"sd","14:14:22",4376300
55.2,2.9,800,"bu","14:14:21",4376200
55.1,2.8,1500,"sd","14:14:20",4375400
55.1,2.8,2000,"sd","14:14:17",4373900
55.2,2.9,1000,"bu","14:14:16",4371900
55.1,2.8,1000,"sd","14:14:13",4370900
55.1,2.8,300,"sd","14:14:06",4369900
55.1,2.8,2000,"sd","14:14:05",4369600
55.1,2.8,2000,"sd","14:14:04",4367600
55.1,2.8,100,"sd","14:13:59",4365600
55.1,2.8,500,"sd","14:13:54",4365500
55.1,2.8,5000,"sd","14:13:52",4365000
55.1,2.8,100,"sd","14:13:47",4360000
55.1,2.8,4700,"sd","14:13:43",4359900
55.1,2.8,2000,"sd","14:13:41",4355200
55.2,2.9,100,"bu","14:13:39",4353200
55.1,2.8,300,"sd","14:13:38",4353100
55.1,2.8,1000,"sd","14:13:34",4352800
55.1,2.8,800,"sd","14:13:29",4351800
55.1,2.8,2000,"sd","14:13:27",4351000
55.1,2.8,3000,"sd","14:13:14",4348900
55.1,2.8,2000,"sd","14:13:13",4345900
55.1,2.8,200,"sd","14:13:07",4343900
55.1,2.8,300,"sd","14:12:59",4343700
55.1,2.8,100,"sd","14:12:47",4343400
55.1,2.8,1000,"sd","14:12:41",4343300
55.1,2.8,500,"sd","14:12:39",4342300
55.1,2.8,200,"sd","14:12:38",4341800
55.1,2.8,100,"sd","14:12:35",4341600
55.1,2.8,600,"sd","14:12:24",4341500
55.1,2.8,400,"sd","14:12:11",4340900
55.1,2.8,1000,"sd","14:12:06",4340500
55.1,2.8,2000,"sd","14:12:00",4339500
55.2,2.9,1000,"bu","14:11:54",4337500
55.1,2.8,200,"sd","14:11:47",4336500
55.2,2.9,100,"bu","14:11:35",4336300
55.2,2.9,2000,"bu","14:11:25",4336200
55.2,2.9,100,"bu","14:11:14",4334200
55.2,2.9,100,"sd","14:11:10",4334100
55.2,2.9,300,"sd","14:11:07",4334000
55.2,2.9,1200,"sd","14:11:07",4333700
55.3,3,100,"bu","14:11:04",4332500
55.2,2.9,200,"bu","14:11:04",4332400
55.2,2.9,200,"sd","14:11:02",4332200
55.2,2.9,200,"sd","14:11:01",4332000
55.2,2.9,500,"sd","14:10:59",4331800
55.2,2.9,200,"sd","14:10:57",4331300
55.2,2.9,100,"sd","14:10:53",4331100
55.2,2.9,1000,"sd","14:10:51",4331000
55.3,3,100,"bu","14:10:50",4330000
55.2,2.9,2000,"sd","14:10:48",4329900
55.2,2.9,3000,"sd","14:10:46",4327900
55.2,2.9,1100,"sd","14:10:40",4324900
55.2,2.9,500,"sd","14:10:34",4323800
55.2,2.9,200,"sd","14:10:28",4323300
55.2,2.9,500,"sd","14:10:27",4323100
55.2,2.9,100,"sd","14:10:27",4322600
55.2,2.9,500,"sd","14:10:26",4322500
55.2,2.9,3100,"sd","14:10:24",4322000
55.2,2.9,3000,"sd","14:10:21",4318900
55.2,2.9,1000,"sd","14:10:21",4315900
55.2,2.9,100,"sd","14:10:20",4314900
55.2,2.9,2000,"sd","14:10:18",4314800
55.3,3,100,"bu","14:10:14",4312800
55.2,2.9,300,"sd","14:10:13",4312700
55.2,2.9,1000,"sd","14:10:12",4312400
55.2,2.9,200,"sd","14:10:11",4311400
55.2,2.9,1000,"sd","14:10:10",4311200
55.2,2.9,300,"sd","14:10:00",4310200
55.2,2.9,1000,"sd","14:09:59",4309900
55.2,2.9,10000,"sd","14:09:57",4308900
55.2,2.9,500,"sd","14:09:46",4298900
55.2,2.9,600,"sd","14:09:45",4298400
55.2,2.9,3000,"sd","14:09:35",4297800
55.2,2.9,400,"sd","14:09:28",4294800
55.2,2.9,100,"sd","14:09:05",4294400
55.2,2.9,300,"sd","14:09:04",4294300
55.3,3,1000,"bu","14:09:02",4294000
55.2,2.9,1100,"sd","14:08:56",4293000
55.2,2.9,300,"sd","14:08:51",4291900
55.2,2.9,500,"sd","14:08:46",4291600
55.2,2.9,800,"sd","14:08:45",4291100
55.2,2.9,100,"bu","14:08:39",4290300
55.2,2.9,900,"sd","14:08:37",4290200
55.3,3,300,"bu","14:08:34",4289300
55.2,2.9,200,"sd","14:08:33",4289000
55.2,2.9,100,"sd","14:08:25",4288800
55.3,3,500,"bu","14:08:23",4288700
55.2,2.9,500,"sd","14:08:21",4288200
55.2,2.9,500,"sd","14:08:19",4287700
55.2,2.9,26400,"sd","14:08:18",4287200
55.2,2.9,3000,"sd","14:08:03",4260800
55.2,2.9,100,"sd","14:08:01",4257800
55.2,2.9,100,"sd","14:07:57",4257700
55.2,2.9,500,"sd","14:07:46",4257600
55.3,3,100,"bu","14:07:46",4257100
55.2,2.9,1000,"sd","14:07:38",4257000
55.2,2.9,100,"sd","14:07:35",4256000
55.2,2.9,300,"sd","14:07:19",4255900
55.2,2.9,400,"sd","14:07:14",4255600
55.2,2.9,100,"sd","14:07:07",4255200
55.2,2.9,200,"sd","14:07:05",4255100
55.2,2.9,100,"sd","14:07:00",4254900
55.2,2.9,500,"sd","14:06:59",4254800
55.2,2.9,400,"sd","14:06:56",4254300
55.2,2.9,100,"sd","14:06:53",4253900
55.2,2.9,100,"sd","14:06:47",4253800
55.2,2.9,100,"sd","14:06:46",4253700
55.2,2.9,500,"sd","14:06:45",4253600
55.2,2.9,500,"sd","14:06:41",4253100
55.2,2.9,700,"sd","14:06:38",4252600
55.2,2.9,100,"sd","14:06:32",4251900
55.2,2.9,200,"sd","14:06:30",4251800
55.2,2.9,2200,"sd","14:06:27",4251600
55.2,2.9,200,"sd","14:06:26",4249400
55.2,2.9,5000,"sd","14:06:26",4249200
55.2,2.9,9000,"sd","14:06:15",4244200
55.2,2.9,100,"sd","14:06:12",4235200
55.2,2.9,1000,"sd","14:06:11",4235100
55.2,2.9,200,"sd","14:06:10",4234100
55.2,2.9,500,"sd","14:06:05",4233900
55.2,2.9,600,"sd","14:06:00",4233400
55.2,2.9,1300,"sd","14:05:55",4232800
55.2,2.9,300,"sd","14:05:52",4231500
55.2,2.9,1500,"bu","14:05:47",4231200
55.2,2.9,10000,"bu","14:05:44",4229700
55.2,2.9,300,"bu","14:05:42",4219700
55.2,2.9,3000,"bu","14:05:39",4219400
55.2,2.9,700,"bu","14:05:33",4216400
55.2,2.9,3100,"bu","14:05:30",4215700
55.2,2.9,10000,"bu","14:05:29",4212600
55.2,2.9,100,"bu","14:05:25",4202600
55.2,2.9,3100,"bu","14:05:23",4202500
55.2,2.9,100,"bu","14:05:22",4199400
55.2,2.9,1900,"bu","14:05:18",4199300
55.2,2.9,500,"bu","14:05:16",4197400
55.2,2.9,1000,"bu","14:05:13",4196900
55.2,2.9,4600,"bu","14:04:56",4195900
55.1,2.8,100,"sd","14:04:53",4191300
55.1,2.8,1000,"sd","14:04:39",4191200
55.2,2.9,6200,"bu","14:04:38",4190200
55.1,2.8,100,"sd","14:04:26",4184000
55.2,2.9,200,"bu","14:04:21",4183900
55.2,2.9,200,"bu","14:04:19",4183700
55.2,2.9,200,"bu","14:04:12",4183500
55.2,2.9,400,"bu","14:04:03",4183300
55.1,2.8,300,"sd","14:04:02",4182900
55.1,2.8,300,"sd","14:03:56",4182600
55.2,2.9,100,"bu","14:03:55",4182300
55.2,2.9,100,"bu","14:03:50",4182200
55.1,2.8,500,"sd","14:03:49",4182100
55.2,2.9,800,"bu","14:03:48",4181600
55.2,2.9,200,"bu","14:03:38",4180800
55.1,2.8,100,"sd","14:03:38",4180600
55.2,2.9,2000,"bu","14:03:34",4180500
55.2,2.9,1000,"bu","14:03:30",4178500
55.1,2.8,300,"sd","14:03:25",4177500
55.2,2.9,1000,"bu","14:03:20",4177200
55.1,2.8,100,"sd","14:03:12",4176200
55.2,2.9,200,"bu","14:03:10",4176100
55.1,2.8,400,"sd","14:02:59",4175900
55.2,2.9,800,"bu","14:02:59",4175500
55.1,2.8,500,"sd","14:02:56",4174700
55.2,2.9,500,"bu","14:02:48",4174200
55.2,2.9,2000,"bu","14:02:44",4173700
55.2,2.9,300,"bu","14:02:40",4171700
55.1,2.8,500,"sd","14:02:27",4171400
55.1,2.8,800,"sd","14:02:22",4170900
55.2,2.9,3000,"bu","14:02:18",4170100
55.2,2.9,600,"bu","14:02:15",4167100
55.1,2.8,500,"sd","14:02:12",4166500
55.2,2.9,1000,"bu","14:02:10",4166000
55.2,2.9,3600,"bu","14:02:03",4165000
55.1,2.8,200,"sd","14:02:03",4161400
55.1,2.8,500,"sd","14:02:01",4161200
55.1,2.8,300,"bu","14:01:55",4160700
55.1,2.8,4000,"bu","14:01:54",4160400
55.1,2.8,1100,"bu","14:01:52",4156400
55.1,2.8,2500,"bu","14:01:51",4155300
55.1,2.8,3300,"bu","14:01:50",4152800
55.1,2.8,11000,"bu","14:01:47",4149500
55,2.7,500,"sd","14:01:46",4138500
55,2.7,100,"sd","14:01:45",4138000
55.1,2.8,100,"bu","14:01:45",4137900
55.1,2.8,100,"bu","14:01:43",4137800
55.1,2.8,3200,"bu","14:01:41",4137700
55.1,2.8,1000,"bu","14:01:31",4134500
55,2.7,1200,"sd","14:01:31",4133500
55,2.7,4500,"bu","14:01:26",4132300
55,2.7,7000,"bu","14:01:25",4127800
55,2.7,8400,"bu","14:01:24",4120800
55,2.7,100000,"bu","14:01:23",4112400
55,2.7,500,"bu","14:01:16",4012400
55,2.7,400,"bu","14:01:11",4011900
54.9,2.6,500,"sd","14:01:09",4011500
54.9,2.6,1000,"sd","14:00:58",4011000
55,2.7,2800,"bu","14:00:51",4010000
55,2.7,2000,"bu","14:00:50",4007200
55,2.7,10000,"bu","14:00:47",4005200
55,2.7,4600,"bu","14:00:44",3995200
55,2.7,1100,"bu","14:00:37",3990600
55,2.7,600,"bu","14:00:34",3989500
55,2.7,1000,"bu","14:00:31",3988900
55,2.7,3000,"bu","14:00:29",3987900
55,2.7,500,"bu","14:00:26",3984900
55,2.7,100,"bu","14:00:12",3984400
55,2.7,4000,"bu","14:00:07",3984300
55,2.7,300,"bu","14:00:03",3980300
55,2.7,1800,"bu","13:59:44",3980000
55,2.7,100,"bu","13:59:42",3978200
54.9,2.6,400,"sd","13:59:37",3978100
54.9,2.6,1000,"sd","13:59:32",3977700
54.9,2.6,100,"sd","13:59:25",3976700
54.9,2.6,500,"sd","13:59:21",3976600
54.9,2.6,500,"sd","13:59:15",3976100
54.9,2.6,500,"sd","13:59:14",3975600
54.9,2.6,1000,"sd","13:59:09",3975100
54.9,2.6,1000,"sd","13:58:59",3974100
54.9,2.6,5000,"sd","13:58:57",3973100
54.9,2.6,4600,"bu","13:58:50",3968100
54.9,2.6,1000,"bu","13:58:47",3963500
54.9,2.6,30000,"bu","13:58:34",3962500
54.8,2.5,600,"sd","13:58:19",3932500
54.9,2.6,11300,"bu","13:58:19",3931900
54.9,2.6,18700,"bu","13:58:18",3920600
54.8,2.5,1000,"sd","13:58:15",3901900
54.8,2.5,500,"sd","13:57:59",3900900
54.8,2.5,1000,"sd","13:57:44",3900400
54.9,2.6,100,"bu","13:57:34",3899400
54.8,2.5,500,"sd","13:57:28",3899300
54.8,2.5,500,"sd","13:57:27",3898800
54.8,2.5,500,"sd","13:57:24",3898300
54.8,2.5,700,"sd","13:57:10",3897800
54.9,2.6,100,"bu","13:57:05",3897100
54.8,2.5,700,"sd","13:57:05",3897000
54.8,2.5,500,"sd","13:57:04",3896300
54.8,2.5,5000,"sd","13:57:02",3895800
54.8,2.5,200,"sd","13:56:56",3890800
54.8,2.5,500,"sd","13:56:53",3890600
54.8,2.5,2300,"sd","13:56:45",3890100
54.8,2.5,10000,"sd","13:56:23",3887800
54.9,2.6,100,"bu","13:56:17",3877800
54.9,2.6,1300,"bu","13:56:01",3877700
54.9,2.6,10000,"bu","13:55:37",3876400
54.8,2.5,200,"sd","13:55:37",3866400
54.9,2.6,500,"bu","13:55:32",3866200
54.9,2.6,4500,"bu","13:55:31",3865700
54.8,2.5,100,"sd","13:55:27",3861200
54.9,2.6,2000,"bu","13:54:47",3861100
54.8,2.5,100,"sd","13:54:47",3859100
54.8,2.5,500,"sd","13:54:45",3859000
54.8,2.5,1300,"sd","13:54:41",3858500
54.8,2.5,1000,"sd","13:54:36",3857200
54.8,2.5,100,"sd","13:54:32",3856200
54.8,2.5,2000,"sd","13:54:19",3856100
54.9,2.6,300,"bu","13:54:13",3854100
54.8,2.5,100,"sd","13:54:09",3853800
54.8,2.5,1000,"sd","13:54:05",3853700
54.8,2.5,500,"sd","13:53:54",3852700
54.9,2.6,500,"bu","13:53:53",3852200
54.8,2.5,500,"sd","13:53:46",3851700
54.8,2.5,2000,"sd","13:53:21",3851200
54.9,2.6,1000,"bu","13:53:19",3849200
54.9,2.6,500,"bu","13:53:18",3848200
54.9,2.6,100,"bu","13:53:15",3847700
54.9,2.6,3000,"bu","13:53:06",3847600
54.9,2.6,100,"bu","13:52:53",3844600
54.9,2.6,300,"sd","13:52:36",3844500
54.9,2.6,2000,"sd","13:52:36",3844200
54.9,2.6,300,"sd","13:52:33",3842200
54.9,2.6,100,"sd","13:52:32",3841900
54.9,2.6,100,"sd","13:52:28",3841800
55,2.7,600,"bu","13:52:27",3841700
55,2.7,7000,"bu","13:52:26",3841100
54.9,2.6,200,"sd","13:52:25",3834100
54.9,2.6,400,"sd","13:52:19",3833900
55,2.7,400,"bu","13:52:17",3833500
54.9,2.6,4500,"sd","13:52:17",3833100
54.9,2.6,200,"sd","13:52:09",3828600
55,2.7,100,"bu","13:52:00",3828400
54.9,2.6,2000,"sd","13:51:59",3828300
54.9,2.6,7000,"sd","13:51:57",3826300
55,2.7,100,"bu","13:51:50",3819300
55,2.7,1200,"bu","13:51:27",3819200
55,2.7,4000,"sd","13:51:25",3818000
55,2.7,1900,"bu","13:51:23",3814000
54.9,2.6,100,"sd","13:51:22",3812100
55,2.7,1000,"bu","13:51:20",3812000
55,2.7,100,"bu","13:51:18",3811000
55,2.7,3800,"bu","13:51:17",3810900
55,2.7,8000,"bu","13:51:14",3807100
55,2.7,10000,"bu","13:51:13",3799100
54.9,2.6,800,"sd","13:51:09",3789100
55,2.7,200,"bu","13:51:04",3788300
55,2.7,400,"bu","13:50:53",3788100
55,2.7,3800,"bu","13:50:51",3787700
55,2.7,1800,"bu","13:50:43",3783900
55,2.7,1500,"bu","13:50:37",3782100
55,2.7,10000,"bu","13:50:36",3780600
55,2.7,100,"bu","13:50:31",3770600
55,2.7,600,"bu","13:50:21",3770500
55,2.7,6900,"bu","13:50:19",3769900
55,2.7,13100,"bu","13:50:19",3763000
54.9,2.6,1200,"sd","13:50:17",3749900
54.9,2.6,200,"sd","13:50:14",3748700
55,2.7,100,"bu","13:50:12",3748500
55,2.7,600,"bu","13:50:06",3748400
55,2.7,300,"bu","13:49:55",3747800
55,2.7,800,"bu","13:49:55",3747500
54.9,2.6,1000,"sd","13:49:51",3746700
54.9,2.6,3500,"sd","13:49:50",3745700
55,2.7,100,"bu","13:49:45",3742200
55,2.7,100,"bu","13:49:35",3742100
55,2.7,300,"bu","13:49:33",3742000
55,2.7,200,"bu","13:49:27",3741700
55,2.7,5000,"bu","13:49:22",3741500
54.9,2.6,200,"sd","13:49:18",3736500
54.9,2.6,100,"sd","13:49:18",3736300
55,2.7,600,"bu","13:49:17",3736200
54.9,2.6,500,"sd","13:49:11",3735600
55,2.7,200,"bu","13:48:59",3735100
54.9,2.6,1000,"sd","13:48:49",3734900
55,2.7,7300,"bu","13:48:48",3733900
55,2.7,10000,"bu","13:48:40",3726600
55,2.7,100,"bu","13:48:38",3716600
55,2.7,100,"bu","13:48:35",3716500
54.9,2.6,1000,"sd","13:48:34",3716400
54.9,2.6,100,"sd","13:48:28",3715400
54.9,2.6,100,"sd","13:48:26",3715300
54.9,2.6,100,"sd","13:48:25",3715200
54.9,2.6,100,"sd","13:48:25",3715100
54.9,2.6,200,"sd","13:48:18",3715000
54.9,2.6,1000,"sd","13:48:09",3714800
55,2.7,1500,"bu","13:48:08",3713800
54.9,2.6,1100,"bu","13:48:07",3712300
54.9,2.6,7000,"bu","13:48:01",3711200
54.8,2.5,6000,"sd","13:47:58",3704200
54.8,2.5,200,"sd","13:47:44",3698200
54.8,2.5,3500,"bu","13:47:39",3698000
54.8,2.5,1000,"sd","13:47:17",3694500
54.8,2.5,500,"sd","13:47:14",3693500
54.8,2.5,400,"sd","13:47:07",3693000
54.8,2.5,100,"sd","13:47:04",3692600
54.8,2.5,1000,"sd","13:47:03",3692500
54.8,2.5,200,"sd","13:47:02",3691500
54.8,2.5,1000,"sd","13:46:59",3691300
54.8,2.5,200,"sd","13:46:58",3690300
54.8,2.5,200,"sd","13:46:58",3690100
54.8,2.5,8200,"bu","13:46:57",3689900
54.8,2.5,2000,"bu","13:46:55",3681700
54.8,2.5,200,"bu","13:46:54",3679700
54.8,2.5,700,"bu","13:46:51",3679500
54.8,2.5,100,"bu","13:46:45",3678800
54.8,2.5,700,"bu","13:46:41",3678700
54.8,2.5,3200,"sd","13:46:36",3678000
54.9,2.6,2000,"bu","13:46:30",3674800
54.9,2.6,800,"bu","13:46:29",3672800
54.9,2.6,1000,"bu","13:46:24",3672000
54.9,2.6,1000,"bu","13:46:22",3671000
54.9,2.6,100,"bu","13:46:17",3670000
54.9,2.6,300,"bu","13:46:07",3669900
54.9,2.6,300,"bu","13:46:01",3669600
54.9,2.6,100,"bu","13:46:00",3669300
54.9,2.6,500,"bu","13:45:59",3669200
54.9,2.6,2000,"bu","13:45:58",3668700
54.9,2.6,500,"bu","13:45:57",3666700
54.9,2.6,300,"sd","13:45:55",3666200
54.9,2.6,100,"sd","13:45:51",3665900
55,2.7,700,"bu","13:45:50",3665800
54.9,2.6,600,"bu","13:45:50",3665100
54.9,2.6,900,"sd","13:45:49",3664500
55,2.7,500,"bu","13:45:47",3663600
54.9,2.6,1000,"sd","13:45:47",3663100
55,2.7,300,"bu","13:45:41",3662100
55,2.7,6000,"bu","13:45:39",3661800
55,2.7,4800,"bu","13:45:35",3655800
55,2.7,100,"bu","13:45:34",3651000
55,2.7,8100,"sd","13:45:29",3650900
55.1,2.8,1000,"bu","13:45:27",3642800
55,2.7,100,"sd","13:45:26",3641800
55.1,2.8,1000,"bu","13:45:23",3641700
55,2.7,35800,"sd","13:45:22",3640700
55,2.7,500,"sd","13:45:18",3604900
55.1,2.8,2000,"bu","13:45:16",3604400
55,2.7,2000,"sd","13:45:07",3602400
55.1,2.8,1000,"bu","13:45:02",3600400
55,2.7,1000,"sd","13:44:48",3599400
55.1,2.8,1000,"bu","13:44:48",3598400
55.1,2.8,1500,"bu","13:44:48",3597400
55.1,2.8,2500,"bu","13:44:41",3595900
55.1,2.8,1000,"bu","13:44:39",3592900
55.1,2.8,2300,"bu","13:44:33",3591900
55,2.7,200,"sd","13:44:32",3589600
55.1,2.8,500,"bu","13:44:28",3589400
55,2.7,500,"sd","13:44:25",3588900
55,2.7,100,"sd","13:44:20",3588400
55.1,2.8,5000,"bu","13:44:18",3588300
55.1,2.8,2200,"bu","13:44:15",3583300
55.1,2.8,100,"bu","13:44:15",3581100
55,2.7,1500,"sd","13:44:13",3581000
55.1,2.8,1700,"sd","13:43:57",3579500
55.1,2.8,600,"sd","13:43:55",3577800
55.2,2.9,100,"bu","13:43:52",3577200
55.1,2.8,1100,"sd","13:43:46",3577100
55.1,2.8,100,"sd","13:43:44",3576000
55.1,2.8,1100,"bu","13:43:43",3575900
55.1,2.8,300,"bu","13:43:41",3574800
55.1,2.8,2500,"bu","13:43:39",3574500
55.1,2.8,5400,"bu","13:43:35",3572000
55.1,2.8,3600,"sd","13:43:26",3566600
55.1,2.8,1000,"sd","13:43:25",3563000
55.1,2.8,100,"sd","13:43:21",3562000
55.1,2.8,4000,"sd","13:43:20",3561900
55.2,2.9,20000,"bu","13:43:18",3557900
55.2,2.9,100,"bu","13:43:15",3537900
55.2,2.9,200,"bu","13:43:12",3537800
55.2,2.9,200,"bu","13:43:11",3537600
55.2,2.9,500,"bu","13:43:10",3537400
55.2,2.9,500,"bu","13:43:07",3536900
55.2,2.9,2500,"bu","13:43:05",3536400
55.1,2.8,8800,"sd","13:43:03",3533900
55.1,2.8,100,"sd","13:42:59",3525100
55.2,2.9,100,"bu","13:42:57",3525000
55.2,2.9,300,"bu","13:42:51",3524900
55.2,2.9,3000,"bu","13:42:45",3524600
55.1,2.8,2000,"sd","13:42:42",3521600
55.2,2.9,1700,"bu","13:42:34",3519600
55.2,2.9,200,"bu","13:42:33",3517900
55.2,2.9,1500,"bu","13:42:31",3517700
55.2,2.9,200,"bu","13:42:22",3516200
55.2,2.9,600,"bu","13:42:18",3516000
55.2,2.9,500,"bu","13:42:17",3515400
55.2,2.9,1000,"bu","13:42:15",3514900
55.2,2.9,4700,"sd","13:42:14",3513900
55.3,3,200,"bu","13:42:13",3509200
55.2,2.9,1000,"sd","13:42:11",3509000
55.2,2.9,200,"sd","13:42:10",3508000
55.2,2.9,100,"sd","13:42:09",3507800
55.2,2.9,100,"bu","13:42:05",3507700
55.2,2.9,2800,"bu","13:42:04",3507600
55.2,2.9,3500,"bu","13:42:04",3504800
55.2,2.9,100,"bu","13:42:03",3501300
55.2,2.9,1000,"bu","13:42:00",3501200
55.2,2.9,300,"bu","13:41:59",3500200
55.2,2.9,500,"bu","13:41:58",3499900
55.2,2.9,1000,"bu","13:41:57",3499400
55.2,2.9,2800,"bu","13:41:56",3498400
55.2,2.9,1000,"bu","13:41:54",3495600
55.2,2.9,700,"bu","13:41:53",3494600
55.2,2.9,2000,"bu","13:41:52",3493900
55.1,2.8,200,"sd","13:41:52",3491900
55.2,2.9,500,"bu","13:41:52",3491700
55.1,2.8,100,"sd","13:41:50",3491200
55.2,2.9,100,"bu","13:41:49",3491100
55.2,2.9,3000,"bu","13:41:47",3491000
55.1,2.8,300,"sd","13:41:47",3488000
55.2,2.9,200,"bu","13:41:47",3487700
55.1,2.8,200,"sd","13:41:46",3487500
55.2,2.9,400,"bu","13:41:45",3487300
55.2,2.9,2000,"bu","13:41:40",3486900
55.1,2.8,200,"sd","13:41:39",3484900
55.1,2.8,100,"bu","13:41:39",3484600
55.2,2.9,200,"bu","13:41:39",3484500
55.2,2.9,500,"bu","13:41:38",3484300
55.1,2.8,500,"bu","13:41:38",3483800
55.1,2.8,2000,"bu","13:41:37",3483300
55.1,2.8,100,"bu","13:41:37",3481300
55.1,2.8,2900,"bu","13:41:36",3481200
55.1,2.8,2900,"bu","13:41:35",3478300
55.1,2.8,3000,"bu","13:41:30",3475400
55.1,2.8,100,"bu","13:41:29",3472400
55,2.7,1000,"sd","13:41:28",3472300
55,2.7,500,"sd","13:41:25",3471300
55,2.7,146400,"bu","13:41:24",3470800
54.9,2.6,28100,"bu","13:41:24",3324400
54.9,2.6,30000,"bu","13:41:23",3296300
54.9,2.6,300,"bu","13:41:17",3266300
54.9,2.6,100,"bu","13:41:15",3266000
54.8,2.5,100,"sd","13:41:14",3265900
54.8,2.5,100,"sd","13:41:12",3265300
54.9,2.6,1000,"bu","13:41:11",3265200
54.9,2.6,100,"bu","13:41:09",3264200
54.8,2.5,1100,"sd","13:41:09",3264100
54.9,2.6,1100,"bu","13:41:01",3263000
54.9,2.6,500,"bu","13:41:00",3261900
54.8,2.5,500,"sd","13:41:00",3261400
54.8,2.5,3100,"sd","13:40:59",3260900
54.8,2.5,14000,"bu","13:40:58",3257700
54.8,2.5,6200,"bu","13:40:54",3243700
54.8,2.5,200,"bu","13:40:53",3237500
54.8,2.5,1000,"bu","13:40:52",3237300
54.8,2.5,300,"bu","13:40:51",3236300
54.7,2.4,500,"sd","13:40:50",3236000
54.7,2.4,100,"sd","13:40:49",3235500
54.8,2.5,200,"bu","13:40:45",3235400
54.8,2.5,2500,"bu","13:40:43",3235200
54.7,2.4,400,"sd","13:40:42",3232700
54.7,2.4,100,"sd","13:40:39",3232300
54.8,2.5,900,"bu","13:40:38",3232200
54.8,2.5,100,"bu","13:40:34",3231300
54.8,2.5,1100,"bu","13:40:33",3231200
54.8,2.5,4600,"bu","13:40:33",3230100
54.8,2.5,1000,"bu","13:40:29",3225500
54.8,2.5,200,"bu","13:40:25",3224500
54.8,2.5,100,"bu","13:40:17",3224300
54.8,2.5,1900,"bu","13:40:16",3224200
54.8,2.5,100,"bu","13:40:10",3222300
54.7,2.4,1000,"sd","13:40:09",3222200
54.8,2.5,2000,"bu","13:40:08",3221200
54.7,2.4,2900,"bu","13:40:02",3219200
54.6,2.3,600,"sd","13:40:02",3216300
54.6,2.3,5000,"sd","13:40:01",3215700
54.7,2.4,1600,"bu","13:40:01",3210700
54.7,2.4,300,"bu","13:39:59",3209100
54.7,2.4,9700,"bu","13:39:59",3208800
54.6,2.3,100,"sd","13:39:58",3199100
54.7,2.4,2000,"bu","13:39:57",3199000
54.6,2.3,100,"sd","13:39:55",3197000
54.6,2.3,400,"sd","13:39:51",3196900
54.7,2.4,200,"bu","13:39:51",3196500
54.6,2.3,100,"sd","13:39:45",3196300
54.6,2.3,100,"sd","13:39:43",3196200
54.7,2.4,100,"bu","13:39:42",3196100
54.6,2.3,2800,"bu","13:39:38",3196000
54.6,2.3,3900,"bu","13:39:37",3193200
54.6,2.3,6800,"bu","13:39:36",3189300
54.6,2.3,100,"bu","13:39:36",3182500
54.6,2.3,200,"bu","13:39:35",3177100
54.6,2.3,3000,"bu","13:39:34",3176900
54.6,2.3,2500,"bu","13:39:33",3173900
54.6,2.3,10000,"bu","13:39:30",3171400
54.6,2.3,1500,"bu","13:39:29",3161400
54.6,2.3,8800,"bu","13:39:27",3159900
54.6,2.3,100,"bu","13:39:26",3151100
54.6,2.3,8800,"bu","13:39:22",3151000
54.6,2.3,100,"bu","13:39:21",3142200
54.5,2.2,200,"sd","13:39:20",3142100
54.5,2.2,6400,"bu","13:39:19",3141900
54.5,2.2,5700,"bu","13:39:18",3135500
54.5,2.2,1000,"bu","13:39:18",3129800
54.5,2.2,1200,"bu","13:39:15",3128800
54.5,2.2,5000,"bu","13:39:14",3127600
54.5,2.2,1000,"bu","13:39:12",3122600
54.5,2.2,2500,"bu","13:39:11",3121600
54.5,2.2,18300,"bu","13:39:11",3119100
54.5,2.2,7000,"bu","13:39:09",3100800
54.5,2.2,20000,"bu","13:39:06",3093800
54.5,2.2,700,"bu","13:39:04",3073800
54.5,2.2,2900,"bu","13:39:02",3073100
54.4,2.1,100,"bu","13:39:02",3070200
54.5,2.2,1000,"bu","13:38:59",3070100
54.5,2.2,35400,"bu","13:38:54",3069100
54.5,2.2,21100,"bu","13:38:53",3033700
54.4,2.1,5500,"bu","13:38:53",3012600
54.4,2.1,25400,"bu","13:38:52",3007100
54.4,2.1,25500,"bu","13:38:51",2981700
54.4,2.1,23400,"bu","13:38:50",2956200
54.3,2,1400,"bu","13:38:50",2932800
54.3,2,4600,"bu","13:38:49",2931400
54.3,2,2000,"bu","13:38:47",2926800
54.3,2,3000,"bu","13:38:36",2924800
54.3,2,1000,"bu","13:38:26",2921800
54.3,2,300,"bu","13:38:26",2920800
54.3,2,600,"bu","13:38:25",2920500
54.3,2,100,"bu","13:38:23",2919900
54.3,2,5000,"bu","13:38:22",2919800
54.3,2,100,"bu","13:38:21",2914800
54.3,2,100,"bu","13:38:16",2914700
54.3,2,1600,"bu","13:38:15",2914600
54.3,2,5000,"bu","13:38:10",2913000
54.3,2,500,"bu","13:38:02",2908000
54.3,2,4200,"sd","13:37:59",2907500
54.3,2,500,"sd","13:37:53",2903300
54.3,2,1000,"sd","13:37:51",2902800
54.3,2,100,"sd","13:37:42",2901800
54.3,2,900,"sd","13:37:40",2901700
54.3,2,300,"bu","13:37:32",2900800
54.3,2,700,"sd","13:37:30",2900500
54.3,2,200,"sd","13:37:29",2899800
54.3,2,100,"bu","13:37:24",2899600
54.2,1.9,4400,"sd","13:37:23",2899500
54.3,2,3100,"sd","13:37:23",2895100
54.3,2,400,"sd","13:37:19",2892000
54.3,2,1500,"bu","13:37:18",2891600
54.3,2,10000,"bu","13:37:17",2890100
54.3,2,8800,"bu","13:37:14",2880100
54.3,2,3000,"bu","13:37:13",2871300
54.3,2,8800,"bu","13:37:07",2868300
54.3,2,100,"bu","13:37:06",2859500
54.2,1.9,100,"sd","13:37:00",2859400
54.2,1.9,100,"sd","13:36:51",2859300
54.2,1.9,100,"sd","13:36:46",2859200
54.2,1.9,500,"sd","13:36:44",2859100
54.3,2,500,"bu","13:36:43",2858600
54.2,1.9,500,"sd","13:36:28",2858100
54.2,1.9,100,"sd","13:36:20",2857600
54.2,1.9,900,"sd","13:36:15",2857500
54.2,1.9,100,"sd","13:36:10",2856600
54.2,1.9,3300,"bu","13:36:09",2856500
54.2,1.9,4000,"bu","13:36:05",2853200
54.2,1.9,1000,"bu","13:36:01",2849200
54.2,1.9,500,"bu","13:35:51",2848200
54.2,1.9,1000,"bu","13:35:50",2847700
54.2,1.9,1000,"bu","13:35:47",2846700
54.2,1.9,2500,"bu","13:35:36",2845700
54.2,1.9,500,"bu","13:35:36",2843200
54.2,1.9,100,"bu","13:35:27",2842700
54.2,1.9,100,"bu","13:35:25",2842600
54.2,1.9,1000,"bu","13:35:23",2842500
54.1,1.8,100,"sd","13:35:20",2841500
54.1,1.8,1000,"sd","13:35:19",2841400
54.2,1.9,500,"bu","13:35:16",2840400
54.2,1.9,5000,"bu","13:35:12",2839900
54.1,1.8,1000,"sd","13:35:08",2834900
54.2,1.9,1100,"bu","13:35:05",2833900
54.2,1.9,500,"bu","13:35:00",2832800
54.2,1.9,100,"bu","13:34:57",2832300
54.2,1.9,300,"bu","13:34:55",2832200
54.2,1.9,400,"bu","13:34:52",2829500
54.2,1.9,500,"bu","13:34:43",2829100
54.2,1.9,1500,"bu","13:34:38",2828600
54.2,1.9,25700,"sd","13:34:34",2827100
54.3,2,200,"bu","13:34:29",2801400
54.2,1.9,1000,"sd","13:34:28",2801200
54.2,1.9,10000,"sd","13:34:22",2800200
54.3,2,500,"bu","13:34:21",2790200
54.3,2,100,"bu","13:34:17",2789700
54.2,1.9,200,"sd","13:34:16",2789600
54.2,1.9,500,"sd","13:34:08",2789400
54.3,2,1300,"bu","13:34:07",2788900
54.3,2,400,"bu","13:33:58",2787600
54.2,1.9,500,"sd","13:33:54",2787200
54.3,2,1000,"bu","13:33:52",2786700
54.3,2,100,"bu","13:33:51",2785700
54.3,2,1000,"bu","13:33:50",2785600
54.3,2,500,"bu","13:33:48",2783600
54.2,1.9,100,"sd","13:33:47",2783100
54.2,1.9,100,"sd","13:33:42",2783000
54.3,2,200,"bu","13:33:41",2782900
54.2,1.9,100,"sd","13:33:35",2782700
54.3,2,100,"bu","13:33:32",2782600
54.3,2,1000,"bu","13:33:32",2782500
54.2,1.9,200,"sd","13:33:30",2781500
54.2,1.9,500,"sd","13:33:29",2781300
54.2,1.9,3000,"sd","13:33:28",2780800
54.2,1.9,600,"sd","13:33:24",2777800
54.2,1.9,100,"sd","13:33:21",2777200
54.3,2,2000,"bu","13:33:17",2777100
54.2,1.9,1000,"sd","13:33:12",2775100
54.3,2,300,"bu","13:33:12",2774100
54.3,2,9700,"bu","13:33:11",2773800
54.3,2,1800,"bu","13:33:08",2764100
54.3,2,100,"bu","13:33:06",2762300
54.3,2,3700,"sd","13:33:00",2762200
54.3,2,100,"sd","13:32:59",2758500
54.3,2,4000,"sd","13:32:58",2758400
54.3,2,100,"sd","13:32:57",2754400
54.3,2,1000,"sd","13:32:50",2754300
54.3,2,200,"sd","13:32:49",2753300
54.3,2,200,"sd","13:32:49",2753100
54.3,2,2300,"sd","13:32:48",2752900
54.3,2,7600,"sd","13:32:46",2750600
54.3,2,100,"sd","13:32:45",2743000
54.3,2,5000,"sd","13:32:44",2742900
54.3,2,1000,"sd","13:32:43",2737900
54.3,2,200,"sd","13:32:40",2736900
54.3,2,500,"sd","13:32:39",2736700
54.3,2,300,"sd","13:32:38",2736200
54.3,2,4000,"sd","13:32:36",2735900
54.3,2,1000,"sd","13:32:35",2731900
54.3,2,700,"sd","13:32:33",2730900
54.3,2,1000,"sd","13:32:33",2730200
54.3,2,500,"sd","13:32:30",2729200
54.3,2,500,"sd","13:32:29",2728700
54.3,2,300,"sd","13:32:28",2728200
54.3,2,5000,"sd","13:32:26",2727900
54.3,2,100,"sd","13:32:23",2722900
54.3,2,500,"sd","13:32:19",2722800
54.3,2,200,"sd","13:32:10",2722300
54.4,2.1,2000,"bu","13:31:56",2722100
54.3,2,1200,"sd","13:31:50",2720100
54.3,2,300,"sd","13:31:49",2718900
54.4,2.1,200,"bu","13:31:49",2718600
54.3,2,1000,"sd","13:31:47",2718400
54.4,2.1,200,"bu","13:31:46",2717400
54.4,2.1,300,"bu","13:31:43",2717200
54.4,2.1,7700,"bu","13:31:41",2716900
54.4,2.1,500,"bu","13:31:36",2709200
54.4,2.1,500,"bu","13:31:25",2708700
54.4,2.1,500,"bu","13:31:13",2708200
54.4,2.1,800,"bu","13:31:11",2707700
54.4,2.1,1800,"bu","13:31:09",2706900
54.4,2.1,1900,"bu","13:31:07",2705100
54.4,2.1,3500,"bu","13:31:04",2703200
54.4,2.1,100,"bu","13:31:02",2699700
54.4,2.1,2000,"bu","13:31:00",2699600
54.4,2.1,800,"bu","13:30:59",2697600
54.4,2.1,4000,"bu","13:30:58",2696800
54.4,2.1,300,"bu","13:30:52",2692800
54.4,2.1,7400,"sd","13:30:49",2692500
54.4,2.1,1000,"sd","13:30:49",2685100
54.4,2.1,100,"sd","13:30:48",2684100
54.4,2.1,2700,"sd","13:30:48",2684000
54.4,2.1,1800,"sd","13:30:46",2681300
54.5,2.2,1000,"bu","13:30:45",2679500
54.4,2.1,1000,"sd","13:30:44",2678500
54.4,2.1,2000,"sd","13:30:43",2677500
54.4,2.1,200,"sd","13:30:42",2675500
54.4,2.1,17000,"sd","13:30:41",2675300
54.4,2.1,600,"sd","13:30:39",2658300
54.4,2.1,100,"sd","13:30:38",2657700
54.4,2.1,100,"sd","13:30:37",2657600
54.5,2.2,1600,"bu","13:30:34",2657500
54.4,2.1,1000,"sd","13:30:31",2655900
54.5,2.2,500,"bu","13:30:29",2654900
54.4,2.1,300,"sd","13:30:28",2654400
54.5,2.2,1200,"bu","13:30:24",2654100
54.4,2.1,100,"sd","13:30:21",2652900
54.4,2.1,1000,"sd","13:30:19",2652800
54.5,2.2,200,"bu","13:30:08",2651800
54.4,2.1,300,"sd","13:30:08",2651600
54.4,2.1,800,"sd","13:30:07",2651300
54.4,2.1,700,"sd","13:30:06",2650500
54.5,2.2,1000,"bu","13:30:05",2649800
54.5,2.2,1000,"bu","13:30:03",2648800
54.4,2.1,500,"sd","13:30:03",2647800
54.5,2.2,100,"bu","13:30:01",2647300
54.4,2.1,100,"sd","13:29:58",2647200
54.5,2.2,100,"bu","13:29:56",2647100
54.4,2.1,100,"sd","13:29:55",2647000
54.4,2.1,200,"sd","13:29:54",2646900
54.4,2.1,10200,"sd","13:29:51",2646700
54.5,2.2,100,"bu","13:29:50",2636500
54.5,2.2,2000,"bu","13:29:49",2636400
54.5,2.2,100,"bu","13:29:44",2634400
54.5,2.2,700,"bu","13:29:43",2634300
54.4,2.1,1000,"sd","13:29:37",2633600
54.5,2.2,100,"bu","13:29:34",2632600
54.4,2.1,100,"sd","13:29:28",2632500
54.5,2.2,400,"bu","13:29:28",2632400
54.5,2.2,1000,"bu","13:29:27",2632000
54.4,2.1,2000,"sd","13:29:26",2631000
54.5,2.2,300,"bu","13:29:26",2629000
54.5,2.2,200,"bu","13:29:25",2628700
54.5,2.2,3000,"bu","13:29:18",2628500
54.4,2.1,500,"sd","13:29:14",2625500
54.4,2.1,300,"sd","13:29:09",2625000
54.5,2.2,200,"bu","13:29:07",2624700
54.5,2.2,800,"bu","13:29:05",2624500
54.5,2.2,200,"bu","13:28:57",2623700
54.4,2.1,1000,"sd","13:28:56",2623500
54.4,2.1,1000,"sd","13:28:54",2622500
54.4,2.1,300,"sd","13:28:49",2621500
54.5,2.2,500,"bu","13:28:48",2621200
54.4,2.1,300,"sd","13:28:48",2620700
54.4,2.1,300,"sd","13:28:47",2620400
54.4,2.1,100,"sd","13:28:46",2620100
54.5,2.2,2000,"bu","13:28:45",2620000
54.4,2.1,100,"sd","13:28:41",2618000
54.5,2.2,1000,"bu","13:28:40",2617900
54.4,2.1,400,"sd","13:28:38",2616900
54.4,2.1,1500,"sd","13:28:37",2616500
54.4,2.1,400,"sd","13:28:36",2615000
54.4,2.1,1000,"sd","13:28:35",2614600
54.4,2.1,500,"sd","13:28:34",2613600
54.4,2.1,200,"sd","13:28:33",2613100
54.4,2.1,100,"sd","13:28:30",2612900
54.4,2.1,100,"sd","13:28:26",2612800
54.4,2.1,100,"sd","13:28:22",2612700
54.5,2.2,100,"bu","13:28:20",2598600
54.4,2.1,1000,"sd","13:28:20",2598500
54.4,2.1,100,"sd","13:28:18",2597500
54.4,2.1,500,"sd","13:28:17",2597400
54.4,2.1,100,"sd","13:28:17",2596900
54.4,2.1,200,"sd","13:28:15",2596800
54.5,2.2,1100,"bu","13:28:13",2596600
54.4,2.1,100,"sd","13:28:07",2595500
54.5,2.2,3000,"bu","13:28:05",2595400
54.4,2.1,1000,"sd","13:28:03",2592400
54.5,2.2,100,"bu","13:27:48",2591400
54.5,2.2,100,"bu","13:27:44",2591300
54.5,2.2,7600,"bu","13:27:29",2591200
54.5,2.2,200,"bu","13:27:27",2583600
54.5,2.2,4000,"bu","13:27:17",2583400
54.4,2.1,100,"bu","13:27:15",2579400
54.5,2.2,600,"bu","13:27:06",2579300
54.4,2.1,29500,"bu","13:27:06",2578700
54.4,2.1,1000,"bu","13:27:00",2549200
54.3,2,2900,"sd","13:26:55",2548200
54.3,2,1400,"sd","13:26:54",2545300
54.4,2.1,100,"bu","13:26:51",2543900
54.4,2.1,100,"bu","13:26:49",2543800
54.4,2.1,2000,"bu","13:26:41",2543700
54.4,2.1,3000,"bu","13:26:40",2541700
54.3,2,1000,"sd","13:26:37",2538700
54.4,2.1,2100,"bu","13:26:31",2537700
54.4,2.1,100,"bu","13:26:29",2535600
54.3,2,3300,"bu","13:26:16",2535500
54.3,2,4700,"sd","13:26:14",2532200
54.3,2,400,"sd","13:26:10",2527500
54.3,2,500,"sd","13:26:08",2527100
54.4,2.1,18800,"bu","13:26:05",2526600
54.3,2,200,"bu","13:26:05",2507800
54.3,2,300,"bu","13:26:02",2507600
54.3,2,5000,"bu","13:25:58",2507300
54.3,2,1000,"bu","13:25:54",2502300
54.3,2,600,"sd","13:25:53",2501300
54.3,2,2000,"sd","13:25:52",2500700
54.3,2,2000,"sd","13:25:51",2498700
54.3,2,1100,"sd","13:25:49",2496700
54.3,2,1400,"sd","13:25:45",2495600
54.3,2,1300,"sd","13:25:43",2494200
54.3,2,3100,"sd","13:25:41",2492900
54.3,2,100,"sd","13:25:40",2489800
54.3,2,1000,"sd","13:25:38",2489700
54.3,2,500,"sd","13:25:37",2488700
54.3,2,600,"sd","13:25:36",2488200
54.3,2,200,"sd","13:25:35",2487600
54.3,2,100,"sd","13:25:32",2487400
54.4,2.1,200,"bu","13:25:32",2487300
54.3,2,1000,"sd","13:25:31",2487100
54.3,2,3000,"sd","13:25:29",2486100
54.3,2,100,"sd","13:25:26",2483100
54.3,2,100,"sd","13:25:25",2483000
54.3,2,41100,"bu","13:25:23",2482900
54.2,1.9,500,"sd","13:25:22",2441800
54.2,1.9,400,"sd","13:25:21",2441300
54.2,1.9,100,"sd","13:25:20",2440900
54.2,1.9,800,"bu","13:25:13",2440800
54.2,1.9,1200,"sd","13:25:09",2440000
54.2,1.9,100,"sd","13:25:07",2438800
54.2,1.9,400,"sd","13:25:04",2438700
54.2,1.9,3000,"bu","13:25:02",2438300
54.2,1.9,4900,"bu","13:25:02",2435300
54.2,1.9,500,"bu","13:24:59",2430400
54.2,1.9,2000,"bu","13:24:59",2429900
54.2,1.9,1000,"bu","13:24:55",2427900
54.1,1.8,300,"sd","13:24:54",2426900
54.2,1.9,1000,"bu","13:24:53",2426600
54.1,1.8,100,"sd","13:24:52",2425600
54.2,1.9,100,"bu","13:24:49",2425500
54.2,1.9,7100,"bu","13:24:46",2425400
54.1,1.8,3700,"sd","13:24:45",2418300
54.2,1.9,700,"bu","13:24:44",2414600
54.2,1.9,700,"bu","13:24:36",2413900
54.1,1.8,1000,"sd","13:24:31",2413200
54.2,1.9,100,"bu","13:24:28",2412200
54.2,1.9,1000,"bu","13:24:24",2412100
54.2,1.9,5800,"sd","13:24:23",2411100
54.2,1.9,2000,"sd","13:24:22",2405300
54.2,1.9,100,"sd","13:24:21",2402600
54.2,1.9,500,"sd","13:24:20",2402500
54.2,1.9,100,"sd","13:24:19",2402000
54.2,1.9,100,"sd","13:24:18",2400900
54.2,1.9,1000,"sd","13:24:11",2390800
54.3,2,2000,"bu","13:24:07",2389800
54.2,1.9,200,"sd","13:24:05",2387800
54.2,1.9,400,"sd","13:24:01",2387600
54.3,2,2000,"bu","13:23:57",2387200
54.2,1.9,1500,"sd","13:23:57",2385200
54.2,1.9,200,"sd","13:23:51",2383700
54.3,2,200,"bu","13:23:45",2383500
54.3,2,400,"bu","13:23:42",2383300
54.3,2,14700,"sd","13:23:40",2382900
54.3,2,100,"sd","13:23:39",2368200
54.3,2,8800,"bu","13:23:32",2368100
54.3,2,1000,"bu","13:23:23",2359300
54.3,2,6800,"bu","13:23:20",2358300
54.3,2,500,"bu","13:23:16",2351500
54.3,2,200,"bu","13:23:15",2351000
54.3,2,4000,"bu","13:23:11",2350800
54.4,2.1,300,"bu","13:23:03",2346800
54.4,2.1,600,"bu","13:22:59",2346500
54.3,2,4600,"sd","13:22:57",2345500
54.3,2,5000,"sd","13:22:55",2340900
54.4,2.1,6300,"bu","13:22:52",2335900
54.4,2.1,3000,"bu","13:22:49",2329600
54.4,2.1,1000,"bu","13:22:48",2326600
54.4,2.1,300,"bu","13:22:45",2325600
54.5,2.2,2000,"bu","13:22:43",2325300
54.4,2.1,100,"bu","13:22:42",2323300
54.4,2.1,100,"bu","13:22:42",2323200
54.4,2.1,1300,"sd","13:22:41",2323100
54.4,2.1,1100,"sd","13:22:40",2321800
54.4,2.1,1100,"sd","13:22:39",2320700
54.4,2.1,2000,"sd","13:22:37",2319600
54.5,2.2,1600,"bu","13:22:37",2317600
54.4,2.1,2000,"sd","13:22:34",2316000
54.4,2.1,100,"sd","13:22:33",2314000
54.4,2.1,500,"sd","13:22:32",2313900
54.5,2.2,100,"bu","13:22:32",2313400
54.4,2.1,1000,"sd","13:22:30",2313300
54.4,2.1,200,"sd","13:22:30",2312300
54.4,2.1,1000,"sd","13:22:29",2312100
54.4,2.1,200,"sd","13:22:28",2311100
54.5,2.2,2000,"bu","13:22:24",2310900
54.4,2.1,500,"sd","13:22:23",2308900
54.4,2.1,100,"sd","13:22:23",2308400
54.4,2.1,300,"sd","13:22:21",2308300
54.5,2.2,200,"bu","13:22:20",2308000
54.5,2.2,5000,"bu","13:22:19",2307800
54.4,2.1,3700,"bu","13:22:19",2302800
54.4,2.1,7000,"bu","13:22:18",2299100
54.4,2.1,2000,"bu","13:22:15",2292100
54.4,2.1,3000,"bu","13:22:10",2290100
54.3,2,100,"sd","13:22:10",2287100
54.4,2.1,1000,"bu","13:22:09",2287000
54.3,2,200,"sd","13:22:08",2286000
54.4,2.1,2700,"bu","13:22:07",2285800
54.4,2.1,7300,"bu","13:22:07",2283100
54.3,2,2000,"sd","13:22:05",2275800
54.3,2,100,"sd","13:22:05",2273800
54.3,2,3100,"sd","13:22:03",2273700
54.3,2,1000,"sd","13:22:01",2270600
54.3,2,900,"sd","13:22:00",2269600
54.3,2,100,"sd","13:21:59",2268700
54.3,2,100,"bu","13:21:58",2268600
54.3,2,100,"bu","13:21:57",2268500
54.3,2,3000,"bu","13:21:56",2268400
54.3,2,14000,"bu","13:21:55",2265400
54.2,1.9,100,"sd","13:21:54",2251400
54.3,2,300,"bu","13:21:51",2251300
54.3,2,300,"bu","13:21:50",2251000
54.3,2,2800,"bu","13:21:49",2250700
54.2,1.9,500,"sd","13:21:48",2247900
54.3,2,100,"bu","13:21:48",2247400
54.2,1.9,300,"sd","13:21:48",2247300
54.2,1.9,5000,"sd","13:21:46",2247000
54.2,1.9,3900,"bu","13:21:44",2242000
54.2,1.9,300,"bu","13:21:44",2238100
54.1,1.8,200,"sd","13:21:43",2237800
54.2,1.9,3000,"bu","13:21:41",2237600
54.1,1.8,100,"sd","13:21:40",2234600
54.2,1.9,9500,"bu","13:21:40",2234500
54.2,1.9,8500,"bu","13:21:37",2225000
54.1,1.8,1000,"sd","13:21:37",2216500
54.2,1.9,500,"bu","13:21:35",2215500
54.2,1.9,1000,"bu","13:21:34",2215000
54.2,1.9,100,"bu","13:21:32",2214000
54.1,1.8,100,"sd","13:21:28",2213900
54.1,1.8,8300,"bu","13:21:28",2213800
54.1,1.8,1100,"bu","13:21:26",2205500
54.1,1.8,1000,"bu","13:21:25",2204400
54.1,1.8,400,"bu","13:21:25",2203400
54.1,1.8,2300,"bu","13:21:24",2203000
54,1.7,100,"sd","13:21:23",2200700
54.1,1.8,100,"bu","13:21:21",2200600
54.1,1.8,1000,"bu","13:21:18",2200500
54,1.7,200,"sd","13:21:16",2199500
54,1.7,10300,"bu","13:21:16",2198800
54,1.7,13200,"bu","13:21:15",2188500
54,1.7,9900,"bu","13:21:14",2175300
54,1.7,11800,"bu","13:21:14",2165400
54,1.7,25100,"bu","13:21:13",2153600
54,1.7,9000,"bu","13:21:12",2128500
54,1.7,10600,"bu","13:21:11",2119500
54,1.7,40300,"bu","13:21:10",2108900
54,1.7,3900,"bu","13:21:09",2068600
54,1.7,1200,"bu","13:21:08",2064700
54,1.7,2000,"bu","13:21:07",2063500
54,1.7,5000,"bu","13:21:06",2061500
54,1.7,4000,"bu","13:21:06",2056500
54,1.7,500,"bu","13:21:04",2052500
54,1.7,5000,"bu","13:21:03",2052000
54,1.7,7300,"bu","13:21:02",2044000
53.9,1.6,19400,"bu","13:21:02",2036700
53.9,1.6,4100,"bu","13:21:01",2017300
53.9,1.6,11800,"bu","13:21:00",2013200
53.9,1.6,100,"bu","13:20:59",2001400
53.9,1.6,14100,"bu","13:20:58",2001300
53.9,1.6,3100,"bu","13:20:57",1987200
53.9,1.6,10000,"bu","13:20:56",1984100
53.9,1.6,4500,"bu","13:20:55",1974100
53.9,1.6,3100,"bu","13:20:54",1969600
53.9,1.6,2500,"bu","13:20:53",1966500
53.9,1.6,1100,"bu","13:20:51",1964000
53.8,1.5,2500,"sd","13:20:50",1962900
53.8,1.5,100,"sd","13:20:49",1960400
53.9,1.6,1100,"bu","13:20:49",1960300
53.8,1.5,100,"sd","13:20:43",1959200
53.8,1.5,200,"sd","13:20:41",1959100
53.8,1.5,9300,"bu","13:20:38",1958900
53.8,1.5,4000,"bu","13:20:37",1949600
53.8,1.5,1100,"bu","13:20:37",1945600
53.8,1.5,10000,"bu","13:20:36",1944500
53.8,1.5,13600,"bu","13:20:35",1934500
53.8,1.5,7400,"bu","13:20:35",1920900
53.8,1.5,1100,"bu","13:20:34",1913500
53.8,1.5,7900,"bu","13:20:33",1912400
53.8,1.5,5000,"bu","13:20:33",1904500
53.8,1.5,200,"bu","13:20:31",1899500
53.8,1.5,500,"bu","13:20:20",1899300
53.8,1.5,100,"bu","13:20:15",1898800
53.8,1.5,100,"bu","13:20:14",1898700
53.8,1.5,25000,"bu","13:20:12",1898600
53.8,1.5,1800,"bu","13:20:09",1873600
53.8,1.5,900,"bu","13:20:01",1871800
53.8,1.5,100,"bu","13:19:52",1870900
53.7,1.4,2000,"sd","13:19:51",1870800
53.7,1.4,1000,"sd","13:19:50",1868800
53.7,1.4,100,"sd","13:19:49",1867800
53.8,1.5,9000,"bu","13:19:48",1867700
53.7,1.4,1000,"sd","13:19:46",1858700
53.8,1.5,100,"bu","13:19:44",1857700
53.7,1.4,2000,"sd","13:19:38",1857600
53.7,1.4,500,"sd","13:19:35",1855600
53.7,1.4,1000,"sd","13:19:27",1855100
53.7,1.4,1000,"sd","13:19:22",1854100
53.7,1.4,100,"sd","13:19:19",1853100
53.7,1.4,1000,"sd","13:19:17",1853000
53.8,1.5,4000,"bu","13:19:11",1852000
53.7,1.4,500,"sd","13:19:00",1848000
53.7,1.4,5000,"sd","13:18:59",1847500
53.7,1.4,500,"sd","13:18:57",1842500
53.7,1.4,100,"sd","13:18:52",1842000
53.7,1.4,6100,"sd","13:18:50",1841900
53.8,1.5,200,"bu","13:18:45",1835800
53.7,1.4,900,"sd","13:18:44",1835600
53.8,1.5,2200,"bu","13:18:36",1834700
53.8,1.5,700,"bu","13:18:35",1832500
53.8,1.5,200,"bu","13:18:32",1831800
53.8,1.5,100,"bu","13:18:24",1831600
53.7,1.4,26900,"bu","13:18:21",1831500
53.7,1.4,100,"bu","13:18:11",1804600
53.7,1.4,200,"bu","13:18:10",1804500
53.7,1.4,800,"bu","13:17:57",1804300
53.7,1.4,400,"bu","13:17:56",1803500
53.7,1.4,100,"bu","13:17:51",1803100
53.7,1.4,6300,"bu","13:17:39",1803000
53.7,1.4,100,"bu","13:17:28",1796700
53.6,1.3,23600,"bu","13:17:22",1796600
53.6,1.3,5000,"bu","13:17:20",1773000
53.6,1.3,500,"bu","13:17:17",1768000
53.6,1.3,3000,"bu","13:17:17",1767500
53.5,1.2,400,"sd","13:16:51",1764500
53.5,1.2,7700,"bu","13:16:42",1764100
53.5,1.2,20900,"bu","13:16:41",1756400
53.5,1.2,28800,"bu","13:16:39",1735500
53.5,1.2,10000,"bu","13:16:37",1706700
53.4,1.1,500,"sd","13:16:32",1696700
53.4,1.1,300,"sd","13:16:29",1696200
53.5,1.2,10000,"bu","13:16:25",1695900
53.4,1.1,500,"sd","13:16:25",1685900
53.4,1.1,2000,"sd","13:16:19",1685400
53.4,1.1,2000,"sd","13:16:09",1683400
53.4,1.1,100,"sd","13:16:07",1681400
53.4,1.1,1000,"sd","13:16:04",1681300
53.4,1.1,1300,"sd","13:16:01",1680300
53.4,1.1,200,"sd","13:15:57",1679000
53.4,1.1,500,"sd","13:15:55",1678800
53.4,1.1,1000,"sd","13:15:52",1678300
53.4,1.1,1000,"sd","13:15:49",1677300
53.4,1.1,200,"sd","13:15:41",1676300
53.4,1.1,600,"sd","13:15:34",1676100
53.4,1.1,1000,"sd","13:15:29",1675500
53.4,1.1,500,"sd","13:15:25",1674500
53.4,1.1,900,"sd","13:15:20",1674000
53.4,1.1,1100,"sd","13:15:12",1673100
53.4,1.1,100,"sd","13:15:10",1672000
53.4,1.1,3000,"sd","13:15:08",1671900
53.4,1.1,1000,"sd","13:15:01",1668900
53.4,1.1,1000,"sd","13:14:58",1667900
53.4,1.1,2200,"sd","13:14:53",1666900
53.4,1.1,100,"sd","13:14:48",1664700
53.4,1.1,100,"sd","13:14:34",1664600
53.4,1.1,500,"sd","13:14:31",1664500
53.4,1.1,1000,"sd","13:14:30",1664000
53.4,1.1,100,"sd","13:14:28",1663000
53.4,1.1,500,"sd","13:14:24",1662900
53.4,1.1,2000,"sd","13:14:19",1662400
53.4,1.1,100,"sd","13:14:13",1660400
53.4,1.1,1000,"sd","13:14:11",1660300
53.4,1.1,100,"sd","13:14:04",1659300
53.4,1.1,500,"sd","13:13:57",1659200
53.4,1.1,2000,"sd","13:13:46",1658700
53.4,1.1,1500,"bu","13:13:44",1656700
53.4,1.1,2000,"bu","13:13:41",1655200
53.4,1.1,3000,"bu","13:13:28",1653200
53.4,1.1,300,"bu","13:13:17",1650200
53.4,1.1,2400,"sd","13:13:11",1649900
53.4,1.1,100,"sd","13:13:09",1647500
53.4,1.1,500,"sd","13:13:08",1647400
53.4,1.1,500,"sd","13:12:59",1646900
53.4,1.1,100,"sd","13:12:52",1646400
53.4,1.1,500,"sd","13:12:48",1646300
53.4,1.1,2600,"sd","13:12:41",1645800
53.4,1.1,1100,"sd","13:12:25",1643200
53.4,1.1,100,"sd","13:12:17",1642100
53.4,1.1,100,"sd","13:12:15",1642000
53.4,1.1,200,"sd","13:12:10",1641900
53.4,1.1,100,"sd","13:12:09",1641700
53.4,1.1,500,"sd","13:12:06",1641600
53.4,1.1,10000,"sd","13:11:57",1641100
53.4,1.1,4300,"bu","13:11:51",1631100
53.4,1.1,300,"bu","13:11:49",1626800
53.4,1.1,100,"bu","13:11:40",1626500
53.4,1.1,200,"bu","13:11:37",1626400
53.4,1.1,2400,"sd","13:11:21",1626200
53.4,1.1,1000,"sd","13:11:20",1623800
53.4,1.1,1000,"sd","13:11:15",1622800
53.4,1.1,10000,"sd","13:11:14",1621800
53.4,1.1,1000,"sd","13:11:14",1611800
53.4,1.1,1500,"sd","13:11:04",1610800
53.4,1.1,200,"sd","13:10:59",1609300
53.4,1.1,400,"sd","13:10:50",1609100
53.4,1.1,300,"sd","13:10:45",1608700
53.4,1.1,3000,"sd","13:10:44",1608400
53.5,1.2,800,"bu","13:10:32",1605400
53.4,1.1,100,"sd","13:10:31",1604600
53.4,1.1,300,"sd","13:10:29",1604500
53.4,1.1,1000,"sd","13:10:27",1604200
53.4,1.1,500,"sd","13:10:25",1603200
53.4,1.1,5000,"sd","13:10:18",1602700
53.4,1.1,1000,"sd","13:10:17",1597700
53.4,1.1,1000,"sd","13:10:15",1596700
53.4,1.1,1000,"sd","13:10:10",1595700
53.4,1.1,10000,"sd","13:10:07",1594700
53.5,1.2,200,"bu","13:10:06",1584700
53.5,1.2,400,"bu","13:10:03",1584500
53.4,1.1,500,"sd","13:10:01",1584100
53.4,1.1,100,"sd","13:09:47",1583600
53.4,1.1,1000,"sd","13:09:45",1583500
53.5,1.2,400,"bu","13:09:44",1582500
53.4,1.1,1000,"sd","13:09:32",1582100
53.4,1.1,4000,"sd","13:09:27",1581100
53.4,1.1,900,"sd","13:09:26",1577100
53.4,1.1,1000,"sd","13:09:23",1576200
53.4,1.1,1000,"sd","13:09:21",1575200
53.4,1.1,100,"sd","13:09:17",1574200
53.4,1.1,1900,"sd","13:09:12",1574100
53.4,1.1,1000,"sd","13:09:11",1572200
53.4,1.1,100,"sd","13:09:09",1571200
53.4,1.1,100,"sd","13:08:59",1571100
53.4,1.1,5000,"sd","13:08:54",1571000
53.4,1.1,100,"sd","13:08:47",1566000
53.5,1.2,4000,"bu","13:08:35",1565900
53.4,1.1,100,"sd","13:08:26",1561900
53.5,1.2,1000,"bu","13:08:13",1561800
53.5,1.2,1000,"bu","13:07:51",1560800
53.4,1.1,1500,"sd","13:07:38",1559800
53.4,1.1,600,"sd","13:07:36",1558300
53.4,1.1,1200,"sd","13:07:22",1557700
53.4,1.1,1000,"sd","13:07:17",1556500
53.4,1.1,1000,"sd","13:07:16",1555500
53.4,1.1,500,"sd","13:07:11",1554500
53.4,1.1,100,"sd","13:07:07",1554000
53.4,1.1,2000,"sd","13:06:59",1553900
53.4,1.1,1000,"sd","13:06:53",1551900
53.4,1.1,200,"sd","13:06:40",1550900
53.4,1.1,1700,"sd","13:06:28",1550700
53.4,1.1,500,"sd","13:06:22",1549000
53.4,1.1,1000,"sd","13:06:19",1548500
53.4,1.1,1000,"sd","13:06:16",1547500
53.4,1.1,200,"sd","13:06:13",1546500
53.4,1.1,100,"sd","13:06:11",1546300
53.4,1.1,100,"sd","13:06:10",1546200
53.4,1.1,300,"sd","13:06:09",1546100
53.4,1.1,200,"sd","13:06:08",1545800
53.4,1.1,1200,"sd","13:06:05",1545600
53.4,1.1,5000,"sd","13:06:03",1544400
53.4,1.1,1500,"sd","13:05:54",1539400
53.4,1.1,600,"sd","13:05:53",1537900
53.4,1.1,200,"sd","13:05:52",1537300
53.4,1.1,100,"sd","13:05:51",1537100
53.4,1.1,2000,"sd","13:05:48",1537000
53.4,1.1,700,"sd","13:05:47",1535000
53.4,1.1,200,"sd","13:05:44",1534300
53.4,1.1,1500,"sd","13:05:43",1534100
53.4,1.1,1000,"sd","13:05:42",1532600
53.4,1.1,1000,"sd","13:05:35",1531600
53.4,1.1,2600,"sd","13:05:28",1530600
53.4,1.1,1600,"sd","13:05:25",1528000
53.4,1.1,400,"sd","13:05:24",1526400
53.4,1.1,1000,"sd","13:05:21",1526000
53.4,1.1,100,"sd","13:05:12",1525000
53.4,1.1,500,"sd","13:04:56",1524900
53.5,1.2,7900,"sd","13:04:55",1524400
53.5,1.2,1000,"sd","13:04:54",1516500
53.5,1.2,1000,"sd","13:04:53",1515500
53.5,1.2,100,"sd","13:04:50",1514500
53.5,1.2,100,"sd","13:04:48",1514400
53.5,1.2,100,"sd","13:04:46",1514300
53.5,1.2,2000,"sd","13:04:44",1514200
53.5,1.2,1000,"sd","13:04:34",1512200
53.5,1.2,500,"sd","13:04:33",1511200
53.5,1.2,5000,"sd","13:04:29",1510700
53.6,1.3,6000,"bu","13:04:28",1505700
53.6,1.3,400,"bu","13:04:18",1499700
53.5,1.2,100,"sd","13:04:15",1499300
53.5,1.2,500,"sd","13:04:15",1499200
53.5,1.2,2000,"sd","13:04:13",1498700
53.5,1.2,500,"sd","13:04:11",1496700
53.5,1.2,500,"sd","13:04:07",1496200
53.5,1.2,3000,"sd","13:04:04",1495700
53.5,1.2,200,"sd","13:04:03",1492700
53.5,1.2,700,"sd","13:04:01",1492500
53.5,1.2,500,"sd","13:04:00",1491800
53.5,1.2,100,"sd","13:03:57",1491300
53.5,1.2,2000,"sd","13:03:54",1491200
53.5,1.2,300,"sd","13:03:54",1489200
53.5,1.2,200,"sd","13:03:52",1488900
53.5,1.2,5000,"sd","13:03:47",1488700
53.5,1.2,100,"sd","13:03:41",1483700
53.5,1.2,1000,"sd","13:03:36",1483600
53.5,1.2,2000,"sd","13:03:35",1482600
53.5,1.2,500,"sd","13:03:32",1480600
53.5,1.2,2500,"sd","13:03:31",1480100
53.5,1.2,3000,"sd","13:03:29",1477600
53.5,1.2,300,"sd","13:03:22",1474600
53.5,1.2,2000,"sd","13:03:15",1474300
53.6,1.3,200,"bu","13:03:06",1472300
53.6,1.3,4000,"bu","13:02:58",1472100
53.6,1.3,500,"bu","13:02:46",1468100
53.6,1.3,100,"bu","13:02:42",1467600
53.5,1.2,500,"sd","13:02:41",1467500
53.6,1.3,1000,"bu","13:02:40",1467000
53.6,1.3,2300,"bu","13:02:33",1466000
53.6,1.3,100,"bu","13:02:28",1463700
53.6,1.3,500,"bu","13:02:27",1463600
53.6,1.3,1000,"bu","13:02:23",1463100
53.6,1.3,2000,"bu","13:02:18",1462100
53.6,1.3,700,"bu","13:02:10",1460100
53.6,1.3,300,"bu","13:01:53",1459400
53.6,1.3,5500,"sd","13:01:04",1459100
53.6,1.3,2200,"sd","13:01:02",1453600
53.6,1.3,1000,"sd","13:00:58",1451400
53.6,1.3,500,"sd","13:00:54",1450400
53.6,1.3,100,"sd","13:00:52",1449900
53.6,1.3,800,"sd","13:00:51",1449800
53.6,1.3,500,"sd","13:00:41",1449000
53.6,1.3,100,"sd","13:00:23",1448500
53.6,1.3,500,"sd","13:00:19",1448400
53.6,1.3,2300,"sd","13:00:19",1447900
53.6,1.3,100,"sd","13:00:18",1445600
53.6,1.3,100,"sd","13:00:17",1445500
53.6,1.3,100,"sd","13:00:15",1445400
53.6,1.3,10100,"sd","13:00:15",1445300
53.6,1.3,2000,"sd","13:00:14",1435200
53.6,1.3,3400,"sd","13:00:13",1433200
53.6,1.3,100,"sd","13:00:12",1429800
53.6,1.3,1400,"sd","13:00:12",1429700
53.6,1.3,500,"sd","13:00:11",1428300
53.6,1.3,3900,"bu","13:00:11",1427800
53.5,1.2,100,"sd","13:00:10",1423900
53.6,1.3,1900,"bu","13:00:09",1423800
53.5,1.2,500,"sd","13:00:09",1421900
53.6,1.3,20000,"bu","13:00:09",1421400
53.5,1.2,1000,"sd","13:00:08",1401400
53.6,1.3,3000,"bu","13:00:07",1400400
53.6,1.3,900,"bu","13:00:04",1397400
53.6,1.3,1200,"bu","13:00:02",1396500
53.5,1.2,100,"sd","13:00:02",1395300
53.6,1.3,10000,"bu","13:00:01",1395200
53.5,1.2,1600,"sd","13:00:00",1385200
53.6,1.3,4300,"sd","13:00:00",1383600
53.6,1.3,500,"sd","11:29:59",1379300
53.6,1.3,200,"sd","11:29:58",1378800
53.6,1.3,2100,"sd","11:29:55",1378600
53.6,1.3,100,"sd","11:29:53",1376500
53.6,1.3,4000,"sd","11:29:51",1376400
53.6,1.3,2000,"sd","11:29:50",1372400
53.6,1.3,200,"sd","11:29:48",1370400
53.6,1.3,500,"sd","11:29:47",1370200
53.6,1.3,200,"sd","11:29:47",1369700
53.6,1.3,100,"sd","11:29:46",1369500
53.6,1.3,500,"sd","11:29:44",1369400
53.6,1.3,2100,"sd","11:29:43",1368900
53.6,1.3,7600,"sd","11:29:36",1366800
53.6,1.3,200,"sd","11:29:33",1359200
53.6,1.3,200,"sd","11:29:32",1359000
53.6,1.3,100,"sd","11:29:31",1358800
53.6,1.3,7300,"sd","11:29:30",1358700
53.6,1.3,1500,"sd","11:29:25",1351400
53.6,1.3,200,"sd","11:29:24",1349900
53.6,1.3,100,"sd","11:29:21",1349700
53.6,1.3,900,"sd","11:29:20",1349600
53.6,1.3,200,"sd","11:29:12",1348700
53.7,1.4,1000,"bu","11:28:51",1348500
53.7,1.4,100,"bu","11:28:50",1347500
53.7,1.4,1300,"sd","11:28:48",1347400
53.7,1.4,1200,"sd","11:28:46",1346100
53.8,1.5,2000,"bu","11:28:45",1344900
53.7,1.4,2000,"sd","11:28:45",1342900
53.7,1.4,3200,"sd","11:28:34",1340900
53.7,1.4,5000,"sd","11:28:33",1337700
53.7,1.4,100,"sd","11:28:30",1332700
53.7,1.4,800,"sd","11:28:29",1332600
53.7,1.4,500,"sd","11:28:28",1331800
53.7,1.4,2300,"sd","11:28:26",1331300
53.7,1.4,200,"sd","11:28:25",1329000
53.7,1.4,100,"sd","11:28:23",1328800
53.8,1.5,4000,"bu","11:28:22",1328700
53.7,1.4,5500,"sd","11:28:22",1324700
53.8,1.5,300,"bu","11:28:20",1319200
53.7,1.4,100,"sd","11:28:20",1318900
53.7,1.4,100,"sd","11:28:19",1318800
53.7,1.4,1000,"sd","11:28:17",1318700
53.7,1.4,100,"sd","11:28:14",1317700
53.7,1.4,100,"sd","11:28:12",1317600
53.7,1.4,300,"sd","11:28:07",1317500
53.7,1.4,100,"sd","11:28:05",1317200
53.7,1.4,1000,"sd","11:27:57",1317100
53.7,1.4,100,"sd","11:27:55",1316100
53.7,1.4,500,"sd","11:27:53",1316000
53.7,1.4,300,"sd","11:27:53",1315500
53.8,1.5,300,"bu","11:27:52",1315200
53.7,1.4,6000,"sd","11:27:48",1314900
53.7,1.4,100,"sd","11:27:46",1308900
53.7,1.4,500,"sd","11:27:45",1308800
53.7,1.4,200,"sd","11:27:43",1308300
53.7,1.4,100,"sd","11:27:42",1308100
53.7,1.4,700,"bu","11:27:37",1308000
53.7,1.4,10300,"bu","11:27:37",1307300
53.7,1.4,200,"bu","11:27:33",1297000
53.7,1.4,7200,"bu","11:27:29",1296800
53.7,1.4,700,"bu","11:27:26",1289600
53.7,1.4,15700,"bu","11:27:24",1288900
53.7,1.4,500,"bu","11:27:10",1273200
53.7,1.4,800,"bu","11:27:06",1272700
53.7,1.4,1700,"sd","11:27:04",1271900
53.7,1.4,3000,"sd","11:27:03",1270200
53.7,1.4,500,"sd","11:27:03",1267200
53.7,1.4,700,"sd","11:27:02",1266700
53.7,1.4,500,"sd","11:27:01",1266000
53.7,1.4,100,"sd","11:27:00",1265500
53.7,1.4,400,"sd","11:26:59",1265400
53.7,1.4,500,"sd","11:26:59",1265000
53.7,1.4,100,"sd","11:26:56",1264500
53.7,1.4,1000,"sd","11:26:55",1264400
53.7,1.4,100,"sd","11:26:54",1263400
53.7,1.4,2500,"sd","11:26:53",1263300
53.7,1.4,1000,"sd","11:26:53",1260800
53.7,1.4,400,"sd","11:26:49",1259800
53.7,1.4,100,"sd","11:26:46",1259400
53.7,1.4,2400,"sd","11:26:40",1259300
53.7,1.4,1000,"sd","11:26:34",1256900
53.7,1.4,600,"sd","11:26:33",1255900
53.7,1.4,100,"sd","11:26:33",1255300
53.7,1.4,200,"sd","11:26:31",1255200
53.7,1.4,300,"sd","11:26:30",1255000
53.7,1.4,200,"sd","11:26:27",1254700
53.7,1.4,100,"sd","11:26:26",1254500
53.7,1.4,2000,"sd","11:26:26",1254400
53.7,1.4,500,"sd","11:26:23",1252400
53.7,1.4,4200,"bu","11:26:21",1251900
53.7,1.4,1100,"sd","11:26:14",1247700
53.7,1.4,200,"sd","11:26:12",1246600
53.7,1.4,500,"sd","11:26:10",1246400
53.7,1.4,500,"sd","11:26:09",1245900
53.7,1.4,100,"sd","11:26:08",1245400
53.7,1.4,100,"sd","11:26:06",1245300
53.7,1.4,100,"sd","11:26:04",1245200
53.7,1.4,100,"sd","11:26:01",1245100
53.7,1.4,600,"sd","11:26:00",1245000
53.7,1.4,200,"sd","11:25:58",1244400
53.7,1.4,2400,"sd","11:25:57",1244200
53.7,1.4,100,"sd","11:25:56",1241800
53.7,1.4,5000,"bu","11:25:55",1241700
53.7,1.4,5000,"bu","11:25:53",1236700
53.7,1.4,3000,"bu","11:25:50",1231700
53.6,1.3,1000,"sd","11:25:49",1228700
53.6,1.3,4200,"sd","11:25:48",1227700
53.6,1.3,1000,"sd","11:25:44",1223500
53.6,1.3,2500,"sd","11:25:44",1222500
53.7,1.4,100,"bu","11:25:39",1220000
53.7,1.4,300,"bu","11:25:39",1219900
53.6,1.3,500,"sd","11:25:36",1219600
53.7,1.4,300,"bu","11:25:35",1219100
53.7,1.4,400,"bu","11:25:32",1218800
53.7,1.4,500,"sd","11:25:25",1218400
53.7,1.4,1500,"sd","11:25:25",1217900
53.7,1.4,2000,"sd","11:25:22",1216400
53.7,1.4,500,"sd","11:25:22",1214400
53.7,1.4,1600,"sd","11:25:21",1213900
53.7,1.4,1300,"sd","11:25:17",1212300
53.7,1.4,2000,"sd","11:25:16",1210800
53.7,1.4,200,"sd","11:25:13",1208800
53.7,1.4,3200,"sd","11:25:13",1208600
53.7,1.4,500,"sd","11:25:11",1205400
53.7,1.4,11300,"sd","11:25:09",1204900
53.7,1.4,200,"sd","11:25:07",1193600
53.7,1.4,200,"sd","11:25:06",1193400
53.7,1.4,1000,"sd","11:25:04",1193200
53.7,1.4,1100,"sd","11:25:03",1192200
53.7,1.4,2500,"sd","11:24:52",1191100
53.7,1.4,300,"sd","11:24:48",1188600
53.8,1.5,2700,"bu","11:24:47",1188300
53.7,1.4,3000,"sd","11:24:45",1185600
53.7,1.4,1000,"sd","11:24:42",1182600
53.7,1.4,1000,"sd","11:24:41",1181600
53.7,1.4,100,"sd","11:24:34",1180600
53.8,1.5,300,"bu","11:24:33",1180500
53.7,1.4,1000,"sd","11:24:32",1180200
53.7,1.4,200,"sd","11:24:28",1179200
53.7,1.4,1300,"sd","11:24:27",1179000
53.7,1.4,500,"sd","11:24:26",1177700
53.7,1.4,4200,"bu","11:24:25",1177200
53.7,1.4,1400,"sd","11:24:19",1173000
53.8,1.5,100,"bu","11:24:19",1171600
53.7,1.4,200,"sd","11:24:17",1171500
53.7,1.4,100,"sd","11:24:15",1171300
53.7,1.4,1000,"sd","11:24:12",1171200
53.8,1.5,100,"bu","11:24:12",1170200
53.7,1.4,4000,"sd","11:24:09",1170100
53.7,1.4,6400,"bu","11:24:08",1166100
53.7,1.4,5500,"bu","11:24:07",1159700
53.7,1.4,4500,"bu","11:24:07",1154200
53.6,1.3,200,"sd","11:24:05",1149700
53.6,1.3,2000,"sd","11:24:04",1149500
53.6,1.3,400,"sd","11:24:00",1147500
53.7,1.4,100,"bu","11:24:00",1147100
53.6,1.3,4200,"bu","11:23:57",1147000
53.5,1.2,500,"sd","11:23:56",1142800
53.5,1.2,2000,"sd","11:23:55",1142300
53.6,1.3,17100,"bu","11:23:54",1140300
53.6,1.3,100,"bu","11:23:52",1123200
53.5,1.2,1000,"sd","11:23:52",1123100
53.5,1.2,100,"bu","11:23:50",1122100
53.5,1.2,11000,"bu","11:23:49",1122000
53.5,1.2,200,"bu","11:23:49",1111000
53.4,1.1,1000,"sd","11:23:49",1110800
53.5,1.2,2000,"bu","11:23:47",1109800
53.5,1.2,50000,"bu","11:23:45",1107800
53.5,1.2,100,"bu","11:23:36",1057800
53.4,1.1,2000,"sd","11:23:36",1057700
53.4,1.1,2000,"sd","11:23:33",1055700
53.5,1.2,100,"bu","11:23:31",1053700
53.5,1.2,100,"bu","11:23:27",1053600
53.4,1.1,6100,"bu","11:23:22",1053500
53.4,1.1,700,"bu","11:23:17",1047400
53.3,1,100,"sd","11:23:17",1046700
53.3,1,1100,"sd","11:23:15",1046600
53.4,1.1,2100,"bu","11:23:15",1045500
53.4,1.1,30400,"bu","11:23:14",1043400
53.3,1,500,"sd","11:23:12",1013000
53.3,1,4000,"sd","11:23:08",1012500
53.3,1,15600,"bu","11:23:06",1008500
53.3,1,500,"bu","11:23:04",992900
53.3,1,20000,"bu","11:23:03",992400
53.2,0.9,200,"sd","11:23:02",972400
53.3,1,2000,"bu","11:22:59",972200
53.2,0.9,100,"sd","11:22:58",970200
53.2,0.9,100,"sd","11:22:51",970100
53.2,0.9,200,"sd","11:22:50",970000
53.3,1,500,"bu","11:22:49",969800
53.2,0.9,4900,"bu","11:22:35",969300
53.2,0.9,1100,"bu","11:22:34",964400
53.2,0.9,11000,"bu","11:22:32",963300
53.2,0.9,5000,"bu","11:22:31",952300
53.1,0.8,500,"sd","11:22:21",947300
53.1,0.8,100,"sd","11:22:14",946800
53.1,0.8,400,"sd","11:22:11",946700
53.2,0.9,10000,"bu","11:22:03",946300
53.1,0.8,2000,"sd","11:22:03",936300
53.1,0.8,100,"sd","11:21:59",934300
53.1,0.8,600,"bu","11:21:55",934200
53.1,0.8,5500,"sd","11:21:50",933600
53.1,0.8,1000,"sd","11:21:49",928100
53.1,0.8,1000,"sd","11:21:45",927100
53.1,0.8,1600,"bu","11:21:39",926100
53.1,0.8,8000,"bu","11:21:30",924500
53,0.7,600,"sd","11:21:15",916500
53,0.7,1600,"bu","11:21:09",915900
53,0.7,200,"sd","11:21:03",914300
53.1,0.8,6300,"bu","11:20:56",914100
53,0.7,1900,"bu","11:20:56",907800
53,0.7,1000,"bu","11:20:42",905900
52.9,0.6,200,"sd","11:20:37",904900
53,0.7,100,"bu","11:20:37",904700
52.9,0.6,300,"sd","11:20:36",904600
53,0.7,900,"sd","11:20:23",904300
53,0.7,200,"sd","11:20:17",903400
53,0.7,100,"bu","11:20:08",903200
53,0.7,400,"bu","11:20:07",903100
53,0.7,100,"sd","11:19:51",902700
53,0.7,400,"sd","11:19:44",902600
53,0.7,500,"bu","11:19:39",902200
53,0.7,1000,"sd","11:19:37",901700
53,0.7,600,"bu","11:19:33",900700
53,0.7,2000,"bu","11:19:30",900100
53,0.7,1000,"bu","11:19:29",898100
53,0.7,100,"bu","11:19:20",897100
53,0.7,6000,"bu","11:19:11",897000
53,0.7,100,"bu","11:19:11",891000
53,0.7,5000,"bu","11:19:07",890900
53,0.7,19700,"sd","11:19:07",885900
53,0.7,1000,"sd","11:19:05",866200
53,0.7,2000,"sd","11:19:04",865200
53.1,0.8,500,"bu","11:19:02",863200
53,0.7,300,"sd","11:18:58",862700
53,0.7,4000,"sd","11:18:52",862400
53,0.7,200,"sd","11:18:50",858400
53.1,0.8,1000,"bu","11:18:49",858200
53,0.7,3000,"sd","11:18:42",857200
53,0.7,200,"sd","11:18:38",854200
53.1,0.8,300,"bu","11:18:36",854000
53,0.7,200,"sd","11:18:32",853700
53,0.7,400,"sd","11:18:28",853500
53,0.7,5100,"sd","11:18:23",853100
53,0.7,1000,"sd","11:18:17",848000
53,0.7,500,"sd","11:18:04",847000
53,0.7,1000,"sd","11:18:04",846500
53,0.7,2000,"sd","11:17:57",845500
53.1,0.8,200,"bu","11:17:50",843500
53.1,0.8,3000,"bu","11:17:43",843300
53.1,0.8,200,"sd","11:17:36",840300
53.1,0.8,800,"bu","11:17:33",840100
53.1,0.8,200,"bu","11:17:31",839300
53,0.7,8100,"sd","11:17:29",839100
53.1,0.8,1900,"sd","11:17:29",831000
53.1,0.8,100,"sd","11:17:26",829100
53.1,0.8,3000,"sd","11:17:24",829000
53.2,0.9,1200,"sd","11:17:13",826000
53.2,0.9,2500,"sd","11:17:10",824800
53.2,0.9,100,"sd","11:17:09",822300
53.2,0.9,1500,"sd","11:17:07",822200
53.2,0.9,300,"sd","11:17:06",820700
53.2,0.9,1000,"sd","11:17:05",820400
53.2,0.9,500,"sd","11:17:04",819400
53.2,0.9,1000,"sd","11:17:03",818900
53.2,0.9,200,"sd","11:17:02",817900
53.2,0.9,800,"sd","11:16:56",817700
53.2,0.9,100,"sd","11:16:54",816900
53.2,0.9,1000,"sd","11:16:52",816800
53.2,0.9,15200,"bu","11:16:45",815800
53.2,0.9,100,"bu","11:16:35",800600
53.2,0.9,3400,"sd","11:16:33",800500
53.2,0.9,100,"sd","11:16:30",797100
53.2,0.9,2000,"sd","11:16:29",797000
53.3,1,700,"bu","11:16:29",795000
53.2,0.9,500,"sd","11:16:29",794300
53.2,0.9,300,"sd","11:16:25",793800
53.2,0.9,300,"sd","11:16:24",793500
53.2,0.9,500,"sd","11:16:19",793200
53.3,1,400,"bu","11:16:13",792700
53.3,1,200,"bu","11:16:11",792300
53.3,1,500,"bu","11:16:08",792100
53.3,1,500,"bu","11:16:07",791600
53.2,0.9,2000,"sd","11:16:04",791100
53.3,1,200,"bu","11:16:00",789100
53.3,1,300,"bu","11:15:57",788900
53.3,1,3500,"sd","11:15:55",788600
53.4,1.1,200,"bu","11:15:50",785100
53.4,1.1,500,"bu","11:15:48",784900
53.4,1.1,1000,"bu","11:15:40",784400
53.4,1.1,200,"bu","11:15:37",783400
53.4,1.1,1300,"bu","11:15:36",783200
53.4,1.1,200,"bu","11:15:35",781400
53.4,1.1,200,"bu","11:15:33",781200
53.4,1.1,100,"bu","11:15:32",781000
53.4,1.1,3700,"sd","11:15:31",780900
53.4,1.1,2300,"bu","11:15:28",777200
53.4,1.1,300,"bu","11:15:26",774900
53.4,1.1,100,"bu","11:15:25",774600
53.4,1.1,100,"bu","11:15:23",774500
53.3,1,200,"sd","11:15:21",774400
53.4,1.1,2000,"bu","11:15:21",774200
53.3,1,7200,"bu","11:15:20",772200
53.3,1,1500,"bu","11:15:18",765000
53.3,1,300,"bu","11:15:18",763500
53.2,0.9,200,"sd","11:15:15",763200
53.2,0.9,500,"sd","11:15:12",763000
53.2,0.9,400,"bu","11:15:11",762500
53.2,0.9,2000,"bu","11:15:09",762100
53.2,0.9,3600,"bu","11:15:07",760100
53.1,0.8,400,"bu","11:15:07",756500
53,0.7,200,"sd","11:15:05",756100
53,0.7,1000,"sd","11:15:03",755900
53.1,0.8,100,"bu","11:15:02",754900
53.2,0.9,3700,"bu","11:14:59",754800
53.1,0.8,6300,"bu","11:14:59",751100
53,0.7,500,"bu","11:14:58",744800
53,0.7,5200,"bu","11:14:58",744300
53,0.7,22800,"bu","11:14:57",739100
53,0.7,15400,"bu","11:14:56",716300
53,0.7,7500,"bu","11:14:56",700900
53,0.7,3000,"bu","11:14:54",693400
53,0.7,10000,"bu","11:14:54",690400
53,0.7,15000,"bu","11:14:53",680400
53,0.7,20000,"bu","11:14:52",665400
53,0.7,5000,"bu","11:14:50",645400
53,0.7,100,"bu","11:14:42",640400
52.9,0.6,1000,"sd","11:14:38",640300
53,0.7,800,"bu","11:14:37",639300
52.9,0.6,1600,"bu","11:14:37",638500
52.9,0.6,500,"bu","11:14:36",636900
52.9,0.6,900,"sd","11:14:33",636400
52.9,0.6,1000,"sd","11:14:32",635500
52.9,0.6,8200,"bu","11:14:31",634500
52.9,0.6,200,"bu","11:14:30",626300
52.9,0.6,5000,"bu","11:14:28",626100
52.9,0.6,200,"bu","11:14:27",621100
52.9,0.6,4000,"bu","11:14:27",620900
52.9,0.6,30000,"bu","11:14:26",616900
52.8,0.5,2200,"sd","11:14:25",586900
52.9,0.6,2500,"bu","11:14:25",584700
52.9,0.6,100,"bu","11:14:24",582200
52.9,0.6,600,"bu","11:14:17",582100
52.9,0.6,2400,"bu","11:14:15",581500
52.9,0.6,200,"bu","11:14:14",579100
52.9,0.6,5000,"bu","11:14:09",578900
52.9,0.6,100,"bu","11:14:07",573900
52.8,0.5,500,"sd","11:14:06",573800
52.9,0.6,5700,"bu","11:14:04",573300
52.9,0.6,1000,"bu","11:13:59",567600
52.8,0.5,15100,"bu","11:13:54",566600
52.8,0.5,2000,"bu","11:13:53",551500
52.8,0.5,500,"bu","11:13:51",549500
52.8,0.5,1000,"bu","11:13:50",549000
52.8,0.5,1000,"bu","11:13:49",548000
52.7,0.4,200,"sd","11:13:48",547000
52.8,0.5,1900,"bu","11:13:47",546800
52.8,0.5,4000,"bu","11:13:46",544900
52.7,0.4,4500,"sd","11:13:46",540900
52.8,0.5,10000,"bu","11:13:44",536400
52.7,0.4,200,"sd","11:13:39",526400
52.8,0.5,5000,"bu","11:13:39",526200
52.8,0.5,200,"bu","11:13:37",521200
52.8,0.5,5300,"bu","11:13:36",521000
52.8,0.5,5000,"bu","11:13:31",515700
52.8,0.5,2000,"bu","11:13:30",510700
52.8,0.5,3000,"bu","11:13:28",508700
52.8,0.5,100,"bu","11:13:22",505700
52.7,0.4,100,"sd","11:13:19",505600
52.7,0.4,3800,"bu","11:13:15",505500
52.7,0.4,500,"bu","11:13:13",501700
52.7,0.4,3000,"bu","11:13:12",501200
52.7,0.4,200,"bu","11:13:12",498200
52.7,0.4,1000,"bu","11:13:10",498000
52.7,0.4,13200,"bu","11:13:05",497000
52.6,0.3,1000,"sd","11:13:04",483800
52.6,0.3,300,"sd","11:12:57",482800
52.7,0.4,100,"bu","11:12:55",482500
52.6,0.3,1200,"bu","11:12:42",482400
52.6,0.3,2300,"bu","11:12:41",481200
52.6,0.3,500,"bu","11:12:40",478900
52.6,0.3,10000,"bu","11:12:38",478400
52.6,0.3,1000,"bu","11:12:11",468400
52.5,0.2,100,"sd","11:12:07",467400
52.6,0.3,20000,"bu","11:12:04",467300
52.5,0.2,300,"sd","11:11:53",447300
52.6,0.3,100,"bu","11:11:46",447000
52.5,0.2,33900,"bu","11:11:40",446900
52.5,0.2,1000,"bu","11:11:33",413000
52.5,0.2,100,"bu","11:10:56",412000
52.5,0.2,1300,"bu","11:10:02",411900
52.5,0.2,200,"bu","11:08:52",410600
52.4,0.1,1000,"sd","11:08:44",410400
52.4,0.1,200,"sd","11:08:19",409400
52.4,0.1,200,"sd","11:08:09",409200
52.4,0.1,2000,"sd","11:07:43",409000
52.5,0.2,200,"bu","11:07:31",407000
52.5,0.2,3000,"bu","11:06:30",406800
52.4,0.1,400,"sd","11:05:36",403800
52.4,0.1,10000,"sd","11:05:32",403400
52.5,0.2,1000,"bu","11:05:23",393400
52.5,0.2,2000,"bu","11:05:17",392400
52.5,0.2,300,"bu","11:05:13",390400
52.5,0.2,1500,"bu","11:05:06",390100
52.5,0.2,2000,"bu","11:04:54",388600
52.5,0.2,10000,"bu","11:04:45",386600
52.5,0.2,5000,"bu","11:04:37",376600
52.5,0.2,200,"bu","11:03:56",371600
52.5,0.2,100,"bu","11:03:47",371400
52.4,0.1,2000,"sd","11:02:17",371300
52.4,0.1,100,"sd","11:01:33",369300
52.4,0.1,600,"bu","11:00:27",369200
52.4,0.1,100,"bu","11:00:17",368600
52.4,0.1,200,"bu","11:00:14",368500
52.3,0,100,"sd","11:00:12",368300
52.4,0.1,200,"bu","11:00:10",368200
52.4,0.1,10000,"bu","11:00:08",368000
52.4,0.1,1000,"bu","10:59:48",358000
52.4,0.1,2000,"bu","10:59:43",357000
52.4,0.1,100,"bu","10:58:55",355000
52.3,0,1300,"sd","10:58:35",354900
52.4,0.1,10200,"bu","10:58:20",353600
52.4,0.1,1000,"bu","10:58:01",343400
52.4,0.1,2000,"bu","10:57:58",342400
52.3,0,200,"sd","10:57:46",340400
52.4,0.1,100,"bu","10:57:30",340200
52.4,0.1,100,"bu","10:56:37",340100
52.4,0.1,700,"bu","10:55:58",340000
52.4,0.1,500,"bu","10:54:57",339300
52.4,0.1,100,"bu","10:54:45",338800
52.3,0,700,"sd","10:54:40",338700
52.3,0,200,"bu","10:54:32",338000
52.3,0,300,"bu","10:54:24",337800
52.3,0,100,"bu","10:54:19",337500
52.3,0,300,"bu","10:53:54",337400
52.3,0,100,"bu","10:53:29",337100
52.3,0,4100,"sd","10:53:27",337000
52.3,0,600,"sd","10:53:19",332900
52.3,0,2000,"sd","10:53:05",332300
52.3,0,100,"sd","10:52:28",330300
52.3,0,5000,"sd","10:52:09",330200
52.3,0,1000,"sd","10:51:38",325200
52.3,0,800,"sd","10:51:17",324200
52.3,0,4400,"bu","10:50:23",323400
52.3,0,300,"bu","10:49:46",319000
52.3,0,500,"bu","10:49:30",318700
52.3,0,200,"bu","10:48:57",318200
52.3,0,5700,"sd","10:48:56",318000
52.4,0.1,800,"bu","10:47:45",312300
52.4,0.1,700,"sd","10:47:44",311500
52.4,0.1,1000,"sd","10:47:42",310800
52.4,0.1,500,"sd","10:47:39",309800
52.4,0.1,3100,"bu","10:47:09",309300
52.4,0.1,2100,"sd","10:47:02",306200
52.4,0.1,400,"sd","10:46:57",304100
52.4,0.1,200,"sd","10:46:42",303700
52.4,0.1,100,"sd","10:46:38",303500
52.4,0.1,1000,"sd","10:46:31",303400
52.4,0.1,500,"sd","10:46:30",302400
52.4,0.1,1400,"sd","10:46:23",301900
52.4,0.1,500,"sd","10:46:20",300500
52.5,0.2,200,"bu","10:46:17",300000
52.5,0.2,100,"bu","10:46:01",299800
52.5,0.2,500,"bu","10:45:52",299700
52.5,0.2,500,"bu","10:45:47",299200
52.5,0.2,5000,"bu","10:45:33",298700
52.5,0.2,1000,"bu","10:45:30",293700
52.5,0.2,300,"bu","10:45:28",292700
52.5,0.2,2800,"bu","10:45:13",292400
52.5,0.2,100,"bu","10:45:11",289600
52.4,0.1,200,"sd","10:45:08",289500
52.4,0.1,800,"bu","10:45:02",289300
52.4,0.1,700,"bu","10:44:56",288200
52.4,0.1,1800,"bu","10:44:52",287500
52.4,0.1,3000,"bu","10:44:51",285700
52.4,0.1,400,"bu","10:44:40",282700
52.4,0.1,200,"bu","10:44:29",282300
52.4,0.1,100,"bu","10:44:19",282100
52.3,0,400,"bu","10:44:17",282000
52.3,0,500,"bu","10:44:11",281600
52.3,0,2000,"bu","10:44:08",281100
52.3,0,100,"bu","10:44:05",279100
52.3,0,5000,"bu","10:44:04",279000
52.3,0,5000,"bu","10:44:03",274000
52.3,0,3000,"bu","10:44:02",269000
52.3,0,600,"bu","10:44:00",266000
52.3,0,7000,"bu","10:43:43",265400
52.3,0,300,"bu","10:43:32",258400
52.3,0,300,"bu","10:43:29",258100
52.3,0,3000,"bu","10:43:26",257800
52.3,0,4000,"bu","10:43:25",254800
52.3,0,2100,"bu","10:43:19",250800
52.3,0,1000,"bu","10:42:57",248700
52.3,0,600,"bu","10:42:40",247700
52.2,-0.1,100,"sd","10:42:11",247100
52.2,-0.1,200,"sd","10:42:01",247000
52.3,0,1600,"bu","10:41:45",246800
52.2,-0.1,300,"sd","10:41:03",245200
52.3,0,1000,"bu","10:40:43",244900
52.3,0,200,"bu","10:40:28",243900
52.3,0,1500,"bu","10:39:29",243700
52.3,0,200,"bu","10:39:11",242200
52.3,0,2000,"bu","10:39:01",242000
52.3,0,100,"bu","10:37:35",240000
52.2,-0.1,5000,"sd","10:37:22",239900
52.3,0,500,"bu","10:36:47",234900
52.2,-0.1,1900,"bu","10:36:45",234400
52.2,-0.1,500,"bu","10:36:25",232500
52.2,-0.1,700,"sd","10:36:10",232000
52.2,-0.1,5000,"sd","10:35:43",231300
52.2,-0.1,300,"sd","10:35:32",226300
52.2,-0.1,500,"sd","10:34:23",226000
52.2,-0.1,1400,"sd","10:34:03",225500
52.2,-0.1,100,"sd","10:33:54",224100
52.2,-0.1,1900,"bu","10:33:42",224000
52.2,-0.1,6300,"sd","10:33:25",222100
52.3,0,100,"bu","10:33:17",215800
52.2,-0.1,1000,"sd","10:32:30",215700
52.2,-0.1,600,"bu","10:31:40",214700
52.1,-0.2,300,"sd","10:31:19",214100
52.2,-0.1,1900,"bu","10:31:18",213800
52.2,-0.1,3100,"bu","10:31:11",211900
52.2,-0.1,5000,"bu","10:31:10",208800
52.1,-0.2,100,"sd","10:31:02",203800
52.1,-0.2,200,"sd","10:30:41",203200
52.2,-0.1,2000,"bu","10:29:53",203000
52.2,-0.1,1500,"bu","10:29:16",201000
52.1,-0.2,100,"sd","10:29:00",199500
52.2,-0.1,700,"bu","10:28:57",199400
52.1,-0.2,1500,"sd","10:28:24",198700
52.1,-0.2,1000,"sd","10:28:22",197200
52.1,-0.2,5000,"sd","10:27:59",196200
52.2,-0.1,2700,"bu","10:27:44",191200
52.2,-0.1,500,"bu","10:27:05",188500
52.2,-0.1,1000,"bu","10:26:41",188000
52.1,-0.2,1000,"sd","10:26:37",187000
52.2,-0.1,1000,"bu","10:26:22",186000
52.2,-0.1,2000,"bu","10:26:06",185000
52.2,-0.1,1000,"bu","10:25:45",183000
52.1,-0.2,21700,"bu","10:25:22",182000
52.1,-0.2,1500,"bu","10:25:15",160300
52.1,-0.2,3900,"bu","10:24:49",158800
52.1,-0.2,500,"bu","10:24:33",154900
52,-0.3,300,"sd","10:24:14",154400
52,-0.3,1000,"sd","10:23:40",154100
52.1,-0.2,100,"bu","10:23:16",153100
52,-0.3,1500,"sd","10:23:16",153000
52,-0.3,900,"sd","10:22:53",151500
52,-0.3,1100,"sd","10:22:41",150600
52,-0.3,100,"sd","10:22:40",149500
52,-0.3,1000,"sd","10:21:59",149400
52.1,-0.2,100,"bu","10:21:58",148400
52.2,-0.1,100,"bu","10:20:30",148300
52,-0.3,100,"sd","10:20:20",148200
52.2,-0.1,100,"bu","10:20:20",148100
52,-0.3,1000,"sd","10:20:19",148000
52,-0.3,100,"sd","10:20:17",147000
52,-0.3,1500,"sd","10:18:37",146900
52.2,-0.1,300,"bu","10:18:33",145400
52,-0.3,2000,"sd","10:17:25",145100
52,-0.3,300,"sd","10:17:10",143100
52.1,-0.2,2900,"bu","10:16:59",142800
52,-0.3,1300,"sd","10:16:39",139900
52,-0.3,800,"sd","10:15:54",138600
52.1,-0.2,500,"bu","10:15:54",137800
52.1,-0.2,300,"bu","10:14:10",137300
52,-0.3,200,"sd","10:14:09",137000
52,-0.3,600,"sd","10:12:45",136800
52,-0.3,500,"sd","10:12:03",136200
52.1,-0.2,200,"bu","10:10:03",135700
52.1,-0.2,1100,"bu","10:09:34",135500
52.1,-0.2,100,"sd","10:09:26",134400
52.1,-0.2,100,"sd","10:09:07",134300
52.1,-0.2,300,"sd","10:07:36",134200
52.1,-0.2,3000,"sd","10:07:08",133900
52.1,-0.2,100,"sd","10:05:06",130900
52.1,-0.2,500,"sd","10:04:50",130800
52.1,-0.2,3500,"sd","10:04:31",130300
52.1,-0.2,2000,"sd","10:04:25",126800
52.1,-0.2,500,"sd","10:04:07",124800
52.1,-0.2,5400,"bu","10:03:08",124300
52,-0.3,2600,"bu","10:02:10",118900
52,-0.3,3000,"bu","10:02:09",116300
52,-0.3,1000,"bu","10:01:50",113300
51.9,-0.4,100,"bu","10:00:57",112300
51.9,-0.4,1000,"bu","10:00:45",112200
51.9,-0.4,3900,"sd","10:00:41",111200
52,-0.3,200,"bu","10:00:41",107300
51.9,-0.4,400,"sd","10:00:40",107100
51.9,-0.4,100,"sd","10:00:14",106700
51.9,-0.4,300,"sd","09:59:19",106600
51.9,-0.4,200,"sd","09:59:17",106300
51.9,-0.4,100,"sd","09:57:28",106100
51.8,-0.5,200,"bu","09:57:07",106000
51.8,-0.5,100,"bu","09:57:00",105800
51.8,-0.5,200,"sd","09:56:52",105700
51.6,-0.7,200,"sd","09:56:14",105500
51.8,-0.5,100,"sd","09:56:14",105300
51.6,-0.7,3000,"sd","09:56:07",105200
51.7,-0.6,7300,"sd","09:56:07",102200
51.8,-0.5,14300,"sd","09:56:07",94900
51.9,-0.4,2400,"sd","09:56:07",80600
51.9,-0.4,100,"bu","09:56:06",78200
51.9,-0.4,500,"bu","09:56:05",78100
51.9,-0.4,100,"bu","09:55:56",77600
51.9,-0.4,1000,"bu","09:55:55",77500
51.9,-0.4,200,"bu","09:55:48",76500
51.9,-0.4,1200,"sd","09:55:21",76300
51.9,-0.4,2000,"sd","09:54:35",75100
51.9,-0.4,300,"sd","09:54:27",73100
51.9,-0.4,6000,"sd","09:54:18",72800
52,-0.3,7000,"sd","09:52:53",66800
52.1,-0.2,2200,"sd","09:48:39",59800
52.1,-0.2,5000,"sd","09:48:14",57600
52.1,-0.2,100,"sd","09:48:10",52600
52.1,-0.2,200,"sd","09:43:47",52500
52.2,-0.1,100,"bu","09:43:21",52300
52.1,-0.2,600,"sd","09:42:17",52200
52.1,-0.2,1000,"sd","09:42:02",51600
52.1,-0.2,400,"bu","09:41:17",50600
52.1,-0.2,200,"bu","09:41:08",50200
52.1,-0.2,1900,"sd","09:40:45",50000
52.1,-0.2,1000,"sd","09:40:16",48100
52.1,-0.2,400,"sd","09:40:14",47100
52.1,-0.2,1000,"sd","09:39:32",46700
52.1,-0.2,600,"bu","09:39:11",45700
52.1,-0.2,100,"bu","09:38:01",45100
52,-0.3,300,"sd","09:37:46",45000
52,-0.3,9800,"bu","09:36:27",44700
52,-0.3,500,"bu","09:36:13",34900
52,-0.3,500,"bu","09:36:13",34400
52,-0.3,1000,"bu","09:36:08",33900
52,-0.3,500,"bu","09:36:06",32900
52,-0.3,500,"bu","09:35:39",32400
52,-0.3,100,"bu","09:35:38",31900
52,-0.3,1100,"bu","09:35:21",31800
51.9,-0.4,500,"sd","09:32:50",30700
51.9,-0.4,5700,"sd","09:32:43",30200
51.9,-0.4,500,"sd","09:31:24",24500
51.9,-0.4,200,"sd","09:31:02",24000
52,-0.3,100,"bu","09:29:38",23800
51.9,-0.4,2600,"sd","09:29:15",23700
51.9,-0.4,100,"sd","09:28:57",21100
51.9,-0.4,400,"sd","09:28:50",21000
52,-0.3,100,"bu","09:27:17",20600
52,-0.3,500,"bu","09:25:25",20500
52,-0.3,100,"bu","09:25:18",20000
52,-0.3,600,"bu","09:25:07",19900
52,-0.3,200,"bu","09:25:05",19300
52,-0.3,1000,"bu","09:25:03",19100
52,-0.3,100,"bu","09:24:13",18100
52,-0.3,4100,"bu","09:24:05",18000
52,-0.3,3200,"sd","09:22:48",13900
52,-0.3,200,"sd","09:22:42",10700
52.2,-0.1,100,"bu","09:22:38",10500
52,-0.3,100,"sd","09:22:03",10400
52,-0.3,300,"sd","09:21:11",10300
51.9,-0.4,3500,"sd","09:18:20",10000
51.9,-0.4,200,"sd","09:17:47",6500
52.3,0,200,"bu","09:17:14",6300
51.8,-0.5,100,"sd","09:16:27",6100
52,-0.3,300,"sd","09:16:27",6000
52.1,-0.2,100,"sd","09:16:27",5700
52.3,0,3000,"bu","09:15:35",5600
52.3,0,100,"bu","09:15:34",2600
52.2,-0.1,2500,"","09:15:00",2500
