"price","change","match_qtty","side","time","total_vol"
33.95,-0.05,87300,"","14:45:00",1530200
33.9,-0.1,7700,"bu","14:29:51",1442900
33.9,-0.1,500,"bu","14:29:43",1435200
33.9,-0.1,500,"bu","14:29:33",1434700
33.85,-0.15,3100,"sd","14:29:24",1434200
33.9,-0.1,2400,"bu","14:29:21",1431100
33.9,-0.1,200,"bu","14:29:16",1428700
33.9,-0.1,1000,"bu","14:29:12",1428500
33.9,-0.1,100,"bu","14:29:08",1427500
33.9,-0.1,100,"bu","14:29:07",1427400
33.9,-0.1,100,"bu","14:28:34",1427300
33.85,-0.15,5000,"sd","14:28:18",1427200
33.85,-0.15,900,"bu","14:28:12",1422200
33.85,-0.15,5900,"bu","14:28:08",1421300
33.85,-0.15,800,"bu","14:28:07",1415400
33.85,-0.15,100,"bu","14:27:56",1414600
33.85,-0.15,1600,"bu","14:27:52",1414500
33.85,-0.15,200,"bu","14:27:50",1412900
33.85,-0.15,1800,"sd","14:27:40",1412700
33.85,-0.15,500,"sd","14:27:40",1410900
33.9,-0.1,500,"bu","14:27:34",1410400
33.85,-0.15,800,"bu","14:27:29",1409900
33.85,-0.15,15300,"bu","14:26:56",1409100
33.85,-0.15,2000,"bu","14:26:55",1393800
33.85,-0.15,100,"bu","14:26:53",1391800
33.85,-0.15,200,"bu","14:26:49",1391700
33.85,-0.15,400,"bu","14:26:48",1391500
33.85,-0.15,600,"bu","14:26:41",1391100
33.85,-0.15,1000,"bu","14:26:36",1390500
33.85,-0.15,3000,"bu","14:26:21",1389500
33.85,-0.15,100,"bu","14:26:10",1386500
33.8,-0.2,500,"sd","14:25:58",1386400
33.8,-0.2,200,"bu","14:25:13",1385900
33.75,-0.25,400,"sd","14:25:11",1385700
33.8,-0.2,2000,"bu","14:25:02",1385300
33.8,-0.2,300,"bu","14:24:59",1383300
33.8,-0.2,200,"bu","14:24:58",1383000
33.8,-0.2,200,"bu","14:24:58",1382800
33.8,-0.2,100,"bu","14:24:53",1382600
33.8,-0.2,300,"bu","14:24:33",1382500
33.8,-0.2,1000,"bu","14:24:25",1382200
33.8,-0.2,5600,"sd","14:24:24",1381200
33.85,-0.15,200,"sd","14:24:14",1375600
33.9,-0.1,900,"bu","14:24:13",1375400
33.8,-0.2,3700,"sd","14:23:51",1374500
33.8,-0.2,1300,"sd","14:23:51",1370800
33.8,-0.2,39700,"sd","14:23:36",1369500
33.85,-0.15,10300,"sd","14:23:36",1329800
33.85,-0.15,500,"sd","14:23:31",1319500
33.9,-0.1,1000,"bu","14:23:22",1319000
33.85,-0.15,10000,"sd","14:23:10",1318000
33.85,-0.15,1300,"sd","14:22:03",1308000
33.85,-0.15,15000,"sd","14:21:11",1306700
33.85,-0.15,300,"sd","14:21:03",1291700
33.85,-0.15,100,"sd","14:20:20",1291400
33.9,-0.1,100,"bu","14:20:13",1291300
33.85,-0.15,30000,"sd","14:19:27",1291200
33.85,-0.15,400,"sd","14:18:59",1261200
33.9,-0.1,1000,"bu","14:18:40",1260800
33.85,-0.15,1400,"sd","14:18:18",1259800
33.9,-0.1,100,"bu","14:18:04",1258400
33.85,-0.15,100,"sd","14:17:56",1258300
33.85,-0.15,16000,"sd","14:17:35",1258200
33.9,-0.1,400,"bu","14:17:31",1242200
33.9,-0.1,100,"bu","14:17:05",1241800
33.9,-0.1,100,"bu","14:16:48",1241700
33.9,-0.1,1000,"bu","14:15:32",1241600
33.9,-0.1,2000,"bu","14:15:05",1240600
33.9,-0.1,200,"bu","14:14:50",1238600
33.9,-0.1,2000,"bu","14:14:20",1238400
33.9,-0.1,300,"bu","14:13:56",1236400
33.9,-0.1,100,"bu","14:12:50",1236100
33.85,-0.15,1000,"sd","14:11:55",1236000
33.85,-0.15,400,"sd","14:11:46",1235000
33.85,-0.15,1400,"sd","14:11:06",1234600
33.85,-0.15,700,"sd","14:10:29",1233200
33.85,-0.15,400,"bu","14:09:59",1232500
33.85,-0.15,500,"bu","14:09:50",1232100
33.85,-0.15,6800,"sd","14:09:44",1231600
33.85,-0.15,2300,"sd","14:09:43",1224800
33.9,-0.1,1200,"bu","14:09:17",1222500
33.9,-0.1,200,"bu","14:09:15",1221300
33.9,-0.1,32900,"sd","14:09:09",1221100
33.95,-0.05,6200,"sd","14:09:09",1188200
33.95,-0.05,500,"sd","14:08:50",1182000
33.95,-0.05,100,"sd","14:08:39",1181500
33.95,-0.05,100,"sd","14:08:35",1181400
33.95,-0.05,500,"sd","14:07:29",1181300
33.95,-0.05,200,"bu","14:07:25",1180800
33.95,-0.05,200,"bu","14:07:12",1180600
33.95,-0.05,2600,"sd","14:06:58",1180400
33.95,-0.05,2000,"sd","14:06:37",1177800
33.95,-0.05,1100,"sd","14:06:23",1175800
33.95,-0.05,2000,"sd","14:06:16",1174700
33.95,-0.05,43200,"bu","14:05:39",1172700
33.95,-0.05,100,"bu","14:05:25",1129500
33.95,-0.05,100,"bu","14:04:46",1129400
33.9,-0.1,3000,"sd","14:04:29",1129300
33.9,-0.1,2600,"sd","14:02:44",1126300
33.95,-0.05,200,"bu","14:02:42",1123700
33.95,-0.05,1000,"bu","14:02:10",1123500
33.9,-0.1,100,"sd","14:00:56",1122500
33.9,-0.1,200,"bu","14:00:24",1122400
33.9,-0.1,200,"sd","13:59:23",1122200
33.9,-0.1,300,"bu","13:59:13",1122000
33.9,-0.1,200,"bu","13:59:09",1121700
33.9,-0.1,500,"bu","13:59:01",1121500
33.9,-0.1,1000,"bu","13:58:58",1121000
33.85,-0.15,5000,"sd","13:58:58",1120000
33.9,-0.1,8000,"sd","13:58:44",1115000
33.9,-0.1,1200,"sd","13:58:31",1107000
33.9,-0.1,300,"sd","13:58:23",1105800
33.9,-0.1,8400,"bu","13:57:59",1105500
33.9,-0.1,100,"bu","13:57:50",1097100
33.9,-0.1,10000,"bu","13:57:46",1097000
33.85,-0.15,10000,"sd","13:57:28",1087000
33.85,-0.15,700,"sd","13:57:08",1077000
33.9,-0.1,600,"bu","13:56:32",1076300
33.9,-0.1,100,"bu","13:56:30",1075700
33.85,-0.15,3000,"sd","13:55:33",1075600
33.85,-0.15,1000,"sd","13:55:17",1072600
33.9,-0.1,200,"bu","13:54:55",1071600
33.9,-0.1,900,"sd","13:54:51",1071400
33.9,-0.1,19800,"bu","13:54:37",1070500
33.9,-0.1,200,"bu","13:53:43",1050700
33.9,-0.1,2000,"bu","13:53:16",1050500
33.85,-0.15,1300,"sd","13:52:57",1048500
33.85,-0.15,1000,"sd","13:52:53",1047200
33.9,-0.1,100,"bu","13:52:48",1046200
33.85,-0.15,500,"sd","13:52:44",1046100
33.85,-0.15,7000,"sd","13:52:05",1045600
33.85,-0.15,1000,"sd","13:51:47",1038600
33.9,-0.1,100,"bu","13:51:43",1037600
33.85,-0.15,700,"sd","13:51:36",1037500
33.85,-0.15,1400,"sd","13:51:30",1036800
33.85,-0.15,3900,"sd","13:51:18",1035400
33.85,-0.15,3000,"sd","13:51:08",1031500
33.9,-0.1,1100,"bu","13:50:13",1028500
33.9,-0.1,1000,"bu","13:50:10",1027400
33.9,-0.1,1000,"bu","13:50:02",1026400
33.9,-0.1,100,"bu","13:49:36",1025400
33.9,-0.1,2000,"bu","13:49:27",1025300
33.9,-0.1,100,"bu","13:49:23",1023300
33.9,-0.1,1000,"bu","13:49:19",1023200
33.9,-0.1,12800,"bu","13:49:05",1022200
33.9,-0.1,3000,"bu","13:48:53",1009400
33.9,-0.1,3000,"bu","13:48:50",1006400
33.85,-0.15,500,"sd","13:48:48",1003400
33.9,-0.1,100,"bu","13:48:41",1002900
33.85,-0.15,500,"sd","13:48:25",1002800
33.85,-0.15,500,"sd","13:47:29",1002300
33.85,-0.15,200,"bu","13:46:55",1001800
33.85,-0.15,500,"bu","13:46:53",1001600
33.85,-0.15,100,"bu","13:46:52",1001100
33.85,-0.15,1000,"bu","13:46:52",1001000
33.85,-0.15,100,"bu","13:46:50",1000000
33.85,-0.15,1300,"bu","13:46:50",999900
33.85,-0.15,2000,"bu","13:46:46",998600
33.85,-0.15,600,"bu","13:46:34",996600
33.85,-0.15,500,"bu","13:46:31",996000
33.85,-0.15,100,"bu","13:46:16",995500
33.85,-0.15,1000,"bu","13:46:11",995400
33.85,-0.15,1000,"bu","13:46:07",994400
33.85,-0.15,600,"bu","13:46:02",993400
33.85,-0.15,200,"bu","13:45:51",992800
33.85,-0.15,500,"bu","13:45:48",992600
33.85,-0.15,300,"bu","13:45:43",992100
33.85,-0.15,300,"bu","13:45:39",991800
33.85,-0.15,100,"bu","13:45:29",991500
33.85,-0.15,3000,"bu","13:45:27",991400
33.85,-0.15,27300,"sd","13:45:15",988400
33.9,-0.1,100,"bu","13:45:09",961100
33.9,-0.1,100,"bu","13:45:02",961000
33.85,-0.15,4000,"sd","13:44:59",960900
33.85,-0.15,30000,"sd","13:44:51",956900
33.9,-0.1,10000,"bu","13:44:41",926900
33.9,-0.1,100,"bu","13:44:38",916900
33.9,-0.1,200,"bu","13:44:24",916800
33.9,-0.1,2000,"bu","13:44:21",916600
33.9,-0.1,25000,"bu","13:44:02",914600
33.9,-0.1,100,"bu","13:44:00",889600
33.9,-0.1,100,"bu","13:43:28",889500
33.9,-0.1,1000,"bu","13:43:27",889400
33.85,-0.15,100,"sd","13:43:04",888400
33.9,-0.1,500,"bu","13:42:49",888300
33.85,-0.15,700,"sd","13:42:44",887800
33.9,-0.1,1000,"bu","13:42:12",887100
33.9,-0.1,100,"bu","13:41:38",886100
33.9,-0.1,6900,"sd","13:41:36",886000
33.95,-0.05,200,"bu","13:41:28",879100
33.9,-0.1,16300,"sd","13:41:14",878900
33.9,-0.1,200,"sd","13:40:15",862600
33.9,-0.1,100,"sd","13:39:49",862400
33.9,-0.1,84200,"sd","13:39:16",862300
33.95,-0.05,500,"bu","13:39:05",778100
33.95,-0.05,100,"bu","13:38:25",777600
33.95,-0.05,300,"bu","13:36:43",777500
33.95,-0.05,100,"bu","13:35:44",777200
33.95,-0.05,1200,"sd","13:35:29",777100
33.95,-0.05,500,"sd","13:35:23",775900
33.95,-0.05,2000,"sd","13:34:12",775400
33.95,-0.05,12500,"sd","13:33:49",773400
34,0,1700,"bu","13:32:47",760900
34,0,500,"bu","13:31:55",759200
34,0,300,"bu","13:31:52",758700
34,0,500,"bu","13:31:18",758400
34,0,5000,"bu","13:30:49",757900
33.95,-0.05,200,"sd","13:30:01",752900
33.95,-0.05,1800,"bu","13:28:07",752700
33.95,-0.05,2000,"bu","13:28:02",750900
33.95,-0.05,500,"bu","13:27:59",748900
33.95,-0.05,3000,"bu","13:27:45",748400
33.95,-0.05,5000,"bu","13:27:38",745400
33.95,-0.05,5000,"bu","13:27:37",740400
33.95,-0.05,1000,"bu","13:27:33",735400
33.95,-0.05,5000,"bu","13:27:19",734400
33.9,-0.1,1000,"sd","13:27:18",729400
33.9,-0.1,5000,"sd","13:26:49",728400
33.95,-0.05,100,"bu","13:26:26",723400
33.9,-0.1,700,"sd","13:26:26",723300
33.95,-0.05,2000,"bu","13:25:24",722600
33.95,-0.05,100,"bu","13:24:30",720600
33.95,-0.05,700,"bu","13:24:27",720500
33.95,-0.05,1000,"bu","13:24:25",719800
33.95,-0.05,1900,"bu","13:23:54",718800
33.95,-0.05,500,"bu","13:23:51",716900
33.95,-0.05,800,"bu","13:23:49",716400
33.95,-0.05,5000,"bu","13:23:44",715600
33.95,-0.05,2000,"bu","13:22:28",710600
33.9,-0.1,5000,"sd","13:22:09",708600
33.95,-0.05,100,"bu","13:22:08",703600
33.9,-0.1,800,"sd","13:22:01",703500
33.95,-0.05,1400,"bu","13:21:34",702700
33.9,-0.1,2000,"sd","13:21:34",701300
33.9,-0.1,200,"sd","13:20:28",699300
33.9,-0.1,500,"sd","13:20:12",699100
33.95,-0.05,3100,"bu","13:19:28",698600
33.95,-0.05,500,"bu","13:19:22",695500
33.95,-0.05,2400,"bu","13:19:08",695000
33.9,-0.1,500,"sd","13:19:06",692600
33.95,-0.05,100,"bu","13:18:43",692100
33.95,-0.05,5000,"bu","13:18:37",692000
33.9,-0.1,700,"sd","13:17:55",687000
33.95,-0.05,300,"bu","13:17:19",686300
33.95,-0.05,200,"bu","13:17:19",686000
33.95,-0.05,100,"bu","13:17:01",685800
33.95,-0.05,5000,"bu","13:16:36",685700
33.9,-0.1,200,"sd","13:16:13",680700
33.9,-0.1,2000,"sd","13:15:36",680500
33.9,-0.1,400,"sd","13:15:19",678500
33.9,-0.1,300,"sd","13:13:48",678100
33.95,-0.05,1000,"bu","13:12:55",677800
33.9,-0.1,1000,"sd","13:12:47",676800
33.9,-0.1,100,"sd","13:12:45",675800
33.9,-0.1,5000,"sd","13:12:44",675700
33.9,-0.1,200,"sd","13:12:18",670700
33.9,-0.1,800,"sd","13:12:14",670500
33.9,-0.1,1000,"sd","13:11:44",669700
33.95,-0.05,300,"bu","13:10:12",668700
33.9,-0.1,200,"sd","13:10:06",668400
33.9,-0.1,3000,"sd","13:09:18",668200
33.9,-0.1,700,"sd","13:08:38",665200
33.9,-0.1,1500,"sd","13:07:41",664500
33.95,-0.05,1100,"bu","13:07:33",663000
33.95,-0.05,7200,"sd","13:06:39",661900
33.95,-0.05,3700,"sd","13:06:31",654700
33.95,-0.05,300,"bu","13:06:21",651000
33.95,-0.05,1900,"sd","13:04:45",650700
33.95,-0.05,1100,"bu","13:04:19",648800
33.95,-0.05,100,"bu","13:04:15",647700
33.95,-0.05,400,"bu","13:04:12",647600
33.95,-0.05,3400,"bu","13:04:03",647200
33.95,-0.05,100,"bu","13:04:01",643800
33.95,-0.05,600,"bu","13:03:50",643700
33.95,-0.05,500,"bu","13:03:15",643100
33.95,-0.05,500,"bu","13:02:38",642600
33.95,-0.05,1300,"bu","13:02:16",642100
33.95,-0.05,100,"bu","13:01:17",640800
33.95,-0.05,5400,"sd","13:01:06",640700
33.95,-0.05,2000,"sd","13:00:36",635300
33.95,-0.05,300,"sd","13:00:35",633300
33.95,-0.05,10000,"sd","13:00:18",633000
34,0,200,"bu","13:00:11",623000
33.95,-0.05,10000,"sd","13:00:05",622800
34,0,1300,"bu","13:00:05",612800
33.95,-0.05,100,"sd","13:00:01",611500
34,0,200,"bu","13:00:00",611400
33.95,-0.05,200,"sd","13:00:00",611200
34,0,500,"bu","13:00:00",611000
34,0,500,"bu","11:29:54",610500
34,0,600,"bu","11:29:45",610000
34,0,2700,"sd","11:29:01",609400
34.05,0.05,5000,"bu","11:28:13",606700
34,0,500,"sd","11:28:07",601700
34,0,1000,"sd","11:27:31",601200
34,0,500,"sd","11:26:46",600200
34,0,100,"sd","11:26:37",599700
34,0,500,"sd","11:25:44",599600
34,0,500,"sd","11:25:41",599100
34,0,100,"sd","11:24:55",598600
34,0,900,"bu","11:24:49",598500
34,0,100,"bu","11:24:48",597600
34,0,2000,"bu","11:24:44",597500
34,0,1000,"bu","11:24:34",595500
34.05,0.05,100,"bu","11:24:15",594500
34,0,24900,"bu","11:24:15",594400
33.95,-0.05,600,"sd","11:23:54",569500
33.95,-0.05,100,"sd","11:23:47",568900
34,0,2000,"bu","11:21:09",568800
34,0,300,"bu","11:20:43",566800
34,0,1900,"bu","11:20:17",566500
34,0,4000,"bu","11:20:07",564600
34,0,2000,"bu","11:18:38",560600
34,0,1000,"bu","11:18:36",558600
34,0,100,"bu","11:18:27",557600
33.95,-0.05,100,"sd","11:18:24",557500
33.95,-0.05,800,"sd","11:18:01",557400
34,0,600,"bu","11:17:08",556600
34,0,1000,"bu","11:16:36",556000
34,0,3000,"bu","11:16:20",555000
34,0,1000,"bu","11:16:16",552000
34,0,500,"bu","11:16:09",551000
34,0,2100,"bu","11:16:05",550500
34,0,700,"bu","11:15:58",548400
34,0,72000,"bu","11:15:41",547700
33.95,-0.05,1000,"sd","11:15:25",475700
33.95,-0.05,3000,"sd","11:14:46",474700
33.95,-0.05,500,"sd","11:13:55",471700
33.95,-0.05,100,"sd","11:13:15",471200
33.95,-0.05,1600,"bu","11:13:04",471100
33.95,-0.05,100,"bu","11:12:48",469500
33.95,-0.05,5000,"bu","11:12:28",469400
33.95,-0.05,900,"bu","11:12:05",464400
33.95,-0.05,300,"bu","11:10:35",463500
33.95,-0.05,1000,"bu","11:10:31",463200
33.95,-0.05,1000,"bu","11:10:21",462200
33.95,-0.05,2000,"bu","11:10:08",461200
33.95,-0.05,5000,"bu","11:10:06",459200
33.9,-0.1,1500,"sd","11:08:53",454200
33.95,-0.05,1000,"bu","11:08:52",452700
33.95,-0.05,2900,"bu","11:08:15",451700
33.95,-0.05,200,"bu","11:06:27",448800
33.95,-0.05,100,"bu","11:06:25",448600
33.95,-0.05,100,"bu","11:06:13",448500
33.95,-0.05,9000,"bu","11:06:09",448400
33.95,-0.05,500,"bu","11:05:07",439400
33.95,-0.05,100,"bu","11:04:53",438900
33.95,-0.05,500,"bu","11:04:13",438800
33.95,-0.05,500,"bu","11:03:39",438300
33.95,-0.05,100,"bu","11:03:23",437800
33.95,-0.05,1000,"bu","11:02:57",437700
33.95,-0.05,1000,"bu","11:02:27",436700
33.95,-0.05,100,"bu","11:02:27",435700
33.95,-0.05,500,"bu","11:00:55",435600
33.95,-0.05,1000,"bu","11:00:13",435100
33.95,-0.05,3000,"bu","10:59:29",434100
33.95,-0.05,700,"sd","10:59:01",431100
33.95,-0.05,800,"sd","10:59:01",430400
33.95,-0.05,1000,"sd","10:58:55",429600
33.95,-0.05,10000,"sd","10:58:53",428600
33.95,-0.05,10000,"sd","10:58:35",418600
33.95,-0.05,5000,"sd","10:58:20",408600
33.95,-0.05,1300,"sd","10:58:11",403600
33.95,-0.05,12000,"sd","10:57:55",402300
34,0,3000,"bu","10:56:44",390300
34,0,10000,"bu","10:56:31",387300
34,0,2000,"bu","10:55:56",377300
34,0,500,"bu","10:55:29",375300
34,0,200,"bu","10:55:24",374800
34,0,100,"bu","10:54:42",374600
34,0,200,"bu","10:54:31",374500
34,0,1500,"bu","10:53:27",374300
34,0,100,"bu","10:52:26",372800
33.95,-0.05,500,"sd","10:52:17",372700
33.95,-0.05,2500,"sd","10:52:14",372200
33.95,-0.05,1000,"sd","10:52:00",369700
33.95,-0.05,400,"sd","10:51:39",368700
33.95,-0.05,500,"sd","10:50:32",368300
34,0,5000,"bu","10:50:30",367800
34,0,100,"bu","10:50:21",362800
34,0,2800,"bu","10:49:17",362700
33.95,-0.05,1000,"sd","10:49:00",359900
33.95,-0.05,2000,"sd","10:48:35",358900
34,0,100,"bu","10:47:27",356900
34,0,100,"bu","10:46:37",356800
34,0,1900,"bu","10:46:23",356700
34,0,100,"bu","10:45:49",354800
33.95,-0.05,1000,"sd","10:45:43",354700
34,0,100,"bu","10:44:58",353700
34,0,2000,"bu","10:44:57",353600
34,0,100,"bu","10:44:48",351600
34,0,2600,"bu","10:44:16",351500
33.95,-0.05,300,"sd","10:44:10",348900
34,0,100,"bu","10:43:53",348600
34,0,600,"bu","10:42:56",348500
34,0,10000,"bu","10:42:50",347900
34,0,300,"bu","10:42:36",337900
34,0,1100,"bu","10:41:41",337600
34,0,3000,"bu","10:41:28",336500
34,0,100,"bu","10:41:25",333500
34,0,10000,"bu","10:40:52",333400
34,0,10000,"bu","10:40:32",323400
34,0,1000,"bu","10:40:12",313400
33.95,-0.05,100,"sd","10:40:06",312400
34,0,2500,"bu","10:40:02",312300
34,0,5000,"bu","10:39:52",309800
33.95,-0.05,200,"sd","10:39:37",304800
33.95,-0.05,200,"sd","10:39:03",304600
33.95,-0.05,300,"sd","10:37:40",304400
33.95,-0.05,1000,"sd","10:37:34",304100
33.95,-0.05,500,"sd","10:36:22",303100
33.95,-0.05,1000,"sd","10:35:52",302600
33.95,-0.05,200,"sd","10:35:31",301600
33.95,-0.05,100,"sd","10:35:20",301400
33.95,-0.05,100,"sd","10:34:12",301300
33.95,-0.05,300,"sd","10:33:56",301200
33.95,-0.05,500,"sd","10:33:06",300900
33.95,-0.05,500,"sd","10:32:52",300400
33.95,-0.05,900,"bu","10:32:20",299900
33.95,-0.05,700,"bu","10:32:16",299000
33.95,-0.05,300,"bu","10:32:04",298300
33.95,-0.05,100,"bu","10:32:03",298000
33.95,-0.05,100,"sd","10:31:30",297900
33.95,-0.05,600,"bu","10:30:28",297800
33.95,-0.05,2000,"bu","10:29:07",297200
33.95,-0.05,100,"bu","10:28:58",295200
33.95,-0.05,2000,"bu","10:28:57",295100
33.95,-0.05,300,"sd","10:28:44",293100
33.95,-0.05,300,"bu","10:28:42",292800
33.95,-0.05,1000,"bu","10:28:41",292500
33.95,-0.05,100,"bu","10:28:40",291500
33.95,-0.05,2000,"bu","10:28:13",291400
34,0,1500,"bu","10:27:09",289400
34,0,100,"bu","10:27:04",287900
34,0,400,"bu","10:24:33",287800
34,0,100,"bu","10:23:33",287400
33.95,-0.05,1000,"sd","10:23:32",287300
33.95,-0.05,200,"sd","10:23:17",286300
33.95,-0.05,300,"bu","10:23:12",286100
33.95,-0.05,5000,"bu","10:23:00",285800
33.95,-0.05,3000,"bu","10:22:46",280800
33.9,-0.1,100,"sd","10:22:24",277800
33.9,-0.1,500,"sd","10:22:21",277700
33.9,-0.1,1000,"sd","10:21:28",277200
33.9,-0.1,2100,"sd","10:20:59",276200
33.9,-0.1,500,"sd","10:20:19",274100
33.9,-0.1,700,"bu","10:20:00",273600
33.9,-0.1,2000,"bu","10:19:56",272900
33.9,-0.1,1000,"bu","10:19:53",270900
33.9,-0.1,10000,"bu","10:19:37",269900
33.9,-0.1,3000,"bu","10:19:02",259900
33.9,-0.1,1000,"bu","10:18:57",256900
33.9,-0.1,900,"bu","10:18:53",255900
33.9,-0.1,500,"bu","10:18:26",255000
33.9,-0.1,700,"bu","10:18:08",254500
33.9,-0.1,200,"bu","10:17:54",253800
33.85,-0.15,1000,"sd","10:16:20",253600
33.85,-0.15,1000,"sd","10:16:10",252600
33.85,-0.15,200,"bu","10:16:05",251600
33.85,-0.15,500,"bu","10:15:57",251400
33.85,-0.15,500,"bu","10:15:53",250900
33.85,-0.15,100,"bu","10:15:51",250400
33.85,-0.15,2200,"bu","10:15:46",250300
33.85,-0.15,800,"bu","10:15:45",248100
33.85,-0.15,2000,"bu","10:15:15",247300
33.85,-0.15,200,"bu","10:14:05",245300
33.85,-0.15,500,"bu","10:13:50",245100
33.85,-0.15,3000,"bu","10:13:41",244600
33.85,-0.15,100,"bu","10:13:24",241600
33.85,-0.15,100,"bu","10:13:22",241500
33.85,-0.15,500,"bu","10:13:15",241400
33.85,-0.15,1400,"bu","10:13:01",240900
33.85,-0.15,2000,"bu","10:12:36",239500
33.8,-0.2,700,"sd","10:11:41",237500
33.8,-0.2,200,"sd","10:11:20",236800
33.8,-0.2,500,"sd","10:10:52",236600
33.85,-0.15,200,"bu","10:10:24",236100
33.8,-0.2,2000,"sd","10:10:22",235900
33.85,-0.15,1500,"bu","10:10:11",233900
33.85,-0.15,100,"bu","10:09:55",232400
33.85,-0.15,400,"bu","10:09:28",232300
33.8,-0.2,1000,"sd","10:09:14",231900
33.85,-0.15,100,"bu","10:09:14",230900
33.85,-0.15,1500,"bu","10:09:02",230800
33.8,-0.2,1000,"sd","10:07:49",229300
33.8,-0.2,500,"sd","10:07:31",228300
33.85,-0.15,300,"bu","10:06:58",227800
33.8,-0.2,300,"sd","10:05:43",227500
33.8,-0.2,500,"sd","10:03:55",227200
33.8,-0.2,300,"sd","10:02:24",226700
33.8,-0.2,600,"sd","10:02:23",226400
33.8,-0.2,2400,"sd","10:02:01",225800
33.8,-0.2,100,"sd","10:01:08",223400
33.8,-0.2,1000,"sd","10:00:50",223300
33.85,-0.15,100,"bu","09:59:55",222300
33.8,-0.2,200,"sd","09:59:19",222200
33.85,-0.15,500,"sd","09:59:14",222000
33.8,-0.2,27300,"sd","09:59:02",221500
33.85,-0.15,2700,"sd","09:59:02",194200
33.85,-0.15,4000,"bu","09:58:01",191500
33.85,-0.15,1000,"sd","09:57:40",187500
33.9,-0.1,100,"bu","09:57:23",186500
33.85,-0.15,18000,"sd","09:57:18",186400
33.85,-0.15,400,"sd","09:56:00",168400
33.85,-0.15,200,"sd","09:55:28",168000
33.9,-0.1,7000,"bu","09:54:57",167800
33.85,-0.15,100,"sd","09:54:57",160800
33.85,-0.15,300,"sd","09:54:19",160700
33.9,-0.1,1000,"bu","09:53:25",160400
33.85,-0.15,600,"sd","09:53:11",159400
33.9,-0.1,200,"bu","09:53:09",158800
33.9,-0.1,500,"bu","09:52:57",158600
33.9,-0.1,1000,"bu","09:52:53",158100
33.9,-0.1,100,"bu","09:52:33",157100
33.9,-0.1,300,"bu","09:52:13",157000
33.9,-0.1,200,"bu","09:51:54",156700
33.9,-0.1,100,"bu","09:51:45",156500
33.9,-0.1,500,"bu","09:51:13",156400
33.9,-0.1,1000,"bu","09:50:44",155900
33.9,-0.1,1200,"bu","09:50:18",154900
33.9,-0.1,300,"bu","09:50:15",153700
33.9,-0.1,7300,"sd","09:49:44",153400
33.9,-0.1,500,"sd","09:47:58",146100
33.9,-0.1,1200,"sd","09:47:25",145600
33.9,-0.1,800,"sd","09:47:16",144400
33.95,-0.05,300,"bu","09:47:16",143600
33.9,-0.1,300,"sd","09:46:38",143300
33.9,-0.1,200,"sd","09:46:37",143000
33.95,-0.05,500,"bu","09:46:22",142800
33.95,-0.05,100,"bu","09:46:18",142300
33.95,-0.05,200,"bu","09:45:50",142200
33.9,-0.1,800,"sd","09:45:07",142000
33.95,-0.05,300,"bu","09:43:58",141200
33.9,-0.1,300,"sd","09:43:41",140900
33.9,-0.1,100,"sd","09:43:19",140600
33.95,-0.05,100,"sd","09:43:19",140500
33.9,-0.1,1000,"sd","09:42:18",140400
34,0,200,"bu","09:42:02",139400
33.95,-0.05,4000,"bu","09:42:02",139200
33.95,-0.05,1000,"sd","09:41:59",135200
33.95,-0.05,3400,"sd","09:41:38",134200
33.95,-0.05,900,"sd","09:41:33",130800
34,0,2000,"bu","09:41:21",129900
33.95,-0.05,3000,"sd","09:41:10",127900
33.95,-0.05,2700,"sd","09:40:46",124900
33.95,-0.05,100,"sd","09:40:38",122200
33.95,-0.05,400,"sd","09:40:13",122100
33.95,-0.05,300,"bu","09:38:12",121700
33.95,-0.05,1000,"bu","09:38:09",121400
33.95,-0.05,4500,"bu","09:38:08",120400
33.95,-0.05,100,"bu","09:38:04",115900
33.95,-0.05,500,"bu","09:38:02",115800
33.95,-0.05,10000,"bu","09:37:54",115300
33.95,-0.05,800,"bu","09:37:52",105300
33.95,-0.05,200,"bu","09:36:12",104500
33.9,-0.1,500,"sd","09:35:33",104300
33.9,-0.1,500,"sd","09:34:22",103800
33.9,-0.1,500,"sd","09:33:32",103300
33.9,-0.1,100,"sd","09:33:26",102800
33.9,-0.1,1000,"bu","09:33:25",102700
33.9,-0.1,100,"sd","09:32:05",101700
33.9,-0.1,100,"bu","09:31:48",101600
33.9,-0.1,3200,"sd","09:31:28",101500
33.9,-0.1,300,"sd","09:30:12",98300
33.95,-0.05,2000,"bu","09:29:41",98000
33.95,-0.05,3800,"sd","09:28:56",96000
33.95,-0.05,2000,"sd","09:28:54",92200
33.95,-0.05,400,"sd","09:28:47",90200
33.95,-0.05,100,"sd","09:28:46",89800
34,0,1000,"bu","09:28:46",89700
33.95,-0.05,200,"sd","09:28:38",88700
33.95,-0.05,6100,"bu","09:27:36",88500
33.9,-0.1,700,"sd","09:26:59",82400
33.9,-0.1,100,"bu","09:26:25",81700
33.85,-0.15,700,"sd","09:26:23",81600
33.85,-0.15,300,"bu","09:25:56",80900
33.85,-0.15,1000,"bu","09:25:11",80600
33.8,-0.2,2900,"sd","09:24:54",79600
33.85,-0.15,700,"bu","09:24:48",76700
33.85,-0.15,500,"bu","09:24:25",76000
33.85,-0.15,700,"sd","09:24:17",75500
33.85,-0.15,6000,"sd","09:24:05",74800
33.85,-0.15,500,"sd","09:23:17",68800
33.85,-0.15,500,"sd","09:23:08",68300
33.85,-0.15,3000,"sd","09:23:07",67800
33.85,-0.15,600,"bu","09:22:59",64800
33.85,-0.15,100,"bu","09:22:57",64200
33.85,-0.15,2400,"sd","09:22:41",64100
33.85,-0.15,100,"bu","09:22:32",61700
33.85,-0.15,100,"bu","09:22:20",61600
33.8,-0.2,100,"sd","09:22:12",61500
33.8,-0.2,2300,"sd","09:22:10",61400
33.8,-0.2,3700,"bu","09:22:01",59100
33.8,-0.2,6500,"bu","09:22:00",55400
33.8,-0.2,2000,"bu","09:21:59",48900
33.75,-0.25,100,"sd","09:21:58",46900
33.8,-0.2,1300,"bu","09:21:56",46800
33.8,-0.2,2000,"bu","09:21:37",45500
33.8,-0.2,2400,"bu","09:21:18",43500
33.8,-0.2,200,"bu","09:21:09",41100
33.8,-0.2,100,"bu","09:21:08",40900
33.8,-0.2,100,"bu","09:21:00",40800
33.8,-0.2,100,"bu","09:20:51",40700
33.8,-0.2,2200,"bu","09:20:50",40600
33.8,-0.2,100,"bu","09:20:46",38400
33.8,-0.2,200,"bu","09:20:31",38300
33.8,-0.2,100,"bu","09:20:19",38100
33.8,-0.2,10000,"bu","09:20:13",38000
33.8,-0.2,500,"bu","09:19:41",28000
33.75,-0.25,300,"bu","09:18:57",27500
33.75,-0.25,600,"bu","09:18:45",27200
33.75,-0.25,4200,"sd","09:18:39",26600
33.75,-0.25,900,"sd","09:18:31",22400
33.75,-0.25,500,"sd","09:18:19",21500
33.75,-0.25,300,"sd","09:17:53",21000
33.75,-0.25,1000,"sd","09:17:50",20700
33.75,-0.25,600,"sd","09:17:33",19700
33.75,-0.25,300,"sd","09:17:29",19100
33.75,-0.25,1700,"bu","09:17:22",18800
33.75,-0.25,300,"sd","09:17:18",17100
33.8,-0.2,400,"bu","09:17:08",16800
33.7,-0.3,100,"sd","09:17:03",16400
33.8,-0.2,100,"bu","09:16:31",16300
33.8,-0.2,2000,"sd","09:16:22",16200
33.8,-0.2,700,"sd","09:16:13",14200
33.8,-0.2,6100,"sd","09:15:24",13500
33.9,-0.1,2100,"sd","09:15:13",7400
33.95,-0.05,300,"bu","09:15:03",5300
33.95,-0.05,5000,"","09:15:00",5000
