"price","change","match_qtty","side","time","total_vol"
7.74,-0.01,31400,"","14:45:00",287700
7.75,0,1400,"bu","14:29:21",256300
7.74,-0.01,100,"bu","14:29:21",254900
7.74,-0.01,1000,"bu","14:29:17",254800
7.74,-0.01,1000,"bu","14:28:48",253800
7.74,-0.01,500,"bu","14:28:39",252800
7.74,-0.01,500,"bu","14:27:57",252300
7.72,-0.03,3000,"sd","14:27:45",251800
7.74,-0.01,400,"bu","14:27:23",248800
7.73,-0.02,600,"bu","14:27:23",248400
7.74,-0.01,1000,"bu","14:27:02",247800
7.72,-0.03,100,"sd","14:26:00",246800
7.74,-0.01,600,"bu","14:25:42",246700
7.74,-0.01,400,"bu","14:23:05",246100
7.71,-0.04,100,"sd","14:22:03",245700
7.74,-0.01,300,"bu","14:21:44",245600
7.74,-0.01,1000,"bu","14:20:38",245300
7.71,-0.04,3000,"sd","14:20:35",244300
7.7,-0.05,100,"sd","14:18:05",241300
7.74,-0.01,200,"bu","14:17:48",241200
7.7,-0.05,700,"sd","14:17:24",241000
7.74,-0.01,300,"bu","14:15:16",240300
7.7,-0.05,500,"sd","14:14:19",240000
7.75,0,800,"bu","14:14:14",239500
7.7,-0.05,100,"sd","14:14:10",238700
7.75,0,900,"bu","14:12:44",238600
7.69,-0.06,5000,"sd","14:12:40",237700
7.7,-0.05,2000,"sd","14:12:40",232700
7.75,0,600,"bu","14:12:02",230700
7.75,0,1000,"bu","14:11:28",230100
7.68,-0.07,6600,"sd","14:11:24",229100
7.7,-0.05,3400,"sd","14:11:24",222500
7.75,0,500,"bu","14:10:36",219100
7.75,0,300,"bu","14:10:19",218600
7.7,-0.05,100,"sd","14:10:12",218300
7.75,0,800,"bu","14:10:02",218200
7.75,0,300,"bu","14:09:46",217400
7.75,0,2000,"bu","14:09:30",217100
7.75,0,100,"bu","14:09:13",215100
7.74,-0.01,2900,"bu","14:09:13",215000
7.74,-0.01,2000,"bu","14:08:55",212100
7.71,-0.04,10000,"sd","14:08:53",210100
7.74,-0.01,3000,"bu","14:08:18",200100
7.74,-0.01,2000,"bu","14:07:54",197100
7.74,-0.01,5000,"bu","14:07:40",195100
7.74,-0.01,2000,"bu","14:06:35",190100
7.74,-0.01,1500,"bu","14:06:18",188100
7.68,-0.07,100,"sd","14:06:16",186600
7.74,-0.01,2000,"bu","14:06:00",186500
7.74,-0.01,500,"bu","14:04:30",184500
7.74,-0.01,200,"bu","14:03:18",184000
7.68,-0.07,100,"sd","14:02:18",183800
7.74,-0.01,200,"bu","14:00:33",183700
7.73,-0.02,100,"bu","13:58:38",183500
7.69,-0.06,100,"sd","13:58:23",183400
7.74,-0.01,300,"bu","13:55:37",183300
7.69,-0.06,1000,"sd","13:55:09",183000
7.68,-0.07,100,"sd","13:54:25",182000
7.74,-0.01,900,"bu","13:53:48",181900
7.74,-0.01,500,"bu","13:50:38",181000
7.68,-0.07,100,"sd","13:50:28",180500
7.74,-0.01,1000,"bu","13:49:17",180400
7.74,-0.01,500,"bu","13:47:02",179400
7.69,-0.06,900,"sd","13:46:44",178900
7.69,-0.06,100,"sd","13:46:32",178000
7.74,-0.01,600,"bu","13:45:23",177900
7.74,-0.01,100,"bu","13:45:06",177300
7.74,-0.01,1000,"bu","13:44:40",177200
7.68,-0.07,2000,"sd","13:44:16",176200
7.68,-0.07,100,"sd","13:42:35",174200
7.74,-0.01,200,"bu","13:38:46",174100
7.68,-0.07,100,"sd","13:38:38",173900
7.74,-0.01,100,"bu","13:35:07",173800
7.68,-0.07,100,"sd","13:34:41",173700
7.74,-0.01,800,"bu","13:31:17",173600
7.68,-0.07,100,"sd","13:30:44",172800
7.74,-0.01,2000,"bu","13:30:39",172700
7.74,-0.01,1000,"bu","13:30:21",170700
7.68,-0.07,13000,"sd","13:30:17",169700
7.74,-0.01,100,"bu","13:28:18",156700
7.68,-0.07,1500,"sd","13:28:03",156600
7.74,-0.01,100,"bu","13:27:13",155100
7.68,-0.07,100,"sd","13:26:47",155000
7.74,-0.01,200,"bu","13:25:08",154900
7.68,-0.07,1600,"sd","13:24:34",154700
7.68,-0.07,100,"sd","13:22:51",153100
7.75,0,100,"bu","13:19:11",153000
7.68,-0.07,100,"sd","13:18:54",152900
7.75,0,100,"bu","13:18:02",152800
7.74,-0.01,900,"bu","13:18:02",152700
7.68,-0.07,3000,"sd","13:17:59",151800
7.74,-0.01,200,"sd","13:15:46",148800
7.74,-0.01,300,"bu","13:15:23",148600
7.68,-0.07,400,"sd","13:15:19",148300
7.68,-0.07,100,"sd","13:14:58",147900
7.69,-0.06,1000,"bu","13:14:35",147800
7.69,-0.06,500,"bu","13:14:10",146800
7.69,-0.06,300,"sd","13:14:05",146300
7.74,-0.01,200,"bu","13:11:54",146000
7.69,-0.06,100,"sd","13:11:01",145800
7.74,-0.01,500,"bu","13:07:05",145700
7.69,-0.06,100,"sd","13:07:04",145200
7.69,-0.06,600,"sd","13:07:02",145100
7.74,-0.01,1000,"bu","13:04:54",144500
7.74,-0.01,1000,"bu","13:03:58",143500
7.68,-0.07,100,"sd","13:03:08",142500
7.75,0,200,"bu","13:02:32",142400
7.74,-0.01,10000,"sd","13:01:57",142200
7.75,0,1000,"bu","13:01:12",132200
7.74,-0.01,5000,"sd","13:01:07",131200
7.74,-0.01,100,"bu","11:29:37",126200
7.7,-0.05,100,"sd","11:29:11",126100
7.7,-0.05,2000,"sd","11:27:06",126000
7.75,0,200,"bu","11:26:35",124000
7.7,-0.05,100,"sd","11:25:14",123800
7.75,0,100,"bu","11:22:09",123700
7.74,-0.01,100,"bu","11:22:09",123600
7.7,-0.05,100,"sd","11:21:17",123500
7.75,0,1000,"bu","11:19:43",123400
7.7,-0.05,2000,"sd","11:19:39",122400
7.7,-0.05,100,"sd","11:17:20",120400
7.75,0,100,"bu","11:15:27",120300
7.7,-0.05,100,"sd","11:13:25",120200
7.75,0,500,"bu","11:12:00",120100
7.7,-0.05,2000,"sd","11:11:57",119600
7.75,0,100,"bu","11:10:19",117600
7.7,-0.05,100,"sd","11:09:27",117500
7.75,0,200,"bu","11:06:54",117400
7.75,0,500,"sd","11:06:43",117200
7.75,0,1000,"bu","11:06:26",116700
7.77,0.02,100,"bu","11:05:47",115700
7.7,-0.05,100,"sd","11:05:30",115600
7.77,0.02,100,"bu","11:04:53",115500
7.75,0,100,"bu","11:04:53",115400
7.75,0,900,"sd","11:04:51",115300
7.75,0,100,"sd","11:04:41",114400
7.77,0.02,300,"bu","11:04:08",114300
7.75,0,700,"bu","11:04:08",114000
7.75,0,300,"sd","11:03:41",113300
7.77,0.02,200,"bu","11:03:26",113000
7.75,0,1700,"bu","11:03:11",112800
7.75,0,1000,"bu","11:02:51",111100
7.75,0,3000,"bu","11:02:36",110100
7.75,0,1000,"bu","11:02:09",107100
7.75,0,1000,"bu","11:01:51",106100
7.75,0,2000,"bu","11:01:35",104100
7.7,-0.05,100,"sd","11:01:33",102100
7.75,0,3000,"bu","11:01:23",102000
7.75,0,2000,"bu","11:01:10",99000
7.75,0,500,"bu","11:00:24",97000
7.74,-0.01,1000,"bu","11:00:24",96500
7.69,-0.06,3500,"bu","11:00:24",95500
7.66,-0.09,1900,"sd","10:58:01",92000
7.66,-0.09,100,"sd","10:57:36",90100
7.66,-0.09,100,"sd","10:53:40",90000
7.69,-0.06,500,"bu","10:52:39",89900
7.69,-0.06,1500,"sd","10:50:14",89400
7.69,-0.06,100,"sd","10:49:43",87900
7.7,-0.05,300,"bu","10:48:42",87800
7.7,-0.05,800,"sd","10:47:59",87500
7.7,-0.05,100,"sd","10:47:26",86700
7.75,0,100,"bu","10:46:40",86600
7.73,-0.02,400,"bu","10:46:40",86500
7.71,-0.04,500,"bu","10:46:40",86100
7.73,-0.02,400,"bu","10:45:59",85600
7.7,-0.05,100,"sd","10:45:46",85200
7.73,-0.02,200,"bu","10:44:51",85100
7.72,-0.03,100,"bu","10:44:51",84900
7.7,-0.05,500,"sd","10:44:27",84800
7.7,-0.05,1000,"bu","10:44:11",84300
7.69,-0.06,1500,"sd","10:44:06",83300
7.7,-0.05,200,"bu","10:43:23",81800
7.69,-0.06,1700,"bu","10:43:23",81600
7.69,-0.06,2000,"bu","10:43:00",79900
7.69,-0.06,1000,"bu","10:42:41",77900
7.69,-0.06,3000,"bu","10:42:26",76900
7.69,-0.06,2000,"bu","10:42:01",73900
7.65,-0.1,100,"sd","10:41:49",71900
7.65,-0.1,100,"sd","10:37:53",71800
7.69,-0.06,300,"bu","10:34:57",71700
7.65,-0.1,200,"sd","10:34:51",71400
7.65,-0.1,100,"sd","10:33:56",71200
7.65,-0.1,100,"sd","10:29:59",71100
7.65,-0.1,600,"bu","10:29:43",71000
7.65,-0.1,1000,"bu","10:29:25",70400
7.65,-0.1,200,"bu","10:29:11",69400
7.65,-0.1,100,"bu","10:28:27",69200
7.65,-0.1,100,"bu","10:28:06",69100
7.64,-0.11,100,"sd","10:26:02",69000
7.65,-0.1,500,"bu","10:25:58",68900
7.65,-0.1,100,"bu","10:25:42",68400
7.65,-0.1,300,"bu","10:25:34",68300
7.65,-0.1,10400,"sd","10:24:31",68000
7.66,-0.09,2300,"sd","10:24:31",57600
7.67,-0.08,100,"sd","10:24:31",55300
7.7,-0.05,500,"bu","10:22:21",55200
7.67,-0.08,100,"sd","10:22:05",54700
7.66,-0.09,100,"sd","10:18:09",54600
7.66,-0.09,100,"bu","10:15:34",54500
7.66,-0.09,400,"bu","10:15:08",54400
7.66,-0.09,100,"sd","10:14:12",54000
7.66,-0.09,500,"bu","10:13:52",53900
7.66,-0.09,1000,"sd","10:13:00",53400
7.66,-0.09,100,"sd","10:12:58",52400
7.66,-0.09,100,"sd","10:10:15",52300
7.7,-0.05,6000,"bu","10:08:08",52200
7.7,-0.05,100,"bu","10:06:58",46200
7.65,-0.1,100,"sd","10:06:18",46100
7.7,-0.05,200,"bu","10:06:13",46000
7.7,-0.05,100,"bu","10:02:48",45800
7.65,-0.1,100,"sd","10:02:21",45700
7.7,-0.05,100,"bu","10:02:05",45600
7.7,-0.05,400,"bu","10:01:57",45500
7.7,-0.05,100,"bu","09:59:12",45100
7.65,-0.1,100,"sd","09:58:25",45000
7.7,-0.05,5000,"bu","09:57:48",44900
7.7,-0.05,100,"bu","09:55:55",39900
7.65,-0.1,800,"sd","09:55:33",39800
7.7,-0.05,300,"bu","09:55:29",39000
7.65,-0.1,100,"sd","09:54:28",38700
7.7,-0.05,300,"bu","09:53:44",38600
7.7,-0.05,200,"bu","09:52:46",38300
7.7,-0.05,200,"bu","09:52:27",38100
7.67,-0.08,1800,"bu","09:52:27",37900
7.65,-0.1,100,"sd","09:50:31",36100
7.65,-0.1,300,"bu","09:50:21",36000
7.63,-0.12,1000,"sd","09:49:21",35700
7.65,-0.1,3600,"bu","09:47:24",34700
7.65,-0.1,500,"bu","09:46:56",31100
7.65,-0.1,100,"bu","09:46:53",30600
7.65,-0.1,2500,"sd","09:46:40",30500
7.65,-0.1,100,"sd","09:46:34",28000
7.67,-0.08,100,"bu","09:45:25",27900
7.65,-0.1,100,"bu","09:44:59",27800
7.65,-0.1,3000,"bu","09:44:09",27700
7.65,-0.1,3900,"sd","09:43:33",24700
7.65,-0.1,1000,"sd","09:43:11",20800
7.67,-0.08,100,"bu","09:42:54",19800
7.65,-0.1,1200,"sd","09:42:47",19700
7.65,-0.1,3800,"sd","09:42:47",18500
7.65,-0.1,100,"sd","09:42:38",14700
7.65,-0.1,100,"sd","09:38:41",14600
7.65,-0.1,1000,"sd","09:34:47",14500
7.65,-0.1,100,"sd","09:34:44",13500
7.7,-0.05,200,"bu","09:30:47",13400
7.67,-0.08,100,"sd","09:30:47",13200
7.67,-0.08,500,"sd","09:29:46",13100
7.67,-0.08,300,"sd","09:27:32",12600
7.68,-0.07,100,"sd","09:26:50",12300
7.67,-0.08,100,"sd","09:22:54",12200
7.7,-0.05,400,"sd","09:22:21",12100
7.7,-0.05,2600,"bu","09:20:29",11700
7.7,-0.05,200,"bu","09:19:07",9100
7.65,-0.1,200,"sd","09:18:57",8900
7.7,-0.05,2400,"bu","09:18:08",8700
7.7,-0.05,200,"bu","09:17:17",6300
7.7,-0.05,4600,"sd","09:16:05",6100
7.75,0,100,"bu","09:15:50",1500
7.74,-0.01,100,"bu","09:15:50",1400
7.75,0,1300,"","09:15:00",1300
