"price","change","match_qtty","side","time","total_vol"
6.3,0.1,63000,"","14:45:02",1098200
6.2,0,200,"sd","14:29:53",1035200
6.3,0.1,500,"bu","14:29:49",1035000
6.3,0.1,1900,"bu","14:29:40",1034500
6.3,0.1,500,"bu","14:28:12",1032600
6.3,0.1,11900,"bu","14:26:54",1032100
6.3,0.1,200,"bu","14:24:53",1020200
6.3,0.1,500,"bu","14:24:50",1020000
6.3,0.1,100,"bu","14:24:48",1019500
6.3,0.1,200,"bu","14:24:46",1019400
6.3,0.1,300,"bu","14:24:44",1019200
6.2,0,5000,"sd","14:24:17",1018900
6.3,0.1,100,"bu","14:22:34",1013900
6.2,0,3100,"sd","14:21:36",1013800
6.2,0,500,"sd","14:21:04",1010700
6.2,0,500,"sd","14:20:25",1010200
6.3,0.1,500,"bu","14:20:05",1009700
6.3,0.1,300,"bu","14:18:55",1009200
6.3,0.1,100,"bu","14:18:53",1008900
6.3,0.1,200,"bu","14:18:52",1008800
6.3,0.1,400,"bu","14:18:50",1008600
6.3,0.1,200,"bu","14:18:48",1008200
6.3,0.1,300,"bu","14:18:47",1008000
6.3,0.1,200,"bu","14:18:45",1007700
6.3,0.1,500,"bu","14:18:43",1007500
6.3,0.1,100,"bu","14:18:41",1007000
6.3,0.1,200,"bu","14:18:40",1006900
6.3,0.1,300,"bu","14:18:38",1006700
6.3,0.1,500,"bu","14:18:37",1006400
6.3,0.1,200,"bu","14:18:35",1005900
6.3,0.1,100,"bu","14:18:31",1005700
6.3,0.1,200,"bu","14:18:29",1005600
6.3,0.1,300,"bu","14:18:27",1005400
6.3,0.1,200,"bu","14:18:26",1005100
6.2,0,2700,"sd","14:18:25",1004900
6.3,0.1,400,"bu","14:18:24",1002200
6.3,0.1,100,"bu","14:18:23",1001800
6.3,0.1,200,"bu","14:18:21",1001700
6.3,0.1,300,"bu","14:18:19",1001500
6.3,0.1,100,"bu","14:18:17",1001200
6.3,0.1,200,"bu","14:18:16",1001100
6.3,0.1,100,"bu","14:18:14",1000900
6.3,0.1,300,"bu","14:18:12",1000800
6.3,0.1,200,"bu","14:18:11",1000500
6.3,0.1,400,"bu","14:18:09",1000300
6.3,0.1,200,"bu","14:18:06",999900
6.3,0.1,100,"bu","14:18:05",999700
6.3,0.1,200,"bu","14:18:03",999600
6.3,0.1,300,"bu","14:18:01",999400
6.3,0.1,200,"bu","14:17:58",999100
6.3,0.1,100,"bu","14:17:57",998900
6.3,0.1,300,"bu","14:17:55",998800
6.3,0.1,200,"bu","14:17:53",998500
6.3,0.1,400,"bu","14:17:51",998300
6.3,0.1,300,"bu","14:17:49",997900
6.3,0.1,100,"bu","14:17:48",997600
6.3,0.1,200,"bu","14:17:46",997500
6.2,0,400,"bu","14:17:10",997300
6.2,0,800,"bu","14:17:09",996900
6.2,0,200,"bu","14:17:06",996100
6.2,0,500,"bu","14:17:04",995900
6.2,0,200,"bu","14:17:02",995400
6.2,0,2700,"bu","14:17:01",995200
6.2,0,500,"bu","14:16:58",992500
6.2,0,500,"bu","14:16:57",992000
6.2,0,800,"bu","14:16:55",991500
6.2,0,3000,"bu","14:16:53",990700
6.2,0,3300,"bu","14:16:51",987700
6.2,0,500,"bu","14:16:49",984400
6.2,0,60000,"bu","14:16:48",983900
6.2,0,200,"bu","14:16:47",923900
6.2,0,1600,"bu","14:16:45",923700
6.2,0,300,"bu","14:16:43",922100
6.2,0,10200,"bu","14:16:42",921800
6.2,0,100,"bu","14:16:37",911600
6.2,0,10300,"bu","14:16:35",911500
6.2,0,200,"bu","14:16:34",901200
6.2,0,1600,"bu","14:16:33",901000
6.2,0,200,"bu","14:16:32",899400
6.2,0,300,"bu","14:16:30",899200
6.2,0,100,"bu","14:16:29",898900
6.1,-0.1,13000,"sd","14:16:21",898800
6.2,0,1000,"bu","14:16:20",885800
6.2,0,14300,"bu","14:16:15",884800
6.2,0,5000,"bu","14:16:14",870500
6.2,0,30000,"bu","14:16:12",865500
6.2,0,100,"bu","14:16:09",835500
6.2,0,200,"bu","14:16:07",835400
6.2,0,500,"bu","14:16:06",835200
6.2,0,300,"bu","14:16:04",834700
6.2,0,20200,"bu","14:16:02",834400
6.2,0,1300,"bu","14:16:01",814200
6.2,0,13600,"bu","14:15:59",812900
6.2,0,300,"bu","14:15:58",799300
6.2,0,800,"bu","14:15:56",799000
6.2,0,900,"bu","14:15:54",798200
6.2,0,20000,"bu","14:15:53",797300
6.2,0,100,"bu","14:15:52",777300
6.2,0,200,"bu","14:15:50",777200
6.2,0,300,"bu","14:15:48",777000
6.2,0,200,"bu","14:15:47",776700
6.2,0,5300,"bu","14:15:45",776500
6.2,0,100,"bu","14:15:43",771200
6.2,0,200,"bu","14:15:42",771100
6.2,0,300,"bu","14:15:40",770900
6.2,0,200,"bu","14:15:38",770600
6.2,0,400,"bu","14:15:36",770400
6.2,0,300,"bu","14:15:34",770000
6.2,0,100,"bu","14:15:33",769700
6.2,0,200,"bu","14:15:31",769600
6.2,0,500,"bu","14:15:29",769400
6.2,0,200,"bu","14:15:27",768900
6.2,0,300,"bu","14:15:25",768700
6.2,0,200,"bu","14:15:23",768400
6.2,0,300,"bu","14:15:21",768200
6.2,0,500,"bu","14:15:19",767900
6.2,0,18000,"bu","14:14:54",767400
6.2,0,2000,"bu","14:14:13",749400
6.2,0,500,"bu","14:13:45",747400
6.2,0,500,"bu","14:13:27",746900
6.2,0,700,"bu","14:13:26",746400
6.2,0,900,"bu","14:13:24",745700
6.2,0,600,"bu","14:13:22",744800
6.2,0,200,"bu","14:13:19",744200
6.2,0,21100,"bu","14:13:18",744000
6.2,0,300,"bu","14:13:17",722900
6.2,0,12200,"bu","14:13:15",722600
6.2,0,400,"bu","14:13:13",710400
6.2,0,500,"bu","14:13:10",710000
6.2,0,600,"bu","14:13:08",709500
6.2,0,400,"bu","14:13:06",708900
6.2,0,200,"bu","14:13:04",708500
6.2,0,300,"bu","14:13:02",708300
6.2,0,400,"bu","14:13:01",708000
6.2,0,500,"bu","14:12:58",707600
6.2,0,400,"bu","14:12:57",707100
6.2,0,300,"bu","14:12:55",706700
6.2,0,100,"bu","14:12:53",706400
6.2,0,200,"bu","14:12:51",706300
6.2,0,500,"bu","14:12:49",706100
6.2,0,2400,"bu","14:12:47",705600
6.2,0,100,"bu","14:12:45",703200
6.2,0,200,"bu","14:12:43",703100
6.2,0,500,"bu","14:12:41",702900
6.2,0,1000,"bu","14:12:39",702400
6.2,0,300,"bu","14:12:17",701400
6.2,0,600,"bu","14:11:49",701100
6.2,0,200,"bu","14:11:46",700500
6.2,0,500,"bu","14:11:45",700300
6.2,0,1100,"bu","14:11:43",699800
6.2,0,300,"bu","14:11:39",698700
6.2,0,10000,"bu","14:11:15",698400
6.2,0,200,"bu","14:09:37",688400
6.2,0,300,"bu","14:09:34",688200
6.2,0,500,"bu","14:09:32",687900
6.2,0,200,"bu","14:09:29",687400
6.2,0,100,"bu","14:09:27",687200
6.2,0,900,"bu","14:09:20",687100
6.2,0,300,"bu","14:09:19",686200
6.2,0,200,"bu","14:09:17",685900
6.2,0,500,"bu","14:09:13",685700
6.2,0,400,"bu","14:09:10",685200
6.2,0,100,"bu","14:09:08",684800
6.2,0,200,"bu","14:09:07",684700
6.2,0,500,"bu","14:09:05",684500
6.2,0,300,"bu","14:09:02",684000
6.2,0,500,"bu","14:08:35",683700
6.2,0,300,"bu","14:08:33",683200
6.2,0,200,"bu","14:08:30",682900
6.2,0,600,"bu","14:08:28",682700
6.2,0,800,"bu","14:08:21",682100
6.2,0,400,"bu","14:08:19",681300
6.2,0,100,"bu","14:08:14",680900
6.2,0,300,"bu","14:08:11",680800
6.2,0,500,"bu","14:08:08",680500
6.1,-0.1,500,"sd","14:06:06",680000
6.2,0,5000,"bu","14:04:05",679500
6.2,0,1300,"bu","14:02:32",674500
6.2,0,500,"bu","14:02:16",673200
6.2,0,500,"bu","14:01:53",672700
6.2,0,1100,"bu","14:01:23",672200
6.2,0,1000,"bu","14:01:08",671100
6.2,0,500,"bu","14:00:58",670100
6.2,0,100,"bu","14:00:56",669600
6.2,0,200,"bu","14:00:53",669500
6.2,0,600,"bu","14:00:48",669300
6.2,0,500,"bu","14:00:32",668700
6.2,0,300,"bu","14:00:28",668200
6.2,0,200,"bu","14:00:26",667900
6.2,0,800,"bu","14:00:24",667700
6.2,0,500,"bu","14:00:21",666900
6.2,0,200,"bu","14:00:18",666400
6.2,0,1000,"bu","14:00:16",666200
6.2,0,300,"bu","14:00:14",665200
6.2,0,200,"bu","14:00:12",664900
6.2,0,600,"bu","13:59:09",664700
6.2,0,300,"bu","13:59:07",664100
6.2,0,600,"bu","13:59:05",663800
6.2,0,500,"bu","13:59:02",663200
6.2,0,1200,"bu","13:58:34",662700
6.2,0,500,"bu","13:57:42",661500
6.2,0,300,"bu","13:57:40",661000
6.2,0,200,"bu","13:57:35",660700
6.2,0,300,"bu","13:57:24",660500
6.2,0,1000,"bu","13:56:43",660200
6.2,0,500,"bu","13:56:24",659200
6.2,0,200,"bu","13:55:45",658700
6.2,0,500,"bu","13:55:42",658500
6.2,0,200,"bu","13:55:36",658000
6.2,0,1000,"bu","13:55:34",657800
6.2,0,200,"bu","13:55:24",656800
6.2,0,600,"bu","13:55:22",656600
6.2,0,800,"bu","13:55:19",656000
6.2,0,500,"bu","13:55:17",655200
6.2,0,1000,"bu","13:55:15",654700
6.2,0,100,"bu","13:55:11",653700
6.2,0,300,"bu","13:55:08",653600
6.2,0,100,"bu","13:55:03",653300
6.2,0,200,"bu","13:55:01",653200
6.2,0,500,"bu","13:54:58",653000
6.1,-0.1,75700,"sd","13:42:32",652500
6.1,-0.1,5600,"bu","13:42:15",576800
6,-0.2,100,"sd","13:42:12",571200
6.1,-0.1,1000,"bu","13:39:27",571100
6.1,-0.1,33300,"bu","13:39:04",570100
6.1,-0.1,38800,"sd","13:38:24",536800
6.1,-0.1,20000,"sd","13:37:31",498000
6.1,-0.1,5200,"sd","13:35:52",478000
6.1,-0.1,4000,"sd","13:35:44",472800
6.1,-0.1,5000,"sd","13:35:05",468800
6.1,-0.1,10000,"sd","13:34:59",463800
6.1,-0.1,8900,"sd","13:32:34",453800
6.1,-0.1,5800,"sd","13:30:34",444900
6.1,-0.1,2600,"sd","13:25:04",439100
6.1,-0.1,1900,"sd","13:22:12",436500
6.1,-0.1,5000,"sd","13:20:25",434600
6.1,-0.1,4200,"sd","13:16:57",429600
6.1,-0.1,3000,"sd","13:16:49",425400
6.1,-0.1,200,"sd","13:16:28",422400
6.1,-0.1,10000,"sd","13:13:48",422200
6.1,-0.1,5000,"sd","13:13:09",412200
6.1,-0.1,1000,"sd","13:10:20",407200
6.1,-0.1,500,"sd","13:09:19",406200
6.1,-0.1,3000,"sd","13:08:27",405700
6.1,-0.1,200,"sd","13:04:17",402700
6.1,-0.1,300,"sd","13:00:04",402500
6.2,0,1100,"bu","11:26:45",402200
6.2,0,3200,"bu","11:21:48",401100
6.1,-0.1,100,"sd","11:21:27",397900
6.1,-0.1,100,"sd","11:18:16",397800
6.1,-0.1,2000,"sd","11:16:29",397700
6.1,-0.1,200,"sd","11:15:38",395700
6.1,-0.1,5000,"sd","11:10:37",395500
6.1,-0.1,2000,"sd","11:10:26",390500
6.1,-0.1,2200,"sd","11:07:07",388500
6.1,-0.1,26400,"sd","10:58:22",386300
6.1,-0.1,3000,"sd","10:57:51",359900
6.1,-0.1,2000,"sd","10:52:53",356900
6.2,0,2000,"bu","10:51:43",354900
6.1,-0.1,109800,"sd","10:48:40",352900
6.1,-0.1,100,"sd","10:42:55",243100
6.1,-0.1,1500,"sd","10:42:31",243000
6.2,0,1000,"bu","10:41:51",241500
6.2,0,3000,"bu","10:41:39",240500
6.2,0,300,"bu","10:39:59",237500
6.2,0,1000,"bu","10:39:26",237200
6.2,0,300,"bu","10:35:11",236200
6.1,-0.1,200,"sd","10:33:25",235900
6.1,-0.1,200,"sd","10:29:48",235700
6.1,-0.1,100,"sd","10:25:07",235500
6.1,-0.1,1000,"sd","10:23:47",235400
6.1,-0.1,3900,"sd","10:22:08",234400
6.1,-0.1,300,"sd","10:20:51",230500
6.1,-0.1,5000,"sd","10:18:11",230200
6.1,-0.1,1900,"sd","10:17:08",225200
6.1,-0.1,1500,"sd","10:13:21",223300
6.1,-0.1,1200,"sd","10:12:32",221800
6.1,-0.1,300,"sd","10:11:08",220600
6.1,-0.1,6000,"sd","10:09:20",220300
6.1,-0.1,22000,"sd","10:05:40",214300
6.2,0,3000,"bu","10:05:32",192300
6.1,-0.1,2000,"sd","10:04:38",189300
6.1,-0.1,600,"sd","10:04:24",187300
6.1,-0.1,200,"sd","10:03:35",186700
6.2,0,100,"bu","10:02:57",186500
6.1,-0.1,3000,"sd","10:02:41",186400
6.1,-0.1,7000,"sd","10:00:08",183400
6.1,-0.1,3000,"sd","09:59:45",176400
6.1,-0.1,500,"sd","09:58:14",173400
6.1,-0.1,1900,"sd","09:57:39",172900
6.1,-0.1,800,"sd","09:55:02",171000
6.1,-0.1,2000,"sd","09:54:34",170200
6.1,-0.1,2000,"sd","09:52:38",168200
6.1,-0.1,60000,"sd","09:50:47",166200
6.1,-0.1,200,"sd","09:48:32",106200
6.1,-0.1,2000,"sd","09:48:24",106000
6.1,-0.1,100,"sd","09:45:59",104000
6.1,-0.1,3300,"sd","09:45:53",103900
6.1,-0.1,300,"sd","09:45:45",100600
6.1,-0.1,100,"sd","09:41:47",100300
6.1,-0.1,20000,"sd","09:40:14",100200
6.1,-0.1,9000,"sd","09:39:52",80200
6.1,-0.1,200,"sd","09:38:11",71200
6.1,-0.1,40000,"sd","09:38:00",71000
6.1,-0.1,1900,"sd","09:37:48",31000
6.1,-0.1,2000,"sd","09:33:54",29100
6.1,-0.1,1200,"sd","09:31:44",27100
6.1,-0.1,2000,"sd","09:27:10",25900
6.1,-0.1,2200,"sd","09:24:52",23900
6.1,-0.1,100,"sd","09:21:34",21700
6.1,-0.1,2000,"sd","09:17:00",21600
6.1,-0.1,500,"sd","09:13:26",19600
6.1,-0.1,6000,"sd","09:11:09",19100
6.1,-0.1,100,"sd","09:06:55",13100
6.1,-0.1,2000,"sd","09:03:48",13000
6.1,-0.1,10000,"sd","09:01:39",11000
6.2,0,1000,"bu","09:00:03",1000
