"price","change","match_qtty","side","time","total_vol"
27.5,0.5,244300,"","14:45:03",7332300
27.45,0.45,200,"bu","14:29:56",7088000
27.45,0.45,400,"bu","14:29:54",7087800
27.45,0.45,1000,"bu","14:29:52",7087400
27.45,0.45,1000,"bu","14:29:48",7086400
27.45,0.45,500,"bu","14:29:47",7085400
27.45,0.45,6000,"bu","14:29:46",7084900
27.45,0.45,20000,"bu","14:29:44",7078900
27.45,0.45,2000,"bu","14:29:42",7058900
27.45,0.45,1100,"bu","14:29:40",7056900
27.45,0.45,500,"bu","14:29:38",7055800
27.45,0.45,300,"bu","14:29:35",7055300
27.45,0.45,300,"bu","14:29:35",7055000
27.45,0.45,10000,"bu","14:29:28",7054700
27.4,0.4,1000,"sd","14:29:26",7044700
27.4,0.4,100,"sd","14:29:20",7043700
27.4,0.4,500,"sd","14:29:07",7043600
27.4,0.4,1000,"sd","14:28:53",7043100
27.4,0.4,400,"sd","14:28:51",7042100
27.4,0.4,200,"sd","14:28:50",7041700
27.4,0.4,400,"sd","14:28:50",7041500
27.4,0.4,1000,"sd","14:28:49",7041100
27.4,0.4,1000,"sd","14:28:46",7040100
27.4,0.4,100,"sd","14:28:45",7039100
27.4,0.4,500,"sd","14:28:38",7039000
27.4,0.4,1200,"sd","14:28:34",7038500
27.4,0.4,300,"sd","14:28:32",7037300
27.4,0.4,300,"sd","14:28:31",7037000
27.4,0.4,200,"sd","14:28:25",7036700
27.4,0.4,100,"bu","14:28:24",7036500
27.4,0.4,1500,"bu","14:28:20",7036400
27.4,0.4,500,"bu","14:28:16",7034900
27.35,0.35,100,"sd","14:28:15",7034400
27.4,0.4,1900,"sd","14:28:12",7034300
27.4,0.4,2000,"sd","14:28:08",7032400
27.45,0.45,100,"bu","14:28:02",7030400
27.4,0.4,9100,"bu","14:28:02",7030300
27.4,0.4,1500,"bu","14:27:56",7021200
27.35,0.35,30000,"sd","14:27:53",7019700
27.4,0.4,300,"bu","14:27:51",6989700
27.4,0.4,500,"bu","14:27:50",6989400
27.4,0.4,3100,"bu","14:27:49",6988900
27.4,0.4,1000,"bu","14:27:48",6985800
27.4,0.4,3500,"bu","14:27:46",6984800
27.4,0.4,7000,"bu","14:27:43",6981300
27.4,0.4,200,"bu","14:27:37",6974300
27.4,0.4,2000,"bu","14:27:35",6974100
27.4,0.4,300,"bu","14:27:33",6972100
27.4,0.4,100,"bu","14:27:24",6971800
27.4,0.4,1000,"bu","14:27:18",6971700
27.35,0.35,200,"sd","14:27:17",6970700
27.4,0.4,1700,"bu","14:27:14",6970500
27.35,0.35,100,"sd","14:27:13",6968800
27.4,0.4,5000,"bu","14:27:11",6968700
27.4,0.4,100,"bu","14:26:53",6963700
27.35,0.35,100,"sd","14:26:45",6963600
27.4,0.4,5000,"bu","14:26:44",6963500
27.4,0.4,1000,"bu","14:26:43",6958500
27.4,0.4,1000,"bu","14:26:40",6957500
27.4,0.4,3000,"bu","14:26:23",6956500
27.4,0.4,400,"bu","14:26:14",6953500
27.4,0.4,100,"bu","14:26:08",6953100
27.4,0.4,300,"bu","14:26:04",6953000
27.4,0.4,15000,"bu","14:26:02",6952700
27.35,0.35,500,"sd","14:25:57",6937700
27.35,0.35,500,"sd","14:25:56",6937200
27.35,0.35,100,"sd","14:25:48",6936700
27.35,0.35,1800,"sd","14:25:43",6936600
27.35,0.35,1000,"sd","14:25:39",6934800
27.35,0.35,100,"sd","14:25:25",6933800
27.4,0.4,300,"bu","14:25:24",6933700
27.4,0.4,1000,"bu","14:25:21",6933400
27.35,0.35,1500,"sd","14:25:16",6932400
27.4,0.4,100,"bu","14:25:11",6930900
27.35,0.35,500,"sd","14:25:09",6930800
27.4,0.4,500,"bu","14:24:59",6930300
27.4,0.4,2200,"sd","14:24:54",6929800
27.4,0.4,1000,"sd","14:24:52",6927600
27.4,0.4,300,"bu","14:24:47",6926600
27.4,0.4,700,"sd","14:24:46",6926300
27.4,0.4,2300,"bu","14:24:45",6925600
27.4,0.4,3100,"sd","14:24:42",6923300
27.4,0.4,1000,"sd","14:24:34",6920200
27.4,0.4,4800,"bu","14:24:31",6919200
27.35,0.35,1300,"sd","14:24:30",6914400
27.4,0.4,1200,"bu","14:24:28",6913100
27.4,0.4,300,"bu","14:24:27",6911900
27.4,0.4,4000,"bu","14:24:22",6911600
27.4,0.4,200,"bu","14:24:18",6907600
27.4,0.4,4000,"bu","14:24:13",6907400
27.4,0.4,100,"bu","14:24:09",6903400
27.4,0.4,1000,"bu","14:24:08",6903300
27.4,0.4,100,"bu","14:24:02",6902300
27.4,0.4,2600,"sd","14:24:01",6902200
27.4,0.4,7400,"bu","14:23:58",6899600
27.4,0.4,100,"bu","14:23:53",6892200
27.4,0.4,200,"bu","14:23:47",6892100
27.4,0.4,1000,"bu","14:23:40",6891900
27.4,0.4,400,"bu","14:23:38",6890900
27.4,0.4,400,"bu","14:23:36",6890500
27.4,0.4,6000,"sd","14:23:30",6890100
27.4,0.4,1000,"sd","14:23:26",6884100
27.4,0.4,1000,"sd","14:23:25",6883100
27.4,0.4,1100,"sd","14:23:23",6882100
27.4,0.4,1000,"sd","14:23:21",6881000
27.4,0.4,500,"sd","14:23:20",6880000
27.4,0.4,4000,"sd","14:23:13",6879500
27.4,0.4,2100,"sd","14:23:10",6875500
27.4,0.4,2000,"sd","14:23:05",6873400
27.4,0.4,1000,"sd","14:23:04",6871400
27.4,0.4,3800,"sd","14:23:02",6870400
27.45,0.45,200,"bu","14:23:00",6866600
27.4,0.4,10500,"sd","14:22:54",6866400
27.45,0.45,1000,"bu","14:22:45",6855900
27.45,0.45,1000,"bu","14:22:38",6854900
27.4,0.4,2500,"sd","14:22:30",6853900
27.4,0.4,1000,"sd","14:22:23",6851400
27.4,0.4,20000,"sd","14:22:19",6850400
27.4,0.4,700,"sd","14:22:05",6830400
27.4,0.4,1600,"sd","14:22:01",6829700
27.4,0.4,3400,"sd","14:22:00",6828100
27.4,0.4,1300,"sd","14:21:57",6824700
27.4,0.4,100,"sd","14:21:56",6823400
27.4,0.4,300,"sd","14:21:49",6823300
27.4,0.4,25300,"bu","14:21:45",6823000
27.4,0.4,300,"bu","14:21:44",6797700
27.4,0.4,1000,"bu","14:21:30",6797400
27.4,0.4,3000,"bu","14:21:24",6796400
27.4,0.4,100,"bu","14:21:22",6793400
27.4,0.4,500,"bu","14:21:22",6793300
27.4,0.4,100,"bu","14:21:18",6792800
27.4,0.4,1000,"bu","14:21:09",6792700
27.4,0.4,100,"bu","14:20:59",6791700
27.4,0.4,100,"bu","14:20:47",6791600
27.35,0.35,500,"sd","14:20:47",6791500
27.4,0.4,100,"bu","14:20:28",6791000
27.35,0.35,100,"sd","14:20:23",6790900
27.4,0.4,200,"bu","14:20:22",6790800
27.35,0.35,600,"sd","14:20:02",6790600
27.4,0.4,700,"bu","14:19:54",6790000
27.4,0.4,1400,"sd","14:19:49",6789300
27.4,0.4,2000,"sd","14:19:48",6787900
27.4,0.4,500,"sd","14:19:47",6785900
27.4,0.4,50000,"sd","14:19:43",6785400
27.4,0.4,2000,"sd","14:19:41",6735400
27.4,0.4,1000,"sd","14:19:38",6733400
27.4,0.4,100,"sd","14:19:36",6732400
27.4,0.4,1000,"sd","14:19:35",6732300
27.4,0.4,3000,"sd","14:19:31",6731300
27.4,0.4,1000,"sd","14:19:29",6728300
27.4,0.4,200,"sd","14:19:24",6727300
27.4,0.4,4000,"sd","14:19:22",6727100
27.4,0.4,500,"sd","14:19:21",6723100
27.4,0.4,100,"sd","14:19:20",6722600
27.4,0.4,11200,"sd","14:19:10",6722500
27.4,0.4,100,"sd","14:19:10",6711300
27.4,0.4,500,"sd","14:19:08",6711200
27.4,0.4,800,"sd","14:19:06",6710700
27.4,0.4,20000,"sd","14:19:05",6709900
27.4,0.4,500,"sd","14:18:58",6689900
27.4,0.4,800,"sd","14:18:48",6689400
27.4,0.4,100,"sd","14:18:32",6688600
27.4,0.4,5000,"sd","14:18:30",6688500
27.4,0.4,400,"sd","14:18:22",6683500
27.4,0.4,200,"sd","14:18:21",6683100
27.4,0.4,500,"sd","14:18:12",6682900
27.4,0.4,1500,"sd","14:18:07",6682400
27.4,0.4,300,"sd","14:18:05",6680900
27.45,0.45,200,"bu","14:17:36",6680600
27.4,0.4,2000,"sd","14:17:36",6680400
27.4,0.4,2000,"sd","14:17:31",6678400
27.4,0.4,1500,"sd","14:17:27",6676400
27.4,0.4,1000,"sd","14:17:20",6674900
27.4,0.4,2500,"sd","14:17:14",6673900
27.4,0.4,30000,"sd","14:17:11",6671400
27.4,0.4,3000,"sd","14:17:09",6641400
27.4,0.4,7800,"sd","14:16:58",6638400
27.45,0.45,100,"bu","14:16:48",6630600
27.45,0.45,500,"bu","14:16:36",6630500
27.45,0.45,1000,"bu","14:16:30",6630000
27.45,0.45,200,"bu","14:16:17",6629000
27.4,0.4,11000,"sd","14:16:17",6628800
27.4,0.4,1600,"sd","14:16:11",6617800
27.45,0.45,2000,"bu","14:16:03",6616200
27.45,0.45,200,"bu","14:15:55",6614200
27.4,0.4,300,"sd","14:15:51",6614000
27.4,0.4,500,"sd","14:15:44",6613700
27.45,0.45,2100,"bu","14:15:42",6613200
27.45,0.45,23700,"sd","14:15:38",6611100
27.45,0.45,17700,"sd","14:15:37",6587400
27.45,0.45,11000,"sd","14:15:35",6569700
27.45,0.45,37000,"sd","14:15:33",6558700
27.45,0.45,5000,"sd","14:15:32",6521700
27.45,0.45,600,"sd","14:15:27",6516700
27.45,0.45,2000,"sd","14:15:23",6516100
27.45,0.45,300,"sd","14:15:17",6514100
27.45,0.45,3000,"sd","14:15:15",6513800
27.45,0.45,200,"sd","14:15:10",6510800
27.45,0.45,500,"sd","14:15:04",6510600
27.45,0.45,2500,"sd","14:14:59",6510100
27.45,0.45,100,"sd","14:14:56",6507600
27.45,0.45,400,"sd","14:14:55",6507500
27.45,0.45,500,"sd","14:14:52",6507100
27.45,0.45,100,"sd","14:14:50",6506600
27.45,0.45,3000,"sd","14:14:47",6506500
27.45,0.45,7900,"sd","14:14:46",6503500
27.45,0.45,800,"sd","14:14:29",6495600
27.45,0.45,100,"sd","14:14:24",6494800
27.45,0.45,32000,"sd","14:14:19",6494700
27.45,0.45,100,"sd","14:14:16",6462700
27.5,0.5,200,"bu","14:13:51",6462600
27.5,0.5,300,"bu","14:13:48",6462400
27.5,0.5,500,"bu","14:13:45",6462100
27.45,0.45,200,"sd","14:13:40",6461600
27.5,0.5,100,"bu","14:13:37",6461400
27.5,0.5,300,"bu","14:13:14",6461300
27.5,0.5,200,"bu","14:13:08",6461000
27.5,0.5,20000,"bu","14:13:00",6460800
27.5,0.5,5000,"bu","14:12:52",6440800
27.5,0.5,3000,"bu","14:12:44",6435800
27.5,0.5,1000,"bu","14:12:25",6432800
27.5,0.5,9000,"bu","14:12:22",6431800
27.5,0.5,4000,"bu","14:12:17",6422800
27.5,0.5,1100,"bu","14:12:11",6418800
27.5,0.5,1700,"bu","14:11:54",6417700
27.45,0.45,700,"sd","14:11:45",6416000
27.5,0.5,26700,"sd","14:11:37",6415300
27.5,0.5,8300,"sd","14:11:37",6388600
27.5,0.5,1000,"sd","14:11:31",6380300
27.5,0.5,2000,"sd","14:11:26",6379300
27.5,0.5,100,"sd","14:11:24",6377300
27.5,0.5,4500,"sd","14:11:24",6377200
27.5,0.5,500,"sd","14:11:22",6372700
27.5,0.5,300,"sd","14:11:20",6372200
27.5,0.5,4800,"sd","14:11:19",6371900
27.5,0.5,500,"sd","14:11:15",6367100
27.5,0.5,1000,"sd","14:11:13",6366600
27.5,0.5,3000,"sd","14:11:11",6365600
27.5,0.5,3700,"sd","14:11:11",6362600
27.5,0.5,300,"sd","14:11:10",6358900
27.5,0.5,800,"sd","14:11:08",6358600
27.5,0.5,1000,"sd","14:11:06",6357800
27.5,0.5,6800,"sd","14:11:04",6356800
27.5,0.5,1500,"sd","14:11:02",6350000
27.5,0.5,3800,"sd","14:10:59",6348500
27.5,0.5,2000,"sd","14:10:56",6344700
27.5,0.5,20700,"sd","14:10:54",6342700
27.5,0.5,1500,"sd","14:10:53",6322000
27.5,0.5,100,"sd","14:10:50",6320500
27.55,0.55,200,"bu","14:10:46",6320400
27.5,0.5,1500,"sd","14:10:45",6320200
27.55,0.55,500,"bu","14:10:43",6318700
27.5,0.5,500,"sd","14:10:41",6318200
27.5,0.5,100,"sd","14:10:35",6317700
27.5,0.5,200,"sd","14:10:17",6317600
27.5,0.5,1000,"sd","14:10:08",6317400
27.5,0.5,3000,"sd","14:10:04",6316400
27.5,0.5,100,"sd","14:09:49",6313400
27.5,0.5,300,"sd","14:09:48",6313300
27.55,0.55,1400,"bu","14:09:41",6313000
27.55,0.55,500,"bu","14:09:32",6311600
27.55,0.55,5000,"bu","14:09:29",6311100
27.55,0.55,8000,"bu","14:09:26",6306100
27.55,0.55,100,"bu","14:09:18",6298100
27.55,0.55,1000,"bu","14:09:13",6298000
27.55,0.55,5000,"bu","14:09:08",6297000
27.55,0.55,1700,"bu","14:09:01",6292000
27.55,0.55,45000,"bu","14:09:00",6290300
27.55,0.55,2300,"bu","14:08:50",6245300
27.55,0.55,600,"bu","14:08:45",6243000
27.55,0.55,22900,"sd","14:08:38",6242400
27.6,0.6,200,"bu","14:08:27",6219500
27.6,0.6,500,"bu","14:08:23",6219300
27.55,0.55,300,"sd","14:08:18",6218800
27.55,0.55,4400,"sd","14:08:17",6218500
27.55,0.55,1200,"sd","14:08:14",6214100
27.55,0.55,40000,"sd","14:08:04",6212900
27.55,0.55,6000,"sd","14:07:56",6172900
27.6,0.6,2000,"bu","14:07:56",6166900
27.6,0.6,1400,"bu","14:07:50",6164900
27.6,0.6,5000,"bu","14:07:45",6163500
27.55,0.55,100,"sd","14:07:32",6158500
27.55,0.55,100,"sd","14:07:23",6158400
27.55,0.55,500,"sd","14:07:22",6158300
27.55,0.55,6000,"sd","14:07:21",6157800
27.55,0.55,500,"sd","14:07:18",6151800
27.55,0.55,1000,"sd","14:07:03",6151300
27.55,0.55,1000,"sd","14:06:51",6150300
27.6,0.6,5000,"bu","14:06:37",6149300
27.55,0.55,1000,"sd","14:06:36",6144300
27.55,0.55,2000,"sd","14:06:26",6143300
27.55,0.55,200,"sd","14:06:19",6141300
27.55,0.55,1000,"sd","14:06:15",6141100
27.55,0.55,800,"bu","14:06:10",6140100
27.55,0.55,10000,"bu","14:06:05",6139300
27.5,0.5,800,"sd","14:06:04",6129300
27.55,0.55,3000,"bu","14:06:02",6128500
27.5,0.5,100,"sd","14:05:50",6125500
27.55,0.55,55000,"bu","14:05:47",6125400
27.5,0.5,2000,"sd","14:05:38",6070400
27.5,0.5,1600,"sd","14:05:37",6068400
27.5,0.5,800,"sd","14:05:33",6066800
27.5,0.5,500,"sd","14:05:07",6066000
27.55,0.55,3200,"bu","14:05:01",6065500
27.55,0.55,2400,"bu","14:04:56",6062300
27.5,0.5,2000,"sd","14:04:52",6059900
27.55,0.55,300,"bu","14:04:48",6057900
27.55,0.55,2000,"bu","14:04:36",6057600
27.55,0.55,2800,"bu","14:04:34",6055600
27.5,0.5,500,"sd","14:04:32",6052800
27.55,0.55,10000,"bu","14:04:18",6052300
27.55,0.55,4400,"bu","14:04:17",6042300
27.55,0.55,1000,"bu","14:04:07",6037900
27.55,0.55,500,"bu","14:04:05",6036900
27.55,0.55,10000,"bu","14:04:02",6036400
27.55,0.55,1000,"bu","14:04:00",6026400
27.55,0.55,200,"bu","14:03:57",6025400
27.55,0.55,15400,"bu","14:03:55",6025200
27.5,0.5,300,"sd","14:03:53",6009800
27.55,0.55,10000,"bu","14:03:51",6009500
27.55,0.55,1000,"bu","14:03:49",5999500
27.55,0.55,50000,"bu","14:03:45",5998500
27.55,0.55,2100,"bu","14:03:30",5948500
27.5,0.5,400,"sd","14:03:29",5946400
27.55,0.55,700,"bu","14:03:29",5946000
27.5,0.5,300,"sd","14:03:26",5945300
27.55,0.55,1200,"bu","14:03:19",5945000
27.5,0.5,13500,"sd","14:03:15",5943800
27.5,0.5,100,"sd","14:03:09",5930300
27.5,0.5,500,"sd","14:03:08",5930200
27.5,0.5,500,"sd","14:03:07",5929700
27.55,0.55,1300,"bu","14:03:05",5929200
27.55,0.55,1000,"bu","14:02:56",5927900
27.5,0.5,2000,"sd","14:02:54",5926900
27.5,0.5,5000,"sd","14:02:51",5924900
27.5,0.5,1000,"sd","14:02:31",5919900
27.55,0.55,500,"bu","14:02:24",5918900
27.5,0.5,200,"sd","14:02:15",5918400
27.5,0.5,100,"sd","14:02:14",5918200
27.5,0.5,1000,"sd","14:02:12",5918100
27.55,0.55,2000,"bu","14:02:08",5917100
27.5,0.5,200,"sd","14:01:55",5915100
27.5,0.5,1000,"sd","14:01:48",5914900
27.5,0.5,10000,"sd","14:01:47",5913900
27.5,0.5,6300,"sd","14:01:45",5903900
27.5,0.5,2000,"sd","14:01:42",5897600
27.5,0.5,300,"sd","14:01:41",5895600
27.5,0.5,200,"sd","14:01:39",5895300
27.5,0.5,100,"sd","14:01:38",5895100
27.5,0.5,700,"bu","14:01:31",5895000
27.45,0.45,1000,"sd","14:01:30",5894300
27.5,0.5,100,"sd","14:01:30",5893300
27.5,0.5,6100,"bu","14:01:28",5893200
27.5,0.5,8100,"bu","14:01:27",5887100
27.5,0.5,200,"bu","14:01:24",5879000
27.5,0.5,5100,"bu","14:01:23",5878800
27.5,0.5,45000,"bu","14:01:18",5873700
27.5,0.5,500,"bu","14:01:17",5828700
27.5,0.5,2000,"bu","14:01:14",5828200
27.5,0.5,1000,"bu","14:01:13",5826200
27.5,0.5,1000,"bu","14:01:11",5825200
27.5,0.5,2900,"bu","14:01:10",5824200
27.5,0.5,1000,"bu","14:00:59",5821300
27.5,0.5,1500,"bu","14:00:41",5820300
27.45,0.45,100,"sd","14:00:37",5818800
27.5,0.5,400,"bu","14:00:28",5818700
27.5,0.5,2900,"bu","14:00:28",5818300
27.45,0.45,5000,"sd","14:00:18",5815400
27.5,0.5,100000,"bu","14:00:17",5810400
27.5,0.5,100,"bu","14:00:12",5710400
27.45,0.45,500,"sd","14:00:07",5710300
27.45,0.45,100,"sd","14:00:01",5709800
27.5,0.5,2900,"bu","13:59:42",5709700
27.5,0.5,1100,"bu","13:59:27",5706800
27.45,0.45,300,"sd","13:59:19",5705700
27.5,0.5,200,"bu","13:59:17",5705400
27.5,0.5,30000,"bu","13:59:04",5705200
27.45,0.45,200,"sd","13:58:46",5675200
27.45,0.45,1000,"sd","13:58:37",5675000
27.45,0.45,1400,"sd","13:58:34",5674000
27.45,0.45,100,"sd","13:58:32",5672600
27.45,0.45,100,"sd","13:58:09",5672500
27.45,0.45,1000,"sd","13:57:58",5672400
27.45,0.45,1800,"sd","13:57:56",5671400
27.45,0.45,1000,"sd","13:57:46",5669600
27.5,0.5,100,"bu","13:57:39",5668600
27.5,0.5,100,"bu","13:57:34",5668500
27.45,0.45,500,"sd","13:57:28",5668400
27.45,0.45,1500,"sd","13:57:28",5667900
27.5,0.5,300,"bu","13:57:08",5666400
27.5,0.5,100,"bu","13:57:05",5666100
27.45,0.45,1000,"sd","13:56:55",5666000
27.5,0.5,300,"bu","13:56:54",5665000
27.45,0.45,500,"sd","13:56:42",5664700
27.45,0.45,300,"sd","13:56:39",5664200
27.5,0.5,100,"bu","13:56:28",5663900
27.5,0.5,1000,"bu","13:56:27",5663800
27.5,0.5,2000,"bu","13:56:22",5662800
27.45,0.45,500,"sd","13:56:17",5660800
27.5,0.5,100,"bu","13:56:17",5660300
27.5,0.5,1000,"bu","13:56:12",5660200
27.45,0.45,100,"sd","13:56:05",5659200
27.5,0.5,30000,"bu","13:55:53",5659100
27.45,0.45,1500,"sd","13:55:53",5629100
27.5,0.5,200,"bu","13:55:50",5627600
27.45,0.45,5000,"sd","13:55:33",5627400
27.45,0.45,100,"sd","13:55:12",5622400
27.5,0.5,1000,"bu","13:55:03",5622300
27.5,0.5,1200,"bu","13:54:58",5621300
27.5,0.5,1000,"bu","13:54:55",5620100
27.5,0.5,100,"bu","13:54:53",5619100
27.5,0.5,30000,"bu","13:54:45",5619000
27.5,0.5,3400,"bu","13:54:45",5589000
27.5,0.5,500,"bu","13:54:32",5585600
27.45,0.45,400,"sd","13:54:29",5585100
27.5,0.5,500,"bu","13:54:25",5584700
27.5,0.5,1000,"bu","13:53:57",5584200
27.5,0.5,30000,"bu","13:53:38",5583200
27.5,0.5,200,"bu","13:53:05",5553200
27.45,0.45,100,"sd","13:53:02",5553000
27.45,0.45,3000,"sd","13:52:51",5552900
27.45,0.45,1000,"sd","13:52:49",5549900
27.45,0.45,75000,"sd","13:52:24",5548900
27.5,0.5,500,"bu","13:52:21",5473900
27.45,0.45,100,"sd","13:52:20",5473400
27.45,0.45,100,"sd","13:52:16",5473300
27.45,0.45,2000,"sd","13:51:48",5473200
27.5,0.5,30000,"bu","13:51:47",5471200
27.5,0.5,1000,"bu","13:51:30",5441200
27.5,0.5,2000,"bu","13:51:19",5440200
27.5,0.5,1000,"bu","13:50:55",5438200
27.5,0.5,4000,"bu","13:50:53",5437200
27.5,0.5,11500,"sd","13:50:42",5433200
27.5,0.5,200,"sd","13:50:41",5421700
27.5,0.5,5500,"sd","13:50:40",5421500
27.5,0.5,200,"sd","13:50:38",5416000
27.5,0.5,1200,"sd","13:50:37",5415800
27.5,0.5,1800,"sd","13:50:36",5414600
27.5,0.5,600,"sd","13:50:34",5412800
27.5,0.5,4000,"sd","13:50:33",5412200
27.5,0.5,2000,"sd","13:50:29",5408200
27.5,0.5,2000,"sd","13:50:22",5406200
27.5,0.5,20000,"sd","13:50:17",5404200
27.55,0.55,3000,"bu","13:50:17",5384200
27.55,0.55,200,"bu","13:50:15",5381200
27.5,0.5,400,"sd","13:50:13",5381000
27.5,0.5,100,"sd","13:50:07",5380600
27.5,0.5,200,"sd","13:50:04",5380500
27.5,0.5,100,"sd","13:49:58",5380300
27.55,0.55,400,"bu","13:49:48",5380200
27.5,0.5,1000,"sd","13:49:47",5379800
27.5,0.5,5000,"sd","13:49:45",5378800
27.5,0.5,1000,"sd","13:49:38",5373800
27.55,0.55,100,"bu","13:49:35",5372800
27.5,0.5,100,"sd","13:49:33",5372700
27.5,0.5,1500,"sd","13:49:32",5372600
27.5,0.5,300,"sd","13:49:28",5371100
27.5,0.5,1000,"sd","13:49:27",5370800
27.55,0.55,6000,"bu","13:49:26",5369800
27.5,0.5,200,"sd","13:49:24",5363800
27.5,0.5,200,"sd","13:49:21",5363600
27.5,0.5,500,"sd","13:49:16",5363400
27.5,0.5,100,"sd","13:49:16",5362900
27.5,0.5,4000,"sd","13:49:06",5362800
27.5,0.5,1000,"sd","13:49:06",5358800
27.5,0.5,6100,"bu","13:48:58",5357800
27.5,0.5,1000,"bu","13:48:41",5351700
27.5,0.5,1000,"bu","13:48:36",5350700
27.5,0.5,100,"bu","13:48:28",5349700
27.5,0.5,400,"bu","13:48:27",5349600
27.5,0.5,1000,"bu","13:48:25",5349200
27.5,0.5,1400,"sd","13:48:17",5348200
27.5,0.5,2000,"sd","13:48:14",5346800
27.5,0.5,15100,"sd","13:47:58",5344800
27.5,0.5,4000,"sd","13:47:56",5329700
27.5,0.5,500,"sd","13:47:48",5325700
27.5,0.5,5000,"sd","13:47:42",5325200
27.5,0.5,5000,"sd","13:47:36",5320200
27.5,0.5,18200,"sd","13:47:32",5315200
27.5,0.5,3200,"sd","13:47:30",5297000
27.5,0.5,2000,"sd","13:47:28",5293800
27.5,0.5,3000,"sd","13:47:15",5291800
27.5,0.5,800,"sd","13:47:04",5288800
27.5,0.5,2000,"sd","13:47:03",5288000
27.5,0.5,1000,"sd","13:46:58",5286000
27.5,0.5,3000,"sd","13:46:44",5285000
27.5,0.5,200,"sd","13:46:40",5282000
27.5,0.5,4000,"sd","13:46:38",5281800
27.5,0.5,100,"sd","13:46:37",5277800
27.5,0.5,400,"sd","13:46:16",5277700
27.5,0.5,1500,"sd","13:46:09",5277300
27.5,0.5,1000,"sd","13:46:03",5275800
27.5,0.5,81800,"bu","13:46:01",5274800
27.5,0.5,2000,"bu","13:45:57",5193000
27.5,0.5,100,"bu","13:45:46",5191000
27.5,0.5,8000,"bu","13:45:45",5190900
27.45,0.45,1000,"sd","13:45:36",5182900
27.5,0.5,1000,"bu","13:45:34",5181900
27.5,0.5,5300,"bu","13:45:33",5180900
27.5,0.5,9900,"bu","13:45:27",5175600
27.5,0.5,30000,"bu","13:45:12",5165700
27.45,0.45,300,"sd","13:44:39",5135700
27.5,0.5,100,"bu","13:44:37",5135400
27.5,0.5,7100,"bu","13:44:35",5135300
27.5,0.5,12100,"bu","13:44:35",5128200
27.5,0.5,300,"bu","13:44:30",5116100
27.5,0.5,200,"bu","13:43:45",5115800
27.45,0.45,2000,"sd","13:43:34",5115600
27.5,0.5,700,"bu","13:43:32",5113600
27.45,0.45,500,"sd","13:43:28",5112900
27.5,0.5,5000,"bu","13:43:27",5112400
27.45,0.45,5000,"sd","13:43:13",5107400
27.45,0.45,1200,"sd","13:43:04",5102400
27.45,0.45,3800,"sd","13:43:03",5101200
27.45,0.45,1000,"sd","13:42:53",5097400
27.45,0.45,1000,"sd","13:42:52",5096400
27.45,0.45,100,"sd","13:42:29",5095400
27.5,0.5,200,"bu","13:42:12",5095300
27.5,0.5,500,"bu","13:41:50",5095100
27.5,0.5,200,"bu","13:41:47",5094600
27.45,0.45,5100,"sd","13:41:43",5094400
27.5,0.5,100,"bu","13:41:27",5089300
27.45,0.45,600,"sd","13:41:12",5089200
27.45,0.45,500,"sd","13:41:10",5088600
27.45,0.45,600,"sd","13:40:53",5088100
27.5,0.5,200,"bu","13:39:52",5087500
27.45,0.45,1900,"sd","13:39:51",5087300
27.45,0.45,600,"sd","13:39:41",5085400
27.5,0.5,100,"bu","13:39:22",5084800
27.45,0.45,1000,"sd","13:39:11",5084700
27.45,0.45,700,"sd","13:38:59",5083700
27.45,0.45,2000,"sd","13:38:46",5083000
27.5,0.5,100,"bu","13:38:36",5081000
27.45,0.45,500,"sd","13:38:35",5080900
27.45,0.45,1000,"sd","13:38:34",5080400
27.45,0.45,100,"sd","13:38:31",5079400
27.45,0.45,100,"sd","13:38:29",5079300
27.45,0.45,10000,"sd","13:38:26",5079200
27.45,0.45,1500,"sd","13:38:05",5069200
27.45,0.45,500,"sd","13:38:03",5067700
27.45,0.45,300,"sd","13:37:51",5067200
27.45,0.45,300,"sd","13:37:41",5066900
27.45,0.45,700,"sd","13:37:40",5066600
27.45,0.45,300,"sd","13:37:36",5065900
27.45,0.45,300,"sd","13:37:28",5065600
27.45,0.45,500,"sd","13:37:24",5065300
27.45,0.45,300,"sd","13:37:14",5064800
27.45,0.45,100,"sd","13:37:10",5064500
27.45,0.45,500,"sd","13:37:09",5064400
27.45,0.45,1000,"sd","13:36:51",5063900
27.45,0.45,200,"sd","13:36:47",5062900
27.45,0.45,100,"sd","13:36:44",5062700
27.45,0.45,5000,"sd","13:36:42",5062600
27.45,0.45,100,"sd","13:36:39",5057600
27.45,0.45,500,"sd","13:36:34",5057500
27.45,0.45,17200,"bu","13:36:32",5057000
27.45,0.45,300,"bu","13:36:23",5039800
27.45,0.45,1000,"bu","13:36:20",5039500
27.45,0.45,9900,"sd","13:36:16",5038500
27.45,0.45,2000,"sd","13:36:12",5028600
27.45,0.45,25000,"sd","13:15:03",3480000
27.45,0.45,1900,"sd","13:15:02",3455000
27.45,0.45,100,"sd","13:15:01",3453100
27.45,0.45,1000,"sd","13:15:01",3453000
27.5,0.5,1000,"bu","13:14:59",3452000
27.45,0.45,100,"sd","13:14:58",3451000
27.5,0.5,400,"bu","13:14:57",3450900
27.5,0.5,8000,"bu","13:14:56",3450500
27.5,0.5,1800,"bu","13:14:55",3442500
27.5,0.5,500,"bu","13:14:53",3440700
27.5,0.5,2100,"bu","13:14:51",3440200
27.5,0.5,60000,"bu","13:14:50",3438100
27.5,0.5,300,"bu","13:14:46",3378100
27.5,0.5,5000,"bu","13:14:44",3377800
27.5,0.5,500,"bu","13:14:42",3372800
27.4,0.4,300,"sd","13:14:41",3372300
27.45,0.45,200,"sd","13:14:41",3372000
27.5,0.5,3700,"bu","13:14:40",3371800
27.5,0.5,9300,"bu","13:14:39",3368100
27.5,0.5,1600,"bu","13:14:39",3358800
27.4,0.4,600,"sd","13:33:59",4922000
27.45,0.45,300,"bu","13:33:58",4921400
27.4,0.4,5000,"sd","13:33:47",4921100
27.45,0.45,200,"bu","13:33:44",4916100
27.45,0.45,10000,"bu","13:33:43",4915900
27.45,0.45,1000,"bu","13:33:35",4905900
27.45,0.45,1000,"bu","13:33:15",4904900
27.45,0.45,2000,"bu","13:33:12",4903900
27.45,0.45,300,"bu","13:33:10",4901900
27.45,0.45,5100,"bu","13:33:10",4901600
27.45,0.45,100,"bu","13:33:07",4896500
27.45,0.45,2300,"sd","13:32:49",4896400
27.45,0.45,1000,"sd","13:32:47",4894100
27.45,0.45,100,"bu","13:32:46",4893100
27.45,0.45,400,"sd","13:32:42",4893000
27.45,0.45,4300,"sd","13:32:37",4892600
27.45,0.45,400,"sd","13:32:36",4888300
27.45,0.45,200,"sd","13:32:35",4887900
27.45,0.45,3600,"sd","13:32:34",4887700
27.45,0.45,1800,"sd","13:32:33",4884100
27.45,0.45,5000,"sd","13:32:32",4882300
27.45,0.45,3000,"sd","13:32:26",4877300
27.45,0.45,1200,"sd","13:32:23",4874300
27.45,0.45,500,"sd","13:32:22",4873100
27.45,0.45,4900,"sd","13:32:21",4872600
27.45,0.45,20000,"sd","13:32:19",4867700
27.45,0.45,2000,"sd","13:32:19",4847700
27.45,0.45,100,"sd","13:32:16",4845700
27.45,0.45,2000,"sd","13:32:14",4845600
27.45,0.45,1000,"sd","13:32:12",4843600
27.45,0.45,21800,"sd","13:32:11",4842600
27.45,0.45,1000,"sd","13:32:09",4820800
27.45,0.45,24600,"sd","13:32:08",4819800
27.45,0.45,800,"sd","13:32:02",4795200
27.45,0.45,500,"sd","13:31:56",4794400
27.5,0.5,1100,"bu","13:31:34",4793900
27.5,0.5,100,"bu","13:31:30",4792800
27.5,0.5,100,"bu","13:31:21",4792700
27.5,0.5,10400,"bu","13:30:53",4792600
27.5,0.5,100,"bu","13:30:46",4782200
27.45,0.45,500,"sd","13:30:43",4782100
27.5,0.5,100,"bu","13:30:41",4781600
27.5,0.5,2000,"bu","13:30:37",4781500
27.5,0.5,600,"bu","13:30:32",4779500
27.45,0.45,2000,"sd","13:30:30",4778900
27.5,0.5,600,"bu","13:30:29",4776900
27.5,0.5,10000,"bu","13:30:26",4776300
27.5,0.5,500,"bu","13:30:21",4766300
27.5,0.5,500,"bu","13:30:19",4765800
27.5,0.5,500,"bu","13:30:17",4765300
27.5,0.5,2100,"bu","13:30:08",4764800
27.5,0.5,500,"bu","13:30:06",4762700
27.5,0.5,10200,"bu","13:30:05",4762200
27.5,0.5,84400,"sd","13:30:02",4752000
27.5,0.5,100,"sd","13:30:00",4667600
27.5,0.5,2000,"sd","13:29:55",4667500
27.5,0.5,1000,"sd","13:29:43",4665500
27.55,0.55,17300,"sd","13:29:42",4664500
27.55,0.55,9000,"sd","13:29:41",4647200
27.55,0.55,200,"sd","13:29:40",4638200
27.55,0.55,500,"sd","13:29:39",4638000
27.55,0.55,5000,"sd","13:29:38",4637500
27.55,0.55,3000,"sd","13:29:36",4632500
27.55,0.55,1700,"sd","13:29:35",4629500
27.55,0.55,5500,"sd","13:29:33",4627800
27.6,0.6,5000,"bu","13:29:32",4622300
27.55,0.55,12100,"sd","13:29:31",4617300
27.55,0.55,200,"sd","13:29:30",4605200
27.55,0.55,15000,"sd","13:29:28",4605000
27.6,0.6,300,"bu","13:29:23",4590000
27.55,0.55,1000,"sd","13:29:22",4589700
27.55,0.55,500,"sd","13:29:20",4588700
27.55,0.55,300,"sd","13:29:18",4588200
27.6,0.6,100,"bu","13:29:15",4587900
27.6,0.6,1100,"bu","13:29:10",4587800
27.55,0.55,1000,"sd","13:29:09",4586700
27.55,0.55,100,"sd","13:29:00",4585700
27.55,0.55,200,"sd","13:28:59",4585600
27.55,0.55,500,"sd","13:28:58",4585400
27.55,0.55,1500,"sd","13:28:57",4584900
27.55,0.55,200,"sd","13:28:56",4583400
27.6,0.6,8000,"bu","13:28:56",4583200
27.55,0.55,1500,"sd","13:28:51",4575200
27.55,0.55,100,"sd","13:28:48",4573700
27.6,0.6,100,"bu","13:28:45",4573600
27.6,0.6,2000,"bu","13:28:41",4573500
27.55,0.55,500,"sd","13:28:36",4571500
27.6,0.6,5000,"bu","13:28:33",4571000
27.6,0.6,400,"bu","13:28:30",4566000
27.6,0.6,1000,"bu","13:28:28",4565600
27.6,0.6,3000,"bu","13:28:27",4564600
27.55,0.55,200,"sd","13:28:25",4561600
27.6,0.6,20000,"bu","13:28:23",4561400
27.55,0.55,200,"sd","13:28:18",4541400
27.6,0.6,200,"bu","13:28:16",4541200
27.55,0.55,2000,"sd","13:28:08",4541000
27.6,0.6,8000,"bu","13:28:06",4539000
27.6,0.6,300,"bu","13:28:05",4531000
27.6,0.6,3000,"bu","13:27:55",4530700
27.55,0.55,3500,"sd","13:27:55",4527700
27.55,0.55,100,"sd","13:27:54",4524200
27.55,0.55,300,"sd","13:27:53",4524100
27.55,0.55,1000,"sd","13:27:52",4523800
27.55,0.55,100,"sd","13:27:49",4522800
27.55,0.55,2800,"bu","13:27:48",4522700
27.55,0.55,5100,"bu","13:27:47",4519900
27.55,0.55,500,"bu","13:27:46",4514800
27.55,0.55,28000,"bu","13:27:45",4514300
27.55,0.55,7700,"bu","13:27:42",4486300
27.55,0.55,2000,"bu","13:27:39",4478600
27.55,0.55,18000,"bu","13:27:38",4476600
27.55,0.55,500,"bu","13:27:37",4458600
27.55,0.55,2000,"bu","13:27:35",4458100
27.55,0.55,1100,"bu","13:27:30",4456100
27.55,0.55,33000,"bu","13:27:27",4455000
27.5,0.5,1000,"sd","13:27:25",4422000
27.5,0.5,2400,"sd","13:27:23",4421000
27.55,0.55,700,"bu","13:27:13",4418600
27.5,0.5,10700,"bu","13:27:12",4417900
27.5,0.5,2200,"bu","13:27:11",4407200
27.5,0.5,7000,"bu","13:27:10",4405000
27.5,0.5,400,"bu","13:27:09",4398000
27.5,0.5,50000,"bu","13:27:08",4397600
27.5,0.5,500,"bu","13:27:07",4347600
27.5,0.5,40500,"bu","13:27:06",4347100
27.5,0.5,8000,"bu","13:27:03",4306600
27.5,0.5,100,"bu","13:26:59",4298600
27.5,0.5,100,"bu","13:26:57",4298500
27.5,0.5,1900,"bu","13:26:48",4298400
27.5,0.5,500,"bu","13:26:47",4296500
27.5,0.5,30000,"bu","13:26:44",4296000
27.5,0.5,400,"bu","13:26:43",4266000
27.5,0.5,300,"bu","13:26:42",4265600
27.5,0.5,2000,"bu","13:26:38",4265300
27.5,0.5,200,"bu","13:26:31",4263300
27.5,0.5,1600,"bu","13:26:30",4263100
27.5,0.5,600,"bu","13:26:28",4261500
27.5,0.5,10000,"bu","13:26:26",4260900
27.5,0.5,2000,"bu","13:26:22",4250900
27.5,0.5,100,"bu","13:26:21",4248900
27.5,0.5,2000,"bu","13:26:16",4248800
27.5,0.5,30000,"bu","13:26:13",4246800
27.5,0.5,2000,"bu","13:26:08",4216800
27.5,0.5,2000,"bu","13:25:55",4214800
27.5,0.5,2000,"bu","13:25:41",4212800
27.45,0.45,2100,"sd","13:25:39",4210800
27.45,0.45,500,"sd","13:25:32",4208700
27.45,0.45,1000,"sd","13:25:31",4208200
27.5,0.5,100,"bu","13:25:30",4207200
27.45,0.45,500,"sd","13:25:19",4207100
27.45,0.45,9000,"sd","13:25:06",4206600
27.45,0.45,500,"sd","13:25:04",4197600
27.45,0.45,1800,"sd","13:24:44",4197100
27.45,0.45,1000,"sd","13:24:31",4195300
27.5,0.5,200,"bu","13:24:04",4194300
27.5,0.5,5000,"bu","13:23:48",4194100
27.5,0.5,100,"bu","13:23:42",4189100
27.45,0.45,100,"sd","13:23:35",4189000
27.45,0.45,700,"bu","13:23:33",4188900
27.45,0.45,1000,"bu","13:23:32",4188200
27.45,0.45,5000,"bu","13:23:31",4187200
27.45,0.45,300,"bu","13:23:30",4182200
27.45,0.45,1000,"bu","13:23:28",4181900
27.45,0.45,3500,"bu","13:23:27",4180900
27.45,0.45,400,"bu","13:23:25",4177400
27.45,0.45,19400,"bu","13:23:24",4177000
27.45,0.45,200,"bu","13:23:23",4157600
27.45,0.45,5000,"bu","13:23:22",4157400
27.45,0.45,4800,"bu","13:23:21",4152400
27.45,0.45,4100,"bu","13:23:19",4147600
27.45,0.45,1000,"bu","13:23:14",4143500
27.45,0.45,10000,"bu","13:23:12",4142500
27.45,0.45,200,"bu","13:23:08",4132500
27.45,0.45,1500,"bu","13:23:07",4132300
27.45,0.45,2000,"bu","13:23:05",4130800
27.45,0.45,500,"bu","13:23:04",4128800
27.45,0.45,2000,"bu","13:23:03",4128300
27.45,0.45,20000,"bu","13:23:01",4126300
27.45,0.45,3300,"bu","13:22:51",4106300
27.45,0.45,10000,"bu","13:22:50",4103000
27.45,0.45,900,"bu","13:22:45",4093000
27.4,0.4,2400,"sd","13:22:43",4092100
27.45,0.45,300,"bu","13:22:38",4089700
27.4,0.4,1000,"sd","13:22:24",4089400
27.45,0.45,1000,"bu","13:22:19",4088400
27.45,0.45,500,"bu","13:22:09",4087400
27.4,0.4,100,"sd","13:22:08",4086900
27.4,0.4,1000,"sd","13:21:58",4086800
27.4,0.4,3100,"sd","13:21:56",4085800
27.4,0.4,1500,"sd","13:21:52",4082700
27.4,0.4,2400,"sd","13:21:51",4081200
27.45,0.45,4000,"bu","13:21:50",4078800
27.4,0.4,400,"sd","13:21:48",4074800
27.4,0.4,300,"sd","13:21:47",4074400
27.4,0.4,500,"sd","13:21:41",4074100
27.4,0.4,2000,"sd","13:21:39",4073600
27.4,0.4,400,"sd","13:21:39",4071600
27.4,0.4,14100,"sd","13:21:36",4071200
27.45,0.45,100,"bu","13:21:35",4057100
27.4,0.4,200,"sd","13:21:34",4057000
27.4,0.4,100,"sd","13:21:31",4056800
27.4,0.4,500,"sd","13:21:30",4056700
27.45,0.45,200,"bu","13:21:30",4056200
27.4,0.4,10000,"sd","13:21:26",4056000
27.45,0.45,2000,"bu","13:21:26",4046000
27.4,0.4,100,"sd","13:21:21",4044000
27.45,0.45,800,"bu","13:21:16",4043900
27.45,0.45,100,"bu","13:21:10",4043100
27.45,0.45,500,"bu","13:21:00",4043000
27.4,0.4,20000,"sd","13:20:58",4042500
27.45,0.45,20000,"bu","13:20:54",4022500
27.4,0.4,100,"sd","13:20:53",4002500
27.4,0.4,300,"sd","13:20:51",4002400
27.4,0.4,3000,"sd","13:20:34",4002100
27.45,0.45,20000,"bu","13:20:28",3998900
27.45,0.45,100,"bu","13:20:08",3978900
27.4,0.4,300,"sd","13:20:08",3978800
27.45,0.45,100,"bu","13:19:52",3978500
27.45,0.45,1000,"bu","13:19:47",3978400
27.45,0.45,300,"bu","13:19:47",3977400
27.45,0.45,500,"bu","13:19:46",3977100
27.45,0.45,400,"bu","13:19:32",3976600
27.45,0.45,500,"bu","13:19:30",3976200
27.45,0.45,200,"bu","13:19:28",3975700
27.45,0.45,1800,"bu","13:19:23",3975500
27.45,0.45,900,"bu","13:19:19",3973700
27.45,0.45,100,"bu","13:19:13",3972800
27.45,0.45,5000,"bu","13:19:06",3972700
27.45,0.45,400,"bu","13:19:00",3967700
27.45,0.45,10000,"bu","13:18:59",3967300
27.45,0.45,14000,"bu","13:18:57",3957300
27.45,0.45,1000,"bu","13:18:57",3943300
27.45,0.45,500,"bu","13:18:51",3942300
27.45,0.45,400,"bu","13:18:42",3941800
27.45,0.45,1000,"bu","13:18:41",3941400
27.45,0.45,5000,"bu","13:18:33",3940400
27.45,0.45,5000,"bu","13:18:29",3935400
27.4,0.4,3500,"sd","13:18:29",3930400
27.45,0.45,1300,"bu","13:18:21",3926900
27.4,0.4,300,"sd","13:18:13",3925600
27.45,0.45,300,"bu","13:18:13",3925300
27.4,0.4,2000,"sd","13:18:09",3925000
27.4,0.4,400,"sd","13:18:07",3923000
27.45,0.45,200,"bu","13:18:06",3922600
27.4,0.4,600,"sd","13:18:05",3919900
27.4,0.4,5000,"sd","13:17:55",3919300
27.4,0.4,40000,"sd","13:17:53",3914300
27.45,0.45,500,"bu","13:17:51",3874300
27.45,0.45,500,"bu","13:17:51",3873800
27.45,0.45,200,"bu","13:17:48",3873300
27.4,0.4,2000,"sd","13:17:48",3873100
27.4,0.4,500,"sd","13:17:46",3871100
27.45,0.45,100,"bu","13:17:44",3870600
27.4,0.4,200,"sd","13:17:43",3870500
27.45,0.45,10900,"bu","13:17:42",3870300
27.45,0.45,700,"bu","13:17:34",3859400
27.45,0.45,500,"bu","13:17:31",3858700
27.45,0.45,1000,"bu","13:17:29",3858200
27.45,0.45,2600,"bu","13:17:24",3857200
27.45,0.45,10000,"bu","13:17:20",3854600
27.45,0.45,600,"bu","13:17:16",3844600
27.45,0.45,1000,"bu","13:17:16",3844000
27.4,0.4,500,"sd","13:17:14",3843000
27.45,0.45,200,"bu","13:17:10",3842500
27.45,0.45,4300,"bu","13:17:09",3842300
27.45,0.45,3000,"bu","13:17:07",3838000
27.5,0.5,1100,"bu","13:17:00",3835000
27.5,0.5,1000,"bu","13:17:00",3833900
27.4,0.4,33500,"sd","13:16:57",3832900
27.45,0.45,46500,"sd","13:16:57",3799400
27.5,0.5,1000,"bu","13:16:55",3752900
27.5,0.5,600,"bu","13:16:54",3751900
27.45,0.45,3000,"sd","13:16:53",3751300
27.45,0.45,500,"sd","13:16:52",3748300
27.45,0.45,1000,"sd","13:16:51",3747800
27.5,0.5,600,"bu","13:16:49",3746800
27.5,0.5,2000,"bu","13:16:48",3746200
27.45,0.45,200,"sd","13:16:47",3744200
27.5,0.5,200,"bu","13:16:47",3744000
27.45,0.45,1400,"sd","13:16:47",3743800
27.45,0.45,2800,"sd","13:16:46",3742400
27.45,0.45,2700,"sd","13:16:40",3739600
27.45,0.45,100,"sd","13:16:37",3736900
27.45,0.45,500,"sd","13:16:36",3736800
27.45,0.45,2200,"sd","13:16:32",3736300
27.45,0.45,500,"sd","13:16:30",3734100
27.5,0.5,10000,"bu","13:16:29",3733600
27.5,0.5,1000,"bu","13:16:25",3723600
27.45,0.45,1000,"sd","13:16:24",3722600
27.5,0.5,3400,"bu","13:16:21",3721600
27.5,0.5,500,"bu","13:16:20",3718200
27.5,0.5,1100,"bu","13:16:19",3717700
27.5,0.5,12400,"sd","13:16:18",3716600
27.55,0.55,1000,"bu","13:16:18",3704200
27.5,0.5,7000,"sd","13:16:16",3703200
27.5,0.5,27000,"sd","13:16:16",3696200
27.5,0.5,3000,"sd","13:16:12",3669200
27.55,0.55,10000,"bu","13:16:11",3661200
27.5,0.5,100,"sd","13:16:11",3651200
27.55,0.55,2000,"bu","13:16:11",3651100
27.55,0.55,1400,"bu","13:16:07",3649100
27.55,0.55,1000,"bu","13:16:05",3647700
27.55,0.55,2000,"bu","13:16:04",3646700
27.55,0.55,1800,"bu","13:16:03",3644700
27.55,0.55,1000,"bu","13:16:00",3642900
27.5,0.5,200,"sd","13:16:00",3641900
27.55,0.55,200,"bu","13:15:59",3641700
27.5,0.5,1500,"sd","13:15:59",3641500
27.55,0.55,500,"bu","13:15:59",3640000
27.55,0.55,1200,"bu","13:15:58",3639500
27.55,0.55,9100,"bu","13:15:56",3638300
27.55,0.55,10000,"bu","13:15:55",3629200
27.5,0.5,1000,"sd","13:15:53",3619200
27.55,0.55,200,"bu","13:15:52",3618200
27.5,0.5,1000,"sd","13:15:51",3618000
27.5,0.5,300,"sd","13:15:49",3617000
27.5,0.5,100,"sd","13:15:49",3616700
27.55,0.55,1500,"bu","13:15:48",3616600
27.5,0.5,1000,"sd","13:15:45",3615100
27.55,0.55,700,"bu","13:15:43",3614100
27.55,0.55,3600,"bu","13:15:42",3613400
27.55,0.55,1100,"bu","13:15:39",3609800
27.5,0.5,100,"sd","13:15:38",3608700
27.55,0.55,300,"bu","13:15:38",3608600
27.5,0.5,100,"sd","13:15:37",3608000
27.5,0.5,1400,"sd","13:15:36",3607900
27.55,0.55,2000,"bu","13:15:35",3606500
27.55,0.55,2500,"bu","13:15:34",3604500
27.55,0.55,1000,"bu","13:15:34",3602000
27.5,0.5,1000,"sd","13:15:32",3601000
27.5,0.5,500,"sd","13:15:31",3600000
27.55,0.55,1000,"bu","13:15:31",3599500
27.5,0.5,1500,"sd","13:15:31",3598500
27.55,0.55,400,"bu","13:15:31",3597000
27.5,0.5,2100,"sd","13:15:31",3596600
27.5,0.5,1000,"sd","13:15:29",3594500
27.5,0.5,100,"sd","13:15:25",3593500
27.5,0.5,200,"sd","13:15:24",3593400
27.5,0.5,1000,"sd","13:15:22",3593200
27.5,0.5,100,"sd","13:15:21",3592200
27.5,0.5,6100,"bu","13:15:16",3592100
27.5,0.5,1500,"bu","13:15:16",3586000
27.5,0.5,5000,"bu","13:15:15",3584500
27.5,0.5,1900,"bu","13:15:14",3579500
27.5,0.5,3600,"bu","13:15:13",3577600
27.5,0.5,800,"bu","13:15:13",3574000
27.5,0.5,5600,"bu","13:15:12",3573200
27.5,0.5,44400,"bu","13:15:12",3567600
27.45,0.45,5000,"sd","13:15:10",3523200
27.5,0.5,300,"bu","13:15:09",3516700
27.5,0.5,5000,"bu","13:15:08",3516400
27.45,0.45,100,"sd","13:15:06",3511400
27.5,0.5,800,"bu","13:15:04",3511300
27.5,0.5,30500,"bu","13:15:03",3510500
27.45,0.45,25000,"sd","13:15:03",3480000
27.45,0.45,1900,"sd","13:15:02",3455000
27.45,0.45,100,"sd","13:15:01",3453100
27.45,0.45,1000,"sd","13:15:01",3453000
27.5,0.5,1000,"bu","13:14:59",3452000
27.45,0.45,100,"sd","13:14:58",3451000
27.5,0.5,400,"bu","13:14:57",3450900
27.5,0.5,8000,"bu","13:14:56",3450500
27.5,0.5,1800,"bu","13:14:55",3442500
27.5,0.5,500,"bu","13:14:53",3440700
27.5,0.5,2100,"bu","13:14:51",3440200
27.5,0.5,60000,"bu","13:14:50",3438100
27.5,0.5,300,"bu","13:14:46",3378100
27.5,0.5,5000,"bu","13:14:44",3377800
27.5,0.5,500,"bu","13:14:42",3372800
27.4,0.4,300,"sd","13:14:41",3372300
27.45,0.45,200,"sd","13:14:41",3372000
27.5,0.5,3700,"bu","13:14:40",3371800
27.5,0.5,9300,"bu","13:14:39",3368100
27.5,0.5,1600,"bu","13:14:39",3358800
27.5,0.5,3700,"bu","13:14:38",3357200
27.4,0.4,2000,"sd","13:14:38",3353500
27.5,0.5,8900,"bu","13:14:38",3351500
27.5,0.5,300,"bu","13:14:38",3338600
27.5,0.5,32400,"bu","13:14:37",3338300
27.5,0.5,1700,"bu","13:14:36",3305900
27.45,0.45,27900,"bu","13:14:36",3304200
27.45,0.45,5100,"bu","13:14:35",3276300
27.4,0.4,100,"sd","13:14:35",3271200
27.45,0.45,18500,"bu","13:14:35",3271100
27.45,0.45,7000,"bu","13:14:34",3252600
27.4,0.4,2000,"sd","13:14:34",3245600
27.45,0.45,8500,"bu","13:14:34",3243600
27.45,0.45,21400,"bu","13:14:33",3235100
27.4,0.4,14600,"bu","13:14:33",3213700
27.35,0.35,500,"sd","13:14:33",3199100
27.4,0.4,4500,"bu","13:14:32",3198600
27.4,0.4,5000,"bu","13:14:31",3194100
27.4,0.4,23000,"bu","13:14:30",3189100
27.4,0.4,100,"bu","13:14:25",3166100
27.4,0.4,500,"bu","13:14:24",3166000
27.4,0.4,9000,"bu","13:14:23",3165500
27.4,0.4,13000,"bu","13:14:18",3156500
27.35,0.35,1000,"sd","13:14:17",3143500
27.4,0.4,1000,"bu","13:14:14",3142500
27.35,0.35,1700,"bu","13:14:09",3141500
27.35,0.35,20000,"bu","13:14:08",3139800
27.35,0.35,11000,"bu","13:14:07",3119800
27.35,0.35,7900,"bu","13:14:06",3108800
27.35,0.35,3000,"bu","13:14:05",3100900
27.35,0.35,200,"bu","13:14:04",3097900
27.35,0.35,2000,"bu","13:14:02",3097700
27.35,0.35,400,"bu","13:14:00",3095700
27.35,0.35,2000,"bu","13:13:59",3095300
27.35,0.35,2500,"bu","13:13:58",3093300
27.35,0.35,18000,"bu","13:13:57",3090800
27.35,0.35,700,"bu","13:13:56",3072800
27.3,0.3,1000,"sd","13:13:54",3072100
27.3,0.3,43200,"bu","13:13:49",3071100
27.3,0.3,5800,"bu","13:13:48",3027900
27.3,0.3,3100,"bu","13:13:46",3022100
27.3,0.3,20000,"bu","13:13:43",3019000
27.3,0.3,500,"bu","13:13:39",2999000
27.3,0.3,11100,"bu","13:13:38",2998500
27.3,0.3,8900,"bu","13:13:38",2987400
27.25,0.25,400,"sd","13:13:33",2978500
27.3,0.3,2000,"bu","13:13:28",2978100
27.25,0.25,5100,"bu","13:13:23",2976100
27.25,0.25,1000,"bu","13:13:22",2971000
27.25,0.25,5500,"bu","13:13:22",2970000
27.25,0.25,5000,"bu","13:13:21",2964500
27.25,0.25,600,"bu","13:13:20",2959500
27.25,0.25,20200,"bu","13:13:20",2958900
27.25,0.25,3200,"bu","13:13:18",2938700
27.25,0.25,200,"bu","13:13:16",2935500
27.25,0.25,900,"bu","13:13:15",2935300
27.25,0.25,29000,"bu","13:13:13",2934400
27.25,0.25,2400,"bu","13:13:12",2905400
27.25,0.25,2600,"bu","13:13:11",2903000
27.25,0.25,100,"bu","13:13:07",2900400
27.25,0.25,1500,"bu","13:13:02",2900300
27.25,0.25,18000,"bu","13:12:58",2898800
27.25,0.25,300,"bu","13:12:49",2880800
27.25,0.25,500,"bu","13:12:48",2880500
27.25,0.25,500,"bu","13:12:47",2880000
27.2,0.2,500,"sd","13:12:46",2879500
27.25,0.25,100,"bu","13:12:46",2879000
27.25,0.25,400,"bu","13:12:42",2878900
27.2,0.2,500,"sd","13:12:36",2878500
27.2,0.2,100,"sd","13:12:33",2878000
27.2,0.2,100,"sd","13:12:23",2877900
27.2,0.2,44200,"bu","13:12:19",2877800
27.15,0.15,500,"sd","13:12:17",2833600
27.2,0.2,8000,"bu","13:12:16",2833100
27.2,0.2,500,"bu","13:12:14",2825100
27.2,0.2,23000,"bu","13:12:13",2824600
27.15,0.15,2000,"sd","13:12:09",2801600
27.2,0.2,20000,"bu","13:12:00",2799600
27.15,0.15,1000,"sd","13:11:51",2779600
27.2,0.2,100,"bu","13:11:49",2778600
27.15,0.15,500,"sd","13:11:48",2778500
27.15,0.15,5000,"sd","13:11:33",2778000
27.15,0.15,1000,"sd","13:11:29",2773000
27.15,0.15,300,"sd","13:11:21",2772000
27.2,0.2,20000,"bu","13:11:19",2771700
27.15,0.15,4600,"sd","13:11:18",2751700
27.15,0.15,400,"sd","13:11:17",2747100
27.15,0.15,500,"sd","13:11:07",2746700
27.15,0.15,2000,"sd","13:10:59",2746200
27.15,0.15,500,"sd","13:10:58",2744200
27.15,0.15,10000,"sd","13:10:51",2743700
27.15,0.15,4000,"sd","13:10:49",2733700
27.15,0.15,5000,"sd","13:10:48",2729700
27.15,0.15,300,"sd","13:10:44",2724700
27.2,0.2,18000,"bu","13:10:22",2724400
27.15,0.15,200,"sd","13:10:17",2706400
27.15,0.15,500,"sd","13:09:55",2706200
27.2,0.2,10000,"bu","13:09:42",2705700
27.15,0.15,1000,"sd","13:09:38",2695700
27.15,0.15,500,"bu","13:09:38",2694700
27.15,0.15,3000,"bu","13:09:37",2693900
27.15,0.15,1000,"bu","13:09:33",2690900
27.15,0.15,3000,"bu","13:09:31",2689900
27.15,0.15,100,"bu","13:09:28",2686900
27.15,0.15,500,"bu","13:09:27",2686800
27.15,0.15,6000,"bu","13:09:25",2686300
27.15,0.15,2000,"bu","13:09:21",2680300
27.15,0.15,1000,"bu","13:09:20",2676300
27.15,0.15,10000,"bu","13:09:20",2675300
27.15,0.15,200,"bu","13:09:19",2665300
27.15,0.15,10000,"bu","13:09:10",2665100
27.15,0.15,10000,"bu","13:09:05",2655100
27.1,0.1,400,"sd","13:09:02",2645100
27.1,0.1,500,"sd","13:08:50",2644700
27.15,0.15,100,"bu","13:08:50",2644200
27.15,0.15,10000,"bu","13:08:42",2644100
27.15,0.15,1000,"bu","13:08:41",2634100
27.15,0.15,100,"bu","13:08:39",2633100
27.15,0.15,500,"bu","13:08:29",2633000
27.15,0.15,5000,"bu","13:08:27",2632500
27.15,0.15,600,"bu","13:08:25",2627500
27.15,0.15,1000,"bu","13:08:10",2626900
27.15,0.15,1000,"bu","13:08:08",2625900
27.1,0.1,1000,"sd","13:08:03",2624900
27.15,0.15,100,"bu","13:07:56",2623900
27.15,0.15,100,"bu","13:07:48",2623800
27.1,0.1,5000,"sd","13:07:46",2623700
27.1,0.1,100,"sd","13:07:44",2618700
27.15,0.15,100,"bu","13:07:42",2618600
27.1,0.1,200,"sd","13:07:38",2618500
27.1,0.1,20500,"sd","13:07:28",2618300
27.15,0.15,1500,"bu","13:07:24",2597800
27.1,0.1,100,"sd","13:07:19",2596300
27.15,0.15,500,"bu","13:07:17",2596200
27.1,0.1,100,"sd","13:07:08",2595700
27.15,0.15,20000,"bu","13:07:07",2595600
27.15,0.15,200,"bu","13:06:53",2575600
27.1,0.1,1200,"sd","13:06:30",2575400
27.1,0.1,6000,"sd","13:06:24",2574200
27.1,0.1,500,"sd","13:06:19",2568200
27.1,0.1,1000,"sd","13:06:18",2567700
27.1,0.1,500,"sd","13:06:03",2566700
27.1,0.1,100,"sd","13:05:51",2566200
27.1,0.1,2000,"sd","13:05:46",2566100
27.1,0.1,400,"sd","13:05:45",2564100
27.15,0.15,500,"bu","13:05:27",2563700
27.1,0.1,4000,"sd","13:05:26",2563200
27.15,0.15,30000,"bu","13:05:16",2559200
27.1,0.1,2500,"sd","13:05:15",2529200
27.1,0.1,200,"sd","13:05:13",2526700
27.1,0.1,200,"sd","13:05:11",2526500
27.1,0.1,1200,"sd","13:05:02",2526300
27.1,0.1,1000,"sd","13:05:02",2525100
27.1,0.1,2000,"sd","13:04:24",2524100
27.15,0.15,5000,"bu","13:04:20",2522100
27.1,0.1,100,"sd","13:04:20",2517100
27.1,0.1,4000,"sd","13:04:12",2517000
27.1,0.1,2000,"sd","13:03:58",2513000
27.1,0.1,1800,"sd","13:03:46",2511000
27.1,0.1,500,"sd","13:03:41",2509200
27.1,0.1,5000,"sd","13:03:39",2508700
27.1,0.1,2000,"sd","13:03:39",2503700
27.1,0.1,10700,"bu","13:03:18",2501700
27.1,0.1,1300,"bu","13:03:14",2491000
27.1,0.1,1700,"bu","13:03:13",2489700
27.1,0.1,18400,"bu","13:03:12",2488000
27.1,0.1,3000,"bu","13:03:10",2469600
27.1,0.1,11600,"bu","13:03:03",2466600
27.1,0.1,1000,"bu","13:03:02",2455000
27.1,0.1,1200,"bu","13:03:01",2454000
27.1,0.1,30000,"bu","13:03:00",2452800
27.1,0.1,20000,"bu","13:02:50",2422800
27.1,0.1,200,"bu","13:02:43",2402800
27.05,0.05,700,"sd","13:02:27",2402600
27.1,0.1,500,"bu","13:02:27",2401900
27.1,0.1,6800,"bu","13:02:27",2401400
27.05,0.05,1000,"sd","13:02:08",2394600
27.05,0.05,100,"sd","13:01:27",2393600
27.05,0.05,500,"sd","13:00:48",2393500
27.05,0.05,7100,"bu","13:00:47",2393000
27.05,0.05,1000,"bu","13:00:45",2385900
27.05,0.05,100,"bu","13:00:41",2384900
27.05,0.05,30000,"bu","13:00:37",2384800
27.05,0.05,100,"bu","13:00:33",2354800
27.05,0.05,2000,"bu","13:00:23",2354700
27,0,6200,"sd","13:00:22",2352700
27,0,6000,"sd","13:00:17",2346500
27,0,5000,"sd","13:00:16",2340500
27,0,1000,"sd","13:00:15",2335500
27,0,10000,"sd","13:00:12",2334500
27,0,500,"sd","13:00:11",2324500
27,0,5000,"sd","13:00:11",2324000
27.05,0.05,1000,"bu","13:00:10",2319000
27.05,0.05,75000,"bu","13:00:07",2318000
27.05,0.05,200,"bu","13:00:06",2243000
27,0,1200,"sd","13:00:06",2242800
27.05,0.05,300,"bu","13:00:05",2241600
27,0,200,"sd","13:00:04",2241300
27,0,1000,"sd","13:00:03",2241100
27,0,100,"sd","13:00:02",2240100
27,0,200,"sd","13:00:01",2240000
27,0,2500,"sd","13:00:00",2239800
27,0,800,"sd","11:29:50",2237300
27.05,0.05,2100,"bu","11:29:46",2236500
27,0,300,"sd","11:29:44",2234400
27,0,200,"sd","11:29:38",2234100
27,0,1000,"sd","11:29:05",2233900
27.05,0.05,3000,"bu","11:28:41",2232900
27,0,1800,"sd","11:28:09",2229900
27,0,1800,"sd","11:27:53",2228100
27,0,1500,"sd","11:27:37",2226300
27,0,2000,"sd","11:27:14",2224800
27,0,1500,"sd","11:27:13",2222800
27,0,5000,"sd","11:26:01",2221300
27,0,1000,"sd","11:25:52",2216300
27,0,1000,"sd","11:25:39",2215300
27,0,1000,"sd","11:25:24",2214300
27,0,1000,"sd","11:25:15",2213300
27,0,1700,"sd","11:24:54",2212300
27,0,1000,"sd","11:24:47",2210600
27,0,500,"sd","11:24:46",2209600
27,0,4500,"sd","11:24:03",2209100
27,0,500,"sd","11:23:22",2204600
27,0,5000,"sd","11:22:55",2204100
27.05,0.05,7300,"bu","11:22:17",2199100
27,0,1200,"sd","11:22:09",2191800
27,0,10000,"sd","11:22:05",2190600
27,0,1300,"sd","11:21:49",2180600
27,0,1000,"sd","11:21:43",2179300
27,0,5600,"sd","11:21:23",2178300
27,0,1000,"sd","11:20:53",2172700
27,0,1000,"sd","11:20:49",2171700
27,0,100,"sd","11:20:45",2170700
27,0,600,"sd","11:20:43",2170600
27,0,1000,"sd","11:20:39",2170000
27,0,1500,"sd","11:20:34",2169000
27,0,5000,"sd","11:20:03",2167500
27,0,500,"sd","11:20:00",2162500
27,0,2000,"sd","11:19:34",2162000
27,0,3000,"sd","11:18:52",2160000
27.05,0.05,11000,"bu","11:18:14",2157000
27.05,0.05,500,"bu","11:17:47",2146000
27.05,0.05,500,"bu","11:17:31",2145500
27.05,0.05,10000,"bu","11:17:16",2145000
27.05,0.05,1700,"bu","11:16:46",2135000
27,0,3000,"sd","11:16:20",2133300
27.05,0.05,1000,"bu","11:15:59",2130300
27.05,0.05,100,"bu","11:15:26",2129300
27,0,1500,"sd","11:15:07",2129200
27,0,20000,"sd","11:14:42",2127700
27,0,100,"sd","11:14:38",2107700
27,0,1000,"sd","11:14:32",2107600
27,0,1500,"sd","11:14:18",2106600
27,0,200,"sd","11:13:44",2105100
27,0,2000,"sd","11:13:15",2104900
27.05,0.05,2000,"bu","11:13:09",2102900
27.05,0.05,200,"bu","11:12:03",2100900
27,0,600,"sd","11:12:00",2100700
27,0,500,"sd","11:11:48",2100100
27.05,0.05,1000,"bu","11:11:25",2099600
27,0,500,"sd","11:10:47",2098600
27,0,10000,"sd","11:10:29",2098100
27.05,0.05,1800,"sd","11:10:24",2088100
27.05,0.05,400,"bu","11:09:29",2086300
27.05,0.05,1000,"bu","11:09:26",2085900
27.05,0.05,600,"sd","11:09:13",2084900
27.05,0.05,4700,"bu","11:09:00",2084300
27.05,0.05,300,"sd","11:08:56",2079600
27.05,0.05,1000,"bu","11:08:48",2079300
27.05,0.05,100,"sd","11:08:34",2078300
27.05,0.05,400,"bu","11:08:28",2078200
27.05,0.05,900,"sd","11:08:24",2077800
27.05,0.05,600,"bu","11:08:17",2076900
27.05,0.05,4600,"sd","11:08:16",2076300
27.05,0.05,2500,"sd","11:08:06",2071700
27.05,0.05,200,"sd","11:08:04",2069200
27.05,0.05,5500,"sd","11:07:52",2069000
27.1,0.1,1000,"bu","11:07:36",2063500
27.05,0.05,10000,"sd","11:07:34",2062500
27.1,0.1,700,"bu","11:07:33",2052500
27.1,0.1,100,"bu","11:07:15",2051800
27.05,0.05,5000,"sd","11:07:09",2051700
27.05,0.05,300,"sd","11:07:06",2046700
27.05,0.05,100,"sd","11:07:00",2046400
27.05,0.05,400,"sd","11:06:51",2046300
27.05,0.05,200,"sd","11:06:47",2045900
27.05,0.05,1400,"sd","11:06:33",2045700
27.1,0.1,500,"bu","11:06:24",2044300
27.05,0.05,11000,"bu","11:05:34",2043800
27.05,0.05,200,"bu","11:05:32",2032800
27.05,0.05,600,"bu","11:05:16",2032600
27.05,0.05,100,"bu","11:05:08",2032000
27.05,0.05,100,"bu","11:05:04",2031900
27.05,0.05,200,"bu","11:04:27",2031800
27.05,0.05,1000,"bu","11:04:01",2031600
27.05,0.05,500,"sd","11:03:56",2030600
27.05,0.05,700,"sd","11:03:55",2030100
27.05,0.05,100,"sd","11:03:29",2029400
27,0,15000,"sd","11:03:21",2029300
27.1,0.1,100,"bu","11:03:16",2014300
27.1,0.1,300,"bu","11:03:15",2014200
27.1,0.1,1400,"bu","11:03:06",2013900
27.05,0.05,3600,"bu","11:03:06",2012500
27.05,0.05,200,"bu","11:02:56",2008900
27.05,0.05,400,"bu","11:02:46",2008700
27.05,0.05,100,"bu","11:02:43",2008300
27.05,0.05,400,"bu","11:02:40",2008200
27.05,0.05,200,"bu","11:02:26",2007800
27.05,0.05,3000,"bu","11:02:13",2007600
27.05,0.05,2000,"bu","11:01:55",2004600
27.05,0.05,3000,"bu","11:01:37",2002600
27.05,0.05,5500,"bu","11:01:30",1999600
27.05,0.05,2000,"bu","11:01:25",1994100
27.05,0.05,1000,"bu","11:01:23",1992100
27.05,0.05,500,"bu","11:01:07",1991100
27.05,0.05,6000,"bu","11:01:05",1990600
27,0,3000,"sd","11:00:57",1984600
27.05,0.05,3300,"bu","11:00:57",1981600
27.05,0.05,11700,"bu","11:00:56",1978300
27,0,200,"sd","11:00:47",1966600
27,0,3000,"sd","11:00:34",1966400
27,0,200,"sd","11:00:06",1963400
27.05,0.05,2000,"bu","11:00:02",1963200
27.05,0.05,1000,"bu","10:59:59",1961200
27.05,0.05,500,"bu","10:59:53",1960200
27.05,0.05,200,"bu","10:59:47",1959700
27.05,0.05,800,"bu","10:59:34",1959500
27,0,100,"sd","10:59:26",1958700
27,0,500,"sd","10:59:13",1958600
27.05,0.05,3000,"bu","10:58:55",1958100
27,0,5100,"sd","10:58:49",1955100
27.05,0.05,500,"bu","10:58:29",1950000
27.05,0.05,300,"bu","10:58:03",1949500
27.05,0.05,1000,"bu","10:57:52",1949200
27,0,200,"sd","10:56:34",1948200
27,0,4000,"sd","10:56:12",1948000
27,0,200,"sd","10:55:52",1944000
27,0,200,"sd","10:55:44",1943800
27,0,100,"sd","10:55:42",1943600
27,0,500,"bu","10:55:31",1943500
27,0,5000,"bu","10:55:25",1943000
27,0,200,"bu","10:55:22",1938000
27,0,2000,"bu","10:55:16",1937800
27,0,100,"bu","10:55:13",1935800
27,0,100,"bu","10:55:09",1935700
27,0,200,"bu","10:55:02",1935600
27,0,200,"bu","10:54:59",1935400
27,0,500,"bu","10:54:59",1935200
27,0,3500,"bu","10:54:54",1934700
27,0,5000,"bu","10:54:40",1931200
27,0,2000,"bu","10:54:29",1926200
27,0,100,"bu","10:54:23",1924200
27,0,100,"bu","10:54:10",1924100
27,0,1000,"bu","10:54:02",1924000
27,0,5000,"bu","10:53:53",1923000
26.95,-0.05,2000,"sd","10:53:40",1918000
27,0,300,"bu","10:53:38",1916000
27,0,1000,"bu","10:53:35",1915700
27,0,600,"bu","10:53:11",1914700
27,0,200,"bu","10:53:04",1914100
27,0,200,"bu","10:52:51",1913900
27,0,100,"bu","10:52:43",1913700
27,0,2200,"sd","10:52:40",1913600
27,0,3000,"sd","10:52:38",1911400
27,0,4400,"sd","10:52:35",1908400
27,0,1000,"sd","10:52:31",1904000
27,0,5800,"sd","10:52:22",1903000
27,0,12200,"sd","10:52:18",1897200
27,0,7800,"sd","10:52:17",1885000
27,0,5000,"sd","10:52:17",1877200
27,0,2000,"sd","10:51:51",1872200
27,0,5000,"sd","10:51:48",1870200
27,0,13400,"sd","10:51:46",1865200
27,0,500,"sd","10:51:43",1851800
27,0,10000,"sd","10:51:21",1851300
27,0,10000,"sd","10:51:18",1841300
27,0,2100,"sd","10:51:12",1831300
27,0,1800,"sd","10:50:27",1829200
27,0,5000,"sd","10:50:21",1827400
27.05,0.05,500,"bu","10:49:55",1822400
27.05,0.05,200,"bu","10:49:48",1821900
27.05,0.05,100,"bu","10:49:27",1821700
27.05,0.05,500,"bu","10:49:22",1821600
27,0,5000,"sd","10:48:59",1821100
27,0,10000,"sd","10:48:45",1816100
27,0,100,"sd","10:48:44",1806100
27,0,100,"sd","10:48:37",1806000
27,0,900,"sd","10:48:28",1805900
27,0,60000,"sd","10:48:11",1805000
27.05,0.05,2000,"bu","10:48:08",1745000
27.05,0.05,10000,"bu","10:48:03",1743000
27.05,0.05,1000,"bu","10:47:53",1733000
27.05,0.05,100,"bu","10:47:50",1732000
27.05,0.05,2000,"bu","10:47:48",1731900
27.05,0.05,2100,"bu","10:47:43",1729900
27.05,0.05,1000,"bu","10:47:33",1727800
27.05,0.05,200,"bu","10:47:28",1726800
27.05,0.05,1000,"bu","10:47:25",1726600
27.05,0.05,1800,"bu","10:47:09",1725600
27.05,0.05,2000,"bu","10:47:07",1723800
27.05,0.05,100,"bu","10:47:04",1721800
27,0,2000,"sd","10:47:03",1721700
27.05,0.05,500,"bu","10:46:48",1719700
27.05,0.05,1000,"bu","10:46:46",1719200
27.05,0.05,200,"bu","10:46:45",1718200
27.05,0.05,1700,"bu","10:46:38",1718000
27.05,0.05,300,"bu","10:46:28",1716300
27.05,0.05,100,"bu","10:46:05",1716000
27.05,0.05,2900,"bu","10:45:53",1715900
27.05,0.05,2400,"bu","10:45:39",1713000
27.05,0.05,3000,"bu","10:45:31",1710600
27.05,0.05,200,"bu","10:45:10",1707600
27.05,0.05,200,"bu","10:45:02",1707400
27,0,500,"sd","10:44:58",1707200
27.05,0.05,200,"bu","10:44:46",1706700
27.05,0.05,29700,"sd","10:44:31",1706500
27.05,0.05,10000,"sd","10:44:12",1676800
27.05,0.05,1500,"sd","10:44:03",1666800
27.05,0.05,2000,"sd","10:43:55",1665300
27.05,0.05,10000,"sd","10:43:31",1663300
27.05,0.05,1000,"sd","10:43:30",1653300
27.05,0.05,1000,"sd","10:43:16",1652300
27.05,0.05,9100,"sd","10:42:37",1651300
27.1,0.1,500,"bu","10:42:35",1642200
27.05,0.05,100,"sd","10:42:34",1641700
27.05,0.05,100,"sd","10:42:21",1641600
27.05,0.05,10000,"sd","10:42:15",1641500
27.05,0.05,500,"sd","10:42:04",1631500
27.1,0.1,400,"bu","10:41:57",1631000
27.05,0.05,2000,"sd","10:41:56",1630600
27.05,0.05,200,"sd","10:41:45",1628600
27.1,0.1,300,"bu","10:41:38",1628400
27.1,0.1,6700,"bu","10:41:28",1628100
27.1,0.1,100,"bu","10:41:17",1621400
27.1,0.1,400,"bu","10:41:13",1621300
27.1,0.1,100,"bu","10:40:57",1620900
27.1,0.1,200,"bu","10:40:56",1620800
27.1,0.1,3000,"bu","10:40:52",1620600
27.1,0.1,8500,"bu","10:40:26",1617600
27.1,0.1,1000,"bu","10:40:09",1609100
27.1,0.1,1500,"bu","10:40:04",1608100
27.1,0.1,5000,"bu","10:39:59",1606600
27.1,0.1,1000,"bu","10:39:58",1601600
27.1,0.1,500,"bu","10:39:40",1600600
27.1,0.1,1100,"bu","10:39:38",1600100
27.1,0.1,6000,"bu","10:39:34",1599000
27.05,0.05,100,"sd","10:39:31",1593000
27.1,0.1,2000,"bu","10:39:29",1592900
27.1,0.1,5000,"bu","10:39:24",1590900
27.1,0.1,400,"bu","10:39:23",1585900
27.1,0.1,2500,"bu","10:39:18",1585500
27.1,0.1,10400,"bu","10:39:14",1583000
27.1,0.1,6000,"bu","10:39:08",1572600
27.1,0.1,2500,"bu","10:39:04",1566600
27.1,0.1,5000,"bu","10:38:53",1564100
27.1,0.1,200,"bu","10:38:51",1559100
27.1,0.1,5000,"bu","10:38:49",1558900
27.1,0.1,5000,"bu","10:38:44",1553900
27.1,0.1,600,"bu","10:38:42",1548900
27.1,0.1,7400,"bu","10:38:41",1548300
27.1,0.1,2600,"bu","10:38:41",1540900
27.1,0.1,200,"bu","10:38:36",1538300
27.1,0.1,500,"bu","10:38:35",1538100
27.05,0.05,1000,"sd","10:38:34",1537600
27.1,0.1,100,"bu","10:38:30",1536600
27.05,0.05,100,"sd","10:38:21",1536500
27.1,0.1,2100,"bu","10:38:18",1536400
27.05,0.05,600,"sd","10:38:14",1534300
27.1,0.1,300,"bu","10:38:12",1533700
27.05,0.05,1000,"sd","10:37:58",1533400
27.1,0.1,200,"bu","10:37:50",1532400
27.1,0.1,300,"bu","10:37:45",1532200
27.1,0.1,500,"bu","10:37:42",1531900
27.05,0.05,100,"sd","10:37:25",1531400
27.05,0.05,500,"sd","10:37:23",1531300
27.05,0.05,13500,"sd","10:37:22",1530800
27.05,0.05,50000,"bu","10:36:52",1517300
27.05,0.05,5000,"bu","10:36:45",1467300
27.05,0.05,2000,"bu","10:36:42",1462300
27.05,0.05,200,"bu","10:36:35",1460300
27,0,10000,"sd","10:36:24",1460100
27.05,0.05,3100,"bu","10:36:24",1450100
27,0,3300,"sd","10:35:26",1447000
27.05,0.05,200,"bu","10:35:25",1443700
27,0,400,"sd","10:35:17",1443500
27.05,0.05,1000,"bu","10:35:11",1443100
27,0,200,"sd","10:35:05",1442100
27,0,1000,"sd","10:35:05",1441900
27,0,1000,"sd","10:34:54",1440900
27,0,1900,"sd","10:34:50",1439900
27,0,1000,"sd","10:34:42",1438000
27,0,1000,"sd","10:34:40",1437000
27.05,0.05,5000,"bu","10:34:38",1436000
27,0,300,"sd","10:34:23",1431000
27,0,5600,"sd","10:34:10",1430700
27,0,500,"sd","10:34:00",1425100
27,0,500,"sd","10:33:53",1424600
27,0,100,"sd","10:33:45",1424100
27,0,1000,"sd","10:33:42",1424000
27,0,1600,"sd","10:32:52",1423000
27,0,500,"sd","10:32:47",1421400
27,0,1000,"sd","10:32:45",1420900
27,0,1000,"sd","10:32:42",1419900
27,0,100,"sd","10:32:31",1418900
27,0,4300,"bu","10:32:10",1418800
27,0,1300,"bu","10:32:07",1414500
27,0,300,"bu","10:32:02",1413200
27,0,5100,"bu","10:32:00",1412900
27,0,100,"bu","10:31:57",1407800
27,0,1000,"bu","10:31:56",1407700
27,0,2000,"bu","10:31:55",1406700
27,0,6500,"bu","10:31:46",1404700
26.95,-0.05,5000,"sd","10:31:42",1398200
27,0,300,"bu","10:31:42",1393200
27,0,5000,"bu","10:31:41",1392900
27,0,1500,"bu","10:31:40",1387900
27,0,4000,"bu","10:31:39",1386400
27,0,1800,"bu","10:31:28",1382400
27,0,2000,"bu","10:31:26",1380600
27,0,5000,"bu","10:31:23",1378600
27,0,1000,"bu","10:31:22",1373600
27,0,5000,"bu","10:31:18",1372600
27,0,500,"bu","10:31:11",1367600
27,0,100,"bu","10:31:09",1367100
26.95,-0.05,1000,"sd","10:31:08",1367000
27,0,600,"bu","10:31:08",1366000
27,0,1600,"bu","10:31:07",1365400
27,0,8400,"bu","10:31:06",1363800
27,0,200,"bu","10:31:05",1355400
27,0,600,"bu","10:31:04",1355200
27,0,100,"bu","10:30:56",1354600
27,0,1000,"bu","10:30:56",1354500
27,0,1000,"bu","10:30:50",1353500
27,0,700,"bu","10:30:33",1352500
26.95,-0.05,200,"sd","10:30:28",1351800
27,0,1500,"bu","10:30:19",1351600
27,0,9400,"bu","10:30:14",1350100
27,0,40600,"bu","10:30:14",1340700
26.95,-0.05,100,"sd","10:29:33",1300100
27,0,600,"bu","10:29:30",1300000
27,0,200,"bu","10:29:19",1299400
27,0,2000,"bu","10:29:10",1299200
27,0,600,"bu","10:28:58",1297200
26.95,-0.05,300,"sd","10:28:48",1296600
26.95,-0.05,1600,"sd","10:28:38",1296300
26.95,-0.05,100,"sd","10:28:29",1294700
27,0,2000,"bu","10:28:25",1294600
26.95,-0.05,600,"sd","10:28:22",1292600
26.95,-0.05,5000,"sd","10:28:17",1292000
26.95,-0.05,800,"sd","10:28:16",1287000
26.95,-0.05,10000,"sd","10:28:12",1286200
26.95,-0.05,200,"sd","10:27:51",1276200
26.95,-0.05,2000,"sd","10:27:44",1276000
26.95,-0.05,1700,"sd","10:27:36",1274000
26.95,-0.05,600,"sd","10:27:01",1272300
26.95,-0.05,1600,"sd","10:26:50",1271700
27,0,500,"bu","10:26:47",1270100
26.95,-0.05,700,"sd","10:26:41",1269600
26.95,-0.05,500,"sd","10:26:36",1268900
27,0,800,"bu","10:26:09",1268400
27,0,7200,"bu","10:25:59",1267600
27,0,100,"bu","10:25:44",1260400
27,0,300,"bu","10:25:36",1260300
27,0,3300,"bu","10:25:29",1260000
27,0,1000,"bu","10:25:05",1256700
27,0,700,"bu","10:24:30",1255700
27,0,3000,"bu","10:24:17",1255000
27,0,100,"bu","10:24:16",1252000
27,0,1000,"bu","10:24:06",1251900
26.95,-0.05,20000,"sd","10:23:57",1250900
26.95,-0.05,1000,"sd","10:23:38",1230900
26.95,-0.05,24800,"sd","10:23:26",1229900
26.95,-0.05,700,"sd","10:22:55",1205100
27,0,1000,"bu","10:22:54",1204400
26.95,-0.05,1100,"sd","10:22:48",1203400
26.95,-0.05,15000,"sd","10:22:25",1202300
26.95,-0.05,1000,"sd","10:22:21",1187300
26.95,-0.05,400,"sd","10:22:11",1186300
27,0,300,"bu","10:22:00",1185900
26.95,-0.05,500,"sd","10:21:59",1185600
27,0,10000,"bu","10:21:52",1185100
27,0,5200,"bu","10:21:28",1175100
26.95,-0.05,20000,"sd","10:21:24",1169900
26.95,-0.05,200,"sd","10:20:57",1149900
26.95,-0.05,300,"sd","10:20:28",1149700
27,0,500,"bu","10:20:17",1149400
26.95,-0.05,5000,"sd","10:20:13",1148900
27,0,1000,"bu","10:20:12",1143900
26.95,-0.05,400,"sd","10:20:07",1142900
27,0,100,"bu","10:20:06",1142500
27,0,1200,"bu","10:19:54",1142400
27,0,2000,"bu","10:19:44",1141200
26.95,-0.05,100,"sd","10:19:40",1139200
26.95,-0.05,1900,"sd","10:19:32",1139100
26.95,-0.05,2000,"sd","10:19:11",1137200
26.95,-0.05,100,"sd","10:18:41",1135200
26.95,-0.05,100,"sd","10:18:30",1135100
26.95,-0.05,600,"sd","10:18:11",1135000
26.95,-0.05,200,"sd","10:18:09",1134400
26.95,-0.05,1000,"sd","10:17:52",1134200
26.95,-0.05,10000,"sd","10:17:38",1133200
27,0,1200,"bu","10:17:24",1123200
27,0,500,"bu","10:17:15",1122000
27,0,700,"bu","10:17:02",1121500
27,0,2000,"bu","10:16:52",1120800
26.95,-0.05,100,"sd","10:16:09",1118800
26.95,-0.05,100,"sd","10:16:05",1118700
27,0,500,"bu","10:15:52",1118600
26.95,-0.05,500,"sd","10:15:39",1118100
27,0,1200,"bu","10:15:28",1117600
26.95,-0.05,500,"sd","10:15:24",1116400
27,0,2000,"bu","10:15:20",1115900
27,0,1700,"bu","10:15:12",1113900
26.95,-0.05,13400,"sd","10:15:09",1112200
26.95,-0.05,16600,"sd","10:15:09",1098800
26.95,-0.05,1500,"sd","10:15:08",1082200
26.95,-0.05,200,"sd","10:15:02",1080700
27,0,1300,"bu","10:14:57",1080500
27,0,2500,"bu","10:14:50",1079200
27,0,1100,"bu","10:14:49",1076700
27,0,300,"bu","10:14:39",1075600
27,0,4000,"bu","10:14:20",1075300
26.95,-0.05,300,"sd","10:14:07",1071300
26.95,-0.05,200,"sd","10:13:42",1071000
27,0,500,"bu","10:13:34",1070800
26.95,-0.05,20000,"sd","10:13:13",1070300
27,0,1000,"bu","10:13:10",1050300
27,0,200,"bu","10:13:09",1049300
27,0,5000,"bu","10:12:42",1049100
27,0,3000,"bu","10:12:39",1044100
27,0,500,"bu","10:12:35",1041100
27,0,200,"bu","10:12:23",1040600
27,0,2500,"bu","10:12:17",1040400
26.95,-0.05,7600,"sd","10:12:06",1037900
26.95,-0.05,2000,"sd","10:11:57",1030300
26.95,-0.05,4300,"sd","10:11:51",1028300
27,0,1400,"bu","10:11:19",1024000
27,0,200,"bu","10:11:18",1022600
27,0,2000,"bu","10:11:15",1022400
27,0,200,"bu","10:11:09",1020400
26.95,-0.05,1000,"sd","10:11:06",1020200
27,0,500,"bu","10:10:35",1019200
26.95,-0.05,16000,"sd","10:10:16",1018700
26.95,-0.05,800,"sd","10:10:14",1002700
27,0,100,"bu","10:10:10",1001900
26.95,-0.05,3500,"sd","10:10:08",1001800
26.95,-0.05,10000,"sd","10:09:57",998300
26.95,-0.05,300,"sd","10:09:28",988300
26.95,-0.05,10000,"sd","10:09:27",988000
26.95,-0.05,10000,"sd","10:09:19",978000
26.95,-0.05,10000,"sd","10:09:04",968000
26.95,-0.05,500,"sd","10:09:01",958000
26.95,-0.05,1600,"sd","10:08:54",957500
26.95,-0.05,10000,"sd","10:08:52",955900
26.95,-0.05,300,"sd","10:08:34",945900
26.95,-0.05,5000,"sd","10:08:16",945600
26.95,-0.05,100,"sd","10:07:45",940600
26.95,-0.05,500,"sd","10:07:24",940500
27,0,500,"bu","10:07:22",940000
26.95,-0.05,400,"sd","10:07:19",939500
26.95,-0.05,600,"sd","10:07:16",939100
26.95,-0.05,100,"sd","10:07:10",938500
26.95,-0.05,100,"sd","10:06:40",938400
26.95,-0.05,400,"sd","10:06:33",938300
26.95,-0.05,15000,"sd","10:06:08",937900
26.95,-0.05,300,"sd","10:06:03",922900
26.95,-0.05,1300,"sd","10:05:50",922600
27,0,1000,"bu","10:05:39",921300
26.95,-0.05,700,"sd","10:04:55",920300
27,0,100,"bu","10:04:50",919600
26.95,-0.05,1500,"sd","10:04:39",919500
27,0,1100,"bu","10:04:07",918000
26.95,-0.05,100,"sd","10:03:56",916900
26.95,-0.05,400,"bu","10:03:55",916800
26.95,-0.05,10000,"bu","10:03:51",916400
26.95,-0.05,300,"bu","10:03:43",906400
26.95,-0.05,1000,"bu","10:03:42",906100
26.95,-0.05,4700,"sd","10:03:41",905100
26.95,-0.05,500,"sd","10:03:36",900400
26.95,-0.05,7000,"sd","10:03:29",899900
26.95,-0.05,200,"sd","10:03:19",892900
27,0,800,"bu","10:03:18",892700
26.95,-0.05,1100,"sd","10:03:16",891900
26.95,-0.05,2500,"sd","10:03:12",890800
27,0,500,"bu","10:03:09",888300
27,0,100,"bu","10:03:01",887800
26.95,-0.05,2000,"sd","10:03:00",887700
26.95,-0.05,1000,"sd","10:02:48",885700
26.95,-0.05,1000,"sd","10:02:37",884700
27,0,100,"bu","10:02:34",883700
27,0,200,"bu","10:02:33",883600
27,0,200,"bu","10:02:32",883400
27,0,100,"bu","10:01:51",883200
26.95,-0.05,5000,"sd","10:01:36",883100
26.95,-0.05,1000,"sd","10:01:18",878100
26.95,-0.05,6300,"sd","10:01:13",877100
26.95,-0.05,3000,"sd","10:00:20",870800
26.95,-0.05,1500,"bu","09:59:51",867800
26.95,-0.05,100,"bu","09:59:46",866300
26.95,-0.05,100,"bu","09:59:41",866200
26.95,-0.05,5000,"bu","09:59:32",866100
26.95,-0.05,500,"bu","09:59:29",861100
26.95,-0.05,1200,"bu","09:59:22",860600
26.95,-0.05,100,"bu","09:59:20",859400
26.9,-0.1,300,"sd","09:59:19",859300
26.95,-0.05,5000,"bu","09:59:18",859000
26.95,-0.05,500,"bu","09:59:08",854000
26.95,-0.05,500,"bu","09:59:02",853500
26.9,-0.1,500,"sd","09:58:46",853000
26.95,-0.05,200,"bu","09:58:35",852500
26.95,-0.05,100,"bu","09:58:25",852300
26.95,-0.05,100,"bu","09:58:20",852200
26.95,-0.05,700,"bu","09:58:13",852100
26.95,-0.05,200,"bu","09:58:08",851400
26.95,-0.05,200,"bu","09:58:05",851200
26.95,-0.05,600,"bu","09:58:01",851000
26.95,-0.05,400,"bu","09:58:01",850400
26.95,-0.05,300,"bu","09:57:58",850000
26.95,-0.05,200,"bu","09:57:54",849700
26.95,-0.05,5000,"bu","09:57:46",849500
26.95,-0.05,200,"bu","09:57:43",844500
26.95,-0.05,100,"bu","09:57:31",844300
26.95,-0.05,1000,"bu","09:57:24",844200
26.95,-0.05,200,"bu","09:57:24",843200
26.95,-0.05,100,"bu","09:57:17",843000
26.9,-0.1,500,"sd","09:57:11",842900
26.9,-0.1,5000,"sd","09:57:08",842400
26.9,-0.1,1000,"sd","09:56:45",837400
26.9,-0.1,200,"sd","09:56:12",836400
26.9,-0.1,500,"sd","09:56:00",836200
26.9,-0.1,500,"sd","09:55:47",835700
26.9,-0.1,200,"sd","09:55:43",835200
26.95,-0.05,100,"bu","09:55:36",835000
26.95,-0.05,2000,"bu","09:55:28",834900
26.95,-0.05,1000,"bu","09:55:24",832900
26.95,-0.05,1000,"bu","09:55:15",831900
26.9,-0.1,5000,"sd","09:54:53",830900
26.9,-0.1,800,"sd","09:54:43",825900
26.9,-0.1,900,"sd","09:54:05",825100
26.9,-0.1,2900,"sd","09:53:54",824200
26.9,-0.1,1200,"sd","09:53:50",821300
26.9,-0.1,500,"sd","09:53:38",820100
26.9,-0.1,500,"sd","09:53:00",819600
26.95,-0.05,800,"bu","09:52:52",819100
26.95,-0.05,100,"bu","09:52:48",818300
26.95,-0.05,200,"sd","09:52:45",818200
27,0,400,"bu","09:52:42",818000
26.95,-0.05,700,"sd","09:52:35",817600
26.95,-0.05,1000,"sd","09:52:31",816900
26.95,-0.05,2000,"sd","09:52:26",815900
26.95,-0.05,500,"sd","09:52:13",813900
26.95,-0.05,1000,"sd","09:51:40",813400
26.95,-0.05,1500,"sd","09:51:15",812400
26.95,-0.05,500,"sd","09:51:14",810900
26.95,-0.05,6400,"bu","09:51:14",810400
26.9,-0.1,1100,"sd","09:51:09",804000
26.95,-0.05,200,"bu","09:51:04",802900
26.95,-0.05,2000,"bu","09:51:00",802700
26.9,-0.1,100,"sd","09:50:58",800700
26.95,-0.05,1000,"bu","09:50:52",800500
26.9,-0.1,100,"sd","09:50:46",799500
26.95,-0.05,500,"bu","09:50:42",799400
26.95,-0.05,500,"bu","09:50:40",798900
26.95,-0.05,100,"bu","09:50:37",798400
26.95,-0.05,2100,"sd","09:50:18",798300
26.95,-0.05,1000,"sd","09:50:07",796200
27,0,300,"bu","09:49:58",795200
27,0,3000,"bu","09:49:48",794900
26.95,-0.05,40000,"sd","09:49:41",791900
27,0,1700,"bu","09:49:29",751900
27,0,600,"bu","09:49:19",750200
27,0,19100,"sd","09:49:16",749600
27,0,30000,"sd","09:49:15",730500
27,0,11200,"sd","09:49:15",700500
27,0,2000,"sd","09:49:09",689300
27,0,1000,"sd","09:49:08",687300
27.05,0.05,1000,"bu","09:49:06",686300
27,0,100,"sd","09:49:04",685300
27,0,2000,"sd","09:48:58",685200
27,0,3000,"sd","09:48:53",683200
27,0,2000,"sd","09:48:31",680200
27,0,2000,"sd","09:48:24",678200
27,0,1600,"sd","09:48:07",676200
27,0,2000,"sd","09:47:55",674600
27.05,0.05,1600,"bu","09:47:45",672600
27,0,500,"sd","09:47:41",671000
27,0,4000,"sd","09:47:27",670500
27,0,200,"sd","09:47:25",666500
27.05,0.05,1000,"bu","09:47:18",666300
27,0,4000,"sd","09:47:17",665300
27,0,100,"sd","09:47:11",661300
27,0,900,"sd","09:47:05",661200
27,0,400,"sd","09:46:58",660300
27.05,0.05,100,"bu","09:46:48",659900
27.05,0.05,1000,"bu","09:46:47",659800
27.05,0.05,500,"bu","09:46:28",658800
27,0,400,"sd","09:46:19",658300
27,0,1000,"sd","09:45:54",657900
27.05,0.05,200,"bu","09:45:43",656900
27,0,1700,"sd","09:45:31",656700
27,0,100,"sd","09:45:29",655000
27,0,2000,"sd","09:45:12",654900
27,0,2000,"sd","09:45:03",652900
27,0,25000,"sd","09:44:40",650900
27,0,45000,"sd","09:44:24",625900
27.05,0.05,300,"bu","09:44:19",580900
27.05,0.05,300,"bu","09:44:14",580600
27.05,0.05,500,"bu","09:44:13",580300
27.05,0.05,200,"bu","09:43:41",579800
27,0,1000,"sd","09:43:18",579600
27.05,0.05,100,"bu","09:42:45",578600
27,0,1100,"sd","09:42:40",578500
27,0,600,"sd","09:42:35",577400
27,0,400,"sd","09:42:35",576800
27,0,1000,"sd","09:42:30",576400
27,0,500,"sd","09:42:19",575400
27,0,10000,"sd","09:42:11",574900
27,0,1000,"sd","09:42:02",564900
27.05,0.05,100,"bu","09:41:59",563900
27,0,700,"sd","09:41:46",563800
27.05,0.05,1000,"bu","09:41:45",563100
27.05,0.05,1000,"bu","09:41:12",562100
27.05,0.05,400,"bu","09:41:07",561100
27.05,0.05,1200,"sd","09:40:58",560700
27.05,0.05,2000,"sd","09:40:58",559500
27.1,0.1,100,"bu","09:40:48",557500
27.05,0.05,1200,"sd","09:40:41",557400
27.05,0.05,200,"sd","09:40:40",556200
27.05,0.05,1500,"sd","09:40:36",556000
27.05,0.05,10000,"sd","09:40:32",554500
27.05,0.05,7700,"bu","09:40:22",544500
27.05,0.05,5000,"bu","09:40:18",536800
27.05,0.05,300,"bu","09:40:10",531800
27.05,0.05,5000,"bu","09:40:09",531500
27.05,0.05,1100,"bu","09:40:06",526500
27,0,1000,"sd","09:40:05",525400
27.05,0.05,1400,"sd","09:40:05",524400
27.05,0.05,900,"bu","09:40:04",523000
27.05,0.05,100,"bu","09:39:57",522100
27,0,2000,"sd","09:39:55",522000
27,0,200,"sd","09:39:47",520000
27.05,0.05,500,"bu","09:39:42",519800
27.05,0.05,300,"bu","09:39:41",519300
27.05,0.05,500,"bu","09:39:34",519000
27.05,0.05,7700,"sd","09:39:27",518500
27.05,0.05,1000,"sd","09:39:18",510800
27.1,0.1,100,"bu","09:39:18",509800
27.1,0.1,500,"bu","09:39:15",509700
27.1,0.1,200,"bu","09:39:15",509200
27.1,0.1,500,"bu","09:39:05",509000
27.1,0.1,100,"bu","09:38:57",508500
27.05,0.05,1000,"sd","09:38:55",508400
27.1,0.1,3000,"bu","09:38:46",507400
27.05,0.05,2500,"sd","09:38:38",504400
27.1,0.1,2200,"bu","09:38:30",501900
27.05,0.05,800,"sd","09:38:30",499700
27.05,0.05,2600,"sd","09:38:22",498900
27.05,0.05,100,"sd","09:38:21",496300
27.05,0.05,600,"sd","09:38:19",496200
27.05,0.05,600,"sd","09:38:09",495600
27.05,0.05,1800,"sd","09:38:09",495000
27.05,0.05,1400,"bu","09:38:08",493200
27.05,0.05,1000,"bu","09:38:04",491800
27.05,0.05,1000,"bu","09:38:03",490800
27.05,0.05,300,"bu","09:37:52",489800
27.05,0.05,500,"bu","09:37:49",489500
27.05,0.05,2000,"bu","09:37:48",489000
27.05,0.05,300,"sd","09:37:42",487000
27.05,0.05,1000,"bu","09:37:36",486700
27.05,0.05,300,"bu","09:37:31",485700
27.05,0.05,100,"bu","09:37:28",485400
27.05,0.05,5000,"bu","09:37:23",485300
27.05,0.05,1000,"bu","09:37:12",480300
27.05,0.05,300,"bu","09:37:10",479300
27.05,0.05,1000,"bu","09:37:07",479000
27.05,0.05,100,"bu","09:36:57",478000
27.05,0.05,300,"bu","09:36:53",477900
27.05,0.05,400,"bu","09:36:42",477600
27,0,1000,"sd","09:36:42",477200
27,0,400,"sd","09:36:36",476200
27,0,2000,"sd","09:36:32",475800
27.05,0.05,5000,"bu","09:36:31",473800
27,0,500,"bu","09:36:28",468800
27,0,1500,"bu","09:36:26",468300
27,0,3400,"bu","09:36:24",466800
27,0,400,"bu","09:36:21",463400
27,0,5000,"bu","09:36:19",463000
26.95,-0.05,200,"sd","09:36:18",458000
27,0,1000,"bu","09:36:15",457800
27,0,100,"bu","09:36:13",456800
27,0,1000,"bu","09:36:11",456700
27,0,2000,"bu","09:36:09",455700
27,0,5000,"bu","09:36:05",453700
26.95,-0.05,1000,"sd","09:35:44",448700
27,0,100,"bu","09:35:43",447700
27,0,100,"bu","09:35:33",447600
27,0,200,"bu","09:35:05",447500
27,0,400,"bu","09:34:54",447300
27,0,400,"bu","09:34:51",446900
27,0,2000,"bu","09:34:49",446500
27,0,1000,"bu","09:34:43",444500
27,0,2000,"bu","09:34:28",443500
27,0,300,"bu","09:34:14",441500
27,0,100,"bu","09:33:55",441200
27,0,30000,"bu","09:33:44",441100
27,0,500,"bu","09:33:35",411100
27,0,300,"bu","09:33:30",410600
26.95,-0.05,1000,"sd","09:33:29",410300
26.95,-0.05,1000,"sd","09:33:23",409300
27,0,100,"bu","09:33:19",408300
26.95,-0.05,400,"sd","09:33:08",408200
26.95,-0.05,2100,"bu","09:33:06",407800
26.95,-0.05,100,"bu","09:33:05",405700
26.95,-0.05,500,"bu","09:33:02",405600
26.95,-0.05,7000,"bu","09:32:59",405100
26.9,-0.1,100,"sd","09:32:54",398100
26.9,-0.1,1000,"sd","09:32:50",398000
26.9,-0.1,300,"sd","09:32:44",397000
26.9,-0.1,1500,"sd","09:32:36",396700
26.9,-0.1,3000,"sd","09:32:15",395200
26.95,-0.05,1200,"bu","09:32:12",392200
26.95,-0.05,500,"bu","09:32:06",391000
26.95,-0.05,500,"bu","09:32:04",390500
26.95,-0.05,500,"sd","09:31:57",390000
26.95,-0.05,500,"bu","09:31:54",389500
26.95,-0.05,100,"bu","09:31:50",389000
26.95,-0.05,1900,"sd","09:31:41",388900
26.95,-0.05,200,"sd","09:31:18",387000
26.95,-0.05,100,"sd","09:31:17",386800
26.95,-0.05,100,"sd","09:30:56",386700
26.95,-0.05,1000,"sd","09:30:46",386600
26.95,-0.05,1700,"bu","09:30:40",385600
26.95,-0.05,200,"bu","09:30:38",383900
26.9,-0.1,1000,"sd","09:30:34",383700
26.9,-0.1,300,"sd","09:30:30",382700
26.9,-0.1,1800,"sd","09:30:27",382400
26.95,-0.05,300,"bu","09:30:26",380600
26.9,-0.1,1000,"sd","09:30:21",380300
26.9,-0.1,100,"sd","09:30:10",379300
26.95,-0.05,13300,"sd","09:30:10",379200
26.95,-0.05,7000,"sd","09:29:45",365900
27,0,3000,"bu","09:29:43",358900
27,0,200,"bu","09:29:40",355900
27,0,1000,"bu","09:29:35",355700
27,0,100,"bu","09:29:28",354700
27,0,2500,"bu","09:29:17",354600
27,0,3600,"bu","09:29:14",352100
27,0,100,"bu","09:29:03",348500
27,0,300,"bu","09:28:55",348400
26.95,-0.05,2000,"sd","09:28:53",348100
27,0,14000,"bu","09:28:51",346100
27,0,200,"bu","09:28:43",332100
27,0,7600,"bu","09:28:27",331900
27,0,1000,"bu","09:28:25",324300
27,0,2600,"bu","09:28:25",323300
27,0,100,"bu","09:28:06",320700
27,0,400,"bu","09:27:54",320600
27,0,1000,"bu","09:27:42",320200
27,0,500,"bu","09:27:37",319200
27,0,200,"bu","09:27:31",318700
27,0,100,"bu","09:27:28",318500
27,0,100,"sd","09:27:23",318400
27,0,100,"sd","09:27:19",318300
27,0,800,"bu","09:27:18",318200
27,0,500,"bu","09:27:11",317400
27,0,300,"bu","09:26:46",316900
27,0,700,"bu","09:26:40",316600
27,0,3400,"bu","09:26:35",315900
27,0,1000,"bu","09:26:31",312500
27,0,600,"bu","09:26:29",311500
27,0,500,"bu","09:26:19",310900
27,0,300,"bu","09:26:17",310400
27,0,200,"bu","09:26:10",310100
27,0,100,"bu","09:26:06",309900
27,0,3000,"bu","09:26:02",309800
27,0,1000,"bu","09:26:00",306800
27,0,1000,"bu","09:25:52",305800
27,0,700,"bu","09:25:34",304800
27,0,50000,"bu","09:25:26",304100
27,0,100,"bu","09:25:24",254100
27,0,100,"bu","09:25:23",254000
27,0,8900,"bu","09:24:57",253900
26.95,-0.05,1100,"bu","09:24:57",245000
26.95,-0.05,1900,"sd","09:24:52",243900
26.95,-0.05,5000,"sd","09:24:45",242000
26.95,-0.05,500,"sd","09:24:25",237000
26.95,-0.05,900,"bu","09:24:17",236500
26.9,-0.1,500,"sd","09:24:09",235600
26.95,-0.05,9900,"bu","09:24:08",235100
26.9,-0.1,500,"sd","09:23:59",225200
26.95,-0.05,100,"bu","09:23:57",224700
26.95,-0.05,400,"bu","09:23:53",224600
26.95,-0.05,100,"bu","09:23:48",224200
26.95,-0.05,900,"bu","09:23:44",224100
26.95,-0.05,300,"bu","09:23:36",223200
26.95,-0.05,1000,"bu","09:23:34",222900
26.95,-0.05,500,"bu","09:23:33",221900
26.95,-0.05,500,"bu","09:23:26",221400
26.9,-0.1,500,"sd","09:23:11",220900
26.95,-0.05,100,"bu","09:23:11",220400
26.95,-0.05,500,"bu","09:23:07",220300
26.95,-0.05,1000,"bu","09:23:06",219800
26.95,-0.05,1000,"bu","09:23:02",218800
26.95,-0.05,1000,"bu","09:22:44",217800
26.95,-0.05,900,"bu","09:22:40",216800
26.95,-0.05,200,"bu","09:22:37",215900
26.95,-0.05,500,"bu","09:22:36",215700
26.95,-0.05,1000,"bu","09:22:32",215200
26.95,-0.05,3000,"bu","09:22:21",214200
26.95,-0.05,100,"bu","09:22:19",211200
26.9,-0.1,1000,"sd","09:22:08",211100
26.95,-0.05,900,"bu","09:22:05",210100
26.9,-0.1,500,"sd","09:21:51",209200
26.9,-0.1,1000,"sd","09:21:12",208700
26.9,-0.1,500,"sd","09:21:11",207700
26.9,-0.1,400,"sd","09:21:02",207200
26.9,-0.1,500,"sd","09:21:00",206800
26.9,-0.1,500,"sd","09:20:52",206300
26.9,-0.1,1000,"bu","09:20:51",205800
26.9,-0.1,100,"bu","09:20:45",204800
26.9,-0.1,500,"bu","09:20:41",204700
26.9,-0.1,400,"bu","09:20:40",204200
26.9,-0.1,200,"bu","09:20:36",203800
26.9,-0.1,3700,"sd","09:20:29",203600
26.9,-0.1,2100,"sd","09:20:28",199900
26.9,-0.1,400,"sd","09:20:20",197800
26.9,-0.1,500,"sd","09:20:19",197400
26.9,-0.1,100,"sd","09:20:17",196900
26.9,-0.1,200,"sd","09:20:13",196800
26.9,-0.1,3900,"sd","09:20:12",196600
26.9,-0.1,1100,"sd","09:20:12",192700
26.9,-0.1,200,"sd","09:20:00",191600
26.9,-0.1,2500,"bu","09:19:52",191400
26.9,-0.1,500,"bu","09:19:51",188900
26.9,-0.1,300,"bu","09:19:41",188400
26.9,-0.1,1600,"bu","09:19:41",188100
26.9,-0.1,3000,"bu","09:19:40",186500
26.9,-0.1,1000,"bu","09:19:38",183500
26.9,-0.1,1000,"bu","09:19:37",182500
26.9,-0.1,10000,"bu","09:19:36",181500
26.9,-0.1,500,"bu","09:19:31",171500
26.9,-0.1,1000,"bu","09:19:30",171000
26.9,-0.1,500,"bu","09:19:29",170000
26.9,-0.1,200,"bu","09:19:25",169500
26.9,-0.1,200,"bu","09:19:24",169300
26.9,-0.1,500,"bu","09:19:21",169100
26.9,-0.1,4300,"bu","09:19:17",168600
26.9,-0.1,500,"bu","09:19:08",164300
26.9,-0.1,5000,"bu","09:19:03",163800
26.9,-0.1,700,"bu","09:19:01",158800
26.9,-0.1,100,"bu","09:18:58",158100
26.9,-0.1,500,"bu","09:18:45",158000
26.9,-0.1,10000,"bu","09:18:40",157500
26.9,-0.1,500,"bu","09:18:37",146500
26.9,-0.1,300,"bu","09:18:30",146000
26.9,-0.1,1000,"bu","09:18:22",145700
26.9,-0.1,1000,"bu","09:18:10",144700
26.9,-0.1,100,"bu","09:18:04",143700
26.9,-0.1,300,"bu","09:18:03",143600
26.85,-0.15,700,"bu","09:18:03",143300
26.85,-0.15,500,"bu","09:17:59",142600
26.85,-0.15,800,"sd","09:17:58",142100
26.85,-0.15,100,"bu","09:17:53",141300
26.85,-0.15,300,"bu","09:17:51",141200
26.85,-0.15,500,"bu","09:17:47",140900
26.85,-0.15,200,"bu","09:17:42",140400
26.8,-0.2,400,"sd","09:17:42",140200
26.8,-0.2,1000,"sd","09:17:35",139800
26.8,-0.2,400,"sd","09:17:24",138800
26.8,-0.2,400,"sd","09:16:59",138400
26.8,-0.2,500,"sd","09:16:52",138000
26.8,-0.2,500,"sd","09:16:51",137500
26.8,-0.2,100,"sd","09:16:47",137000
26.8,-0.2,800,"sd","09:16:45",136900
26.8,-0.2,1500,"sd","09:16:40",136100
26.85,-0.15,500,"sd","09:16:40",134600
26.8,-0.2,200,"sd","09:16:36",134100
26.8,-0.2,400,"sd","09:16:21",133900
26.9,-0.1,400,"bu","09:16:19",133500
26.8,-0.2,900,"sd","09:16:12",133100
26.8,-0.2,600,"bu","09:16:11",132200
26.8,-0.2,5400,"sd","09:16:07",131600
26.8,-0.2,1000,"sd","09:16:06",126200
26.8,-0.2,500,"sd","09:15:57",125200
26.9,-0.1,1000,"bu","09:15:51",124700
26.8,-0.2,500,"sd","09:15:48",123700
26.8,-0.2,500,"sd","09:15:48",123200
26.8,-0.2,500,"sd","09:15:44",122700
26.8,-0.2,2000,"sd","09:15:41",122200
26.8,-0.2,300,"sd","09:15:32",120200
26.8,-0.2,1000,"sd","09:15:30",119900
26.8,-0.2,9500,"sd","09:15:13",118900
26.9,-0.1,800,"bu","09:15:03",109400
26.8,-0.2,7100,"sd","09:15:02",108600
26.8,-0.2,101500,"","09:15:01",101500
