"price","change","match_qtty","side","time","total_vol"
26.7,0,337800,"","14:45:04",3368600
26.7,0,1400,"bu","14:29:49",3030800
26.65,-0.05,2000,"sd","14:29:30",3029400
26.65,-0.05,100,"sd","14:29:27",3027400
26.65,-0.05,4700,"bu","14:29:21",3027300
26.65,-0.05,100,"bu","14:29:19",3022600
26.65,-0.05,100,"bu","14:29:18",3022500
26.65,-0.05,100,"bu","14:29:11",3022400
26.65,-0.05,100,"bu","14:29:10",3022300
26.65,-0.05,200,"bu","14:29:09",3022200
26.65,-0.05,200,"bu","14:29:06",3022000
26.65,-0.05,300,"bu","14:29:01",3021800
26.65,-0.05,5000,"bu","14:29:00",3021500
26.65,-0.05,1000,"bu","14:29:00",3016500
26.65,-0.05,11000,"bu","14:28:57",3015500
26.65,-0.05,2200,"bu","14:28:54",3004500
26.65,-0.05,4000,"bu","14:28:52",3002300
26.65,-0.05,200,"bu","14:28:51",2998300
26.65,-0.05,3600,"bu","14:28:47",2998100
26.65,-0.05,1000,"bu","14:28:46",2994500
26.65,-0.05,3000,"bu","14:28:42",2993500
26.65,-0.05,3000,"bu","14:28:35",2990500
26.6,-0.1,100,"sd","14:28:21",2987500
26.6,-0.1,2000,"sd","14:28:15",2987400
26.6,-0.1,8000,"sd","14:28:05",2985400
26.6,-0.1,1500,"sd","14:27:59",2977400
26.6,-0.1,11700,"sd","14:27:22",2975900
26.6,-0.1,2000,"sd","14:27:15",2964200
26.6,-0.1,200,"sd","14:26:45",2962200
26.65,-0.05,1000,"bu","14:26:38",2962000
26.65,-0.05,2400,"bu","14:26:34",2961000
26.65,-0.05,10000,"bu","14:26:29",2958600
26.65,-0.05,1500,"bu","14:26:15",2948600
26.65,-0.05,500,"bu","14:26:06",2947100
26.6,-0.1,500,"sd","14:26:00",2946600
26.6,-0.1,400,"sd","14:25:59",2946100
26.6,-0.1,1100,"sd","14:25:45",2945700
26.65,-0.05,28000,"bu","14:25:35",2944600
26.65,-0.05,1500,"bu","14:25:06",2916600
26.65,-0.05,17600,"bu","14:25:03",2915100
26.6,-0.1,2400,"bu","14:25:03",2897500
26.65,-0.05,300,"bu","14:24:51",2895100
26.6,-0.1,1800,"bu","14:24:51",2894800
26.6,-0.1,200,"sd","14:24:49",2893000
26.6,-0.1,2000,"sd","14:24:41",2892800
26.6,-0.1,100,"sd","14:24:33",2890800
26.6,-0.1,3000,"sd","14:24:31",2890700
26.6,-0.1,400,"sd","14:24:31",2887700
26.6,-0.1,3000,"sd","14:24:25",2887300
26.6,-0.1,5000,"sd","14:24:24",2884300
26.6,-0.1,5000,"sd","14:24:18",2879300
26.6,-0.1,100,"sd","14:23:43",2874300
26.6,-0.1,2000,"sd","14:23:23",2874200
26.6,-0.1,2700,"sd","14:23:12",2872200
26.6,-0.1,300,"sd","14:23:11",2869500
26.6,-0.1,1900,"sd","14:22:54",2869200
26.6,-0.1,5000,"sd","14:22:50",2867300
26.6,-0.1,1000,"sd","14:22:05",2862300
26.6,-0.1,3000,"sd","14:21:58",2861300
26.6,-0.1,1000,"sd","14:21:51",2858300
26.6,-0.1,2000,"sd","14:21:49",2857300
26.6,-0.1,600,"sd","14:21:41",2855300
26.6,-0.1,1000,"sd","14:21:39",2854700
26.6,-0.1,5000,"sd","14:21:32",2853700
26.6,-0.1,3000,"sd","14:21:31",2848700
26.6,-0.1,2500,"sd","14:21:26",2845700
26.6,-0.1,1000,"sd","14:21:19",2843200
26.6,-0.1,500,"sd","14:21:11",2842200
26.6,-0.1,1000,"sd","14:20:52",2841700
26.65,-0.05,100,"bu","14:20:47",2840700
26.6,-0.1,100,"sd","14:20:46",2840600
26.6,-0.1,1400,"bu","14:20:36",2840500
26.6,-0.1,200,"bu","14:20:31",2839100
26.6,-0.1,900,"bu","14:20:30",2838900
26.55,-0.15,300,"sd","14:20:23",2838000
26.6,-0.1,500,"bu","14:20:21",2837700
26.6,-0.1,1000,"bu","14:20:07",2837200
26.6,-0.1,500,"bu","14:20:05",2836200
26.6,-0.1,400,"bu","14:20:00",2835700
26.6,-0.1,1700,"bu","14:19:58",2835300
26.6,-0.1,500,"bu","14:19:56",2833600
26.6,-0.1,15000,"bu","14:19:54",2833100
26.6,-0.1,2600,"sd","14:19:48",2818100
26.6,-0.1,29300,"sd","14:19:48",2815500
26.6,-0.1,5000,"sd","14:19:43",2786200
26.6,-0.1,2800,"bu","14:19:42",2781200
26.6,-0.1,6700,"bu","14:19:40",2778400
26.6,-0.1,20500,"sd","14:19:39",2771700
26.6,-0.1,5500,"bu","14:19:32",2751200
26.6,-0.1,20000,"bu","14:19:31",2745700
26.6,-0.1,2000,"bu","14:19:28",2725700
26.6,-0.1,800,"bu","14:19:27",2723700
26.6,-0.1,100,"bu","14:19:17",2722900
26.6,-0.1,300,"bu","14:19:03",2722800
26.6,-0.1,100,"bu","14:18:59",2722500
26.55,-0.15,100,"sd","14:18:58",2722400
26.6,-0.1,20000,"bu","14:18:50",2722300
26.6,-0.1,100,"bu","14:18:48",2702300
26.6,-0.1,4600,"sd","14:18:34",2702200
26.6,-0.1,100000,"sd","14:18:33",2697600
26.6,-0.1,300,"sd","14:17:35",2597600
26.6,-0.1,5900,"sd","14:17:25",2597300
26.6,-0.1,3100,"sd","14:17:25",2591400
26.6,-0.1,200,"sd","14:17:24",2588300
26.6,-0.1,800,"sd","14:17:19",2588100
26.6,-0.1,500,"sd","14:16:49",2587300
26.65,-0.05,100,"bu","14:16:17",2586800
26.6,-0.1,1000,"sd","14:16:08",2586700
26.65,-0.05,200,"bu","14:16:02",2585700
26.6,-0.1,8200,"sd","14:15:43",2585500
26.6,-0.1,500,"sd","14:15:37",2577300
26.65,-0.05,200,"bu","14:15:28",2576800
26.65,-0.05,54900,"sd","14:15:06",2576600
26.65,-0.05,20000,"sd","14:15:01",2521700
26.65,-0.05,3600,"sd","14:14:56",2501700
26.7,0,1500,"bu","14:14:54",2498100
26.65,-0.05,500,"sd","14:14:51",2496600
26.65,-0.05,400,"sd","14:14:47",2496100
26.65,-0.05,500,"sd","14:14:42",2495700
26.65,-0.05,8800,"sd","14:14:40",2495200
26.65,-0.05,3900,"sd","14:14:18",2486400
26.65,-0.05,1000,"sd","14:13:58",2482500
26.65,-0.05,200,"sd","14:13:27",2481500
26.65,-0.05,5000,"sd","14:13:11",2481300
26.65,-0.05,100,"sd","14:12:56",2476300
26.65,-0.05,20600,"sd","14:12:37",2476200
26.7,0,300,"bu","14:12:11",2455600
26.65,-0.05,500,"sd","14:12:02",2455300
26.65,-0.05,400,"sd","14:12:00",2454800
26.65,-0.05,1000,"sd","14:11:58",2454400
26.65,-0.05,1000,"sd","14:11:54",2453400
26.65,-0.05,300,"sd","14:11:47",2452400
26.65,-0.05,2000,"sd","14:11:25",2452100
26.65,-0.05,1000,"sd","14:11:24",2450100
26.65,-0.05,2000,"sd","14:11:09",2449100
26.65,-0.05,2000,"sd","14:11:06",2447100
26.7,0,400,"bu","14:10:59",2445100
26.65,-0.05,500,"sd","14:10:48",2444700
26.7,0,500,"bu","14:10:37",2444200
26.65,-0.05,1500,"sd","14:10:28",2443700
26.7,0,800,"bu","14:10:27",2442200
26.7,0,100,"bu","14:10:13",2441400
26.7,0,300,"bu","14:10:09",2441300
26.7,0,100,"bu","14:09:19",2441000
26.7,0,100,"bu","14:09:14",2440900
26.65,-0.05,300,"sd","14:09:12",2440800
26.65,-0.05,500,"sd","14:08:53",2440500
26.7,0,2400,"bu","14:08:52",2440000
26.7,0,1300,"bu","14:07:56",2437600
26.7,0,3200,"bu","14:07:51",2436300
26.7,0,7700,"bu","14:07:46",2433100
26.7,0,1700,"bu","14:07:33",2425400
26.7,0,500,"bu","14:06:42",2423700
26.65,-0.05,400,"sd","14:06:24",2423200
26.7,0,10000,"bu","14:06:21",2422800
26.7,0,1000,"bu","14:06:20",2412800
26.7,0,10000,"bu","14:06:16",2411800
26.65,-0.05,2700,"sd","14:06:01",2401800
26.7,0,7000,"bu","14:05:58",2399100
26.65,-0.05,600,"sd","14:05:28",2392100
26.7,0,100,"bu","14:05:09",2391500
26.7,0,1000,"bu","14:04:52",2391400
26.7,0,500,"bu","14:04:38",2390400
26.7,0,1400,"bu","14:04:13",2389900
26.65,-0.05,300,"sd","14:03:36",2388500
26.7,0,500,"bu","14:03:16",2388200
26.7,0,100,"bu","14:03:09",2387700
26.7,0,2000,"bu","14:02:58",2387600
26.65,-0.05,1000,"sd","14:02:31",2385600
26.7,0,2000,"bu","14:02:14",2384600
26.65,-0.05,5000,"sd","14:00:49",2382600
26.65,-0.05,400,"sd","14:00:47",2377600
26.7,0,5000,"bu","14:00:40",2377200
26.65,-0.05,4000,"sd","14:00:40",2372200
26.7,0,5000,"bu","14:00:27",2368200
26.7,0,1000,"bu","14:00:15",2363200
26.65,-0.05,5000,"sd","13:59:26",2362200
26.65,-0.05,700,"sd","13:59:23",2357200
26.65,-0.05,4500,"sd","13:59:21",2356500
26.65,-0.05,1000,"bu","13:59:20",2352000
26.6,-0.1,1000,"sd","13:59:20",2351000
26.65,-0.05,1000,"bu","13:59:19",2350000
26.65,-0.05,10000,"bu","13:59:16",2349000
26.65,-0.05,200,"bu","13:59:10",2339000
26.65,-0.05,500,"bu","13:59:08",2338800
26.65,-0.05,300,"bu","13:58:40",2338300
26.65,-0.05,89000,"sd","13:58:30",2338000
26.65,-0.05,3000,"sd","13:58:13",2249000
26.65,-0.05,300,"sd","13:58:01",2246000
26.7,0,4000,"bu","13:58:01",2245700
26.7,0,100,"bu","13:57:45",2241700
26.65,-0.05,1000,"sd","13:55:54",2241600
26.65,-0.05,400,"sd","13:55:13",2240600
26.7,0,1600,"bu","13:54:51",2240200
26.7,0,500,"bu","13:54:18",2238600
26.65,-0.05,1000,"sd","13:54:07",2238100
26.65,-0.05,2000,"sd","13:53:44",2237100
26.65,-0.05,200,"sd","13:53:40",2235100
26.65,-0.05,500,"sd","13:53:15",2234900
26.65,-0.05,200,"sd","13:52:48",2234400
26.65,-0.05,400,"sd","13:52:24",2234200
26.7,0,5200,"sd","13:52:23",2233800
26.75,0.05,500,"bu","13:51:32",2228600
26.7,0,300,"sd","13:51:02",2228100
26.7,0,500,"sd","13:50:14",2227800
26.7,0,10000,"sd","13:50:02",2227300
26.7,0,300,"sd","13:50:01",2217300
26.7,0,500,"sd","13:49:59",2217000
26.7,0,200,"sd","13:49:55",2216500
26.7,0,2000,"sd","13:49:39",2216300
26.7,0,300,"sd","13:49:37",2214300
26.7,0,300,"sd","13:49:19",2214000
26.7,0,7000,"sd","13:49:18",2213700
26.7,0,1000,"sd","13:48:54",2206700
26.7,0,6300,"sd","13:48:48",2205700
26.75,0.05,400,"bu","13:48:30",2199400
26.75,0.05,3400,"bu","13:48:14",2199000
26.75,0.05,1000,"bu","13:47:17",2195600
26.7,0,400,"sd","13:46:49",2194600
26.7,0,4800,"bu","13:46:48",2194200
26.65,-0.05,1000,"sd","13:46:32",2189400
26.7,0,100,"bu","13:46:25",2188400
26.7,0,100,"bu","13:46:25",2188300
26.7,0,10000,"bu","13:46:01",2188200
26.7,0,2000,"bu","13:45:06",2178200
26.7,0,5000,"bu","13:44:59",2176200
26.65,-0.05,300,"sd","13:44:00",2171200
26.7,0,900,"bu","13:43:10",2170900
26.7,0,200,"bu","13:42:43",2170000
26.7,0,1000,"bu","13:42:38",2169800
26.7,0,500,"bu","13:42:24",2168800
26.65,-0.05,400,"sd","13:41:13",2168300
26.7,0,1000,"bu","13:41:10",2167900
26.65,-0.05,3000,"sd","13:40:59",2166900
26.7,0,400,"sd","13:40:54",2163900
26.7,0,1000,"sd","13:40:49",2163500
26.7,0,1000,"sd","13:40:42",2162500
26.7,0,1000,"sd","13:40:33",2161500
26.7,0,7000,"sd","13:40:29",2160500
26.7,0,5000,"sd","13:40:13",2153500
26.7,0,10000,"sd","13:39:43",2148500
26.7,0,1000,"sd","13:38:55",2138500
26.7,0,700,"sd","13:38:45",2137500
26.65,-0.05,300,"sd","13:38:25",2136800
26.75,0.05,1800,"bu","13:38:17",2136500
26.7,0,2500,"bu","13:38:17",2134700
26.7,0,100,"bu","13:37:32",2132200
26.7,0,9000,"sd","13:37:25",2132100
26.7,0,1500,"sd","13:37:22",2123100
26.7,0,1300,"sd","13:37:08",2121600
26.7,0,8000,"sd","13:37:04",2120300
26.7,0,11500,"sd","13:36:48",2112300
26.75,0.05,100,"bu","13:36:33",2100800
26.75,0.05,5000,"bu","13:35:52",2100700
26.7,0,500,"sd","13:35:42",2095700
26.7,0,100,"sd","13:35:41",2095200
26.7,0,400,"sd","13:35:37",2095100
26.7,0,1000,"sd","13:35:37",2094700
26.7,0,600,"sd","13:35:02",2093700
26.7,0,600,"sd","13:34:43",2093100
26.7,0,300,"sd","13:34:17",2092500
26.75,0.05,1000,"bu","13:33:59",2092200
26.75,0.05,800,"bu","13:33:47",2091200
26.7,0,4100,"bu","13:33:16",2090400
26.7,0,2600,"bu","13:33:05",2086300
26.65,-0.05,400,"sd","13:32:50",2083700
26.7,0,100,"bu","13:32:44",2083300
26.7,0,300,"bu","13:32:35",2083200
26.7,0,600,"bu","13:32:31",2082900
26.7,0,5000,"bu","13:32:03",2082300
26.7,0,2100,"bu","13:31:33",2077300
26.7,0,10200,"sd","13:31:14",2075200
26.7,0,10000,"sd","13:31:09",2065000
26.7,0,11500,"sd","13:31:06",2055000
26.7,0,1000,"sd","13:30:52",2043500
26.7,0,3000,"sd","13:30:49",2042500
26.7,0,1000,"sd","13:30:47",2039500
26.7,0,900,"sd","13:30:36",2038500
26.7,0,2500,"sd","13:30:30",2037600
26.7,0,300,"sd","13:30:01",2035100
26.7,0,5000,"sd","13:29:25",2034800
26.7,0,4000,"sd","13:29:22",2029800
26.75,0.05,1300,"bu","13:29:00",2025800
26.75,0.05,1800,"bu","13:28:30",2024500
26.75,0.05,100,"bu","13:27:48",2022700
26.7,0,5000,"sd","13:27:24",2022600
26.7,0,400,"sd","13:27:13",2017600
26.75,0.05,2000,"bu","13:26:50",2017200
26.75,0.05,100,"bu","13:25:13",2015200
26.75,0.05,100,"bu","13:25:04",2015100
26.7,0,5000,"sd","13:24:31",2015000
26.75,0.05,100,"bu","13:24:30",2010000
26.7,0,300,"sd","13:24:26",2009900
26.7,0,5200,"bu","13:23:56",2009600
26.7,0,23400,"bu","13:23:29",2004400
26.7,0,1000,"bu","13:22:57",1981000
26.7,0,1500,"bu","13:22:56",1980000
26.7,0,400,"bu","13:22:24",1978500
26.65,-0.05,400,"sd","13:21:38",1978100
26.65,-0.05,2600,"sd","13:21:34",1977700
26.7,0,2400,"sd","13:21:34",1975100
26.7,0,2000,"sd","13:21:25",1972700
26.7,0,3000,"sd","13:21:19",1970700
26.7,0,3100,"bu","13:21:10",1967700
26.7,0,5000,"bu","13:21:06",1964600
26.7,0,100,"bu","13:21:03",1959600
26.7,0,24400,"sd","13:20:28",1959500
26.75,0.05,4000,"bu","13:19:31",1935100
26.75,0.05,5000,"bu","13:19:21",1931100
26.75,0.05,500,"bu","13:18:52",1926100
26.7,0,300,"sd","13:18:51",1925600
26.75,0.05,100,"bu","13:18:42",1925300
26.7,0,100,"sd","13:18:32",1925200
26.7,0,100,"sd","13:18:19",1925100
26.75,0.05,100,"bu","13:17:51",1925000
26.7,0,100,"sd","13:17:36",1924900
26.75,0.05,100,"bu","13:17:31",1924800
26.7,0,200,"sd","13:17:18",1924700
26.75,0.05,100,"bu","13:17:00",1924500
26.7,0,2000,"sd","13:16:58",1924400
26.7,0,1000,"sd","13:16:40",1922400
26.7,0,1400,"bu","13:16:14",1921400
26.7,0,300,"bu","13:16:06",1920000
26.65,-0.05,400,"sd","13:16:03",1919700
26.7,0,2000,"bu","13:15:58",1919300
26.7,0,3000,"bu","13:15:37",1917300
26.7,0,3000,"bu","13:14:31",1914300
26.7,0,500,"bu","13:14:28",1911300
26.7,0,100,"bu","13:13:55",1910800
26.7,0,1000,"bu","13:13:49",1910700
26.65,-0.05,400,"sd","13:13:17",1909700
26.7,0,1000,"bu","13:12:57",1909300
26.7,0,2000,"bu","13:12:36",1908300
26.7,0,4600,"bu","13:12:21",1906300
26.7,0,400,"bu","13:12:14",1901700
26.7,0,2000,"bu","13:11:20",1901300
26.7,0,100,"bu","13:10:50",1899300
26.7,0,100,"bu","13:10:32",1899200
26.65,-0.05,300,"sd","13:10:27",1899100
26.7,0,100,"bu","13:10:17",1898800
26.7,0,1000,"bu","13:10:15",1898700
26.65,-0.05,200,"sd","13:10:10",1897700
26.7,0,200,"bu","13:10:08",1897500
26.7,0,20000,"bu","13:09:53",1897300
26.7,0,100,"bu","13:08:02",1877300
26.65,-0.05,900,"sd","13:07:56",1877200
26.7,0,100,"bu","13:07:48",1876300
26.65,-0.05,400,"sd","13:07:39",1876200
26.7,0,100,"bu","13:07:26",1875800
26.65,-0.05,300,"sd","13:07:17",1875700
26.65,-0.05,5000,"sd","13:07:14",1875400
26.65,-0.05,400,"sd","13:07:13",1870400
26.65,-0.05,200,"sd","13:07:06",1870000
26.65,-0.05,1000,"sd","13:06:54",1869800
26.65,-0.05,300,"sd","13:04:50",1868800
26.65,-0.05,200,"sd","13:03:22",1868500
26.65,-0.05,400,"sd","13:02:04",1868300
26.65,-0.05,1600,"bu","13:00:56",1867900
26.65,-0.05,500,"bu","13:00:24",1866300
26.65,-0.05,300,"bu","13:00:23",1865800
26.65,-0.05,900,"sd","13:00:19",1865500
26.7,0,200,"bu","13:00:18",1864600
26.65,-0.05,200,"sd","13:00:18",1864400
26.65,-0.05,900,"bu","13:00:14",1864200
26.65,-0.05,500,"bu","13:00:12",1863300
26.65,-0.05,1000,"bu","13:00:11",1862800
26.65,-0.05,300,"bu","13:00:07",1861800
26.65,-0.05,500,"bu","13:00:06",1861500
26.65,-0.05,9800,"sd","13:00:04",1861000
26.65,-0.05,1000,"sd","13:00:01",1851200
26.65,-0.05,400,"sd","13:00:01",1850200
26.65,-0.05,20300,"sd","13:00:00",1849800
26.65,-0.05,5300,"sd","13:00:00",1829500
26.65,-0.05,300,"sd","11:29:16",1824200
26.65,-0.05,800,"sd","11:28:35",1823900
26.7,0,10000,"bu","11:27:59",1823100
26.7,0,22000,"bu","11:27:41",1813100
26.7,0,1000,"bu","11:26:42",1791100
26.65,-0.05,400,"sd","11:26:28",1790100
26.7,0,100,"bu","11:25:40",1789700
26.65,-0.05,200,"sd","11:25:28",1789600
26.65,-0.05,5000,"sd","11:23:53",1789400
26.65,-0.05,400,"sd","11:23:40",1784400
26.7,0,1000,"bu","11:23:27",1784000
26.65,-0.05,100,"sd","11:22:16",1783000
26.65,-0.05,500,"bu","11:21:34",1782900
26.65,-0.05,1000,"bu","11:21:23",1782400
26.65,-0.05,200,"bu","11:21:16",1781400
26.65,-0.05,500,"bu","11:21:15",1781200
26.65,-0.05,5000,"bu","11:20:58",1780700
26.65,-0.05,5000,"bu","11:20:53",1775700
26.6,-0.1,300,"sd","11:20:52",1770700
26.6,-0.1,800,"sd","11:20:48",1770400
26.65,-0.05,2400,"bu","11:20:43",1769600
26.65,-0.05,5000,"bu","11:20:38",1767200
26.65,-0.05,100,"bu","11:20:26",1762200
26.6,-0.1,2000,"sd","11:20:13",1762100
26.65,-0.05,300,"bu","11:19:48",1760100
26.65,-0.05,100,"bu","11:19:20",1759800
26.6,-0.1,5000,"sd","11:18:25",1759700
26.6,-0.1,400,"sd","11:18:04",1754700
26.65,-0.05,1000,"bu","11:17:40",1754300
26.6,-0.1,300,"sd","11:17:09",1753300
26.65,-0.05,2000,"bu","11:16:50",1753000
26.65,-0.05,500,"bu","11:16:40",1751000
26.65,-0.05,100,"bu","11:16:32",1750500
26.65,-0.05,9700,"bu","11:16:19",1750400
26.65,-0.05,67500,"sd","11:15:35",1740700
26.65,-0.05,300,"sd","11:15:16",1673200
26.65,-0.05,200,"sd","11:14:13",1672900
26.7,0,75900,"sd","11:13:43",1672700
26.7,0,200,"sd","11:13:22",1596800
26.7,0,400,"sd","11:12:29",1596600
26.75,0.05,200,"bu","11:12:07",1596200
26.75,0.05,2000,"bu","11:11:56",1596000
26.75,0.05,1900,"sd","11:11:19",1594000
26.75,0.05,25000,"sd","11:11:18",1592100
26.75,0.05,500,"sd","11:11:07",1567100
26.75,0.05,800,"sd","11:11:06",1566600
26.75,0.05,6000,"sd","11:10:58",1565800
26.75,0.05,1000,"sd","11:10:45",1559800
26.75,0.05,5000,"sd","11:10:18",1558800
26.75,0.05,300,"sd","11:09:41",1553800
26.75,0.05,400,"sd","11:09:13",1553500
26.75,0.05,3000,"sd","11:09:12",1553100
26.75,0.05,1000,"sd","11:08:44",1550100
26.75,0.05,1500,"sd","11:08:41",1549100
26.75,0.05,10000,"sd","11:08:19",1547600
26.75,0.05,400,"sd","11:07:32",1537600
26.75,0.05,800,"sd","11:07:07",1537200
26.75,0.05,400,"sd","11:06:53",1536400
26.8,0.1,3000,"bu","11:06:28",1536000
26.75,0.05,500,"sd","11:06:09",1533000
26.75,0.05,2000,"sd","11:05:31",1532500
26.75,0.05,800,"sd","11:04:16",1530500
26.75,0.05,400,"sd","11:04:05",1529700
26.75,0.05,2500,"bu","11:03:43",1529300
26.75,0.05,500,"sd","11:03:18",1526800
26.75,0.05,400,"bu","11:02:46",1526300
26.75,0.05,500,"bu","11:02:42",1525900
26.7,0,900,"sd","11:02:37",1525400
26.75,0.05,2000,"bu","11:02:35",1524500
26.75,0.05,1000,"bu","11:02:20",1522500
26.75,0.05,1500,"bu","11:01:45",1521500
26.7,0,400,"sd","11:01:31",1520000
26.75,0.05,100,"bu","11:01:28",1519600
26.7,0,300,"sd","11:01:17",1519500
26.75,0.05,1000,"bu","11:01:01",1519200
26.75,0.05,5000,"bu","11:00:59",1518200
26.75,0.05,5000,"bu","11:00:43",1513200
26.75,0.05,500,"bu","11:00:27",1508200
26.75,0.05,4000,"bu","10:59:49",1507700
26.75,0.05,5000,"bu","10:59:43",1503700
26.75,0.05,2000,"bu","10:59:35",1498700
26.75,0.05,5000,"bu","10:59:30",1496700
26.75,0.05,600,"bu","10:59:21",1491700
26.75,0.05,500,"bu","10:59:18",1491100
26.75,0.05,1000,"bu","10:59:02",1490600
26.75,0.05,200,"bu","10:58:56",1489600
26.7,0,400,"sd","10:58:35",1489400
26.75,0.05,10000,"bu","10:58:12",1489000
26.75,0.05,800,"bu","10:58:09",1479000
26.75,0.05,300,"bu","10:57:20",1478200
26.7,0,800,"sd","10:56:49",1477900
26.75,0.05,1000,"bu","10:56:04",1477100
26.7,0,300,"sd","10:55:42",1476100
26.75,0.05,500,"bu","10:55:01",1475800
26.75,0.05,2400,"bu","10:54:37",1475300
26.75,0.05,100,"bu","10:53:19",1472900
26.7,0,400,"sd","10:52:54",1472800
26.7,0,800,"sd","10:50:28",1472400
26.7,0,400,"sd","10:50:25",1471600
26.7,0,300,"sd","10:50:06",1471200
26.75,0.05,1500,"bu","10:49:55",1470900
26.75,0.05,3700,"sd","10:49:42",1469400
26.75,0.05,200,"sd","10:49:36",1465700
26.75,0.05,7800,"bu","10:49:33",1465500
26.75,0.05,4000,"bu","10:49:22",1457700
26.75,0.05,1600,"sd","10:49:10",1453700
26.75,0.05,400,"bu","10:49:02",1452100
26.75,0.05,7800,"bu","10:49:01",1451700
26.75,0.05,100,"bu","10:48:45",1443900
26.75,0.05,5800,"sd","10:48:37",1443800
26.75,0.05,4200,"bu","10:48:04",1438000
26.7,0,2200,"bu","10:47:45",1433800
26.7,0,12800,"sd","10:47:35",1431600
26.7,0,3000,"sd","10:47:26",1418800
26.7,0,400,"sd","10:47:18",1415800
26.7,0,1000,"sd","10:46:58",1415400
26.7,0,300,"bu","10:45:55",1414400
26.7,0,13700,"sd","10:45:00",1414100
26.7,0,400,"sd","10:44:30",1400400
26.7,0,1000,"sd","10:44:18",1400000
26.7,0,100,"sd","10:42:49",1399000
26.75,0.05,200,"bu","10:42:23",1398900
26.7,0,500,"sd","10:42:10",1398700
26.7,0,300,"sd","10:41:42",1398200
26.75,0.05,5000,"bu","10:41:30",1397900
26.7,0,100,"sd","10:41:20",1392900
26.7,0,5000,"bu","10:41:17",1392800
26.7,0,10000,"bu","10:41:17",1387800
26.7,0,3200,"bu","10:41:16",1377800
26.7,0,1000,"bu","10:41:16",1374600
26.7,0,200,"bu","10:41:15",1373600
26.7,0,6000,"bu","10:41:15",1373400
26.7,0,9000,"bu","10:41:14",1367400
26.7,0,11000,"bu","10:41:14",1358400
26.7,0,10000,"bu","10:41:13",1347400
26.7,0,3000,"bu","10:41:12",1337400
26.7,0,20000,"bu","10:41:11",1334400
26.7,0,200,"bu","10:41:09",1314400
26.7,0,600,"bu","10:41:08",1314200
26.7,0,5200,"bu","10:41:04",1313600
26.7,0,4000,"bu","10:41:04",1308400
26.7,0,500,"bu","10:41:02",1304400
26.7,0,300,"bu","10:41:01",1303900
26.7,0,1000,"bu","10:41:00",1303600
26.7,0,20000,"bu","10:40:58",1302600
26.7,0,1000,"bu","10:40:57",1282600
26.7,0,5000,"bu","10:40:42",1281600
26.7,0,1300,"bu","10:40:41",1276600
26.7,0,2000,"bu","10:40:40",1275300
26.7,0,3600,"bu","10:40:39",1273300
26.7,0,5000,"bu","10:40:38",1269700
26.7,0,3000,"bu","10:40:34",1264700
26.7,0,200,"bu","10:40:28",1261700
26.7,0,300,"bu","10:40:28",1261500
26.7,0,1000,"bu","10:40:24",1261200
26.7,0,700,"bu","10:40:18",1260200
26.7,0,6700,"bu","10:40:17",1259500
26.7,0,100,"bu","10:40:13",1252800
26.7,0,15000,"bu","10:40:12",1252700
26.7,0,3300,"bu","10:39:58",1237700
26.7,0,5000,"bu","10:39:57",1234400
26.7,0,100,"bu","10:39:55",1229400
26.7,0,5000,"bu","10:39:45",1229300
26.7,0,300,"bu","10:39:38",1224300
26.7,0,500,"bu","10:39:31",1224000
26.65,-0.05,800,"sd","10:39:31",1223500
26.7,0,500,"bu","10:39:22",1222700
26.7,0,100,"bu","10:39:20",1222200
26.7,0,1100,"bu","10:39:19",1222100
26.7,0,1000,"bu","10:39:05",1221000
26.7,0,15000,"bu","10:39:00",1220000
26.65,-0.05,400,"sd","10:38:54",1205000
26.7,0,600,"bu","10:38:53",1204600
26.7,0,5000,"bu","10:38:46",1204000
26.7,0,700,"bu","10:38:35",1199000
26.7,0,1000,"bu","10:38:34",1198300
26.7,0,5000,"bu","10:38:33",1197300
26.7,0,4500,"bu","10:38:18",1192300
26.7,0,200,"bu","10:38:14",1187800
26.7,0,100,"bu","10:37:31",1187600
26.65,-0.05,100,"sd","10:37:26",1187500
26.65,-0.05,300,"sd","10:36:07",1187400
26.65,-0.05,1000,"sd","10:35:34",1187100
26.65,-0.05,300,"sd","10:33:23",1186100
26.65,-0.05,400,"sd","10:33:19",1185800
26.7,0,5000,"bu","10:33:16",1185400
26.7,0,1500,"bu","10:33:09",1180400
26.65,-0.05,100,"sd","10:32:42",1178900
26.7,0,5000,"bu","10:32:39",1178800
26.7,0,2500,"bu","10:32:34",1173800
26.7,0,9500,"bu","10:32:33",1171300
26.7,0,30000,"bu","10:32:32",1161800
26.65,-0.05,300,"sd","10:30:31",1131800
26.7,0,500,"bu","10:30:00",1131500
26.7,0,200,"bu","10:29:58",1131000
26.7,0,5000,"bu","10:29:44",1130800
26.7,0,100,"bu","10:29:35",1125800
26.7,0,2000,"bu","10:28:54",1125700
26.65,-0.05,800,"sd","10:28:40",1123700
26.65,-0.05,500,"sd","10:28:34",1122900
26.65,-0.05,5000,"sd","10:27:55",1122400
26.65,-0.05,400,"sd","10:27:43",1117400
26.7,0,800,"bu","10:27:04",1117000
26.65,-0.05,100,"sd","10:26:43",1116200
26.7,0,5000,"bu","10:26:43",1116100
26.65,-0.05,200,"sd","10:26:39",1111100
26.65,-0.05,1000,"sd","10:25:41",1110900
26.65,-0.05,400,"sd","10:24:55",1109900
26.7,0,6600,"bu","10:24:17",1109500
26.7,0,5000,"bu","10:24:12",1102900
26.7,0,600,"bu","10:23:44",1097900
26.7,0,500,"bu","10:23:25",1097300
26.7,0,100,"bu","10:23:06",1096800
26.65,-0.05,200,"sd","10:22:26",1096700
26.65,-0.05,300,"sd","10:22:07",1096500
26.65,-0.05,200,"sd","10:21:36",1096200
26.65,-0.05,800,"sd","10:21:31",1096000
26.65,-0.05,100,"sd","10:21:30",1095200
26.65,-0.05,100,"sd","10:21:02",1095100
26.65,-0.05,1000,"sd","10:20:58",1095000
26.65,-0.05,800,"sd","10:20:43",1094000
26.65,-0.05,3000,"sd","10:20:38",1093200
26.65,-0.05,100,"sd","10:20:34",1090200
26.65,-0.05,700,"sd","10:19:20",1090100
26.65,-0.05,800,"sd","10:18:53",1089400
26.65,-0.05,300,"sd","10:16:32",1088600
26.65,-0.05,3500,"bu","10:16:04",1088300
26.65,-0.05,100,"bu","10:16:03",1084800
26.65,-0.05,11400,"sd","10:15:57",1084700
26.65,-0.05,1200,"sd","10:15:54",1073300
26.65,-0.05,10000,"sd","10:15:05",1072100
26.65,-0.05,100,"sd","10:14:53",1062100
26.65,-0.05,400,"sd","10:14:41",1062000
26.7,0,1100,"bu","10:14:00",1061600
26.7,0,1900,"bu","10:13:46",1060500
26.65,-0.05,400,"sd","10:13:44",1058600
26.7,0,100,"bu","10:12:50",1058200
26.65,-0.05,200,"sd","10:12:06",1058100
26.65,-0.05,300,"sd","10:10:56",1057900
26.65,-0.05,35700,"bu","10:09:25",1057600
26.6,-0.1,6400,"sd","10:09:23",1021900
26.65,-0.05,100,"bu","10:08:51",1015500
26.6,-0.1,400,"sd","10:08:08",1015400
26.65,-0.05,500,"bu","10:08:03",1015000
26.65,-0.05,2500,"bu","10:08:03",1014500
26.65,-0.05,3000,"bu","10:07:53",1012000
26.65,-0.05,4300,"bu","10:07:51",1009000
26.65,-0.05,200,"bu","10:06:48",1004700
26.6,-0.1,1200,"bu","10:06:42",1004500
26.6,-0.1,500,"bu","10:06:40",1003300
26.6,-0.1,3000,"bu","10:06:32",1002800
26.6,-0.1,100,"bu","10:06:31",999800
26.6,-0.1,800,"bu","10:06:25",999700
26.6,-0.1,2000,"bu","10:06:24",998900
26.6,-0.1,3000,"bu","10:06:22",996900
26.6,-0.1,1000,"bu","10:06:09",993900
26.6,-0.1,1500,"bu","10:06:08",992900
26.6,-0.1,500,"bu","10:06:00",991400
26.6,-0.1,100,"bu","10:05:43",990900
26.6,-0.1,3000,"bu","10:05:39",990800
26.6,-0.1,36800,"sd","10:05:30",987800
26.6,-0.1,400,"sd","10:05:20",951000
26.65,-0.05,53700,"sd","10:05:11",950600
26.7,0,22900,"sd","10:04:50",896900
26.75,0.05,500,"bu","10:04:34",874000
26.75,0.05,7200,"sd","10:04:25",873500
26.75,0.05,2000,"sd","10:04:14",866300
26.8,0.1,400,"bu","10:03:43",864300
26.75,0.05,2000,"sd","10:03:16",863900
26.75,0.05,100,"sd","10:02:33",861900
26.75,0.05,300,"sd","10:02:32",861800
26.75,0.05,1100,"sd","10:02:26",861500
26.75,0.05,1000,"sd","10:02:15",860400
26.75,0.05,2000,"sd","10:02:06",859400
26.75,0.05,1000,"sd","10:01:09",857400
26.75,0.05,800,"sd","10:00:53",856400
26.75,0.05,1000,"sd","10:00:41",855600
26.75,0.05,1000,"sd","10:00:19",854600
26.75,0.05,400,"sd","09:59:45",853600
26.75,0.05,300,"sd","09:59:15",853200
26.75,0.05,100,"sd","09:59:06",852900
26.8,0.1,900,"bu","09:58:21",852800
26.75,0.05,200,"sd","09:58:10",851900
26.8,0.1,1000,"bu","09:58:00",851700
26.75,0.05,100,"sd","09:57:55",850700
26.8,0.1,5000,"bu","09:57:43",850600
26.75,0.05,300,"sd","09:56:57",845600
26.75,0.05,200,"sd","09:56:54",845300
26.75,0.05,100,"sd","09:56:43",845100
26.75,0.05,400,"sd","09:56:37",845000
26.75,0.05,100,"sd","09:56:33",844600
26.75,0.05,100,"sd","09:56:20",844500
26.75,0.05,200,"sd","09:56:14",844400
26.75,0.05,3000,"sd","09:55:41",844200
26.75,0.05,300,"sd","09:55:25",841200
26.8,0.1,3800,"bu","09:55:10",840900
26.75,0.05,1000,"sd","09:55:09",837100
26.75,0.05,2400,"sd","09:54:56",836100
26.75,0.05,300,"sd","09:54:51",833700
26.75,0.05,400,"sd","09:54:30",833400
26.75,0.05,400,"sd","09:54:09",833000
26.75,0.05,500,"sd","09:53:45",832600
26.75,0.05,500,"sd","09:53:41",832100
26.75,0.05,8700,"bu","09:53:28",831600
26.75,0.05,200,"bu","09:53:25",822900
26.75,0.05,1000,"bu","09:53:17",822700
26.75,0.05,200,"bu","09:53:03",821700
26.75,0.05,1900,"bu","09:53:01",821500
26.75,0.05,100,"bu","09:52:59",819600
26.75,0.05,7400,"bu","09:52:56",819500
26.75,0.05,31000,"sd","09:52:35",812100
26.8,0.1,8000,"bu","09:52:30",781100
26.8,0.1,1200,"bu","09:52:12",773100
26.8,0.1,1000,"bu","09:51:37",771900
26.8,0.1,2000,"bu","09:51:24",770900
26.75,0.05,300,"sd","09:51:21",768900
26.8,0.1,500,"bu","09:51:12",768600
26.8,0.1,400,"bu","09:50:40",768100
26.8,0.1,20000,"bu","09:50:36",767700
26.75,0.05,4000,"sd","09:49:59",747700
26.8,0.1,3000,"bu","09:49:58",743700
26.8,0.1,2000,"bu","09:49:57",740700
26.8,0.1,5000,"bu","09:49:50",738700
26.8,0.1,3000,"bu","09:49:35",733700
26.8,0.1,400,"bu","09:49:34",730700
26.8,0.1,3000,"sd","09:49:29",730300
26.8,0.1,5000,"sd","09:49:19",727300
26.8,0.1,300,"sd","09:48:57",722300
26.8,0.1,1700,"bu","09:48:52",722000
26.8,0.1,100,"bu","09:48:39",720300
26.8,0.1,5000,"bu","09:48:37",720200
26.8,0.1,3800,"sd","09:48:34",715200
26.8,0.1,400,"sd","09:48:33",711400
26.8,0.1,100,"sd","09:48:26",711000
26.8,0.1,800,"bu","09:48:15",710900
26.8,0.1,500,"bu","09:48:14",710100
26.8,0.1,2000,"bu","09:48:12",709600
26.8,0.1,1400,"bu","09:48:07",707600
26.8,0.1,400,"bu","09:47:53",706200
26.75,0.05,11000,"sd","09:47:49",705800
26.8,0.1,8200,"sd","09:47:49",694800
26.8,0.1,500,"sd","09:47:47",686600
26.8,0.1,3800,"bu","09:47:44",686100
26.8,0.1,1000,"bu","09:47:41",682300
26.8,0.1,700,"bu","09:47:40",681300
26.8,0.1,10000,"bu","09:47:38",680600
26.8,0.1,1500,"bu","09:47:37",670600
26.8,0.1,16000,"bu","09:47:33",669100
26.8,0.1,40000,"bu","09:47:28",653100
26.75,0.05,1700,"sd","09:47:21",613100
26.8,0.1,5000,"bu","09:47:15",611400
26.75,0.05,3300,"bu","09:46:56",606400
26.75,0.05,5000,"bu","09:46:54",603100
26.75,0.05,2000,"bu","09:46:52",598100
26.75,0.05,400,"bu","09:46:51",596100
26.75,0.05,10000,"bu","09:46:44",595700
26.75,0.05,1000,"bu","09:46:38",585700
26.75,0.05,100,"bu","09:46:30",584700
26.7,0,28500,"bu","09:45:57",584600
26.65,-0.05,400,"sd","09:45:45",556100
26.65,-0.05,8500,"bu","09:45:30",555700
26.65,-0.05,2000,"bu","09:45:29",547200
26.65,-0.05,5300,"bu","09:45:29",545200
26.65,-0.05,1000,"bu","09:45:27",539900
26.65,-0.05,10000,"bu","09:45:25",538900
26.65,-0.05,13000,"bu","09:45:23",528900
26.65,-0.05,800,"bu","09:45:22",515900
26.65,-0.05,5000,"bu","09:45:22",515100
26.65,-0.05,50000,"bu","09:45:21",510100
26.65,-0.05,5600,"bu","09:45:20",460100
26.65,-0.05,2000,"bu","09:45:19",454500
26.65,-0.05,100,"bu","09:45:19",452500
26.65,-0.05,5000,"bu","09:45:18",452400
26.65,-0.05,15000,"bu","09:45:18",447400
26.65,-0.05,500,"bu","09:45:17",432400
26.65,-0.05,10000,"bu","09:45:16",431900
26.65,-0.05,5000,"bu","09:45:14",421900
26.65,-0.05,400,"bu","09:45:13",416900
26.65,-0.05,200,"bu","09:45:09",416500
26.65,-0.05,5000,"bu","09:45:08",416300
26.65,-0.05,5000,"bu","09:45:08",411300
26.65,-0.05,700,"bu","09:45:07",406300
26.65,-0.05,1000,"bu","09:45:06",405600
26.65,-0.05,5000,"bu","09:45:01",404600
26.65,-0.05,32000,"bu","09:45:00",399600
26.65,-0.05,5000,"bu","09:44:57",367600
26.65,-0.05,30000,"bu","09:44:54",362600
26.65,-0.05,10000,"bu","09:44:33",332600
26.6,-0.1,300,"sd","09:42:57",322600
26.65,-0.05,500,"bu","09:42:05",322300
26.65,-0.05,10000,"bu","09:41:46",321800
26.6,-0.1,300,"sd","09:41:39",311800
26.65,-0.05,20000,"bu","09:41:36",311500
26.6,-0.1,200,"sd","09:41:30",291500
26.6,-0.1,1000,"sd","09:40:57",291300
26.6,-0.1,900,"sd","09:40:48",290300
26.6,-0.1,5200,"sd","09:40:34",289400
26.65,-0.05,700,"bu","09:40:34",284200
26.6,-0.1,300,"sd","09:40:14",283500
26.6,-0.1,400,"sd","09:40:10",283200
26.6,-0.1,600,"sd","09:39:40",282800
26.6,-0.1,600,"sd","09:39:12",282200
26.6,-0.1,200,"sd","09:38:29",281600
26.6,-0.1,40000,"sd","09:38:20",281400
26.6,-0.1,17000,"sd","09:38:16",241400
26.6,-0.1,300,"sd","09:37:48",224400
26.65,-0.05,20000,"bu","09:37:41",224100
26.6,-0.1,300,"sd","09:37:22",204100
26.65,-0.05,500,"bu","09:36:50",203800
26.65,-0.05,5000,"bu","09:36:14",203300
26.6,-0.1,1000,"sd","09:35:59",198300
26.65,-0.05,500,"bu","09:35:46",197300
26.65,-0.05,5000,"bu","09:34:59",196800
26.6,-0.1,400,"sd","09:34:34",191800
26.6,-0.1,800,"bu","09:34:32",191400
26.6,-0.1,600,"sd","09:34:23",190600
26.6,-0.1,300,"sd","09:34:16",190000
26.6,-0.1,100,"sd","09:34:05",189700
26.6,-0.1,5000,"sd","09:34:02",189600
26.6,-0.1,1000,"sd","09:33:46",184600
26.6,-0.1,800,"sd","09:33:26",183600
26.6,-0.1,1000,"sd","09:33:17",182800
26.6,-0.1,500,"sd","09:33:14",181800
26.6,-0.1,500,"sd","09:33:13",181300
26.6,-0.1,1000,"sd","09:32:39",180800
26.6,-0.1,2100,"sd","09:32:23",179800
26.6,-0.1,1000,"sd","09:32:14",177700
26.6,-0.1,500,"sd","09:32:13",176700
26.6,-0.1,100,"sd","09:31:56",176200
26.6,-0.1,300,"sd","09:31:46",176100
26.6,-0.1,1000,"sd","09:31:34",175800
26.6,-0.1,400,"sd","09:31:33",174800
26.6,-0.1,100,"sd","09:31:24",174400
26.6,-0.1,400,"sd","09:30:54",174300
26.6,-0.1,300,"sd","09:30:14",173900
26.6,-0.1,400,"bu","09:30:07",173600
26.6,-0.1,500,"bu","09:30:00",173200
26.55,-0.15,600,"sd","09:29:46",172700
26.55,-0.15,500,"sd","09:29:31",172100
26.55,-0.15,1100,"sd","09:29:15",171600
26.55,-0.15,400,"sd","09:28:58",170500
26.55,-0.15,400,"sd","09:28:50",170100
26.6,-0.1,400,"sd","09:28:38",169700
26.6,-0.1,400,"sd","09:28:18",169300
26.6,-0.1,700,"sd","09:27:31",168900
26.6,-0.1,10000,"sd","09:27:18",168200
26.6,-0.1,300,"sd","09:26:32",158200
26.6,-0.1,100,"sd","09:26:29",157900
26.6,-0.1,400,"sd","09:26:10",157800
26.6,-0.1,1000,"sd","09:26:03",157400
26.6,-0.1,100,"sd","09:25:56",156400
26.6,-0.1,500,"sd","09:25:52",156300
26.6,-0.1,200,"sd","09:25:42",155800
26.6,-0.1,2500,"sd","09:25:33",155600
26.6,-0.1,500,"sd","09:25:25",153100
26.6,-0.1,400,"sd","09:25:14",152600
26.6,-0.1,2000,"sd","09:25:14",152200
26.6,-0.1,700,"bu","09:25:02",150200
26.6,-0.1,300,"bu","09:24:36",149500
26.55,-0.15,2100,"sd","09:24:27",149200
26.55,-0.15,1000,"sd","09:24:22",147100
26.55,-0.15,10000,"sd","09:24:04",146100
26.6,-0.1,400,"bu","09:23:49",136100
26.6,-0.1,25200,"sd","09:23:49",135700
26.6,-0.1,1500,"sd","09:23:45",110500
26.6,-0.1,200,"sd","09:23:37",109000
26.6,-0.1,300,"sd","09:23:23",108800
26.65,-0.05,8200,"sd","09:23:12",108500
26.65,-0.05,2800,"bu","09:22:22",100300
26.65,-0.05,16000,"bu","09:22:14",97500
26.65,-0.05,2000,"bu","09:22:13",81500
26.65,-0.05,11000,"bu","09:21:52",79500
26.65,-0.05,1000,"bu","09:21:44",68500
26.65,-0.05,17200,"sd","09:21:25",67500
26.7,0,1000,"bu","09:21:06",50300
26.7,0,10000,"sd","09:21:05",49300
26.7,0,400,"sd","09:20:48",39300
26.7,0,200,"sd","09:20:36",38900
26.7,0,400,"sd","09:20:35",38700
26.65,-0.05,100,"sd","09:20:11",38300
26.7,0,2500,"bu","09:19:59",38200
26.7,0,300,"bu","09:19:01",35700
26.65,-0.05,1500,"sd","09:18:54",35400
26.65,-0.05,200,"sd","09:18:47",33900
26.65,-0.05,1500,"sd","09:18:33",33700
26.65,-0.05,1000,"sd","09:17:54",32200
26.65,-0.05,400,"sd","09:17:47",31200
26.7,0,1000,"bu","09:17:46",30800
26.65,-0.05,400,"sd","09:17:40",29800
26.65,-0.05,1700,"bu","09:17:00",29400
26.6,-0.1,500,"sd","09:16:12",27700
26.65,-0.05,400,"bu","09:15:57",27200
26.65,-0.05,100,"bu","09:15:56",26800
26.65,-0.05,100,"sd","09:15:55",26700
26.65,-0.05,26600,"","09:15:02",26600
