"price","change","match_qtty","side","time","total_vol"
57.6,0.1,36300,"","14:45:03",375500
57.3,-0.2,1000,"sd","14:29:07",339200
57.5,0,200,"bu","14:27:56",338200
57.2,-0.3,2800,"sd","14:26:03",338000
57.4,-0.1,500,"sd","14:26:03",335200
57.5,0,800,"sd","14:26:03",334700
57.5,0,600,"bu","14:25:48",333900
57.5,0,8600,"bu","14:25:48",333300
57.4,-0.1,1500,"bu","14:25:47",324700
57.2,-0.3,5600,"sd","14:25:04",323200
57.2,-0.3,2000,"sd","14:24:21",317600
57.4,-0.1,100,"bu","14:24:02",315600
57.2,-0.3,2100,"sd","14:22:31",315500
57.2,-0.3,3000,"sd","14:21:44",313400
57.3,-0.2,2900,"sd","14:21:07",310400
57.3,-0.2,2000,"sd","14:20:51",307500
57.4,-0.1,1100,"bu","14:20:50",305500
57.3,-0.2,1100,"sd","14:19:49",304400
57.3,-0.2,500,"sd","14:19:47",303300
57.3,-0.2,400,"sd","14:19:31",302800
57.3,-0.2,3000,"sd","14:19:18",302400
57.3,-0.2,500,"sd","14:17:52",299400
57.3,-0.2,300,"sd","14:17:48",298900
57.3,-0.2,100,"sd","14:17:44",298600
57.3,-0.2,400,"sd","14:17:43",298500
57.3,-0.2,500,"sd","14:15:16",298100
57.3,-0.2,2000,"sd","14:15:06",297600
57.4,-0.1,200,"bu","14:13:04",295600
57.3,-0.2,3000,"sd","14:12:37",295400
57.4,-0.1,100,"sd","14:12:34",292400
57.5,0,500,"bu","14:11:24",292300
57.4,-0.1,100,"sd","14:11:22",291800
57.3,-0.2,2000,"sd","14:08:16",291700
57.3,-0.2,500,"sd","14:07:41",289700
57.2,-0.3,1800,"sd","14:06:29",289200
57.3,-0.2,7600,"sd","14:06:29",287400
57.5,0,6600,"bu","14:06:24",279800
57.4,-0.1,8400,"bu","14:06:24",273200
57.3,-0.2,200,"bu","14:05:20",264800
57.3,-0.2,500,"bu","14:05:01",264600
57.3,-0.2,100,"bu","14:04:47",264100
57.3,-0.2,500,"sd","14:04:23",264000
57.3,-0.2,500,"sd","14:03:00",263500
57.2,-0.3,3000,"sd","14:00:53",263000
57.2,-0.3,1000,"sd","14:00:39",260000
57.2,-0.3,800,"sd","13:58:41",259000
57.3,-0.2,1200,"sd","13:58:41",258200
57.3,-0.2,100,"bu","13:57:43",257000
57.3,-0.2,100,"sd","13:57:02",256900
57.3,-0.2,1500,"sd","13:55:29",256800
57.3,-0.2,3000,"sd","13:55:10",255300
57.3,-0.2,4000,"sd","13:54:57",252300
57.3,-0.2,500,"sd","13:52:59",248300
57.3,-0.2,2400,"sd","13:52:45",247800
57.3,-0.2,400,"sd","13:52:19",245400
57.3,-0.2,2000,"sd","13:51:40",245000
57.3,-0.2,1000,"sd","13:51:34",243000
57.3,-0.2,4600,"bu","13:50:32",242000
57.3,-0.2,100,"bu","13:50:00",237400
57.3,-0.2,2500,"bu","13:49:55",237300
57.3,-0.2,2000,"bu","13:49:51",234800
57.3,-0.2,800,"sd","13:49:36",232800
57.3,-0.2,1500,"sd","13:48:19",232000
57.3,-0.2,800,"bu","13:47:49",230500
57.3,-0.2,100,"bu","13:47:41",229700
57.3,-0.2,1400,"sd","13:47:22",229600
57.3,-0.2,1800,"sd","13:47:03",228200
57.3,-0.2,100,"sd","13:42:52",226400
57.3,-0.2,100,"sd","13:42:23",226300
57.3,-0.2,1300,"bu","13:41:55",226200
57.3,-0.2,2000,"bu","13:41:42",224900
57.3,-0.2,3000,"bu","13:40:52",222900
57.3,-0.2,200,"bu","13:40:22",219900
57.2,-0.3,2000,"sd","13:37:34",219700
57.2,-0.3,2000,"sd","13:36:31",217700
57.3,-0.2,100,"bu","13:34:53",215700
57.2,-0.3,6800,"sd","13:33:36",215600
57.3,-0.2,100,"bu","13:32:05",208800
57.3,-0.2,2300,"bu","13:30:43",208700
57.3,-0.2,2300,"bu","13:30:19",206400
57.3,-0.2,2300,"bu","13:30:09",204100
57.3,-0.2,2000,"bu","13:30:00",201800
57.3,-0.2,300,"sd","13:29:46",199800
57.3,-0.2,2800,"bu","13:29:36",199500
57.3,-0.2,200,"bu","13:28:56",196700
57.2,-0.3,500,"sd","13:27:39",196500
57.3,-0.2,200,"bu","13:26:48",196000
57.3,-0.2,400,"bu","13:25:46",195800
57.3,-0.2,100,"bu","13:25:40",195400
57.3,-0.2,1000,"bu","13:25:36",195300
57.3,-0.2,900,"bu","13:25:33",194300
57.3,-0.2,500,"bu","13:25:11",193400
57.2,-0.3,300,"sd","13:24:17",192900
57.2,-0.3,2000,"sd","13:23:40",192600
57.2,-0.3,2000,"sd","13:21:41",190600
57.2,-0.3,2000,"sd","13:20:50",188600
57.2,-0.3,10000,"sd","13:20:30",186600
57.2,-0.3,100,"sd","13:20:11",176600
57.2,-0.3,600,"sd","13:19:53",176500
57.3,-0.2,100,"bu","13:19:33",175900
57.3,-0.2,300,"bu","13:19:01",175800
57.3,-0.2,100,"bu","13:18:32",175500
57.3,-0.2,2200,"bu","13:17:28",175400
57.2,-0.3,500,"sd","13:16:24",173200
57.3,-0.2,400,"sd","13:13:17",172700
57.3,-0.2,1000,"sd","13:12:01",172300
57.3,-0.2,900,"sd","13:11:10",171300
57.3,-0.2,900,"sd","13:11:07",170400
57.3,-0.2,2000,"sd","13:11:01",169500
57.3,-0.2,1300,"sd","13:08:34",167500
57.3,-0.2,1000,"sd","13:07:34",166200
57.3,-0.2,3200,"bu","13:07:31",165200
57.2,-0.3,3000,"sd","13:06:20",162000
57.2,-0.3,200,"sd","13:05:30",159000
57.3,-0.2,1000,"bu","13:05:22",158800
57.3,-0.2,1000,"bu","13:05:18",157800
57.3,-0.2,5000,"sd","13:04:30",156800
57.3,-0.2,1000,"sd","13:04:03",151800
57.4,-0.1,100,"bu","13:03:47",150800
57.3,-0.2,2000,"sd","13:02:39",150700
57.4,-0.1,200,"bu","13:02:37",148700
57.3,-0.2,100,"sd","13:01:27",148500
57.3,-0.2,1000,"sd","13:00:34",148400
57.3,-0.2,700,"sd","13:00:04",147400
57.4,-0.1,1000,"bu","13:00:03",146700
57.3,-0.2,500,"sd","13:00:00",145700
57.4,-0.1,1000,"bu","13:00:00",145200
57.3,-0.2,100,"bu","11:28:11",144200
57.3,-0.2,900,"bu","11:28:01",144100
57.3,-0.2,2000,"bu","11:27:41",143200
57.3,-0.2,3000,"bu","11:27:23",141200
57.3,-0.2,3000,"sd","11:25:45",138200
57.2,-0.3,2000,"sd","11:22:07",135200
57.3,-0.2,700,"bu","11:21:59",133200
57.3,-0.2,300,"sd","11:20:16",132500
57.3,-0.2,4000,"sd","11:19:58",132200
57.3,-0.2,500,"sd","11:18:42",128200
57.3,-0.2,3000,"sd","11:18:29",127700
57.3,-0.2,1300,"sd","11:16:30",124700
57.3,-0.2,1500,"sd","11:14:01",123400
57.3,-0.2,1000,"sd","11:12:08",121900
57.3,-0.2,2000,"sd","11:12:00",120900
57.3,-0.2,600,"bu","11:09:21",118900
57.3,-0.2,900,"bu","11:09:04",118300
57.3,-0.2,500,"bu","11:08:54",117400
57.4,-0.1,2000,"bu","11:04:08",116900
57.3,-0.2,2000,"sd","11:03:59",114900
57.3,-0.2,3000,"sd","11:03:53",112900
57.4,-0.1,5000,"bu","10:56:32",109900
57.4,-0.1,200,"bu","10:52:41",104900
57.4,-0.1,1900,"sd","10:45:37",104700
57.4,-0.1,300,"sd","10:45:06",102800
57.4,-0.1,1000,"sd","10:43:17",102500
57.4,-0.1,2500,"bu","10:39:45",101500
57.3,-0.2,2000,"sd","10:38:59",99000
57.4,-0.1,500,"bu","10:38:24",97000
57.4,-0.1,3000,"bu","10:37:59",96500
57.4,-0.1,200,"bu","10:36:19",93500
57.4,-0.1,200,"bu","10:34:51",93300
57.3,-0.2,2000,"sd","10:34:21",93100
57.3,-0.2,1400,"bu","10:28:02",91100
57.3,-0.2,100,"bu","10:23:34",89700
57.3,-0.2,300,"sd","10:22:55",89600
57.3,-0.2,800,"bu","10:21:58",89300
57.3,-0.2,300,"bu","10:21:37",88500
57.3,-0.2,500,"bu","10:21:33",88200
57.3,-0.2,8400,"sd","10:21:28",87700
57.4,-0.1,4000,"bu","10:21:06",79300
57.3,-0.2,2600,"bu","10:19:32",75300
57.3,-0.2,200,"bu","10:19:20",72700
57.3,-0.2,4600,"sd","10:18:36",72500
57.3,-0.2,2000,"sd","10:18:21",67900
57.3,-0.2,500,"sd","10:11:48",65900
57.3,-0.2,2000,"bu","10:10:42",65400
57.3,-0.2,800,"bu","10:10:40",63400
57.2,-0.3,1300,"sd","10:10:09",62600
57.3,-0.2,5000,"bu","10:09:22",61300
57.2,-0.3,900,"sd","10:07:33",56300
57.2,-0.3,2000,"sd","10:07:04",55400
57.2,-0.3,1000,"sd","10:03:09",53400
57.2,-0.3,300,"sd","10:02:23",52400
57.2,-0.3,900,"sd","10:01:40",52100
57.3,-0.2,700,"bu","10:00:57",51200
57.2,-0.3,2000,"sd","09:59:43",50500
57.2,-0.3,300,"sd","09:59:18",48500
57.3,-0.2,1000,"bu","09:59:10",48200
57.3,-0.2,2000,"bu","09:58:44",47200
57.2,-0.3,200,"sd","09:57:56",45200
57.2,-0.3,500,"sd","09:57:04",45000
57.3,-0.2,100,"bu","09:55:32",44500
57.3,-0.2,700,"bu","09:54:58",44400
57.3,-0.2,5100,"sd","09:52:53",43700
57.4,-0.1,500,"bu","09:51:09",38600
57.3,-0.2,2000,"bu","09:49:28",38100
57.2,-0.3,300,"sd","09:47:56",36100
57.2,-0.3,1000,"sd","09:47:54",35800
57.2,-0.3,2000,"sd","09:43:11",34800
57.2,-0.3,400,"sd","09:41:39",32800
57.2,-0.3,400,"sd","09:40:14",32400
57.2,-0.3,400,"bu","09:37:27",32000
57.2,-0.3,500,"bu","09:37:17",31600
57.2,-0.3,100,"sd","09:36:52",31100
57.2,-0.3,1000,"sd","09:36:17",31000
57.1,-0.4,500,"sd","09:34:10",30000
57.2,-0.3,100,"bu","09:34:01",29500
57.2,-0.3,1000,"sd","09:32:39",29400
57.2,-0.3,100,"bu","09:31:58",28400
57.2,-0.3,500,"bu","09:31:39",28300
57.2,-0.3,400,"sd","09:31:32",27800
57.2,-0.3,300,"sd","09:30:48",27400
57.2,-0.3,200,"bu","09:30:34",27100
57.1,-0.4,400,"sd","09:30:14",26900
57.2,-0.3,9800,"sd","09:29:08",26500
57.2,-0.3,400,"sd","09:28:50",16700
57.2,-0.3,1000,"sd","09:27:43",16300
57.2,-0.3,400,"sd","09:26:30",15300
57.2,-0.3,1000,"sd","09:26:21",14900
57.5,0,200,"bu","09:25:52",13900
57.2,-0.3,2200,"sd","09:24:44",13700
57.3,-0.2,2500,"sd","09:24:44",11500
57.5,0,300,"sd","09:24:44",9000
57.5,0,200,"bu","09:24:04",8700
57.5,0,100,"bu","09:23:54",8500
57.5,0,200,"bu","09:23:52",8400
57.5,0,2000,"bu","09:23:37",8200
57.5,0,100,"bu","09:23:14",6200
57.5,0,1100,"bu","09:23:03",6100
57.5,0,100,"bu","09:21:46",5000
57.5,0,100,"bu","09:21:05",4900
57.5,0,1300,"bu","09:20:35",4800
57.5,0,200,"bu","09:20:35",3500
57.5,0,100,"bu","09:20:16",3300
57.5,0,100,"bu","09:19:24",3200
57.5,0,800,"sd","09:16:17",3100
57.8,0.3,1000,"bu","09:16:05",2300
57.5,0,1300,"","09:15:01",1300
