"symbol","time","price","change","vol","total","side"
"HDB","14:45:01",20.4,0.4,132900,11205900,
"HDB","14:29:56",20.4,0.4,11700,11073000,"B"
"HDB","14:29:56",20.45,0.45,2000,11061300,"B"
"HDB","14:29:55",20.45,0.45,2000,11059300,"B"
"HDB","14:29:47",20.45,0.45,6000,11057300,"S"
"HDB","14:29:44",20.4,0.4,1000,11051300,"B"
"HDB","14:29:27",20.45,0.45,100,11050300,"B"
"HDB","14:29:24",20.45,0.45,2100,11050200,"B"
"HDB","14:29:24",20.5,0.5,1000,11048100,"S"
"HDB","14:29:18",20.45,0.45,4000,11047100,"B"
"HDB","14:29:13",20.45,0.45,500,11043100,"B"
"HDB","14:29:11",20.45,0.45,200,11042600,"B"
"HDB","14:29:01",20.45,0.45,4000,11042400,"B"
"HDB","14:29:01",20.5,0.5,10000,11038400,"S"
"HDB","14:29:00",20.45,0.45,1500,11028400,"B"
"HDB","14:28:50",20.45,0.45,2100,11026900,"B"
"HDB","14:28:49",20.45,0.45,1000,11024800,"B"
"HDB","14:28:39",20.45,0.45,2000,11023800,"B"
"HDB","14:28:37",20.5,0.5,5000,11021800,"S"
"HDB","14:28:30",20.45,0.45,100,11016800,"B"
"HDB","14:28:29",20.45,0.45,3000,11016700,"B"
"HDB","14:28:19",20.45,0.45,2000,11013700,"B"
"HDB","14:28:09",20.5,0.5,5000,11011700,"S"
"HDB","14:28:06",20.45,0.45,400,11006700,"B"
"HDB","14:27:59",20.45,0.45,2300,11006300,"B"
"HDB","14:27:58",20.45,0.45,100,11004000,"B"
"HDB","14:27:53",20.5,0.5,1500,11003900,"S"
"HDB","14:27:51",20.45,0.45,100,11002400,"B"
"HDB","14:27:44",20.45,0.45,2000,11002300,"B"
"HDB","14:27:28",20.45,0.45,2800,11000300,"B"
"HDB","14:27:11",20.5,0.5,1000,10997500,"S"
"HDB","14:27:05",20.5,0.5,400,10996500,"S"
"HDB","14:26:55",20.45,0.45,100,10996100,"B"
"HDB","14:26:33",20.45,0.45,1000,10996000,"B"
"HDB","14:26:26",20.45,0.45,200,10995000,"B"
"HDB","14:26:23",20.5,0.5,5000,10994800,"S"
"HDB","14:26:21",20.45,0.45,1000,10989800,"B"
"HDB","14:26:17",20.5,0.5,5000,10988800,"S"
"HDB","14:26:04",20.5,0.5,500,10983800,"S"
"HDB","14:26:01",20.45,0.45,3000,10983300,"B"
"HDB","14:25:46",20.5,0.5,500,10980300,"S"
"HDB","14:25:16",20.45,0.45,3400,10979800,"B"
"HDB","14:25:03",20.45,0.45,100,10976400,"B"
"HDB","14:24:35",20.5,0.5,500,10976300,"S"
"HDB","14:24:30",20.45,0.45,500,10975800,"B"
"HDB","14:24:16",20.5,0.5,100,10975300,"S"
"HDB","14:24:02",20.45,0.45,200,10975200,"B"
"HDB","14:23:28",20.45,0.45,100,10975000,"B"
"HDB","14:23:13",20.45,0.45,5000,10974900,"B"
"HDB","14:22:11",20.45,0.45,100,10969900,"B"
"HDB","14:22:07",20.5,0.5,2400,10969800,"S"
"HDB","14:22:00",20.45,0.45,100,10967400,"B"
"HDB","14:21:52",20.5,0.5,39900,10967300,"S"
"HDB","14:21:52",20.5,0.5,100,10927400,"S"
"HDB","14:21:48",20.5,0.5,500,10927300,"S"
"HDB","14:21:46",20.5,0.5,10200,10926800,"S"
"HDB","14:21:40",20.5,0.5,20000,10916600,"S"
"HDB","14:21:37",20.5,0.5,2400,10896600,"S"
"HDB","14:21:31",20.5,0.5,10200,10894200,"S"
"HDB","14:21:23",20.5,0.5,500,10884000,"S"
"HDB","14:21:16",20.5,0.5,5000,10883500,"S"
"HDB","14:21:09",20.5,0.5,10200,10878500,"S"
"HDB","14:20:51",20.5,0.5,3400,10868300,"S"
"HDB","14:20:40",20.45,0.45,100,10864900,"B"
"HDB","14:20:38",20.5,0.5,10200,10864800,"S"
"HDB","14:20:35",20.5,0.5,3400,10854600,"S"
"HDB","14:20:13",20.5,0.5,500,10851200,"S"
"HDB","14:20:02",20.45,0.45,1000,10850700,"B"
"HDB","14:20:01",20.45,0.45,1500,10849700,"B"
"HDB","14:19:37",20.45,0.45,1500,10848200,"B"
"HDB","14:19:21",20.45,0.45,100,10846700,"B"
"HDB","14:19:13",20.5,0.5,1200,10846600,"S"
"HDB","14:19:12",20.5,0.5,10200,10845400,"S"
"HDB","14:19:05",20.5,0.5,600,10835200,"S"
"HDB","14:18:47",20.5,0.5,40000,10834600,"S"
"HDB","14:18:45",20.45,0.45,300,10794600,"B"
"HDB","14:18:40",20.5,0.5,12600,10794300,"S"
"HDB","14:18:21",20.5,0.5,10200,10781700,"S"
"HDB","14:18:02",20.45,0.45,1700,10771500,"B"
"HDB","14:18:01",20.45,0.45,100,10769800,"B"
"HDB","14:17:47",20.45,0.45,200,10769700,"B"
"HDB","14:17:38",20.45,0.45,1500,10769500,"B"
"HDB","14:17:16",20.45,0.45,1500,10768000,"B"
"HDB","14:17:00",20.45,0.45,4600,10766500,"B"
"HDB","14:16:52",20.45,0.45,1500,10761900,"B"
"HDB","14:16:43",20.45,0.45,100,10760400,"B"
"HDB","14:16:16",20.5,0.5,800,10760300,"S"
"HDB","14:16:10",20.5,0.5,400,10759500,"S"
"HDB","14:16:04",20.45,0.45,100,10759100,"B"
"HDB","14:16:02",20.45,0.45,1500,10759000,"B"
"HDB","14:16:00",20.45,0.45,3000,10757500,"B"
"HDB","14:15:58",20.45,0.45,1500,10754500,"B"
"HDB","14:15:39",20.45,0.45,1500,10753000,"B"
"HDB","14:15:26",20.45,0.45,100,10751500,"B"
"HDB","14:15:24",20.45,0.45,20000,10751400,"B"
"HDB","14:15:07",20.5,0.5,10200,10731400,"S"
"HDB","14:14:56",20.5,0.5,10200,10721200,"S"
"HDB","14:14:44",20.5,0.5,10200,10711000,"S"
"HDB","14:14:34",20.5,0.5,10200,10700800,"S"
"HDB","14:14:33",20.5,0.5,5000,10690600,"S"
"HDB","14:14:22",20.5,0.5,1600,10685600,"S"
"HDB","14:14:21",20.5,0.5,10200,10684000,"S"
"HDB","14:14:19",20.5,0.5,1600,10673800,"S"
"HDB","14:14:13",20.45,0.45,100,10672200,"B"
"HDB","14:14:11",20.5,0.5,1600,10672100,"S"
"HDB","14:14:03",20.5,0.5,11800,10670500,"S"
"HDB","14:13:50",20.5,0.5,5000,10658700,"S"
"HDB","14:13:29",20.5,0.5,1000,10653700,"S"
"HDB","14:13:03",20.5,0.5,300,10652700,"S"
"HDB","14:12:58",20.45,0.45,100,10652400,"B"
"HDB","14:12:36",20.5,0.5,7200,10652300,"S"
"HDB","14:12:28",20.45,0.45,500,10645100,"B"
"HDB","14:12:27",20.45,0.45,1500,10644600,"B"
"HDB","14:12:02",20.45,0.45,4500,10643100,"B"
"HDB","14:11:54",20.45,0.45,500,10638600,"B"
"HDB","14:11:47",20.45,0.45,200,10638100,"B"
"HDB","14:11:43",20.45,0.45,100,10637900,"B"
"HDB","14:11:01",20.5,0.5,600,10637800,"S"
"HDB","14:10:51",20.45,0.45,1500,10637200,"B"
"HDB","14:10:48",20.45,0.45,5000,10635700,"B"
"HDB","14:10:30",20.45,0.45,100,10630700,"B"
"HDB","14:10:21",20.5,0.5,3300,10630600,"S"
"HDB","14:10:07",20.5,0.5,3300,10627300,"S"
"HDB","14:09:57",20.5,0.5,1100,10624000,"S"
"HDB","14:09:35",20.5,0.5,1200,10622900,"S"
"HDB","14:09:26",20.45,0.45,4000,10621700,"B"
"HDB","14:09:19",20.45,0.45,100,10617700,"B"
"HDB","14:09:18",20.45,0.45,100,10617600,"B"
"HDB","14:09:17",20.45,0.45,1000,10617500,"B"
"HDB","14:08:46",20.5,0.5,20000,10616500,"S"
"HDB","14:08:45",20.45,0.45,2000,10596500,"B"
"HDB","14:08:42",20.45,0.45,300,10594500,"B"
"HDB","14:08:33",20.5,0.5,20000,10594200,"S"
"HDB","14:08:31",20.5,0.5,2900,10574200,"S"
"HDB","14:08:17",20.5,0.5,3000,10571300,"S"
"HDB","14:08:11",20.5,0.5,100,10568300,"B"
"HDB","14:08:03",20.55,0.55,3000,10568200,"S"
"HDB","14:07:59",20.55,0.55,10000,10565200,"S"
"HDB","14:07:49",20.5,0.5,2800,10555200,"S"
"HDB","14:07:36",20.5,0.5,3000,10552400,"S"
"HDB","14:07:33",20.5,0.5,5000,10549400,"S"
"HDB","14:07:26",20.5,0.5,200,10544400,"S"
"HDB","14:07:22",20.5,0.5,2900,10544200,"S"
"HDB","14:07:21",20.5,0.5,1100,10541300,"S"
"HDB","14:07:21",20.5,0.5,3900,10540200,"S"
"HDB","14:07:20",20.5,0.5,1700,10536300,"S"
"HDB","14:07:16",20.5,0.5,3000,10534600,"S"
"HDB","14:07:12",20.5,0.5,4000,10531600,"S"
"HDB","14:07:08",20.5,0.5,3000,10527600,"S"
"HDB","14:07:06",20.5,0.5,10000,10524600,"S"
"HDB","14:07:02",20.5,0.5,3000,10514600,"S"
"HDB","14:06:56",20.45,0.45,100,10511600,"B"
"HDB","14:06:54",20.5,0.5,3000,10511500,"S"
"HDB","14:06:53",20.5,0.5,1000,10508500,"S"
"HDB","14:06:43",20.5,0.5,20000,10507500,"S"
"HDB","14:06:42",20.5,0.5,5000,10487500,"S"
"HDB","14:06:41",20.5,0.5,2900,10482500,"S"
"HDB","14:06:32",20.5,0.5,3000,10479600,"S"
"HDB","14:06:28",20.5,0.5,3000,10476600,"S"
"HDB","14:06:27",20.45,0.45,10200,10473600,"B"
"HDB","14:06:13",20.5,0.5,2900,10463400,"S"
"HDB","14:06:08",20.5,0.5,5000,10460500,"S"
"HDB","14:06:03",20.45,0.45,1500,10455500,"B"
"HDB","14:05:45",20.45,0.45,100,10454000,"B"
"HDB","14:05:32",20.5,0.5,2900,10453900,"S"
"HDB","14:05:20",20.5,0.5,100,10451000,"S"
"HDB","14:05:17",20.45,0.45,5000,10450900,"B"
"HDB","14:05:07",20.5,0.5,2300,10445900,"S"
"HDB","14:04:51",20.45,0.45,1500,10443600,"B"
"HDB","14:04:35",20.45,0.45,100,10442100,"B"
"HDB","14:04:28",20.45,0.45,1500,10442000,"B"
"HDB","14:04:26",20.45,0.45,2000,10440500,"B"
"HDB","14:04:23",20.45,0.45,6500,10438500,"S"
"HDB","14:04:10",20.45,0.45,8800,10432000,"S"
"HDB","14:03:58",20.45,0.45,60200,10423200,"B"
"HDB","14:03:45",20.5,0.5,2500,10363000,"S"
"HDB","14:03:43",20.5,0.5,5000,10360500,"S"
"HDB","14:03:40",20.45,0.45,1500,10355500,"B"
"HDB","14:03:36",20.45,0.45,500,10354000,"B"
"HDB","14:03:33",20.5,0.5,500,10353500,"S"
"HDB","14:03:26",20.5,0.5,30000,10353000,"S"
"HDB","14:03:25",20.45,0.45,2100,10323000,"B"
"HDB","14:02:54",20.5,0.5,400,10320900,"S"
"HDB","14:02:52",20.5,0.5,62700,10320500,"S"
"HDB","14:02:49",20.5,0.5,10200,10257800,"S"
"HDB","14:02:48",20.5,0.5,69000,10247600,"S"
"HDB","14:02:41",20.5,0.5,70000,10178600,"S"
"HDB","14:02:35",20.5,0.5,10200,10108600,"S"
"HDB","14:02:26",20.5,0.5,1600,10098400,"S"
"HDB","14:02:24",20.5,0.5,2000,10096800,"S"
"HDB","14:02:23",20.5,0.5,7000,10094800,"S"
"HDB","14:02:21",20.5,0.5,10200,10087800,"S"
"HDB","14:02:19",20.5,0.5,1600,10077600,"S"
"HDB","14:02:16",20.45,0.45,100,10076000,"B"
"HDB","14:02:16",20.5,0.5,1600,10075900,"S"
"HDB","14:02:12",20.45,0.45,100,10074300,"B"
"HDB","14:02:11",20.5,0.5,9400,10074200,"S"
"HDB","14:02:10",20.5,0.5,10200,10064800,"S"
"HDB","14:02:08",20.5,0.5,1600,10054600,"S"
"HDB","14:02:05",20.5,0.5,1600,10053000,"S"
"HDB","14:01:58",20.5,0.5,10200,10051400,"S"
"HDB","14:01:57",20.5,0.5,8200,10041200,"S"
"HDB","14:01:53",20.5,0.5,1600,10033000,"S"
"HDB","14:01:48",20.5,0.5,12400,10031400,"S"
"HDB","14:01:47",20.5,0.5,1600,10019000,"S"
"HDB","14:01:44",20.45,0.45,300,10017400,"B"
"HDB","14:01:41",20.45,0.45,800,10017100,"B"
"HDB","14:01:30",20.45,0.45,300,10015600,"B"
"HDB","14:01:16",20.45,0.45,1500,10015300,"B"
"HDB","14:01:08",20.45,0.45,100,10013800,"B"
"HDB","14:00:53",20.45,0.45,1500,10013700,"B"
"HDB","14:00:42",20.45,0.45,800,10012200,"B"
"HDB","14:00:36",20.45,0.45,1000,10011400,"B"
"HDB","14:00:36",20.45,0.45,1000,10010400,"B"
"HDB","14:00:31",20.45,0.45,1600,10009400,"B"
"HDB","14:00:28",20.45,0.45,1500,10007800,"B"
"HDB","14:00:27",20.45,0.45,30000,10006300,"B"
"HDB","14:00:25",20.45,0.45,1000,9976300,"B"
"HDB","14:00:20",20.45,0.45,100,9975300,"B"
"HDB","14:00:09",20.45,0.45,400,9975200,"B"
"HDB","14:00:06",20.45,0.45,1500,9974800,"B"
"HDB","14:00:03",20.45,0.45,2000,9973300,"B"
"HDB","14:00:00",20.45,0.45,100,9971300,"B"
"HDB","13:59:54",20.45,0.45,100,9971200,"B"
"HDB","13:59:42",20.45,0.45,1500,9971100,"B"
"HDB","13:59:18",20.45,0.45,1500,9969600,"B"
"HDB","13:58:54",20.45,0.45,1500,9968100,"B"
"HDB","13:58:50",20.45,0.45,100,9966600,"B"
"HDB","13:57:55",20.5,0.5,500,9966500,"S"
"HDB","13:57:42",20.45,0.45,100,9966000,"B"
"HDB","13:57:39",20.5,0.5,2400,9965900,"S"
"HDB","13:57:36",20.5,0.5,10200,9963500,"S"
"HDB","13:57:34",20.45,0.45,300,9953300,"B"
"HDB","13:57:25",20.5,0.5,10200,9953000,"S"
"HDB","13:57:22",20.5,0.5,2400,9942800,"S"
"HDB","13:57:21",20.5,0.5,8200,9940400,"S"
"HDB","13:57:13",20.5,0.5,10200,9932200,"S"
"HDB","13:57:02",20.5,0.5,1600,9922000,"S"
"HDB","13:57:01",20.5,0.5,10200,9920400,"S"
"HDB","13:56:54",20.5,0.5,1600,9910200,"S"
"HDB","13:56:51",20.5,0.5,1600,9908600,"S"
"HDB","13:56:47",20.5,0.5,10200,9907000,"S"
"HDB","13:56:34",20.45,0.45,100,9896800,"B"
"HDB","13:56:22",20.5,0.5,10200,9896700,"S"
"HDB","13:56:07",20.45,0.45,5000,9886500,"B"
"HDB","13:56:05",20.5,0.5,1600,9881500,"S"
"HDB","13:56:00",20.5,0.5,1600,9879900,"S"
"HDB","13:55:54",20.5,0.5,1600,9878300,"S"
"HDB","13:55:53",20.5,0.5,2400,9876700,"S"
"HDB","13:55:49",20.5,0.5,1600,9874300,"S"
"HDB","13:55:45",20.5,0.5,1600,9872700,"S"
"HDB","13:55:41",20.5,0.5,2400,9871100,"S"
"HDB","13:55:38",20.5,0.5,1600,9868700,"S"
"HDB","13:55:34",20.5,0.5,10200,9867100,"S"
"HDB","13:55:33",20.5,0.5,1600,9856900,"S"
"HDB","13:55:30",20.5,0.5,1600,9855300,"S"
"HDB","13:55:27",20.45,0.45,100,9853700,"B"
"HDB","13:55:24",20.5,0.5,1600,9853600,"S"
"HDB","13:55:18",20.5,0.5,1600,9852000,"S"
"HDB","13:55:14",20.5,0.5,1600,9850400,"S"
"HDB","13:55:08",20.5,0.5,1600,9848800,"S"
"HDB","13:55:08",20.45,0.45,500,9847200,"B"
"HDB","13:55:07",20.5,0.5,8800,9846700,"S"
"HDB","13:55:00",20.5,0.5,1600,9837900,"S"
"HDB","13:54:55",20.45,0.45,1600,9836300,"B"
"HDB","13:54:49",20.45,0.45,100,9834700,"B"
"HDB","13:54:31",20.5,0.5,10200,9834600,"S"
"HDB","13:54:31",20.45,0.45,1600,9824400,"B"
"HDB","13:54:24",20.45,0.45,5000,9822800,"B"
"HDB","13:54:20",20.45,0.45,100,9817800,"B"
"HDB","13:54:16",20.45,0.45,1000,9817700,"B"
"HDB","13:54:06",20.45,0.45,1600,9816700,"B"
"HDB","13:54:03",20.45,0.45,500,9815100,"S"
"HDB","13:53:59",20.45,0.45,1200,9814600,"S"
"HDB","13:53:58",20.45,0.45,1100,9813400,"S"
"HDB","13:53:43",20.4,0.4,1600,9812300,"B"
"HDB","13:53:36",20.4,0.4,100,9810700,"B"
"HDB","13:53:19",20.4,0.4,1600,9810600,"B"
"HDB","13:53:14",20.4,0.4,100,9809000,"B"
"HDB","13:52:55",20.4,0.4,1600,9808900,"B"
"HDB","13:52:45",20.4,0.4,500,9807300,"B"
"HDB","13:52:42",20.45,0.45,800,9806800,"S"
"HDB","13:52:42",20.45,0.45,14200,9806000,"S"
"HDB","13:52:31",20.4,0.4,1600,9791800,"B"
"HDB","13:52:09",20.4,0.4,100,9790200,"B"
"HDB","13:51:20",20.45,0.45,2400,9790100,"B"
"HDB","13:51:20",20.45,0.45,1600,9787700,"B"
"HDB","13:51:16",20.45,0.45,100,9786100,"B"
"HDB","13:51:14",20.45,0.45,15000,9786000,"B"
"HDB","13:51:01",20.45,0.45,100,9771000,"B"
"HDB","13:50:55",20.45,0.45,1600,9770900,"B"
"HDB","13:50:32",20.45,0.45,1600,9769300,"B"
"HDB","13:50:08",20.45,0.45,1600,9767700,"B"
"HDB","13:50:01",20.45,0.45,500,9766100,"B"
"HDB","13:49:57",20.45,0.45,500,9765600,"B"
"HDB","13:49:55",20.45,0.45,100,9765100,"B"
"HDB","13:49:44",20.45,0.45,1600,9765000,"B"
"HDB","13:49:20",20.45,0.45,1600,9763400,"B"
"HDB","13:48:56",20.45,0.45,1600,9761800,"B"
"HDB","13:48:49",20.45,0.45,200,9760200,"B"
"HDB","13:48:48",20.45,0.45,100,9760000,"B"
"HDB","13:48:34",20.45,0.45,500,9759900,"B"
"HDB","13:48:15",20.5,0.5,100,9759400,"S"
"HDB","13:48:15",20.5,0.5,10200,9759300,"S"
"HDB","13:48:08",20.5,0.5,1600,9749100,"S"
"HDB","13:48:08",20.45,0.45,1600,9747500,"B"
"HDB","13:48:06",20.45,0.45,100,9745900,"B"
"HDB","13:48:03",20.5,0.5,10200,9745800,"S"
"HDB","13:48:02",20.5,0.5,1600,9735600,"S"
"HDB","13:48:01",20.5,0.5,200,9734000,"S"
"HDB","13:47:57",20.5,0.5,1600,9733800,"S"
"HDB","13:47:52",20.5,0.5,1600,9732200,"S"
"HDB","13:47:51",20.5,0.5,10200,9730600,"S"
"HDB","13:47:49",20.45,0.45,100,9720400,"B"
"HDB","13:47:46",20.5,0.5,1600,9720300,"S"
"HDB","13:47:43",20.4,0.4,100,9718700,"B"
"HDB","13:47:42",20.5,0.5,200,9718600,"S"
"HDB","13:47:42",20.45,0.45,1400,9718400,"S"
"HDB","13:47:39",20.4,0.4,3500,9717000,"B"
"HDB","13:47:39",20.45,0.45,600,9713500,"B"
"HDB","13:47:37",20.5,0.5,1600,9712900,"S"
"HDB","13:47:30",20.5,0.5,1600,9711300,"S"
"HDB","13:47:28",20.5,0.5,1600,9709700,"S"
"HDB","13:47:23",20.45,0.45,500,9708100,"B"
"HDB","13:47:22",20.5,0.5,1600,9707600,"S"
"HDB","13:47:20",20.45,0.45,1600,9706000,"B"
"HDB","13:47:15",20.45,0.45,33900,9704400,"S"
"HDB","13:47:12",20.45,0.45,50000,9670500,"S"
"HDB","13:47:11",20.45,0.45,1600,9620500,"S"
"HDB","13:47:06",20.45,0.45,1600,9618900,"S"
"HDB","13:47:01",20.45,0.45,1600,9617300,"S"
"HDB","13:46:57",20.4,0.4,1600,9615700,"B"
"HDB","13:46:56",20.45,0.45,1600,9614100,"S"
"HDB","13:46:50",20.4,0.4,1000,9612500,"B"
"HDB","13:46:37",20.4,0.4,100,9611500,"B"
"HDB","13:46:34",20.45,0.45,60000,9611400,"S"
"HDB","13:46:28",20.45,0.45,10200,9551400,"S"
"HDB","13:46:19",20.45,0.45,60000,9541200,"S"
"HDB","13:46:16",20.45,0.45,500,9481200,"S"
"HDB","13:46:09",20.45,0.45,10200,9480700,"S"
"HDB","13:45:33",20.45,0.45,10200,9470500,"S"
"HDB","13:45:31",20.4,0.4,100,9460300,"B"
"HDB","13:45:07",20.45,0.45,1000,9460200,"S"
"HDB","13:44:30",20.45,0.45,80000,9459200,"S"
"HDB","13:44:26",20.4,0.4,100,9379200,"B"
"HDB","13:44:08",20.45,0.45,2000,9379100,"S"
"HDB","13:44:08",20.4,0.4,1000,9377100,"B"
"HDB","13:44:07",20.45,0.45,50000,9376100,"S"
"HDB","13:43:45",20.4,0.4,1600,9326100,"B"
"HDB","13:43:35",20.4,0.4,200,9324500,"B"
"HDB","13:43:31",20.4,0.4,3500,9324300,"B"
"HDB","13:43:27",20.4,0.4,500,9320800,"B"
"HDB","13:43:26",20.4,0.4,200,9320300,"B"
"HDB","13:43:22",20.4,0.4,100,9320100,"B"
"HDB","13:43:21",20.4,0.4,1600,9320000,"B"
"HDB","13:43:02",20.4,0.4,1000,9318400,"B"
"HDB","13:42:59",20.4,0.4,400,9317400,"B"
"HDB","13:42:57",20.4,0.4,1600,9317000,"B"
"HDB","13:42:34",20.4,0.4,1600,9315400,"B"
"HDB","13:42:27",20.4,0.4,49200,9313800,"S"
"HDB","13:42:25",20.35,0.35,100,9264600,"B"
"HDB","13:42:18",20.35,0.35,100,9264500,"B"
"HDB","13:42:15",20.4,0.4,50000,9264400,"S"
"HDB","13:42:11",20.4,0.4,20000,9214400,"S"
"HDB","13:42:05",20.4,0.4,3400,9194400,"B"
"HDB","13:41:50",20.35,0.35,1200,9191000,"B"
"HDB","13:41:50",20.4,0.4,100,9189800,"B"
"HDB","13:41:37",20.5,0.5,69900,9189700,"S"
"HDB","13:41:37",20.45,0.45,141300,9119800,"S"
"HDB","13:41:34",20.4,0.4,100,8978500,"B"
"HDB","13:41:33",20.4,0.4,300,8978400,"B"
"HDB","13:41:26",20.4,0.4,3000,8978100,"S"
"HDB","13:41:22",20.35,0.35,1600,8975100,"B"
"HDB","13:41:15",20.35,0.35,10000,8973500,"B"
"HDB","13:41:13",20.35,0.35,100,8963500,"B"
"HDB","13:41:13",20.4,0.4,1600,8963400,"S"
"HDB","13:41:08",20.4,0.4,50000,8961800,"S"
"HDB","13:40:54",20.4,0.4,100000,8911800,"S"
"HDB","13:40:51",20.4,0.4,3000,8811800,"S"
"HDB","13:40:15",20.4,0.4,60000,8808800,"S"
"HDB","13:40:10",20.35,0.35,100,8748800,"B"
"HDB","13:40:05",20.35,0.35,1000,8748700,"B"
"HDB","13:40:03",20.35,0.35,100,8747700,"B"
"HDB","13:39:43",20.35,0.35,500,8747600,"B"
"HDB","13:39:40",20.4,0.4,50000,8747100,"S"
"HDB","13:39:17",20.35,0.35,500,8697100,"B"
"HDB","13:39:12",20.4,0.4,51600,8696600,"S"
"HDB","13:39:06",20.35,0.35,100,8645000,"B"
"HDB","13:39:00",20.35,0.35,100,8644900,"B"
"HDB","13:38:37",20.35,0.35,1000,8644800,"B"
"HDB","13:38:11",20.4,0.4,900,8643800,"B"
"HDB","13:38:03",20.4,0.4,100,8642900,"S"
"HDB","13:38:02",20.35,0.35,100,8642800,"B"
"HDB","13:37:52",20.45,0.45,1400,8642700,"S"
"HDB","13:37:52",20.4,0.4,103600,8641300,"S"
"HDB","13:37:40",20.4,0.4,1900,8537700,"B"
"HDB","13:37:23",20.4,0.4,20000,8535800,"B"
"HDB","13:37:04",20.4,0.4,20000,8515800,"B"
"HDB","13:37:04",20.45,0.45,1600,8495800,"S"
"HDB","13:36:59",20.45,0.45,10200,8494200,"S"
"HDB","13:36:57",20.4,0.4,100,8484000,"B"
"HDB","13:36:56",20.45,0.45,1600,8483900,"S"
"HDB","13:36:54",20.4,0.4,25000,8482300,"B"
"HDB","13:36:47",20.45,0.45,1600,8457300,"S"
"HDB","13:36:36",20.4,0.4,45000,8455700,"B"
"HDB","13:36:34",20.45,0.45,1600,8410700,"S"
"HDB","13:36:28",20.45,0.45,1600,8409100,"S"
"HDB","13:36:25",20.4,0.4,500,8407500,"B"
"HDB","13:35:53",20.4,0.4,100,8407000,"B"
"HDB","13:35:47",20.45,0.45,10200,8406900,"S"
"HDB","13:35:38",20.4,0.4,1400,8396700,"S"
"HDB","13:35:37",20.4,0.4,10200,8395300,"S"
"HDB","13:35:36",20.4,0.4,3400,8385100,"S"
"HDB","13:35:34",20.4,0.4,6000,8381700,"S"
"HDB","13:35:23",20.4,0.4,10200,8375700,"S"
"HDB","13:34:50",20.35,0.35,100,8365500,"B"
"HDB","13:34:42",20.4,0.4,10200,8365400,"S"
"HDB","13:34:41",20.4,0.4,12100,8355200,"B"
"HDB","13:34:39",20.4,0.4,30000,8343100,"B"
"HDB","13:34:37",20.4,0.4,45000,8313100,"B"
"HDB","13:34:20",20.4,0.4,10000,8268100,"B"
"HDB","13:34:13",20.4,0.4,1000,8258100,"B"
"HDB","13:33:51",20.4,0.4,500,8257100,"B"
"HDB","13:33:46",20.4,0.4,100,8256600,"B"
"HDB","13:33:36",20.45,0.45,22000,8256500,"S"
"HDB","13:33:27",20.4,0.4,100,8234500,"B"
"HDB","13:33:24",20.45,0.45,700,8234400,"S"
"HDB","13:33:16",20.45,0.45,1000,8233700,"S"
"HDB","13:33:16",20.4,0.4,100,8232700,"B"
"HDB","13:33:09",20.45,0.45,1800,8232600,"S"
"HDB","13:33:09",20.4,0.4,100,8230800,"B"
"HDB","13:33:09",20.45,0.45,700,8230700,"S"
"HDB","13:33:08",20.45,0.45,300,8230000,"S"
"HDB","13:32:55",20.45,0.45,2000,8229700,"S"
"HDB","13:32:55",20.4,0.4,3400,8227700,"B"
"HDB","13:32:53",20.4,0.4,300,8224300,"B"
"HDB","13:32:42",20.4,0.4,100,8224000,"B"
"HDB","13:32:33",20.45,0.45,50000,8223900,"S"
"HDB","13:32:15",20.4,0.4,1000,8173900,"B"
"HDB","13:32:02",20.45,0.45,1000,8172900,"S"
"HDB","13:31:55",20.45,0.45,2000,8171900,"S"
"HDB","13:31:47",20.45,0.45,200,8169900,"S"
"HDB","13:31:45",20.4,0.4,300,8169700,"B"
"HDB","13:31:40",20.4,0.4,600,8169400,"B"
"HDB","13:31:39",20.4,0.4,100,8168800,"B"
"HDB","13:31:37",20.4,0.4,4300,8168700,"B"
"HDB","13:31:22",20.45,0.45,1000,8164400,"S"
"HDB","13:31:13",20.45,0.45,4000,8163400,"S"
"HDB","13:30:48",20.4,0.4,400,8159400,"B"
"HDB","13:30:40",20.45,0.45,1000,8159000,"S"
"HDB","13:30:39",20.45,0.45,2000,8158000,"S"
"HDB","13:30:36",20.4,0.4,100,8156000,"B"
"HDB","13:30:14",20.45,0.45,2600,8155900,"S"
"HDB","13:30:08",20.45,0.45,5000,8153300,"S"
"HDB","13:29:59",20.4,0.4,9000,8148300,"B"
"HDB","13:29:59",20.45,0.45,400,8139300,"S"
"HDB","13:29:58",20.45,0.45,1000,8138900,"S"
"HDB","13:29:38",20.45,0.45,900,8137900,"S"
"HDB","13:29:33",20.4,0.4,100,8137000,"B"
"HDB","13:29:29",20.4,0.4,40000,8136900,"S"
"HDB","13:29:28",20.4,0.4,3800,8096900,"S"
"HDB","13:29:27",20.4,0.4,15000,8093100,"S"
"HDB","13:29:25",20.4,0.4,1000,8078100,"S"
"HDB","13:29:23",20.4,0.4,64600,8077100,"S"
"HDB","13:29:20",20.4,0.4,1000,8012500,"S"
"HDB","13:29:17",20.4,0.4,5900,8011500,"S"
"HDB","13:29:13",20.4,0.4,20200,8005600,"S"
"HDB","13:29:08",20.4,0.4,2400,7985400,"S"
"HDB","13:29:02",20.4,0.4,100,7983000,"S"
"HDB","13:28:30",20.35,0.35,100,7982900,"B"
"HDB","13:28:30",20.4,0.4,10200,7982800,"S"
"HDB","13:28:27",20.4,0.4,3400,7972600,"S"
"HDB","13:28:17",20.35,0.35,100,7969200,"B"
"HDB","13:27:42",20.35,0.35,100,7969100,"B"
"HDB","13:27:28",20.35,0.35,100,7969000,"B"
"HDB","13:26:28",20.4,0.4,100,7968900,"S"
"HDB","13:26:26",20.35,0.35,5400,7968800,"S"
"HDB","13:26:25",20.3,0.3,100,7963400,"B"
"HDB","13:25:38",20.3,0.3,600,7963300,"B"
"HDB","13:25:28",20.3,0.3,8000,7962700,"B"
"HDB","13:25:24",20.4,0.4,50000,7954700,"S"
"HDB","13:25:24",20.3,0.3,100,7904700,"B"
"HDB","13:25:15",20.3,0.3,700,7904600,"B"
"HDB","13:25:05",20.3,0.3,10000,7903900,"B"
"HDB","13:25:01",20.4,0.4,10700,7893900,"S"
"HDB","13:25:01",20.35,0.35,39300,7883200,"S"
"HDB","13:24:48",20.35,0.35,100,7843900,"S"
"HDB","13:24:22",20.3,0.3,100,7843800,"B"
"HDB","13:24:13",20.3,0.3,1400,7843700,"S"
"HDB","13:24:11",20.3,0.3,42200,7842300,"B"
"HDB","13:24:03",20.35,0.35,10000,7800100,"S"
"HDB","13:23:58",20.3,0.3,300,7790100,"B"
"HDB","13:23:20",20.3,0.3,100,7789800,"B"
"HDB","13:23:06",20.3,0.3,1200,7789700,"S"
"HDB","13:23:03",20.3,0.3,20000,7788500,"S"
"HDB","13:22:55",20.3,0.3,30000,7768500,"S"
"HDB","13:22:53",20.3,0.3,50000,7738500,"S"
"HDB","13:22:44",20.3,0.3,6300,7688500,"S"
"HDB","13:22:25",20.25,0.25,200,7682200,"B"
"HDB","13:22:18",20.25,0.25,100,7682000,"B"
"HDB","13:21:16",20.25,0.25,100,7681900,"B"
"HDB","13:21:06",20.3,0.3,2600,7681800,"B"
"HDB","13:21:04",20.3,0.3,300,7679200,"B"
"HDB","13:21:02",20.3,0.3,1000,7678900,"B"
"HDB","13:20:56",20.3,0.3,5000,7677900,"B"
"HDB","13:20:42",20.3,0.3,7500,7672900,"B"
"HDB","13:20:35",20.3,0.3,4300,7665400,"B"
"HDB","13:20:14",20.3,0.3,100,7661100,"B"
"HDB","13:20:02",20.3,0.3,40000,7661000,"B"
"HDB","13:19:47",20.3,0.3,1800,7621000,"B"
"HDB","13:19:13",20.3,0.3,100,7619200,"B"
"HDB","13:18:56",20.3,0.3,100,7619100,"B"
"HDB","13:18:55",20.3,0.3,7000,7619000,"B"
"HDB","13:18:52",20.3,0.3,100,7612000,"B"
"HDB","13:18:30",20.3,0.3,20000,7611900,"B"
"HDB","13:18:12",20.3,0.3,100,7591900,"B"
"HDB","13:18:05",20.3,0.3,5000,7591800,"B"
"HDB","13:17:11",20.3,0.3,100,7586800,"B"
"HDB","13:16:33",20.3,0.3,100,7586700,"B"
"HDB","13:16:29",20.3,0.3,100,7586600,"B"
"HDB","13:16:20",20.35,0.35,500,7586500,"S"
"HDB","13:16:10",20.3,0.3,100,7586000,"B"
"HDB","13:15:49",20.3,0.3,300,7585900,"B"
"HDB","13:15:10",20.3,0.3,100,7585600,"B"
"HDB","13:14:46",20.3,0.3,100,7585500,"B"
"HDB","13:14:42",20.35,0.35,4900,7585400,"B"
"HDB","13:14:41",20.35,0.35,35100,7580500,"S"
"HDB","13:14:22",20.3,0.3,3000,7545400,"B"
"HDB","13:14:08",20.3,0.3,100,7542400,"B"
"HDB","13:13:42",20.3,0.3,100,7542300,"B"
"HDB","13:13:41",20.35,0.35,34900,7542200,"B"
"HDB","13:13:36",20.35,0.35,30000,7507300,"B"
"HDB","13:13:07",20.35,0.35,100,7477300,"B"
"HDB","13:12:30",20.35,0.35,100,7477200,"B"
"HDB","13:12:17",20.35,0.35,300,7477100,"B"
"HDB","13:12:07",20.35,0.35,100,7476800,"B"
"HDB","13:11:06",20.35,0.35,100,7476700,"B"
"HDB","13:10:22",20.4,0.4,500,7476600,"S"
"HDB","13:10:21",20.35,0.35,100,7476100,"B"
"HDB","13:10:18",20.4,0.4,2000,7476000,"S"
"HDB","13:10:07",20.35,0.35,100,7474000,"B"
"HDB","13:10:05",20.35,0.35,100,7473900,"B"
"HDB","13:10:02",20.4,0.4,20000,7473800,"S"
"HDB","13:09:54",20.4,0.4,50000,7453800,"S"
"HDB","13:09:53",20.4,0.4,3400,7403800,"S"
"HDB","13:09:43",20.4,0.4,30000,7400400,"S"
"HDB","13:09:37",20.4,0.4,2000,7370400,"S"
"HDB","13:09:19",20.4,0.4,10200,7368400,"S"
"HDB","13:09:10",20.35,0.35,200,7358200,"B"
"HDB","13:09:04",20.35,0.35,100,7358000,"B"
"HDB","13:09:04",20.4,0.4,1100,7357900,"S"
"HDB","13:08:50",20.35,0.35,500,7356800,"B"
"HDB","13:08:36",20.4,0.4,10200,7356300,"S"
"HDB","13:08:11",20.4,0.4,50000,7346100,"S"
"HDB","13:08:03",20.35,0.35,100,7296100,"B"
"HDB","13:07:51",20.4,0.4,10200,7296000,"S"
"HDB","13:07:32",20.4,0.4,10200,7285800,"S"
"HDB","13:07:18",20.35,0.35,29700,7275600,"S"
"HDB","13:07:08",20.35,0.35,2000,7245900,"S"
"HDB","13:07:03",20.3,0.3,100,7243900,"B"
"HDB","13:07:02",20.35,0.35,2400,7243800,"S"
"HDB","13:06:37",20.35,0.35,16900,7241400,"S"
"HDB","13:06:19",20.35,0.35,30000,7224500,"S"
"HDB","13:06:05",20.35,0.35,100,7194500,"B"
"HDB","13:06:02",20.35,0.35,100,7194400,"B"
"HDB","13:06:00",20.35,0.35,200,7194300,"B"
"HDB","13:05:58",20.35,0.35,500,7194100,"B"
"HDB","13:05:55",20.35,0.35,700,7193600,"B"
"HDB","13:05:32",20.35,0.35,3000,7192900,"B"
"HDB","13:05:21",20.35,0.35,55400,7189900,"S"
"HDB","13:05:04",20.35,0.35,27400,7134500,"S"
"HDB","13:05:04",20.35,0.35,22600,7107100,"S"
"HDB","13:05:01",20.3,0.3,100,7084500,"B"
"HDB","13:04:49",20.35,0.35,15100,7084400,"S"
"HDB","13:04:01",20.3,0.3,100,7069300,"B"
"HDB","13:03:47",20.35,0.35,10200,7069200,"S"
"HDB","13:03:35",20.35,0.35,10300,7059000,"B"
"HDB","13:03:31",20.35,0.35,69700,7048700,"S"
"HDB","13:03:15",20.35,0.35,2400,6979000,"S"
"HDB","13:03:14",20.35,0.35,139900,6976600,"B"
"HDB","13:03:12",20.35,0.35,1000,6836700,"B"
"HDB","13:03:11",20.35,0.35,3000,6835700,"B"
"HDB","13:03:10",20.35,0.35,100,6832700,"B"
"HDB","13:03:01",20.35,0.35,100,6832600,"B"
"HDB","13:02:52",20.35,0.35,100,6832500,"B"
"HDB","13:02:48",20.4,0.4,10200,6832400,"S"
"HDB","13:02:37",20.35,0.35,1000,6822200,"B"
"HDB","13:02:14",20.35,0.35,500,6821200,"B"
"HDB","13:02:05",20.35,0.35,100,6820700,"B"
"HDB","13:02:00",20.35,0.35,100,6820600,"B"
"HDB","13:01:46",20.35,0.35,5000,6820500,"B"
"HDB","13:01:38",20.4,0.4,10200,6815500,"S"
"HDB","13:01:37",20.35,0.35,1000,6805300,"B"
"HDB","13:01:21",20.4,0.4,1600,6804300,"S"
"HDB","13:01:20",20.35,0.35,200,6802700,"S"
"HDB","13:01:15",20.35,0.35,300,6802500,"B"
"HDB","13:01:09",20.35,0.35,100,6802200,"B"
"HDB","13:01:05",20.4,0.4,10200,6802100,"S"
"HDB","13:01:04",20.4,0.4,1600,6791900,"S"
"HDB","13:00:58",20.4,0.4,7800,6790300,"S"
"HDB","13:00:55",20.35,0.35,100,6782500,"B"
"HDB","13:00:33",20.3,0.3,1600,6782400,"B"
"HDB","13:00:31",20.3,0.3,500,6780800,"B"
"HDB","13:00:23",20.35,0.35,100,6780300,"B"
"HDB","13:00:18",20.35,0.35,100,6780200,"B"
"HDB","13:00:17",20.35,0.35,500,6780100,"B"
"HDB","13:00:16",20.35,0.35,1100,6779600,"B"
"HDB","13:00:14",20.35,0.35,300,6778500,"B"
"HDB","13:00:13",20.35,0.35,100,6778200,"B"
"HDB","13:00:10",20.4,0.4,1100,6778100,"S"
"HDB","13:00:10",20.35,0.35,400,6777000,"S"
"HDB","13:00:07",20.35,0.35,100,6776600,"B"
"HDB","13:00:05",20.35,0.35,46000,6776500,"B"
"HDB","13:00:04",20.35,0.35,300,6730500,"B"
"HDB","13:00:03",20.4,0.4,100,6730200,"S"
"HDB","13:00:03",20.35,0.35,100,6730100,"B"
"HDB","13:00:03",20.4,0.4,100,6730000,"S"
"HDB","13:00:02",20.4,0.4,2500,6729900,"S"
"HDB","13:00:02",20.35,0.35,100,6727400,"B"
"HDB","13:00:01",20.4,0.4,100,6727300,"S"
"HDB","13:00:01",20.35,0.35,200,6727200,"B"
"HDB","13:00:01",20.4,0.4,900,6727000,"S"
"HDB","13:00:00",20.4,0.4,400,6726100,"S"
"HDB","11:29:57",20.4,0.4,12000,6725700,"S"
"HDB","11:29:42",20.4,0.4,37700,6713700,"B"
"HDB","11:29:39",20.4,0.4,600,6676000,"B"
"HDB","11:29:14",20.45,0.45,10200,6675400,"S"
"HDB","11:29:05",20.45,0.45,30000,6665200,"S"
"HDB","11:28:58",20.45,0.45,10200,6635200,"S"
"HDB","11:28:57",20.4,0.4,10000,6625000,"B"
"HDB","11:28:40",20.4,0.4,4000,6615000,"B"
"HDB","11:28:28",20.4,0.4,38400,6611000,"S"
"HDB","11:28:24",20.4,0.4,2200,6572600,"S"
"HDB","11:28:15",20.4,0.4,3400,6570400,"S"
"HDB","11:28:02",20.4,0.4,50000,6567000,"S"
"HDB","11:27:54",20.4,0.4,6100,6517000,"B"
"HDB","11:27:51",20.4,0.4,4100,6510900,"S"
"HDB","11:27:36",20.4,0.4,10200,6506800,"S"
"HDB","11:27:34",20.4,0.4,29200,6496600,"S"
"HDB","11:27:26",20.4,0.4,50000,6467400,"S"
"HDB","11:27:11",20.4,0.4,100000,6417400,"S"
"HDB","11:27:08",20.4,0.4,10200,6317400,"S"
"HDB","11:27:02",20.4,0.4,1200,6307200,"S"
"HDB","11:26:58",20.4,0.4,25000,6306000,"S"
"HDB","11:26:51",20.35,0.35,500,6281000,"B"
"HDB","11:26:45",20.4,0.4,1200,6280500,"S"
"HDB","11:26:42",20.35,0.35,100,6279300,"B"
"HDB","11:26:41",20.4,0.4,500,6279200,"S"
"HDB","11:26:36",20.4,0.4,800,6278700,"S"
"HDB","11:26:34",20.4,0.4,40200,6277900,"S"
"HDB","11:26:25",20.4,0.4,2800,6237700,"S"
"HDB","11:26:24",20.4,0.4,10200,6234900,"S"
"HDB","11:26:23",20.35,0.35,600,6224700,"S"
"HDB","11:26:21",20.35,0.35,11400,6224100,"B"
"HDB","11:26:13",20.4,0.4,3400,6212700,"S"
"HDB","11:26:10",20.35,0.35,200,6209300,"B"
"HDB","11:26:06",20.35,0.35,12000,6209100,"B"
"HDB","11:25:27",20.35,0.35,1000,6197100,"B"
"HDB","11:25:17",20.35,0.35,2000,6196100,"B"
"HDB","11:24:39",20.4,0.4,3400,6194100,"S"
"HDB","11:24:38",20.35,0.35,100,6190700,"B"
"HDB","11:24:38",20.4,0.4,10000,6190600,"S"
"HDB","11:24:27",20.4,0.4,4500,6180600,"S"
"HDB","11:24:25",20.4,0.4,3400,6176100,"S"
"HDB","11:24:17",20.4,0.4,5000,6172700,"S"
"HDB","11:24:13",20.4,0.4,5000,6167700,"S"
"HDB","11:24:11",20.35,0.35,100,6162700,"B"
"HDB","11:24:04",20.4,0.4,50000,6162600,"S"
"HDB","11:24:03",20.4,0.4,500,6112600,"S"
"HDB","11:23:56",20.4,0.4,100000,6112100,"S"
"HDB","11:23:39",20.35,0.35,5100,6012100,"B"
"HDB","11:23:34",20.4,0.4,3400,6007000,"S"
"HDB","11:23:22",20.35,0.35,500,6003600,"B"
"HDB","11:22:36",20.4,0.4,3400,6003100,"S"
"HDB","11:22:35",20.4,0.4,10200,5999700,"S"
"HDB","11:22:35",20.35,0.35,100,5989500,"B"
"HDB","11:22:22",20.4,0.4,10200,5989400,"S"
"HDB","11:22:20",20.4,0.4,3400,5979200,"S"
"HDB","11:22:09",20.4,0.4,10200,5975800,"S"
"HDB","11:21:53",20.35,0.35,1000,5965600,"B"
"HDB","11:21:42",20.4,0.4,1600,5964600,"S"
"HDB","11:21:41",20.4,0.4,10200,5963000,"S"
"HDB","11:21:36",20.4,0.4,1600,5945000,"S"
"HDB","11:21:30",20.4,0.4,1600,5943400,"S"
"HDB","11:21:26",20.4,0.4,1600,5941800,"S"
"HDB","11:21:25",20.4,0.4,17200,5940200,"S"
"HDB","11:21:21",20.4,0.4,1600,5923000,"S"
"HDB","11:21:19",20.4,0.4,7400,5921400,"S"
"HDB","11:21:17",20.4,0.4,1600,5914000,"S"
"HDB","11:21:11",20.35,0.35,27100,5912400,"S"
"HDB","11:21:10",20.35,0.35,1600,5885300,"S"
"HDB","11:21:08",20.35,0.35,6200,5883700,"S"
"HDB","11:21:07",20.35,0.35,1600,5877500,"S"
"HDB","11:21:03",20.35,0.35,1800,5875900,"S"
"HDB","11:20:59",20.35,0.35,17400,5874100,"S"
"HDB","11:20:55",20.35,0.35,2800,5856700,"S"
"HDB","11:20:54",20.35,0.35,10200,5853900,"S"
"HDB","11:20:51",20.35,0.35,1600,5843700,"S"
"HDB","11:20:46",20.35,0.35,9400,5842100,"S"
"HDB","11:20:40",20.35,0.35,10200,5832700,"S"
"HDB","11:20:38",20.35,0.35,8400,5822500,"S"
"HDB","11:20:35",20.35,0.35,1600,5814100,"S"
"HDB","11:20:32",20.35,0.35,7800,5812500,"S"
"HDB","11:20:31",20.3,0.3,200,5804700,"B"
"HDB","11:20:31",20.35,0.35,10200,5804500,"S"
"HDB","11:20:30",20.35,0.35,1600,5794300,"S"
"HDB","11:20:25",20.35,0.35,1000,5792700,"S"
"HDB","11:20:23",20.35,0.35,1600,5791700,"S"
"HDB","11:20:21",20.3,0.3,1100,5790100,"B"
"HDB","11:20:20",20.35,0.35,1600,5789000,"S"
"HDB","11:20:19",20.35,0.35,10200,5787400,"S"
"HDB","11:20:15",20.35,0.35,7000,5777200,"S"
"HDB","11:20:13",20.35,0.35,1600,5770200,"S"
"HDB","11:20:09",20.3,0.3,1000,5768600,"B"
"HDB","11:20:08",20.35,0.35,6000,5767600,"S"
"HDB","11:19:49",20.35,0.35,4800,5761600,"S"
"HDB","11:19:32",20.35,0.35,3400,5756800,"S"
"HDB","11:19:28",20.3,0.3,100,5753400,"B"
"HDB","11:19:20",20.3,0.3,400,5753300,"B"
"HDB","11:19:02",20.3,0.3,500,5752900,"B"
"HDB","11:18:57",20.3,0.3,2800,5752400,"B"
"HDB","11:18:53",20.3,0.3,4400,5749600,"S"
"HDB","11:18:51",20.3,0.3,55000,5745200,"S"
"HDB","11:18:39",20.3,0.3,3400,5690200,"S"
"HDB","11:18:36",20.3,0.3,500,5686800,"S"
"HDB","11:18:28",20.25,0.25,100,5686300,"B"
"HDB","11:18:22",20.3,0.3,2600,5686200,"S"
"HDB","11:18:06",20.3,0.3,4800,5683600,"S"
"HDB","11:17:44",20.25,0.25,1000,5678800,"B"
"HDB","11:17:39",20.3,0.3,4800,5677800,"S"
"HDB","11:17:29",20.25,0.25,7000,5673000,"B"
"HDB","11:17:24",20.25,0.25,100,5666000,"B"
"HDB","11:17:11",20.25,0.25,200,5665900,"B"
"HDB","11:16:24",20.25,0.25,100,5665700,"B"
"HDB","11:16:11",20.3,0.3,10200,5665600,"S"
"HDB","11:15:35",20.25,0.25,100,5655400,"B"
"HDB","11:15:23",20.3,0.3,10200,5655300,"S"
"HDB","11:15:05",20.3,0.3,10200,5645100,"S"
"HDB","11:14:41",20.25,0.25,200,5634900,"B"
"HDB","11:14:21",20.25,0.25,100,5634700,"B"
"HDB","11:14:17",20.25,0.25,6300,5634600,"B"
"HDB","11:14:02",20.25,0.25,300,5628300,"B"
"HDB","11:13:58",20.25,0.25,100,5628000,"B"
"HDB","11:13:40",20.25,0.25,1000,5627900,"B"
"HDB","11:13:37",20.25,0.25,100,5626900,"B"
"HDB","11:13:26",20.25,0.25,4500,5626800,"B"
"HDB","11:13:02",20.25,0.25,2400,5622300,"B"
"HDB","11:12:58",20.25,0.25,100,5619900,"B"
"HDB","11:12:49",20.25,0.25,500,5619800,"B"
"HDB","11:12:41",20.25,0.25,300,5619300,"B"
"HDB","11:12:18",20.25,0.25,100,5619000,"B"
"HDB","11:11:50",20.25,0.25,20000,5618900,"B"
"HDB","11:11:40",20.25,0.25,23300,5598900,"B"
"HDB","11:11:31",20.3,0.3,100,5575600,"S"
"HDB","11:11:15",20.25,0.25,5000,5575500,"B"
"HDB","11:11:15",20.25,0.25,500,5570500,"B"
"HDB","11:10:50",20.3,0.3,100,5570000,"S"
"HDB","11:10:49",20.25,0.25,100,5569900,"B"
"HDB","11:10:40",20.25,0.25,100,5569800,"B"
"HDB","11:10:32",20.3,0.3,100,5569700,"S"
"HDB","11:10:15",20.25,0.25,100,5569600,"B"
"HDB","11:09:37",20.25,0.25,2800,5569500,"B"
"HDB","11:09:16",20.25,0.25,100,5566700,"B"
"HDB","11:09:09",20.3,0.3,50000,5566600,"S"
"HDB","11:09:04",20.25,0.25,3000,5516600,"B"
"HDB","11:09:03",20.3,0.3,3400,5513600,"S"
"HDB","11:08:43",20.25,0.25,30000,5510200,"B"
"HDB","11:08:37",20.25,0.25,2000,5480200,"B"
"HDB","11:08:31",20.3,0.3,3400,5478200,"S"
"HDB","11:08:12",20.25,0.25,100,5474800,"B"
"HDB","11:07:42",20.25,0.25,100,5474700,"B"
"HDB","11:06:39",20.25,0.25,3500,5474600,"B"
"HDB","11:06:10",20.25,0.25,100,5471100,"B"
"HDB","11:05:44",20.3,0.3,10200,5471000,"S"
"HDB","11:05:11",20.3,0.3,3100,5460800,"S"
"HDB","11:04:59",20.3,0.3,10200,5450600,"S"
"HDB","11:04:57",20.3,0.3,100,5440400,"S"
"HDB","11:04:16",20.3,0.3,10200,5440300,"S"
"HDB","11:04:07",20.25,0.25,100,5430100,"B"
"HDB","11:04:02",20.3,0.3,10200,5430000,"S"
"HDB","11:03:56",20.3,0.3,17700,5419800,"S"
"HDB","11:03:50",20.3,0.3,10200,5402100,"S"
"HDB","11:03:43",20.3,0.3,1600,5391900,"S"
"HDB","11:03:40",20.3,0.3,18000,5390300,"S"
"HDB","11:03:38",20.3,0.3,1600,5372300,"S"
"HDB","11:03:32",20.3,0.3,1600,5370700,"S"
"HDB","11:03:29",20.3,0.3,11800,5369100,"S"
"HDB","11:03:24",20.3,0.3,3800,5357300,"S"
"HDB","11:03:12",20.3,0.3,10200,5353500,"S"
"HDB","11:03:10",20.25,0.25,1000,5343300,"B"
"HDB","11:03:05",20.3,0.3,3400,5342300,"S"
"HDB","11:02:52",20.25,0.25,100,5338900,"B"
"HDB","11:02:43",20.3,0.3,3400,5338800,"S"
"HDB","11:02:28",20.25,0.25,1000,5335400,"B"
"HDB","11:02:15",20.3,0.3,3400,5334400,"S"
"HDB","11:02:15",20.25,0.25,2000,5331000,"B"
"HDB","11:02:10",20.25,0.25,100,5329000,"B"
"HDB","11:02:05",20.25,0.25,100,5328900,"B"
"HDB","11:01:59",20.25,0.25,900,5328800,"B"
"HDB","11:01:37",20.25,0.25,11500,5327900,"B"
"HDB","11:01:18",20.3,0.3,3400,5316400,"S"
"HDB","11:01:01",20.3,0.3,3400,5313000,"S"
"HDB","11:00:57",20.25,0.25,1000,5309600,"B"
"HDB","11:00:18",20.3,0.3,3400,5308600,"S"
"HDB","11:00:02",20.25,0.25,100,5305200,"B"
"HDB","10:59:44",20.3,0.3,500,5305100,"S"
"HDB","10:59:15",20.3,0.3,3400,5304600,"S"
"HDB","10:59:13",20.25,0.25,1000,5301200,"B"
"HDB","10:59:04",20.25,0.25,600,5300200,"S"
"HDB","10:59:02",20.25,0.25,500,5299600,"S"
"HDB","10:59:01",20.25,0.25,20000,5299100,"S"
"HDB","10:58:54",20.25,0.25,31500,5279100,"S"
"HDB","10:58:52",20.25,0.25,10200,5247600,"S"
"HDB","10:58:43",20.25,0.25,3400,5237400,"S"
"HDB","10:58:23",20.25,0.25,3400,5234000,"S"
"HDB","10:58:02",20.25,0.25,3400,5230600,"S"
"HDB","10:58:02",20.25,0.25,10200,5227200,"S"
"HDB","10:58:00",20.2,0.2,100,5217000,"B"
"HDB","10:57:33",20.25,0.25,10200,5216900,"S"
"HDB","10:57:32",20.25,0.25,50000,5206700,"S"
"HDB","10:57:13",20.25,0.25,1000,5156700,"S"
"HDB","10:56:43",20.2,0.2,200,5155700,"B"
"HDB","10:56:41",20.25,0.25,500,5155500,"S"
"HDB","10:56:08",20.25,0.25,3000,5155000,"S"
"HDB","10:55:58",20.2,0.2,100,5152000,"B"
"HDB","10:54:51",20.25,0.25,50000,5151900,"S"
"HDB","10:54:44",20.2,0.2,500,5101900,"B"
"HDB","10:54:44",20.2,0.2,800,5101400,"B"
"HDB","10:54:43",20.2,0.2,100,5100600,"B"
"HDB","10:54:37",20.2,0.2,46500,5100500,"S"
"HDB","10:54:30",20.2,0.2,100,5054000,"S"
"HDB","10:54:07",20.15,0.15,1000,5053900,"B"
"HDB","10:53:56",20.15,0.15,100,5052900,"B"
"HDB","10:53:43",20.2,0.2,400,5052800,"S"
"HDB","10:52:43",20.2,0.2,10000,5052400,"S"
"HDB","10:52:21",20.2,0.2,50000,5042400,"S"
"HDB","10:51:55",20.15,0.15,100,4992400,"B"
"HDB","10:51:45",20.2,0.2,7900,4992300,"B"
"HDB","10:51:43",20.2,0.2,10000,4984400,"B"
"HDB","10:51:26",20.25,0.25,3700,4974400,"S"
"HDB","10:51:25",20.2,0.2,300,4970700,"B"
"HDB","10:51:18",20.2,0.2,36800,4970400,"S"
"HDB","10:51:12",20.2,0.2,1000,4933600,"S"
"HDB","10:51:12",20.2,0.2,9000,4932600,"S"
"HDB","10:51:04",20.2,0.2,2000,4923600,"S"
"HDB","10:51:03",20.2,0.2,100,4921600,"S"
"HDB","10:51:00",20.2,0.2,50000,4921500,"S"
"HDB","10:50:37",20.2,0.2,150000,4871500,"S"
"HDB","10:50:35",20.2,0.2,500,4721500,"S"
"HDB","10:50:22",20.2,0.2,100000,4721000,"S"
"HDB","10:50:05",20.2,0.2,107500,4621000,"S"
"HDB","10:50:05",20.15,0.15,42500,4513500,"S"
"HDB","10:49:53",20.05,0.05,100,4471000,"B"
"HDB","10:49:47",20.15,0.15,1000,4470900,"S"
"HDB","10:48:50",20.15,0.15,130000,4469900,"S"
"HDB","10:48:30",20.15,0.15,50000,4339900,"S"
"HDB","10:48:12",20.15,0.15,128500,4289900,"S"
"HDB","10:48:12",20.1,0.1,21500,4161400,"S"
"HDB","10:47:52",20.05,0.05,100,4139900,"B"
"HDB","10:47:34",20.1,0.1,100000,4139800,"S"
"HDB","10:47:09",20.1,0.1,72600,4039800,"S"
"HDB","10:47:09",20.1,0.1,77400,3967200,"S"
"HDB","10:46:56",20.1,0.1,51300,3889800,"S"
"HDB","10:46:56",20.05,0.05,48700,3838500,"S"
"HDB","10:46:32",20,0,1000,3789800,"B"
"HDB","10:45:50",20,0,100,3788800,"B"
"HDB","10:45:32",20,0,2000,3788700,"B"
"HDB","10:45:17",20,0,900,3786700,"B"
"HDB","10:45:09",20,0,1100,3785800,"B"
"HDB","10:45:01",20,0,1200,3784700,"B"
"HDB","10:44:59",20,0,7000,3783500,"B"
"HDB","10:44:14",20,0,1200,3776500,"B"
"HDB","10:43:49",20,0,100,3775300,"B"
"HDB","10:43:44",20,0,200,3775200,"B"
"HDB","10:43:20",20,0,1100,3775000,"B"
"HDB","10:42:27",20,0,1300,3773900,"B"
"HDB","10:41:48",20,0,100,3772600,"B"
"HDB","10:41:33",20,0,1000,3772500,"B"
"HDB","10:41:11",20,0,100,3771500,"B"
"HDB","10:40:47",20,0,1100,3771400,"B"
"HDB","10:40:30",20,0,11600,3770300,"B"
"HDB","10:40:13",20,0,100,3758700,"B"
"HDB","10:39:59",20,0,900,3758600,"B"
"HDB","10:39:47",20,0,100,3757700,"B"
"HDB","10:39:13",20,0,1100,3757600,"B"
"HDB","10:38:27",20,0,1000,3756500,"B"
"HDB","10:38:23",20,0,1100,3755500,"B"
"HDB","10:38:10",20.05,0.05,100000,3754400,"S"
"HDB","10:37:46",20,0,100,3654400,"B"
"HDB","10:37:44",20,0,1100,3654300,"B"
"HDB","10:36:53",20,0,900,3653200,"B"
"HDB","10:36:09",20,0,1100,3652300,"B"
"HDB","10:36:00",20,0,800,3651200,"B"
"HDB","10:35:46",20,0,100,3650400,"B"
"HDB","10:35:23",20,0,1000,3650300,"B"
"HDB","10:34:15",20,0,8000,3649300,"B"
"HDB","10:33:45",20,0,100,3641300,"B"
"HDB","10:33:43",20,0,900,3641200,"B"
"HDB","10:33:38",20,0,48400,3640300,"S"
"HDB","10:33:00",19.95,-0.05,1000,3591900,"B"
"HDB","10:32:15",19.95,-0.05,1100,3590900,"B"
"HDB","10:31:45",19.95,-0.05,100,3589800,"B"
"HDB","10:31:29",19.95,-0.05,1000,3589700,"B"
"HDB","10:31:08",20,0,3200,3588700,"S"
"HDB","10:30:40",19.95,-0.05,1000,3585500,"B"
"HDB","10:30:15",20,0,1000,3584500,"S"
"HDB","10:30:09",20,0,100,3583500,"S"
"HDB","10:29:59",19.95,-0.05,100,3583400,"B"
"HDB","10:29:54",19.95,-0.05,1100,3583300,"B"
"HDB","10:29:44",19.95,-0.05,100,3582200,"B"
"HDB","10:29:05",19.95,-0.05,1100,3582100,"B"
"HDB","10:29:01",19.95,-0.05,100,3581000,"B"
"HDB","10:28:19",19.95,-0.05,1000,3580900,"B"
"HDB","10:27:44",19.95,-0.05,100,3579900,"B"
"HDB","10:27:32",19.95,-0.05,1000,3579800,"B"
"HDB","10:26:48",19.95,-0.05,1000,3578800,"B"
"HDB","10:26:03",19.95,-0.05,1200,3577800,"B"
"HDB","10:25:44",19.95,-0.05,100,3576600,"B"
"HDB","10:25:42",19.95,-0.05,100,3576500,"B"
"HDB","10:25:26",19.95,-0.05,3400,3576400,"B"
"HDB","10:25:06",19.95,-0.05,900,3573000,"B"
"HDB","10:25:04",20,0,500,3572100,"S"
"HDB","10:24:23",20,0,500,3571600,"S"
"HDB","10:23:44",19.95,-0.05,100,3571100,"B"
"HDB","10:22:53",20,0,500,3571000,"S"
"HDB","10:22:50",20,0,85900,3570500,"B"
"HDB","10:22:08",20,0,3400,3484600,"B"
"HDB","10:21:45",20,0,60000,3481200,"B"
"HDB","10:21:44",20,0,100,3421200,"B"
"HDB","10:21:07",20,0,400,3421100,"B"
"HDB","10:19:44",20,0,100,3420700,"B"
"HDB","10:19:39",20,0,1000,3420600,"B"
"HDB","10:19:17",20,0,3400,3419600,"B"
"HDB","10:18:04",20.05,0.05,100,3416200,"S"
"HDB","10:17:55",20,0,106000,3416100,"B"
"HDB","10:17:50",20,0,2000,3310100,"B"
"HDB","10:17:49",20,0,1300,3308100,"B"
"HDB","10:17:44",20,0,100,3306800,"B"
"HDB","10:17:38",20,0,2000,3306700,"B"
"HDB","10:17:35",20,0,300,3304700,"B"
"HDB","10:17:19",20,0,2000,3304400,"B"
"HDB","10:17:11",20,0,2000,3302400,"B"
"HDB","10:17:05",20,0,2000,3300400,"B"
"HDB","10:16:57",20,0,800,3298400,"B"
"HDB","10:16:09",20,0,700,3297600,"B"
"HDB","10:15:45",20,0,100,3296900,"B"
"HDB","10:15:24",20,0,800,3296800,"B"
"HDB","10:15:13",20,0,3000,3296000,"B"
"HDB","10:14:48",20,0,75000,3293000,"B"
"HDB","10:14:33",20,0,700,3218000,"B"
"HDB","10:13:57",20.05,0.05,300,3217300,"S"
"HDB","10:13:50",20,0,800,3217000,"B"
"HDB","10:13:46",20,0,100,3216200,"B"
"HDB","10:13:04",20,0,800,3216100,"B"
"HDB","10:12:52",20,0,2000,3215300,"B"
"HDB","10:12:29",20,0,40000,3213300,"B"
"HDB","10:12:14",20.05,0.05,50000,3173300,"S"
"HDB","10:12:09",20,0,800,3123300,"B"
"HDB","10:11:46",20,0,100,3122500,"B"
"HDB","10:11:26",20.05,0.05,50000,3122400,"S"
"HDB","10:11:06",20.05,0.05,53600,3072400,"S"
"HDB","10:11:06",20,0,46400,3018800,"S"
"HDB","10:10:36",19.95,-0.05,900,2972400,"B"
"HDB","10:10:05",20,0,3300,2971500,"S"
"HDB","10:09:55",20,0,2000,2968200,"S"
"HDB","10:09:47",19.95,-0.05,100,2966200,"B"
"HDB","10:09:45",20,0,5000,2966100,"S"
"HDB","10:09:45",19.95,-0.05,800,2961100,"B"
"HDB","10:09:37",20,0,10000,2960300,"S"
"HDB","10:08:58",19.95,-0.05,700,2950300,"B"
"HDB","10:08:26",19.95,-0.05,3400,2949600,"B"
"HDB","10:08:16",20,0,500,2946200,"S"
"HDB","10:08:13",19.95,-0.05,800,2945700,"B"
"HDB","10:08:07",20,0,2900,2944900,"B"
"HDB","10:07:47",20,0,100,2942000,"B"
"HDB","10:07:34",20,0,3400,2941900,"B"
"HDB","10:07:02",20,0,33600,2938500,"S"
"HDB","10:06:39",20,0,60000,2904900,"S"
"HDB","10:06:34",19.95,-0.05,700,2844900,"B"
"HDB","10:06:21",19.95,-0.05,3400,2844200,"B"
"HDB","10:06:06",20,0,50000,2840800,"S"
"HDB","10:05:49",19.95,-0.05,700,2790800,"B"
"HDB","10:05:48",19.95,-0.05,100,2790100,"B"
"HDB","10:05:32",19.95,-0.05,3400,2790000,"B"
"HDB","10:05:04",19.95,-0.05,900,2786600,"B"
"HDB","10:05:02",19.95,-0.05,3400,2785700,"B"
"HDB","10:04:15",19.95,-0.05,2000,2782300,"B"
"HDB","10:04:01",20,0,2000,2780300,"S"
"HDB","10:03:49",19.95,-0.05,100,2778300,"B"
"HDB","10:03:44",20,0,250000,2778200,"S"
"HDB","10:03:26",19.95,-0.05,800,2528200,"B"
"HDB","10:02:48",19.95,-0.05,1600,2527400,"B"
"HDB","10:02:43",19.95,-0.05,1600,2525800,"B"
"HDB","10:02:41",19.95,-0.05,700,2524200,"B"
"HDB","10:02:39",19.95,-0.05,1600,2523500,"B"
"HDB","10:02:36",20,0,10000,2521900,"S"
"HDB","10:02:34",19.95,-0.05,1600,2511900,"B"
"HDB","10:02:28",19.95,-0.05,1600,2510300,"B"
"HDB","10:02:22",19.95,-0.05,1600,2508700,"B"
"HDB","10:01:56",19.95,-0.05,800,2507100,"B"
"HDB","10:01:51",19.95,-0.05,100,2506300,"B"
"HDB","10:01:11",19.95,-0.05,1600,2506200,"B"
"HDB","10:01:08",19.95,-0.05,700,2504600,"B"
"HDB","10:01:04",19.95,-0.05,1600,2503900,"B"
"HDB","10:00:53",19.95,-0.05,1000,2502300,"B"
"HDB","10:00:24",19.95,-0.05,800,2501300,"B"
"HDB","10:00:02",19.95,-0.05,400,2500500,"B"
"HDB","09:59:52",19.95,-0.05,100,2500100,"B"
"HDB","09:59:46",19.95,-0.05,1600,2500000,"B"
"HDB","09:59:36",19.95,-0.05,700,2498400,"B"
"HDB","09:59:08",19.95,-0.05,1600,2497700,"B"
"HDB","09:58:48",19.95,-0.05,100,2496100,"B"
"HDB","09:58:47",19.95,-0.05,700,2496000,"B"
"HDB","09:58:38",19.95,-0.05,3400,2495300,"B"
"HDB","09:58:05",19.95,-0.05,800,2491900,"B"
"HDB","09:57:55",20,0,100,2491100,"S"
"HDB","09:57:53",19.95,-0.05,100,2491000,"B"
"HDB","09:57:49",20,0,16000,2490900,"S"
"HDB","09:57:34",19.95,-0.05,1600,2474900,"B"
"HDB","09:57:30",19.95,-0.05,1600,2473300,"B"
"HDB","09:57:26",19.95,-0.05,300,2471700,"B"
"HDB","09:57:24",19.95,-0.05,6800,2471400,"B"
"HDB","09:57:24",20,0,15000,2464600,"S"
"HDB","09:57:23",19.95,-0.05,1600,2449600,"B"
"HDB","09:57:22",19.95,-0.05,9300,2448000,"B"
"HDB","09:57:22",19.95,-0.05,6800,2438700,"B"
"HDB","09:57:21",19.95,-0.05,6800,2431900,"B"
"HDB","09:57:20",19.95,-0.05,700,2425100,"B"
"HDB","09:57:19",19.95,-0.05,1600,2424400,"B"
"HDB","09:57:13",19.95,-0.05,1600,2422800,"B"
"HDB","09:57:07",19.95,-0.05,1600,2421200,"B"
"HDB","09:57:02",19.95,-0.05,1600,2419600,"B"
"HDB","09:57:01",20,0,100,2418000,"S"
"HDB","09:56:59",19.95,-0.05,2000,2417900,"B"
"HDB","09:56:58",20,0,2000,2415900,"S"
"HDB","09:56:56",19.95,-0.05,1600,2413900,"B"
"HDB","09:56:52",19.95,-0.05,1600,2412300,"B"
"HDB","09:56:47",19.95,-0.05,3600,2410700,"B"
"HDB","09:56:43",19.95,-0.05,1600,2407100,"B"
"HDB","09:56:40",19.95,-0.05,2000,2405500,"B"
"HDB","09:56:37",19.95,-0.05,1600,2403500,"B"
"HDB","09:56:35",20,0,100,2401900,"S"
"HDB","09:56:33",20,0,1400,2401800,"B"
"HDB","09:56:32",20,0,1600,2400400,"B"
"HDB","09:56:26",20,0,1600,2398800,"B"
"HDB","09:56:22",20,0,2000,2397200,"B"
"HDB","09:56:22",20,0,20000,2395200,"B"
"HDB","09:56:21",20,0,1600,2375200,"B"
"HDB","09:56:17",20,0,1600,2373600,"B"
"HDB","09:56:16",20,0,10000,2372000,"B"
"HDB","09:56:06",20,0,1500,2362000,"B"
"HDB","09:55:54",20,0,100,2360500,"B"
"HDB","09:55:47",20,0,800,2360400,"B"
"HDB","09:55:26",20,0,1600,2359600,"B"
"HDB","09:54:57",20,0,900,2358000,"B"
"HDB","09:54:44",20,0,40000,2357100,"B"
"HDB","09:54:38",20,0,100,2317100,"B"
"HDB","09:54:10",20,0,2200,2317000,"S"
"HDB","09:54:09",20,0,37800,2314800,"B"
"HDB","09:54:06",20,0,800,2277000,"B"
"HDB","09:53:56",20,0,100,2276200,"B"
"HDB","09:53:29",20.05,0.05,800,2276100,"S"
"HDB","09:53:14",20,0,100,2275300,"B"
"HDB","09:53:11",20,0,900,2275200,"B"
"HDB","09:52:18",20,0,200,2274300,"B"
"HDB","09:52:16",20,0,800,2274100,"B"
"HDB","09:52:13",20,0,5000,2273300,"B"
"HDB","09:52:08",20,0,6800,2268300,"B"
"HDB","09:52:01",20,0,100,2261500,"B"
"HDB","09:51:59",20,0,100,2261400,"B"
"HDB","09:51:52",20,0,4000,2261300,"B"
"HDB","09:51:28",20,0,800,2257300,"B"
"HDB","09:50:40",20.05,0.05,50000,2256500,"S"
"HDB","09:50:35",20,0,1600,2206500,"B"
"HDB","09:50:33",20,0,5300,2204900,"B"
"HDB","09:50:29",20,0,1600,2199600,"B"
"HDB","09:50:24",20,0,1600,2198000,"B"
"HDB","09:50:18",20,0,1600,2196400,"B"
"HDB","09:50:16",20,0,600,2194800,"B"
"HDB","09:50:14",20,0,1600,2194200,"B"
"HDB","09:50:09",20,0,1600,2192600,"B"
"HDB","09:50:03",20,0,5000,2191000,"B"
"HDB","09:50:01",20,0,1600,2186000,"B"
"HDB","09:49:59",20,0,100,2184400,"B"
"HDB","09:49:56",20,0,1600,2184300,"B"
"HDB","09:49:53",20,0,1600,2182700,"B"
"HDB","09:49:52",20.05,0.05,150000,2181100,"S"
"HDB","09:49:48",20,0,1600,2031100,"B"
"HDB","09:49:46",20,0,7000,2029500,"B"
"HDB","09:49:45",20,0,700,2022500,"B"
"HDB","09:49:43",20,0,1600,2021800,"B"
"HDB","09:49:37",20,0,1600,2020200,"B"
"HDB","09:49:31",20,0,1600,2018600,"B"
"HDB","09:49:26",20,0,1600,2017000,"B"
"HDB","09:49:22",20,0,1600,2015400,"B"
"HDB","09:49:15",20,0,1600,2013800,"B"
"HDB","09:49:10",20,0,1600,2012200,"B"
"HDB","09:49:06",20,0,1600,2010600,"B"
"HDB","09:49:01",20,0,1600,2009000,"B"
"HDB","09:48:59",20,0,800,2007400,"B"
"HDB","09:48:56",20,0,1600,2006600,"B"
"HDB","09:48:51",20,0,1600,2005000,"B"
"HDB","09:48:50",20,0,71600,2003400,"B"
"HDB","09:48:44",20,0,1600,1931800,"B"
"HDB","09:48:40",20,0,1600,1930200,"B"
"HDB","09:48:35",20,0,66600,1928600,"B"
"HDB","09:48:30",20,0,1600,1862000,"B"
"HDB","09:48:24",20,0,1600,1860400,"B"
"HDB","09:48:18",20,0,1600,1858800,"B"
"HDB","09:48:13",20,0,2200,1857200,"B"
"HDB","09:48:06",20.05,0.05,33000,1855000,"B"
"HDB","09:48:03",20.05,0.05,1600,1822000,"B"
"HDB","09:48:01",20.05,0.05,39100,1820400,"B"
"HDB","09:47:58",20.05,0.05,1600,1781300,"B"
"HDB","09:47:54",20.05,0.05,1600,1779700,"B"
"HDB","09:47:48",20.05,0.05,46600,1778100,"B"
"HDB","09:47:43",20.05,0.05,1600,1731500,"B"
"HDB","09:47:19",20.05,0.05,1000,1729900,"B"
"HDB","09:46:56",20.05,0.05,12900,1728900,"S"
"HDB","09:46:51",20.05,0.05,75800,1716000,"S"
"HDB","09:46:51",20,0,76200,1640200,"B"
"HDB","09:46:31",20,0,40000,1564000,"B"
"HDB","09:46:03",20,0,100,1524000,"B"
"HDB","09:44:44",20,0,400,1523900,"B"
"HDB","09:44:20",20.05,0.05,40000,1523500,"S"
"HDB","09:44:18",20,0,50000,1483500,"B"
"HDB","09:44:05",20,0,100,1433500,"B"
"HDB","09:42:23",20.05,0.05,300,1433400,"S"
"HDB","09:42:15",20.05,0.05,200,1433100,"S"
"HDB","09:42:08",20,0,200,1432900,"S"
"HDB","09:42:08",20,0,88800,1432700,"B"
"HDB","09:42:07",20,0,100,1343900,"B"
"HDB","09:41:56",20,0,1800,1343800,"B"
"HDB","09:41:49",20.05,0.05,600,1342000,"S"
"HDB","09:41:16",20,0,91500,1341400,"B"
"HDB","09:40:53",20,0,1000,1249900,"B"
"HDB","09:40:39",20,0,400,1248900,"B"
"HDB","09:40:31",20,0,92000,1248500,"B"
"HDB","09:40:20",20,0,2000,1156500,"B"
"HDB","09:40:09",20,0,100,1154500,"B"
"HDB","09:39:05",20,0,2000,1154400,"B"
"HDB","09:38:51",20,0,2000,1152400,"B"
"HDB","09:38:43",20,0,2000,1150400,"B"
"HDB","09:38:11",20,0,100,1148400,"B"
"HDB","09:37:57",20,0,2000,1148300,"B"
"HDB","09:37:51",20,0,2000,1146300,"B"
"HDB","09:37:30",20,0,2000,1144300,"B"
"HDB","09:37:12",20,0,2000,1142300,"B"
"HDB","09:37:05",20,0,2000,1140300,"B"
"HDB","09:36:14",20,0,100,1138300,"B"
"HDB","09:35:55",20,0,3600,1138200,"B"
"HDB","09:35:08",20,0,100,1134600,"B"
"HDB","09:34:16",20,0,100,1134500,"B"
"HDB","09:32:56",20.05,0.05,1000,1134400,"S"
"HDB","09:32:44",20,0,200,1133400,"B"
"HDB","09:32:40",20.05,0.05,100,1133200,"S"
"HDB","09:32:34",20,0,20000,1133100,"B"
"HDB","09:32:19",20,0,100,1113100,"B"
"HDB","09:32:18",20.05,0.05,1000,1113000,"S"
"HDB","09:31:47",20.05,0.05,200,1112000,"S"
"HDB","09:31:36",20,0,63000,1111800,"B"
"HDB","09:31:24",20,0,100,1048800,"B"
"HDB","09:31:14",20,0,200,1048700,"B"
"HDB","09:31:10",20,0,62000,1048500,"B"
"HDB","09:30:21",20,0,100,986500,"B"
"HDB","09:29:03",20.05,0.05,400,986400,"S"
"HDB","09:26:16",20.05,0.05,100,986000,"S"
"HDB","09:26:04",20.05,0.05,300,985900,"B"
"HDB","09:26:02",20.05,0.05,200,985600,"B"
"HDB","09:25:54",20.05,0.05,10000,985400,"B"
"HDB","09:25:45",20.05,0.05,2000,975400,"B"
"HDB","09:25:39",20.05,0.05,17500,973400,"S"
"HDB","09:25:33",20.05,0.05,20000,955900,"S"
"HDB","09:24:56",20.05,0.05,20000,935900,"S"
"HDB","09:24:36",20.05,0.05,100,915900,"S"
"HDB","09:24:35",20.05,0.05,5000,915800,"S"
"HDB","09:24:25",20.05,0.05,30000,910800,"S"
"HDB","09:23:56",20.05,0.05,500,880800,"S"
"HDB","09:23:52",20,0,1600,880300,"B"
"HDB","09:23:51",20,0,20000,878700,"B"
"HDB","09:23:43",20,0,1600,858700,"B"
"HDB","09:23:11",20.05,0.05,60000,857100,"S"
"HDB","09:23:03",20,0,2100,797100,"B"
"HDB","09:22:53",20,0,6200,795000,"B"
"HDB","09:22:40",20.05,0.05,50100,788800,"S"
"HDB","09:22:39",20,0,500,738700,"B"
"HDB","09:22:22",20,0,300,738200,"B"
"HDB","09:22:21",20,0,100,737900,"B"
"HDB","09:22:15",20,0,28000,737800,"B"
"HDB","09:22:12",20,0,1600,709800,"B"
"HDB","09:21:56",20,0,2700,708200,"B"
"HDB","09:21:45",20,0,30000,705500,"B"
"HDB","09:21:19",20,0,2000,675500,"B"
"HDB","09:20:28",20,0,2000,673500,"B"
"HDB","09:20:27",20,0,2000,671500,"B"
"HDB","09:19:59",20,0,2000,669500,"B"
"HDB","09:19:50",20,0,25000,667500,"B"
"HDB","09:19:48",20,0,2000,642500,"B"
"HDB","09:19:29",20,0,22000,640500,"B"
"HDB","09:19:06",20,0,200,618500,"B"
"HDB","09:19:00",20.05,0.05,30000,618300,"S"
"HDB","09:18:45",20,0,200,588300,"B"
"HDB","09:18:19",20,0,25000,588100,"B"
"HDB","09:18:00",20,0,22000,563100,"B"
"HDB","09:17:14",20,0,2000,541100,"B"
"HDB","09:17:00",20,0,2000,539100,"B"
"HDB","09:16:28",20,0,1000,537100,"B"
"HDB","09:16:21",20,0,2000,536100,"B"
"HDB","09:15:48",20,0,2000,534100,"B"
"HDB","09:15:40",20,0,2000,532100,"B"
"HDB","09:15:31",20,0,2000,530100,"B"
"HDB","09:15:11",20,0,1600,528100,"B"
"HDB","09:15:07",20.05,0.05,1000,526500,"S"
"HDB","09:15:04",20,0,600,525500,"B"
"HDB","09:15:03",20.05,0.05,1000,524900,"S"
"HDB","09:15:03",20,0,100,523900,"B"
"HDB","09:15:01",20.05,0.05,523800,523800,
