"symbol","time","price","change","vol","total","side"
"HDC","14:45:00",32.65,0.2,92200,3240500,
"HDC","14:29:59",32.7,0.25,200,3148300,"S"
"HDC","14:29:56",32.7,0.25,400,3148100,"S"
"HDC","14:29:55",32.7,0.25,1600,3147700,"S"
"HDC","14:29:50",32.7,0.25,1000,3146100,"S"
"HDC","14:29:43",32.7,0.25,100,3145100,"S"
"HDC","14:29:38",32.7,0.25,3700,3145000,"S"
"HDC","14:29:37",32.65,0.2,200,3141300,"B"
"HDC","14:29:34",32.65,0.2,2000,3141100,"B"
"HDC","14:29:27",32.65,0.2,1000,3139100,"B"
"HDC","14:29:23",32.65,0.2,2000,3138100,"B"
"HDC","14:29:17",32.65,0.2,2000,3136100,"B"
"HDC","14:29:16",32.65,0.2,6100,3134100,"B"
"HDC","14:29:07",32.7,0.25,500,3128000,"S"
"HDC","14:29:05",32.7,0.25,2000,3127500,"S"
"HDC","14:28:55",32.7,0.25,200,3125500,"S"
"HDC","14:28:51",32.7,0.25,1000,3125300,"S"
"HDC","14:28:34",32.7,0.25,1000,3124300,"S"
"HDC","14:28:30",32.7,0.25,1500,3123300,"B"
"HDC","14:28:18",32.6,0.15,1000,3121800,"B"
"HDC","14:28:18",32.65,0.2,17500,3120800,"B"
"HDC","14:28:18",32.7,0.25,17500,3103300,"B"
"HDC","14:28:11",32.7,0.25,2000,3085800,"B"
"HDC","14:28:03",32.75,0.3,100,3083800,"S"
"HDC","14:27:58",32.7,0.25,4000,3083700,"B"
"HDC","14:27:38",32.75,0.3,300,3079700,"S"
"HDC","14:27:28",32.75,0.3,100,3079400,"S"
"HDC","14:27:16",32.75,0.3,100,3079300,"S"
"HDC","14:27:06",32.75,0.3,4000,3079200,"S"
"HDC","14:27:05",32.7,0.25,2400,3075200,"B"
"HDC","14:27:02",32.7,0.25,1000,3072800,"B"
"HDC","14:26:50",32.7,0.25,1000,3071800,"B"
"HDC","14:26:42",32.75,0.3,400,3070800,"S"
"HDC","14:26:41",32.75,0.3,4600,3070400,"B"
"HDC","14:26:37",32.75,0.3,100,3065800,"B"
"HDC","14:26:26",32.75,0.3,6500,3065700,"B"
"HDC","14:26:18",32.8,0.35,6800,3059200,"B"
"HDC","14:26:17",32.8,0.35,900,3052400,"B"
"HDC","14:26:15",32.8,0.35,2000,3051500,"B"
"HDC","14:26:11",32.8,0.35,100,3049500,"B"
"HDC","14:26:10",32.8,0.35,2000,3049400,"B"
"HDC","14:26:10",32.8,0.35,100,3047400,"B"
"HDC","14:26:04",32.8,0.35,2000,3047300,"B"
"HDC","14:25:58",32.85,0.4,3000,3045300,"S"
"HDC","14:25:44",32.8,0.35,200,3042300,"B"
"HDC","14:25:42",32.8,0.35,5000,3042100,"B"
"HDC","14:25:37",32.8,0.35,2000,3037100,"B"
"HDC","14:25:16",32.85,0.4,100,3035100,"S"
"HDC","14:25:09",32.85,0.4,500,3035000,"S"
"HDC","14:24:39",32.85,0.4,400,3034500,"S"
"HDC","14:24:35",32.85,0.4,1300,3034100,"S"
"HDC","14:24:20",32.85,0.4,3000,3032800,"B"
"HDC","14:24:19",32.85,0.4,100,3029800,"B"
"HDC","14:24:17",32.85,0.4,4000,3029700,"B"
"HDC","14:24:06",32.85,0.4,1000,3025700,"B"
"HDC","14:24:05",32.9,0.45,700,3024700,"S"
"HDC","14:24:01",32.85,0.4,11700,3024000,"B"
"HDC","14:23:36",32.9,0.45,1800,3012300,"S"
"HDC","14:23:18",32.9,0.45,7000,3010500,"S"
"HDC","14:23:10",32.9,0.45,1000,3003500,"S"
"HDC","14:23:00",32.9,0.45,500,3002500,"S"
"HDC","14:22:35",32.85,0.4,200,3002000,"B"
"HDC","14:22:31",32.9,0.45,200,3001800,"S"
"HDC","14:22:30",32.9,0.45,5000,3001600,"S"
"HDC","14:22:30",32.9,0.45,1000,2996600,"S"
"HDC","14:22:29",32.9,0.45,400,2995600,"S"
"HDC","14:22:28",32.9,0.45,200,2995200,"S"
"HDC","14:22:27",32.9,0.45,1200,2995000,"S"
"HDC","14:22:26",32.9,0.45,600,2993800,"S"
"HDC","14:22:25",32.9,0.45,200,2993200,"S"
"HDC","14:22:24",32.9,0.45,200,2993000,"S"
"HDC","14:22:24",32.9,0.45,200,2992800,"S"
"HDC","14:22:22",32.9,0.45,200,2992600,"S"
"HDC","14:22:22",32.9,0.45,1000,2992400,"S"
"HDC","14:22:21",32.9,0.45,300,2991400,"S"
"HDC","14:22:20",32.9,0.45,1000,2991100,"S"
"HDC","14:22:19",32.9,0.45,1000,2990100,"S"
"HDC","14:22:19",32.9,0.45,200,2989100,"S"
"HDC","14:22:16",32.9,0.45,1000,2988900,"S"
"HDC","14:22:15",32.9,0.45,200,2987900,"S"
"HDC","14:22:15",32.85,0.4,200,2987700,"S"
"HDC","14:22:14",32.85,0.4,1200,2987500,"S"
"HDC","14:22:13",32.85,0.4,600,2986300,"S"
"HDC","14:22:12",32.85,0.4,600,2985700,"S"
"HDC","14:22:11",32.85,0.4,400,2985100,"S"
"HDC","14:22:10",32.85,0.4,900,2984700,"S"
"HDC","14:22:09",32.85,0.4,200,2983800,"S"
"HDC","14:22:08",32.85,0.4,200,2983600,"S"
"HDC","14:22:07",32.85,0.4,600,2983400,"S"
"HDC","14:22:07",32.85,0.4,1900,2982800,"S"
"HDC","14:22:06",32.85,0.4,1200,2980900,"S"
"HDC","14:22:05",32.85,0.4,200,2979700,"S"
"HDC","14:21:56",32.85,0.4,100,2979500,"S"
"HDC","14:21:50",32.85,0.4,1000,2979400,"S"
"HDC","14:21:28",32.85,0.4,100,2978400,"S"
"HDC","14:21:24",32.85,0.4,200,2978300,"S"
"HDC","14:21:14",32.85,0.4,8900,2978100,"B"
"HDC","14:21:05",32.9,0.45,1000,2969200,"S"
"HDC","14:20:48",32.9,0.45,100,2968200,"S"
"HDC","14:20:45",32.9,0.45,300,2968100,"S"
"HDC","14:20:40",32.9,0.45,4200,2967800,"B"
"HDC","14:20:30",32.9,0.45,100,2963600,"B"
"HDC","14:20:27",32.9,0.45,19900,2963500,"B"
"HDC","14:20:26",32.9,0.45,1000,2943600,"B"
"HDC","14:20:18",32.9,0.45,400,2942600,"B"
"HDC","14:20:15",32.9,0.45,500,2942200,"B"
"HDC","14:19:58",32.9,0.45,500,2941700,"B"
"HDC","14:19:41",32.9,0.45,300,2941200,"B"
"HDC","14:19:17",32.9,0.45,100,2940900,"B"
"HDC","14:19:10",32.9,0.45,11400,2940800,"S"
"HDC","14:18:11",32.9,0.45,500,2929400,"S"
"HDC","14:18:06",32.9,0.45,100,2928900,"S"
"HDC","14:18:04",32.9,0.45,1000,2928800,"B"
"HDC","14:18:03",32.9,0.45,2000,2927800,"B"
"HDC","14:18:00",32.9,0.45,1000,2925800,"B"
"HDC","14:17:59",32.9,0.45,3100,2924800,"B"
"HDC","14:17:58",32.9,0.45,300,2921700,"B"
"HDC","14:17:58",32.9,0.45,2000,2921400,"B"
"HDC","14:17:56",32.9,0.45,1200,2919400,"B"
"HDC","14:17:52",32.9,0.45,1000,2918200,"B"
"HDC","14:17:49",32.9,0.45,6000,2917200,"B"
"HDC","14:17:49",32.9,0.45,7700,2911200,"B"
"HDC","14:17:47",32.9,0.45,1000,2903500,"B"
"HDC","14:17:43",32.9,0.45,500,2902500,"B"
"HDC","14:17:18",32.9,0.45,1500,2902000,"B"
"HDC","14:17:10",32.95,0.5,5600,2900500,"B"
"HDC","14:17:09",33,0.55,6500,2894900,"S"
"HDC","14:17:08",32.95,0.5,400,2888400,"B"
"HDC","14:16:59",32.95,0.5,6000,2888000,"B"
"HDC","14:16:50",32.95,0.5,2000,2882000,"B"
"HDC","14:16:49",32.95,0.5,3000,2880000,"B"
"HDC","14:16:29",33,0.55,900,2877000,"B"
"HDC","14:16:27",33,0.55,5000,2876100,"B"
"HDC","14:16:26",33,0.55,5200,2871100,"B"
"HDC","14:16:25",33,0.55,200,2865900,"B"
"HDC","14:16:25",33,0.55,11000,2865700,"B"
"HDC","14:16:24",33,0.55,6000,2854700,"B"
"HDC","14:16:22",33,0.55,6500,2848700,"B"
"HDC","14:16:21",33,0.55,1900,2842200,"B"
"HDC","14:16:20",33,0.55,10600,2840300,"B"
"HDC","14:16:17",33,0.55,4000,2829700,"B"
"HDC","14:16:15",33,0.55,5000,2825700,"B"
"HDC","14:16:15",33,0.55,2000,2820700,"B"
"HDC","14:16:14",33,0.55,400,2818700,"B"
"HDC","14:16:12",33,0.55,2000,2818300,"B"
"HDC","14:16:11",33,0.55,500,2816300,"B"
"HDC","14:16:10",33,0.55,5000,2815800,"B"
"HDC","14:16:10",33,0.55,2300,2810800,"B"
"HDC","14:16:06",33,0.55,2000,2808500,"B"
"HDC","14:16:05",33,0.55,38600,2806500,"B"
"HDC","14:16:04",33,0.55,3000,2767900,"B"
"HDC","14:16:03",33,0.55,2000,2764900,"B"
"HDC","14:16:01",33,0.55,1500,2762900,"B"
"HDC","14:15:59",33,0.55,500,2761400,"B"
"HDC","14:15:57",33,0.55,1000,2760900,"B"
"HDC","14:15:56",33,0.55,2000,2759900,"B"
"HDC","14:15:53",33,0.55,100,2757900,"B"
"HDC","14:15:46",33,0.55,4000,2757800,"B"
"HDC","14:15:44",33,0.55,200,2753800,"B"
"HDC","14:15:31",33,0.55,1000,2753600,"B"
"HDC","14:15:31",33,0.55,10000,2752600,"B"
"HDC","14:15:22",33.05,0.6,100,2742600,"S"
"HDC","14:14:59",33.05,0.6,300,2742500,"S"
"HDC","14:14:35",33.05,0.6,1800,2742200,"S"
"HDC","14:14:19",33.05,0.6,100,2740400,"S"
"HDC","14:14:11",33.05,0.6,1000,2740300,"S"
"HDC","14:14:02",33.1,0.65,500,2739300,"S"
"HDC","14:14:02",33.05,0.6,200,2738800,"S"
"HDC","14:13:59",33.05,0.6,200,2738600,"S"
"HDC","14:13:56",33.05,0.6,9700,2738400,"B"
"HDC","14:13:54",33.05,0.6,1000,2728700,"B"
"HDC","14:13:48",33.05,0.6,500,2727700,"B"
"HDC","14:13:37",33.05,0.6,400,2727200,"B"
"HDC","14:13:22",33.05,0.6,500,2726800,"B"
"HDC","14:13:20",33.05,0.6,500,2726300,"S"
"HDC","14:13:19",33.05,0.6,500,2725800,"S"
"HDC","14:13:17",33.05,0.6,2000,2725300,"B"
"HDC","14:13:15",33.05,0.6,1000,2723300,"B"
"HDC","14:13:14",33.05,0.6,500,2722300,"B"
"HDC","14:13:08",33.05,0.6,1000,2721800,"B"
"HDC","14:13:06",33.05,0.6,100,2720800,"B"
"HDC","14:13:03",33.1,0.65,1600,2720700,"S"
"HDC","14:13:02",33.05,0.6,5200,2719100,"B"
"HDC","14:13:01",33.1,0.65,100,2713900,"S"
"HDC","14:13:01",33.05,0.6,100,2713800,"B"
"HDC","14:12:58",33.05,0.6,2000,2713700,"B"
"HDC","14:12:57",33.05,0.6,1000,2711700,"B"
"HDC","14:12:50",33.05,0.6,2200,2710700,"B"
"HDC","14:12:47",33.05,0.6,15100,2708500,"S"
"HDC","14:12:41",33.05,0.6,700,2693400,"S"
"HDC","14:12:39",33.05,0.6,2600,2692700,"S"
"HDC","14:12:22",33.05,0.6,200,2690100,"S"
"HDC","14:12:21",33.05,0.6,200,2689900,"S"
"HDC","14:12:14",33.05,0.6,500,2689700,"B"
"HDC","14:12:13",33.05,0.6,500,2689200,"B"
"HDC","14:12:10",33.05,0.6,3900,2688700,"B"
"HDC","14:12:08",33.05,0.6,100,2684800,"B"
"HDC","14:12:06",33.05,0.6,1300,2684700,"B"
"HDC","14:11:59",33.05,0.6,2000,2683400,"B"
"HDC","14:11:56",33.05,0.6,1000,2681400,"B"
"HDC","14:11:54",33.05,0.6,5000,2680400,"B"
"HDC","14:11:50",33.1,0.65,900,2675400,"S"
"HDC","14:11:49",33.05,0.6,1000,2674500,"B"
"HDC","14:11:47",33.05,0.6,100,2673500,"B"
"HDC","14:11:41",33.05,0.6,4000,2673400,"B"
"HDC","14:11:33",33.05,0.6,8300,2669400,"B"
"HDC","14:11:30",33.15,0.7,51000,2619400,"S"
"HDC","14:11:17",33.15,0.7,500,2568400,"S"
"HDC","14:11:12",33.15,0.7,5000,2567900,"S"
"HDC","14:11:07",33.15,0.7,200,2562800,"S"
"HDC","14:11:04",33.15,0.7,4000,2562600,"S"
"HDC","14:11:03",33.1,0.65,6500,2558600,"B"
"HDC","14:11:02",33.15,0.7,300,2552100,"S"
"HDC","14:10:56",33.15,0.7,2400,2551800,"S"
"HDC","14:10:51",33.15,0.7,2000,2549400,"S"
"HDC","14:10:39",33.15,0.7,20000,2547400,"S"
"HDC","14:10:34",33.1,0.65,400,2527400,"B"
"HDC","14:10:33",33.1,0.65,200,2527000,"B"
"HDC","14:10:30",33.1,0.65,3000,2526800,"B"
"HDC","14:10:28",33.1,0.65,100,2523800,"B"
"HDC","14:10:24",33.1,0.65,500,2523700,"B"
"HDC","14:10:20",33.1,0.65,1000,2523200,"B"
"HDC","14:10:19",33.1,0.65,7000,2522200,"B"
"HDC","14:10:19",33.1,0.65,10000,2515200,"B"
"HDC","14:10:16",33.15,0.7,5000,2505200,"S"
"HDC","14:10:13",33.1,0.65,200,2500200,"B"
"HDC","14:10:09",33.1,0.65,200,2500000,"B"
"HDC","14:10:01",33.1,0.65,1000,2499800,"B"
"HDC","14:09:57",33.15,0.7,100,2498800,"S"
"HDC","14:09:53",33.2,0.75,5300,2498700,"S"
"HDC","14:09:53",33.15,0.7,8100,2493400,"B"
"HDC","14:09:52",33.15,0.7,20000,2485300,"B"
"HDC","14:09:51",33.15,0.7,2300,2465300,"B"
"HDC","14:09:50",33.15,0.7,2000,2463000,"B"
"HDC","14:09:49",33.15,0.7,15500,2461000,"B"
"HDC","14:09:47",33.15,0.7,1000,2445500,"B"
"HDC","14:09:46",33.15,0.7,3000,2444500,"B"
"HDC","14:09:45",33.15,0.7,13200,2441500,"B"
"HDC","14:09:44",33.15,0.7,2500,2428300,"B"
"HDC","14:09:42",33.15,0.7,900,2425800,"B"
"HDC","14:09:41",33.15,0.7,3300,2424900,"B"
"HDC","14:09:38",33.15,0.7,1100,2421600,"B"
"HDC","14:09:36",33.15,0.7,2000,2420500,"B"
"HDC","14:09:35",33.2,0.75,100,2418500,"S"
"HDC","14:09:35",33.2,0.75,900,2418400,"S"
"HDC","14:09:33",33.15,0.7,1000,2417500,"B"
"HDC","14:09:31",33.15,0.7,100,2416500,"B"
"HDC","14:09:29",33.15,0.7,5000,2416400,"B"
"HDC","14:09:24",33.15,0.7,500,2411400,"B"
"HDC","14:09:24",33.2,0.75,2000,2410900,"S"
"HDC","14:09:16",33.2,0.75,3300,2408900,"S"
"HDC","14:09:03",33.2,0.75,1000,2405600,"S"
"HDC","14:09:02",33.15,0.7,300,2404600,"B"
"HDC","14:08:56",33.15,0.7,1000,2404300,"B"
"HDC","14:08:54",33.2,0.75,2000,2403300,"S"
"HDC","14:08:52",33.15,0.7,200,2401300,"B"
"HDC","14:08:51",33.2,0.75,100,2401100,"S"
"HDC","14:08:51",33.15,0.7,100,2401000,"B"
"HDC","14:08:45",33.2,0.75,5000,2400900,"S"
"HDC","14:08:44",33.15,0.7,1000,2395900,"B"
"HDC","14:08:43",33.15,0.7,200,2394900,"B"
"HDC","14:08:41",33.15,0.7,200,2394700,"B"
"HDC","14:08:40",33.15,0.7,1000,2394500,"B"
"HDC","14:08:37",33.15,0.7,2500,2393500,"B"
"HDC","14:08:26",33.2,0.75,2000,2391000,"S"
"HDC","14:08:23",33.15,0.7,200,2389000,"B"
"HDC","14:08:22",33.15,0.7,100,2388800,"B"
"HDC","14:08:22",33.15,0.7,2100,2388700,"B"
"HDC","14:08:19",33.15,0.7,42400,2386600,"S"
"HDC","14:08:10",33.1,0.65,2000,2344200,"B"
"HDC","14:07:57",33.15,0.7,200,2342200,"S"
"HDC","14:07:44",33.15,0.7,1200,2342000,"S"
"HDC","14:07:43",33.1,0.65,500,2340800,"B"
"HDC","14:07:42",33.1,0.65,300,2340300,"B"
"HDC","14:07:38",33.15,0.7,100,2340000,"S"
"HDC","14:07:34",33.1,0.65,200,2339900,"B"
"HDC","14:07:33",33.15,0.7,300,2339700,"S"
"HDC","14:07:31",33.15,0.7,1000,2339400,"S"
"HDC","14:07:27",33.15,0.7,1000,2338400,"S"
"HDC","14:07:26",33.1,0.65,100,2337400,"B"
"HDC","14:07:24",33.15,0.7,15000,2337300,"S"
"HDC","14:07:23",33.1,0.65,1000,2322300,"B"
"HDC","14:07:21",33.15,0.7,3000,2321300,"S"
"HDC","14:07:20",33.1,0.65,500,2318300,"B"
"HDC","14:07:15",33.1,0.65,400,2317800,"B"
"HDC","14:07:14",33.15,0.7,5000,2317400,"S"
"HDC","14:07:00",33.1,0.65,100,2312400,"B"
"HDC","14:06:52",33.15,0.7,8000,2312300,"S"
"HDC","14:06:47",33.1,0.65,8000,2304300,"B"
"HDC","14:06:43",33.15,0.7,200,2296300,"S"
"HDC","14:06:36",33.15,0.7,1000,2296100,"S"
"HDC","14:06:33",33.1,0.65,600,2295100,"B"
"HDC","14:06:29",33.15,0.7,200,2294500,"S"
"HDC","14:06:26",33.1,0.65,2000,2294300,"B"
"HDC","14:06:21",33.15,0.7,2500,2292300,"S"
"HDC","14:06:18",33.1,0.65,3000,2289800,"B"
"HDC","14:06:08",33.15,0.7,4000,2286800,"S"
"HDC","14:06:03",33.1,0.65,1000,2282800,"B"
"HDC","14:06:02",33.1,0.65,500,2281800,"S"
"HDC","14:06:01",33.1,0.65,2800,2281300,"S"
"HDC","14:06:00",33.1,0.65,500,2278500,"S"
"HDC","14:05:59",33.1,0.65,7600,2278000,"S"
"HDC","14:05:58",33.1,0.65,5000,2270400,"S"
"HDC","14:05:57",33.1,0.65,3000,2265400,"S"
"HDC","14:05:54",33.1,0.65,1300,2262400,"S"
"HDC","14:05:53",33.05,0.6,900,2261100,"B"
"HDC","14:05:51",33.1,0.65,5000,2260200,"S"
"HDC","14:05:47",33.1,0.65,2800,2255200,"S"
"HDC","14:05:45",33.1,0.65,100,2252400,"S"
"HDC","14:05:44",33.05,0.6,2100,2252300,"B"
"HDC","14:05:41",33.1,0.65,200,2250200,"S"
"HDC","14:05:38",33.1,0.65,1000,2250000,"S"
"HDC","14:05:37",33.1,0.65,2000,2249000,"S"
"HDC","14:05:32",33.1,0.65,200,2247000,"S"
"HDC","14:05:23",33.1,0.65,3000,2246800,"S"
"HDC","14:05:21",33.1,0.65,300,2243800,"S"
"HDC","14:05:20",33.1,0.65,5000,2243500,"S"
"HDC","14:05:09",33.1,0.65,9300,2238500,"S"
"HDC","14:05:09",33.05,0.6,300,2229200,"B"
"HDC","14:05:03",33.05,0.6,500,2228900,"B"
"HDC","14:05:03",33.1,0.65,200,2228400,"S"
"HDC","14:05:00",33.05,0.6,100,2228200,"B"
"HDC","14:04:59",33.1,0.65,6200,2228100,"S"
"HDC","14:04:50",33.05,0.6,800,2221900,"B"
"HDC","14:04:47",33.1,0.65,500,2221100,"S"
"HDC","14:04:45",33.1,0.65,900,2220600,"S"
"HDC","14:04:39",33.05,0.6,500,2219700,"B"
"HDC","14:04:37",33.05,0.6,100,2219200,"B"
"HDC","14:04:36",33.05,0.6,4100,2219100,"S"
"HDC","14:04:35",33,0.55,19100,2215000,"B"
"HDC","14:04:34",33.05,0.6,900,2195900,"B"
"HDC","14:04:31",33.05,0.6,1300,2195000,"S"
"HDC","14:04:25",33.05,0.6,1000,2193700,"S"
"HDC","14:04:24",33.05,0.6,1000,2192700,"S"
"HDC","14:04:21",33.05,0.6,1800,2191700,"B"
"HDC","14:04:20",33.05,0.6,1200,2189900,"B"
"HDC","14:04:16",33.05,0.6,1000,2188700,"B"
"HDC","14:04:15",33.1,0.65,900,2187700,"S"
"HDC","14:04:15",33.05,0.6,1100,2186800,"S"
"HDC","14:04:14",33.05,0.6,1000,2185700,"S"
"HDC","14:04:13",33.05,0.6,10000,2184700,"S"
"HDC","14:04:08",33.05,0.6,1000,2174700,"S"
"HDC","14:04:05",33,0.55,2000,2173700,"S"
"HDC","14:04:03",33,0.55,1000,2171700,"S"
"HDC","14:04:01",33,0.55,100,2170700,"S"
"HDC","14:04:00",33,0.55,3000,2170600,"S"
"HDC","14:03:59",33,0.55,8700,2167600,"S"
"HDC","14:03:58",33,0.55,1000,2158900,"S"
"HDC","14:03:57",33,0.55,30000,2157900,"S"
"HDC","14:03:56",33,0.55,5400,2127900,"S"
"HDC","14:03:55",33,0.55,1000,2122500,"S"
"HDC","14:03:55",32.95,0.5,100,2121500,"B"
"HDC","14:03:55",33,0.55,200,2121400,"S"
"HDC","14:03:54",33,0.55,2500,2121200,"S"
"HDC","14:03:53",33,0.55,1000,2118700,"S"
"HDC","14:03:52",33,0.55,7500,2117700,"S"
"HDC","14:03:51",33,0.55,5500,2110200,"S"
"HDC","14:03:50",33,0.55,300,2104700,"S"
"HDC","14:03:49",33,0.55,3700,2104400,"S"
"HDC","14:03:48",33,0.55,3200,2100700,"S"
"HDC","14:03:48",33,0.55,6400,2097500,"S"
"HDC","14:03:47",33,0.55,1000,2091100,"S"
"HDC","14:03:45",33,0.55,200,2090100,"S"
"HDC","14:03:44",33,0.55,50000,2089900,"S"
"HDC","14:03:42",33,0.55,5000,2039900,"S"
"HDC","14:03:36",33,0.55,6800,2034900,"S"
"HDC","14:03:31",33,0.55,400,2028100,"S"
"HDC","14:03:24",33,0.55,3000,2027700,"S"
"HDC","14:03:20",33,0.55,1200,2024700,"S"
"HDC","14:03:18",33,0.55,3000,2023500,"S"
"HDC","14:03:18",33,0.55,3000,2020500,"S"
"HDC","14:03:15",33,0.55,100,2017500,"S"
"HDC","14:03:10",33,0.55,1800,2017400,"S"
"HDC","14:03:09",32.95,0.5,13700,2015600,"S"
"HDC","14:03:08",32.95,0.5,100,2001900,"S"
"HDC","14:03:06",32.95,0.5,1000,2001800,"S"
"HDC","14:03:06",32.95,0.5,1400,2000800,"S"
"HDC","14:03:00",32.95,0.5,100,1999400,"S"
"HDC","14:02:58",32.95,0.5,5000,1999300,"S"
"HDC","14:02:57",32.95,0.5,1600,1994300,"S"
"HDC","14:02:56",32.95,0.5,100,1992700,"S"
"HDC","14:02:54",32.9,0.45,1500,1992600,"B"
"HDC","14:02:51",32.95,0.5,500,1991100,"S"
"HDC","14:02:49",32.95,0.5,1000,1989600,"S"
"HDC","14:02:48",32.9,0.45,300,1988600,"B"
"HDC","14:02:44",32.9,0.45,200,1988300,"S"
"HDC","14:02:43",32.9,0.45,800,1988100,"S"
"HDC","14:02:42",32.9,0.45,1200,1987300,"S"
"HDC","14:02:41",32.9,0.45,36700,1986100,"S"
"HDC","14:02:38",32.9,0.45,5000,1949400,"S"
"HDC","14:02:31",32.9,0.45,3000,1944400,"S"
"HDC","14:02:31",32.9,0.45,500,1941400,"S"
"HDC","14:02:29",32.9,0.45,1000,1940900,"S"
"HDC","14:02:27",32.9,0.45,500,1939900,"S"
"HDC","14:02:25",32.9,0.45,2200,1939400,"S"
"HDC","14:02:14",32.85,0.4,2000,1937200,"B"
"HDC","14:02:00",32.85,0.4,100,1935200,"B"
"HDC","14:01:56",32.9,0.45,6000,1935100,"S"
"HDC","14:01:53",32.85,0.4,1000,1929100,"B"
"HDC","14:01:49",32.85,0.4,10000,1928100,"B"
"HDC","14:01:47",32.85,0.4,200,1918100,"S"
"HDC","14:01:47",32.85,0.4,2000,1917900,"S"
"HDC","14:01:44",32.85,0.4,38000,1915900,"S"
"HDC","14:01:27",32.85,0.4,15000,1877900,"S"
"HDC","14:01:18",32.85,0.4,1000,1862900,"S"
"HDC","14:01:14",32.85,0.4,500,1861900,"S"
"HDC","14:01:04",32.8,0.35,500,1861400,"S"
"HDC","14:01:00",32.8,0.35,5000,1860900,"S"
"HDC","14:00:58",32.8,0.35,10000,1855900,"S"
"HDC","14:00:50",32.8,0.35,500,1845900,"S"
"HDC","14:00:47",32.8,0.35,1000,1845400,"S"
"HDC","14:00:39",32.8,0.35,100,1844400,"S"
"HDC","14:00:34",32.8,0.35,800,1844300,"S"
"HDC","14:00:28",32.75,0.3,1000,1843500,"S"
"HDC","14:00:26",32.75,0.3,2000,1842500,"S"
"HDC","14:00:25",32.75,0.3,500,1840500,"S"
"HDC","14:00:13",32.75,0.3,1000,1840000,"S"
"HDC","14:00:06",32.75,0.3,500,1839000,"S"
"HDC","13:59:56",32.75,0.3,1900,1838500,"S"
"HDC","13:59:46",32.7,0.25,1000,1836600,"B"
"HDC","13:59:34",32.75,0.3,30000,1835600,"S"
"HDC","13:59:23",32.7,0.25,1200,1805600,"B"
"HDC","13:59:21",32.7,0.25,1000,1804400,"B"
"HDC","13:59:17",32.7,0.25,700,1803400,"B"
"HDC","13:59:02",32.7,0.25,200,1802700,"S"
"HDC","13:58:33",32.7,0.25,2000,1802500,"S"
"HDC","13:58:31",32.7,0.25,8500,1800500,"B"
"HDC","13:58:18",32.7,0.25,4500,1792000,"S"
"HDC","13:58:08",32.7,0.25,1000,1787500,"B"
"HDC","13:58:02",32.7,0.25,1000,1786500,"S"
"HDC","13:57:27",32.7,0.25,3000,1785500,"S"
"HDC","13:57:22",32.7,0.25,4000,1782500,"S"
"HDC","13:56:47",32.7,0.25,15000,1778500,"S"
"HDC","13:56:42",32.65,0.2,15000,1763500,"B"
"HDC","13:56:16",32.65,0.2,100,1748500,"B"
"HDC","13:56:03",32.65,0.2,1000,1748400,"B"
"HDC","13:55:27",32.7,0.25,500,1747400,"S"
"HDC","13:55:09",32.65,0.2,100,1746900,"B"
"HDC","13:54:50",32.7,0.25,100,1746800,"B"
"HDC","13:54:13",32.7,0.25,500,1746700,"B"
"HDC","13:54:11",32.7,0.25,500,1746200,"B"
"HDC","13:53:57",32.7,0.25,10000,1745700,"B"
"HDC","13:53:39",32.7,0.25,10000,1735700,"B"
"HDC","13:53:38",32.7,0.25,1000,1725700,"B"
"HDC","13:53:38",32.7,0.25,4500,1724700,"B"
"HDC","13:53:28",32.7,0.25,3900,1720200,"B"
"HDC","13:53:00",32.7,0.25,100,1716300,"B"
"HDC","13:52:52",32.7,0.25,1000,1716200,"B"
"HDC","13:52:42",32.7,0.25,200,1715200,"B"
"HDC","13:52:25",32.7,0.25,1000,1715000,"B"
"HDC","13:52:04",32.7,0.25,1000,1714000,"B"
"HDC","13:51:38",32.7,0.25,3100,1713000,"B"
"HDC","13:51:24",32.75,0.3,500,1709900,"S"
"HDC","13:50:40",32.7,0.25,1000,1709400,"B"
"HDC","13:50:34",32.75,0.3,100,1708400,"S"
"HDC","13:49:35",32.7,0.25,1000,1708300,"B"
"HDC","13:48:37",32.7,0.25,100,1707300,"B"
"HDC","13:48:22",32.7,0.25,500,1707200,"B"
"HDC","13:48:12",32.7,0.25,14200,1706700,"B"
"HDC","13:47:48",32.7,0.25,1000,1692500,"B"
"HDC","13:47:30",32.7,0.25,4000,1691500,"B"
"HDC","13:47:06",32.7,0.25,2000,1687500,"B"
"HDC","13:47:02",32.7,0.25,600,1685500,"B"
"HDC","13:46:49",32.7,0.25,10000,1684900,"B"
"HDC","13:46:21",32.7,0.25,5000,1674900,"B"
"HDC","13:46:21",32.75,0.3,2000,1669900,"S"
"HDC","13:45:47",32.7,0.25,1000,1667900,"B"
"HDC","13:45:24",32.7,0.25,200,1666900,"B"
"HDC","13:44:42",32.7,0.25,1000,1666700,"B"
"HDC","13:44:07",32.75,0.3,100,1665700,"S"
"HDC","13:44:05",32.7,0.25,300,1665600,"B"
"HDC","13:43:38",32.75,0.3,5500,1665300,"B"
"HDC","13:43:35",32.75,0.3,10000,1659800,"B"
"HDC","13:43:09",32.75,0.3,500,1649800,"S"
"HDC","13:42:56",32.75,0.3,500,1649300,"B"
"HDC","13:42:51",32.75,0.3,5000,1648800,"B"
"HDC","13:42:41",32.75,0.3,200,1643800,"B"
"HDC","13:42:33",32.75,0.3,1000,1643600,"B"
"HDC","13:42:25",32.75,0.3,200,1642600,"B"
"HDC","13:42:12",32.75,0.3,1200,1642400,"B"
"HDC","13:42:07",32.75,0.3,800,1641200,"B"
"HDC","13:41:48",32.75,0.3,10000,1640400,"B"
"HDC","13:41:41",32.8,0.35,15000,1630400,"S"
"HDC","13:41:32",32.75,0.3,15000,1615400,"B"
"HDC","13:40:48",32.8,0.35,100,1600400,"S"
"HDC","13:39:50",32.8,0.35,200,1600300,"S"
"HDC","13:39:48",32.8,0.35,43700,1600100,"B"
"HDC","13:39:32",32.8,0.35,10000,1556400,"B"
"HDC","13:39:09",32.85,0.4,300,1546400,"S"
"HDC","13:39:00",32.8,0.35,2000,1546100,"B"
"HDC","13:37:54",32.85,0.4,1000,1544100,"S"
"HDC","13:37:39",32.85,0.4,400,1543100,"S"
"HDC","13:37:21",32.85,0.4,1000,1542700,"S"
"HDC","13:36:35",32.85,0.4,1000,1541700,"S"
"HDC","13:36:22",32.85,0.4,2000,1540700,"S"
"HDC","13:36:18",32.8,0.35,2400,1538700,"B"
"HDC","13:36:07",32.85,0.4,3000,1536300,"S"
"HDC","13:35:29",32.8,0.35,100,1533300,"B"
"HDC","13:35:21",32.85,0.4,500,1533200,"S"
"HDC","13:35:10",32.85,0.4,200,1532700,"S"
"HDC","13:34:51",32.8,0.35,800,1532500,"B"
"HDC","13:34:50",32.85,0.4,10000,1531700,"S"
"HDC","13:34:28",32.8,0.35,700,1521700,"B"
"HDC","13:34:21",32.8,0.35,100,1521000,"B"
"HDC","13:34:06",32.8,0.35,1000,1520900,"B"
"HDC","13:34:06",32.85,0.4,2500,1519900,"S"
"HDC","13:33:52",32.85,0.4,5000,1517400,"S"
"HDC","13:33:42",32.85,0.4,1000,1512400,"S"
"HDC","13:33:38",32.85,0.4,1000,1511400,"S"
"HDC","13:33:29",32.8,0.35,200,1510400,"B"
"HDC","13:33:13",32.8,0.35,500,1510200,"B"
"HDC","13:32:36",32.8,0.35,3000,1509700,"B"
"HDC","13:32:16",32.8,0.35,300,1506700,"B"
"HDC","13:30:53",32.85,0.4,300,1506400,"B"
"HDC","13:30:49",32.85,0.4,5000,1506100,"B"
"HDC","13:30:49",32.85,0.4,1400,1501100,"B"
"HDC","13:30:29",32.85,0.4,100,1499700,"B"
"HDC","13:30:18",32.85,0.4,1700,1499600,"B"
"HDC","13:29:43",32.85,0.4,100,1497900,"B"
"HDC","13:29:42",32.85,0.4,5000,1497800,"B"
"HDC","13:29:35",32.85,0.4,100,1492800,"B"
"HDC","13:28:55",32.85,0.4,6700,1492700,"S"
"HDC","13:28:13",32.85,0.4,700,1486000,"S"
"HDC","13:28:10",32.85,0.4,10000,1485300,"S"
"HDC","13:27:49",32.85,0.4,1000,1475300,"S"
"HDC","13:27:47",32.85,0.4,700,1474300,"S"
"HDC","13:27:03",32.8,0.35,5000,1473600,"B"
"HDC","13:26:54",32.85,0.4,800,1468600,"S"
"HDC","13:25:57",32.85,0.4,200,1467800,"S"
"HDC","13:24:47",32.8,0.35,1800,1467600,"S"
"HDC","13:24:46",32.8,0.35,300,1465800,"S"
"HDC","13:24:37",32.8,0.35,10500,1465500,"S"
"HDC","13:24:35",32.8,0.35,5000,1455000,"S"
"HDC","13:24:33",32.8,0.35,3000,1450000,"S"
"HDC","13:24:17",32.8,0.35,10000,1447000,"S"
"HDC","13:24:05",32.8,0.35,1200,1437000,"S"
"HDC","13:23:50",32.8,0.35,3000,1435800,"S"
"HDC","13:23:47",32.8,0.35,1000,1432800,"S"
"HDC","13:23:45",32.8,0.35,3000,1431800,"S"
"HDC","13:23:13",32.75,0.3,200,1428800,"B"
"HDC","13:22:13",32.75,0.3,600,1428600,"B"
"HDC","13:21:44",32.75,0.3,100,1428000,"B"
"HDC","13:21:34",32.75,0.3,200,1427900,"B"
"HDC","13:21:06",32.75,0.3,1000,1427700,"B"
"HDC","13:21:05",32.8,0.35,100,1426700,"S"
"HDC","13:20:30",32.8,0.35,200,1426600,"S"
"HDC","13:20:27",32.8,0.35,400,1426400,"S"
"HDC","13:20:21",32.8,0.35,100,1426000,"S"
"HDC","13:19:44",32.8,0.35,100,1425900,"S"
"HDC","13:19:20",32.75,0.3,500,1425800,"B"
"HDC","13:18:54",32.75,0.3,100,1425300,"B"
"HDC","13:18:18",32.75,0.3,200,1425200,"B"
"HDC","13:18:12",32.75,0.3,1000,1425000,"B"
"HDC","13:17:07",32.8,0.35,1000,1424000,"S"
"HDC","13:16:04",32.8,0.35,200,1423000,"S"
"HDC","13:14:49",32.8,0.35,100,1422800,"S"
"HDC","13:14:33",32.8,0.35,600,1422700,"S"
"HDC","13:14:08",32.8,0.35,3000,1422100,"S"
"HDC","13:13:51",32.8,0.35,1200,1419100,"S"
"HDC","13:12:57",32.75,0.3,400,1417900,"B"
"HDC","13:12:39",32.8,0.35,100,1417500,"S"
"HDC","13:11:24",32.8,0.35,100,1417400,"S"
"HDC","13:10:12",32.8,0.35,1000,1417300,"S"
"HDC","13:09:44",32.8,0.35,5000,1416300,"S"
"HDC","13:09:40",32.8,0.35,600,1411300,"S"
"HDC","13:09:24",32.8,0.35,2000,1410700,"S"
"HDC","13:09:21",32.75,0.3,800,1408700,"B"
"HDC","13:09:16",32.75,0.3,200,1407900,"B"
"HDC","13:08:48",32.75,0.3,2000,1407700,"B"
"HDC","13:08:39",32.75,0.3,100,1405700,"B"
"HDC","13:08:29",32.75,0.3,600,1405600,"B"
"HDC","13:08:21",32.75,0.3,100,1405000,"B"
"HDC","13:08:01",32.75,0.3,200,1404900,"B"
"HDC","13:07:23",32.8,0.35,100,1404700,"S"
"HDC","13:07:00",32.8,0.35,9600,1404600,"B"
"HDC","13:06:39",32.8,0.35,1000,1395000,"B"
"HDC","13:06:31",32.8,0.35,100,1394000,"B"
"HDC","13:06:30",32.8,0.35,900,1393900,"B"
"HDC","13:06:10",32.8,0.35,8000,1393000,"B"
"HDC","13:05:55",32.8,0.35,600,1385000,"S"
"HDC","13:05:54",32.8,0.35,400,1384400,"B"
"HDC","13:05:49",32.8,0.35,1000,1384000,"B"
"HDC","13:05:44",32.8,0.35,500,1383000,"B"
"HDC","13:05:14",32.8,0.35,1000,1382500,"B"
"HDC","13:04:57",32.85,0.4,1500,1381500,"S"
"HDC","13:04:50",32.85,0.4,5000,1380000,"S"
"HDC","13:04:48",32.85,0.4,5000,1375000,"S"
"HDC","13:04:37",32.85,0.4,5000,1370000,"S"
"HDC","13:04:19",32.85,0.4,4000,1365000,"S"
"HDC","13:04:00",32.85,0.4,10000,1361000,"S"
"HDC","13:03:51",32.85,0.4,200,1351000,"S"
"HDC","13:03:23",32.85,0.4,200,1350800,"S"
"HDC","13:02:21",32.8,0.35,5200,1350600,"B"
"HDC","13:02:01",32.8,0.35,6000,1345400,"S"
"HDC","13:01:44",32.8,0.35,10000,1339400,"S"
"HDC","13:01:01",32.8,0.35,600,1329400,"B"
"HDC","13:00:47",32.8,0.35,1000,1328800,"B"
"HDC","13:00:43",32.8,0.35,1300,1327800,"B"
"HDC","13:00:32",32.8,0.35,500,1326500,"B"
"HDC","13:00:28",32.8,0.35,500,1326000,"B"
"HDC","13:00:21",32.8,0.35,1000,1325500,"B"
"HDC","13:00:13",32.8,0.35,200,1324500,"B"
"HDC","13:00:05",32.8,0.35,5700,1324300,"S"
"HDC","13:00:04",32.8,0.35,200,1318600,"S"
"HDC","13:00:01",32.8,0.35,6000,1318400,"S"
"HDC","13:00:00",32.8,0.35,1300,1312400,"S"
"HDC","11:29:43",32.8,0.35,2300,1311000,"B"
"HDC","11:29:40",32.8,0.35,1000,1308700,"B"
"HDC","11:29:39",32.8,0.35,3000,1307700,"B"
"HDC","11:29:25",32.8,0.35,500,1304700,"B"
"HDC","11:29:11",32.8,0.35,1000,1304200,"B"
"HDC","11:28:35",32.8,0.35,400,1303200,"B"
"HDC","11:28:27",32.8,0.35,2000,1302800,"B"
"HDC","11:28:14",32.8,0.35,100,1300800,"B"
"HDC","11:27:22",32.8,0.35,900,1300700,"B"
"HDC","11:27:15",32.8,0.35,3000,1299800,"B"
"HDC","11:26:52",32.8,0.35,100,1296800,"B"
"HDC","11:26:19",32.8,0.35,100,1296700,"B"
"HDC","11:26:07",32.8,0.35,100,1296600,"B"
"HDC","11:25:27",32.85,0.4,1300,1296500,"B"
"HDC","11:24:42",32.85,0.4,400,1295200,"S"
"HDC","11:24:42",32.85,0.4,5600,1294800,"B"
"HDC","11:24:25",32.85,0.4,200,1289200,"B"
"HDC","11:24:01",32.85,0.4,2000,1289000,"B"
"HDC","11:23:48",32.85,0.4,500,1287000,"B"
"HDC","11:23:27",32.85,0.4,2000,1286500,"B"
"HDC","11:22:57",32.85,0.4,100,1284500,"B"
"HDC","11:22:33",32.85,0.4,100,1284400,"B"
"HDC","11:21:33",32.85,0.4,200,1284300,"B"
"HDC","11:21:13",32.85,0.4,100,1284100,"B"
"HDC","11:20:59",32.85,0.4,2000,1284000,"B"
"HDC","11:20:09",32.85,0.4,100,1282000,"B"
"HDC","11:20:04",32.9,0.45,5000,1281900,"S"
"HDC","11:19:59",32.85,0.4,500,1276900,"B"
"HDC","11:19:07",32.9,0.45,200,1276400,"S"
"HDC","11:18:56",32.85,0.4,6000,1276200,"B"
"HDC","11:18:14",32.85,0.4,5000,1270200,"B"
"HDC","11:17:02",32.85,0.4,200,1265200,"B"
"HDC","11:16:48",32.9,0.45,1000,1265000,"S"
"HDC","11:16:25",32.85,0.4,2000,1264000,"B"
"HDC","11:16:11",32.9,0.45,1800,1262000,"S"
"HDC","11:15:57",32.85,0.4,1600,1260200,"B"
"HDC","11:15:56",32.85,0.4,1000,1258600,"B"
"HDC","11:15:13",32.85,0.4,200,1257600,"B"
"HDC","11:14:37",32.85,0.4,100,1257400,"B"
"HDC","11:14:29",32.85,0.4,500,1257300,"B"
"HDC","11:14:06",32.85,0.4,1000,1256800,"B"
"HDC","11:12:03",32.9,0.45,400,1255800,"S"
"HDC","11:11:32",32.9,0.45,3000,1255400,"S"
"HDC","11:11:15",32.9,0.45,4000,1252400,"S"
"HDC","11:10:57",32.85,0.4,500,1248400,"B"
"HDC","11:10:47",32.9,0.45,2000,1247900,"S"
"HDC","11:10:23",32.85,0.4,2200,1245900,"S"
"HDC","11:10:13",32.85,0.4,6800,1243700,"B"
"HDC","11:10:10",32.85,0.4,3000,1236900,"B"
"HDC","11:09:21",32.9,0.45,1000,1233900,"S"
"HDC","11:09:18",32.9,0.45,1000,1232900,"S"
"HDC","11:09:06",32.9,0.45,100,1231900,"S"
"HDC","11:08:55",32.9,0.45,1000,1231800,"S"
"HDC","11:08:49",32.9,0.45,13400,1230800,"B"
"HDC","11:08:45",32.9,0.45,3500,1217400,"B"
"HDC","11:08:37",32.95,0.5,200,1213900,"S"
"HDC","11:08:19",32.95,0.5,1600,1213700,"S"
"HDC","11:08:16",32.95,0.5,100,1212100,"S"
"HDC","11:08:09",32.9,0.45,300,1212000,"B"
"HDC","11:08:05",32.9,0.45,1000,1211700,"B"
"HDC","11:07:56",32.9,0.45,1000,1210700,"B"
"HDC","11:07:53",32.95,0.5,700,1209700,"S"
"HDC","11:07:51",32.9,0.45,500,1209000,"B"
"HDC","11:07:44",32.9,0.45,2000,1208500,"B"
"HDC","11:07:41",32.9,0.45,5000,1206500,"B"
"HDC","11:07:22",32.9,0.45,1000,1201500,"B"
"HDC","11:07:21",32.9,0.45,200,1200500,"B"
"HDC","11:07:15",32.9,0.45,1000,1200300,"B"
"HDC","11:07:11",32.9,0.45,500,1199300,"B"
"HDC","11:07:00",32.9,0.45,200,1198800,"B"
"HDC","11:06:59",32.95,0.5,3000,1198600,"S"
"HDC","11:06:54",32.9,0.45,1000,1195600,"B"
"HDC","11:06:49",32.95,0.5,2000,1194600,"S"
"HDC","11:06:39",32.9,0.45,900,1192600,"B"
"HDC","11:06:34",32.95,0.5,1000,1191700,"S"
"HDC","11:06:21",32.95,0.5,1000,1190700,"S"
"HDC","11:05:48",32.95,0.5,1600,1189700,"B"
"HDC","11:05:46",32.95,0.5,4000,1188100,"B"
"HDC","11:05:44",32.95,0.5,1000,1184100,"B"
"HDC","11:05:34",32.95,0.5,100,1183100,"B"
"HDC","11:05:29",32.95,0.5,700,1183000,"B"
"HDC","11:05:26",33,0.55,7000,1182300,"S"
"HDC","11:05:26",32.95,0.5,200,1175300,"B"
"HDC","11:05:22",32.95,0.5,1000,1175100,"B"
"HDC","11:05:18",32.95,0.5,3000,1174100,"B"
"HDC","11:05:10",32.95,0.5,500,1171100,"B"
"HDC","11:05:07",32.95,0.5,5000,1170600,"B"
"HDC","11:05:02",32.95,0.5,1000,1165600,"B"
"HDC","11:04:59",33,0.55,2400,1164600,"S"
"HDC","11:04:56",33,0.55,19300,1162200,"S"
"HDC","11:04:55",33,0.55,30700,1142900,"S"
"HDC","11:04:55",32.95,0.5,500,1112200,"B"
"HDC","11:04:44",32.95,0.5,100,1111700,"B"
"HDC","11:04:20",33,0.55,20500,1111600,"S"
"HDC","11:04:20",32.95,0.5,29500,1091100,"S"
"HDC","11:04:16",32.95,0.5,200,1061600,"S"
"HDC","11:04:07",32.9,0.45,100,1061400,"B"
"HDC","11:04:04",32.95,0.5,2000,1061300,"S"
"HDC","11:03:49",32.95,0.5,6000,1059300,"S"
"HDC","11:03:49",32.9,0.45,4000,1053300,"S"
"HDC","11:03:48",32.9,0.45,1000,1049300,"S"
"HDC","11:03:38",32.95,0.5,16200,1048300,"S"
"HDC","11:03:38",32.9,0.45,33800,1032100,"S"
"HDC","11:03:33",32.9,0.45,200,998300,"S"
"HDC","11:03:32",32.9,0.45,20000,998100,"S"
"HDC","11:03:22",32.9,0.45,20000,978100,"S"
"HDC","11:03:14",32.85,0.4,500,958100,"B"
"HDC","11:03:11",32.85,0.4,1000,957600,"B"
"HDC","11:03:04",32.9,0.45,1000,956600,"S"
"HDC","11:02:55",32.85,0.4,7600,955600,"S"
"HDC","11:02:50",32.85,0.4,100,948000,"S"
"HDC","11:02:43",32.85,0.4,3000,947900,"S"
"HDC","11:01:46",32.85,0.4,800,944900,"S"
"HDC","11:01:39",32.85,0.4,5000,944100,"S"
"HDC","11:01:27",32.85,0.4,200,939100,"S"
"HDC","11:00:51",32.85,0.4,100,938900,"S"
"HDC","11:00:44",32.8,0.35,3000,938800,"B"
"HDC","11:00:40",32.85,0.4,600,935800,"S"
"HDC","11:00:27",32.85,0.4,18800,935200,"S"
"HDC","11:00:27",32.8,0.35,31200,916400,"S"
"HDC","11:00:17",32.8,0.35,15000,885200,"S"
"HDC","11:00:14",32.8,0.35,1500,870200,"S"
"HDC","11:00:10",32.8,0.35,1500,868700,"S"
"HDC","11:00:00",32.8,0.35,300,867200,"S"
"HDC","10:59:47",32.8,0.35,1500,866900,"S"
"HDC","10:59:44",32.8,0.35,900,865400,"S"
"HDC","10:59:44",32.8,0.35,600,864500,"S"
"HDC","10:59:40",32.8,0.35,2000,863900,"S"
"HDC","10:59:13",32.8,0.35,100,861900,"S"
"HDC","10:59:10",32.75,0.3,500,861800,"B"
"HDC","10:58:19",32.75,0.3,25400,861300,"S"
"HDC","10:58:14",32.75,0.3,1200,835900,"S"
"HDC","10:58:06",32.75,0.3,700,834700,"S"
"HDC","10:56:26",32.75,0.3,1500,834000,"S"
"HDC","10:56:06",32.75,0.3,1000,832500,"S"
"HDC","10:55:50",32.75,0.3,3000,831500,"S"
"HDC","10:54:30",32.7,0.25,3000,828500,"B"
"HDC","10:54:07",32.7,0.25,4000,825500,"B"
"HDC","10:54:07",32.75,0.3,100,821500,"S"
"HDC","10:54:06",32.7,0.25,1000,821400,"B"
"HDC","10:53:42",32.7,0.25,4200,820400,"B"
"HDC","10:53:23",32.7,0.25,600,816200,"B"
"HDC","10:52:20",32.7,0.25,300,815600,"B"
"HDC","10:52:06",32.7,0.25,1000,815300,"B"
"HDC","10:51:57",32.7,0.25,1000,814300,"B"
"HDC","10:51:05",32.7,0.25,2300,813300,"S"
"HDC","10:50:42",32.7,0.25,10000,811000,"S"
"HDC","10:49:22",32.7,0.25,3800,801000,"B"
"HDC","10:49:19",32.7,0.25,1100,797200,"B"
"HDC","10:48:26",32.7,0.25,20000,796100,"B"
"HDC","10:48:24",32.7,0.25,1000,776100,"B"
"HDC","10:48:09",32.7,0.25,100,775100,"B"
"HDC","10:47:45",32.7,0.25,1200,775000,"B"
"HDC","10:45:37",32.75,0.3,2000,773800,"S"
"HDC","10:44:05",32.75,0.3,1500,771800,"S"
"HDC","10:43:51",32.7,0.25,2000,770300,"B"
"HDC","10:43:25",32.7,0.25,12000,768300,"S"
"HDC","10:43:10",32.65,0.2,2600,756300,"B"
"HDC","10:43:04",32.65,0.2,300,753700,"S"
"HDC","10:42:43",32.65,0.2,6200,753400,"B"
"HDC","10:42:34",32.65,0.2,2600,747200,"B"
"HDC","10:42:33",32.65,0.2,300,744600,"B"
"HDC","10:39:49",32.7,0.25,1700,744300,"S"
"HDC","10:39:22",32.7,0.25,300,742600,"S"
"HDC","10:38:44",32.7,0.25,5000,742300,"S"
"HDC","10:36:36",32.7,0.25,2000,737300,"B"
"HDC","10:36:23",32.7,0.25,1700,735300,"S"
"HDC","10:36:23",32.65,0.2,300,733600,"S"
"HDC","10:36:22",32.65,0.2,200,733300,"S"
"HDC","10:36:16",32.6,0.15,38700,733100,"B"
"HDC","10:36:16",32.6,0.15,300,694400,"B"
"HDC","10:36:09",32.65,0.2,13900,694100,"B"
"HDC","10:35:58",32.7,0.25,700,680200,"S"
"HDC","10:35:06",32.7,0.25,32800,679500,"B"
"HDC","10:35:06",32.75,0.3,2100,646700,"B"
"HDC","10:35:03",32.75,0.3,1000,644600,"B"
"HDC","10:34:10",32.75,0.3,800,643600,"B"
"HDC","10:33:49",32.75,0.3,600,642800,"B"
"HDC","10:33:26",32.75,0.3,1000,642200,"B"
"HDC","10:33:09",32.75,0.3,5800,641200,"S"
"HDC","10:32:58",32.75,0.3,1000,635400,"S"
"HDC","10:32:55",32.75,0.3,1000,634400,"S"
"HDC","10:32:02",32.75,0.3,2000,633400,"S"
"HDC","10:31:31",32.75,0.3,500,631400,"S"
"HDC","10:31:28",32.75,0.3,500,630900,"S"
"HDC","10:31:26",32.7,0.25,600,630400,"B"
"HDC","10:31:01",32.75,0.3,2000,629800,"B"
"HDC","10:30:59",32.75,0.3,500,627800,"B"
"HDC","10:30:48",32.75,0.3,600,627300,"B"
"HDC","10:30:46",32.8,0.35,100,626700,"S"
"HDC","10:30:21",32.75,0.3,300,626600,"B"
"HDC","10:30:16",32.75,0.3,19600,626300,"B"
"HDC","10:30:10",32.75,0.3,50000,606700,"B"
"HDC","10:28:31",32.8,0.35,1000,556700,"S"
"HDC","10:28:18",32.8,0.35,100,555700,"S"
"HDC","10:28:01",32.75,0.3,200,555600,"B"
"HDC","10:27:37",32.8,0.35,1000,555400,"S"
"HDC","10:27:37",32.75,0.3,5000,554400,"B"
"HDC","10:27:13",32.75,0.3,100,549400,"B"
"HDC","10:26:35",32.75,0.3,1000,549300,"B"
"HDC","10:25:51",32.8,0.35,500,548300,"S"
"HDC","10:25:50",32.8,0.35,100,547800,"S"
"HDC","10:25:49",32.8,0.35,500,547700,"S"
"HDC","10:25:48",32.8,0.35,300,547200,"S"
"HDC","10:25:47",32.8,0.35,200,546900,"S"
"HDC","10:25:46",32.8,0.35,500,546700,"S"
"HDC","10:25:45",32.8,0.35,200,546200,"S"
"HDC","10:25:44",32.8,0.35,100,546000,"S"
"HDC","10:25:44",32.8,0.35,200,545900,"S"
"HDC","10:25:42",32.8,0.35,100,545700,"S"
"HDC","10:25:41",32.8,0.35,300,545600,"S"
"HDC","10:25:40",32.8,0.35,600,545300,"S"
"HDC","10:25:40",32.8,0.35,100,544700,"S"
"HDC","10:25:39",32.8,0.35,100,544600,"S"
"HDC","10:25:37",32.8,0.35,400,544500,"S"
"HDC","10:25:36",32.8,0.35,100,544100,"S"
"HDC","10:25:35",32.8,0.35,100,544000,"S"
"HDC","10:25:34",32.8,0.35,100,543900,"S"
"HDC","10:25:34",32.8,0.35,300,543800,"S"
"HDC","10:25:32",32.8,0.35,100,543500,"S"
"HDC","10:25:31",32.8,0.35,600,543400,"S"
"HDC","10:25:30",32.8,0.35,100,542800,"S"
"HDC","10:25:29",32.8,0.35,500,542700,"S"
"HDC","10:25:27",32.8,0.35,100,542200,"S"
"HDC","10:25:26",32.8,0.35,500,542100,"S"
"HDC","10:25:25",32.8,0.35,100,541600,"S"
"HDC","10:22:21",32.8,0.35,100,541500,"S"
"HDC","10:22:18",32.75,0.3,1000,541400,"B"
"HDC","10:22:14",32.75,0.3,800,540400,"B"
"HDC","10:21:37",32.75,0.3,200,539600,"B"
"HDC","10:21:10",32.75,0.3,2000,539400,"S"
"HDC","10:21:07",32.75,0.3,1500,537400,"S"
"HDC","10:20:15",32.75,0.3,100,535900,"S"
"HDC","10:20:13",32.7,0.25,200,535800,"B"
"HDC","10:20:11",32.75,0.3,600,535600,"S"
"HDC","10:19:43",32.75,0.3,200,535000,"B"
"HDC","10:19:21",32.75,0.3,2000,534800,"B"
"HDC","10:19:03",32.75,0.3,800,532800,"S"
"HDC","10:18:35",32.75,0.3,200,532000,"S"
"HDC","10:18:31",32.75,0.3,500,531800,"B"
"HDC","10:18:16",32.75,0.3,2500,531300,"B"
"HDC","10:17:43",32.75,0.3,300,528800,"B"
"HDC","10:17:01",32.75,0.3,7000,528500,"B"
"HDC","10:16:19",32.8,0.35,100,521500,"S"
"HDC","10:16:09",32.75,0.3,100,521400,"B"
"HDC","10:15:47",32.75,0.3,2000,521300,"B"
"HDC","10:15:39",32.8,0.35,100,519300,"S"
"HDC","10:14:42",32.75,0.3,100,519200,"B"
"HDC","10:14:06",32.75,0.3,100,519100,"B"
"HDC","10:14:04",32.8,0.35,1700,519000,"S"
"HDC","10:13:30",32.8,0.35,1200,517300,"B"
"HDC","10:13:22",32.8,0.35,1200,516100,"B"
"HDC","10:13:21",32.8,0.35,100,514900,"B"
"HDC","10:13:13",32.8,0.35,1000,514800,"B"
"HDC","10:13:12",32.8,0.35,100,513800,"B"
"HDC","10:13:09",32.8,0.35,1300,513700,"B"
"HDC","10:13:07",32.8,0.35,900,512400,"B"
"HDC","10:12:58",32.8,0.35,1000,511500,"B"
"HDC","10:12:50",32.8,0.35,100,510500,"B"
"HDC","10:12:49",32.8,0.35,2000,510400,"B"
"HDC","10:12:01",32.85,0.4,13900,508400,"B"
"HDC","10:11:59",32.85,0.4,500,494500,"B"
"HDC","10:11:56",32.85,0.4,200,494000,"B"
"HDC","10:11:53",32.85,0.4,600,493800,"B"
"HDC","10:11:52",32.85,0.4,200,493200,"B"
"HDC","10:11:50",32.85,0.4,500,493000,"B"
"HDC","10:11:47",32.85,0.4,2000,492500,"B"
"HDC","10:11:43",32.85,0.4,3000,490500,"B"
"HDC","10:11:42",32.85,0.4,500,487500,"B"
"HDC","10:11:40",32.85,0.4,500,487000,"B"
"HDC","10:11:34",32.85,0.4,1000,486500,"B"
"HDC","10:11:32",32.85,0.4,5000,485500,"B"
"HDC","10:11:28",32.85,0.4,3500,480500,"B"
"HDC","10:10:51",32.85,0.4,500,477000,"B"
"HDC","10:10:49",32.85,0.4,100,476500,"B"
"HDC","10:10:42",32.85,0.4,5000,476400,"B"
"HDC","10:10:27",32.85,0.4,100,471400,"B"
"HDC","10:10:19",32.85,0.4,100,471300,"B"
"HDC","10:10:11",32.85,0.4,100,471200,"B"
"HDC","10:09:56",32.85,0.4,200,471100,"B"
"HDC","10:09:53",32.85,0.4,100,470900,"B"
"HDC","10:09:50",32.85,0.4,500,470800,"B"
"HDC","10:09:49",32.85,0.4,700,470300,"B"
"HDC","10:09:14",32.85,0.4,300,469600,"B"
"HDC","10:08:40",32.85,0.4,3000,469300,"B"
"HDC","10:08:34",32.9,0.45,200,466300,"S"
"HDC","10:08:24",32.85,0.4,100,466100,"B"
"HDC","10:08:16",32.9,0.45,400,466000,"S"
"HDC","10:08:15",32.9,0.45,100,465600,"S"
"HDC","10:08:09",32.9,0.45,500,465500,"S"
"HDC","10:07:57",32.9,0.45,400,465000,"S"
"HDC","10:07:56",32.9,0.45,5900,464600,"S"
"HDC","10:07:52",32.9,0.45,100,458700,"S"
"HDC","10:07:51",32.9,0.45,100,458300,"S"
"HDC","10:07:48",32.85,0.4,3000,458200,"B"
"HDC","10:07:44",32.85,0.4,2200,455200,"B"
"HDC","10:07:43",32.85,0.4,300,453000,"B"
"HDC","10:07:40",32.85,0.4,100,452700,"B"
"HDC","10:07:37",32.85,0.4,4900,452600,"B"
"HDC","10:07:31",32.85,0.4,1000,447700,"B"
"HDC","10:07:28",32.9,0.45,100,446700,"S"
"HDC","10:07:27",32.85,0.4,1000,446600,"B"
"HDC","10:07:25",32.85,0.4,100,445600,"B"
"HDC","10:07:20",32.85,0.4,100,445500,"B"
"HDC","10:07:16",32.85,0.4,3000,445400,"B"
"HDC","10:06:59",32.85,0.4,1600,442400,"S"
"HDC","10:06:58",32.85,0.4,18600,440800,"S"
"HDC","10:06:58",32.8,0.35,13500,422200,"S"
"HDC","10:06:58",32.75,0.3,10800,408700,"S"
"HDC","10:06:34",32.7,0.25,1000,397900,"B"
"HDC","10:06:10",32.7,0.25,1100,396900,"B"
"HDC","10:05:41",32.7,0.25,100,395800,"B"
"HDC","10:04:55",32.7,0.25,200,395700,"B"
"HDC","10:04:39",32.7,0.25,1000,395500,"B"
"HDC","10:04:11",32.7,0.25,200,394500,"B"
"HDC","10:02:21",32.75,0.3,100,394300,"S"
"HDC","10:02:06",32.75,0.3,500,394200,"B"
"HDC","10:01:48",32.75,0.3,200,393700,"B"
"HDC","10:01:44",32.75,0.3,200,393500,"B"
"HDC","10:01:40",32.75,0.3,500,393300,"B"
"HDC","10:01:14",32.75,0.3,100,392800,"B"
"HDC","10:01:08",32.75,0.3,100,392700,"B"
"HDC","10:01:03",32.75,0.3,100,392600,"B"
"HDC","10:00:59",32.75,0.3,500,392500,"B"
"HDC","10:00:40",32.75,0.3,200,392000,"B"
"HDC","10:00:39",32.75,0.3,100,391800,"S"
"HDC","10:00:35",32.75,0.3,500,391700,"S"
"HDC","10:00:15",32.75,0.3,9000,391200,"S"
"HDC","10:00:03",32.75,0.3,1000,382200,"S"
"HDC","09:59:57",32.75,0.3,300,381200,"S"
"HDC","09:59:50",32.75,0.3,500,380900,"S"
"HDC","09:59:07",32.75,0.3,200,380400,"S"
"HDC","09:59:03",32.7,0.25,200,380200,"B"
"HDC","09:59:02",32.75,0.3,100,380000,"S"
"HDC","09:58:49",32.75,0.3,2000,379900,"S"
"HDC","09:58:47",32.75,0.3,300,377900,"S"
"HDC","09:58:22",32.75,0.3,200,377600,"S"
"HDC","09:58:20",32.7,0.25,100,377400,"B"
"HDC","09:57:52",32.75,0.3,7500,377300,"B"
"HDC","09:57:51",32.75,0.3,2000,369800,"B"
"HDC","09:57:46",32.75,0.3,2500,367800,"B"
"HDC","09:57:05",32.8,0.35,7100,365300,"B"
"HDC","09:56:51",32.8,0.35,500,358200,"B"
"HDC","09:56:49",32.8,0.35,1000,357700,"B"
"HDC","09:56:48",32.8,0.35,100,356700,"B"
"HDC","09:56:45",32.8,0.35,5000,356600,"B"
"HDC","09:56:37",32.8,0.35,1500,351600,"B"
"HDC","09:56:29",32.8,0.35,20000,350100,"B"
"HDC","09:55:36",32.85,0.4,400,330100,"S"
"HDC","09:55:32",32.85,0.4,2000,329700,"S"
"HDC","09:55:30",32.85,0.4,2600,327700,"S"
"HDC","09:55:24",32.85,0.4,100,325100,"S"
"HDC","09:55:06",32.85,0.4,1000,325000,"S"
"HDC","09:54:48",32.8,0.35,100,324000,"B"
"HDC","09:54:43",32.85,0.4,500,323900,"S"
"HDC","09:54:36",32.85,0.4,200,323400,"S"
"HDC","09:54:18",32.85,0.4,1300,323200,"S"
"HDC","09:54:02",32.85,0.4,1000,321900,"S"
"HDC","09:53:52",32.85,0.4,1500,320900,"S"
"HDC","09:53:45",32.85,0.4,1500,319400,"S"
"HDC","09:53:38",32.85,0.4,3700,317900,"S"
"HDC","09:53:36",32.85,0.4,1000,314200,"S"
"HDC","09:53:36",32.85,0.4,3000,313200,"S"
"HDC","09:53:31",32.85,0.4,1000,310200,"S"
"HDC","09:53:27",32.85,0.4,1000,309200,"S"
"HDC","09:53:23",32.85,0.4,200,308200,"S"
"HDC","09:53:19",32.85,0.4,10000,308000,"S"
"HDC","09:53:18",32.8,0.35,3000,298000,"B"
"HDC","09:53:11",32.85,0.4,3900,295000,"S"
"HDC","09:52:52",32.85,0.4,200,291100,"S"
"HDC","09:52:46",32.85,0.4,200,290900,"S"
"HDC","09:52:45",32.8,0.35,100,290700,"B"
"HDC","09:52:38",32.8,0.35,400,290600,"S"
"HDC","09:52:36",32.8,0.35,5000,290200,"S"
"HDC","09:52:33",32.8,0.35,5000,285200,"S"
"HDC","09:52:31",32.8,0.35,5000,280200,"S"
"HDC","09:52:30",32.8,0.35,2000,275200,"S"
"HDC","09:52:24",32.8,0.35,10000,273200,"S"
"HDC","09:52:23",32.75,0.3,500,263200,"B"
"HDC","09:52:19",32.8,0.35,1000,262700,"S"
"HDC","09:51:48",32.8,0.35,1300,261700,"S"
"HDC","09:51:43",32.75,0.3,300,260400,"B"
"HDC","09:51:37",32.8,0.35,1000,260100,"S"
"HDC","09:51:32",32.8,0.35,2800,259100,"S"
"HDC","09:50:33",32.75,0.3,1500,256300,"B"
"HDC","09:50:00",32.8,0.35,100,254800,"S"
"HDC","09:49:43",32.8,0.35,2000,254700,"S"
"HDC","09:49:36",32.8,0.35,400,252700,"S"
"HDC","09:49:20",32.8,0.35,3000,252300,"S"
"HDC","09:49:08",32.8,0.35,1000,249300,"S"
"HDC","09:49:07",32.8,0.35,300,248300,"S"
"HDC","09:49:00",32.8,0.35,100,248000,"S"
"HDC","09:48:54",32.8,0.35,800,247900,"S"
"HDC","09:48:53",32.8,0.35,500,247100,"S"
"HDC","09:48:46",32.75,0.3,200,246600,"B"
"HDC","09:48:36",32.8,0.35,100,246400,"S"
"HDC","09:48:21",32.75,0.3,400,246300,"B"
"HDC","09:48:17",32.75,0.3,6700,245900,"B"
"HDC","09:48:16",32.8,0.35,1000,239200,"S"
"HDC","09:48:07",32.75,0.3,100,238200,"B"
"HDC","09:48:06",32.75,0.3,2000,238100,"B"
"HDC","09:48:02",32.75,0.3,300,236100,"B"
"HDC","09:47:58",32.75,0.3,100,235800,"B"
"HDC","09:47:37",32.75,0.3,3100,235700,"S"
"HDC","09:47:33",32.75,0.3,2000,232600,"S"
"HDC","09:47:01",32.75,0.3,3900,230600,"S"
"HDC","09:46:23",32.75,0.3,200,226700,"S"
"HDC","09:46:09",32.7,0.25,400,226500,"B"
"HDC","09:46:04",32.7,0.25,200,226100,"B"
"HDC","09:46:04",32.7,0.25,200,225900,"B"
"HDC","09:46:03",32.7,0.25,200,225700,"B"
"HDC","09:45:56",32.7,0.25,400,225500,"B"
"HDC","09:45:54",32.7,0.25,1000,225100,"B"
"HDC","09:45:39",32.7,0.25,1300,224100,"B"
"HDC","09:45:39",32.75,0.3,3700,222800,"B"
"HDC","09:45:38",32.75,0.3,1800,219100,"S"
"HDC","09:45:35",32.75,0.3,2000,217300,"S"
"HDC","09:45:22",32.75,0.3,500,215300,"S"
"HDC","09:45:21",32.75,0.3,4000,214800,"B"
"HDC","09:45:21",32.75,0.3,1000,210800,"B"
"HDC","09:45:15",32.75,0.3,100,209800,"B"
"HDC","09:45:13",32.75,0.3,600,209700,"S"
"HDC","09:45:13",32.7,0.25,5000,209100,"B"
"HDC","09:45:08",32.75,0.3,400,204100,"S"
"HDC","09:45:07",32.75,0.3,1500,203700,"B"
"HDC","09:45:01",32.75,0.3,2000,202200,"B"
"HDC","09:44:58",32.75,0.3,3000,200200,"B"
"HDC","09:44:54",32.8,0.35,100,197200,"S"
"HDC","09:44:37",32.75,0.3,1000,197100,"B"
"HDC","09:44:35",32.75,0.3,3200,196100,"S"
"HDC","09:44:33",32.75,0.3,100,192900,"S"
"HDC","09:44:25",32.75,0.3,1000,192800,"S"
"HDC","09:44:19",32.75,0.3,200,191800,"S"
"HDC","09:44:16",32.75,0.3,200,191600,"S"
"HDC","09:44:16",32.75,0.3,4200,191400,"S"
"HDC","09:44:15",32.75,0.3,800,187200,"S"
"HDC","09:44:11",32.75,0.3,1000,186400,"S"
"HDC","09:43:50",32.75,0.3,900,185400,"S"
"HDC","09:43:31",32.7,0.25,1800,184500,"S"
"HDC","09:43:29",32.7,0.25,500,182700,"S"
"HDC","09:43:28",32.7,0.25,1000,182200,"S"
"HDC","09:43:27",32.7,0.25,3000,181200,"S"
"HDC","09:43:22",32.7,0.25,1000,178200,"S"
"HDC","09:43:20",32.7,0.25,10000,177200,"S"
"HDC","09:43:12",32.65,0.2,300,167200,"B"
"HDC","09:42:58",32.65,0.2,200,166900,"B"
"HDC","09:42:57",32.7,0.25,1000,166700,"S"
"HDC","09:42:46",32.65,0.2,1400,165700,"S"
"HDC","09:42:38",32.65,0.2,1000,164300,"S"
"HDC","09:42:30",32.65,0.2,2000,163300,"S"
"HDC","09:42:27",32.65,0.2,1000,161300,"S"
"HDC","09:42:21",32.65,0.2,400,160300,"S"
"HDC","09:42:05",32.65,0.2,5000,159900,"S"
"HDC","09:41:38",32.65,0.2,900,154900,"S"
"HDC","09:41:19",32.6,0.15,300,154000,"B"
"HDC","09:41:14",32.6,0.15,100,153700,"B"
"HDC","09:40:38",32.6,0.15,4500,153600,"S"
"HDC","09:40:35",32.6,0.15,4000,149100,"S"
"HDC","09:39:41",32.6,0.15,6400,145100,"S"
"HDC","09:39:14",32.55,0.1,100,138700,"B"
"HDC","09:39:13",32.55,0.1,600,138600,"B"
"HDC","09:38:54",32.55,0.1,1000,138000,"B"
"HDC","09:38:50",32.55,0.1,100,137000,"B"
"HDC","09:38:31",32.55,0.1,2200,136900,"S"
"HDC","09:38:29",32.55,0.1,8000,134700,"S"
"HDC","09:38:26",32.55,0.1,2000,126700,"S"
"HDC","09:37:50",32.55,0.1,500,124700,"S"
"HDC","09:37:22",32.55,0.1,8800,124200,"B"
"HDC","09:36:42",32.55,0.1,600,115400,"B"
"HDC","09:36:38",32.55,0.1,500,114800,"B"
"HDC","09:36:34",32.55,0.1,2700,114300,"S"
"HDC","09:36:32",32.55,0.1,5000,111600,"S"
"HDC","09:36:31",32.5,0.05,1500,106600,"B"
"HDC","09:36:28",32.5,0.05,600,105100,"B"
"HDC","09:35:44",32.5,0.05,500,104500,"B"
"HDC","09:35:22",32.5,0.05,2000,104000,"B"
"HDC","09:34:44",32.5,0.05,100,102000,"S"
"HDC","09:34:42",32.5,0.05,100,101900,"S"
"HDC","09:34:25",32.5,0.05,100,101800,"S"
"HDC","09:34:11",32.5,0.05,2000,101700,"S"
"HDC","09:34:04",32.5,0.05,2000,99700,"S"
"HDC","09:33:22",32.5,0.05,300,97700,"S"
"HDC","09:32:40",32.5,0.05,1000,97400,"S"
"HDC","09:32:35",32.5,0.05,100,96400,"S"
"HDC","09:32:33",32.5,0.05,10000,96300,"S"
"HDC","09:32:17",32.5,0.05,300,86300,"S"
"HDC","09:32:07",32.5,0.05,300,86000,"S"
"HDC","09:31:53",32.5,0.05,400,85700,"S"
"HDC","09:31:40",32.45,0,2000,85300,"B"
"HDC","09:31:34",32.45,0,100,83300,"B"
"HDC","09:31:27",32.45,0,200,83200,"B"
"HDC","09:31:25",32.5,0.05,300,83000,"S"
"HDC","09:30:50",32.45,0,500,82700,"B"
"HDC","09:29:47",32.45,0,100,82200,"B"
"HDC","09:29:43",32.45,0,200,82100,"B"
"HDC","09:29:29",32.45,0,2100,81900,"B"
"HDC","09:29:01",32.45,0,100,79800,"B"
"HDC","09:28:36",32.45,0,200,79700,"B"
"HDC","09:28:34",32.45,0,100,79500,"B"
"HDC","09:28:02",32.45,0,400,79400,"B"
"HDC","09:27:42",32.5,0.05,3800,79000,"S"
"HDC","09:27:16",32.5,0.05,2000,75200,"S"
"HDC","09:27:08",32.5,0.05,1400,73200,"B"
"HDC","09:27:05",32.5,0.05,100,71800,"B"
"HDC","09:27:03",32.5,0.05,10000,71700,"B"
"HDC","09:26:57",32.5,0.05,200,61700,"B"
"HDC","09:26:46",32.55,0.1,1500,61500,"S"
"HDC","09:26:03",32.55,0.1,1000,60000,"B"
"HDC","09:25:43",32.6,0.15,2000,59000,"S"
"HDC","09:25:20",32.55,0.1,1000,57000,"B"
"HDC","09:24:59",32.55,0.1,2000,56000,"B"
"HDC","09:24:11",32.55,0.1,2000,54000,"B"
"HDC","09:23:59",32.55,0.1,300,52000,"B"
"HDC","09:23:51",32.55,0.1,100,51700,"B"
"HDC","09:23:33",32.55,0.1,300,51600,"B"
"HDC","09:23:13",32.55,0.1,1800,51300,"S"
"HDC","09:23:12",32.55,0.1,1000,49500,"S"
"HDC","09:23:09",32.55,0.1,500,48500,"S"
"HDC","09:23:08",32.55,0.1,1700,48000,"B"
"HDC","09:22:58",32.6,0.15,3000,46300,"S"
"HDC","09:22:51",32.6,0.15,3000,43300,"S"
"HDC","09:22:47",32.6,0.15,300,40300,"S"
"HDC","09:22:44",32.6,0.15,500,40000,"S"
"HDC","09:21:38",32.6,0.15,1000,39500,"S"
"HDC","09:20:24",32.55,0.1,500,38500,"B"
"HDC","09:20:07",32.55,0.1,500,38000,"B"
"HDC","09:19:32",32.6,0.15,100,37500,"S"
"HDC","09:19:29",32.6,0.15,3000,37400,"S"
"HDC","09:19:21",32.5,0.05,1600,34400,"B"
"HDC","09:19:21",32.55,0.1,200,32800,"B"
"HDC","09:17:57",32.55,0.1,100,32600,"S"
"HDC","09:17:54",32.5,0.05,200,32500,"B"
"HDC","09:17:38",32.5,0.05,300,32300,"B"
"HDC","09:17:26",32.5,0.05,3100,32000,"S"
"HDC","09:16:12",32.45,0,7100,28900,"B"
"HDC","09:16:12",32.5,0.05,7900,21800,"B"
"HDC","09:15:57",32.5,0.05,1000,13900,"B"
"HDC","09:15:53",32.5,0.05,1100,12900,"S"
"HDC","09:15:46",32.5,0.05,200,11800,"S"
"HDC","09:15:00",32.5,0.05,11600,11600,
