"symbol","time","price","change","vol","total","side"
"MSB","14:45:00",13.45,0.4,525900,22665100,
"MSB","14:29:58",13.5,0.45,2700,22139200,"B"
"MSB","14:29:51",13.55,0.5,40000,22136500,"S"
"MSB","14:29:50",13.55,0.5,1000,22096500,"S"
"MSB","14:29:44",13.55,0.5,3000,22095500,"S"
"MSB","14:29:43",13.5,0.45,2000,22092500,"B"
"MSB","14:29:43",13.5,0.45,5000,22090500,"B"
"MSB","14:29:40",13.55,0.5,40000,22085500,"S"
"MSB","14:29:38",13.55,0.5,1000,22045500,"S"
"MSB","14:29:34",13.55,0.5,2000,22044500,"S"
"MSB","14:29:28",13.55,0.5,100,22042500,"S"
"MSB","14:29:28",13.5,0.45,10000,22042400,"B"
"MSB","14:29:20",13.5,0.45,7100,22032400,"B"
"MSB","14:29:19",13.5,0.45,100,22025300,"B"
"MSB","14:29:13",13.5,0.45,1000,22025200,"B"
"MSB","14:29:12",13.5,0.45,500,22024200,"B"
"MSB","14:29:09",13.5,0.45,100,22023700,"B"
"MSB","14:29:06",13.5,0.45,200,22023600,"B"
"MSB","14:29:05",13.5,0.45,400,22023400,"B"
"MSB","14:29:04",13.5,0.45,100,22023000,"B"
"MSB","14:29:02",13.5,0.45,30000,22022900,"B"
"MSB","14:28:56",13.5,0.45,2000,21992900,"B"
"MSB","14:28:48",13.5,0.45,500,21990900,"B"
"MSB","14:28:43",13.5,0.45,1000,21990400,"B"
"MSB","14:28:39",13.5,0.45,13000,21989400,"B"
"MSB","14:28:38",13.5,0.45,10000,21976400,"B"
"MSB","14:28:37",13.5,0.45,1000,21966400,"B"
"MSB","14:28:24",13.5,0.45,400,21965400,"B"
"MSB","14:28:24",13.55,0.5,100,21965000,"S"
"MSB","14:28:24",13.55,0.5,5000,21964900,"S"
"MSB","14:28:03",13.5,0.45,300,21959900,"B"
"MSB","14:28:01",13.55,0.5,600,21959600,"S"
"MSB","14:27:49",13.55,0.5,3000,21959000,"S"
"MSB","14:27:41",13.55,0.5,100,21956000,"S"
"MSB","14:27:40",13.55,0.5,2100,21955900,"S"
"MSB","14:27:39",13.55,0.5,100,21953800,"B"
"MSB","14:27:36",13.55,0.5,400,21953700,"B"
"MSB","14:27:35",13.55,0.5,3000,21953300,"B"
"MSB","14:27:34",13.55,0.5,38800,21950300,"B"
"MSB","14:27:33",13.6,0.55,600,21911500,"S"
"MSB","14:27:29",13.55,0.5,6000,21910900,"B"
"MSB","14:27:18",13.6,0.55,8000,21904900,"S"
"MSB","14:27:17",13.55,0.5,500,21896900,"B"
"MSB","14:27:12",13.55,0.5,30000,21896400,"B"
"MSB","14:27:11",13.55,0.5,2000,21866400,"B"
"MSB","14:27:10",13.55,0.5,10000,21864400,"B"
"MSB","14:27:06",13.55,0.5,1200,21854400,"B"
"MSB","14:27:06",13.55,0.5,10000,21853200,"B"
"MSB","14:27:02",13.55,0.5,10000,21843200,"B"
"MSB","14:26:58",13.55,0.5,10000,21833200,"B"
"MSB","14:26:54",13.55,0.5,10000,21823200,"B"
"MSB","14:26:53",13.6,0.55,2000,21813200,"S"
"MSB","14:26:51",13.55,0.5,10000,21811200,"B"
"MSB","14:26:43",13.55,0.5,5000,21801200,"B"
"MSB","14:26:42",13.55,0.5,1000,21796200,"B"
"MSB","14:26:32",13.55,0.5,1900,21795200,"B"
"MSB","14:26:32",13.55,0.5,8000,21793300,"B"
"MSB","14:26:30",13.55,0.5,1900,21785300,"B"
"MSB","14:26:29",13.6,0.55,1000,21783400,"S"
"MSB","14:26:29",13.55,0.5,1900,21782400,"B"
"MSB","14:26:28",13.6,0.55,400,21780500,"S"
"MSB","14:26:27",13.55,0.5,1900,21780100,"B"
"MSB","14:26:27",13.55,0.5,1900,21778200,"B"
"MSB","14:26:23",13.55,0.5,100,21776300,"B"
"MSB","14:26:20",13.55,0.5,5000,21776200,"B"
"MSB","14:26:09",13.55,0.5,5000,21771200,"B"
"MSB","14:26:00",13.6,0.55,1800,21766200,"S"
"MSB","14:25:49",13.6,0.55,3000,21764400,"S"
"MSB","14:25:47",13.55,0.5,2000,21761400,"B"
"MSB","14:25:35",13.55,0.5,1000,21759400,"B"
"MSB","14:25:32",13.55,0.5,900,21758400,"B"
"MSB","14:25:27",13.55,0.5,500,21757500,"B"
"MSB","14:25:25",13.55,0.5,1500,21757000,"B"
"MSB","14:25:17",13.55,0.5,100,21755500,"B"
"MSB","14:24:58",13.55,0.5,100,21755400,"B"
"MSB","14:24:53",13.6,0.55,400,21755300,"S"
"MSB","14:24:52",13.6,0.55,3000,21754900,"S"
"MSB","14:24:28",13.6,0.55,2000,21751900,"S"
"MSB","14:24:18",13.6,0.55,200,21749900,"S"
"MSB","14:24:16",13.55,0.5,200,21749700,"B"
"MSB","14:24:05",13.6,0.55,1800,21749500,"S"
"MSB","14:23:56",13.55,0.5,2000,21747700,"B"
"MSB","14:23:53",13.6,0.55,500,21745700,"S"
"MSB","14:23:49",13.6,0.55,2000,21745200,"S"
"MSB","14:23:46",13.6,0.55,2900,21743200,"B"
"MSB","14:23:39",13.6,0.55,5000,21740300,"B"
"MSB","14:23:34",13.6,0.55,800,21735300,"B"
"MSB","14:23:33",13.6,0.55,3000,21734500,"B"
"MSB","14:23:25",13.6,0.55,400,21731500,"B"
"MSB","14:23:20",13.6,0.55,900,21731100,"B"
"MSB","14:23:18",13.6,0.55,100,21730200,"B"
"MSB","14:23:13",13.6,0.55,200,21730100,"B"
"MSB","14:23:06",13.6,0.55,3000,21729900,"B"
"MSB","14:23:04",13.6,0.55,400,21726900,"B"
"MSB","14:22:57",13.6,0.55,11300,21726500,"S"
"MSB","14:22:51",13.6,0.55,500,21715200,"S"
"MSB","14:22:39",13.6,0.55,12000,21714700,"S"
"MSB","14:22:36",13.6,0.55,1000,21702700,"S"
"MSB","14:22:26",13.6,0.55,100,21701700,"S"
"MSB","14:22:12",13.55,0.5,100,21701600,"B"
"MSB","14:22:04",13.6,0.55,4700,21701500,"B"
"MSB","14:22:01",13.65,0.6,100,21696800,"S"
"MSB","14:21:51",13.65,0.6,1100,21696700,"S"
"MSB","14:21:51",13.6,0.55,1900,21695600,"S"
"MSB","14:21:48",13.6,0.55,20000,21693700,"S"
"MSB","14:21:37",13.6,0.55,5400,21673700,"S"
"MSB","14:21:24",13.6,0.55,2600,21668300,"S"
"MSB","14:21:16",13.6,0.55,2000,21665700,"S"
"MSB","14:21:12",13.6,0.55,100,21663700,"S"
"MSB","14:21:12",13.55,0.5,3000,21663600,"B"
"MSB","14:21:11",13.55,0.5,100,21660600,"B"
"MSB","14:21:10",13.6,0.55,2500,21660500,"S"
"MSB","14:21:08",13.6,0.55,300,21658000,"S"
"MSB","14:21:06",13.6,0.55,100,21657700,"S"
"MSB","14:21:00",13.6,0.55,100,21657600,"S"
"MSB","14:20:56",13.6,0.55,200,21657500,"S"
"MSB","14:20:36",13.55,0.5,100,21657300,"B"
"MSB","14:20:28",13.6,0.55,17200,21657200,"B"
"MSB","14:20:26",13.6,0.55,4300,21640000,"B"
"MSB","14:20:23",13.6,0.55,10000,21635700,"B"
"MSB","14:20:21",13.6,0.55,1000,21625700,"B"
"MSB","14:20:20",13.6,0.55,100,21624700,"B"
"MSB","14:20:18",13.6,0.55,5800,21624600,"S"
"MSB","14:20:10",13.6,0.55,6200,21618800,"B"
"MSB","14:20:08",13.6,0.55,2000,21612600,"B"
"MSB","14:20:08",13.6,0.55,10000,21610600,"B"
"MSB","14:20:07",13.6,0.55,2000,21600600,"B"
"MSB","14:20:07",13.6,0.55,200,21598600,"B"
"MSB","14:20:04",13.6,0.55,10000,21598400,"B"
"MSB","14:20:01",13.6,0.55,5500,21588400,"B"
"MSB","14:19:58",13.6,0.55,5000,21582900,"B"
"MSB","14:19:57",13.6,0.55,10000,21577900,"B"
"MSB","14:19:56",13.6,0.55,14300,21567900,"B"
"MSB","14:19:51",13.6,0.55,45600,21553600,"B"
"MSB","14:19:38",13.6,0.55,5000,21508000,"B"
"MSB","14:19:32",13.6,0.55,2100,21503000,"B"
"MSB","14:19:18",13.6,0.55,300,21500900,"B"
"MSB","14:19:06",13.6,0.55,10100,21500600,"B"
"MSB","14:19:03",13.6,0.55,10000,21490500,"B"
"MSB","14:18:52",13.6,0.55,2000,21480500,"B"
"MSB","14:18:42",13.6,0.55,10000,21478500,"B"
"MSB","14:18:38",13.6,0.55,400,21468500,"B"
"MSB","14:18:36",13.6,0.55,8600,21468100,"B"
"MSB","14:18:27",13.6,0.55,500,21459500,"B"
"MSB","14:18:25",13.6,0.55,1000,21459000,"B"
"MSB","14:18:24",13.6,0.55,20000,21458000,"B"
"MSB","14:18:13",13.6,0.55,8000,21438000,"B"
"MSB","14:18:01",13.6,0.55,200,21430000,"B"
"MSB","14:17:57",13.6,0.55,2000,21429800,"B"
"MSB","14:17:52",13.6,0.55,6000,21427800,"B"
"MSB","14:17:35",13.6,0.55,500,21421800,"B"
"MSB","14:17:30",13.6,0.55,3000,21421300,"B"
"MSB","14:17:13",13.6,0.55,5000,21418300,"B"
"MSB","14:17:11",13.6,0.55,10000,21413300,"B"
"MSB","14:17:09",13.6,0.55,400,21403300,"B"
"MSB","14:16:56",13.6,0.55,100,21402900,"B"
"MSB","14:16:25",13.6,0.55,20300,21402800,"B"
"MSB","14:16:17",13.6,0.55,1000,21382500,"B"
"MSB","14:15:55",13.6,0.55,100,21381500,"B"
"MSB","14:15:51",13.6,0.55,100,21380800,"B"
"MSB","14:15:50",13.65,0.6,17100,21380700,"B"
"MSB","14:15:41",13.65,0.6,22900,21363600,"S"
"MSB","14:15:37",13.6,0.55,3900,21340700,"B"
"MSB","14:15:29",13.6,0.55,700,21336800,"B"
"MSB","14:15:25",13.65,0.6,50000,21336100,"S"
"MSB","14:15:21",13.65,0.6,4000,21286100,"S"
"MSB","14:14:53",13.65,0.6,2000,21282100,"S"
"MSB","14:14:50",13.6,0.55,200,21280100,"B"
"MSB","14:14:49",13.6,0.55,4000,21279900,"B"
"MSB","14:14:41",13.6,0.55,500,21275900,"B"
"MSB","14:14:35",13.6,0.55,1000,21275400,"B"
"MSB","14:14:19",13.6,0.55,100,21274400,"B"
"MSB","14:14:16",13.6,0.55,100,21274300,"B"
"MSB","14:14:01",13.6,0.55,100,21274200,"B"
"MSB","14:13:58",13.6,0.55,20000,21274100,"B"
"MSB","14:13:48",13.6,0.55,100,21254100,"B"
"MSB","14:13:20",13.65,0.6,100,21254000,"S"
"MSB","14:13:19",13.65,0.6,100,21253900,"S"
"MSB","14:13:13",13.65,0.6,7000,21253800,"S"
"MSB","14:13:10",13.6,0.55,3500,21246800,"B"
"MSB","14:13:06",13.65,0.6,10000,21243300,"S"
"MSB","14:13:05",13.6,0.55,200,21233300,"B"
"MSB","14:13:00",13.65,0.6,500,21233100,"S"
"MSB","14:12:53",13.65,0.6,1000,21232600,"S"
"MSB","14:12:42",13.6,0.55,200,21231600,"B"
"MSB","14:12:37",13.65,0.6,10000,21231400,"S"
"MSB","14:12:25",13.6,0.55,200,21221400,"B"
"MSB","14:12:14",13.65,0.6,2900,21221200,"B"
"MSB","14:12:13",13.65,0.6,11400,21218300,"B"
"MSB","14:12:08",13.65,0.6,30000,21206900,"B"
"MSB","14:12:07",13.65,0.6,1000,21176900,"B"
"MSB","14:12:04",13.65,0.6,50000,21175900,"B"
"MSB","14:11:59",13.65,0.6,1000,21125900,"B"
"MSB","14:11:51",13.65,0.6,5000,21124900,"B"
"MSB","14:11:49",13.65,0.6,100,21119900,"B"
"MSB","14:11:41",13.65,0.6,1000,21119800,"B"
"MSB","14:11:38",13.65,0.6,200,21118800,"B"
"MSB","14:11:36",13.7,0.65,1000,21118600,"S"
"MSB","14:11:24",13.65,0.6,3600,21117600,"B"
"MSB","14:11:20",13.65,0.6,20000,21114000,"B"
"MSB","14:11:18",13.65,0.6,2000,21094000,"B"
"MSB","14:10:52",13.65,0.6,1000,21092000,"B"
"MSB","14:10:45",13.65,0.6,400,21091000,"B"
"MSB","14:10:34",13.65,0.6,100,21090600,"B"
"MSB","14:10:25",13.7,0.65,500,21090500,"S"
"MSB","14:09:41",13.7,0.65,1000,21090000,"S"
"MSB","14:09:31",13.65,0.6,200,21089000,"B"
"MSB","14:09:30",13.65,0.6,100,21088800,"B"
"MSB","14:09:23",13.7,0.65,1000,21088700,"S"
"MSB","14:09:22",13.7,0.65,14600,21087700,"S"
"MSB","14:09:06",13.7,0.65,1000,21073100,"S"
"MSB","14:09:01",13.65,0.6,300,21072100,"B"
"MSB","14:08:54",13.7,0.65,100,21071800,"S"
"MSB","14:08:50",13.7,0.65,100,21071700,"S"
"MSB","14:08:35",13.7,0.65,500,21071600,"S"
"MSB","14:08:34",13.65,0.6,1900,21071100,"B"
"MSB","14:08:25",13.65,0.6,200,21069200,"B"
"MSB","14:08:11",13.7,0.65,100,21069000,"S"
"MSB","14:08:10",13.7,0.65,100,21068900,"S"
"MSB","14:08:09",13.7,0.65,9600,21068800,"B"
"MSB","14:08:07",13.7,0.65,900,21059200,"B"
"MSB","14:08:05",13.7,0.65,20000,21058300,"B"
"MSB","14:08:04",13.7,0.65,2000,21038300,"B"
"MSB","14:08:03",13.7,0.65,2200,21036300,"B"
"MSB","14:08:02",13.7,0.65,2000,21034100,"B"
"MSB","14:08:01",13.7,0.65,400,21032100,"B"
"MSB","14:07:58",13.7,0.65,300,21031700,"B"
"MSB","14:07:58",13.7,0.65,1000,21031400,"B"
"MSB","14:07:57",13.7,0.65,2000,21030400,"B"
"MSB","14:07:56",13.7,0.65,500,21028400,"B"
"MSB","14:07:54",13.7,0.65,1400,21027900,"B"
"MSB","14:07:49",13.7,0.65,5000,21026500,"B"
"MSB","14:07:47",13.7,0.65,5000,21021500,"B"
"MSB","14:07:46",13.7,0.65,10000,21016500,"B"
"MSB","14:07:42",13.7,0.65,100,21006500,"B"
"MSB","14:07:40",13.7,0.65,10000,21006400,"B"
"MSB","14:07:35",13.7,0.65,7500,20996400,"B"
"MSB","14:07:31",13.7,0.65,3800,20988900,"B"
"MSB","14:07:30",13.75,0.7,1000,20985100,"S"
"MSB","14:07:27",13.7,0.65,900,20984100,"B"
"MSB","14:07:25",13.7,0.65,300,20983200,"B"
"MSB","14:07:20",13.7,0.65,200,20982900,"B"
"MSB","14:07:18",13.7,0.65,100,20982700,"B"
"MSB","14:07:17",13.7,0.65,10400,20982600,"B"
"MSB","14:07:15",13.7,0.65,15000,20972200,"B"
"MSB","14:06:58",13.7,0.65,20000,20957200,"B"
"MSB","14:06:54",13.7,0.65,5100,20937200,"S"
"MSB","14:06:53",13.65,0.6,3800,20932100,"B"
"MSB","14:06:51",13.7,0.65,120000,20928300,"S"
"MSB","14:06:51",13.65,0.6,100,20808300,"B"
"MSB","14:06:18",13.65,0.6,100,20808200,"B"
"MSB","14:06:13",13.7,0.65,700,20808100,"S"
"MSB","14:06:13",13.7,0.65,200,20807400,"S"
"MSB","14:06:12",13.65,0.6,500,20807200,"B"
"MSB","14:06:08",13.65,0.6,1000,20806700,"B"
"MSB","14:06:00",13.7,0.65,10000,20805700,"S"
"MSB","14:05:46",13.65,0.6,200,20795700,"B"
"MSB","14:05:41",13.65,0.6,1300,20795500,"B"
"MSB","14:05:31",13.65,0.6,300,20794200,"B"
"MSB","14:05:27",13.7,0.65,500,20793900,"S"
"MSB","14:05:18",13.65,0.6,100,20793400,"B"
"MSB","14:05:18",13.7,0.65,400,20793300,"S"
"MSB","14:05:14",13.7,0.65,2900,20792900,"S"
"MSB","14:04:59",13.7,0.65,100,20790000,"S"
"MSB","14:04:50",13.7,0.65,10000,20789900,"S"
"MSB","14:04:48",13.7,0.65,100000,20779900,"S"
"MSB","14:04:30",13.7,0.65,500,20679900,"S"
"MSB","14:04:30",13.65,0.6,2000,20679400,"B"
"MSB","14:04:28",13.65,0.6,500,20677400,"B"
"MSB","14:04:13",13.65,0.6,200,20676900,"B"
"MSB","14:04:09",13.7,0.65,300,20676700,"S"
"MSB","14:03:54",13.7,0.65,1000,20676400,"S"
"MSB","14:03:50",13.7,0.65,2000,20675400,"S"
"MSB","14:03:14",13.7,0.65,98500,20673400,"S"
"MSB","14:03:10",13.65,0.6,200,20574900,"B"
"MSB","14:02:45",13.65,0.6,1000,20574700,"B"
"MSB","14:02:37",13.65,0.6,500,20573700,"S"
"MSB","14:02:32",13.7,0.65,67300,20573200,"S"
"MSB","14:02:32",13.7,0.65,17000,20505900,"S"
"MSB","14:02:32",13.65,0.6,15700,20488900,"S"
"MSB","14:02:24",13.6,0.55,1000,20473200,"B"
"MSB","14:02:07",13.6,0.55,200,20472200,"B"
"MSB","14:01:52",13.65,0.6,1700,20472000,"B"
"MSB","14:01:51",13.65,0.6,2000,20470300,"B"
"MSB","14:01:49",13.7,0.65,10000,20468300,"S"
"MSB","14:01:23",13.65,0.6,100,20458300,"B"
"MSB","14:01:22",13.65,0.6,500,20458200,"B"
"MSB","14:01:18",13.65,0.6,1000,20457700,"B"
"MSB","14:01:15",13.65,0.6,1000,20456700,"B"
"MSB","14:01:09",13.65,0.6,200,20455700,"B"
"MSB","14:01:08",13.65,0.6,100,20455500,"B"
"MSB","14:01:08",13.65,0.6,100,20455400,"B"
"MSB","14:01:07",13.65,0.6,1000,20455300,"B"
"MSB","14:01:07",13.65,0.6,100,20454300,"B"
"MSB","14:01:04",13.65,0.6,1000,20454200,"B"
"MSB","14:00:59",13.65,0.6,500,20453200,"B"
"MSB","14:00:56",13.65,0.6,2000,20452700,"B"
"MSB","14:00:51",13.65,0.6,700,20450700,"B"
"MSB","14:00:44",13.65,0.6,1200,20450000,"S"
"MSB","14:00:33",13.6,0.55,100,20448800,"B"
"MSB","14:00:21",13.7,0.65,67400,20448700,"S"
"MSB","14:00:21",13.65,0.6,32600,20381300,"S"
"MSB","14:00:03",13.6,0.55,200,20348700,"B"
"MSB","13:59:59",13.65,0.6,19100,20348500,"B"
"MSB","13:59:58",13.65,0.6,10000,20329400,"B"
"MSB","13:59:57",13.65,0.6,2000,20319400,"B"
"MSB","13:59:57",13.65,0.6,1500,20317400,"B"
"MSB","13:59:54",13.65,0.6,1000,20315900,"B"
"MSB","13:59:47",13.65,0.6,100,20314900,"B"
"MSB","13:59:42",13.65,0.6,12000,20314800,"B"
"MSB","13:59:41",13.65,0.6,156500,20302800,"S"
"MSB","13:59:26",13.65,0.6,49800,20146300,"B"
"MSB","13:59:22",13.65,0.6,100,20096500,"B"
"MSB","13:59:21",13.65,0.6,100,20096400,"B"
"MSB","13:59:20",13.65,0.6,37500,20096300,"B"
"MSB","13:59:20",13.65,0.6,3500,20058800,"B"
"MSB","13:59:17",13.65,0.6,200,20055300,"B"
"MSB","13:59:15",13.65,0.6,10000,20055100,"B"
"MSB","13:59:15",13.7,0.65,2500,20045100,"S"
"MSB","13:59:14",13.65,0.6,20000,20042600,"B"
"MSB","13:59:13",13.7,0.65,3000,20022600,"S"
"MSB","13:59:04",13.65,0.6,100,20019600,"B"
"MSB","13:59:02",13.65,0.6,3000,20019500,"B"
"MSB","13:59:00",13.65,0.6,500,20016500,"B"
"MSB","13:58:59",13.65,0.6,200,20016000,"B"
"MSB","13:58:52",13.65,0.6,600,20015800,"B"
"MSB","13:58:51",13.65,0.6,100,20015200,"B"
"MSB","13:58:49",13.65,0.6,300,20015100,"B"
"MSB","13:58:43",13.65,0.6,1400,20014800,"B"
"MSB","13:58:40",13.65,0.6,100,20013400,"B"
"MSB","13:58:30",13.65,0.6,500,20013300,"B"
"MSB","13:58:22",13.65,0.6,200,20012800,"B"
"MSB","13:58:17",13.65,0.6,100,20012600,"B"
"MSB","13:58:13",13.65,0.6,3000,20012500,"B"
"MSB","13:58:12",13.65,0.6,2000,20009500,"B"
"MSB","13:58:04",13.65,0.6,300,20007500,"B"
"MSB","13:57:57",13.65,0.6,200,20007200,"B"
"MSB","13:57:55",13.65,0.6,100,20007000,"B"
"MSB","13:57:42",13.65,0.6,300,20006900,"B"
"MSB","13:57:41",13.65,0.6,200,20006600,"B"
"MSB","13:57:34",13.65,0.6,3600,20006400,"B"
"MSB","13:57:33",13.65,0.6,15100,20002800,"B"
"MSB","13:57:31",13.65,0.6,200,19987700,"B"
"MSB","13:57:29",13.65,0.6,500,19987500,"B"
"MSB","13:57:28",13.65,0.6,200,19987000,"B"
"MSB","13:57:22",13.65,0.6,100,19986800,"B"
"MSB","13:57:20",13.65,0.6,500,19986700,"B"
"MSB","13:57:19",13.65,0.6,34500,19986200,"B"
"MSB","13:57:19",13.65,0.6,23700,19951700,"S"
"MSB","13:57:18",13.65,0.6,700,19928000,"S"
"MSB","13:57:14",13.65,0.6,200,19927300,"S"
"MSB","13:57:13",13.6,0.55,100,19927100,"B"
"MSB","13:57:11",13.65,0.6,1800,19927000,"S"
"MSB","13:57:05",13.6,0.55,100000,19925200,"B"
"MSB","13:56:59",13.65,0.6,6200,19825200,"S"
"MSB","13:56:55",13.6,0.55,100,19819000,"B"
"MSB","13:56:30",13.65,0.6,5000,19818900,"S"
"MSB","13:56:28",13.65,0.6,1900,19813900,"S"
"MSB","13:56:05",13.6,0.55,5000,19812000,"B"
"MSB","13:55:54",13.6,0.55,200,19807000,"B"
"MSB","13:55:43",13.6,0.55,500,19806800,"B"
"MSB","13:55:41",13.6,0.55,3000,19806300,"B"
"MSB","13:55:40",13.6,0.55,400,19803300,"S"
"MSB","13:55:38",13.6,0.55,200,19802900,"S"
"MSB","13:55:29",13.6,0.55,500,19802700,"S"
"MSB","13:55:29",13.55,0.5,500,19802200,"B"
"MSB","13:55:28",13.65,0.6,43600,19801700,"S"
"MSB","13:55:28",13.6,0.55,56400,19758100,"S"
"MSB","13:55:22",13.6,0.55,2200,19701700,"S"
"MSB","13:55:20",13.6,0.55,600,19699500,"S"
"MSB","13:55:09",13.6,0.55,3000,19698900,"S"
"MSB","13:55:05",13.6,0.55,100,19695900,"S"
"MSB","13:55:04",13.6,0.55,100,19695800,"S"
"MSB","13:55:03",13.6,0.55,10000,19695700,"S"
"MSB","13:54:54",13.6,0.55,1000,19685700,"S"
"MSB","13:54:52",13.6,0.55,107300,19684700,"B"
"MSB","13:54:40",13.65,0.6,1400,19577400,"S"
"MSB","13:54:37",13.6,0.55,1000,19576000,"B"
"MSB","13:54:32",13.65,0.6,1400,19575000,"S"
"MSB","13:54:11",13.6,0.55,200,19573600,"B"
"MSB","13:54:06",13.65,0.6,100,19573400,"S"
"MSB","13:53:57",13.65,0.6,500,19573300,"S"
"MSB","13:53:52",13.6,0.55,100,19572800,"B"
"MSB","13:53:46",13.7,0.65,53700,19572700,"S"
"MSB","13:53:46",13.65,0.6,46300,19519000,"S"
"MSB","13:53:42",13.6,0.55,5000,19472700,"B"
"MSB","13:53:42",13.65,0.6,200,19467700,"S"
"MSB","13:53:35",13.6,0.55,300,19467500,"B"
"MSB","13:53:27",13.65,0.6,3700,19467200,"S"
"MSB","13:53:09",13.6,0.55,3600,19463500,"B"
"MSB","13:52:50",13.65,0.6,15000,19459900,"S"
"MSB","13:52:49",13.6,0.55,100,19444900,"B"
"MSB","13:52:45",13.6,0.55,2000,19444800,"B"
"MSB","13:52:36",13.6,0.55,5000,19442800,"B"
"MSB","13:52:02",13.65,0.6,16300,19437800,"B"
"MSB","13:52:01",13.65,0.6,35000,19421500,"B"
"MSB","13:51:59",13.65,0.6,5000,19386500,"B"
"MSB","13:51:59",13.65,0.6,100,19381500,"B"
"MSB","13:51:51",13.65,0.6,1000,19381400,"B"
"MSB","13:51:49",13.65,0.6,100,19380400,"B"
"MSB","13:51:40",13.65,0.6,5000,19380300,"B"
"MSB","13:51:34",13.7,0.65,5000,19375300,"S"
"MSB","13:51:32",13.7,0.65,2000,19370300,"S"
"MSB","13:51:30",13.65,0.6,1100,19368300,"B"
"MSB","13:51:27",13.65,0.6,2000,19367200,"B"
"MSB","13:51:17",13.65,0.6,10000,19365200,"B"
"MSB","13:51:15",13.7,0.65,5200,19355200,"S"
"MSB","13:51:11",13.65,0.6,1000,19350000,"B"
"MSB","13:51:09",13.65,0.6,2000,19349000,"B"
"MSB","13:51:01",13.65,0.6,1000,19347000,"B"
"MSB","13:50:59",13.65,0.6,6800,19346000,"B"
"MSB","13:50:54",13.65,0.6,5000,19339200,"B"
"MSB","13:50:49",13.65,0.6,2600,19334200,"B"
"MSB","13:50:47",13.65,0.6,50000,19331600,"B"
"MSB","13:50:44",13.65,0.6,200,19281600,"B"
"MSB","13:50:36",13.65,0.6,100,19281400,"B"
"MSB","13:50:32",13.65,0.6,1000,19281300,"B"
"MSB","13:50:26",13.65,0.6,66900,19280300,"S"
"MSB","13:50:09",13.6,0.55,800,19213400,"S"
"MSB","13:50:05",13.6,0.55,2000,19212600,"S"
"MSB","13:50:03",13.6,0.55,47200,19210600,"B"
"MSB","13:49:51",13.65,0.6,1000,19163400,"S"
"MSB","13:49:50",13.65,0.6,1000,19162400,"S"
"MSB","13:49:42",13.65,0.6,2000,19161400,"S"
"MSB","13:49:41",13.6,0.55,100,19159400,"B"
"MSB","13:49:36",13.6,0.55,150000,19159300,"B"
"MSB","13:49:26",13.65,0.6,700,19009300,"S"
"MSB","13:49:24",13.65,0.6,100,19008600,"S"
"MSB","13:49:22",13.65,0.6,100,19008500,"S"
"MSB","13:49:22",13.6,0.55,2000,19008400,"B"
"MSB","13:49:16",13.65,0.6,100,19006400,"S"
"MSB","13:49:15",13.65,0.6,4000,19006300,"S"
"MSB","13:49:12",13.65,0.6,200,19002300,"S"
"MSB","13:49:06",13.65,0.6,10000,19002100,"S"
"MSB","13:49:00",13.65,0.6,5000,18992100,"S"
"MSB","13:48:58",13.65,0.6,3300,18987100,"B"
"MSB","13:48:57",13.65,0.6,200,18983800,"B"
"MSB","13:48:56",13.7,0.65,200,18983600,"S"
"MSB","13:48:55",13.65,0.6,2300,18983400,"S"
"MSB","13:48:54",13.65,0.6,7700,18981100,"B"
"MSB","13:48:51",13.65,0.6,500,18973400,"B"
"MSB","13:48:49",13.65,0.6,5100,18972900,"B"
"MSB","13:48:48",13.65,0.6,5000,18967800,"B"
"MSB","13:48:45",13.65,0.6,100,18962800,"B"
"MSB","13:48:40",13.65,0.6,300,18962700,"B"
"MSB","13:48:37",13.65,0.6,200,18962400,"B"
"MSB","13:48:34",13.65,0.6,1200,18962200,"S"
"MSB","13:48:33",13.65,0.6,1000,18961000,"S"
"MSB","13:48:29",13.6,0.55,4000,18960000,"B"
"MSB","13:48:28",13.65,0.6,200,18956000,"S"
"MSB","13:48:25",13.65,0.6,10000,18955800,"S"
"MSB","13:48:08",13.65,0.6,2300,18945800,"S"
"MSB","13:48:06",13.65,0.6,11000,18943500,"S"
"MSB","13:48:05",13.65,0.6,10000,18932500,"S"
"MSB","13:47:58",13.6,0.55,8800,18922500,"B"
"MSB","13:47:57",13.65,0.6,3900,18913700,"S"
"MSB","13:47:54",13.65,0.6,2500,18909800,"S"
"MSB","13:47:53",13.65,0.6,100,18907300,"S"
"MSB","13:47:51",13.65,0.6,2000,18907200,"S"
"MSB","13:47:48",13.65,0.6,200,18905200,"S"
"MSB","13:47:47",13.65,0.6,10000,18905000,"S"
"MSB","13:47:46",13.65,0.6,17700,18895000,"S"
"MSB","13:47:41",13.65,0.6,200,18877300,"S"
"MSB","13:47:40",13.65,0.6,3000,18877100,"S"
"MSB","13:47:37",13.65,0.6,200,18874100,"S"
"MSB","13:47:34",13.65,0.6,2000,18873900,"S"
"MSB","13:47:32",13.6,0.55,200,18871900,"B"
"MSB","13:47:20",13.65,0.6,600,18871700,"S"
"MSB","13:47:19",13.65,0.6,2000,18871100,"S"
"MSB","13:47:16",13.65,0.6,15000,18869100,"S"
"MSB","13:47:10",13.65,0.6,25000,18854100,"S"
"MSB","13:47:07",13.65,0.6,1000,18829100,"S"
"MSB","13:47:04",13.65,0.6,200,18828100,"S"
"MSB","13:47:01",13.65,0.6,6000,18827900,"S"
"MSB","13:46:58",13.65,0.6,500,18821900,"S"
"MSB","13:46:55",13.65,0.6,1000,18821400,"S"
"MSB","13:46:50",13.65,0.6,20300,18820400,"B"
"MSB","13:46:48",13.7,0.65,100,18800100,"S"
"MSB","13:46:48",13.65,0.6,1000,18800000,"B"
"MSB","13:46:43",13.7,0.65,500,18799000,"S"
"MSB","13:46:39",13.65,0.6,5000,18798500,"B"
"MSB","13:46:38",13.65,0.6,200,18793500,"B"
"MSB","13:46:37",13.65,0.6,100,18793300,"B"
"MSB","13:46:33",13.65,0.6,100,18793200,"B"
"MSB","13:46:32",13.65,0.6,20000,18793100,"B"
"MSB","13:46:26",13.65,0.6,10000,18773100,"B"
"MSB","13:46:20",13.65,0.6,1500,18763100,"B"
"MSB","13:46:07",13.7,0.65,2000,18761600,"S"
"MSB","13:46:02",13.7,0.65,100,18759600,"S"
"MSB","13:45:58",13.65,0.6,50000,18759500,"B"
"MSB","13:45:57",13.7,0.65,1000,18709500,"S"
"MSB","13:45:50",13.7,0.65,1700,18708500,"S"
"MSB","13:45:32",13.65,0.6,800,18706800,"B"
"MSB","13:45:31",13.65,0.6,500,18706000,"B"
"MSB","13:45:29",13.65,0.6,4000,18705500,"B"
"MSB","13:45:29",13.65,0.6,200,18701500,"B"
"MSB","13:45:23",13.65,0.6,200,18701300,"B"
"MSB","13:45:21",13.65,0.6,500,18701100,"B"
"MSB","13:45:21",13.65,0.6,2600,18700600,"S"
"MSB","13:45:19",13.65,0.6,1000,18698000,"S"
"MSB","13:45:19",13.65,0.6,21900,18697000,"B"
"MSB","13:45:17",13.65,0.6,200,18675100,"B"
"MSB","13:45:12",13.65,0.6,1000,18674900,"B"
"MSB","13:45:12",13.65,0.6,5000,18673900,"B"
"MSB","13:45:09",13.65,0.6,5000,18668900,"B"
"MSB","13:45:02",13.65,0.6,2000,18663900,"B"
"MSB","13:44:56",13.65,0.6,100,18661900,"B"
"MSB","13:44:54",13.65,0.6,5000,18661800,"B"
"MSB","13:44:53",13.65,0.6,1000,18656800,"B"
"MSB","13:44:45",13.65,0.6,500,18655800,"B"
"MSB","13:44:44",13.7,0.65,200,18655300,"S"
"MSB","13:44:41",13.65,0.6,12200,18655100,"S"
"MSB","13:44:37",13.65,0.6,20000,18642900,"S"
"MSB","13:44:25",13.6,0.55,200,18622900,"B"
"MSB","13:44:24",13.65,0.6,2600,18622700,"S"
"MSB","13:44:22",13.65,0.6,100,18620100,"S"
"MSB","13:44:20",13.65,0.6,10000,18620000,"S"
"MSB","13:44:18",13.65,0.6,9800,18610000,"S"
"MSB","13:44:18",13.65,0.6,500,18600200,"S"
"MSB","13:44:15",13.65,0.6,1000,18599700,"S"
"MSB","13:44:08",13.65,0.6,1300,18598700,"S"
"MSB","13:44:02",13.65,0.6,200,18597400,"S"
"MSB","13:43:48",13.65,0.6,200,18597200,"S"
"MSB","13:43:37",13.65,0.6,500,18597000,"S"
"MSB","13:43:30",13.65,0.6,200,18596500,"S"
"MSB","13:43:24",13.6,0.55,100,18596300,"B"
"MSB","13:43:12",13.65,0.6,600,18596200,"S"
"MSB","13:43:08",13.65,0.6,500,18595600,"S"
"MSB","13:43:08",13.65,0.6,700,18595100,"B"
"MSB","13:42:58",13.65,0.6,1000,18594400,"S"
"MSB","13:42:50",13.65,0.6,100,18593400,"S"
"MSB","13:42:48",13.65,0.6,2000,18593300,"S"
"MSB","13:42:47",13.65,0.6,2400,18591300,"B"
"MSB","13:42:41",13.7,0.65,300,18588900,"S"
"MSB","13:42:41",13.65,0.6,10000,18588600,"B"
"MSB","13:42:38",13.7,0.65,32600,18578600,"S"
"MSB","13:42:34",13.65,0.6,4600,18546000,"B"
"MSB","13:42:33",13.65,0.6,1000,18541400,"B"
"MSB","13:42:30",13.65,0.6,50000,18540400,"B"
"MSB","13:42:26",13.7,0.65,1000,18490400,"S"
"MSB","13:42:22",13.65,0.6,200,18489400,"B"
"MSB","13:42:20",13.65,0.6,100000,18489200,"B"
"MSB","13:42:06",13.7,0.65,1700,18389200,"S"
"MSB","13:41:58",13.65,0.6,100,18387500,"B"
"MSB","13:41:51",13.65,0.6,100,18387400,"B"
"MSB","13:41:48",13.65,0.6,1500,18387300,"B"
"MSB","13:41:44",13.7,0.65,65000,18385800,"S"
"MSB","13:41:41",13.65,0.6,10800,18320800,"B"
"MSB","13:41:38",13.7,0.65,100,18310000,"S"
"MSB","13:41:34",13.7,0.65,1500,18309900,"S"
"MSB","13:41:22",13.65,0.6,100,18308400,"B"
"MSB","13:41:18",13.65,0.6,1000,18308300,"B"
"MSB","13:41:03",13.7,0.65,100,18307300,"S"
"MSB","13:40:58",13.65,0.6,5000,18307200,"B"
"MSB","13:40:41",13.7,0.65,198300,18302200,"S"
"MSB","13:40:41",13.65,0.6,2700,18103900,"S"
"MSB","13:40:37",13.65,0.6,118400,18101200,"B"
"MSB","13:40:35",13.65,0.6,7000,17982800,"B"
"MSB","13:40:20",13.65,0.6,4000,17975800,"B"
"MSB","13:40:17",13.65,0.6,200,17971800,"B"
"MSB","13:40:17",13.7,0.65,1000,17971600,"S"
"MSB","13:40:12",13.65,0.6,1000,17970600,"B"
"MSB","13:40:01",13.65,0.6,100,17969600,"B"
"MSB","13:39:53",13.7,0.65,500,17969500,"S"
"MSB","13:39:52",13.65,0.6,1000,17969000,"B"
"MSB","13:39:47",13.65,0.6,600,17968000,"B"
"MSB","13:39:43",13.7,0.65,1000,17967400,"S"
"MSB","13:39:43",13.65,0.6,20900,17966400,"S"
"MSB","13:39:36",13.6,0.55,5000,17945500,"B"
"MSB","13:39:34",13.65,0.6,800,17940500,"S"
"MSB","13:39:20",13.6,0.55,2000,17939700,"B"
"MSB","13:39:16",13.6,0.55,100,17937700,"B"
"MSB","13:39:14",13.65,0.6,1000,17937600,"S"
"MSB","13:39:11",13.65,0.6,59200,17936600,"B"
"MSB","13:39:05",13.65,0.6,4000,17877400,"B"
"MSB","13:39:02",13.65,0.6,100,17873400,"B"
"MSB","13:38:54",13.65,0.6,100,17873300,"B"
"MSB","13:38:53",13.65,0.6,2000,17873200,"B"
"MSB","13:38:47",13.65,0.6,1000,17871200,"B"
"MSB","13:38:46",13.65,0.6,1100,17870200,"B"
"MSB","13:38:43",13.65,0.6,500,17869100,"B"
"MSB","13:38:38",13.65,0.6,2100,17868600,"B"
"MSB","13:38:32",13.65,0.6,10000,17866500,"B"
"MSB","13:38:31",13.65,0.6,3000,17856500,"B"
"MSB","13:38:21",13.65,0.6,13400,17853500,"S"
"MSB","13:38:19",13.65,0.6,20000,17840100,"S"
"MSB","13:38:18",13.65,0.6,13000,17820100,"S"
"MSB","13:38:14",13.65,0.6,68600,17807100,"B"
"MSB","13:38:11",13.65,0.6,200,17738500,"B"
"MSB","13:38:07",13.65,0.6,4000,17738300,"B"
"MSB","13:38:02",13.65,0.6,2100,17734300,"B"
"MSB","13:37:55",13.65,0.6,100,17732200,"B"
"MSB","13:37:53",13.65,0.6,37000,17732100,"S"
"MSB","13:37:47",13.6,0.55,1000,17695100,"B"
"MSB","13:37:46",13.6,0.55,400,17694100,"B"
"MSB","13:37:40",13.6,0.55,100,17693700,"B"
"MSB","13:37:33",13.6,0.55,4000,17693600,"B"
"MSB","13:37:18",13.6,0.55,20000,17689600,"B"
"MSB","13:37:16",13.6,0.55,2700,17669600,"B"
"MSB","13:37:10",13.65,0.6,1000,17666900,"S"
"MSB","13:37:05",13.6,0.55,200,17665900,"B"
"MSB","13:37:03",13.65,0.6,1000,17665700,"S"
"MSB","13:37:00",13.6,0.55,100,17664700,"B"
"MSB","13:36:58",13.6,0.55,3000,17664600,"B"
"MSB","13:36:56",13.6,0.55,200,17661600,"B"
"MSB","13:36:51",13.6,0.55,50000,17661400,"B"
"MSB","13:36:50",13.6,0.55,200,17611400,"B"
"MSB","13:36:49",13.65,0.6,600,17611200,"S"
"MSB","13:36:39",13.65,0.6,8000,17610600,"S"
"MSB","13:36:36",13.6,0.55,20600,17602600,"B"
"MSB","13:36:35",13.6,0.55,3900,17582000,"B"
"MSB","13:36:34",13.65,0.6,500,17578100,"S"
"MSB","13:36:28",13.65,0.6,20000,17577600,"S"
"MSB","13:36:28",13.6,0.55,2000,17557600,"B"
"MSB","13:36:24",13.6,0.55,600,17555600,"B"
"MSB","13:36:22",13.65,0.6,200,17555000,"S"
"MSB","13:36:20",13.6,0.55,3000,17554800,"B"
"MSB","13:36:06",13.6,0.55,20000,17551800,"B"
"MSB","13:36:05",13.6,0.55,100,17531800,"B"
"MSB","13:36:03",13.65,0.6,500,17531700,"S"
"MSB","13:36:02",13.65,0.6,5600,17531200,"S"
"MSB","13:36:00",13.6,0.55,1000,17525600,"B"
"MSB","13:35:58",13.65,0.6,1000,17524600,"S"
"MSB","13:35:53",13.65,0.6,5000,17523600,"S"
"MSB","13:35:52",13.65,0.6,37400,17518600,"B"
"MSB","13:35:51",13.65,0.6,20000,17481200,"B"
"MSB","13:35:49",13.65,0.6,500,17461200,"B"
"MSB","13:35:48",13.65,0.6,200,17460700,"B"
"MSB","13:35:46",13.65,0.6,100,17460500,"B"
"MSB","13:35:46",13.65,0.6,500,17460400,"B"
"MSB","13:35:43",13.65,0.6,3000,17459900,"B"
"MSB","13:35:42",13.65,0.6,1000,17456900,"B"
"MSB","13:35:35",13.65,0.6,1000,17455900,"B"
"MSB","13:35:18",13.65,0.6,2000,17454900,"B"
"MSB","13:35:18",13.7,0.65,6000,17452900,"S"
"MSB","13:35:16",13.65,0.6,3000,17446900,"B"
"MSB","13:35:06",13.7,0.65,2500,17443900,"S"
"MSB","13:35:02",13.65,0.6,1100,17441400,"B"
"MSB","13:35:00",13.7,0.65,1000,17440300,"S"
"MSB","13:34:57",13.7,0.65,100,17439300,"S"
"MSB","13:34:51",13.7,0.65,200,17439200,"S"
"MSB","13:34:46",13.65,0.6,68200,17439000,"B"
"MSB","13:34:38",13.7,0.65,1400,17370800,"S"
"MSB","13:34:34",13.65,0.6,20000,17369400,"B"
"MSB","13:34:30",13.7,0.65,1000,17349400,"S"
"MSB","13:34:27",13.7,0.65,5000,17348400,"S"
"MSB","13:34:25",13.7,0.65,5000,17343400,"S"
"MSB","13:34:23",13.7,0.65,1000,17323400,"S"
"MSB","13:34:21",13.7,0.65,300,17322400,"S"
"MSB","13:34:18",13.65,0.6,100,17322100,"B"
"MSB","13:34:17",13.65,0.6,15000,17322000,"B"
"MSB","13:34:17",13.7,0.65,200,17307000,"S"
"MSB","13:34:12",13.7,0.65,1000,17306800,"S"
"MSB","13:34:10",13.65,0.6,5000,17305800,"B"
"MSB","13:34:09",13.7,0.65,1000,17300800,"S"
"MSB","13:34:08",13.7,0.65,1400,17299800,"S"
"MSB","13:34:04",13.7,0.65,400,17298400,"S"
"MSB","13:34:01",13.65,0.6,100,17298000,"B"
"MSB","13:33:59",13.7,0.65,42000,17297900,"B"
"MSB","13:33:58",13.7,0.65,100,17255900,"B"
"MSB","13:33:54",13.7,0.65,13700,17255800,"S"
"MSB","13:33:53",13.7,0.65,2300,17242100,"B"
"MSB","13:33:48",13.7,0.65,50000,17239800,"B"
"MSB","13:33:43",13.7,0.65,1000,17189800,"B"
"MSB","13:33:42",13.7,0.65,7700,17188800,"S"
"MSB","13:33:40",13.7,0.65,500,17181100,"S"
"MSB","13:33:38",13.7,0.65,100,17180600,"S"
"MSB","13:33:34",13.7,0.65,44700,17180500,"B"
"MSB","13:33:32",13.75,0.7,500,17135800,"S"
"MSB","13:33:30",13.75,0.7,100,17135300,"S"
"MSB","13:33:29",13.75,0.7,7500,17135200,"S"
"MSB","13:33:28",13.7,0.65,5800,17127700,"B"
"MSB","13:33:26",13.7,0.65,61000,17121900,"S"
"MSB","13:33:25",13.7,0.65,1000,17060900,"S"
"MSB","13:33:23",13.7,0.65,500,17059900,"S"
"MSB","13:33:20",13.7,0.65,7500,17059400,"B"
"MSB","13:33:19",13.7,0.65,5800,17051900,"B"
"MSB","13:33:18",13.7,0.65,500,17046100,"B"
"MSB","13:33:17",13.7,0.65,1000,17045600,"B"
"MSB","13:33:16",13.7,0.65,1000,17044600,"B"
"MSB","13:33:13",13.7,0.65,100,17043600,"B"
"MSB","13:33:12",13.7,0.65,2700,17043500,"S"
"MSB","13:33:11",13.7,0.65,3600,17040800,"B"
"MSB","13:33:10",13.7,0.65,400,17037200,"S"
"MSB","13:33:09",13.7,0.65,6000,17036800,"S"
"MSB","13:33:04",13.7,0.65,200,17030800,"S"
"MSB","13:33:02",13.7,0.65,100,17030600,"S"
"MSB","13:33:01",13.7,0.65,3900,17030500,"S"
"MSB","13:33:01",13.65,0.6,100,17026600,"B"
"MSB","13:33:00",13.65,0.6,100,17026500,"B"
"MSB","13:32:57",13.7,0.65,400,17026400,"S"
"MSB","13:32:54",13.7,0.65,26000,17026000,"S"
"MSB","13:32:52",13.7,0.65,5000,17000000,"S"
"MSB","13:32:50",13.65,0.6,500,16995000,"B"
"MSB","13:32:49",13.7,0.65,1000,16994500,"S"
"MSB","13:32:43",13.7,0.65,10000,16993500,"S"
"MSB","13:32:42",13.7,0.65,7100,16983500,"B"
"MSB","13:32:40",13.7,0.65,10000,16976400,"B"
"MSB","13:32:39",13.7,0.65,500,16966400,"B"
"MSB","13:32:36",13.7,0.65,19500,16965900,"B"
"MSB","13:32:33",13.7,0.65,100,16946400,"B"
"MSB","13:32:32",13.7,0.65,200,16946300,"B"
"MSB","13:32:28",13.7,0.65,200,16946100,"B"
"MSB","13:32:25",13.7,0.65,200,16945900,"B"
"MSB","13:32:23",13.7,0.65,16600,16945700,"S"
"MSB","13:32:21",13.7,0.65,10000,16929100,"S"
"MSB","13:32:20",13.7,0.65,5000,16919100,"S"
"MSB","13:32:13",13.7,0.65,5000,16914100,"S"
"MSB","13:32:11",13.7,0.65,4000,16909100,"S"
"MSB","13:32:05",13.7,0.65,500,16905100,"S"
"MSB","13:32:04",13.7,0.65,300,16904600,"S"
"MSB","13:32:02",13.7,0.65,300,16904300,"S"
"MSB","13:32:01",13.7,0.65,16000,16904000,"S"
"MSB","13:31:58",13.7,0.65,2000,16888000,"S"
"MSB","13:31:54",13.65,0.6,200,16886000,"B"
"MSB","13:31:54",13.7,0.65,12000,16885800,"B"
"MSB","13:31:53",13.7,0.65,9400,16873800,"B"
"MSB","13:31:53",13.75,0.7,40600,16864400,"B"
"MSB","13:31:51",13.75,0.7,1000,16823800,"B"
"MSB","13:31:49",13.8,0.75,2000,16822800,"S"
"MSB","13:31:49",13.75,0.7,200,16820800,"B"
"MSB","13:31:49",13.8,0.75,100,16820600,"S"
"MSB","13:31:48",13.75,0.7,1100,16820500,"B"
"MSB","13:31:47",13.75,0.7,100,16819400,"B"
"MSB","13:31:46",13.75,0.7,300,16819300,"B"
"MSB","13:31:35",13.75,0.7,50000,16819000,"B"
"MSB","13:31:34",13.8,0.75,2000,16769000,"S"
"MSB","13:31:32",13.75,0.7,23300,16767000,"S"
"MSB","13:31:28",13.75,0.7,500,16743700,"S"
"MSB","13:31:26",13.75,0.7,400,16743200,"S"
"MSB","13:31:25",13.75,0.7,2800,16742800,"S"
"MSB","13:31:21",13.75,0.7,6000,16740000,"S"
"MSB","13:31:21",13.75,0.7,100,16734000,"S"
"MSB","13:31:19",13.75,0.7,200,16733900,"S"
"MSB","13:31:16",13.75,0.7,1900,16733700,"S"
"MSB","13:31:14",13.75,0.7,10000,16731800,"S"
"MSB","13:31:13",13.75,0.7,30600,16721800,"B"
"MSB","13:31:12",13.8,0.75,2000,16691200,"S"
"MSB","13:31:09",13.75,0.7,500,16689200,"B"
"MSB","13:31:09",13.8,0.75,1000,16688700,"S"
"MSB","13:31:03",13.75,0.7,1000,16687700,"B"
"MSB","13:31:02",13.8,0.75,500,16686700,"S"
"MSB","13:30:58",13.8,0.75,500,16686200,"S"
"MSB","13:30:56",13.75,0.7,20000,16685700,"B"
"MSB","13:30:55",13.75,0.7,500,16665700,"B"
"MSB","13:30:51",13.8,0.75,5400,16665200,"S"
"MSB","13:30:51",13.75,0.7,100,16659800,"B"
"MSB","13:30:50",13.8,0.75,5400,16659700,"S"
"MSB","13:30:50",13.7,0.65,200,16654300,"B"
"MSB","13:30:49",13.8,0.75,2300,16654100,"S"
"MSB","13:30:49",13.75,0.7,3100,16651800,"S"
"MSB","13:30:49",13.75,0.7,5400,16648700,"S"
"MSB","13:30:46",13.75,0.7,2100,16643300,"S"
"MSB","13:30:46",13.75,0.7,600,16641200,"S"
"MSB","13:30:43",13.75,0.7,8000,16640600,"S"
"MSB","13:30:42",13.75,0.7,100,16632600,"S"
"MSB","13:30:41",13.75,0.7,37700,16632500,"B"
"MSB","13:30:39",13.75,0.7,300,16594800,"S"
"MSB","13:30:38",13.75,0.7,200,16594500,"S"
"MSB","13:30:36",13.7,0.65,1000,16594300,"B"
"MSB","13:30:36",13.75,0.7,200,16593300,"B"
"MSB","13:30:35",13.8,0.75,72700,16593100,"S"
"MSB","13:30:35",13.75,0.7,27300,16520400,"S"
"MSB","13:30:32",13.7,0.65,20000,16493100,"B"
"MSB","13:30:28",13.7,0.65,1000,16473100,"B"
"MSB","13:30:28",13.75,0.7,300,16472100,"S"
"MSB","13:30:25",13.75,0.7,500,16471800,"S"
"MSB","13:30:24",13.7,0.65,1000,16471300,"B"
"MSB","13:30:23",13.75,0.7,21100,16470300,"S"
"MSB","13:30:20",13.7,0.65,2000,16449200,"B"
"MSB","13:30:19",13.75,0.7,100,16447200,"S"
"MSB","13:30:17",13.75,0.7,700,16447100,"S"
"MSB","13:30:15",13.7,0.65,1000,16446400,"B"
"MSB","13:30:12",13.75,0.7,1200,16445400,"S"
"MSB","13:30:09",13.75,0.7,1600,16444200,"S"
"MSB","13:30:08",13.75,0.7,9500,16442600,"S"
"MSB","13:30:07",13.75,0.7,14900,16433100,"S"
"MSB","13:30:07",13.75,0.7,15100,16418200,"S"
"MSB","13:30:06",13.7,0.65,1000,16403100,"B"
"MSB","13:30:06",13.75,0.7,20000,16402100,"S"
"MSB","13:30:05",13.75,0.7,1800,16382100,"S"
"MSB","13:30:03",13.75,0.7,10000,16380300,"S"
"MSB","13:30:02",13.75,0.7,6000,16370300,"S"
"MSB","13:30:02",13.75,0.7,1000,16364300,"S"
"MSB","13:30:00",13.75,0.7,10200,16363300,"S"
"MSB","13:30:00",13.7,0.65,50000,16353100,"B"
"MSB","13:29:59",13.7,0.65,100,16303100,"B"
"MSB","13:29:55",13.75,0.7,3000,16303000,"S"
"MSB","13:29:53",13.7,0.65,100,16300000,"B"
"MSB","13:29:49",13.7,0.65,25200,16299900,"S"
"MSB","13:29:48",13.7,0.65,10300,16274700,"S"
"MSB","13:29:47",13.65,0.6,200,16264400,"B"
"MSB","13:29:46",13.7,0.65,28000,16264200,"S"
"MSB","13:29:45",13.7,0.65,3000,16236200,"S"
"MSB","13:29:43",13.7,0.65,49200,16233200,"S"
"MSB","13:29:43",13.7,0.65,151800,16184000,"S"
"MSB","13:29:42",13.7,0.65,20000,16032200,"S"
"MSB","13:29:40",13.7,0.65,4000,16012200,"S"
"MSB","13:29:38",13.65,0.6,100,16008200,"B"
"MSB","13:29:38",13.7,0.65,15000,16008100,"S"
"MSB","13:29:30",13.65,0.6,14000,15993100,"S"
"MSB","13:29:29",13.65,0.6,55300,15979100,"S"
"MSB","13:29:27",13.65,0.6,1000,15923800,"S"
"MSB","13:29:26",13.65,0.6,15800,15922800,"S"
"MSB","13:29:24",13.65,0.6,30500,15907000,"S"
"MSB","13:29:23",13.65,0.6,100000,15876500,"S"
"MSB","13:29:22",13.65,0.6,31000,15776500,"S"
"MSB","13:29:16",13.65,0.6,10000,15745500,"S"
"MSB","13:29:12",13.65,0.6,500,15735500,"S"
"MSB","13:29:10",13.6,0.55,100,15735000,"B"
"MSB","13:28:59",13.6,0.55,1000,15734900,"B"
"MSB","13:28:56",13.6,0.55,1000,15733900,"B"
"MSB","13:28:53",13.65,0.6,7500,15732900,"S"
"MSB","13:28:52",13.6,0.55,500,15725400,"B"
"MSB","13:28:52",13.65,0.6,5000,15724900,"S"
"MSB","13:28:49",13.6,0.55,500,15719900,"B"
"MSB","13:28:47",13.6,0.55,500,15719400,"S"
"MSB","13:28:47",13.6,0.55,1000,15718900,"S"
"MSB","13:28:46",13.6,0.55,65000,15717900,"S"
"MSB","13:28:45",13.6,0.55,5000,15652900,"S"
"MSB","13:28:45",13.6,0.55,5500,15647900,"S"
"MSB","13:28:44",13.6,0.55,200000,15642400,"S"
"MSB","13:28:44",13.55,0.5,200,15442400,"B"
"MSB","13:28:44",13.6,0.55,700,15442200,"S"
"MSB","13:28:44",13.6,0.55,7400,15441500,"S"
"MSB","13:28:41",13.6,0.55,1800,15434100,"S"
"MSB","13:28:37",13.6,0.55,5200,15432300,"S"
"MSB","13:28:36",13.6,0.55,3000,15427100,"S"
"MSB","13:28:33",13.6,0.55,600,15424100,"S"
"MSB","13:28:31",13.6,0.55,3000,15423500,"S"
"MSB","13:28:31",13.6,0.55,10000,15420500,"S"
"MSB","13:28:30",13.6,0.55,2000,15410500,"S"
"MSB","13:28:27",13.6,0.55,30000,15408500,"S"
"MSB","13:28:27",13.6,0.55,100,15378500,"S"
"MSB","13:28:26",13.6,0.55,18300,15378400,"S"
"MSB","13:28:26",13.6,0.55,400,15360100,"S"
"MSB","13:28:23",13.6,0.55,100000,15359700,"S"
"MSB","13:28:20",13.6,0.55,10000,15259700,"S"
"MSB","13:28:19",13.6,0.55,4900,15249700,"S"
"MSB","13:28:18",13.6,0.55,2000,15244800,"S"
"MSB","13:28:16",13.6,0.55,300,15242800,"S"
"MSB","13:28:14",13.6,0.55,20000,15242500,"S"
"MSB","13:28:12",13.6,0.55,100000,15222500,"S"
"MSB","13:28:07",13.6,0.55,2000,15122500,"S"
"MSB","13:27:55",13.6,0.55,5400,15120500,"S"
"MSB","13:27:53",13.6,0.55,22800,15115100,"S"
"MSB","13:27:53",13.6,0.55,100,15092300,"S"
"MSB","13:27:43",13.55,0.5,100,15092200,"B"
"MSB","13:27:41",13.6,0.55,10000,15092100,"S"
"MSB","13:27:27",13.55,0.5,5200,15082100,"B"
"MSB","13:27:25",13.6,0.55,100,15076900,"S"
"MSB","13:27:23",13.55,0.5,100,15076800,"B"
"MSB","13:27:14",13.6,0.55,28000,15076700,"S"
"MSB","13:27:07",13.55,0.5,5000,15048700,"B"
"MSB","13:27:05",13.6,0.55,1000,15043700,"S"
"MSB","13:27:02",13.6,0.55,300,15042700,"S"
"MSB","13:26:55",13.6,0.55,4400,15042400,"S"
"MSB","13:26:52",13.6,0.55,800,15038000,"S"
"MSB","13:26:52",13.6,0.55,300,15037200,"S"
"MSB","13:26:51",13.55,0.5,1000,15036900,"B"
"MSB","13:26:41",13.55,0.5,100,15035900,"B"
"MSB","13:26:31",13.6,0.55,100,15035800,"S"
"MSB","13:26:27",13.55,0.5,500,15035700,"B"
"MSB","13:26:26",13.55,0.5,700,15035200,"B"
"MSB","13:26:22",13.55,0.5,800,15034500,"B"
"MSB","13:26:21",13.55,0.5,200,15033700,"B"
"MSB","13:26:11",13.55,0.5,2000,15033500,"B"
"MSB","13:26:10",13.6,0.55,2000,15031500,"S"
"MSB","13:25:54",13.55,0.5,1000,15029500,"B"
"MSB","13:25:52",13.55,0.5,100,15028500,"B"
"MSB","13:25:49",13.55,0.5,9400,15028400,"B"
"MSB","13:25:43",13.55,0.5,1600,15019000,"B"
"MSB","13:25:41",13.55,0.5,1000,15017400,"B"
"MSB","13:25:40",13.6,0.55,600,15016400,"S"
"MSB","13:25:37",13.55,0.5,200,15015800,"B"
"MSB","13:25:36",13.55,0.5,100,15015600,"B"
"MSB","13:25:33",13.55,0.5,600,15015500,"B"
"MSB","13:25:32",13.6,0.55,5000,15014900,"S"
"MSB","13:25:30",13.55,0.5,19800,15009900,"B"
"MSB","13:25:27",13.55,0.5,100,14990100,"B"
"MSB","13:25:21",13.55,0.5,5000,14990000,"B"
"MSB","13:25:17",13.55,0.5,300,14985000,"B"
"MSB","13:25:12",13.55,0.5,1000,14984700,"B"
"MSB","13:25:11",13.55,0.5,1000,14983700,"B"
"MSB","13:25:09",13.55,0.5,100,14982700,"B"
"MSB","13:25:08",13.55,0.5,1000,14982600,"B"
"MSB","13:25:06",13.55,0.5,8900,14981600,"S"
"MSB","13:25:05",13.55,0.5,5000,14972700,"S"
"MSB","13:25:02",13.55,0.5,10400,14967700,"S"
"MSB","13:25:00",13.55,0.5,1400,14957300,"S"
"MSB","13:24:58",13.55,0.5,7300,14955900,"S"
"MSB","13:24:56",13.55,0.5,1500,14948600,"S"
"MSB","13:24:55",13.5,0.45,200,14947100,"B"
"MSB","13:24:52",13.55,0.5,13500,14946900,"S"
"MSB","13:24:50",13.55,0.5,1600,14933400,"S"
"MSB","13:24:48",13.55,0.5,50000,14931800,"S"
"MSB","13:24:47",13.55,0.5,2000,14881800,"S"
"MSB","13:24:44",13.55,0.5,61000,14879800,"S"
"MSB","13:24:43",13.55,0.5,2000,14818800,"S"
"MSB","13:24:41",13.5,0.45,1000,14816800,"B"
"MSB","13:24:41",13.55,0.5,1000,14815800,"S"
"MSB","13:24:40",13.55,0.5,900,14814800,"S"
"MSB","13:24:36",13.5,0.45,100,14813900,"B"
"MSB","13:24:35",13.55,0.5,1700,14813800,"S"
"MSB","13:24:32",13.55,0.5,4000,14812100,"S"
"MSB","13:24:29",13.5,0.45,1000,14808100,"B"
"MSB","13:24:28",13.55,0.5,200000,14807100,"S"
"MSB","13:24:27",13.5,0.45,500,14607100,"B"
"MSB","13:24:25",13.55,0.5,40000,14606600,"S"
"MSB","13:24:15",13.55,0.5,8000,14566600,"S"
"MSB","13:24:12",13.55,0.5,1700,14558600,"S"
"MSB","13:24:08",13.55,0.5,200,14556900,"S"
"MSB","13:24:02",13.5,0.45,500,14556700,"B"
"MSB","13:23:57",13.5,0.45,1000,14556200,"B"
"MSB","13:23:37",13.5,0.45,1000,14555200,"B"
"MSB","13:23:36",13.5,0.45,15000,14554200,"B"
"MSB","13:23:35",13.5,0.45,100,14539200,"B"
"MSB","13:23:25",13.55,0.5,500,14539100,"S"
"MSB","13:23:23",13.55,0.5,1900,14538600,"S"
"MSB","13:23:16",13.55,0.5,20000,14536700,"S"
"MSB","13:23:15",13.5,0.45,100,14516700,"B"
"MSB","13:23:11",13.55,0.5,3000,14516600,"S"
"MSB","13:23:05",13.55,0.5,5400,14513600,"S"
"MSB","13:23:04",13.55,0.5,18400,14508200,"S"
"MSB","13:23:00",13.55,0.5,9600,14489800,"S"
"MSB","13:22:58",13.5,0.45,500,14480200,"B"
"MSB","13:22:47",13.5,0.45,1000,14479700,"B"
"MSB","13:22:46",13.5,0.45,500,14478700,"B"
"MSB","13:22:44",13.5,0.45,100,14478200,"B"
"MSB","13:22:44",13.5,0.45,74900,14478100,"S"
"MSB","13:22:43",13.5,0.45,50000,14403200,"S"
"MSB","13:22:40",13.5,0.45,140000,14353200,"S"
"MSB","13:22:36",13.5,0.45,40000,14213200,"S"
"MSB","13:22:35",13.45,0.4,100,14173200,"B"
"MSB","13:22:20",13.45,0.4,500,14173100,"B"
"MSB","13:22:14",13.45,0.4,200,14172600,"B"
"MSB","13:22:11",13.5,0.45,40000,14172400,"S"
"MSB","13:21:40",13.45,0.4,200,14132400,"B"
"MSB","13:21:31",13.45,0.4,200,14132200,"B"
"MSB","13:21:30",13.5,0.45,1000,14132000,"S"
"MSB","13:21:22",13.5,0.45,5400,14131000,"S"
"MSB","13:21:15",13.5,0.45,10000,14125600,"S"
"MSB","13:21:01",13.5,0.45,50000,14115600,"S"
"MSB","13:21:00",13.45,0.4,1000,14065600,"B"
"MSB","13:20:37",13.45,0.4,29500,14064600,"S"
"MSB","13:20:35",13.45,0.4,20000,14035100,"S"
"MSB","13:20:29",13.4,0.35,100,14015100,"B"
"MSB","13:20:27",13.45,0.4,10000,14015000,"S"
"MSB","13:20:26",13.45,0.4,30000,14005000,"S"
"MSB","13:20:13",13.45,0.4,300,13975000,"S"
"MSB","13:19:44",13.45,0.4,300,13974700,"S"
"MSB","13:19:40",13.45,0.4,1000,13974400,"S"
"MSB","13:19:39",13.45,0.4,6300,13973400,"B"
"MSB","13:19:34",13.45,0.4,1000,13967100,"B"
"MSB","13:19:24",13.45,0.4,1200,13966100,"B"
"MSB","13:19:23",13.45,0.4,1700,13964900,"B"
"MSB","13:19:22",13.45,0.4,300,13963200,"B"
"MSB","13:19:18",13.45,0.4,500,13962900,"B"
"MSB","13:19:16",13.45,0.4,1000,13962400,"B"
"MSB","13:19:12",13.45,0.4,100,13961400,"B"
"MSB","13:19:10",13.45,0.4,100,13961300,"B"
"MSB","13:19:06",13.45,0.4,21000,13961200,"B"
"MSB","13:18:52",13.45,0.4,100,13940200,"B"
"MSB","13:18:44",13.45,0.4,200,13940100,"B"
"MSB","13:18:36",13.45,0.4,100,13939900,"B"
"MSB","13:18:34",13.45,0.4,1000,13939800,"B"
"MSB","13:18:23",13.45,0.4,200,13938800,"B"
"MSB","13:18:22",13.45,0.4,200,13938600,"B"
"MSB","13:18:06",13.45,0.4,5000,13938400,"B"
"MSB","13:18:04",13.45,0.4,500,13933400,"B"
"MSB","13:17:58",13.45,0.4,800,13932900,"B"
"MSB","13:17:56",13.45,0.4,4600,13932100,"S"
"MSB","13:17:54",13.45,0.4,5400,13927500,"B"
"MSB","13:17:53",13.45,0.4,1000,13922100,"B"
"MSB","13:17:41",13.45,0.4,5000,13921100,"B"
"MSB","13:17:40",13.45,0.4,100,13916100,"B"
"MSB","13:17:33",13.45,0.4,6500,13916000,"S"
"MSB","13:17:29",13.45,0.4,1000,13909500,"S"
"MSB","13:17:26",13.45,0.4,100,13908500,"S"
"MSB","13:17:21",13.45,0.4,700,13908400,"B"
"MSB","13:17:21",13.45,0.4,1700,13907700,"B"
"MSB","13:17:16",13.45,0.4,200,13906000,"B"
"MSB","13:17:13",13.45,0.4,100,13905800,"B"
"MSB","13:17:11",13.45,0.4,100,13905700,"B"
"MSB","13:16:58",13.45,0.4,800,13905600,"B"
"MSB","13:16:55",13.45,0.4,1000,13904800,"B"
"MSB","13:16:52",13.45,0.4,10000,13903800,"B"
"MSB","13:16:52",13.45,0.4,500,13893800,"B"
"MSB","13:16:48",13.45,0.4,10000,13893300,"B"
"MSB","13:16:39",13.45,0.4,20000,13883300,"B"
"MSB","13:16:38",13.45,0.4,10000,13863300,"B"
"MSB","13:16:35",13.45,0.4,700,13853300,"B"
"MSB","13:16:27",13.45,0.4,3000,13852600,"B"
"MSB","13:16:15",13.45,0.4,100,13849600,"B"
"MSB","13:16:12",13.45,0.4,17800,13849500,"S"
"MSB","13:16:10",13.45,0.4,132200,13831700,"B"
"MSB","13:15:55",13.45,0.4,100,13699500,"B"
"MSB","13:15:40",13.45,0.4,500,13699400,"B"
"MSB","13:15:35",13.45,0.4,7400,13698900,"S"
"MSB","13:15:20",13.45,0.4,100,13691500,"S"
"MSB","13:15:11",13.4,0.35,200,13691400,"B"
"MSB","13:14:53",13.45,0.4,100,13691200,"S"
"MSB","13:14:51",13.45,0.4,900,13691100,"S"
"MSB","13:14:47",13.45,0.4,10100,13690200,"S"
"MSB","13:14:45",13.45,0.4,4000,13680100,"S"
"MSB","13:14:38",13.45,0.4,300,13676100,"S"
"MSB","13:14:37",13.45,0.4,1700,13675800,"B"
"MSB","13:14:27",13.45,0.4,10000,13674100,"B"
"MSB","13:14:24",13.45,0.4,1000,13664100,"B"
"MSB","13:14:14",13.5,0.45,1000,13663100,"S"
"MSB","13:14:08",13.4,0.35,200,13662100,"B"
"MSB","13:14:06",13.5,0.45,4000,13661900,"S"
"MSB","13:14:04",13.5,0.45,48800,13657900,"S"
"MSB","13:14:04",13.45,0.4,12200,13609100,"S"
"MSB","13:14:03",13.45,0.4,4800,13596900,"S"
"MSB","13:13:59",13.45,0.4,100,13592100,"S"
"MSB","13:13:57",13.45,0.4,1000,13592000,"S"
"MSB","13:13:54",13.45,0.4,100,13591000,"S"
"MSB","13:13:51",13.45,0.4,100,13590900,"S"
"MSB","13:13:43",13.45,0.4,2000,13590800,"S"
"MSB","13:13:27",13.45,0.4,17000,13588800,"S"
"MSB","13:13:25",13.45,0.4,5500,13571800,"B"
"MSB","13:13:21",13.45,0.4,400,13566300,"B"
"MSB","13:13:20",13.45,0.4,200,13565900,"B"
"MSB","13:13:16",13.45,0.4,200,13565700,"B"
"MSB","13:13:16",13.45,0.4,500,13565500,"S"
"MSB","13:13:15",13.45,0.4,500,13565000,"B"
"MSB","13:13:09",13.45,0.4,600,13564500,"S"
"MSB","13:13:07",13.45,0.4,4900,13563900,"B"
"MSB","13:13:06",13.45,0.4,100,13559000,"B"
"MSB","13:13:01",13.45,0.4,1000,13558900,"S"
"MSB","13:13:00",13.45,0.4,49000,13557900,"B"
"MSB","13:12:56",13.45,0.4,200,13508900,"B"
"MSB","13:12:54",13.45,0.4,900,13508700,"B"
"MSB","13:12:51",13.45,0.4,500,13507800,"B"
"MSB","13:12:11",13.45,0.4,265400,13507300,"S"
"MSB","13:12:06",13.4,0.35,100,13241900,"B"
"MSB","13:12:05",13.4,0.35,1500,13241800,"B"
"MSB","13:11:42",13.4,0.35,100,13240300,"B"
"MSB","13:11:07",13.45,0.4,200,13240200,"S"
"MSB","13:11:04",13.4,0.35,100,13240000,"B"
"MSB","13:10:42",13.45,0.4,100,13239900,"S"
"MSB","13:10:39",13.45,0.4,500,13239800,"S"
"MSB","13:10:39",13.45,0.4,1000,13239300,"S"
"MSB","13:10:35",13.45,0.4,5500,13238300,"S"
"MSB","13:10:16",13.45,0.4,20000,13232800,"S"
"MSB","13:10:08",13.45,0.4,2000,13212800,"S"
"MSB","13:10:01",13.45,0.4,2200,13210800,"S"
"MSB","13:10:01",13.4,0.35,200,13208600,"B"
"MSB","13:09:52",13.45,0.4,5400,13208400,"S"
"MSB","13:09:37",13.45,0.4,1900,13203000,"S"
"MSB","13:09:15",13.45,0.4,8400,13201100,"S"
"MSB","13:09:07",13.45,0.4,9600,13192700,"S"
"MSB","13:09:00",13.4,0.35,100,13183100,"B"
"MSB","13:08:57",13.45,0.4,5400,13183000,"S"
"MSB","13:08:52",13.45,0.4,200,13177600,"S"
"MSB","13:08:50",13.4,0.35,4700,13177400,"B"
"MSB","13:08:19",13.45,0.4,15000,13172700,"S"
"MSB","13:07:59",13.4,0.35,100,13157700,"B"
"MSB","13:07:58",13.45,0.4,22800,13157600,"S"
"MSB","13:07:30",13.45,0.4,100,13134800,"S"
"MSB","13:07:25",13.4,0.35,500,13134700,"B"
"MSB","13:07:13",13.45,0.4,100,13134200,"S"
"MSB","13:07:02",13.45,0.4,5400,13134100,"S"
"MSB","13:06:59",13.45,0.4,300,13128700,"S"
"MSB","13:06:57",13.4,0.35,200,13128400,"B"
"MSB","13:06:30",13.45,0.4,500,13128200,"S"
"MSB","13:06:22",13.45,0.4,15000,13127700,"S"
"MSB","13:06:14",13.4,0.35,200,13112700,"B"
"MSB","13:06:07",13.4,0.35,1000,13112500,"B"
"MSB","13:05:55",13.4,0.35,100,13111500,"B"
"MSB","13:05:54",13.45,0.4,1800,13111400,"S"
"MSB","13:05:50",13.45,0.4,1000,13109600,"S"
"MSB","13:05:46",13.45,0.4,800,13108600,"S"
"MSB","13:05:38",13.45,0.4,1000,13107800,"S"
"MSB","13:05:32",13.45,0.4,500,13106800,"S"
"MSB","13:05:08",13.45,0.4,100,13106300,"S"
"MSB","13:05:03",13.45,0.4,2500,13106200,"S"
"MSB","13:04:36",13.45,0.4,3100,13103700,"S"
"MSB","13:04:27",13.45,0.4,500,13100600,"S"
"MSB","13:04:21",13.45,0.4,400,13100100,"S"
"MSB","13:04:13",13.45,0.4,8200,13099700,"S"
"MSB","13:04:12",13.45,0.4,41800,13091500,"S"
"MSB","13:04:09",13.45,0.4,1900,13049700,"S"
"MSB","13:04:02",13.45,0.4,400,13047800,"S"
"MSB","13:03:58",13.45,0.4,24900,13047400,"S"
"MSB","13:03:52",13.45,0.4,30000,13022500,"S"
"MSB","13:03:45",13.45,0.4,8900,12992500,"S"
"MSB","13:03:14",13.45,0.4,5600,12983600,"S"
"MSB","13:02:45",13.45,0.4,3000,12978000,"S"
"MSB","13:02:42",13.4,0.35,3500,12975000,"B"
"MSB","13:02:31",13.45,0.4,5400,12971500,"S"
"MSB","13:02:29",13.45,0.4,1300,12966100,"S"
"MSB","13:02:21",13.45,0.4,200,12964800,"S"
"MSB","13:02:18",13.45,0.4,17800,12964600,"S"
"MSB","13:02:09",13.4,0.35,200,12946800,"B"
"MSB","13:02:07",13.45,0.4,4200,12946600,"S"
"MSB","13:01:58",13.45,0.4,2000,12942400,"S"
"MSB","13:01:51",13.45,0.4,11500,12940400,"S"
"MSB","13:01:20",13.45,0.4,1000,12928900,"S"
"MSB","13:01:16",13.45,0.4,3000,12927900,"S"
"MSB","13:01:13",13.45,0.4,100,12924900,"S"
"MSB","13:01:10",13.45,0.4,6500,12924800,"B"
"MSB","13:01:05",13.45,0.4,1500,12918300,"B"
"MSB","13:00:54",13.45,0.4,8500,12916800,"S"
"MSB","13:00:52",13.45,0.4,1000,12908300,"S"
"MSB","13:00:44",13.45,0.4,20000,12907300,"S"
"MSB","13:00:41",13.45,0.4,50000,12887300,"S"
"MSB","13:00:34",13.45,0.4,1000,12837300,"S"
"MSB","13:00:32",13.45,0.4,3000,12836300,"S"
"MSB","13:00:26",13.4,0.35,1400,12833300,"B"
"MSB","13:00:25",13.45,0.4,100,12831900,"S"
"MSB","13:00:25",13.4,0.35,5000,12831800,"B"
"MSB","13:00:22",13.45,0.4,100,12826800,"S"
"MSB","13:00:21",13.45,0.4,500,12826700,"S"
"MSB","13:00:20",13.45,0.4,2000,12826200,"S"
"MSB","13:00:19",13.45,0.4,3400,12824200,"S"
"MSB","13:00:18",13.45,0.4,300,12820800,"S"
"MSB","13:00:16",13.45,0.4,200,12820500,"S"
"MSB","13:00:13",13.4,0.35,1900,12820300,"B"
"MSB","13:00:12",13.45,0.4,2000,12818400,"S"
"MSB","13:00:10",13.45,0.4,700,12816400,"S"
"MSB","13:00:08",13.45,0.4,1000,12815700,"S"
"MSB","13:00:05",13.45,0.4,2200,12814700,"S"
"MSB","13:00:04",13.45,0.4,3400,12812500,"S"
"MSB","13:00:03",13.45,0.4,32900,12809100,"S"
"MSB","13:00:03",13.45,0.4,100,12776200,"S"
"MSB","13:00:02",13.45,0.4,46700,12776100,"S"
"MSB","13:00:01",13.45,0.4,44100,12729400,"S"
"MSB","13:00:01",13.4,0.35,200,12685300,"B"
"MSB","13:00:01",13.45,0.4,500,12685100,"S"
"MSB","13:00:01",13.45,0.4,1300,12684600,"S"
"MSB","13:00:00",13.45,0.4,1300,12683300,"S"
"MSB","13:00:00",13.4,0.35,7000,12682000,"B"
"MSB","13:00:00",13.45,0.4,5500,12675000,"S"
"MSB","11:29:49",13.45,0.4,30000,12669500,"S"
"MSB","11:29:45",13.45,0.4,300,12639500,"S"
"MSB","11:29:33",13.45,0.4,5000,12639200,"S"
"MSB","11:29:30",13.45,0.4,30300,12634200,"B"
"MSB","11:29:27",13.45,0.4,22200,12603900,"B"
"MSB","11:29:19",13.45,0.4,3000,12581700,"B"
"MSB","11:29:13",13.45,0.4,10000,12578700,"B"
"MSB","11:29:11",13.45,0.4,88000,12568700,"B"
"MSB","11:29:01",13.5,0.45,300,12480700,"S"
"MSB","11:28:55",13.45,0.4,2000,12480400,"B"
"MSB","11:28:45",13.5,0.45,500,12478400,"S"
"MSB","11:28:38",13.45,0.4,100,12477900,"B"
"MSB","11:28:32",13.45,0.4,10000,12477800,"B"
"MSB","11:28:28",13.45,0.4,95800,12467800,"B"
"MSB","11:28:28",13.45,0.4,4200,12372000,"B"
"MSB","11:28:12",13.45,0.4,500,12367800,"B"
"MSB","11:28:01",13.45,0.4,500,12367300,"B"
"MSB","11:27:52",13.45,0.4,100,12366800,"B"
"MSB","11:27:51",13.45,0.4,1000,12366700,"B"
"MSB","11:27:29",13.45,0.4,5000,12365700,"B"
"MSB","11:27:21",13.45,0.4,300,12360700,"B"
"MSB","11:27:17",13.45,0.4,5000,12360400,"B"
"MSB","11:27:10",13.45,0.4,2000,12355400,"B"
"MSB","11:27:07",13.45,0.4,1200,12353400,"B"
"MSB","11:26:58",13.45,0.4,5000,12352200,"B"
"MSB","11:26:46",13.45,0.4,2000,12347200,"B"
"MSB","11:26:34",13.5,0.45,1000,12345200,"S"
"MSB","11:26:33",13.45,0.4,500,12344200,"B"
"MSB","11:26:33",13.45,0.4,2000,12343700,"B"
"MSB","11:26:29",13.45,0.4,900,12341700,"B"
"MSB","11:26:27",13.45,0.4,5100,12340800,"B"
"MSB","11:26:14",13.45,0.4,2400,12335700,"B"
"MSB","11:26:08",13.5,0.45,3000,12333300,"S"
"MSB","11:26:03",13.45,0.4,1000,12330300,"B"
"MSB","11:26:00",13.45,0.4,3000,12329300,"B"
"MSB","11:25:56",13.45,0.4,5800,12326300,"B"
"MSB","11:25:54",13.45,0.4,100,12320500,"B"
"MSB","11:25:29",13.45,0.4,17500,12320400,"S"
"MSB","11:25:27",13.45,0.4,500,12302900,"S"
"MSB","11:25:26",13.45,0.4,20000,12302400,"S"
"MSB","11:25:22",13.45,0.4,2000,12282400,"S"
"MSB","11:25:21",13.45,0.4,400,12280400,"S"
"MSB","11:25:17",13.45,0.4,500,12280000,"S"
"MSB","11:25:16",13.45,0.4,5000,12279500,"S"
"MSB","11:25:15",13.45,0.4,200,12274500,"S"
"MSB","11:25:13",13.45,0.4,3000,12274300,"S"
"MSB","11:24:59",13.45,0.4,1000,12271300,"S"
"MSB","11:24:56",13.45,0.4,500,12270300,"S"
"MSB","11:24:54",13.45,0.4,171200,12269800,"B"
"MSB","11:24:49",13.5,0.45,400,12098600,"S"
"MSB","11:24:46",13.5,0.45,100,12098200,"S"
"MSB","11:24:41",13.45,0.4,100,12098100,"B"
"MSB","11:24:41",13.5,0.45,2000,12098000,"S"
"MSB","11:24:34",13.5,0.45,5000,12096000,"S"
"MSB","11:24:33",13.5,0.45,3000,12091000,"S"
"MSB","11:24:32",13.5,0.45,1000,12088000,"S"
"MSB","11:24:27",13.5,0.45,100,12087000,"S"
"MSB","11:24:22",13.5,0.45,300,12086900,"S"
"MSB","11:24:19",13.45,0.4,200,12086600,"B"
"MSB","11:24:08",13.5,0.45,300,12086400,"S"
"MSB","11:24:01",13.5,0.45,1000,12086100,"S"
"MSB","11:23:49",13.5,0.45,3000,12085100,"S"
"MSB","11:23:38",13.45,0.4,500,12082100,"B"
"MSB","11:23:35",13.45,0.4,100,12081600,"B"
"MSB","11:23:19",13.45,0.4,200,12081500,"B"
"MSB","11:22:51",13.45,0.4,1000,12081300,"B"
"MSB","11:22:51",13.5,0.45,100,12080300,"S"
"MSB","11:22:48",13.45,0.4,100,12080200,"B"
"MSB","11:22:48",13.5,0.45,50000,12080100,"S"
"MSB","11:22:44",13.45,0.4,1500,12030100,"B"
"MSB","11:22:41",13.45,0.4,5000,12028600,"B"
"MSB","11:22:36",13.45,0.4,600,12023600,"B"
"MSB","11:22:02",13.45,0.4,5000,12023000,"B"
"MSB","11:21:49",13.45,0.4,1900,12018000,"S"
"MSB","11:21:45",13.45,0.4,3100,12016100,"B"
"MSB","11:21:41",13.45,0.4,16700,12013000,"S"
"MSB","11:21:39",13.45,0.4,2000,11996300,"S"
"MSB","11:21:35",13.45,0.4,10000,11994300,"S"
"MSB","11:21:27",13.45,0.4,50000,11984300,"S"
"MSB","11:21:25",13.45,0.4,10000,11934300,"S"
"MSB","11:21:23",13.45,0.4,100,11924300,"S"
"MSB","11:21:22",13.4,0.35,3200,11924200,"B"
"MSB","11:21:20",13.45,0.4,1100,11921000,"S"
"MSB","11:21:19",13.45,0.4,2000,11919900,"S"
"MSB","11:21:16",13.45,0.4,10000,11917900,"S"
"MSB","11:21:14",13.45,0.4,8600,11907900,"S"
"MSB","11:21:11",13.45,0.4,200,11899300,"S"
"MSB","11:21:08",13.45,0.4,1400,11899100,"S"
"MSB","11:21:02",13.45,0.4,10000,11897700,"S"
"MSB","11:20:58",13.45,0.4,10000,11887700,"S"
"MSB","11:20:50",13.45,0.4,1800,11877700,"S"
"MSB","11:20:48",13.45,0.4,1000,11875900,"S"
"MSB","11:20:44",13.45,0.4,1000,11874900,"S"
"MSB","11:20:40",13.45,0.4,20000,11873900,"S"
"MSB","11:20:39",13.45,0.4,1000,11853900,"S"
"MSB","11:20:28",13.45,0.4,10000,11852900,"S"
"MSB","11:20:27",13.45,0.4,5000,11842900,"S"
"MSB","11:20:20",13.45,0.4,1000,11837900,"S"
"MSB","11:20:19",13.4,0.35,300,11836900,"B"
"MSB","11:20:14",13.45,0.4,3000,11836600,"S"
"MSB","11:20:03",13.45,0.4,100,11833600,"S"
"MSB","11:20:00",13.45,0.4,700,11833500,"S"
"MSB","11:19:51",13.45,0.4,13000,11832800,"S"
"MSB","11:19:39",13.45,0.4,20000,11819800,"S"
"MSB","11:19:37",13.45,0.4,100,11799800,"S"
"MSB","11:19:27",13.45,0.4,1300,11799700,"S"
"MSB","11:19:20",13.45,0.4,4800,11798400,"S"
"MSB","11:19:18",13.45,0.4,3100,11793600,"S"
"MSB","11:19:11",13.4,0.35,1000,11790500,"B"
"MSB","11:19:10",13.45,0.4,100,11789500,"S"
"MSB","11:19:05",13.45,0.4,600,11789400,"S"
"MSB","11:18:42",13.45,0.4,800,11788800,"S"
"MSB","11:18:41",13.45,0.4,1000,11788000,"S"
"MSB","11:18:39",13.45,0.4,10500,11787000,"S"
"MSB","11:18:36",13.45,0.4,1000,11776500,"S"
"MSB","11:18:27",13.45,0.4,10000,11775500,"S"
"MSB","11:18:18",13.45,0.4,1000,11765500,"S"
"MSB","11:18:08",13.45,0.4,10000,11764500,"S"
"MSB","11:18:03",13.45,0.4,200,11754500,"S"
"MSB","11:18:00",13.45,0.4,88100,11754300,"B"
"MSB","11:17:58",13.45,0.4,10000,11666200,"B"
"MSB","11:17:57",13.45,0.4,100000,11656200,"B"
"MSB","11:17:54",13.45,0.4,100000,11556200,"B"
"MSB","11:17:51",13.45,0.4,100000,11456200,"B"
"MSB","11:17:25",13.45,0.4,100000,11356200,"B"
"MSB","11:17:23",13.5,0.45,2900,11256200,"S"
"MSB","11:17:16",13.5,0.45,300,11253300,"S"
"MSB","11:17:11",13.5,0.45,100,11253000,"S"
"MSB","11:17:05",13.5,0.45,3000,11252900,"S"
"MSB","11:17:05",13.5,0.45,1000,11249900,"S"
"MSB","11:17:00",13.5,0.45,3500,11248900,"S"
"MSB","11:16:59",13.5,0.45,5000,11245400,"S"
"MSB","11:16:55",13.5,0.45,2000,11240400,"S"
"MSB","11:16:54",13.5,0.45,1000,11238400,"S"
"MSB","11:16:44",13.5,0.45,2000,11237400,"S"
"MSB","11:16:34",13.5,0.45,4000,11235400,"S"
"MSB","11:16:25",13.5,0.45,10600,11231400,"B"
"MSB","11:16:21",13.5,0.45,300,11220800,"B"
"MSB","11:16:19",13.55,0.5,50600,11220500,"S"
"MSB","11:16:18",13.55,0.5,137700,11169900,"S"
"MSB","11:16:13",13.5,0.45,2000,11032200,"B"
"MSB","11:16:07",13.55,0.5,500,11030200,"S"
"MSB","11:16:06",13.5,0.45,10000,11029700,"B"
"MSB","11:16:05",13.5,0.45,299700,11019700,"S"
"MSB","11:16:00",13.5,0.45,2000,10720000,"S"
"MSB","11:15:52",13.45,0.4,100,10718000,"B"
"MSB","11:15:51",13.45,0.4,5000,10717900,"B"
"MSB","11:15:50",13.45,0.4,3000,10712900,"B"
"MSB","11:15:43",13.45,0.4,21000,10709900,"S"
"MSB","11:15:42",13.45,0.4,27600,10688900,"S"
"MSB","11:15:36",13.45,0.4,200,10661300,"S"
"MSB","11:15:22",13.45,0.4,3000,10661100,"S"
"MSB","11:15:21",13.45,0.4,1000,10658100,"S"
"MSB","11:15:15",13.45,0.4,1000,10657100,"S"
"MSB","11:15:14",13.45,0.4,400,10656100,"S"
"MSB","11:15:07",13.45,0.4,500,10655700,"S"
"MSB","11:15:03",13.45,0.4,100000,10655200,"S"
"MSB","11:14:59",13.45,0.4,7400,10555200,"S"
"MSB","11:14:53",13.45,0.4,200,10547800,"S"
"MSB","11:14:52",13.45,0.4,12100,10547600,"S"
"MSB","11:14:50",13.45,0.4,2000,10535500,"S"
"MSB","11:14:40",13.45,0.4,100,10533500,"S"
"MSB","11:14:37",13.45,0.4,9900,10533400,"S"
"MSB","11:14:36",13.45,0.4,500,10523500,"S"
"MSB","11:14:31",13.45,0.4,3000,10523000,"S"
"MSB","11:14:31",13.4,0.35,500,10520000,"B"
"MSB","11:14:29",13.45,0.4,1000,10519500,"S"
"MSB","11:14:26",13.45,0.4,10000,10518500,"S"
"MSB","11:14:20",13.45,0.4,54200,10508500,"B"
"MSB","11:14:19",13.45,0.4,200,10454300,"B"
"MSB","11:14:18",13.45,0.4,1100,10454100,"B"
"MSB","11:14:16",13.45,0.4,500,10453000,"B"
"MSB","11:14:13",13.45,0.4,500,10452500,"B"
"MSB","11:14:10",13.45,0.4,600,10452000,"B"
"MSB","11:14:09",13.45,0.4,300,10451400,"B"
"MSB","11:14:03",13.45,0.4,900,10451100,"B"
"MSB","11:13:58",13.45,0.4,30800,10450200,"B"
"MSB","11:13:55",13.45,0.4,100,10419400,"B"
"MSB","11:13:51",13.45,0.4,3000,10419300,"B"
"MSB","11:13:50",13.45,0.4,200,10416300,"B"
"MSB","11:13:43",13.45,0.4,1000,10416100,"B"
"MSB","11:13:40",13.45,0.4,5000,10415100,"B"
"MSB","11:13:36",13.45,0.4,200,10410100,"B"
"MSB","11:13:26",13.45,0.4,3000,10409900,"B"
"MSB","11:13:20",13.45,0.4,6200,10406900,"S"
"MSB","11:13:16",13.45,0.4,40000,10400700,"S"
"MSB","11:13:15",13.45,0.4,300,10360700,"S"
"MSB","11:13:14",13.45,0.4,500,10360400,"S"
"MSB","11:13:12",13.45,0.4,70000,10359900,"S"
"MSB","11:13:06",13.45,0.4,2100,10289900,"S"
"MSB","11:13:04",13.45,0.4,5000,10287800,"S"
"MSB","11:13:00",13.45,0.4,2000,10282800,"S"
"MSB","11:12:53",13.45,0.4,200,10280800,"S"
"MSB","11:12:47",13.45,0.4,50000,10280600,"S"
"MSB","11:12:38",13.45,0.4,20000,10230600,"S"
"MSB","11:12:36",13.45,0.4,4000,10210600,"S"
"MSB","11:12:21",13.45,0.4,5000,10206600,"S"
"MSB","11:12:18",13.45,0.4,20000,10201600,"S"
"MSB","11:11:53",13.45,0.4,5000,10181600,"S"
"MSB","11:11:32",13.4,0.35,4000,10176600,"B"
"MSB","11:11:31",13.4,0.35,100,10172600,"B"
"MSB","11:11:30",13.45,0.4,200,10172000,"S"
"MSB","11:11:26",13.45,0.4,5000,10171800,"S"
"MSB","11:11:10",13.45,0.4,4400,10166800,"S"
"MSB","11:11:10",13.45,0.4,5600,10162400,"S"
"MSB","11:10:52",13.45,0.4,100,10156800,"S"
"MSB","11:10:32",13.45,0.4,2000,10156700,"S"
"MSB","11:10:28",13.45,0.4,3000,10154700,"S"
"MSB","11:10:25",13.4,0.35,9600,10151700,"B"
"MSB","11:10:19",13.45,0.4,5000,10142100,"S"
"MSB","11:10:17",13.4,0.35,300,10137100,"B"
"MSB","11:10:13",13.4,0.35,33500,10136800,"B"
"MSB","11:10:07",13.4,0.35,3000,10103300,"B"
"MSB","11:10:05",13.45,0.4,2800,10100300,"S"
"MSB","11:09:51",13.4,0.35,400,10097500,"B"
"MSB","11:09:51",13.45,0.4,200,10097100,"S"
"MSB","11:09:41",13.45,0.4,100,10096900,"S"
"MSB","11:09:37",13.45,0.4,200,10096800,"S"
"MSB","11:09:32",13.4,0.35,500,10096600,"B"
"MSB","11:09:08",13.4,0.35,500,10096100,"B"
"MSB","11:09:06",13.4,0.35,100,10095600,"B"
"MSB","11:09:03",13.4,0.35,8000,10095500,"B"
"MSB","11:09:01",13.45,0.4,100,10087500,"S"
"MSB","11:08:56",13.4,0.35,3000,10087400,"B"
"MSB","11:08:35",13.45,0.4,500,10084400,"S"
"MSB","11:08:35",13.45,0.4,3800,10083900,"S"
"MSB","11:08:34",13.4,0.35,1000,10080100,"B"
"MSB","11:08:24",13.4,0.35,10000,10079100,"B"
"MSB","11:08:16",13.4,0.35,1000,10069100,"B"
"MSB","11:08:15",13.4,0.35,200,10068100,"B"
"MSB","11:08:14",13.4,0.35,2900,10067900,"B"
"MSB","11:08:09",13.45,0.4,2000,10065000,"S"
"MSB","11:08:02",13.4,0.35,500,10063000,"B"
"MSB","11:07:59",13.45,0.4,200,10062500,"S"
"MSB","11:07:53",13.45,0.4,3100,10062300,"S"
"MSB","11:07:51",13.4,0.35,1000,10059100,"B"
"MSB","11:07:44",13.45,0.4,1000,10058100,"S"
"MSB","11:07:41",13.45,0.4,1000,10057100,"S"
"MSB","11:07:26",13.45,0.4,3400,10056100,"S"
"MSB","11:07:26",13.45,0.4,5000,10052700,"S"
"MSB","11:07:24",13.4,0.35,1000,10047700,"B"
"MSB","11:07:22",13.45,0.4,500,10046700,"S"
"MSB","11:07:21",13.45,0.4,400,10046200,"S"
"MSB","11:07:20",13.45,0.4,1000,10045800,"S"
"MSB","11:07:15",13.45,0.4,200,10044800,"S"
"MSB","11:07:03",13.45,0.4,64700,10044600,"B"
"MSB","11:07:02",13.5,0.45,5000,9979900,"S"
"MSB","11:07:00",13.5,0.45,600,9974900,"S"
"MSB","11:06:53",13.5,0.45,900,9974300,"S"
"MSB","11:06:50",13.45,0.4,100,9973400,"B"
"MSB","11:06:50",13.5,0.45,200,9973300,"S"
"MSB","11:06:49",13.5,0.45,1200,9973100,"S"
"MSB","11:06:47",13.5,0.45,500,9971900,"S"
"MSB","11:06:42",13.5,0.45,500,9971400,"S"
"MSB","11:06:39",13.5,0.45,1000,9970900,"S"
"MSB","11:06:37",13.5,0.45,8000,9969900,"S"
"MSB","11:06:36",13.5,0.45,1000,9961900,"S"
"MSB","11:06:34",13.5,0.45,3000,9960900,"S"
"MSB","11:06:33",13.5,0.45,1000,9957900,"S"
"MSB","11:06:30",13.5,0.45,300,9956900,"S"
"MSB","11:06:26",13.5,0.45,600,9956600,"S"
"MSB","11:06:21",13.5,0.45,10000,9956000,"S"
"MSB","11:06:18",13.5,0.45,10000,9946000,"S"
"MSB","11:06:16",13.5,0.45,500,9936000,"S"
"MSB","11:06:13",13.5,0.45,2000,9935500,"S"
"MSB","11:06:10",13.5,0.45,30000,9933500,"S"
"MSB","11:06:06",13.5,0.45,57000,9903500,"B"
"MSB","11:06:02",13.5,0.45,2100,9846500,"B"
"MSB","11:06:01",13.5,0.45,500,9844400,"B"
"MSB","11:05:56",13.5,0.45,400,9843900,"B"
"MSB","11:05:55",13.5,0.45,9700,9843500,"S"
"MSB","11:05:54",13.5,0.45,3000,9833800,"S"
"MSB","11:05:51",13.5,0.45,100,9820800,"S"
"MSB","11:05:50",13.5,0.45,4900,9820700,"S"
"MSB","11:05:49",13.5,0.45,3000,9815800,"S"
"MSB","11:05:48",13.5,0.45,10000,9812800,"S"
"MSB","11:05:47",13.5,0.45,5000,9802800,"S"
"MSB","11:05:44",13.5,0.45,2000,9797800,"S"
"MSB","11:05:44",13.45,0.4,2000,9795800,"B"
"MSB","11:05:41",13.5,0.45,15000,9793800,"S"
"MSB","11:05:37",13.5,0.45,10000,9778800,"S"
"MSB","11:05:33",13.5,0.45,1000,9768800,"S"
"MSB","11:05:32",13.5,0.45,5000,9767800,"S"
"MSB","11:05:27",13.5,0.45,10100,9762800,"S"
"MSB","11:05:26",13.5,0.45,3000,9752700,"S"
"MSB","11:05:24",13.5,0.45,2000,9749700,"S"
"MSB","11:05:23",13.5,0.45,25200,9747700,"S"
"MSB","11:05:23",13.5,0.45,2000,9722500,"S"
"MSB","11:05:20",13.5,0.45,2000,9720500,"S"
"MSB","11:05:18",13.5,0.45,100,9718500,"S"
"MSB","11:05:13",13.5,0.45,2000,9718400,"S"
"MSB","11:05:12",13.5,0.45,1000,9716400,"S"
"MSB","11:05:09",13.5,0.45,50000,9715400,"S"
"MSB","11:05:08",13.5,0.45,2000,9665400,"S"
"MSB","11:05:07",13.5,0.45,3000,9663400,"S"
"MSB","11:05:06",13.5,0.45,6000,9660400,"S"
"MSB","11:05:06",13.5,0.45,600,9654400,"S"
"MSB","11:05:05",13.5,0.45,200000,9653800,"S"
"MSB","11:05:03",13.5,0.45,500,9453800,"S"
"MSB","11:05:02",13.45,0.4,101500,9453300,"B"
"MSB","11:05:01",13.5,0.45,9000,9351800,"S"
"MSB","11:04:59",13.5,0.45,800,9342800,"S"
"MSB","11:04:57",13.5,0.45,15000,9342000,"S"
"MSB","11:04:56",13.5,0.45,500,9327000,"S"
"MSB","11:04:52",13.5,0.45,2000,9326500,"S"
"MSB","11:04:49",13.5,0.45,6100,9324500,"B"
"MSB","11:04:48",13.5,0.45,400,9295300,"B"
"MSB","11:04:47",13.5,0.45,3000,9294900,"B"
"MSB","11:04:46",13.5,0.45,4400,9291900,"S"
"MSB","11:04:45",13.5,0.45,7800,9287500,"B"
"MSB","11:04:45",13.5,0.45,100,9279700,"B"
"MSB","11:04:44",13.5,0.45,50000,9279600,"B"
"MSB","11:04:43",13.5,0.45,2000,9229600,"B"
"MSB","11:04:42",13.5,0.45,115900,9227600,"S"
"MSB","11:04:39",13.5,0.45,10000,9111700,"S"
"MSB","11:04:37",13.5,0.45,5000,9101700,"S"
"MSB","11:04:37",13.45,0.4,100000,9096700,"B"
"MSB","11:04:37",13.5,0.45,105000,8996700,"S"
"MSB","11:04:36",13.5,0.45,6000,8891700,"S"
"MSB","11:04:35",13.5,0.45,100000,8885700,"S"
"MSB","11:04:35",13.5,0.45,1000,8785700,"S"
"MSB","11:04:33",13.5,0.45,10000,8784700,"S"
"MSB","11:04:32",13.5,0.45,100,8774700,"S"
"MSB","11:04:31",13.5,0.45,300,8774600,"S"
"MSB","11:04:30",13.5,0.45,1200,8774300,"S"
"MSB","11:04:30",13.5,0.45,10000,8773100,"S"
"MSB","11:04:29",13.45,0.4,1000,8763100,"B"
"MSB","11:04:25",13.45,0.4,500,8762100,"B"
"MSB","11:04:24",13.5,0.45,3000,8761600,"S"
"MSB","11:04:23",13.5,0.45,150000,8758600,"S"
"MSB","11:04:20",13.5,0.45,1000,8608600,"S"
"MSB","11:04:17",13.5,0.45,100,8607600,"S"
"MSB","11:04:15",13.45,0.4,20000,8607500,"B"
"MSB","11:04:13",13.5,0.45,1000,8587500,"S"
"MSB","11:04:11",13.45,0.4,500,8586500,"B"
"MSB","11:04:06",13.5,0.45,5000,8586000,"S"
"MSB","11:04:05",13.45,0.4,1000,8581000,"B"
"MSB","11:04:02",13.45,0.4,100,8580000,"B"
"MSB","11:03:56",13.45,0.4,200,8579900,"B"
"MSB","11:03:55",13.45,0.4,2300,8579700,"B"
"MSB","11:03:53",13.45,0.4,600,8577400,"B"
"MSB","11:03:47",13.45,0.4,1000,8576800,"B"
"MSB","11:03:46",13.45,0.4,500,8575800,"B"
"MSB","11:03:40",13.45,0.4,100,8575300,"B"
"MSB","11:03:35",13.45,0.4,10000,8575200,"B"
"MSB","11:03:32",13.45,0.4,9700,8565200,"S"
"MSB","11:03:31",13.45,0.4,900,8555500,"S"
"MSB","11:03:29",13.45,0.4,500,8554600,"S"
"MSB","11:03:27",13.45,0.4,500,8554100,"S"
"MSB","11:03:26",13.45,0.4,10000,8553600,"S"
"MSB","11:03:24",13.45,0.4,15000,8543600,"S"
"MSB","11:03:20",13.45,0.4,600,8528600,"S"
"MSB","11:03:19",13.45,0.4,9000,8528000,"S"
"MSB","11:03:18",13.45,0.4,13000,8519000,"S"
"MSB","11:03:16",13.45,0.4,21000,8506000,"S"
"MSB","11:03:15",13.4,0.35,100,8485000,"B"
"MSB","11:03:10",13.45,0.4,10000,8484900,"S"
"MSB","11:03:07",13.45,0.4,5000,8474900,"S"
"MSB","11:02:58",13.45,0.4,69100,8469900,"S"
"MSB","11:02:49",13.4,0.35,200,8400800,"B"
"MSB","11:02:42",13.45,0.4,9300,8400600,"S"
"MSB","11:02:40",13.45,0.4,5000,8391300,"S"
"MSB","11:02:34",13.4,0.35,1000,8386300,"B"
"MSB","11:02:27",13.45,0.4,100,8385300,"S"
"MSB","11:02:22",13.4,0.35,10000,8385200,"B"
"MSB","11:02:21",13.45,0.4,300000,8375200,"S"
"MSB","11:02:20",13.45,0.4,200,8075200,"S"
"MSB","11:02:15",13.4,0.35,1800,8075000,"B"
"MSB","11:02:15",13.4,0.35,13200,8073200,"B"
"MSB","11:02:14",13.4,0.35,500,8060000,"B"
"MSB","11:02:12",13.45,0.4,5500,8059500,"S"
"MSB","11:02:07",13.4,0.35,100,8054000,"B"
"MSB","11:02:06",13.4,0.35,5000,8053900,"B"
"MSB","11:02:06",13.4,0.35,7500,8048900,"S"
"MSB","11:02:03",13.4,0.35,2000,8041400,"S"
"MSB","11:02:03",13.4,0.35,500,8039400,"S"
"MSB","11:02:02",13.4,0.35,200,8038900,"S"
"MSB","11:01:59",13.4,0.35,1000,8038300,"S"
"MSB","11:01:57",13.4,0.35,5000,8037300,"S"
"MSB","11:01:53",13.4,0.35,500,8032300,"S"
"MSB","11:01:50",13.4,0.35,800,8031800,"S"
"MSB","11:01:48",13.4,0.35,50000,8031000,"S"
"MSB","11:01:43",13.4,0.35,1000,7981000,"S"
"MSB","11:01:43",13.4,0.35,9700,7980000,"B"
"MSB","11:01:42",13.4,0.35,1000,7970300,"B"
"MSB","11:01:40",13.4,0.35,1300,7969300,"B"
"MSB","11:01:39",13.4,0.35,3000,7968000,"B"
"MSB","11:01:35",13.4,0.35,1400,7965000,"S"
"MSB","11:01:34",13.4,0.35,700,7963600,"B"
"MSB","11:01:33",13.4,0.35,200,7962900,"B"
"MSB","11:01:32",13.4,0.35,100,7962700,"B"
"MSB","11:01:31",13.4,0.35,8000,7962600,"B"
"MSB","11:01:28",13.4,0.35,500,7954600,"B"
"MSB","11:01:27",13.4,0.35,5000,7954100,"B"
"MSB","11:01:23",13.4,0.35,20000,7949100,"B"
"MSB","11:01:14",13.4,0.35,1000,7929100,"B"
"MSB","11:01:12",13.4,0.35,2100,7928100,"S"
"MSB","11:01:10",13.4,0.35,10000,7926000,"S"
"MSB","11:01:10",13.4,0.35,41000,7916000,"S"
"MSB","11:01:02",13.4,0.35,100800,7875000,"S"
"MSB","11:01:01",13.4,0.35,99200,7774200,"S"
"MSB","11:00:55",13.35,0.3,1000,7675000,"B"
"MSB","11:00:54",13.35,0.3,10000,7674000,"B"
"MSB","11:00:54",13.35,0.3,5000,7664000,"B"
"MSB","11:00:48",13.35,0.3,500,7658000,"B"
"MSB","11:00:34",13.35,0.3,20000,7657500,"B"
"MSB","11:00:31",13.35,0.3,1000,7637500,"B"
"MSB","11:00:28",13.4,0.35,30000,7636500,"S"
"MSB","11:00:22",13.35,0.3,10900,7606500,"S"
"MSB","11:00:21",13.35,0.3,500,7595600,"S"
"MSB","11:00:20",13.3,0.25,1000,7595100,"B"
"MSB","11:00:19",13.35,0.3,2900,7594100,"S"
"MSB","11:00:18",13.35,0.3,1000,7591200,"S"
"MSB","11:00:16",13.35,0.3,10000,7590200,"S"
"MSB","11:00:14",13.35,0.3,200,7580200,"S"
"MSB","11:00:12",13.35,0.3,700,7580000,"S"
"MSB","11:00:11",13.35,0.3,5000,7579300,"S"
"MSB","11:00:10",13.35,0.3,10000,7574300,"S"
"MSB","11:00:03",13.35,0.3,500,7564300,"S"
"MSB","11:00:02",13.35,0.3,7500,7563800,"S"
"MSB","10:59:56",13.35,0.3,1000,7556300,"S"
"MSB","10:59:54",13.35,0.3,10000,7555300,"S"
"MSB","10:59:53",13.35,0.3,1000,7545300,"S"
"MSB","10:59:51",13.35,0.3,10000,7544300,"S"
"MSB","10:59:49",13.35,0.3,18100,7534300,"B"
"MSB","10:59:47",13.35,0.3,1000,7516200,"B"
"MSB","10:59:44",13.35,0.3,2000,7515200,"B"
"MSB","10:59:41",13.35,0.3,32700,7513200,"S"
"MSB","10:59:39",13.35,0.3,100,7480500,"S"
"MSB","10:59:34",13.35,0.3,2000,7480400,"S"
"MSB","10:59:33",13.35,0.3,15000,7478400,"S"
"MSB","10:59:26",13.35,0.3,4400,7463400,"S"
"MSB","10:59:25",13.35,0.3,500,7459000,"S"
"MSB","10:59:24",13.35,0.3,6400,7458500,"B"
"MSB","10:59:24",13.4,0.35,2000,7452100,"S"
"MSB","10:59:17",13.35,0.3,2000,7450100,"B"
"MSB","10:59:16",13.35,0.3,500,7448100,"B"
"MSB","10:59:14",13.35,0.3,1100,7447600,"B"
"MSB","10:59:13",13.35,0.3,6600,7446500,"S"
"MSB","10:59:13",13.35,0.3,1000,7439900,"S"
"MSB","10:59:12",13.35,0.3,2000,7438900,"S"
"MSB","10:59:10",13.35,0.3,20000,7436900,"S"
"MSB","10:59:07",13.3,0.25,1000,7416900,"B"
"MSB","10:59:04",13.35,0.3,800,7415900,"S"
"MSB","10:59:02",13.35,0.3,400,7415100,"S"
"MSB","10:58:57",13.35,0.3,1800,7414700,"S"
"MSB","10:58:54",13.35,0.3,19900,7412900,"B"
"MSB","10:58:51",13.4,0.35,5000,7393000,"S"
"MSB","10:58:48",13.35,0.3,1000,7388000,"B"
"MSB","10:58:44",13.35,0.3,2100,7387000,"B"
"MSB","10:58:41",13.4,0.35,300,7384900,"S"
"MSB","10:58:37",13.35,0.3,100,7384600,"B"
"MSB","10:58:35",13.4,0.35,3000,7384500,"S"
"MSB","10:58:34",13.35,0.3,50000,7381500,"B"
"MSB","10:58:30",13.4,0.35,100000,7331500,"S"
"MSB","10:58:29",13.35,0.3,100,7231500,"B"
"MSB","10:58:21",13.35,0.3,1000,7231400,"B"
"MSB","10:58:17",13.35,0.3,1000,7230400,"B"
"MSB","10:58:16",13.4,0.35,8200,7229400,"S"
"MSB","10:58:14",13.35,0.3,300,7221200,"B"
"MSB","10:58:13",13.35,0.3,2000,7220900,"B"
"MSB","10:58:04",13.35,0.3,500,7218900,"B"
"MSB","10:57:59",13.4,0.35,1000,7218400,"S"
"MSB","10:57:59",13.35,0.3,200,7217400,"B"
"MSB","10:57:58",13.35,0.3,200,7217200,"B"
"MSB","10:57:58",13.35,0.3,1000,7217000,"B"
"MSB","10:57:52",13.35,0.3,1400,7216000,"S"
"MSB","10:57:52",13.35,0.3,500,7214600,"S"
"MSB","10:57:50",13.35,0.3,1000,7181600,"S"
"MSB","10:57:47",13.35,0.3,300000,7180600,"S"
"MSB","10:57:39",13.3,0.25,2300,6880600,"B"
"MSB","10:57:31",13.3,0.25,1000,6878300,"B"
"MSB","10:57:27",13.35,0.3,10000,6877300,"S"
"MSB","10:57:27",13.3,0.25,2000,6867300,"B"
"MSB","10:57:19",13.35,0.3,3000,6865300,"S"
"MSB","10:57:18",13.3,0.25,34900,6862300,"S"
"MSB","10:57:16",13.3,0.25,38200,6827400,"S"
"MSB","10:57:14",13.3,0.25,500000,6789200,"S"
"MSB","10:57:01",13.25,0.2,200,6289200,"B"
"MSB","10:56:59",13.25,0.2,300,6289000,"B"
"MSB","10:56:48",13.25,0.2,500,6288700,"B"
"MSB","10:56:43",13.25,0.2,200,6288200,"B"
"MSB","10:56:42",13.25,0.2,1000,6288000,"B"
"MSB","10:56:38",13.25,0.2,50100,6287000,"B"
"MSB","10:56:37",13.25,0.2,100,6236900,"B"
"MSB","10:56:30",13.25,0.2,5900,6236800,"S"
"MSB","10:56:29",13.25,0.2,4900,6230900,"S"
"MSB","10:56:28",13.25,0.2,13500,6226000,"S"
"MSB","10:56:27",13.25,0.2,86500,6212500,"S"
"MSB","10:56:27",13.25,0.2,20000,6126000,"S"
"MSB","10:56:25",13.25,0.2,100000,6106000,"S"
"MSB","10:56:21",13.25,0.2,300,6006000,"S"
"MSB","10:56:12",13.25,0.2,300000,6005700,"S"
"MSB","10:56:06",13.25,0.2,50000,5705700,"S"
"MSB","10:55:57",13.25,0.2,4900,5655700,"S"
"MSB","10:55:25",13.25,0.2,4900,5650800,"S"
"MSB","10:55:23",13.2,0.15,200,5645900,"B"
"MSB","10:55:17",13.2,0.15,1000,5645700,"B"
"MSB","10:55:03",13.2,0.15,1000,5644700,"B"
"MSB","10:54:54",13.2,0.15,5000,5643700,"B"
"MSB","10:54:53",13.25,0.2,4900,5638700,"S"
"MSB","10:54:46",13.2,0.15,500,5633800,"B"
"MSB","10:54:22",13.2,0.15,1000,5633300,"B"
"MSB","10:54:20",13.25,0.2,4900,5632300,"S"
"MSB","10:54:03",13.2,0.15,500,5627400,"B"
"MSB","10:53:54",13.2,0.15,200,5626900,"B"
"MSB","10:53:47",13.25,0.2,4900,5626700,"S"
"MSB","10:53:35",13.2,0.15,100,5621800,"B"
"MSB","10:53:15",13.25,0.2,4900,5621700,"S"
"MSB","10:53:15",13.2,0.15,500,5616800,"B"
"MSB","10:53:08",13.2,0.15,100,5616300,"B"
"MSB","10:52:46",13.2,0.15,300,5616200,"B"
"MSB","10:52:45",13.2,0.15,100,5615900,"B"
"MSB","10:52:43",13.25,0.2,4900,5615800,"S"
"MSB","10:52:38",13.2,0.15,2000,5610900,"B"
"MSB","10:52:29",13.2,0.15,200,5608900,"B"
"MSB","10:52:23",13.2,0.15,200,5608700,"B"
"MSB","10:52:15",13.2,0.15,10000,5608500,"B"
"MSB","10:52:11",13.25,0.2,4900,5598500,"S"
"MSB","10:51:39",13.25,0.2,4900,5593600,"S"
"MSB","10:51:31",13.2,0.15,500,5588700,"B"
"MSB","10:51:07",13.25,0.2,4900,5588200,"S"
"MSB","10:51:04",13.2,0.15,500,5583300,"B"
"MSB","10:50:56",13.25,0.2,200,5582800,"S"
"MSB","10:50:50",13.2,0.15,1500,5582600,"B"
"MSB","10:50:49",13.2,0.15,100,5581100,"B"
"MSB","10:50:43",13.2,0.15,100,5581000,"B"
"MSB","10:50:36",13.2,0.15,1000,5580900,"B"
"MSB","10:50:35",13.25,0.2,4900,5579900,"S"
"MSB","10:50:21",13.2,0.15,2000,5575000,"B"
"MSB","10:50:12",13.2,0.15,100,5573000,"B"
"MSB","10:50:03",13.25,0.2,4900,5572900,"S"
"MSB","10:49:43",13.2,0.15,20000,5568000,"B"
"MSB","10:49:31",13.25,0.2,4900,5548000,"S"
"MSB","10:49:21",13.2,0.15,38800,5543100,"S"
"MSB","10:49:19",13.2,0.15,100,5504300,"S"
"MSB","10:49:18",13.2,0.15,1000,5504200,"S"
"MSB","10:49:17",13.2,0.15,1000,5503200,"S"
"MSB","10:49:04",13.2,0.15,3000,5502200,"S"
"MSB","10:49:02",13.2,0.15,400,5499200,"S"
"MSB","10:49:00",13.2,0.15,1000,5498800,"S"
"MSB","10:48:59",13.2,0.15,4900,5497800,"S"
"MSB","10:48:57",13.2,0.15,700,5492900,"S"
"MSB","10:48:54",13.2,0.15,500,5492200,"S"
"MSB","10:48:52",13.2,0.15,5000,5491700,"S"
"MSB","10:48:49",13.2,0.15,5000,5486700,"S"
"MSB","10:48:48",13.2,0.15,500,5481700,"S"
"MSB","10:48:47",13.2,0.15,200,5481200,"S"
"MSB","10:48:45",13.2,0.15,51000,5481000,"S"
"MSB","10:48:38",13.2,0.15,5000,5430000,"S"
"MSB","10:48:35",13.2,0.15,1000,5425000,"S"
"MSB","10:48:35",13.2,0.15,2700,5424000,"S"
"MSB","10:48:27",13.2,0.15,4900,5421300,"S"
"MSB","10:48:26",13.2,0.15,100,5416400,"S"
"MSB","10:48:21",13.2,0.15,32000,5416300,"S"
"MSB","10:48:20",13.2,0.15,5000,5384300,"S"
"MSB","10:48:18",13.2,0.15,1000,5379300,"S"
"MSB","10:48:15",13.2,0.15,50000,5378300,"S"
"MSB","10:48:10",13.2,0.15,50000,5328300,"S"
"MSB","10:48:03",13.2,0.15,3000,5278300,"S"
"MSB","10:47:55",13.2,0.15,4900,5275300,"S"
"MSB","10:47:44",13.2,0.15,3000,5270400,"S"
"MSB","10:47:41",13.2,0.15,3000,5267400,"S"
"MSB","10:47:33",13.2,0.15,200,5264400,"S"
"MSB","10:47:28",13.2,0.15,1000,5264200,"S"
"MSB","10:47:26",13.2,0.15,1900,5263200,"S"
"MSB","10:47:22",13.2,0.15,4900,5261300,"S"
"MSB","10:47:21",13.2,0.15,5000,5256400,"S"
"MSB","10:47:19",13.2,0.15,300,5251400,"S"
"MSB","10:47:13",13.2,0.15,10000,5251100,"S"
"MSB","10:46:59",13.2,0.15,10000,5241100,"S"
"MSB","10:46:54",13.2,0.15,200,5231100,"S"
"MSB","10:46:50",13.2,0.15,4900,5230900,"S"
"MSB","10:46:34",13.2,0.15,50000,5226000,"S"
"MSB","10:46:26",13.2,0.15,30000,5176000,"S"
"MSB","10:46:25",13.2,0.15,100,5146000,"S"
"MSB","10:46:21",13.2,0.15,41800,5145900,"B"
"MSB","10:46:20",13.2,0.15,100,5104100,"B"
"MSB","10:46:18",13.25,0.2,4900,5104000,"S"
"MSB","10:46:15",13.2,0.15,50000,5099100,"B"
"MSB","10:45:45",13.25,0.2,4900,5049100,"S"
"MSB","10:45:45",13.2,0.15,200,5044200,"B"
"MSB","10:45:36",13.2,0.15,100,5044000,"B"
"MSB","10:45:32",13.2,0.15,1900,5043900,"B"
"MSB","10:45:28",13.2,0.15,10000,5016600,"S"
"MSB","10:45:25",13.2,0.15,5000,5006600,"S"
"MSB","10:45:23",13.15,0.1,4600,5001600,"B"
"MSB","10:45:23",13.15,0.1,4000,4997000,"B"
"MSB","10:45:19",13.2,0.15,500,4992000,"S"
"MSB","10:45:11",13.2,0.15,1000,4991500,"S"
"MSB","10:45:11",13.15,0.1,1000,4990500,"B"
"MSB","10:45:09",13.2,0.15,4900,4989500,"S"
"MSB","10:45:06",13.2,0.15,1000,4984600,"S"
"MSB","10:45:02",13.2,0.15,7000,4983600,"S"
"MSB","10:45:00",13.2,0.15,1000,4976600,"S"
"MSB","10:44:58",13.2,0.15,10000,4975600,"S"
"MSB","10:44:57",13.2,0.15,3000,4965600,"S"
"MSB","10:44:56",13.2,0.15,50000,4962600,"S"
"MSB","10:44:54",13.2,0.15,5000,4912600,"S"
"MSB","10:44:54",13.15,0.1,1000,4907600,"B"
"MSB","10:44:52",13.2,0.15,4000,4906600,"S"
"MSB","10:44:47",13.2,0.15,5000,4902600,"S"
"MSB","10:44:47",13.2,0.15,2000,4897600,"S"
"MSB","10:44:45",13.2,0.15,100,4895600,"S"
"MSB","10:44:45",13.2,0.15,13500,4895500,"S"
"MSB","10:44:43",13.2,0.15,3000,4882000,"S"
"MSB","10:44:42",13.2,0.15,50000,4879000,"S"
"MSB","10:44:38",13.2,0.15,1000,4829000,"S"
"MSB","10:44:36",13.2,0.15,7300,4828000,"S"
"MSB","10:44:33",13.2,0.15,5000,4820700,"S"
"MSB","10:44:30",13.2,0.15,5000,4815700,"S"
"MSB","10:44:29",13.15,0.1,500,4810700,"B"
"MSB","10:44:28",13.2,0.15,5000,4810200,"S"
"MSB","10:44:22",13.2,0.15,20000,4805200,"S"
"MSB","10:44:19",13.2,0.15,20000,4785200,"S"
"MSB","10:44:15",13.15,0.1,1200,4765200,"B"
"MSB","10:44:13",13.2,0.15,6700,4764000,"S"
"MSB","10:44:11",13.2,0.15,5000,4757300,"S"
"MSB","10:44:10",13.2,0.15,10500,4752300,"S"
"MSB","10:44:09",13.2,0.15,2800,4741800,"S"
"MSB","10:44:08",13.2,0.15,20000,4739000,"S"
"MSB","10:44:06",13.2,0.15,10000,4719000,"S"
"MSB","10:44:05",13.2,0.15,800,4709000,"S"
"MSB","10:44:04",13.2,0.15,4900,4708200,"S"
"MSB","10:44:03",13.2,0.15,10000,4703300,"S"
"MSB","10:44:01",13.15,0.1,300,4693300,"B"
"MSB","10:44:00",13.15,0.1,4700,4693000,"B"
"MSB","10:43:59",13.2,0.15,100000,4688300,"S"
"MSB","10:43:32",13.2,0.15,4900,4588300,"S"
"MSB","10:43:25",13.2,0.15,500,4583400,"S"
"MSB","10:43:23",13.15,0.1,500,4582900,"B"
"MSB","10:43:19",13.15,0.1,1100,4582400,"B"
"MSB","10:43:01",13.2,0.15,4800,4581300,"S"
"MSB","10:42:45",13.2,0.15,4500,4576500,"S"
"MSB","10:42:30",13.2,0.15,100,4572000,"S"
"MSB","10:42:29",13.2,0.15,300,4571900,"S"
"MSB","10:42:28",13.15,0.1,1100,4571600,"B"
"MSB","10:42:19",13.2,0.15,30000,4565700,"S"
"MSB","10:41:55",13.2,0.15,4800,4535700,"S"
"MSB","10:41:53",13.15,0.1,600,4530900,"B"
"MSB","10:41:33",13.15,0.1,1000,4530300,"B"
"MSB","10:41:32",13.2,0.15,500,4529300,"S"
"MSB","10:41:22",13.2,0.15,4800,4528800,"S"
"MSB","10:40:56",13.2,0.15,300,4524000,"S"
"MSB","10:40:50",13.2,0.15,4800,4523700,"S"
"MSB","10:40:48",13.15,0.1,1000,4518900,"B"
"MSB","10:40:18",13.2,0.15,4800,4517900,"S"
"MSB","10:39:58",13.15,0.1,900,4513100,"B"
"MSB","10:39:53",13.15,0.1,1500,4512200,"B"
"MSB","10:39:49",13.15,0.1,10000,4510700,"B"
"MSB","10:39:46",13.2,0.15,4800,4500700,"S"
"MSB","10:39:32",13.15,0.1,400,4495900,"B"
"MSB","10:39:23",13.15,0.1,600,4495500,"B"
"MSB","10:39:22",13.15,0.1,200,4494900,"B"
"MSB","10:39:15",13.15,0.1,1000,4494700,"B"
"MSB","10:39:14",13.2,0.15,4800,4493700,"S"
"MSB","10:38:42",13.2,0.15,128800,4488900,"S"
"MSB","10:38:40",13.2,0.15,400,4360100,"S"
"MSB","10:38:28",13.15,0.1,1000,4359700,"B"
"MSB","10:38:27",13.2,0.15,700,4358700,"S"
"MSB","10:38:10",13.2,0.15,4800,4358000,"S"
"MSB","10:38:03",13.2,0.15,800,4353200,"S"
"MSB","10:37:53",13.15,0.1,1700,4352400,"B"
"MSB","10:37:53",13.2,0.15,12000,4350700,"S"
"MSB","10:37:44",13.15,0.1,1000,4338700,"B"
"MSB","10:37:38",13.2,0.15,4800,4337700,"S"
"MSB","10:37:23",13.15,0.1,11200,4332900,"B"
"MSB","10:37:18",13.15,0.1,100000,4321700,"B"
"MSB","10:37:06",13.2,0.15,4800,4221700,"S"
"MSB","10:36:58",13.15,0.1,6300,4216900,"B"
"MSB","10:36:55",13.2,0.15,100,4210600,"S"
"MSB","10:36:53",13.15,0.1,900,4210500,"B"
"MSB","10:36:41",13.2,0.15,500,4209600,"S"
"MSB","10:36:34",13.2,0.15,4800,4209100,"S"
"MSB","10:36:24",13.2,0.15,20000,4204300,"S"
"MSB","10:36:14",13.2,0.15,2000,4184300,"S"
"MSB","10:36:10",13.15,0.1,1000,4182300,"B"
"MSB","10:36:01",13.2,0.15,4800,4181300,"S"
"MSB","10:35:59",13.2,0.15,500,4176500,"S"
"MSB","10:35:29",13.2,0.15,4800,4176000,"S"
"MSB","10:35:24",13.2,0.15,300,4171200,"S"
"MSB","10:35:23",13.15,0.1,1000,4170900,"B"
"MSB","10:35:04",13.2,0.15,6000,4169900,"S"
"MSB","10:34:59",13.15,0.1,800,4163900,"B"
"MSB","10:34:57",13.2,0.15,4800,4163100,"S"
"MSB","10:34:53",13.15,0.1,1200,4158300,"B"
"MSB","10:34:43",13.15,0.1,3000,4157100,"B"
"MSB","10:34:37",13.15,0.1,1100,4154100,"B"
"MSB","10:34:25",13.2,0.15,4800,4153000,"S"
"MSB","10:34:23",13.15,0.1,500,4148200,"B"
"MSB","10:34:22",13.2,0.15,3300,4147700,"S"
"MSB","10:34:04",13.15,0.1,1000,4144400,"B"
"MSB","10:33:53",13.2,0.15,4800,4143400,"S"
"MSB","10:33:47",13.2,0.15,2700,4138600,"S"
"MSB","10:33:44",13.15,0.1,900,4135900,"B"
"MSB","10:33:41",13.2,0.15,1000,4135000,"S"
"MSB","10:33:24",13.2,0.15,5000,4134000,"S"
"MSB","10:33:20",13.2,0.15,4800,4129000,"S"
"MSB","10:32:59",13.15,0.1,900,4124200,"B"
"MSB","10:32:56",13.15,0.1,1500,4123300,"B"
"MSB","10:32:48",13.2,0.15,4800,4121800,"S"
"MSB","10:32:45",13.2,0.15,500,4117000,"S"
"MSB","10:32:40",13.15,0.1,10000,4116500,"B"
"MSB","10:32:36",13.2,0.15,12000,4106500,"S"
"MSB","10:32:28",13.2,0.15,400,4094500,"S"
"MSB","10:32:23",13.2,0.15,200,4094100,"S"
"MSB","10:32:23",13.15,0.1,13000,4093900,"B"
"MSB","10:32:19",13.15,0.1,5000,4080900,"B"
"MSB","10:32:16",13.2,0.15,118000,4075900,"S"
"MSB","10:32:16",13.15,0.1,1000,3957900,"B"
"MSB","10:32:16",13.2,0.15,4800,3956900,"S"
"MSB","10:31:54",13.2,0.15,500,3952100,"S"
"MSB","10:31:53",13.15,0.1,700,3951600,"B"
"MSB","10:31:47",13.15,0.1,1000,3950900,"B"
"MSB","10:31:43",13.2,0.15,4800,3949900,"S"
"MSB","10:31:36",13.2,0.15,100,3945100,"S"
"MSB","10:31:29",13.15,0.1,1100,3945000,"B"
"MSB","10:31:10",13.2,0.15,4700,3943900,"S"
"MSB","10:31:05",13.15,0.1,100,3939200,"B"
"MSB","10:30:54",13.2,0.15,500,3939100,"S"
"MSB","10:30:42",13.2,0.15,1000,3938600,"S"
"MSB","10:30:40",13.15,0.1,900,3937600,"B"
"MSB","10:30:37",13.2,0.15,4700,3936700,"S"
"MSB","10:30:23",13.15,0.1,900,3932000,"B"
"MSB","10:30:16",13.15,0.1,3000,3931100,"B"
"MSB","10:30:06",13.2,0.15,4700,3928100,"S"
"MSB","10:30:00",13.2,0.15,500,3923400,"S"
"MSB","10:29:55",13.15,0.1,1100,3922900,"B"
"MSB","10:29:50",13.2,0.15,1000,3921800,"S"
"MSB","10:29:43",13.2,0.15,2000,3920800,"S"
"MSB","10:29:42",13.15,0.1,900,3918800,"B"
"MSB","10:29:40",13.15,0.1,10000,3917900,"B"
"MSB","10:29:34",13.2,0.15,4700,3907900,"S"
"MSB","10:29:23",13.15,0.1,1600,3903200,"B"
"MSB","10:29:05",13.15,0.1,900,3901600,"B"
"MSB","10:29:02",13.15,0.1,100,3900700,"B"
"MSB","10:29:01",13.2,0.15,4700,3900600,"S"
"MSB","10:29:00",13.15,0.1,1000,3895900,"B"
"MSB","10:28:53",13.15,0.1,10000,3894900,"B"
"MSB","10:28:50",13.2,0.15,500,3884900,"S"
"MSB","10:28:29",13.2,0.15,4700,3884400,"S"
"MSB","10:28:23",13.15,0.1,5800,3829700,"B"
"MSB","10:28:19",13.15,0.1,2000,3823900,"B"
"MSB","10:28:10",13.15,0.1,300,3821900,"B"
"MSB","10:28:04",13.2,0.15,500,3821600,"S"
"MSB","10:27:58",13.15,0.1,50000,3821100,"B"
"MSB","10:27:57",13.2,0.15,4700,3771100,"S"
"MSB","10:27:53",13.15,0.1,600,3766400,"B"
"MSB","10:27:33",13.15,0.1,1000,3765800,"B"
"MSB","10:27:25",13.2,0.15,4700,3764800,"S"
"MSB","10:27:23",13.15,0.1,800,3760100,"B"
"MSB","10:27:16",13.15,0.1,3500,3759300,"B"
"MSB","10:26:53",13.2,0.15,4700,3755800,"S"
"MSB","10:26:53",13.15,0.1,100,3751100,"B"
"MSB","10:26:49",13.15,0.1,900,3751000,"B"
"MSB","10:26:35",13.15,0.1,1000,3750100,"B"
"MSB","10:26:21",13.2,0.15,4700,3749100,"S"
"MSB","10:26:11",13.15,0.1,1000,3744400,"B"
"MSB","10:26:03",13.15,0.1,1200,3743400,"B"
"MSB","10:25:58",13.15,0.1,100000,3742200,"B"
"MSB","10:25:56",13.2,0.15,1000,3642200,"S"
"MSB","10:25:54",13.2,0.15,3000,3641200,"S"
"MSB","10:25:49",13.2,0.15,4700,3638200,"S"
"MSB","10:25:46",13.2,0.15,500,3633500,"S"
"MSB","10:25:18",13.2,0.15,2000,3633000,"S"
"MSB","10:25:17",13.2,0.15,4700,3631000,"S"
"MSB","10:25:07",13.15,0.1,800,3626300,"B"
"MSB","10:24:45",13.2,0.15,4700,3625500,"S"
"MSB","10:24:41",13.15,0.1,500,3620800,"B"
"MSB","10:24:32",13.2,0.15,300,3620300,"S"
"MSB","10:24:13",13.2,0.15,4700,3620000,"S"
"MSB","10:23:41",13.2,0.15,4700,3615300,"S"
"MSB","10:23:26",13.15,0.1,300,3610600,"B"
"MSB","10:23:23",13.15,0.1,42900,3610300,"B"
"MSB","10:23:21",13.15,0.1,500,3567400,"B"
"MSB","10:23:09",13.15,0.1,3800,3566900,"S"
"MSB","10:23:08",13.15,0.1,4700,3563100,"S"
"MSB","10:23:08",13.15,0.1,3000,3558400,"S"
"MSB","10:23:05",13.15,0.1,15200,3555400,"S"
"MSB","10:23:04",13.15,0.1,73300,3540200,"B"
"MSB","10:23:00",13.15,0.1,34000,3466900,"S"
"MSB","10:22:58",13.15,0.1,25000,3432900,"S"
"MSB","10:22:55",13.15,0.1,236300,3407900,"S"
"MSB","10:22:55",13.15,0.1,13700,3171600,"S"
"MSB","10:22:54",13.15,0.1,20000,3157900,"S"
"MSB","10:22:36",13.15,0.1,4700,3137900,"S"
"MSB","10:22:23",13.1,0.05,500,3133200,"B"
"MSB","10:22:20",13.1,0.05,500,3132700,"B"
"MSB","10:22:04",13.15,0.1,4700,3132200,"S"
"MSB","10:21:49",13.15,0.1,6600,3127500,"S"
"MSB","10:21:44",13.15,0.1,200,3120900,"S"
"MSB","10:21:42",13.15,0.1,500,3120700,"S"
"MSB","10:21:38",13.15,0.1,5400,3120200,"S"
"MSB","10:21:33",13.15,0.1,10000,3114800,"S"
"MSB","10:21:32",13.15,0.1,4700,3104800,"S"
"MSB","10:21:06",13.15,0.1,900,3100100,"S"
"MSB","10:21:00",13.15,0.1,4700,3099200,"S"
"MSB","10:20:54",13.15,0.1,500,3094500,"S"
"MSB","10:20:43",13.15,0.1,2000,3094000,"S"
"MSB","10:20:30",13.15,0.1,50000,3092000,"S"
"MSB","10:20:28",13.15,0.1,4700,3042000,"S"
"MSB","10:19:55",13.15,0.1,14700,3037300,"S"
"MSB","10:19:45",13.15,0.1,1000,3022600,"S"
"MSB","10:19:36",13.1,0.05,100,3021600,"B"
"MSB","10:19:22",13.1,0.05,600,3021500,"B"
"MSB","10:19:22",13.15,0.1,4700,3020900,"S"
"MSB","10:19:14",13.1,0.05,100,3016200,"B"
"MSB","10:19:07",13.15,0.1,6500,3016100,"S"
"MSB","10:19:02",13.1,0.05,100,3009600,"B"
"MSB","10:18:51",13.15,0.1,4700,3009500,"S"
"MSB","10:18:42",13.1,0.05,1900,3004800,"B"
"MSB","10:18:34",13.1,0.05,10000,3002900,"B"
"MSB","10:18:22",13.15,0.1,100,2992900,"S"
"MSB","10:18:19",13.15,0.1,500,2992800,"S"
"MSB","10:18:19",13.15,0.1,4700,2992300,"S"
"MSB","10:18:12",13.15,0.1,1200,2987600,"S"
"MSB","10:17:57",13.15,0.1,1500,2986400,"S"
"MSB","10:17:52",13.15,0.1,500,2984900,"S"
"MSB","10:17:47",13.15,0.1,4700,2984400,"S"
"MSB","10:17:26",13.15,0.1,5000,2979700,"S"
"MSB","10:17:23",13.15,0.1,1200,2974700,"S"
"MSB","10:17:14",13.15,0.1,4700,2973500,"S"
"MSB","10:17:11",13.1,0.05,1900,2968800,"B"
"MSB","10:17:05",13.1,0.05,1900,2966900,"B"
"MSB","10:16:58",13.1,0.05,800,2965000,"B"
"MSB","10:16:56",13.15,0.1,7000,2964200,"S"
"MSB","10:16:55",13.15,0.1,1600,2957200,"S"
"MSB","10:16:46",13.15,0.1,2000,2955600,"S"
"MSB","10:16:42",13.15,0.1,4700,2953600,"S"
"MSB","10:16:27",13.15,0.1,700,2948900,"S"
"MSB","10:16:23",13.1,0.05,700,2948200,"B"
"MSB","10:16:19",13.1,0.05,300,2947500,"B"
"MSB","10:16:10",13.15,0.1,4700,2947200,"S"
"MSB","10:16:09",13.1,0.05,600,2942500,"B"
"MSB","10:15:53",13.15,0.1,1400,2941900,"S"
"MSB","10:15:38",13.15,0.1,4700,2940500,"S"
"MSB","10:15:24",13.1,0.05,800,2935800,"B"
"MSB","10:15:06",13.15,0.1,4700,2935000,"S"
"MSB","10:15:03",13.1,0.05,300,2930300,"B"
"MSB","10:14:34",13.15,0.1,4700,2930000,"S"
"MSB","10:14:33",13.1,0.05,700,2925300,"B"
"MSB","10:14:30",13.15,0.1,1900,2924600,"S"
"MSB","10:14:23",13.15,0.1,1500,2922700,"S"
"MSB","10:14:13",13.15,0.1,100,2921200,"S"
"MSB","10:14:02",13.15,0.1,4700,2921100,"S"
"MSB","10:13:57",13.15,0.1,100,2916400,"S"
"MSB","10:13:53",13.1,0.05,500,2916300,"B"
"MSB","10:13:49",13.1,0.05,700,2915800,"B"
"MSB","10:13:29",13.15,0.1,4600,2915100,"S"
"MSB","10:13:23",13.1,0.05,600,2910500,"B"
"MSB","10:13:04",13.1,0.05,900,2909900,"B"
"MSB","10:12:57",13.15,0.1,4600,2909000,"S"
"MSB","10:12:54",13.1,0.05,500,2904400,"B"
"MSB","10:12:42",13.15,0.1,30000,2903900,"S"
"MSB","10:12:25",13.15,0.1,4600,2873900,"S"
"MSB","10:12:23",13.1,0.05,600,2869300,"B"
"MSB","10:12:10",13.1,0.05,700,2868700,"B"
"MSB","10:11:57",13.1,0.05,1000,2868000,"B"
"MSB","10:11:53",13.15,0.1,4600,2867000,"S"
"MSB","10:11:53",13.1,0.05,200,2862400,"B"
"MSB","10:11:49",13.1,0.05,700,2862200,"B"
"MSB","10:11:46",13.1,0.05,1300,2861500,"B"
"MSB","10:11:23",13.1,0.05,800,2860200,"B"
"MSB","10:11:21",13.15,0.1,4600,2859400,"S"
"MSB","10:10:49",13.15,0.1,4600,2854800,"S"
"MSB","10:10:44",13.1,0.05,100,2850200,"B"
"MSB","10:10:41",13.15,0.1,1000,2850100,"S"
"MSB","10:10:36",13.1,0.05,800,2849100,"B"
"MSB","10:10:17",13.15,0.1,4600,2848300,"S"
"MSB","10:10:06",13.1,0.05,1000,2843700,"B"
"MSB","10:09:53",13.1,0.05,600,2842700,"B"
"MSB","10:09:51",13.1,0.05,500,2842100,"B"
"MSB","10:09:46",13.15,0.1,100,2841600,"S"
"MSB","10:09:45",13.15,0.1,4600,2841500,"S"
"MSB","10:09:45",13.1,0.05,700,2836900,"B"
"MSB","10:09:28",13.15,0.1,1000,2836200,"S"
"MSB","10:09:15",13.15,0.1,10000,2835200,"S"
"MSB","10:09:12",13.15,0.1,4600,2825200,"S"
"MSB","10:08:57",13.1,0.05,700,2820600,"B"
"MSB","10:08:50",13.15,0.1,100,2819900,"S"
"MSB","10:08:40",13.15,0.1,4600,2819800,"S"
"MSB","10:08:33",13.15,0.1,300,2815200,"S"
"MSB","10:08:26",13.1,0.05,1200,2814900,"B"
"MSB","10:08:25",13.1,0.05,1800,2813700,"B"
"MSB","10:08:23",13.1,0.05,2000,2811900,"B"
"MSB","10:08:13",13.1,0.05,800,2809900,"B"
"MSB","10:08:08",13.15,0.1,5000,2809100,"S"
"MSB","10:08:07",13.15,0.1,4600,2804100,"S"
"MSB","10:08:05",13.1,0.05,10000,2799500,"B"
"MSB","10:07:35",13.15,0.1,4600,2789500,"S"
"MSB","10:07:23",13.1,0.05,600,2784900,"B"
"MSB","10:07:19",13.1,0.05,700,2784300,"B"
"MSB","10:07:03",13.15,0.1,4600,2783600,"S"
"MSB","10:06:58",13.1,0.05,1000,2779000,"B"
"MSB","10:06:53",13.1,0.05,600,2778000,"B"
"MSB","10:06:34",13.1,0.05,700,2777400,"B"
"MSB","10:06:31",13.15,0.1,4600,2776700,"S"
"MSB","10:06:28",13.1,0.05,800,2772100,"B"
"MSB","10:05:58",13.15,0.1,4600,2771300,"S"
"MSB","10:05:53",13.1,0.05,5700,2766700,"B"
"MSB","10:05:51",13.1,0.05,700,2761000,"B"
"MSB","10:05:45",13.1,0.05,300,2760300,"B"
"MSB","10:05:43",13.1,0.05,50000,2760000,"B"
"MSB","10:05:26",13.15,0.1,4600,2710000,"S"
"MSB","10:05:23",13.1,0.05,1500,2705400,"B"
"MSB","10:05:03",13.1,0.05,800,2703900,"B"
"MSB","10:04:56",13.15,0.1,10000,2703100,"S"
"MSB","10:04:54",13.15,0.1,4600,2693100,"S"
"MSB","10:04:46",13.15,0.1,4800,2688500,"S"
"MSB","10:04:21",13.15,0.1,4600,2683700,"S"
"MSB","10:04:09",13.1,0.05,700,2679100,"B"
"MSB","10:03:49",13.15,0.1,4600,2678400,"S"
"MSB","10:03:25",13.1,0.05,700,2673800,"B"
"MSB","10:03:23",13.1,0.05,1100,2673100,"B"
"MSB","10:03:22",13.1,0.05,500,2672000,"B"
"MSB","10:03:18",13.15,0.1,4600,2671500,"S"
"MSB","10:03:07",13.15,0.1,5000,2666900,"S"
"MSB","10:02:53",13.1,0.05,1000,2661900,"B"
"MSB","10:02:47",13.1,0.05,5000,2660900,"B"
"MSB","10:02:45",13.15,0.1,4600,2655900,"S"
"MSB","10:02:40",13.1,0.05,700,2651300,"B"
"MSB","10:02:29",13.15,0.1,200,2650600,"S"
"MSB","10:02:13",13.15,0.1,4600,2650400,"S"
"MSB","10:01:56",13.1,0.05,700,2645800,"B"
"MSB","10:01:54",13.15,0.1,2000,2645100,"S"
"MSB","10:01:42",13.15,0.1,4600,2643100,"S"
"MSB","10:01:23",13.1,0.05,600,2638500,"B"
"MSB","10:01:22",13.1,0.05,1000,2637900,"B"
"MSB","10:01:10",13.1,0.05,700,2636900,"B"
"MSB","10:01:09",13.15,0.1,4600,2636200,"S"
"MSB","10:00:37",13.15,0.1,4600,2631600,"S"
"MSB","10:00:29",13.15,0.1,50000,2627000,"S"
"MSB","10:00:25",13.1,0.05,700,2577000,"B"
"MSB","10:00:05",13.15,0.1,4600,2576300,"S"
"MSB","10:00:02",13.15,0.1,1500,2571700,"S"
"MSB","10:00:00",13.15,0.1,500,2570200,"S"
"MSB","09:59:40",13.15,0.1,10000,2569700,"S"
"MSB","09:59:37",13.1,0.05,800,2559700,"B"
"MSB","09:59:33",13.15,0.1,4900,2558900,"S"
"MSB","09:59:30",13.15,0.1,100,2554000,"S"
"MSB","09:59:12",13.15,0.1,800,2553900,"S"
"MSB","09:59:09",13.1,0.05,100,2553100,"B"
"MSB","09:59:01",13.15,0.1,2400,2553000,"S"
"MSB","09:59:01",13.15,0.1,2200,2550600,"S"
"MSB","09:58:53",13.1,0.05,1600,2548400,"B"
"MSB","09:58:48",13.1,0.05,700,2546800,"B"
"MSB","09:58:30",13.15,0.1,5600,2546100,"S"
"MSB","09:58:28",13.1,0.05,10000,2540500,"B"
"MSB","09:58:23",13.1,0.05,500,2530500,"B"
"MSB","09:58:05",13.1,0.05,600,2530000,"B"
"MSB","09:57:57",13.15,0.1,4600,2529400,"S"
"MSB","09:57:55",13.1,0.05,100,2524800,"B"
"MSB","09:57:53",13.1,0.05,600,2524700,"B"
"MSB","09:57:28",13.1,0.05,1000,2524100,"B"
"MSB","09:57:25",13.15,0.1,4600,2523100,"S"
"MSB","09:57:23",13.1,0.05,600,2518500,"B"
"MSB","09:57:20",13.1,0.05,800,2517900,"B"
"MSB","09:57:10",13.15,0.1,300,2517100,"S"
"MSB","09:56:53",13.15,0.1,4600,2516800,"S"
"MSB","09:56:53",13.1,0.05,700,2512200,"B"
"MSB","09:56:52",13.1,0.05,500,2511500,"B"
"MSB","09:56:47",13.1,0.05,1900,2511000,"B"
"MSB","09:56:40",13.1,0.05,1900,2509100,"B"
"MSB","09:56:33",13.1,0.05,700,2507200,"B"
"MSB","09:56:33",13.15,0.1,300,2506500,"S"
"MSB","09:56:25",13.15,0.1,300,2506200,"S"
"MSB","09:56:25",13.15,0.1,1000,2505900,"S"
"MSB","09:56:23",13.1,0.05,500,2504900,"B"
"MSB","09:56:22",13.1,0.05,700,2504400,"B"
"MSB","09:56:21",13.15,0.1,4600,2503700,"S"
"MSB","09:55:48",13.15,0.1,4600,2499100,"S"
"MSB","09:55:47",13.1,0.05,800,2494500,"B"
"MSB","09:55:25",13.1,0.05,100,2493700,"B"
"MSB","09:55:23",13.1,0.05,1000,2493600,"B"
"MSB","09:55:19",13.1,0.05,2900,2492600,"B"
"MSB","09:55:16",13.15,0.1,4600,2489700,"S"
"MSB","09:55:11",13.1,0.05,2000,2485100,"B"
"MSB","09:55:07",13.1,0.05,300,2483100,"B"
"MSB","09:54:56",13.1,0.05,800,2482800,"B"
"MSB","09:54:39",13.15,0.1,4600,2482000,"S"
"MSB","09:54:13",13.15,0.1,100,2477400,"S"
"MSB","09:54:06",13.1,0.05,800,2477300,"B"
"MSB","09:54:06",13.15,0.1,4600,2476500,"S"
"MSB","09:54:02",13.1,0.05,3000,2471900,"B"
"MSB","09:53:33",13.15,0.1,4600,2468900,"S"
"MSB","09:53:30",13.1,0.05,1100,2464300,"B"
"MSB","09:53:23",13.1,0.05,1100,2463200,"B"
"MSB","09:53:10",13.1,0.05,900,2462100,"B"
"MSB","09:53:05",13.1,0.05,6000,2461200,"B"
"MSB","09:53:01",13.15,0.1,4600,2455200,"S"
"MSB","09:52:40",13.15,0.1,200,2450600,"S"
"MSB","09:52:29",13.15,0.1,4500,2450400,"S"
"MSB","09:52:23",13.1,0.05,2800,2445900,"B"
"MSB","09:52:19",13.1,0.05,400,2443100,"B"
"MSB","09:52:16",13.1,0.05,700,2442700,"B"
"MSB","09:52:01",13.1,0.05,22000,2442000,"B"
"MSB","09:51:57",13.15,0.1,4500,2420000,"S"
"MSB","09:51:53",13.1,0.05,500,2415500,"B"
"MSB","09:51:27",13.1,0.05,800,2415000,"B"
"MSB","09:51:25",13.15,0.1,1100,2414200,"S"
"MSB","09:51:25",13.15,0.1,3400,2413100,"S"
"MSB","09:51:15",13.15,0.1,1000,2409700,"S"
"MSB","09:50:53",13.15,0.1,4500,2408700,"S"
"MSB","09:50:49",13.15,0.1,5000,2404200,"S"
"MSB","09:50:46",13.15,0.1,10000,2399200,"S"
"MSB","09:50:40",13.1,0.05,800,2389200,"B"
"MSB","09:50:21",13.15,0.1,4500,2388400,"S"
"MSB","09:49:49",13.15,0.1,4500,2383900,"S"
"MSB","09:49:46",13.1,0.05,700,2379400,"B"
"MSB","09:49:17",13.15,0.1,4500,2378700,"S"
"MSB","09:48:59",13.1,0.05,700,2374200,"B"
"MSB","09:48:58",13.15,0.1,5000,2373500,"S"
"MSB","09:48:53",13.1,0.05,600,2368500,"B"
"MSB","09:48:47",13.1,0.05,1600,2367900,"B"
"MSB","09:48:45",13.15,0.1,4500,2366300,"S"
"MSB","09:48:16",13.15,0.1,10000,2361800,"S"
"MSB","09:48:13",13.15,0.1,4500,2351800,"S"
"MSB","09:48:12",13.1,0.05,600,2347300,"B"
"MSB","09:47:58",13.15,0.1,3000,2346700,"S"
"MSB","09:47:41",13.15,0.1,4500,2343700,"S"
"MSB","09:47:09",13.15,0.1,4500,2339200,"S"
"MSB","09:47:01",13.15,0.1,1000,2334700,"S"
"MSB","09:47:00",13.1,0.05,600,2333700,"B"
"MSB","09:46:53",13.1,0.05,7000,2333100,"B"
"MSB","09:46:43",13.1,0.05,500,2326100,"B"
"MSB","09:46:38",13.1,0.05,10000,2325600,"B"
"MSB","09:46:37",13.15,0.1,4500,2315600,"S"
"MSB","09:46:26",13.1,0.05,50000,2311100,"B"
"MSB","09:46:23",13.1,0.05,5500,2261100,"B"
"MSB","09:46:16",13.1,0.05,50000,2255600,"B"
"MSB","09:46:05",13.15,0.1,4500,2205600,"S"
"MSB","09:45:53",13.1,0.05,800,2201100,"B"
"MSB","09:45:46",13.1,0.05,100,2200300,"B"
"MSB","09:45:37",13.1,0.05,1000,2200200,"B"
"MSB","09:45:35",13.1,0.05,2000,2199200,"B"
"MSB","09:45:33",13.15,0.1,4500,2197200,"S"
"MSB","09:45:23",13.1,0.05,400,2192700,"B"
"MSB","09:45:05",13.1,0.05,100,2192300,"B"
"MSB","09:45:01",13.15,0.1,4500,2192200,"S"
"MSB","09:44:51",13.15,0.1,2000,2187700,"S"
"MSB","09:44:29",13.15,0.1,4500,2185700,"S"
"MSB","09:44:21",13.15,0.1,10000,2181200,"S"
"MSB","09:43:57",13.15,0.1,4500,2171200,"S"
"MSB","09:43:40",13.15,0.1,500,2166700,"S"
"MSB","09:43:25",13.15,0.1,4500,2166200,"S"
"MSB","09:42:53",13.15,0.1,4500,2161700,"S"
"MSB","09:42:33",13.15,0.1,300,2157200,"S"
"MSB","09:42:31",13.1,0.05,4000,2156900,"B"
"MSB","09:42:21",13.15,0.1,4500,2152900,"S"
"MSB","09:42:11",13.1,0.05,7900,2148400,"S"
"MSB","09:41:49",13.1,0.05,4500,2140500,"S"
"MSB","09:41:45",13.1,0.05,1600,2136000,"S"
"MSB","09:41:39",13.05,0,2600,2134400,"B"
"MSB","09:41:30",13.1,0.05,500,2131800,"S"
"MSB","09:41:29",13.1,0.05,41500,2131300,"B"
"MSB","09:41:17",13.15,0.1,4500,2089800,"S"
"MSB","09:41:11",13.1,0.05,300,2085300,"B"
"MSB","09:40:54",13.1,0.05,200,2085000,"B"
"MSB","09:40:45",13.15,0.1,4500,2084800,"S"
"MSB","09:40:44",13.1,0.05,5000,2080300,"B"
"MSB","09:40:23",13.1,0.05,900,2075300,"B"
"MSB","09:40:15",13.1,0.05,5000,2074400,"B"
"MSB","09:40:13",13.15,0.1,4500,2069400,"S"
"MSB","09:39:41",13.15,0.1,4500,2064900,"S"
"MSB","09:39:33",13.15,0.1,600,2060400,"S"
"MSB","09:39:30",13.1,0.05,11100,2059800,"B"
"MSB","09:39:09",13.15,0.1,2500,2048700,"S"
"MSB","09:39:09",13.1,0.05,2000,2046200,"S"
"MSB","09:39:05",13.1,0.05,500,2044200,"S"
"MSB","09:39:02",13.1,0.05,1800,2043700,"S"
"MSB","09:38:53",13.1,0.05,7500,2041900,"B"
"MSB","09:38:50",13.1,0.05,1000,2034400,"B"
"MSB","09:38:36",13.15,0.1,4500,2033400,"S"
"MSB","09:38:36",13.1,0.05,19800,2028900,"S"
"MSB","09:38:35",13.1,0.05,74500,2009100,"S"
"MSB","09:38:19",13.1,0.05,10000,1934600,"S"
"MSB","09:38:04",13.1,0.05,4500,1924600,"S"
"MSB","09:37:33",13.1,0.05,4500,1920100,"S"
"MSB","09:37:26",13.1,0.05,400,1915600,"S"
"MSB","09:37:01",13.1,0.05,4500,1915200,"S"
"MSB","09:36:58",13.05,0,50000,1910700,"B"
"MSB","09:36:36",13.1,0.05,2000,1860700,"S"
"MSB","09:36:29",13.1,0.05,4500,1858700,"S"
"MSB","09:36:24",13.1,0.05,25300,1854200,"B"
"MSB","09:36:23",13.1,0.05,1300,1828900,"B"
"MSB","09:35:59",13.1,0.05,600,1827600,"B"
"MSB","09:35:58",13.1,0.05,8600,1827000,"S"
"MSB","09:35:57",13.1,0.05,4500,1818400,"S"
"MSB","09:35:50",13.1,0.05,20000,1813900,"S"
"MSB","09:35:42",13.1,0.05,28500,1793900,"S"
"MSB","09:35:42",13.1,0.05,21500,1765400,"S"
"MSB","09:35:42",13.05,0,1000,1743900,"B"
"MSB","09:35:25",13.1,0.05,4500,1742900,"S"
"MSB","09:35:20",13.1,0.05,4000,1738400,"S"
"MSB","09:35:16",13.1,0.05,1000,1734400,"S"
"MSB","09:34:56",13.1,0.05,3000,1733400,"S"
"MSB","09:34:53",13.1,0.05,4500,1730400,"S"
"MSB","09:34:35",13.1,0.05,70600,1725900,"B"
"MSB","09:34:20",13.15,0.1,4500,1655300,"S"
"MSB","09:33:48",13.15,0.1,4500,1650800,"S"
"MSB","09:33:47",13.15,0.1,100,1646300,"S"
"MSB","09:33:28",13.1,0.05,81800,1646200,"S"
"MSB","09:33:16",13.1,0.05,4500,1564400,"S"
"MSB","09:33:07",13.05,0,50000,1559900,"B"
"MSB","09:33:06",13.1,0.05,4600,1509900,"S"
"MSB","09:33:04",13.1,0.05,400,1505300,"S"
"MSB","09:32:54",13.1,0.05,1800,1504900,"S"
"MSB","09:32:49",13.1,0.05,126800,1503100,"B"
"MSB","09:32:44",13.15,0.1,4500,1376300,"S"
"MSB","09:32:35",13.15,0.1,1000,1371800,"S"
"MSB","09:32:13",13.15,0.1,4500,1370800,"S"
"MSB","09:32:08",13.1,0.05,2000,1366300,"B"
