"Stockcode","Package","TradingDate","Price","Vol","TotalVol","TotalVal","Change","IsBuy","PerChange"
"ASM",144404,"/Date(1704267900000)/",10500,221400,3109000,32264000000,250,false,2.44
"ASM",142911,"/Date(1704266998000)/",10450,100,2887600,29939000000,200,false,1.95
"ASM",142911,"/Date(1704266998000)/",10450,400,2887500,29938000000,200,false,1.95
"ASM",142859,"/Date(1704266983000)/",10500,2000,2887100,29934000000,250,false,2.44
"ASM",142859,"/Date(1704266983000)/",10500,100,2885100,29913000000,250,false,2.44
"ASM",142859,"/Date(1704266983000)/",10500,2800,2885000,29912000000,250,false,2.44
"ASM",142859,"/Date(1704266983000)/",10450,100,2882200,29882000000,200,false,1.95
"ASM",142852,"/Date(1704266978000)/",10450,37500,2882100,29881000000,200,false,1.95
"ASM",142842,"/Date(1704266968000)/",10450,10000,2844600,29489000000,200,true,1.95
"ASM",142842,"/Date(1704266968000)/",10450,500,2834600,29385000000,200,true,1.95
"ASM",142842,"/Date(1704266968000)/",10450,1000,2834100,29380000000,200,true,1.95
"ASM",142842,"/Date(1704266968000)/",10450,100,2833100,29369000000,200,true,1.95
"ASM",142842,"/Date(1704266968000)/",10450,400,2833000,29368000000,200,true,1.95
"ASM",142842,"/Date(1704266968000)/",10450,400,2832600,29364000000,200,true,1.95
"ASM",142842,"/Date(1704266968000)/",10450,2000,2832200,29360000000,200,true,1.95
"ASM",142842,"/Date(1704266968000)/",10450,500,2830200,29339000000,200,true,1.95
"ASM",142842,"/Date(1704266968000)/",10450,1000,2829700,29334000000,200,true,1.95
"ASM",142842,"/Date(1704266968000)/",10450,12500,2828700,29323000000,200,true,1.95
"ASM",142842,"/Date(1704266968000)/",10450,100,2816200,29193000000,200,true,1.95
"ASM",142836,"/Date(1704266961000)/",10450,300,2816100,29192000000,200,true,1.95
"ASM",142830,"/Date(1704266957000)/",10450,400,2815800,29188000000,200,true,1.95
"ASM",142830,"/Date(1704266956000)/",10450,2000,2815400,29184000000,200,true,1.95
"ASM",142830,"/Date(1704266955000)/",10500,500,2813400,29163000000,250,false,2.44
"ASM",142826,"/Date(1704266953000)/",10450,1000,2812900,29158000000,200,true,1.95
"ASM",142826,"/Date(1704266952000)/",10500,700,2811900,29148000000,250,false,2.44
"ASM",142826,"/Date(1704266952000)/",10500,500,2811200,29140000000,250,false,2.44
"ASM",142826,"/Date(1704266952000)/",10500,1000,2810700,29135000000,250,false,2.44
"ASM",142826,"/Date(1704266952000)/",10500,1000,2809700,29125000000,250,false,2.44
"ASM",142826,"/Date(1704266952000)/",10500,500,2808700,29114000000,250,false,2.44
"ASM",142826,"/Date(1704266952000)/",10500,500,2808200,29109000000,250,false,2.44
"ASM",142826,"/Date(1704266952000)/",10500,200,2807700,29104000000,250,false,2.44
"ASM",142826,"/Date(1704266952000)/",10500,400,2807500,29101000000,250,false,2.44
"ASM",142826,"/Date(1704266952000)/",10500,10000,2807100,29097000000,250,false,2.44
"ASM",142826,"/Date(1704266952000)/",10500,2500,2797100,28992000000,250,false,2.44
"ASM",142826,"/Date(1704266952000)/",10500,1000,2794600,28966000000,250,false,2.44
"ASM",142826,"/Date(1704266952000)/",10500,1000,2793600,28955000000,250,false,2.44
"ASM",142826,"/Date(1704266952000)/",10500,2000,2792600,28945000000,250,false,2.44
"ASM",142823,"/Date(1704266950000)/",10450,100,2790600,28924000000,200,true,1.95
"ASM",142823,"/Date(1704266950000)/",10450,3100,2790500,28923000000,200,true,1.95
"ASM",142823,"/Date(1704266950000)/",10450,2000,2787400,28891000000,200,true,1.95
"ASM",142823,"/Date(1704266950000)/",10450,2900,2785400,28870000000,200,true,1.95
"ASM",142820,"/Date(1704266946000)/",10450,100,2782500,28839000000,200,true,1.95
"ASM",142751,"/Date(1704266918000)/",10450,600,2782400,28838000000,200,true,1.95
"ASM",142748,"/Date(1704266913000)/",10450,1400,2781800,28832000000,200,true,1.95
"ASM",142715,"/Date(1704266883000)/",10450,3000,2780400,28817000000,200,true,1.95
"ASM",142715,"/Date(1704266881000)/",10450,100,2777400,28786000000,200,true,1.95
"ASM",142709,"/Date(1704266874000)/",10450,2000,2777300,28785000000,200,true,1.95
"ASM",142709,"/Date(1704266874000)/",10450,100,2775300,28764000000,200,true,1.95
"ASM",142709,"/Date(1704266874000)/",10450,200,2775200,28763000000,200,true,1.95
"ASM",142709,"/Date(1704266874000)/",10450,300,2775000,28761000000,200,true,1.95
"ASM",142709,"/Date(1704266874000)/",10450,7500,2774700,28758000000,200,true,1.95
"ASM",142709,"/Date(1704266874000)/",10450,1000,2767200,28679000000,200,true,1.95
"ASM",142709,"/Date(1704266874000)/",10450,200,2766200,28669000000,200,true,1.95
"ASM",142709,"/Date(1704266874000)/",10450,2000,2766000,28667000000,200,true,1.95
"ASM",142709,"/Date(1704266874000)/",10450,200,2764000,28646000000,200,true,1.95
"ASM",142709,"/Date(1704266874000)/",10450,1000,2763800,28644000000,200,true,1.95
"ASM",142709,"/Date(1704266874000)/",10450,200,2762800,28633000000,200,true,1.95
"ASM",142709,"/Date(1704266874000)/",10450,100,2762600,28631000000,200,true,1.95
"ASM",142709,"/Date(1704266874000)/",10450,500,2762500,28630000000,200,true,1.95
"ASM",142709,"/Date(1704266874000)/",10450,600,2762000,28625000000,200,true,1.95
"ASM",142709,"/Date(1704266874000)/",10450,6100,2761400,28619000000,200,true,1.95
"ASM",142709,"/Date(1704266874000)/",10450,100,2755300,28555000000,200,true,1.95
"ASM",142709,"/Date(1704266874000)/",10450,100,2755200,28554000000,200,true,1.95
"ASM",142709,"/Date(1704266874000)/",10450,100,2755100,28553000000,200,true,1.95
"ASM",142709,"/Date(1704266874000)/",10450,5000,2755000,28552000000,200,true,1.95
"ASM",142709,"/Date(1704266874000)/",10450,10000,2750000,28500000000,200,true,1.95
"ASM",142709,"/Date(1704266874000)/",10450,600,2740000,28395000000,200,true,1.95
"ASM",142709,"/Date(1704266874000)/",10450,1000,2739400,28389000000,200,true,1.95
"ASM",142709,"/Date(1704266874000)/",10450,1000,2738400,28378000000,200,true,1.95
"ASM",142709,"/Date(1704266874000)/",10450,500,2737400,28368000000,200,true,1.95
"ASM",142709,"/Date(1704266874000)/",10450,300,2736900,28363000000,200,true,1.95
"ASM",142709,"/Date(1704266874000)/",10450,2000,2736600,28360000000,200,true,1.95
"ASM",142709,"/Date(1704266874000)/",10450,1000,2734600,28339000000,200,true,1.95
"ASM",142709,"/Date(1704266874000)/",10450,100,2733600,28328000000,200,true,1.95
"ASM",142709,"/Date(1704266874000)/",10450,3000,2733500,28327000000,200,true,1.95
"ASM",142709,"/Date(1704266874000)/",10450,300,2730500,28296000000,200,true,1.95
"ASM",142709,"/Date(1704266874000)/",10450,600,2730200,28293000000,200,true,1.95
"ASM",142709,"/Date(1704266874000)/",10450,1000,2729600,28287000000,200,true,1.95
"ASM",142709,"/Date(1704266874000)/",10450,5400,2728600,28276000000,200,true,1.95
"ASM",142709,"/Date(1704266874000)/",10450,100,2723200,28220000000,200,true,1.95
"ASM",142709,"/Date(1704266874000)/",10450,1000,2723100,28219000000,200,true,1.95
"ASM",142709,"/Date(1704266874000)/",10450,5000,2722100,28208000000,200,true,1.95
"ASM",142709,"/Date(1704266874000)/",10450,1400,2717100,28156000000,200,true,1.95
"ASM",142709,"/Date(1704266874000)/",10450,1000,2715700,28141000000,200,true,1.95
"ASM",142709,"/Date(1704266874000)/",10450,100,2714700,28131000000,200,true,1.95
"ASM",142709,"/Date(1704266874000)/",10450,800,2714600,28130000000,200,true,1.95
"ASM",142709,"/Date(1704266874000)/",10450,500,2713800,28121000000,200,true,1.95
"ASM",142709,"/Date(1704266874000)/",10450,15900,2713300,28116000000,200,true,1.95
"ASM",142705,"/Date(1704266872000)/",10450,4100,2697400,27950000000,200,false,1.95
"ASM",142705,"/Date(1704266872000)/",10450,500,2693300,27907000000,200,false,1.95
"ASM",142705,"/Date(1704266872000)/",10450,700,2692800,27902000000,200,false,1.95
"ASM",142705,"/Date(1704266872000)/",10450,100,2692100,27895000000,200,false,1.95
"ASM",142705,"/Date(1704266872000)/",10450,2000,2692000,27894000000,200,false,1.95
"ASM",142705,"/Date(1704266872000)/",10450,500,2690000,27873000000,200,false,1.95
"ASM",142705,"/Date(1704266872000)/",10450,400,2689500,27867000000,200,false,1.95
"ASM",142705,"/Date(1704266872000)/",10450,600,2689100,27863000000,200,false,1.95
"ASM",142705,"/Date(1704266872000)/",10450,100,2688500,27857000000,200,false,1.95
"ASM",142705,"/Date(1704266872000)/",10450,4200,2688400,27856000000,200,false,1.95
"ASM",142705,"/Date(1704266872000)/",10450,1000,2684200,27812000000,200,false,1.95
"ASM",142705,"/Date(1704266872000)/",10450,100,2683200,27802000000,200,false,1.95
"ASM",142705,"/Date(1704266872000)/",10450,20000,2683100,27801000000,200,false,1.95
"ASM",142705,"/Date(1704266872000)/",10450,5600,2663100,27592000000,200,false,1.95
"ASM",142705,"/Date(1704266872000)/",10450,100,2657500,27533000000,200,false,1.95
"ASM",142705,"/Date(1704266872000)/",10450,200,2657400,27532000000,200,false,1.95
"ASM",142705,"/Date(1704266872000)/",10450,20000,2657200,27530000000,200,false,1.95
"ASM",142705,"/Date(1704266872000)/",10450,100,2637200,27321000000,200,false,1.95
"ASM",142705,"/Date(1704266872000)/",10450,24300,2637100,27320000000,200,false,1.95
"ASM",142705,"/Date(1704266872000)/",10450,800,2612800,27066000000,200,false,1.95
"ASM",142705,"/Date(1704266872000)/",10450,100,2612000,27058000000,200,false,1.95
"ASM",142705,"/Date(1704266872000)/",10450,500,2611900,27057000000,200,false,1.95
"ASM",142705,"/Date(1704266872000)/",10450,10000,2611400,27051000000,200,false,1.95
"ASM",142705,"/Date(1704266872000)/",10450,500,2601400,26947000000,200,false,1.95
"ASM",142705,"/Date(1704266872000)/",10450,4000,2600900,26942000000,200,false,1.95
"ASM",142705,"/Date(1704266872000)/",10450,15100,2596900,26900000000,200,false,1.95
"ASM",142705,"/Date(1704266872000)/",10450,10000,2581800,26742000000,200,false,1.95
"ASM",142705,"/Date(1704266872000)/",10450,100,2571800,26638000000,200,false,1.95
"ASM",142705,"/Date(1704266872000)/",10450,200,2571700,26636000000,200,false,1.95
"ASM",142705,"/Date(1704266872000)/",10450,2000,2571500,26634000000,200,false,1.95
"ASM",142705,"/Date(1704266872000)/",10450,100,2569500,26613000000,200,false,1.95
"ASM",142705,"/Date(1704266872000)/",10450,5000,2569400,26612000000,200,false,1.95
"ASM",142705,"/Date(1704266872000)/",10450,100,2564400,26560000000,200,false,1.95
"ASM",142705,"/Date(1704266872000)/",10450,100,2564300,26559000000,200,false,1.95
"ASM",142705,"/Date(1704266872000)/",10450,10000,2564200,26558000000,200,false,1.95
"ASM",142705,"/Date(1704266872000)/",10450,300,2554200,26454000000,200,false,1.95
"ASM",142705,"/Date(1704266872000)/",10450,800,2553900,26450000000,200,false,1.95
"ASM",142705,"/Date(1704266872000)/",10450,2000,2553100,26442000000,200,false,1.95
"ASM",142705,"/Date(1704266872000)/",10450,1000,2551100,26421000000,200,false,1.95
"ASM",142705,"/Date(1704266872000)/",10450,500,2550100,26411000000,200,false,1.95
"ASM",142705,"/Date(1704266872000)/",10450,15000,2549600,26406000000,200,false,1.95
"ASM",142705,"/Date(1704266872000)/",10450,1600,2534600,26249000000,200,false,1.95
"ASM",142705,"/Date(1704266872000)/",10450,200,2533000,26232000000,200,false,1.95
"ASM",142705,"/Date(1704266872000)/",10450,200,2532800,26230000000,200,false,1.95
"ASM",142705,"/Date(1704266872000)/",10450,5000,2532600,26228000000,200,false,1.95
"ASM",142705,"/Date(1704266872000)/",10450,1000,2527600,26176000000,200,false,1.95
"ASM",142705,"/Date(1704266872000)/",10450,200,2526600,26165000000,200,false,1.95
"ASM",142705,"/Date(1704266872000)/",10450,18000,2526400,26163000000,200,false,1.95
"ASM",142705,"/Date(1704266872000)/",10450,100,2508400,25975000000,200,false,1.95
"ASM",142705,"/Date(1704266872000)/",10450,1000,2508300,25974000000,200,false,1.95
"ASM",142705,"/Date(1704266872000)/",10450,9900,2507300,25963000000,200,false,1.95
"ASM",142702,"/Date(1704266869000)/",10450,2000,2497400,25860000000,200,false,1.95
"ASM",142626,"/Date(1704266835000)/",10450,2100,2495400,25839000000,200,false,1.95
"ASM",142626,"/Date(1704266835000)/",10450,10000,2493300,25817000000,200,false,1.95
"ASM",142626,"/Date(1704266835000)/",10450,2000,2483300,25713000000,200,false,1.95
"ASM",142626,"/Date(1704266835000)/",10450,900,2481300,25692000000,200,false,1.95
"ASM",142529,"/Date(1704266779000)/",10400,300,2480400,25682000000,150,true,1.46
"ASM",142449,"/Date(1704266741000)/",10400,600,2480100,25679000000,150,true,1.46
"ASM",142410,"/Date(1704266705000)/",10400,1500,2479500,25673000000,150,true,1.46
"ASM",142404,"/Date(1704266698000)/",10450,1100,2478000,25657000000,200,false,1.95
"ASM",142404,"/Date(1704266698000)/",10450,200,2476900,25646000000,200,false,1.95
"ASM",142404,"/Date(1704266698000)/",10450,200,2476700,25644000000,200,false,1.95
"ASM",142404,"/Date(1704266698000)/",10450,100,2476500,25642000000,200,false,1.95
"ASM",142404,"/Date(1704266698000)/",10450,100,2476400,25641000000,200,false,1.95
"ASM",142404,"/Date(1704266698000)/",10450,2000,2476300,25640000000,200,false,1.95
"ASM",142404,"/Date(1704266698000)/",10450,600,2474300,25619000000,200,false,1.95
"ASM",142404,"/Date(1704266698000)/",10450,100,2473700,25612000000,200,false,1.95
"ASM",142404,"/Date(1704266698000)/",10450,100,2473600,25611000000,200,false,1.95
"ASM",142404,"/Date(1704266698000)/",10450,5500,2473500,25610000000,200,false,1.95
"ASM",142342,"/Date(1704266678000)/",10400,2000,2468000,25553000000,150,true,1.46
"ASM",142336,"/Date(1704266671000)/",10400,100,2466000,25532000000,150,true,1.46
"ASM",142333,"/Date(1704266668000)/",10450,300,2465900,25531000000,200,false,1.95
"ASM",142329,"/Date(1704266665000)/",10450,4200,2465600,25528000000,200,false,1.95
"ASM",142329,"/Date(1704266665000)/",10450,5000,2461400,25484000000,200,false,1.95
"ASM",142329,"/Date(1704266665000)/",10450,800,2456400,25432000000,200,false,1.95
"ASM",142329,"/Date(1704266662000)/",10400,200,2455600,25423000000,150,true,1.46
"ASM",142311,"/Date(1704266644000)/",10450,100,2455400,25421000000,200,false,1.95
"ASM",142304,"/Date(1704266637000)/",10400,300,2455300,25420000000,150,true,1.46
"ASM",142258,"/Date(1704266632000)/",10400,49800,2455000,25417000000,150,true,1.46
"ASM",142258,"/Date(1704266632000)/",10400,2000,2405200,24899000000,150,true,1.46
"ASM",142258,"/Date(1704266632000)/",10400,200,2403200,24878000000,150,true,1.46
"ASM",142258,"/Date(1704266632000)/",10400,1000,2403000,24876000000,150,true,1.46
"ASM",142258,"/Date(1704266632000)/",10400,1000,2402000,24866000000,150,true,1.46
"ASM",142258,"/Date(1704266632000)/",10400,6200,2401000,24856000000,150,true,1.46
"ASM",142258,"/Date(1704266632000)/",10400,800,2394800,24791000000,150,true,1.46
"ASM",142258,"/Date(1704266632000)/",10400,7000,2394000,24783000000,150,true,1.46
"ASM",142258,"/Date(1704266632000)/",10400,500,2387000,24710000000,150,true,1.46
"ASM",142258,"/Date(1704266632000)/",10400,11500,2386500,24705000000,150,true,1.46
"ASM",142251,"/Date(1704266625000)/",10400,100,2375000,24585000000,150,true,1.46
"ASM",142231,"/Date(1704266606000)/",10400,500,2374900,24584000000,150,true,1.46
"ASM",142222,"/Date(1704266598000)/",10400,200,2374400,24579000000,150,true,1.46
"ASM",142222,"/Date(1704266598000)/",10400,4400,2374200,24577000000,150,true,1.46
"ASM",142222,"/Date(1704266598000)/",10400,400,2369800,24531000000,150,true,1.46
"ASM",142202,"/Date(1704266576000)/",10400,1000,2369400,24527000000,150,true,1.46
"ASM",142146,"/Date(1704266560000)/",10400,600,2368400,24517000000,150,true,1.46
"ASM",142146,"/Date(1704266560000)/",10400,200,2367800,24510000000,150,true,1.46
"ASM",142146,"/Date(1704266560000)/",10400,2200,2367600,24508000000,150,true,1.46
"ASM",142127,"/Date(1704266543000)/",10400,700,2365400,24485000000,150,true,1.46
"ASM",142117,"/Date(1704266532000)/",10400,100,2364700,24478000000,150,true,1.46
"ASM",142114,"/Date(1704266531000)/",10450,100,2364600,24477000000,200,false,1.95
"ASM",142107,"/Date(1704266524000)/",10400,100,2364500,24476000000,150,true,1.46
"ASM",142038,"/Date(1704266495000)/",10400,1000,2364400,24475000000,150,true,1.46
"ASM",142008,"/Date(1704266466000)/",10400,900,2363400,24465000000,150,true,1.46
"ASM",142008,"/Date(1704266466000)/",10400,100,2362500,24455000000,150,true,1.46
"ASM",142008,"/Date(1704266466000)/",10400,500,2362400,24454000000,150,true,1.46
"ASM",141915,"/Date(1704266413000)/",10400,1500,2361900,24449000000,150,true,1.46
"ASM",141905,"/Date(1704266404000)/",10400,200,2360400,24433000000,150,true,1.46
"ASM",141902,"/Date(1704266402000)/",10400,2000,2360200,24431000000,150,true,1.46
"ASM",141842,"/Date(1704266383000)/",10450,1000,2358200,24410000000,200,false,1.95
"ASM",141733,"/Date(1704266317000)/",10400,5000,2357200,24400000000,150,true,1.46
"ASM",141727,"/Date(1704266312000)/",10400,2700,2352200,24348000000,150,true,1.46
"ASM",141654,"/Date(1704266278000)/",10400,5000,2349500,24320000000,150,true,1.46
"ASM",141622,"/Date(1704266248000)/",10400,10000,2344500,24268000000,150,true,1.46
"ASM",141606,"/Date(1704266232000)/",10400,1600,2334500,24164000000,150,true,1.46
"ASM",141551,"/Date(1704266216000)/",10400,200,2332900,24147000000,150,true,1.46
"ASM",141512,"/Date(1704266177000)/",10400,300,2332700,24145000000,150,true,1.46
"ASM",141512,"/Date(1704266175000)/",10400,17900,2332400,24142000000,150,true,1.46
"ASM",141512,"/Date(1704266175000)/",10400,500,2314500,23956000000,150,true,1.46
"ASM",141512,"/Date(1704266175000)/",10400,5000,2314000,23951000000,150,true,1.46
"ASM",141512,"/Date(1704266175000)/",10400,1000,2309000,23899000000,150,true,1.46
"ASM",141512,"/Date(1704266175000)/",10400,2400,2308000,23888000000,150,true,1.46
"ASM",141459,"/Date(1704266165000)/",10400,1200,2305600,23863000000,150,true,1.46
"ASM",141459,"/Date(1704266165000)/",10400,800,2304400,23851000000,150,true,1.46
"ASM",141447,"/Date(1704266152000)/",10400,4200,2303600,23843000000,150,true,1.46
"ASM",141447,"/Date(1704266152000)/",10400,800,2299400,23799000000,150,true,1.46
"ASM",141421,"/Date(1704266126000)/",10400,2500,2298600,23791000000,150,true,1.46
"ASM",141412,"/Date(1704266116000)/",10450,100,2296100,23765000000,200,false,1.95
"ASM",141405,"/Date(1704266110000)/",10400,1000,2296000,23764000000,150,true,1.46
"ASM",141402,"/Date(1704266107000)/",10400,5400,2295000,23753000000,150,false,1.46
"ASM",141402,"/Date(1704266107000)/",10400,300,2289600,23697000000,150,false,1.46
"ASM",141359,"/Date(1704266104000)/",10400,600,2289300,23694000000,150,false,1.46
"ASM",141359,"/Date(1704266104000)/",10400,1000,2288700,23688000000,150,false,1.46
"ASM",141359,"/Date(1704266104000)/",10400,200,2287700,23677000000,150,false,1.46
"ASM",141359,"/Date(1704266104000)/",10400,200,2287500,23675000000,150,false,1.46
"ASM",141327,"/Date(1704266070000)/",10400,500,2287300,23673000000,150,false,1.46
"ASM",141327,"/Date(1704266070000)/",10400,20000,2286800,23668000000,150,false,1.46
"ASM",141327,"/Date(1704266070000)/",10400,100,2266800,23460000000,150,false,1.46
"ASM",141327,"/Date(1704266070000)/",10400,9400,2266700,23459000000,150,false,1.46
"ASM",141308,"/Date(1704266053000)/",10400,5600,2257300,23361000000,150,false,1.46
"ASM",141308,"/Date(1704266053000)/",10400,1200,2251700,23303000000,150,false,1.46
"ASM",141305,"/Date(1704266049000)/",10400,500,2250500,23290000000,150,false,1.46
"ASM",141258,"/Date(1704266042000)/",10400,1000,2250000,23285000000,150,false,1.46
"ASM",141258,"/Date(1704266042000)/",10400,2300,2249000,23275000000,150,false,1.46
"ASM",141249,"/Date(1704266032000)/",10400,100,2246700,23251000000,150,false,1.46
"ASM",141249,"/Date(1704266032000)/",10400,2600,2246600,23250000000,150,false,1.46
"ASM",141245,"/Date(1704266031000)/",10400,100,2244000,23223000000,150,true,1.46
"ASM",141245,"/Date(1704266031000)/",10400,300,2243900,23222000000,150,true,1.46
"ASM",141245,"/Date(1704266029000)/",10400,1000,2243600,23219000000,150,true,1.46
"ASM",141239,"/Date(1704266024000)/",10400,300,2242600,23208000000,150,true,1.46
"ASM",141229,"/Date(1704266015000)/",10400,400,2242300,23205000000,150,true,1.46
"ASM",141229,"/Date(1704266015000)/",10400,500,2241900,23201000000,150,true,1.46
"ASM",141229,"/Date(1704266015000)/",10400,1100,2241400,23196000000,150,true,1.46
"ASM",141217,"/Date(1704266001000)/",10400,1000,2240300,23184000000,150,true,1.46
"ASM",141210,"/Date(1704265995000)/",10400,100,2239300,23174000000,150,true,1.46
"ASM",141210,"/Date(1704265994000)/",10400,4500,2239200,23173000000,150,true,1.46
"ASM",141151,"/Date(1704265974000)/",10400,1000,2234700,23126000000,150,true,1.46
"ASM",141151,"/Date(1704265974000)/",10400,2300,2233700,23116000000,150,true,1.46
"ASM",141135,"/Date(1704265959000)/",10400,700,2231400,23092000000,150,true,1.46
"ASM",141132,"/Date(1704265956000)/",10400,100,2230700,23084000000,150,true,1.46
"ASM",141125,"/Date(1704265951000)/",10400,900,2230600,23083000000,150,true,1.46
"ASM",141125,"/Date(1704265951000)/",10400,100,2229700,23074000000,150,true,1.46
"ASM",141122,"/Date(1704265946000)/",10400,900,2229600,23073000000,150,true,1.46
"ASM",141122,"/Date(1704265946000)/",10400,100,2228700,23064000000,150,true,1.46
"ASM",141119,"/Date(1704265944000)/",10400,500,2228600,23063000000,150,true,1.46
"ASM",141119,"/Date(1704265944000)/",10400,500,2228100,23057000000,150,true,1.46
"ASM",141109,"/Date(1704265932000)/",10400,1000,2227600,23052000000,150,true,1.46
"ASM",141103,"/Date(1704265928000)/",10400,3500,2226600,23042000000,150,true,1.46
"ASM",141103,"/Date(1704265928000)/",10400,1000,2223100,23005000000,150,true,1.46
"ASM",141103,"/Date(1704265928000)/",10400,2400,2222100,22995000000,150,true,1.46
"ASM",141100,"/Date(1704265924000)/",10400,600,2219700,22970000000,150,true,1.46
"ASM",141100,"/Date(1704265924000)/",10400,200,2219100,22964000000,150,true,1.46
"ASM",141053,"/Date(1704265918000)/",10400,1800,2218900,22962000000,150,true,1.46
"ASM",141053,"/Date(1704265918000)/",10400,200,2217100,22943000000,150,true,1.46
"ASM",141047,"/Date(1704265911000)/",10400,2000,2216900,22941000000,150,true,1.46
"ASM",141044,"/Date(1704265907000)/",10400,400,2214900,22920000000,150,true,1.46
"ASM",141037,"/Date(1704265902000)/",10400,400,2214500,22916000000,150,true,1.46
"ASM",141037,"/Date(1704265902000)/",10400,100,2214100,22912000000,150,true,1.46
"ASM",141025,"/Date(1704265888000)/",10400,100,2214000,22911000000,150,false,1.46
"ASM",141025,"/Date(1704265888000)/",10400,2800,2213900,22910000000,150,false,1.46
"ASM",141015,"/Date(1704265880000)/",10400,5000,2211100,22881000000,150,false,1.46
"ASM",141015,"/Date(1704265878000)/",10400,2100,2206100,22829000000,150,false,1.46
"ASM",141015,"/Date(1704265878000)/",10400,1200,2204000,22807000000,150,false,1.46
"ASM",141015,"/Date(1704265878000)/",10400,1700,2202800,22794000000,150,false,1.46
"ASM",141012,"/Date(1704265876000)/",10400,2000,2201100,22777000000,150,false,1.46
"ASM",141006,"/Date(1704265870000)/",10400,6300,2199100,22756000000,150,false,1.46
"ASM",141006,"/Date(1704265870000)/",10400,100,2192800,22690000000,150,false,1.46
"ASM",141006,"/Date(1704265870000)/",10400,3600,2192700,22689000000,150,false,1.46
"ASM",140953,"/Date(1704265856000)/",10400,1000,2189100,22652000000,150,true,1.46
"ASM",140953,"/Date(1704265855000)/",10400,10000,2188100,22641000000,150,true,1.46
"ASM",140953,"/Date(1704265855000)/",10400,800,2178100,22537000000,150,true,1.46
"ASM",140953,"/Date(1704265855000)/",10400,3000,2177300,22529000000,150,true,1.46
"ASM",140953,"/Date(1704265855000)/",10400,1600,2174300,22498000000,150,true,1.46
"ASM",140946,"/Date(1704265850000)/",10400,400,2172700,22481000000,150,true,1.46
"ASM",140946,"/Date(1704265850000)/",10400,1000,2172300,22477000000,150,true,1.46
"ASM",140937,"/Date(1704265839000)/",10400,9000,2171300,22467000000,150,true,1.46
"ASM",140937,"/Date(1704265839000)/",10400,1000,2162300,22373000000,150,true,1.46
"ASM",140921,"/Date(1704265826000)/",10400,10000,2161300,22363000000,150,false,1.46
"ASM",140921,"/Date(1704265826000)/",10400,500,2151300,22259000000,150,false,1.46
"ASM",140921,"/Date(1704265826000)/",10400,2400,2150800,22253000000,150,false,1.46
"ASM",140914,"/Date(1704265819000)/",10400,600,2148400,22229000000,150,false,1.46
"ASM",140914,"/Date(1704265819000)/",10400,2800,2147800,22222000000,150,false,1.46
"ASM",140914,"/Date(1704265819000)/",10400,26600,2145000,22193000000,150,false,1.46
"ASM",140914,"/Date(1704265817000)/",10400,1300,2118400,21917000000,150,false,1.46
"ASM",140914,"/Date(1704265817000)/",10400,200,2117100,21903000000,150,false,1.46
"ASM",140911,"/Date(1704265814000)/",10400,300,2116900,21901000000,150,false,1.46
"ASM",140902,"/Date(1704265805000)/",10400,1600,2116600,21898000000,150,false,1.46
"ASM",140902,"/Date(1704265805000)/",10400,200,2115000,21881000000,150,false,1.46
"ASM",140859,"/Date(1704265802000)/",10400,800,2114800,21879000000,150,false,1.46
"ASM",140859,"/Date(1704265802000)/",10400,300,2114000,21871000000,150,false,1.46
"ASM",140859,"/Date(1704265802000)/",10400,1500,2113700,21868000000,150,false,1.46
"ASM",140859,"/Date(1704265802000)/",10400,200,2112200,21852000000,150,false,1.46
"ASM",140859,"/Date(1704265802000)/",10400,3000,2112000,21850000000,150,false,1.46
"ASM",140859,"/Date(1704265802000)/",10400,3000,2109000,21819000000,150,false,1.46
"ASM",140859,"/Date(1704265802000)/",10400,1200,2106000,21788000000,150,false,1.46
"ASM",140855,"/Date(1704265799000)/",10400,2000,2104800,21775000000,150,false,1.46
"ASM",140855,"/Date(1704265798000)/",10400,2000,2102800,21754000000,150,false,1.46
"ASM",140852,"/Date(1704265796000)/",10400,400,2100800,21733000000,150,false,1.46
"ASM",140852,"/Date(1704265796000)/",10400,1500,2100400,21729000000,150,false,1.46
"ASM",140846,"/Date(1704265791000)/",10400,2000,2098900,21714000000,150,false,1.46
"ASM",140846,"/Date(1704265789000)/",10400,900,2096900,21693000000,150,false,1.46
"ASM",140846,"/Date(1704265789000)/",10400,500,2096000,21684000000,150,false,1.46
"ASM",140846,"/Date(1704265789000)/",10400,5000,2095500,21678000000,150,false,1.46
"ASM",140846,"/Date(1704265789000)/",10400,5000,2090500,21626000000,150,false,1.46
"ASM",140846,"/Date(1704265789000)/",10400,1000,2085500,21574000000,150,false,1.46
"ASM",140846,"/Date(1704265789000)/",10400,7600,2084500,21564000000,150,false,1.46
"ASM",140843,"/Date(1704265787000)/",10400,2400,2076900,21485000000,150,false,1.46
"ASM",140843,"/Date(1704265787000)/",10400,2600,2074500,21460000000,150,false,1.46
"ASM",140843,"/Date(1704265785000)/",10400,5000,2071900,21433000000,150,false,1.46
"ASM",140833,"/Date(1704265776000)/",10400,1400,2066900,21381000000,150,false,1.46
"ASM",140833,"/Date(1704265776000)/",10400,700,2065500,21366000000,150,false,1.46
"ASM",140833,"/Date(1704265776000)/",10400,500,2064800,21359000000,150,false,1.46
"ASM",140833,"/Date(1704265776000)/",10400,2400,2064300,21354000000,150,false,1.46
"ASM",140833,"/Date(1704265775000)/",10400,700,2061900,21329000000,150,false,1.46
"ASM",140833,"/Date(1704265775000)/",10400,1900,2061200,21322000000,150,false,1.46
"ASM",140833,"/Date(1704265775000)/",10400,700,2059300,21302000000,150,false,1.46
"ASM",140833,"/Date(1704265775000)/",10400,500,2058600,21295000000,150,false,1.46
"ASM",140833,"/Date(1704265775000)/",10400,1700,2058100,21289000000,150,false,1.46
"ASM",140823,"/Date(1704265767000)/",10400,500,2056400,21272000000,150,false,1.46
"ASM",140823,"/Date(1704265766000)/",10400,600,2055900,21267000000,150,false,1.46
"ASM",140814,"/Date(1704265759000)/",10400,200,2055300,21260000000,150,false,1.46
"ASM",140814,"/Date(1704265759000)/",10400,100,2055100,21258000000,150,false,1.46
"ASM",140814,"/Date(1704265759000)/",10400,1700,2055000,21257000000,150,false,1.46
"ASM",140814,"/Date(1704265757000)/",10400,300,2053300,21239000000,150,false,1.46
"ASM",140814,"/Date(1704265756000)/",10400,1000,2053000,21236000000,150,false,1.46
"ASM",140814,"/Date(1704265756000)/",10400,10000,2052000,21226000000,150,false,1.46
"ASM",140811,"/Date(1704265755000)/",10400,500,2042000,21122000000,150,false,1.46
"ASM",140811,"/Date(1704265754000)/",10400,2000,2041500,21117000000,150,false,1.46
"ASM",140807,"/Date(1704265750000)/",10400,500,2039500,21096000000,150,false,1.46
"ASM",140758,"/Date(1704265740000)/",10400,4000,2039000,21091000000,150,false,1.46
"ASM",140758,"/Date(1704265740000)/",10400,400,2035000,21049000000,150,false,1.46
"ASM",140758,"/Date(1704265740000)/",10400,1000,2034600,21045000000,150,false,1.46
"ASM",140758,"/Date(1704265740000)/",10400,2000,2033600,21035000000,150,false,1.46
"ASM",140758,"/Date(1704265740000)/",10400,2600,2031600,21014000000,150,false,1.46
"ASM",140754,"/Date(1704265738000)/",10400,500,2029000,20987000000,150,false,1.46
"ASM",140748,"/Date(1704265732000)/",10400,1500,2028500,20982000000,150,false,1.46
"ASM",140748,"/Date(1704265732000)/",10400,5400,2027000,20966000000,150,false,1.46
"ASM",140748,"/Date(1704265732000)/",10400,500,2021600,20910000000,150,false,1.46
"ASM",140748,"/Date(1704265732000)/",10400,9000,2021100,20905000000,150,false,1.46
"ASM",140748,"/Date(1704265732000)/",10400,100,2012100,20811000000,150,false,1.46
"ASM",140748,"/Date(1704265732000)/",10400,1000,2012000,20810000000,150,false,1.46
"ASM",140748,"/Date(1704265732000)/",10400,700,2011000,20800000000,150,false,1.46
"ASM",140745,"/Date(1704265727000)/",10400,300,2010300,20792000000,150,false,1.46
"ASM",140745,"/Date(1704265727000)/",10400,1700,2010000,20789000000,150,false,1.46
"ASM",140739,"/Date(1704265722000)/",10400,300,2008300,20771000000,150,false,1.46
"ASM",140739,"/Date(1704265722000)/",10400,500,2008000,20768000000,150,false,1.46
"ASM",140739,"/Date(1704265722000)/",10400,500,2007500,20763000000,150,false,1.46
"ASM",140739,"/Date(1704265722000)/",10400,2500,2007000,20758000000,150,false,1.46
"ASM",140735,"/Date(1704265720000)/",10400,700,2004500,20732000000,150,false,1.46
"ASM",140735,"/Date(1704265718000)/",10400,2000,2003800,20725000000,150,false,1.46
"ASM",140732,"/Date(1704265716000)/",10400,5000,2001800,20704000000,150,false,1.46
"ASM",140726,"/Date(1704265709000)/",10400,2000,1996800,20652000000,150,false,1.46
"ASM",140723,"/Date(1704265706000)/",10400,1500,1994800,20631000000,150,false,1.46
"ASM",140719,"/Date(1704265702000)/",10400,1000,1993300,20615000000,150,false,1.46
"ASM",140716,"/Date(1704265700000)/",10400,600,1992300,20605000000,150,false,1.46
"ASM",140713,"/Date(1704265697000)/",10400,500,1991700,20599000000,150,false,1.46
"ASM",140713,"/Date(1704265697000)/",10400,1000,1991200,20594000000,150,false,1.46
"ASM",140713,"/Date(1704265697000)/",10400,200,1990200,20583000000,150,false,1.46
"ASM",140713,"/Date(1704265697000)/",10400,300,1990000,20581000000,150,false,1.46
"ASM",140710,"/Date(1704265695000)/",10400,200,1989700,20578000000,150,false,1.46
"ASM",140710,"/Date(1704265695000)/",10400,300,1989500,20576000000,150,false,1.46
"ASM",140710,"/Date(1704265692000)/",10400,300,1989200,20573000000,150,false,1.46
"ASM",140710,"/Date(1704265692000)/",10400,100,1988900,20570000000,150,false,1.46
"ASM",140704,"/Date(1704265687000)/",10400,100,1988800,20569000000,150,false,1.46
"ASM",140704,"/Date(1704265687000)/",10400,1900,1988700,20568000000,150,false,1.46
"ASM",140700,"/Date(1704265684000)/",10400,2200,1986800,20548000000,150,false,1.46
"ASM",140700,"/Date(1704265684000)/",10400,600,1984600,20525000000,150,false,1.46
"ASM",140657,"/Date(1704265681000)/",10400,5000,1984000,20519000000,150,false,1.46
"ASM",140654,"/Date(1704265678000)/",10400,5000,1979000,20467000000,150,false,1.46
"ASM",140654,"/Date(1704265676000)/",10400,7000,1974000,20415000000,150,false,1.46
"ASM",140644,"/Date(1704265668000)/",10400,100,1967000,20342000000,150,false,1.46
"ASM",140638,"/Date(1704265663000)/",10400,2200,1966900,20341000000,150,false,1.46
"ASM",140638,"/Date(1704265661000)/",10400,3000,1964700,20318000000,150,false,1.46
"ASM",140632,"/Date(1704265656000)/",10400,300,1961700,20287000000,150,false,1.46
"ASM",140632,"/Date(1704265653000)/",10400,1000,1961400,20284000000,150,false,1.46
"ASM",140628,"/Date(1704265652000)/",10350,2000,1960400,20273000000,100,true,0.98
"ASM",140628,"/Date(1704265651000)/",10400,5000,1958400,20253000000,150,false,1.46
"ASM",140616,"/Date(1704265637000)/",10400,3500,1953400,20201000000,150,false,1.46
"ASM",140541,"/Date(1704265603000)/",10400,17300,1949900,20164000000,150,false,1.46
"ASM",140541,"/Date(1704265603000)/",10400,2000,1932600,19984000000,150,false,1.46
"ASM",140541,"/Date(1704265603000)/",10400,300,1930600,19963000000,150,false,1.46
"ASM",140541,"/Date(1704265603000)/",10400,400,1930300,19960000000,150,false,1.46
"ASM",140344,"/Date(1704265485000)/",10350,200,1929900,19956000000,100,true,0.98
"ASM",140300,"/Date(1704265442000)/",10400,2500,1929700,19954000000,150,false,1.46
"ASM",140257,"/Date(1704265437000)/",10350,100,1927200,19928000000,100,true,0.98
"ASM",140247,"/Date(1704265428000)/",10350,2000,1927100,19927000000,100,true,0.98
"ASM",140247,"/Date(1704265427000)/",10350,100,1925100,19906000000,100,true,0.98
"ASM",140157,"/Date(1704265377000)/",10350,3000,1925000,19905000000,100,true,0.98
"ASM",140145,"/Date(1704265363000)/",10350,800,1922000,19874000000,100,true,0.98
"ASM",140050,"/Date(1704265306000)/",10350,3400,1921200,19866000000,100,true,0.98
"ASM",140050,"/Date(1704265306000)/",10350,300,1917800,19831000000,100,true,0.98
"ASM",140050,"/Date(1704265306000)/",10350,4800,1917500,19828000000,100,true,0.98
"ASM",140050,"/Date(1704265306000)/",10350,1700,1912700,19778000000,100,true,0.98
"ASM",140050,"/Date(1704265306000)/",10350,100,1911000,19760000000,100,true,0.98
"ASM",140050,"/Date(1704265306000)/",10350,2000,1910900,19759000000,100,true,0.98
"ASM",140050,"/Date(1704265306000)/",10350,1000,1908900,19739000000,100,true,0.98
"ASM",140050,"/Date(1704265306000)/",10350,900,1907900,19728000000,100,true,0.98
"ASM",140021,"/Date(1704265273000)/",10350,100,1907000,19719000000,100,true,0.98
"ASM",140021,"/Date(1704265273000)/",10350,200,1906900,19718000000,100,true,0.98
"ASM",140021,"/Date(1704265273000)/",10350,500,1906700,19716000000,100,true,0.98
"ASM",140021,"/Date(1704265273000)/",10350,800,1906200,19711000000,100,true,0.98
"ASM",140021,"/Date(1704265273000)/",10350,1100,1905400,19703000000,100,true,0.98
"ASM",135911,"/Date(1704265201000)/",10350,200,1904300,19691000000,100,true,0.98
"ASM",135629,"/Date(1704265038000)/",10350,300,1904100,19689000000,100,true,0.98
"ASM",135629,"/Date(1704265036000)/",10350,100,1903800,19686000000,100,true,0.98
"ASM",135617,"/Date(1704265025000)/",10400,200,1903700,19685000000,150,false,1.46
"ASM",135607,"/Date(1704265016000)/",10350,300,1903500,19683000000,100,true,0.98
"ASM",135607,"/Date(1704265016000)/",10350,200,1903200,19680000000,100,true,0.98
"ASM",135536,"/Date(1704264983000)/",10350,1000,1903000,19678000000,100,true,0.98
"ASM",135518,"/Date(1704264962000)/",10350,2700,1902000,19667000000,100,true,0.98
"ASM",135518,"/Date(1704264962000)/",10350,300,1899300,19639000000,100,true,0.98
"ASM",135518,"/Date(1704264962000)/",10350,2000,1899000,19636000000,100,true,0.98
"ASM",135401,"/Date(1704264884000)/",10350,800,1897000,19616000000,100,true,0.98
"ASM",135401,"/Date(1704264884000)/",10350,300,1896200,19607000000,100,true,0.98
"ASM",135401,"/Date(1704264884000)/",10350,500,1895900,19604000000,100,true,0.98
"ASM",135401,"/Date(1704264884000)/",10350,400,1895400,19599000000,100,true,0.98
"ASM",135351,"/Date(1704264874000)/",10350,500,1895000,19595000000,100,true,0.98
"ASM",135342,"/Date(1704264866000)/",10350,2100,1894500,19590000000,100,true,0.98
"ASM",135342,"/Date(1704264866000)/",10350,100,1892400,19568000000,100,true,0.98
"ASM",135342,"/Date(1704264866000)/",10350,2800,1892300,19567000000,100,true,0.98
"ASM",135244,"/Date(1704264808000)/",10350,1000,1889500,19538000000,100,true,0.98
"ASM",135137,"/Date(1704264741000)/",10350,2400,1888500,19528000000,100,true,0.98
"ASM",135137,"/Date(1704264741000)/",10350,200,1886100,19503000000,100,true,0.98
"ASM",135137,"/Date(1704264741000)/",10350,7400,1885900,19501000000,100,true,0.98
"ASM",134948,"/Date(1704264630000)/",10350,200,1878500,19424000000,100,true,0.98
"ASM",134942,"/Date(1704264623000)/",10350,1000,1878300,19422000000,100,true,0.98
"ASM",134913,"/Date(1704264594000)/",10350,20000,1877300,19412000000,100,true,0.98
"ASM",134904,"/Date(1704264585000)/",10350,100,1857300,19205000000,100,true,0.98
"ASM",134845,"/Date(1704264565000)/",10350,100,1857200,19204000000,100,true,0.98
"ASM",134813,"/Date(1704264534000)/",10350,4100,1857100,19203000000,100,true,0.98
"ASM",134725,"/Date(1704264486000)/",10350,8400,1853000,19160000000,100,true,0.98
"ASM",134709,"/Date(1704264471000)/",10350,100,1844600,19073000000,100,true,0.98
"ASM",134520,"/Date(1704264363000)/",10400,100,1844500,19072000000,150,false,1.46
"ASM",134501,"/Date(1704264343000)/",10400,100,1844400,19071000000,150,false,1.46
"ASM",134439,"/Date(1704264321000)/",10350,200,1844300,19070000000,100,true,0.98
"ASM",134354,"/Date(1704264275000)/",10350,6300,1844100,19068000000,100,true,0.98
"ASM",134341,"/Date(1704264262000)/",10400,1000,1837800,19003000000,150,false,1.46
"ASM",134136,"/Date(1704264139000)/",10350,1000,1836800,18992000000,100,true,0.98
"ASM",134124,"/Date(1704264126000)/",10350,2500,1835800,18982000000,100,true,0.98
"ASM",134016,"/Date(1704264059000)/",10350,200,1833300,18956000000,100,true,0.98
"ASM",133954,"/Date(1704264037000)/",10350,1000,1833100,18954000000,100,true,0.98
"ASM",133912,"/Date(1704263995000)/",10350,200,1832100,18944000000,100,true,0.98
"ASM",133842,"/Date(1704263965000)/",10350,6900,1831900,18942000000,100,true,0.98
"ASM",133740,"/Date(1704263904000)/",10350,100,1825000,18870000000,100,true,0.98
"ASM",133740,"/Date(1704263904000)/",10350,200,1824900,18869000000,100,true,0.98
"ASM",133740,"/Date(1704263904000)/",10350,5000,1824700,18867000000,100,true,0.98
"ASM",133740,"/Date(1704263904000)/",10350,1000,1819700,18815000000,100,true,0.98
"ASM",133740,"/Date(1704263904000)/",10350,1000,1818700,18805000000,100,true,0.98
"ASM",133740,"/Date(1704263904000)/",10350,1000,1817700,18795000000,100,true,0.98
"ASM",133740,"/Date(1704263904000)/",10350,10000,1816700,18784000000,100,true,0.98
"ASM",133740,"/Date(1704263904000)/",10350,200,1806700,18681000000,100,true,0.98
"ASM",133740,"/Date(1704263904000)/",10350,900,1806500,18679000000,100,true,0.98
"ASM",133740,"/Date(1704263904000)/",10350,900,1805600,18670000000,100,true,0.98
"ASM",133740,"/Date(1704263904000)/",10350,1200,1804700,18660000000,100,true,0.98
"ASM",133740,"/Date(1704263904000)/",10350,600,1803500,18648000000,100,true,0.98
"ASM",133740,"/Date(1704263904000)/",10350,300,1802900,18642000000,100,true,0.98
"ASM",133740,"/Date(1704263904000)/",10350,1500,1802600,18638000000,100,true,0.98
"ASM",133740,"/Date(1704263904000)/",10350,900,1801100,18623000000,100,true,0.98
"ASM",133740,"/Date(1704263904000)/",10350,100,1800200,18614000000,100,true,0.98
"ASM",133740,"/Date(1704263904000)/",10350,300,1800100,18613000000,100,true,0.98
"ASM",133740,"/Date(1704263904000)/",10350,300,1799800,18609000000,100,true,0.98
"ASM",133740,"/Date(1704263904000)/",10350,700,1799500,18606000000,100,true,0.98
"ASM",133740,"/Date(1704263904000)/",10350,800,1798800,18599000000,100,true,0.98
"ASM",133740,"/Date(1704263904000)/",10350,2900,1798000,18591000000,100,true,0.98
"ASM",133740,"/Date(1704263904000)/",10350,6200,1795100,18561000000,100,true,0.98
"ASM",133650,"/Date(1704263857000)/",10350,100,1788900,18497000000,100,true,0.98
"ASM",133507,"/Date(1704263753000)/",10350,300,1788800,18496000000,100,true,0.98
"ASM",133356,"/Date(1704263685000)/",10350,10000,1788500,18493000000,100,true,0.98
"ASM",133343,"/Date(1704263671000)/",10400,800,1778500,18389000000,150,false,1.46
"ASM",133233,"/Date(1704263599000)/",10400,4900,1777700,18381000000,150,false,1.46
"ASM",133233,"/Date(1704263599000)/",10400,1000,1772800,18330000000,150,false,1.46
"ASM",133233,"/Date(1704263599000)/",10400,100,1771800,18319000000,150,false,1.46
"ASM",133148,"/Date(1704263554000)/",10400,900,1771700,18318000000,150,false,1.46
"ASM",133148,"/Date(1704263554000)/",10400,1100,1770800,18309000000,150,false,1.46
"ASM",133103,"/Date(1704263510000)/",10400,500,1769700,18298000000,150,false,1.46
"ASM",132952,"/Date(1704263439000)/",10400,8000,1769200,18292000000,150,true,1.46
"ASM",132952,"/Date(1704263439000)/",10400,2500,1761200,18209000000,150,true,1.46
"ASM",132952,"/Date(1704263439000)/",10400,5000,1758700,18183000000,150,true,1.46
"ASM",132952,"/Date(1704263439000)/",10400,300,1753700,18131000000,150,true,1.46
"ASM",132926,"/Date(1704263414000)/",10400,500,1753400,18128000000,150,true,1.46
"ASM",132916,"/Date(1704263404000)/",10400,2200,1752900,18123000000,150,true,1.46
"ASM",132916,"/Date(1704263404000)/",10400,900,1750700,18100000000,150,true,1.46
"ASM",132916,"/Date(1704263404000)/",10400,1900,1749800,18091000000,150,true,1.46
"ASM",132900,"/Date(1704263388000)/",10400,3100,1747900,18071000000,150,true,1.46
"ASM",132900,"/Date(1704263388000)/",10400,1000,1744800,18039000000,150,true,1.46
"ASM",132900,"/Date(1704263388000)/",10400,400,1743800,18028000000,150,true,1.46
"ASM",132900,"/Date(1704263388000)/",10400,500,1743400,18024000000,150,true,1.46
"ASM",132900,"/Date(1704263388000)/",10400,5000,1742900,18019000000,150,true,1.46
"ASM",132853,"/Date(1704263384000)/",10400,2400,1737900,17967000000,150,true,1.46
"ASM",132840,"/Date(1704263370000)/",10400,600,1735500,17942000000,150,true,1.46
"ASM",132804,"/Date(1704263335000)/",10400,3000,1734900,17936000000,150,true,1.46
"ASM",132733,"/Date(1704263306000)/",10400,100,1731900,17904000000,150,true,1.46
"ASM",132733,"/Date(1704263306000)/",10400,100,1731800,17903000000,150,true,1.46
"ASM",132733,"/Date(1704263306000)/",10400,1400,1731700,17902000000,150,true,1.46
"ASM",132733,"/Date(1704263305000)/",10400,3000,1730300,17888000000,150,true,1.46
"ASM",132733,"/Date(1704263305000)/",10400,100,1727300,17857000000,150,true,1.46
"ASM",132733,"/Date(1704263305000)/",10400,14400,1727200,17856000000,150,true,1.46
"ASM",132730,"/Date(1704263303000)/",10400,2000,1712800,17706000000,150,false,1.46
"ASM",132730,"/Date(1704263302000)/",10400,3600,1710800,17685000000,150,false,1.46
"ASM",132730,"/Date(1704263302000)/",10400,500,1707200,17648000000,150,false,1.46
"ASM",132730,"/Date(1704263302000)/",10400,5900,1706700,17642000000,150,false,1.46
"ASM",132726,"/Date(1704263301000)/",10400,4100,1700800,17581000000,150,false,1.46
"ASM",132726,"/Date(1704263301000)/",10400,8400,1696700,17538000000,150,false,1.46
"ASM",132726,"/Date(1704263300000)/",10400,1600,1688300,17451000000,150,false,1.46
"ASM",132726,"/Date(1704263300000)/",10400,200,1686700,17434000000,150,false,1.46
"ASM",132726,"/Date(1704263300000)/",10400,200,1686500,17432000000,150,false,1.46
"ASM",132726,"/Date(1704263300000)/",10400,100,1686300,17430000000,150,false,1.46
"ASM",132726,"/Date(1704263300000)/",10400,200,1686200,17429000000,150,false,1.46
"ASM",132726,"/Date(1704263300000)/",10400,100,1686000,17427000000,150,false,1.46
"ASM",132726,"/Date(1704263300000)/",10400,1600,1685900,17426000000,150,false,1.46
"ASM",132726,"/Date(1704263300000)/",10400,1000,1684300,17409000000,150,false,1.46
"ASM",132723,"/Date(1704263296000)/",10400,5000,1683300,17399000000,150,false,1.46
"ASM",132723,"/Date(1704263296000)/",10400,4000,1678300,17347000000,150,false,1.46
"ASM",132723,"/Date(1704263296000)/",10400,200,1674300,17305000000,150,false,1.46
"ASM",132723,"/Date(1704263296000)/",10400,1000,1674100,17303000000,150,false,1.46
"ASM",132723,"/Date(1704263296000)/",10400,10000,1673100,17293000000,150,false,1.46
"ASM",132723,"/Date(1704263296000)/",10400,300,1663100,17189000000,150,false,1.46
"ASM",132723,"/Date(1704263296000)/",10400,5300,1662800,17186000000,150,false,1.46
"ASM",132723,"/Date(1704263296000)/",10400,100,1657500,17131000000,150,false,1.46
"ASM",132723,"/Date(1704263296000)/",10400,100,1657400,17130000000,150,false,1.46
"ASM",132723,"/Date(1704263296000)/",10400,100,1657300,17129000000,150,false,1.46
"ASM",132723,"/Date(1704263296000)/",10400,500,1657200,17128000000,150,false,1.46
"ASM",132723,"/Date(1704263296000)/",10400,500,1656700,17122000000,150,false,1.46
"ASM",132723,"/Date(1704263296000)/",10400,100,1656200,17117000000,150,false,1.46
"ASM",132723,"/Date(1704263296000)/",10400,100,1656100,17116000000,150,false,1.46
"ASM",132723,"/Date(1704263296000)/",10400,3000,1656000,17115000000,150,false,1.46
"ASM",132723,"/Date(1704263296000)/",10400,800,1653000,17084000000,150,false,1.46
"ASM",132723,"/Date(1704263296000)/",10400,500,1652200,17076000000,150,false,1.46
"ASM",132723,"/Date(1704263296000)/",10400,100,1651700,17070000000,150,false,1.46
"ASM",132723,"/Date(1704263296000)/",10400,5000,1651600,17069000000,150,false,1.46
"ASM",132720,"/Date(1704263294000)/",10400,5000,1646600,17017000000,150,false,1.46
"ASM",132720,"/Date(1704263294000)/",10400,200,1641600,16965000000,150,false,1.46
"ASM",132720,"/Date(1704263293000)/",10400,100,1641400,16963000000,150,false,1.46
"ASM",132720,"/Date(1704263292000)/",10400,900,1641300,16962000000,150,false,1.46
"ASM",132720,"/Date(1704263292000)/",10400,200,1640400,16953000000,150,false,1.46
"ASM",132720,"/Date(1704263292000)/",10400,100,1640200,16951000000,150,false,1.46
"ASM",132720,"/Date(1704263292000)/",10400,300,1640100,16950000000,150,false,1.46
"ASM",132720,"/Date(1704263292000)/",10400,400,1639800,16947000000,150,false,1.46
"ASM",132720,"/Date(1704263292000)/",10400,100,1639400,16942000000,150,false,1.46
"ASM",132720,"/Date(1704263292000)/",10400,600,1639300,16941000000,150,false,1.46
"ASM",132720,"/Date(1704263292000)/",10400,54000,1638700,16935000000,150,false,1.46
"ASM",132720,"/Date(1704263292000)/",10400,100,1584700,16374000000,150,false,1.46
"ASM",132720,"/Date(1704263292000)/",10400,2400,1584600,16372000000,150,false,1.46
"ASM",132720,"/Date(1704263292000)/",10400,1500,1582200,16348000000,150,false,1.46
"ASM",132720,"/Date(1704263292000)/",10400,500,1580700,16332000000,150,false,1.46
"ASM",132720,"/Date(1704263292000)/",10400,200,1580200,16327000000,150,false,1.46
"ASM",132720,"/Date(1704263292000)/",10400,5000,1580000,16325000000,150,false,1.46
"ASM",132720,"/Date(1704263292000)/",10400,10000,1575000,16273000000,150,false,1.46
"ASM",132720,"/Date(1704263292000)/",10400,3000,1565000,16169000000,150,false,1.46
"ASM",132720,"/Date(1704263292000)/",10400,300,1562000,16137000000,150,false,1.46
"ASM",132720,"/Date(1704263292000)/",10400,200,1561700,16134000000,150,false,1.46
"ASM",132720,"/Date(1704263292000)/",10400,200,1561500,16132000000,150,false,1.46
"ASM",132720,"/Date(1704263292000)/",10400,100,1561300,16130000000,150,false,1.46
"ASM",132720,"/Date(1704263292000)/",10400,500,1561200,16129000000,150,false,1.46
"ASM",132720,"/Date(1704263292000)/",10400,100,1560700,16124000000,150,false,1.46
"ASM",132720,"/Date(1704263292000)/",10400,1000,1560600,16123000000,150,false,1.46
"ASM",132720,"/Date(1704263292000)/",10400,3000,1559600,16112000000,150,false,1.46
"ASM",132720,"/Date(1704263292000)/",10400,5000,1556600,16081000000,150,false,1.46
"ASM",132720,"/Date(1704263292000)/",10400,2000,1551600,16029000000,150,false,1.46
"ASM",132720,"/Date(1704263292000)/",10400,2000,1549600,16008000000,150,false,1.46
"ASM",132720,"/Date(1704263292000)/",10400,1000,1547600,15988000000,150,false,1.46
"ASM",132720,"/Date(1704263292000)/",10400,100,1546600,15977000000,150,false,1.46
"ASM",132720,"/Date(1704263292000)/",10400,1000,1546500,15976000000,150,false,1.46
"ASM",132720,"/Date(1704263292000)/",10400,4200,1545500,15966000000,150,false,1.46
"ASM",132716,"/Date(1704263291000)/",10400,600,1541300,15922000000,150,false,1.46
"ASM",132713,"/Date(1704263286000)/",10400,2200,1540700,15916000000,150,false,1.46
"ASM",132709,"/Date(1704263285000)/",10400,6600,1538500,15893000000,150,false,1.46
"ASM",132709,"/Date(1704263283000)/",10400,200,1531900,15824000000,150,false,1.46
"ASM",132706,"/Date(1704263281000)/",10400,600,1531700,15822000000,150,false,1.46
"ASM",132703,"/Date(1704263276000)/",10400,2200,1531100,15816000000,150,false,1.46
"ASM",132659,"/Date(1704263274000)/",10400,800,1528900,15793000000,150,false,1.46
"ASM",132659,"/Date(1704263274000)/",10400,4200,1528100,15785000000,150,false,1.46
"ASM",132659,"/Date(1704263273000)/",10400,2500,1523900,15741000000,150,false,1.46
"ASM",132652,"/Date(1704263266000)/",10400,100,1521400,15715000000,150,false,1.46
"ASM",132645,"/Date(1704263261000)/",10400,500,1521300,15714000000,150,false,1.46
"ASM",132638,"/Date(1704263256000)/",10400,1800,1520800,15709000000,150,false,1.46
"ASM",132635,"/Date(1704263251000)/",10400,900,1519000,15690000000,150,false,1.46
"ASM",132635,"/Date(1704263251000)/",10400,300,1518100,15681000000,150,false,1.46
"ASM",132635,"/Date(1704263251000)/",10400,4800,1517800,15678000000,150,false,1.46
"ASM",132632,"/Date(1704263250000)/",10400,15200,1513000,15628000000,150,false,1.46
"ASM",132632,"/Date(1704263250000)/",10400,4800,1497800,15470000000,150,false,1.46
"ASM",132625,"/Date(1704263241000)/",10400,200,1493000,15420000000,150,false,1.46
"ASM",132612,"/Date(1704263231000)/",10400,800,1492800,15418000000,150,false,1.46
"ASM",132609,"/Date(1704263226000)/",10400,2700,1492000,15409000000,150,false,1.46
"ASM",132603,"/Date(1704263221000)/",10400,9000,1489300,15381000000,150,false,1.46
"ASM",132603,"/Date(1704263216000)/",10400,2500,1480300,15288000000,150,false,1.46
"ASM",132603,"/Date(1704263216000)/",10400,4000,1477800,15262000000,150,false,1.46
"ASM",132603,"/Date(1704263216000)/",10400,500,1473800,15220000000,150,false,1.46
"ASM",132603,"/Date(1704263216000)/",10400,100,1473300,15215000000,150,false,1.46
"ASM",132603,"/Date(1704263216000)/",10400,3000,1473200,15214000000,150,false,1.46
"ASM",132603,"/Date(1704263216000)/",10400,200,1470200,15183000000,150,false,1.46
"ASM",132603,"/Date(1704263216000)/",10400,200,1470000,15181000000,150,false,1.46
"ASM",132603,"/Date(1704263216000)/",10400,100,1469800,15179000000,150,false,1.46
"ASM",132603,"/Date(1704263216000)/",10400,100,1469700,15178000000,150,false,1.46
"ASM",132603,"/Date(1704263216000)/",10400,1000,1469600,15176000000,150,false,1.46
"ASM",132603,"/Date(1704263216000)/",10400,100,1468600,15166000000,150,false,1.46
"ASM",132603,"/Date(1704263216000)/",10400,2000,1468500,15165000000,150,false,1.46
"ASM",132603,"/Date(1704263216000)/",10400,100,1466500,15144000000,150,false,1.46
"ASM",132603,"/Date(1704263216000)/",10400,100,1466400,15143000000,150,false,1.46
"ASM",132603,"/Date(1704263216000)/",10400,500,1466300,15142000000,150,false,1.46
"ASM",132603,"/Date(1704263216000)/",10400,500,1465800,15137000000,150,false,1.46
"ASM",132603,"/Date(1704263216000)/",10400,200,1465300,15132000000,150,false,1.46
"ASM",132603,"/Date(1704263216000)/",10400,2000,1465100,15130000000,150,false,1.46
"ASM",132603,"/Date(1704263216000)/",10400,2000,1463100,15109000000,150,false,1.46
"ASM",132603,"/Date(1704263216000)/",10400,1000,1461100,15088000000,150,false,1.46
"ASM",132603,"/Date(1704263216000)/",10400,3000,1460100,15078000000,150,false,1.46
"ASM",132603,"/Date(1704263216000)/",10400,2200,1457100,15046000000,150,false,1.46
"ASM",132603,"/Date(1704263216000)/",10400,4600,1454900,15024000000,150,false,1.46
"ASM",132600,"/Date(1704263213000)/",10400,15400,1450300,14976000000,150,false,1.46
"ASM",132600,"/Date(1704263213000)/",10400,100,1434900,14816000000,150,false,1.46
"ASM",132600,"/Date(1704263213000)/",10400,3000,1434800,14815000000,150,false,1.46
"ASM",132600,"/Date(1704263213000)/",10400,1000,1431800,14783000000,150,false,1.46
"ASM",132600,"/Date(1704263213000)/",10400,100,1430800,14773000000,150,false,1.46
"ASM",132600,"/Date(1704263213000)/",10400,2000,1430700,14772000000,150,false,1.46
"ASM",132600,"/Date(1704263213000)/",10400,100,1428700,14751000000,150,false,1.46
"ASM",132600,"/Date(1704263213000)/",10400,700,1428600,14750000000,150,false,1.46
"ASM",132600,"/Date(1704263213000)/",10400,100,1427900,14743000000,150,false,1.46
"ASM",132600,"/Date(1704263213000)/",10400,100,1427800,14742000000,150,false,1.46
"ASM",132600,"/Date(1704263213000)/",10400,2000,1427700,14741000000,150,false,1.46
"ASM",132600,"/Date(1704263213000)/",10400,500,1425700,14720000000,150,false,1.46
"ASM",132600,"/Date(1704263213000)/",10400,300,1425200,14715000000,150,false,1.46
"ASM",132600,"/Date(1704263213000)/",10400,500,1424900,14712000000,150,false,1.46
"ASM",132600,"/Date(1704263213000)/",10400,1000,1424400,14706000000,150,false,1.46
"ASM",132600,"/Date(1704263213000)/",10400,2000,1423400,14696000000,150,false,1.46
"ASM",132600,"/Date(1704263213000)/",10400,100,1421400,14675000000,150,false,1.46
"ASM",132600,"/Date(1704263213000)/",10400,500,1421300,14674000000,150,false,1.46
"ASM",132600,"/Date(1704263213000)/",10400,500,1420800,14669000000,150,false,1.46
"ASM",132600,"/Date(1704263213000)/",10400,10000,1420300,14664000000,150,false,1.46
"ASM",132600,"/Date(1704263213000)/",10400,100,1410300,14560000000,150,false,1.46
"ASM",132600,"/Date(1704263213000)/",10400,3000,1410200,14559000000,150,false,1.46
"ASM",132600,"/Date(1704263213000)/",10400,100,1407200,14528000000,150,false,1.46
"ASM",132600,"/Date(1704263213000)/",10400,5000,1407100,14526000000,150,false,1.46
"ASM",132600,"/Date(1704263213000)/",10400,200,1402100,14474000000,150,false,1.46
"ASM",132600,"/Date(1704263213000)/",10400,5000,1401900,14472000000,150,false,1.46
"ASM",132600,"/Date(1704263213000)/",10400,1500,1396900,14420000000,150,false,1.46
"ASM",132600,"/Date(1704263213000)/",10400,200,1395400,14405000000,150,false,1.46
"ASM",132600,"/Date(1704263213000)/",10400,1000,1395200,14403000000,150,false,1.46
"ASM",132600,"/Date(1704263213000)/",10400,5000,1394200,14392000000,150,false,1.46
"ASM",132600,"/Date(1704263213000)/",10400,400,1389200,14340000000,150,false,1.46
"ASM",132600,"/Date(1704263213000)/",10400,200,1388800,14336000000,150,false,1.46
"ASM",132600,"/Date(1704263213000)/",10400,100,1388600,14334000000,150,false,1.46
"ASM",132600,"/Date(1704263213000)/",10400,100,1388500,14333000000,150,false,1.46
"ASM",132600,"/Date(1704263213000)/",10400,1000,1388400,14332000000,150,false,1.46
"ASM",132600,"/Date(1704263213000)/",10400,20000,1387400,14322000000,150,false,1.46
"ASM",132600,"/Date(1704263213000)/",10400,500,1367400,14114000000,150,false,1.46
"ASM",132600,"/Date(1704263213000)/",10400,5000,1366900,14108000000,150,false,1.46
"ASM",132600,"/Date(1704263213000)/",10400,100,1361900,14056000000,150,false,1.46
"ASM",132600,"/Date(1704263213000)/",10400,2000,1361800,14055000000,150,false,1.46
"ASM",132600,"/Date(1704263213000)/",10400,2000,1359800,14035000000,150,false,1.46
"ASM",132600,"/Date(1704263213000)/",10400,7500,1357800,14014000000,150,false,1.46
"ASM",132450,"/Date(1704263145000)/",10350,200,1350300,13936000000,100,true,0.98
"ASM",132343,"/Date(1704263080000)/",10350,800,1350100,13934000000,100,true,0.98
"ASM",132233,"/Date(1704263008000)/",10350,3000,1349300,13925000000,100,true,0.98
"ASM",132226,"/Date(1704263003000)/",10350,3000,1346300,13894000000,100,true,0.98
"ASM",132123,"/Date(1704262940000)/",10350,2000,1343300,13863000000,100,true,0.98
"ASM",132051,"/Date(1704262908000)/",10350,1000,1341300,13843000000,100,true,0.98
"ASM",132028,"/Date(1704262884000)/",10350,5000,1340300,13832000000,100,true,0.98
"ASM",131944,"/Date(1704262839000)/",10350,500,1335300,13780000000,100,true,0.98
"ASM",131921,"/Date(1704262817000)/",10350,1000,1334800,13775000000,100,true,0.98
"ASM",131918,"/Date(1704262814000)/",10350,1000,1333800,13765000000,100,true,0.98
"ASM",131912,"/Date(1704262808000)/",10350,100,1332800,13755000000,100,true,0.98
"ASM",131909,"/Date(1704262803000)/",10350,200,1332700,13754000000,100,true,0.98
"ASM",131840,"/Date(1704262776000)/",10350,100,1332500,13752000000,100,true,0.98
"ASM",131815,"/Date(1704262751000)/",10350,300,1332400,13750000000,100,true,0.98
"ASM",131805,"/Date(1704262739000)/",10350,2600,1332100,13747000000,100,true,0.98
"ASM",131743,"/Date(1704262720000)/",10350,100,1329500,13720000000,100,true,0.98
"ASM",131708,"/Date(1704262684000)/",10350,2700,1329400,13719000000,100,true,0.98
"ASM",131655,"/Date(1704262671000)/",10350,500,1326700,13691000000,100,false,0.98
"ASM",131655,"/Date(1704262671000)/",10350,100,1326200,13686000000,100,false,0.98
"ASM",131655,"/Date(1704262671000)/",10350,500,1326100,13685000000,100,false,0.98
"ASM",131655,"/Date(1704262671000)/",10350,8700,1325600,13680000000,100,false,0.98
"ASM",131607,"/Date(1704262621000)/",10350,100,1316900,13590000000,100,false,0.98
"ASM",131601,"/Date(1704262616000)/",10350,600,1316800,13589000000,100,false,0.98
"ASM",131558,"/Date(1704262613000)/",10350,600,1316200,13583000000,100,false,0.98
"ASM",131558,"/Date(1704262613000)/",10350,200,1315600,13577000000,100,false,0.98
"ASM",131558,"/Date(1704262613000)/",10350,1000,1315400,13575000000,100,false,0.98
"ASM",131558,"/Date(1704262613000)/",10350,200,1314400,13564000000,100,false,0.98
"ASM",131451,"/Date(1704262546000)/",10350,100,1314200,13562000000,100,false,0.98
"ASM",131441,"/Date(1704262536000)/",10350,300,1314100,13561000000,100,false,0.98
"ASM",131435,"/Date(1704262531000)/",10350,1000,1313800,13558000000,100,false,0.98
"ASM",131432,"/Date(1704262527000)/",10350,3200,1312800,13548000000,100,false,0.98
"ASM",131432,"/Date(1704262526000)/",10350,200,1309600,13514000000,100,false,0.98
"ASM",131425,"/Date(1704262521000)/",10350,900,1309400,13512000000,100,false,0.98
"ASM",131422,"/Date(1704262517000)/",10350,800,1308500,13503000000,100,false,0.98
"ASM",131422,"/Date(1704262517000)/",10350,1000,1307700,13495000000,100,false,0.98
"ASM",131422,"/Date(1704262517000)/",10350,1000,1306700,13484000000,100,false,0.98
"ASM",131422,"/Date(1704262517000)/",10350,200,1305700,13474000000,100,false,0.98
"ASM",131300,"/Date(1704262435000)/",10350,300,1305500,13472000000,100,true,0.98
"ASM",131241,"/Date(1704262416000)/",10350,300,1305200,13469000000,100,true,0.98
"ASM",131241,"/Date(1704262415000)/",10350,200,1304900,13466000000,100,true,0.98
"ASM",131241,"/Date(1704262415000)/",10350,1800,1304700,13464000000,100,true,0.98
"ASM",131232,"/Date(1704262406000)/",10350,200,1302900,13445000000,100,false,0.98
"ASM",131229,"/Date(1704262401000)/",10350,900,1302700,13443000000,100,false,0.98
"ASM",131225,"/Date(1704262397000)/",10350,2100,1301800,13434000000,100,false,0.98
"ASM",131225,"/Date(1704262397000)/",10350,900,1299700,13412000000,100,false,0.98
"ASM",131157,"/Date(1704262371000)/",10350,100,1298800,13403000000,100,false,0.98
"ASM",131154,"/Date(1704262366000)/",10350,500,1298700,13402000000,100,false,0.98
"ASM",131148,"/Date(1704262361000)/",10350,1700,1298200,13397000000,100,false,0.98
"ASM",131148,"/Date(1704262360000)/",10350,300,1296500,13379000000,100,false,0.98
"ASM",131148,"/Date(1704262360000)/",10350,1500,1296200,13376000000,100,false,0.98
"ASM",131148,"/Date(1704262360000)/",10350,100,1294700,13360000000,100,false,0.98
"ASM",131148,"/Date(1704262360000)/",10350,3900,1294600,13359000000,100,false,0.98
"ASM",131141,"/Date(1704262355000)/",10350,700,1290700,13319000000,100,true,0.98
"ASM",131141,"/Date(1704262355000)/",10350,300,1290000,13312000000,100,true,0.98
"ASM",131135,"/Date(1704262347000)/",10350,700,1289700,13309000000,100,true,0.98
"ASM",131135,"/Date(1704262347000)/",10350,4300,1289000,13301000000,100,true,0.98
"ASM",131126,"/Date(1704262337000)/",10350,300,1284700,13257000000,100,true,0.98
"ASM",131126,"/Date(1704262337000)/",10350,200,1284400,13254000000,100,true,0.98
"ASM",131113,"/Date(1704262325000)/",10350,2800,1284200,13252000000,100,true,0.98
"ASM",131113,"/Date(1704262325000)/",10350,4700,1281400,13223000000,100,true,0.98
"ASM",131113,"/Date(1704262325000)/",10350,4600,1276700,13174000000,100,true,0.98
"ASM",131113,"/Date(1704262325000)/",10350,3400,1272100,13126000000,100,true,0.98
"ASM",131058,"/Date(1704262310000)/",10350,1200,1268700,13091000000,100,true,0.98
"ASM",131058,"/Date(1704262310000)/",10350,2000,1267500,13079000000,100,true,0.98
"ASM",131058,"/Date(1704262310000)/",10350,300,1265500,13058000000,100,true,0.98
"ASM",131048,"/Date(1704262301000)/",10350,400,1265200,13055000000,100,true,0.98
"ASM",131048,"/Date(1704262301000)/",10350,900,1264800,13051000000,100,true,0.98
"ASM",131048,"/Date(1704262301000)/",10350,10000,1263900,13042000000,100,true,0.98
"ASM",131048,"/Date(1704262301000)/",10350,200,1253900,12938000000,100,true,0.98
"ASM",131048,"/Date(1704262301000)/",10350,4000,1253700,12936000000,100,true,0.98
"ASM",131033,"/Date(1704262283000)/",10350,6000,1249700,12895000000,100,true,0.98
"ASM",131033,"/Date(1704262283000)/",10350,300,1243700,12832000000,100,true,0.98
"ASM",131033,"/Date(1704262283000)/",10350,3700,1243400,12829000000,100,true,0.98
"ASM",131027,"/Date(1704262278000)/",10350,200,1239700,12791000000,100,true,0.98
"ASM",131027,"/Date(1704262277000)/",10350,1100,1239500,12789000000,100,true,0.98
"ASM",131027,"/Date(1704262277000)/",10350,100,1238400,12778000000,100,true,0.98
"ASM",131027,"/Date(1704262277000)/",10350,600,1238300,12777000000,100,true,0.98
"ASM",131027,"/Date(1704262277000)/",10350,200,1237700,12770000000,100,true,0.98
"ASM",131027,"/Date(1704262277000)/",10350,3900,1237500,12768000000,100,true,0.98
"ASM",131027,"/Date(1704262277000)/",10350,300,1233600,12728000000,100,true,0.98
"ASM",131027,"/Date(1704262277000)/",10350,500,1233300,12725000000,100,true,0.98
"ASM",131027,"/Date(1704262277000)/",10350,5000,1232800,12720000000,100,true,0.98
"ASM",131027,"/Date(1704262277000)/",10350,2000,1227800,12668000000,100,true,0.98
"ASM",131027,"/Date(1704262277000)/",10350,1800,1225800,12647000000,100,true,0.98
"ASM",131021,"/Date(1704262270000)/",10350,300,1224000,12629000000,100,true,0.98
"ASM",131005,"/Date(1704262256000)/",10350,1900,1223700,12625000000,100,true,0.98
"ASM",131005,"/Date(1704262256000)/",10350,1500,1221800,12606000000,100,true,0.98
"ASM",131005,"/Date(1704262256000)/",10350,600,1220300,12590000000,100,true,0.98
"ASM",131005,"/Date(1704262256000)/",10350,11400,1219700,12584000000,100,true,0.98
"ASM",130944,"/Date(1704262233000)/",10350,15400,1208300,12466000000,100,true,0.98
"ASM",130929,"/Date(1704262215000)/",10400,100,1192900,12307000000,150,false,1.46
"ASM",130923,"/Date(1704262208000)/",10400,100,1192800,12306000000,150,false,1.46
"ASM",130914,"/Date(1704262200000)/",10350,1100,1192700,12305000000,100,true,0.98
"ASM",130842,"/Date(1704262166000)/",10400,300,1191600,12293000000,150,false,1.46
"ASM",130839,"/Date(1704262160000)/",10400,1000,1191300,12290000000,150,false,1.46
"ASM",130739,"/Date(1704262104000)/",10400,100,1190300,12280000000,150,false,1.46
"ASM",130716,"/Date(1704262083000)/",10350,2800,1190200,12279000000,100,true,0.98
"ASM",130716,"/Date(1704262081000)/",10400,300,1187400,12250000000,150,false,1.46
"ASM",130716,"/Date(1704262081000)/",10400,200,1187100,12247000000,150,false,1.46
"ASM",130710,"/Date(1704262076000)/",10400,1200,1186900,12244000000,150,false,1.46
"ASM",130703,"/Date(1704262068000)/",10350,300,1185700,12232000000,100,true,0.98
"ASM",130641,"/Date(1704262046000)/",10400,300,1185400,12229000000,150,false,1.46
"ASM",130634,"/Date(1704262041000)/",10400,1200,1185100,12226000000,150,false,1.46
"ASM",130631,"/Date(1704262038000)/",10400,4100,1183900,12213000000,150,false,1.46
"ASM",130539,"/Date(1704261986000)/",10400,100,1179800,12171000000,150,false,1.46
"ASM",130539,"/Date(1704261985000)/",10400,600,1179700,12170000000,150,false,1.46
"ASM",130532,"/Date(1704261980000)/",10350,1000,1179100,12163000000,100,true,0.98
"ASM",130516,"/Date(1704261964000)/",10350,500,1178100,12153000000,100,true,0.98
"ASM",130412,"/Date(1704261902000)/",10350,2000,1177600,12148000000,100,true,0.98
"ASM",130352,"/Date(1704261884000)/",10350,200,1175600,12127000000,100,true,0.98
"ASM",130352,"/Date(1704261883000)/",10350,300,1175400,12125000000,100,true,0.98
"ASM",130352,"/Date(1704261883000)/",10400,400,1175100,12122000000,150,false,1.46
"ASM",130235,"/Date(1704261811000)/",10400,100,1174700,12118000000,150,false,1.46
"ASM",130232,"/Date(1704261807000)/",10400,600,1174600,12117000000,150,false,1.46
"ASM",130219,"/Date(1704261795000)/",10400,200,1174000,12111000000,150,false,1.46
"ASM",130140,"/Date(1704261754000)/",10400,300,1173800,12108000000,150,false,1.46
"ASM",125949,"/Date(1704261642000)/",10400,300,1173500,12105000000,150,false,1.46
"ASM",125939,"/Date(1704261624000)/",10350,1000,1173200,12102000000,100,true,0.98
"ASM",125939,"/Date(1704261622000)/",10350,200,1172200,12092000000,100,true,0.98
"ASM",125933,"/Date(1704261612000)/",10400,100,1172000,12090000000,150,false,1.46
"ASM",125930,"/Date(1704261607000)/",10350,200,1171900,12089000000,100,true,0.98
"ASM",125930,"/Date(1704261606000)/",10350,100,1171700,12087000000,100,true,0.98
"ASM",125926,"/Date(1704261605000)/",10350,100,1171600,12086000000,100,true,0.98
"ASM",125920,"/Date(1704261601000)/",10350,6800,1171500,12085000000,100,true,0.98
"ASM",112731,"/Date(1704256085000)/",10350,5000,1164700,12014000000,100,true,0.98
"ASM",112609,"/Date(1704256002000)/",10350,1600,1159700,11962000000,100,true,0.98
"ASM",112609,"/Date(1704256002000)/",10350,100,1158100,11946000000,100,true,0.98
"ASM",112609,"/Date(1704256002000)/",10350,300,1158000,11945000000,100,true,0.98
"ASM",112530,"/Date(1704255963000)/",10350,100,1157700,11942000000,100,true,0.98
"ASM",112530,"/Date(1704255963000)/",10350,100,1157600,11941000000,100,true,0.98
"ASM",112505,"/Date(1704255937000)/",10350,100,1157500,11940000000,100,true,0.98
"ASM",112002,"/Date(1704255634000)/",10350,700,1157400,11939000000,100,true,0.98
"ASM",112002,"/Date(1704255634000)/",10350,100,1156700,11931000000,100,true,0.98
"ASM",112002,"/Date(1704255634000)/",10350,200,1156600,11930000000,100,true,0.98
"ASM",111949,"/Date(1704255620000)/",10350,100,1156400,11928000000,100,true,0.98
"ASM",111940,"/Date(1704255610000)/",10350,200,1156300,11927000000,100,true,0.98
"ASM",111924,"/Date(1704255596000)/",10350,300,1156100,11925000000,100,false,0.98
"ASM",111924,"/Date(1704255596000)/",10350,100,1155800,11922000000,100,false,0.98
"ASM",111921,"/Date(1704255591000)/",10350,2900,1155700,11921000000,100,false,0.98
"ASM",111921,"/Date(1704255591000)/",10350,100,1152800,11891000000,100,false,0.98
"ASM",111917,"/Date(1704255590000)/",10350,1000,1152700,11890000000,100,false,0.98
"ASM",111917,"/Date(1704255590000)/",10350,500,1151700,11880000000,100,false,0.98
"ASM",111917,"/Date(1704255590000)/",10350,8500,1151200,11874000000,100,false,0.98
"ASM",111908,"/Date(1704255579000)/",10350,100,1142700,11787000000,100,false,0.98
"ASM",111836,"/Date(1704255546000)/",10300,100,1142600,11785000000,50,true,0.49
"ASM",111726,"/Date(1704255478000)/",10350,300,1142500,11784000000,100,false,0.98
"ASM",111641,"/Date(1704255431000)/",10350,200,1142200,11781000000,100,false,0.98
"ASM",111635,"/Date(1704255427000)/",10350,100,1142000,11779000000,100,true,0.98
"ASM",111635,"/Date(1704255427000)/",10350,100,1141900,11778000000,100,true,0.98
"ASM",111635,"/Date(1704255427000)/",10350,700,1141800,11777000000,100,true,0.98
"ASM",111612,"/Date(1704255403000)/",10350,200,1141100,11770000000,100,true,0.98
"ASM",111612,"/Date(1704255403000)/",10350,300,1140900,11768000000,100,true,0.98
"ASM",111603,"/Date(1704255392000)/",10350,1000,1140600,11765000000,100,true,0.98
"ASM",111603,"/Date(1704255392000)/",10350,500,1139600,11754000000,100,true,0.98
"ASM",111603,"/Date(1704255392000)/",10350,100,1139100,11749000000,100,true,0.98
"ASM",111603,"/Date(1704255392000)/",10350,300,1139000,11748000000,100,true,0.98
"ASM",111603,"/Date(1704255392000)/",10350,100,1138700,11745000000,100,true,0.98
"ASM",111603,"/Date(1704255392000)/",10350,300,1138600,11744000000,100,true,0.98
"ASM",111603,"/Date(1704255392000)/",10350,100,1138300,11741000000,100,true,0.98
"ASM",111603,"/Date(1704255392000)/",10350,600,1138200,11740000000,100,true,0.98
"ASM",111550,"/Date(1704255380000)/",10350,1000,1137600,11734000000,100,true,0.98
"ASM",111537,"/Date(1704255368000)/",10350,500,1136600,11723000000,100,true,0.98
"ASM",111537,"/Date(1704255368000)/",10350,900,1136100,11718000000,100,true,0.98
"ASM",111537,"/Date(1704255368000)/",10350,600,1135200,11709000000,100,true,0.98
"ASM",111537,"/Date(1704255368000)/",10350,1500,1134600,11703000000,100,true,0.98
"ASM",111521,"/Date(1704255351000)/",10400,100,1133100,11687000000,150,false,1.46
"ASM",111518,"/Date(1704255349000)/",10350,1800,1133000,11686000000,100,true,0.98
"ASM",111505,"/Date(1704255335000)/",10350,500,1131200,11667000000,100,true,0.98
"ASM",111446,"/Date(1704255316000)/",10350,1000,1130700,11662000000,100,true,0.98
"ASM",111443,"/Date(1704255314000)/",10350,500,1129700,11652000000,100,true,0.98
"ASM",111437,"/Date(1704255308000)/",10350,1000,1129200,11647000000,100,true,0.98
"ASM",111427,"/Date(1704255297000)/",10350,500,1128200,11636000000,100,true,0.98
"ASM",111349,"/Date(1704255258000)/",10350,100,1127700,11631000000,100,true,0.98
"ASM",111242,"/Date(1704255191000)/",10350,500,1127600,11630000000,100,true,0.98
"ASM",111242,"/Date(1704255191000)/",10350,1000,1127100,11625000000,100,true,0.98
"ASM",111242,"/Date(1704255191000)/",10350,600,1126100,11615000000,100,true,0.98
"ASM",111238,"/Date(1704255190000)/",10350,1400,1125500,11608000000,100,false,0.98
"ASM",111238,"/Date(1704255190000)/",10350,28400,1124100,11594000000,100,false,0.98
"ASM",111238,"/Date(1704255190000)/",10350,200,1095700,11300000000,100,false,0.98
"ASM",111210,"/Date(1704255160000)/",10300,1000,1095500,11298000000,50,true,0.49
"ASM",111125,"/Date(1704255116000)/",10350,200,1094500,11288000000,100,false,0.98
"ASM",111122,"/Date(1704255111000)/",10350,900,1094300,11286000000,100,false,0.98
"ASM",111119,"/Date(1704255108000)/",10350,2100,1093400,11276000000,100,false,0.98
"ASM",111119,"/Date(1704255108000)/",10350,900,1091300,11255000000,100,false,0.98
"ASM",110826,"/Date(1704254936000)/",10350,300,1090400,11245000000,100,false,0.98
"ASM",110820,"/Date(1704254931000)/",10350,1000,1090100,11242000000,100,false,0.98
"ASM",110717,"/Date(1704254866000)/",10350,300,1089100,11232000000,100,false,0.98
"ASM",110710,"/Date(1704254861000)/",10350,1200,1088800,11229000000,100,false,0.98
"ASM",110710,"/Date(1704254860000)/",10350,1300,1087600,11216000000,100,false,0.98
"ASM",110710,"/Date(1704254860000)/",10350,100,1086300,11203000000,100,false,0.98
"ASM",110710,"/Date(1704254860000)/",10350,2600,1086200,11202000000,100,false,0.98
"ASM",110412,"/Date(1704254681000)/",10350,100,1083600,11175000000,100,false,0.98
"ASM",110406,"/Date(1704254676000)/",10350,500,1083500,11174000000,100,false,0.98
"ASM",110403,"/Date(1704254671000)/",10350,100,1083000,11169000000,100,true,0.98
"ASM",110403,"/Date(1704254671000)/",10350,800,1082900,11168000000,100,true,0.98
"ASM",110403,"/Date(1704254671000)/",10350,500,1082100,11159000000,100,true,0.98
"ASM",110403,"/Date(1704254671000)/",10350,300,1081600,11154000000,100,true,0.98
"ASM",110328,"/Date(1704254638000)/",10350,100,1081300,11151000000,100,true,0.98
"ASM",110249,"/Date(1704254598000)/",10350,200,1081200,11150000000,100,true,0.98
"ASM",110152,"/Date(1704254540000)/",10350,1100,1081000,11148000000,100,true,0.98
"ASM",110152,"/Date(1704254540000)/",10350,600,1079900,11137000000,100,true,0.98
"ASM",110152,"/Date(1704254540000)/",10350,400,1079300,11130000000,100,true,0.98
"ASM",110152,"/Date(1704254540000)/",10350,600,1078900,11126000000,100,true,0.98
"ASM",105922,"/Date(1704254389000)/",10350,2000,1078300,11120000000,100,true,0.98
"ASM",105903,"/Date(1704254371000)/",10350,1400,1076300,11099000000,100,true,0.98
"ASM",105900,"/Date(1704254370000)/",10350,2000,1074900,11085000000,100,true,0.98
"ASM",105900,"/Date(1704254370000)/",10350,1600,1072900,11064000000,100,true,0.98
"ASM",105900,"/Date(1704254370000)/",10350,8400,1071300,11048000000,100,true,0.98
"ASM",105900,"/Date(1704254370000)/",10350,400,1062900,10961000000,100,true,0.98
"ASM",105900,"/Date(1704254370000)/",10350,600,1062500,10956000000,100,true,0.98
"ASM",105900,"/Date(1704254370000)/",10350,600,1061900,10950000000,100,true,0.98
"ASM",105825,"/Date(1704254334000)/",10350,1400,1061300,10944000000,100,true,0.98
"ASM",105809,"/Date(1704254316000)/",10350,1800,1059900,10930000000,100,true,0.98
"ASM",105809,"/Date(1704254316000)/",10350,200,1058100,10911000000,100,true,0.98
"ASM",105803,"/Date(1704254311000)/",10350,2300,1057900,10909000000,100,false,0.98
"ASM",105803,"/Date(1704254311000)/",10350,11200,1055600,10885000000,100,false,0.98
"ASM",105724,"/Date(1704254273000)/",10300,4600,1044400,10769000000,50,true,0.49
"ASM",105724,"/Date(1704254273000)/",10300,300,1039800,10722000000,50,true,0.49
"ASM",105724,"/Date(1704254273000)/",10300,100,1039500,10719000000,50,true,0.49
"ASM",105702,"/Date(1704254251000)/",10350,100,1039400,10718000000,100,false,0.98
"ASM",105659,"/Date(1704254246000)/",10350,400,1039300,10717000000,100,false,0.98
"ASM",105653,"/Date(1704254241000)/",10350,1500,1038900,10712000000,100,false,0.98
"ASM",105650,"/Date(1704254236000)/",10350,5000,1037400,10697000000,100,false,0.98
"ASM",105646,"/Date(1704254233000)/",10350,200,1032400,10645000000,100,true,0.98
"ASM",105646,"/Date(1704254233000)/",10350,100,1032200,10643000000,100,true,0.98
"ASM",105646,"/Date(1704254233000)/",10350,11500,1032100,10642000000,100,true,0.98
"ASM",105646,"/Date(1704254233000)/",10350,5000,1020600,10523000000,100,true,0.98
"ASM",105630,"/Date(1704254219000)/",10350,100,1015600,10471000000,100,true,0.98
"ASM",105611,"/Date(1704254200000)/",10350,800,1015500,10470000000,100,true,0.98
"ASM",105552,"/Date(1704254179000)/",10350,500,1014700,10462000000,100,true,0.98
"ASM",105549,"/Date(1704254176000)/",10350,100,1014200,10457000000,100,true,0.98
"ASM",105546,"/Date(1704254173000)/",10350,1900,1014100,10456000000,100,false,0.98
"ASM",105546,"/Date(1704254173000)/",10350,300,1012200,10436000000,100,false,0.98
"ASM",105546,"/Date(1704254173000)/",10350,100,1011900,10433000000,100,false,0.98
"ASM",105546,"/Date(1704254173000)/",10350,800,1011800,10432000000,100,false,0.98
"ASM",105546,"/Date(1704254173000)/",10350,1000,1011000,10424000000,100,false,0.98
"ASM",105546,"/Date(1704254173000)/",10350,55900,1010000,10413000000,100,false,0.98
"ASM",105320,"/Date(1704254026000)/",10350,200,954100,9835000000,100,false,0.98
"ASM",105313,"/Date(1704254021000)/",10350,800,953900,9833000000,100,false,0.98
"ASM",105310,"/Date(1704254016000)/",10350,2700,953100,9824000000,100,false,0.98
"ASM",105304,"/Date(1704254011000)/",10350,9300,950400,9796000000,100,false,0.98
"ASM",105301,"/Date(1704254008000)/",10350,1500,941100,9700000000,100,true,0.98
"ASM",105301,"/Date(1704254008000)/",10350,600,939600,9685000000,100,true,0.98
"ASM",105301,"/Date(1704254008000)/",10350,10000,939000,9679000000,100,true,0.98
"ASM",105301,"/Date(1704254008000)/",10350,5000,929000,9575000000,100,true,0.98
"ASM",105301,"/Date(1704254008000)/",10350,1200,924000,9523000000,100,true,0.98
"ASM",105301,"/Date(1704254008000)/",10350,300,922800,9511000000,100,true,0.98
"ASM",105301,"/Date(1704254008000)/",10350,900,922500,9508000000,100,true,0.98
"ASM",105301,"/Date(1704254008000)/",10350,600,921600,9498000000,100,true,0.98
"ASM",105301,"/Date(1704254008000)/",10350,500,921000,9492000000,100,true,0.98
"ASM",105301,"/Date(1704254008000)/",10350,100,920500,9487000000,100,true,0.98
"ASM",105301,"/Date(1704254008000)/",10350,3000,920400,9486000000,100,true,0.98
"ASM",105301,"/Date(1704254008000)/",10350,4800,917400,9455000000,100,true,0.98
"ASM",105301,"/Date(1704254008000)/",10350,2600,912600,9405000000,100,true,0.98
"ASM",105238,"/Date(1704253986000)/",10350,2400,910000,9378000000,100,true,0.98
"ASM",105238,"/Date(1704253986000)/",10350,100,907600,9354000000,100,true,0.98
"ASM",105238,"/Date(1704253986000)/",10350,2500,907500,9352000000,100,true,0.98
"ASM",105232,"/Date(1704253979000)/",10350,500,905000,9327000000,100,true,0.98
"ASM",105232,"/Date(1704253979000)/",10350,1800,904500,9321000000,100,true,0.98
"ASM",105047,"/Date(1704253874000)/",10350,200,902700,9303000000,100,true,0.98
"ASM",105034,"/Date(1704253861000)/",10350,4000,902500,9301000000,100,true,0.98
"ASM",105028,"/Date(1704253856000)/",10350,1000,898500,9259000000,100,true,0.98
"ASM",105012,"/Date(1704253838000)/",10350,3000,897500,9249000000,100,true,0.98
"ASM",105002,"/Date(1704253827000)/",10350,2000,894500,9218000000,100,true,0.98
"ASM",104940,"/Date(1704253806000)/",10400,200,892500,9197000000,150,false,1.46
"ASM",104933,"/Date(1704253801000)/",10400,600,892300,9195000000,150,false,1.46
"ASM",104933,"/Date(1704253801000)/",10400,100,891700,9189000000,150,false,1.46
"ASM",104933,"/Date(1704253800000)/",10400,2500,891600,9188000000,150,false,1.46
"ASM",104745,"/Date(1704253691000)/",10400,300,889100,9162000000,150,false,1.46
"ASM",104739,"/Date(1704253686000)/",10400,1000,888800,9159000000,150,false,1.46
"ASM",104739,"/Date(1704253686000)/",10400,100,887800,9148000000,150,false,1.46
"ASM",104735,"/Date(1704253681000)/",10400,400,887700,9147000000,150,false,1.46
"ASM",104515,"/Date(1704253542000)/",10400,100,887300,9143000000,150,false,1.46
"ASM",104440,"/Date(1704253507000)/",10350,8000,887200,9142000000,100,true,0.98
"ASM",104440,"/Date(1704253507000)/",10350,2000,879200,9059000000,100,true,0.98
"ASM",104320,"/Date(1704253428000)/",10350,16000,877200,9039000000,100,true,0.98
"ASM",104223,"/Date(1704253368000)/",10350,200,861200,8873000000,100,true,0.98
"ASM",104223,"/Date(1704253368000)/",10350,300,861000,8871000000,100,true,0.98
"ASM",104210,"/Date(1704253358000)/",10350,6700,860700,8868000000,100,true,0.98
"ASM",104210,"/Date(1704253358000)/",10350,3300,854000,8798000000,100,true,0.98
"ASM",104041,"/Date(1704253266000)/",10400,200,850700,8764000000,150,false,1.46
"ASM",104035,"/Date(1704253261000)/",10400,900,850500,8762000000,150,false,1.46
"ASM",104032,"/Date(1704253259000)/",10400,3000,849600,8753000000,150,false,1.46
"ASM",104025,"/Date(1704253249000)/",10350,200,846600,8722000000,100,true,0.98
"ASM",103850,"/Date(1704253155000)/",10350,1300,846400,8720000000,100,true,0.98
"ASM",103850,"/Date(1704253155000)/",10350,400,845100,8706000000,100,true,0.98
"ASM",103850,"/Date(1704253155000)/",10350,100,844700,8702000000,100,true,0.98
"ASM",103850,"/Date(1704253155000)/",10350,100,844600,8701000000,100,true,0.98
"ASM",103850,"/Date(1704253155000)/",10350,8100,844500,8700000000,100,true,0.98
"ASM",103846,"/Date(1704253151000)/",10400,1000,836400,8616000000,150,false,1.46
"ASM",103843,"/Date(1704253150000)/",10400,3600,835400,8606000000,150,false,1.46
"ASM",103714,"/Date(1704253060000)/",10350,100,831800,8568000000,100,true,0.98
"ASM",103639,"/Date(1704253023000)/",10350,1800,831700,8567000000,100,true,0.98
"ASM",103639,"/Date(1704253023000)/",10350,2900,829900,8549000000,100,true,0.98
"ASM",103639,"/Date(1704253023000)/",10350,300,827000,8519000000,100,true,0.98
"ASM",103630,"/Date(1704253016000)/",10400,300,826700,8516000000,150,false,1.46
"ASM",103626,"/Date(1704253010000)/",10400,1000,826400,8512000000,150,false,1.46
"ASM",103539,"/Date(1704252965000)/",10350,500,825400,8502000000,100,false,0.98
"ASM",103539,"/Date(1704252963000)/",10350,8000,824900,8497000000,100,false,0.98
"ASM",103539,"/Date(1704252963000)/",10350,1200,816900,8414000000,100,false,0.98
"ASM",103526,"/Date(1704252951000)/",10350,200,815700,8402000000,100,false,0.98
"ASM",103523,"/Date(1704252946000)/",10350,800,815500,8400000000,100,false,0.98
"ASM",103516,"/Date(1704252943000)/",10350,400,814700,8391000000,100,true,0.98
"ASM",103516,"/Date(1704252943000)/",10350,1500,814300,8387000000,100,true,0.98
"ASM",103516,"/Date(1704252943000)/",10350,900,812800,8372000000,100,true,0.98
"ASM",103507,"/Date(1704252933000)/",10350,1100,811900,8362000000,100,true,0.98
"ASM",103507,"/Date(1704252933000)/",10350,400,810800,8351000000,100,true,0.98
"ASM",103507,"/Date(1704252930000)/",10350,3300,810400,8347000000,100,true,0.98
"ASM",103507,"/Date(1704252930000)/",10350,1700,807100,8313000000,100,true,0.98
"ASM",103445,"/Date(1704252909000)/",10350,1300,805400,8295000000,100,false,0.98
"ASM",103441,"/Date(1704252907000)/",10350,1200,804100,8282000000,100,true,0.98
"ASM",103441,"/Date(1704252907000)/",10350,1000,802900,8269000000,100,true,0.98
"ASM",103441,"/Date(1704252907000)/",10350,4700,801900,8259000000,100,true,0.98
"ASM",103441,"/Date(1704252907000)/",10350,3000,797200,8210000000,100,true,0.98
"ASM",103441,"/Date(1704252907000)/",10350,100,794200,8179000000,100,true,0.98
"ASM",103441,"/Date(1704252907000)/",10350,1200,794100,8178000000,100,true,0.98
"ASM",103432,"/Date(1704252898000)/",10350,400,792900,8166000000,100,true,0.98
"ASM",103432,"/Date(1704252898000)/",10350,7100,792500,8161000000,100,true,0.98
"ASM",103429,"/Date(1704252893000)/",10350,1300,785400,8088000000,100,true,0.98
"ASM",103429,"/Date(1704252893000)/",10350,5000,784100,8075000000,100,true,0.98
"ASM",103429,"/Date(1704252893000)/",10350,3600,779100,8023000000,100,true,0.98
"ASM",103429,"/Date(1704252893000)/",10350,100,775500,7986000000,100,true,0.98
"ASM",103416,"/Date(1704252879000)/",10350,100,775400,7984000000,100,true,0.98
"ASM",103322,"/Date(1704252825000)/",10350,1000,775300,7983000000,100,true,0.98
"ASM",103322,"/Date(1704252825000)/",10350,8800,774300,7973000000,100,true,0.98
"ASM",103316,"/Date(1704252821000)/",10350,1200,765500,7882000000,100,false,0.98
"ASM",103316,"/Date(1704252821000)/",10350,1100,764300,7870000000,100,false,0.98
"ASM",103312,"/Date(1704252817000)/",10350,7800,763200,7858000000,100,false,0.98
"ASM",103306,"/Date(1704252811000)/",10350,100,755400,7777000000,100,false,0.98
"ASM",103303,"/Date(1704252806000)/",10350,400,755300,7776000000,100,false,0.98
"ASM",103300,"/Date(1704252805000)/",10350,100,754900,7772000000,100,false,0.98
"ASM",103256,"/Date(1704252801000)/",10350,1500,754800,7771000000,100,false,0.98
"ASM",103256,"/Date(1704252800000)/",10350,5000,753300,7756000000,100,false,0.98
"ASM",103241,"/Date(1704252786000)/",10350,100,748300,7704000000,100,false,0.98
"ASM",103241,"/Date(1704252785000)/",10350,400,748200,7703000000,100,false,0.98
"ASM",103118,"/Date(1704252701000)/",10350,200,747800,7699000000,100,false,0.98
"ASM",103115,"/Date(1704252698000)/",10350,800,747600,7697000000,100,false,0.98
"ASM",103102,"/Date(1704252687000)/",10300,100,746800,7688000000,50,true,0.49
"ASM",103102,"/Date(1704252687000)/",10350,500,746700,7687000000,100,false,0.98
"ASM",103102,"/Date(1704252686000)/",10350,500,746200,7682000000,100,false,0.98
"ASM",103052,"/Date(1704252676000)/",10350,300,745700,7677000000,100,false,0.98
"ASM",103049,"/Date(1704252673000)/",10350,600,745400,7674000000,100,true,0.98
"ASM",103049,"/Date(1704252673000)/",10350,600,744800,7668000000,100,true,0.98
"ASM",103046,"/Date(1704252668000)/",10350,2000,744200,7662000000,100,true,0.98
"ASM",103027,"/Date(1704252651000)/",10350,300,742200,7641000000,100,true,0.98
"ASM",103027,"/Date(1704252649000)/",10350,1400,741900,7638000000,100,true,0.98
"ASM",103027,"/Date(1704252649000)/",10350,4100,740500,7623000000,100,true,0.98
"ASM",103027,"/Date(1704252649000)/",10350,4200,736400,7581000000,100,true,0.98
"ASM",102955,"/Date(1704252617000)/",10350,200,732200,7537000000,100,true,0.98
"ASM",102952,"/Date(1704252616000)/",10350,100,732000,7535000000,100,false,0.98
"ASM",102952,"/Date(1704252616000)/",10350,1000,731900,7534000000,100,false,0.98
"ASM",102952,"/Date(1704252616000)/",10350,2000,730900,7524000000,100,false,0.98
"ASM",102952,"/Date(1704252616000)/",10350,700,728900,7503000000,100,false,0.98
"ASM",102952,"/Date(1704252616000)/",10350,100,728200,7496000000,100,false,0.98
"ASM",102952,"/Date(1704252616000)/",10350,700,728100,7495000000,100,false,0.98
"ASM",102948,"/Date(1704252612000)/",10350,2700,727400,7488000000,100,false,0.98
"ASM",102948,"/Date(1704252612000)/",10350,500,724700,7460000000,100,false,0.98
"ASM",102948,"/Date(1704252612000)/",10350,2000,724200,7455000000,100,false,0.98
"ASM",102948,"/Date(1704252612000)/",10350,200,722200,7434000000,100,false,0.98
"ASM",102948,"/Date(1704252612000)/",10350,1000,722000,7432000000,100,false,0.98
"ASM",102948,"/Date(1704252612000)/",10350,1300,721000,7421000000,100,false,0.98
"ASM",102948,"/Date(1704252612000)/",10350,10000,719700,7408000000,100,false,0.98
"ASM",102948,"/Date(1704252612000)/",10350,10000,709700,7304000000,100,false,0.98
"ASM",102948,"/Date(1704252612000)/",10350,2300,699700,7201000000,100,false,0.98
"ASM",102923,"/Date(1704252586000)/",10350,200,697400,7177000000,100,false,0.98
"ASM",102916,"/Date(1704252581000)/",10350,900,697200,7175000000,100,false,0.98
"ASM",102913,"/Date(1704252576000)/",10350,3000,696300,7166000000,100,false,0.98
"ASM",102907,"/Date(1704252572000)/",10350,3600,693300,7135000000,100,false,0.98
"ASM",102907,"/Date(1704252572000)/",10350,100,689700,7097000000,100,false,0.98
"ASM",102907,"/Date(1704252572000)/",10350,100,689600,7096000000,100,false,0.98
"ASM",102907,"/Date(1704252572000)/",10350,200,689500,7095000000,100,false,0.98
"ASM",102907,"/Date(1704252572000)/",10350,100,689300,7093000000,100,false,0.98
"ASM",102907,"/Date(1704252572000)/",10350,200,689200,7092000000,100,false,0.98
"ASM",102907,"/Date(1704252572000)/",10350,1000,689000,7090000000,100,false,0.98
"ASM",102907,"/Date(1704252572000)/",10350,1000,688000,7080000000,100,false,0.98
"ASM",102907,"/Date(1704252572000)/",10350,1100,687000,7070000000,100,false,0.98
"ASM",102907,"/Date(1704252572000)/",10350,2000,685900,7058000000,100,false,0.98
"ASM",102907,"/Date(1704252572000)/",10350,600,683900,7037000000,100,false,0.98
"ASM",102719,"/Date(1704252461000)/",10350,200,683300,7031000000,100,false,0.98
"ASM",102712,"/Date(1704252456000)/",10350,200,683100,7029000000,100,false,0.98
"ASM",102712,"/Date(1704252456000)/",10350,500,682900,7027000000,100,false,0.98
"ASM",102712,"/Date(1704252456000)/",10350,200,682400,7022000000,100,false,0.98
"ASM",102706,"/Date(1704252451000)/",10350,700,682200,7020000000,100,false,0.98
"ASM",102706,"/Date(1704252451000)/",10350,2000,681500,7013000000,100,false,0.98
"ASM",102706,"/Date(1704252451000)/",10350,300,679500,6992000000,100,false,0.98
"ASM",102706,"/Date(1704252450000)/",10350,700,679200,6989000000,100,false,0.98
"ASM",102706,"/Date(1704252450000)/",10350,3000,678500,6982000000,100,false,0.98
"ASM",102706,"/Date(1704252450000)/",10350,500,675500,6951000000,100,false,0.98
"ASM",102706,"/Date(1704252450000)/",10350,5800,675000,6945000000,100,false,0.98
"ASM",102637,"/Date(1704252421000)/",10350,100,669200,6885000000,100,false,0.98
"ASM",102634,"/Date(1704252416000)/",10350,500,669100,6884000000,100,false,0.98
"ASM",102628,"/Date(1704252411000)/",10350,1800,668600,6879000000,100,false,0.98
"ASM",102621,"/Date(1704252406000)/",10350,1800,666800,6860000000,100,false,0.98
"ASM",102621,"/Date(1704252406000)/",10350,200,665000,6842000000,100,false,0.98
"ASM",102621,"/Date(1704252406000)/",10350,4000,664800,6840000000,100,false,0.98
"ASM",102618,"/Date(1704252402000)/",10350,6000,660800,6798000000,100,false,0.98
"ASM",102618,"/Date(1704252402000)/",10350,100,654800,6736000000,100,false,0.98
"ASM",102618,"/Date(1704252402000)/",10350,3000,654700,6735000000,100,false,0.98
"ASM",102618,"/Date(1704252402000)/",10350,2000,651700,6704000000,100,false,0.98
"ASM",102618,"/Date(1704252402000)/",10350,8800,649700,6683000000,100,false,0.98
"ASM",102618,"/Date(1704252402000)/",10350,100,640900,6592000000,100,false,0.98
"ASM",102521,"/Date(1704252345000)/",10300,1000,640800,6591000000,50,true,0.49
"ASM",102421,"/Date(1704252284000)/",10300,900,639800,6581000000,50,true,0.49
"ASM",102358,"/Date(1704252261000)/",10300,100,638900,6572000000,50,true,0.49
"ASM",102223,"/Date(1704252166000)/",10300,100,638800,6571000000,50,true,0.49
"ASM",102213,"/Date(1704252156000)/",10300,2000,638700,6570000000,50,true,0.49
"ASM",101909,"/Date(1704251972000)/",10300,200,636700,6549000000,50,true,0.49
"ASM",101906,"/Date(1704251968000)/",10300,200,636500,6547000000,50,true,0.49
"ASM",101743,"/Date(1704251884000)/",10300,700,636300,6545000000,50,true,0.49
"ASM",101743,"/Date(1704251884000)/",10300,100,635600,6538000000,50,true,0.49
"ASM",101743,"/Date(1704251884000)/",10300,200,635500,6537000000,50,true,0.49
"ASM",101715,"/Date(1704251858000)/",10300,300,635300,6535000000,50,false,0.49
"ASM",101715,"/Date(1704251856000)/",10300,100,635000,6532000000,50,false,0.49
"ASM",101711,"/Date(1704251854000)/",10300,500,634900,6531000000,50,false,0.49
"ASM",101705,"/Date(1704251846000)/",10300,100,634400,6525000000,50,false,0.49
"ASM",101702,"/Date(1704251845000)/",10300,500,634300,6524000000,50,false,0.49
"ASM",101549,"/Date(1704251772000)/",10300,100,633800,6519000000,50,true,0.49
"ASM",101549,"/Date(1704251770000)/",10300,2000,633700,6518000000,50,true,0.49
"ASM",101545,"/Date(1704251766000)/",10300,100,631700,6498000000,50,false,0.49
"ASM",101542,"/Date(1704251763000)/",10300,500,631600,6497000000,50,false,0.49
"ASM",101533,"/Date(1704251754000)/",10250,1000,631100,6491000000,0,true,0
"ASM",101533,"/Date(1704251754000)/",10250,300,630100,6481000000,0,true,0
"ASM",101533,"/Date(1704251754000)/",10250,2200,629800,6478000000,0,true,0
"ASM",101533,"/Date(1704251754000)/",10300,400,627600,6456000000,50,false,0.49
"ASM",101533,"/Date(1704251754000)/",10300,1500,627200,6451000000,50,false,0.49
"ASM",101533,"/Date(1704251754000)/",10300,300,625700,6436000000,50,false,0.49
"ASM",101533,"/Date(1704251754000)/",10300,100,625400,6433000000,50,false,0.49
"ASM",101529,"/Date(1704251752000)/",10300,100,625300,6432000000,50,true,0.49
"ASM",101529,"/Date(1704251752000)/",10300,900,625200,6431000000,50,true,0.49
"ASM",101504,"/Date(1704251726000)/",10300,100,624300,6422000000,50,true,0.49
"ASM",101504,"/Date(1704251726000)/",10300,1400,624200,6421000000,50,true,0.49
"ASM",101501,"/Date(1704251722000)/",10300,1600,622800,6406000000,50,true,0.49
"ASM",101501,"/Date(1704251722000)/",10300,200,621200,6390000000,50,true,0.49
"ASM",101501,"/Date(1704251722000)/",10300,500,621000,6388000000,50,true,0.49
"ASM",101501,"/Date(1704251722000)/",10300,600,620500,6382000000,50,true,0.49
"ASM",101501,"/Date(1704251722000)/",10300,1000,619900,6376000000,50,true,0.49
"ASM",101501,"/Date(1704251722000)/",10300,1100,618900,6366000000,50,true,0.49
"ASM",101445,"/Date(1704251706000)/",10300,700,617800,6355000000,50,true,0.49
"ASM",101445,"/Date(1704251706000)/",10300,300,617100,6347000000,50,true,0.49
"ASM",101429,"/Date(1704251691000)/",10300,900,616800,6344000000,50,true,0.49
"ASM",101225,"/Date(1704251566000)/",10300,300,615900,6335000000,50,true,0.49
"ASM",101225,"/Date(1704251566000)/",10300,1000,615600,6332000000,50,true,0.49
"ASM",101225,"/Date(1704251566000)/",10300,700,614600,6322000000,50,true,0.49
"ASM",101128,"/Date(1704251509000)/",10300,800,613900,6314000000,50,true,0.49
"ASM",101128,"/Date(1704251509000)/",10300,500,613100,6306000000,50,true,0.49
"ASM",101128,"/Date(1704251509000)/",10300,500,612600,6301000000,50,true,0.49
"ASM",101128,"/Date(1704251509000)/",10300,3200,612100,6296000000,50,true,0.49
"ASM",101043,"/Date(1704251464000)/",10300,5000,608900,6263000000,50,true,0.49
"ASM",100921,"/Date(1704251383000)/",10300,200,603900,6211000000,50,true,0.49
"ASM",100911,"/Date(1704251371000)/",10350,300,603700,6209000000,100,false,0.98
"ASM",100908,"/Date(1704251369000)/",10350,300,603400,6206000000,100,false,0.98
"ASM",100908,"/Date(1704251369000)/",10350,100,603100,6203000000,100,false,0.98
"ASM",100908,"/Date(1704251369000)/",10350,100,603000,6202000000,100,false,0.98
"ASM",100908,"/Date(1704251369000)/",10350,100,602900,6201000000,100,false,0.98
"ASM",100908,"/Date(1704251369000)/",10350,400,602800,6200000000,100,false,0.98
"ASM",100902,"/Date(1704251363000)/",10300,10200,602400,6196000000,50,false,0.49
"ASM",100902,"/Date(1704251361000)/",10300,600,592200,6091000000,50,false,0.49
"ASM",100855,"/Date(1704251356000)/",10300,1400,591600,6085000000,50,false,0.49
"ASM",100855,"/Date(1704251356000)/",10300,300,590200,6070000000,50,false,0.49
"ASM",100855,"/Date(1704251356000)/",10300,300,589900,6067000000,50,false,0.49
"ASM",100852,"/Date(1704251352000)/",10300,200,589600,6064000000,50,false,0.49
"ASM",100852,"/Date(1704251352000)/",10300,100,589400,6062000000,50,false,0.49
"ASM",100833,"/Date(1704251333000)/",10300,300,589300,6061000000,50,false,0.49
"ASM",100814,"/Date(1704251316000)/",10300,100,589000,6058000000,50,false,0.49
"ASM",100811,"/Date(1704251311000)/",10300,500,588900,6057000000,50,false,0.49
"ASM",100804,"/Date(1704251306000)/",10300,1800,588400,6052000000,50,false,0.49
"ASM",100801,"/Date(1704251301000)/",10300,6300,586600,6033000000,50,false,0.49
"ASM",100758,"/Date(1704251300000)/",10300,900,580300,5968000000,50,false,0.49
"ASM",100758,"/Date(1704251300000)/",10300,2000,579400,5959000000,50,false,0.49
"ASM",100758,"/Date(1704251300000)/",10300,5000,577400,5938000000,50,false,0.49
"ASM",100758,"/Date(1704251300000)/",10300,100,572400,5887000000,50,false,0.49
"ASM",100758,"/Date(1704251300000)/",10300,5000,572300,5886000000,50,false,0.49
"ASM",100758,"/Date(1704251300000)/",10300,1700,567300,5834000000,50,false,0.49
"ASM",100758,"/Date(1704251300000)/",10300,5300,565600,5817000000,50,false,0.49
"ASM",100755,"/Date(1704251297000)/",10300,1000,560300,5762000000,50,false,0.49
"ASM",100739,"/Date(1704251278000)/",10250,2800,559300,5752000000,0,true,0
"ASM",100739,"/Date(1704251278000)/",10250,100,556500,5723000000,0,true,0
"ASM",100739,"/Date(1704251278000)/",10250,6000,556400,5722000000,0,true,0
"ASM",100739,"/Date(1704251278000)/",10250,20000,550400,5661000000,0,true,0
"ASM",100739,"/Date(1704251278000)/",10250,2000,530400,5456000000,0,true,0
"ASM",100739,"/Date(1704251278000)/",10250,100,528400,5435000000,0,true,0
"ASM",100739,"/Date(1704251278000)/",10250,1000,528300,5434000000,0,true,0
"ASM",100739,"/Date(1704251278000)/",10250,100,527300,5424000000,0,true,0
"ASM",100739,"/Date(1704251278000)/",10250,3900,527200,5423000000,0,true,0
"ASM",100739,"/Date(1704251278000)/",10250,2000,523300,5383000000,0,true,0
"ASM",100739,"/Date(1704251278000)/",10250,2000,521300,5363000000,0,true,0
"ASM",100701,"/Date(1704251241000)/",10300,100,519300,5342000000,50,false,0.49
"ASM",100655,"/Date(1704251236000)/",10300,400,519200,5341000000,50,false,0.49
"ASM",100651,"/Date(1704251231000)/",10300,1600,518800,5337000000,50,false,0.49
"ASM",100648,"/Date(1704251229000)/",10300,1700,517200,5320000000,50,false,0.49
"ASM",100648,"/Date(1704251229000)/",10300,3300,515500,5303000000,50,false,0.49
"ASM",100645,"/Date(1704251226000)/",10300,600,512200,5269000000,50,false,0.49
"ASM",100645,"/Date(1704251225000)/",10300,2000,511600,5263000000,50,false,0.49
"ASM",100607,"/Date(1704251186000)/",10300,200,509600,5242000000,50,false,0.49
"ASM",100600,"/Date(1704251181000)/",10300,900,509400,5240000000,50,false,0.49
"ASM",100557,"/Date(1704251177000)/",10300,3000,508500,5231000000,50,false,0.49
"ASM",100325,"/Date(1704251023000)/",10300,200,505500,5200000000,50,false,0.49
"ASM",100259,"/Date(1704250999000)/",10250,400,505300,5198000000,0,true,0
"ASM",100259,"/Date(1704250999000)/",10300,100,504900,5194000000,50,true,0.49
"ASM",100237,"/Date(1704250977000)/",10300,500,504800,5193000000,50,true,0.49
"ASM",100218,"/Date(1704250958000)/",10300,1800,504300,5188000000,50,false,0.49
"ASM",100149,"/Date(1704250929000)/",10300,2000,502500,5169000000,50,true,0.49
"ASM",100149,"/Date(1704250929000)/",10300,100,500500,5148000000,50,true,0.49
"ASM",100149,"/Date(1704250929000)/",10300,100,500400,5147000000,50,true,0.49
"ASM",100149,"/Date(1704250929000)/",10300,100,500300,5146000000,50,true,0.49
"ASM",100149,"/Date(1704250929000)/",10300,100,500200,5145000000,50,true,0.49
"ASM",100149,"/Date(1704250929000)/",10300,600,500100,5144000000,50,true,0.49
"ASM",100149,"/Date(1704250929000)/",10300,3300,499500,5138000000,50,true,0.49
"ASM",100105,"/Date(1704250882000)/",10300,100,496200,5104000000,50,true,0.49
"ASM",100052,"/Date(1704250870000)/",10300,500,496100,5103000000,50,true,0.49
"ASM",100045,"/Date(1704250863000)/",10300,500,495600,5098000000,50,true,0.49
"ASM",100036,"/Date(1704250855000)/",10300,100,495100,5093000000,50,true,0.49
"ASM",100036,"/Date(1704250854000)/",10300,500,495000,5092000000,50,true,0.49
"ASM",100004,"/Date(1704250824000)/",10300,100,494500,5087000000,50,true,0.49
"ASM",95945,"/Date(1704250803000)/",10300,300,494400,5086000000,50,true,0.49
"ASM",95857,"/Date(1704250758000)/",10300,300,494100,5082000000,50,true,0.49
"ASM",95857,"/Date(1704250756000)/",10300,1000,493800,5079000000,50,true,0.49
"ASM",95857,"/Date(1704250756000)/",10300,800,492800,5069000000,50,true,0.49
"ASM",95854,"/Date(1704250755000)/",10300,200,492000,5061000000,50,false,0.49
"ASM",95854,"/Date(1704250755000)/",10300,15000,491800,5059000000,50,false,0.49
"ASM",95854,"/Date(1704250755000)/",10300,3000,476800,4904000000,50,false,0.49
"ASM",95854,"/Date(1704250755000)/",10300,1000,473800,4873000000,50,false,0.49
"ASM",95854,"/Date(1704250755000)/",10300,2000,472800,4863000000,50,false,0.49
"ASM",95854,"/Date(1704250755000)/",10300,2000,470800,4843000000,50,false,0.49
"ASM",95854,"/Date(1704250755000)/",10300,200,468800,4822000000,50,false,0.49
"ASM",95854,"/Date(1704250755000)/",10300,1600,468600,4820000000,50,false,0.49
"ASM",95751,"/Date(1704250691000)/",10300,100,467000,4803000000,50,false,0.49
"ASM",95747,"/Date(1704250686000)/",10300,500,466900,4802000000,50,false,0.49
"ASM",95653,"/Date(1704250629000)/",10250,100,466400,4797000000,0,true,0
"ASM",95612,"/Date(1704250591000)/",10300,100,466300,4796000000,50,false,0.49
"ASM",95606,"/Date(1704250586000)/",10300,600,466200,4795000000,50,false,0.49
"ASM",95603,"/Date(1704250582000)/",10300,400,465600,4789000000,50,false,0.49
"ASM",95603,"/Date(1704250582000)/",10300,1700,465200,4785000000,50,false,0.49
"ASM",95556,"/Date(1704250576000)/",10300,300,463500,4767000000,50,true,0.49
"ASM",95547,"/Date(1704250566000)/",10300,200,463200,4764000000,50,false,0.49
"ASM",95543,"/Date(1704250563000)/",10300,800,463000,4762000000,50,false,0.49
"ASM",95543,"/Date(1704250563000)/",10300,100,462200,4754000000,50,false,0.49
"ASM",95537,"/Date(1704250556000)/",10300,200,462100,4753000000,50,false,0.49
"ASM",95531,"/Date(1704250551000)/",10300,900,461900,4751000000,50,false,0.49
"ASM",95528,"/Date(1704250546000)/",10300,3000,461000,4742000000,50,false,0.49
"ASM",95521,"/Date(1704250541000)/",10300,7800,458000,4711000000,50,false,0.49
"ASM",95521,"/Date(1704250541000)/",10300,2000,450200,4630000000,50,false,0.49
"ASM",95521,"/Date(1704250541000)/",10300,200,448200,4610000000,50,false,0.49
"ASM",95437,"/Date(1704250496000)/",10300,200,448000,4608000000,50,false,0.49
"ASM",95434,"/Date(1704250491000)/",10300,500,447800,4606000000,50,true,0.49
"ASM",95434,"/Date(1704250491000)/",10300,300,447300,4600000000,50,true,0.49
"ASM",95421,"/Date(1704250481000)/",10300,1800,447000,4597000000,50,true,0.49
"ASM",95421,"/Date(1704250480000)/",10300,100,445200,4579000000,50,true,0.49
"ASM",95421,"/Date(1704250480000)/",10300,100,445100,4578000000,50,true,0.49
"ASM",95418,"/Date(1704250478000)/",10300,200,445000,4577000000,50,true,0.49
"ASM",95418,"/Date(1704250478000)/",10300,100,444800,4575000000,50,true,0.49
"ASM",95418,"/Date(1704250478000)/",10300,3000,444700,4574000000,50,true,0.49
"ASM",95418,"/Date(1704250478000)/",10300,3000,441700,4543000000,50,true,0.49
"ASM",95418,"/Date(1704250478000)/",10300,700,438700,4512000000,50,true,0.49
"ASM",95336,"/Date(1704250434000)/",10300,500,438000,4505000000,50,true,0.49
"ASM",95324,"/Date(1704250423000)/",10300,1000,437500,4500000000,50,true,0.49
"ASM",95304,"/Date(1704250403000)/",10300,500,436500,4489000000,50,true,0.49
"ASM",95258,"/Date(1704250396000)/",10300,300,436000,4484000000,50,true,0.49
"ASM",95258,"/Date(1704250396000)/",10300,1000,435700,4481000000,50,true,0.49
"ASM",95258,"/Date(1704250396000)/",10300,6000,434700,4471000000,50,true,0.49
"ASM",95258,"/Date(1704250396000)/",10300,1600,428700,4409000000,50,true,0.49
"ASM",95258,"/Date(1704250396000)/",10300,1100,427100,4392000000,50,true,0.49
"ASM",95252,"/Date(1704250390000)/",10300,1900,426000,4381000000,50,true,0.49
"ASM",95252,"/Date(1704250390000)/",10300,3000,424100,4362000000,50,true,0.49
"ASM",95252,"/Date(1704250390000)/",10300,1000,421100,4331000000,50,true,0.49
"ASM",95252,"/Date(1704250390000)/",10300,4100,420100,4320000000,50,true,0.49
"ASM",95245,"/Date(1704250382000)/",10300,1900,416000,4278000000,50,true,0.49
"ASM",95245,"/Date(1704250382000)/",10300,200,414100,4259000000,50,true,0.49
"ASM",95245,"/Date(1704250382000)/",10300,100,413900,4256000000,50,true,0.49
"ASM",95245,"/Date(1704250382000)/",10300,7000,413800,4255000000,50,true,0.49
"ASM",95245,"/Date(1704250382000)/",10300,800,406800,4183000000,50,true,0.49
"ASM",95232,"/Date(1704250370000)/",10300,15000,406000,4175000000,50,true,0.49
