"Stockcode","Package","TradingDate","Price","Vol","TotalVol","TotalVal","Change","IsBuy","PerChange"
"BID",144408,"/Date(1704267900000)/",43800,274200,1559300,68047000000,800,true,1.86
"BID",142839,"/Date(1704266964000)/",43850,100,1285100,56037000000,850,true,1.98
"BID",142823,"/Date(1704266949000)/",43850,100,1285000,56033000000,850,true,1.98
"BID",142804,"/Date(1704266931000)/",43850,200,1284900,56028000000,850,true,1.98
"BID",142801,"/Date(1704266926000)/",43850,300,1284700,56020000000,850,true,1.98
"BID",142801,"/Date(1704266926000)/",43850,500,1284400,56007000000,850,true,1.98
"BID",142801,"/Date(1704266926000)/",43850,1200,1283900,55985000000,850,true,1.98
"BID",142751,"/Date(1704266918000)/",43850,3700,1282700,55932000000,850,true,1.98
"BID",142629,"/Date(1704266836000)/",43850,1000,1279000,55770000000,850,true,1.98
"BID",142606,"/Date(1704266814000)/",43900,6600,1278000,55726000000,900,false,2.09
"BID",142603,"/Date(1704266811000)/",43850,100,1271400,55436000000,850,true,1.98
"BID",142603,"/Date(1704266811000)/",43850,100,1271300,55432000000,850,true,1.98
"BID",142603,"/Date(1704266811000)/",43850,100,1271200,55427000000,850,true,1.98
"BID",142603,"/Date(1704266811000)/",43850,100,1271100,55423000000,850,true,1.98
"BID",142556,"/Date(1704266806000)/",43900,10000,1271000,55419000000,900,false,2.09
"BID",142556,"/Date(1704266806000)/",43900,9700,1261000,54980000000,900,false,2.09
"BID",142549,"/Date(1704266797000)/",43900,300,1251300,54554000000,900,true,2.09
"BID",142549,"/Date(1704266797000)/",43900,700,1251000,54541000000,900,true,2.09
"BID",142539,"/Date(1704266789000)/",43900,2000,1250300,54510000000,900,true,2.09
"BID",142536,"/Date(1704266785000)/",43900,100,1248300,54422000000,900,true,2.09
"BID",142533,"/Date(1704266783000)/",43950,100,1248200,54418000000,950,false,2.21
"BID",142529,"/Date(1704266780000)/",43900,2000,1248100,54413000000,900,true,2.09
"BID",142523,"/Date(1704266772000)/",43900,4200,1246100,54326000000,900,true,2.09
"BID",142523,"/Date(1704266772000)/",43900,500,1241900,54141000000,900,true,2.09
"BID",142523,"/Date(1704266772000)/",43900,500,1241400,54119000000,900,true,2.09
"BID",142523,"/Date(1704266772000)/",43900,10000,1240900,54097000000,900,true,2.09
"BID",142523,"/Date(1704266772000)/",43900,8000,1230900,53658000000,900,true,2.09
"BID",142523,"/Date(1704266772000)/",43900,300,1222900,53307000000,900,true,2.09
"BID",142523,"/Date(1704266772000)/",43900,6500,1222600,53294000000,900,true,2.09
"BID",142509,"/Date(1704266761000)/",43900,100,1216100,53009000000,900,true,2.09
"BID",142452,"/Date(1704266745000)/",43900,1400,1216000,53004000000,900,true,2.09
"BID",142452,"/Date(1704266745000)/",43900,100,1214600,52943000000,900,true,2.09
"BID",142452,"/Date(1704266745000)/",43900,5000,1214500,52938000000,900,true,2.09
"BID",142452,"/Date(1704266745000)/",43900,1400,1209500,52719000000,900,true,2.09
"BID",142438,"/Date(1704266730000)/",43900,200,1208100,52657000000,900,true,2.09
"BID",142438,"/Date(1704266730000)/",43900,200,1207900,52649000000,900,true,2.09
"BID",142435,"/Date(1704266729000)/",43950,500,1207700,52640000000,950,false,2.21
"BID",142435,"/Date(1704266729000)/",43950,300,1207200,52618000000,950,false,2.21
"BID",142431,"/Date(1704266726000)/",43950,300,1206900,52605000000,950,false,2.21
"BID",142428,"/Date(1704266720000)/",43950,100,1206600,52591000000,950,false,2.21
"BID",142414,"/Date(1704266710000)/",43900,100,1206500,52587000000,900,true,2.09
"BID",142404,"/Date(1704266700000)/",43950,900,1206400,52583000000,950,false,2.21
"BID",142342,"/Date(1704266676000)/",43900,1300,1205500,52543000000,900,true,2.09
"BID",142333,"/Date(1704266668000)/",43950,200,1204200,52486000000,950,false,2.21
"BID",142255,"/Date(1704266629000)/",43950,2100,1204000,52477000000,950,false,2.21
"BID",142255,"/Date(1704266629000)/",43950,1000,1201900,52385000000,950,false,2.21
"BID",142255,"/Date(1704266629000)/",43950,100,1200900,52341000000,950,false,2.21
"BID",142255,"/Date(1704266629000)/",43950,100,1200800,52337000000,950,false,2.21
"BID",142255,"/Date(1704266629000)/",43950,100,1200700,52332000000,950,false,2.21
"BID",142255,"/Date(1704266629000)/",43950,600,1200600,52328000000,950,false,2.21
"BID",142231,"/Date(1704266605000)/",43950,900,1200000,52301000000,950,false,2.21
"BID",142156,"/Date(1704266570000)/",43950,200,1199100,52262000000,950,true,2.21
"BID",142143,"/Date(1704266557000)/",43950,100,1198900,52253000000,950,true,2.21
"BID",142133,"/Date(1704266548000)/",43950,100,1198800,52249000000,950,true,2.21
"BID",142123,"/Date(1704266539000)/",43950,100,1198700,52244000000,950,true,2.21
"BID",142123,"/Date(1704266538000)/",43950,200,1198600,52240000000,950,true,2.21
"BID",142054,"/Date(1704266510000)/",44000,700,1198400,52231000000,1000,false,2.33
"BID",142022,"/Date(1704266480000)/",43950,300,1197700,52200000000,950,true,2.21
"BID",142015,"/Date(1704266473000)/",43950,200,1197400,52187000000,950,true,2.21
"BID",142015,"/Date(1704266473000)/",43950,500,1197200,52178000000,950,true,2.21
"BID",142015,"/Date(1704266473000)/",43950,500,1196700,52156000000,950,true,2.21
"BID",142015,"/Date(1704266473000)/",43950,1000,1196200,52134000000,950,true,2.21
"BID",142015,"/Date(1704266473000)/",43950,300,1195200,52090000000,950,true,2.21
"BID",141949,"/Date(1704266447000)/",43950,100,1194900,52077000000,950,false,2.21
"BID",141945,"/Date(1704266443000)/",43950,400,1194800,52073000000,950,false,2.21
"BID",141915,"/Date(1704266415000)/",43950,700,1194400,52055000000,950,false,2.21
"BID",141902,"/Date(1704266400000)/",43900,200,1193700,52024000000,900,true,2.09
"BID",141831,"/Date(1704266372000)/",43900,1300,1193500,52016000000,900,true,2.09
"BID",141818,"/Date(1704266359000)/",43900,300,1192200,51959000000,900,true,2.09
"BID",141818,"/Date(1704266359000)/",43900,1000,1191900,51945000000,900,true,2.09
"BID",141818,"/Date(1704266359000)/",43900,100,1190900,51902000000,900,true,2.09
"BID",141818,"/Date(1704266359000)/",43900,100,1190800,51897000000,900,true,2.09
"BID",141818,"/Date(1704266359000)/",43900,500,1190700,51893000000,900,true,2.09
"BID",141818,"/Date(1704266359000)/",43900,5000,1190200,51871000000,900,true,2.09
"BID",141818,"/Date(1704266359000)/",43900,3000,1185200,51651000000,900,true,2.09
"BID",141818,"/Date(1704266359000)/",43900,3000,1182200,51520000000,900,true,2.09
"BID",141818,"/Date(1704266359000)/",43900,10000,1179200,51388000000,900,true,2.09
"BID",141818,"/Date(1704266359000)/",43900,200,1169200,50949000000,900,true,2.09
"BID",141818,"/Date(1704266359000)/",43900,300,1169000,50940000000,900,true,2.09
"BID",141818,"/Date(1704266359000)/",43900,200,1168700,50927000000,900,true,2.09
"BID",141818,"/Date(1704266359000)/",43950,5000,1168500,50918000000,950,true,2.21
"BID",141818,"/Date(1704266359000)/",43950,100,1163500,50698000000,950,true,2.21
"BID",141818,"/Date(1704266359000)/",43950,1000,1163400,50694000000,950,true,2.21
"BID",141818,"/Date(1704266359000)/",43950,200,1162400,50650000000,950,true,2.21
"BID",141811,"/Date(1704266352000)/",43950,200,1162200,50641000000,950,true,2.21
"BID",141736,"/Date(1704266320000)/",43950,200,1162000,50633000000,950,false,2.21
"BID",141736,"/Date(1704266320000)/",43950,400,1161800,50624000000,950,false,2.21
"BID",141736,"/Date(1704266320000)/",43950,100,1161400,50606000000,950,false,2.21
"BID",141736,"/Date(1704266320000)/",43950,200,1161300,50602000000,950,false,2.21
"BID",141736,"/Date(1704266320000)/",43950,100,1161100,50593000000,950,false,2.21
"BID",141736,"/Date(1704266320000)/",43950,200,1161000,50589000000,950,false,2.21
"BID",141736,"/Date(1704266320000)/",43950,100,1160800,50580000000,950,false,2.21
"BID",141730,"/Date(1704266314000)/",43950,500,1160700,50575000000,950,false,2.21
"BID",141730,"/Date(1704266314000)/",43950,500,1160200,50553000000,950,false,2.21
"BID",141730,"/Date(1704266314000)/",43950,4000,1159700,50531000000,950,false,2.21
"BID",141727,"/Date(1704266311000)/",43950,600,1155700,50356000000,950,false,2.21
"BID",141701,"/Date(1704266285000)/",43950,300,1155100,50329000000,950,false,2.21
"BID",141610,"/Date(1704266233000)/",43950,700,1154800,50316000000,950,false,2.21
"BID",141531,"/Date(1704266195000)/",43950,700,1154100,50285000000,950,true,2.21
"BID",141531,"/Date(1704266195000)/",43950,100,1153400,50255000000,950,true,2.21
"BID",141531,"/Date(1704266195000)/",43950,500,1153300,50250000000,950,true,2.21
"BID",141531,"/Date(1704266195000)/",43950,1700,1152800,50228000000,950,true,2.21
"BID",141531,"/Date(1704266195000)/",43950,1000,1151100,50153000000,950,true,2.21
"BID",141528,"/Date(1704266194000)/",43950,1000,1150100,50110000000,950,true,2.21
"BID",141519,"/Date(1704266185000)/",43950,1000,1149100,50066000000,950,true,2.21
"BID",141459,"/Date(1704266165000)/",43950,300,1148100,50022000000,950,true,2.21
"BID",141459,"/Date(1704266165000)/",43950,700,1147800,50008000000,950,true,2.21
"BID",141456,"/Date(1704266162000)/",43950,200,1147100,49978000000,950,true,2.21
"BID",141453,"/Date(1704266159000)/",43950,100,1146900,49969000000,950,true,2.21
"BID",141447,"/Date(1704266151000)/",43950,100,1146800,49964000000,950,true,2.21
"BID",141440,"/Date(1704266143000)/",43950,100,1146700,49960000000,950,true,2.21
"BID",141421,"/Date(1704266126000)/",43950,200,1146600,49956000000,950,true,2.21
"BID",141421,"/Date(1704266126000)/",43950,500,1146400,49947000000,950,true,2.21
"BID",141421,"/Date(1704266126000)/",43950,500,1145900,49925000000,950,true,2.21
"BID",141421,"/Date(1704266125000)/",43950,200,1145400,49903000000,950,true,2.21
"BID",141415,"/Date(1704266119000)/",43950,700,1145200,49894000000,950,true,2.21
"BID",141415,"/Date(1704266119000)/",43950,300,1144500,49863000000,950,true,2.21
"BID",141412,"/Date(1704266117000)/",43950,500,1144200,49850000000,950,true,2.21
"BID",141408,"/Date(1704266114000)/",43950,200,1143700,49828000000,950,true,2.21
"BID",141405,"/Date(1704266111000)/",43950,100,1143500,49819000000,950,true,2.21
"BID",141359,"/Date(1704266104000)/",43950,200,1143400,49815000000,950,true,2.21
"BID",141356,"/Date(1704266101000)/",43950,100,1143200,49806000000,950,true,2.21
"BID",141352,"/Date(1704266097000)/",43950,500,1143100,49802000000,950,true,2.21
"BID",141343,"/Date(1704266088000)/",43950,100,1142600,49780000000,950,true,2.21
"BID",141343,"/Date(1704266087000)/",44000,200,1142500,49776000000,1000,false,2.33
"BID",141343,"/Date(1704266087000)/",44000,200,1142300,49767000000,1000,false,2.33
"BID",141336,"/Date(1704266081000)/",43950,200,1142100,49758000000,950,true,2.21
"BID",141330,"/Date(1704266074000)/",43950,200,1141900,49749000000,950,true,2.21
"BID",141324,"/Date(1704266068000)/",43950,200,1141700,49740000000,950,true,2.21
"BID",141324,"/Date(1704266067000)/",43950,200,1141500,49732000000,950,true,2.21
"BID",141317,"/Date(1704266063000)/",43950,200,1141300,49723000000,950,true,2.21
"BID",141314,"/Date(1704266060000)/",43950,200,1141100,49714000000,950,true,2.21
"BID",141311,"/Date(1704266055000)/",43950,200,1140900,49705000000,950,true,2.21
"BID",141305,"/Date(1704266050000)/",43950,200,1140700,49696000000,950,true,2.21
"BID",141258,"/Date(1704266043000)/",43950,200,1140500,49688000000,950,true,2.21
"BID",141252,"/Date(1704266038000)/",43950,200,1140300,49679000000,950,true,2.21
"BID",141252,"/Date(1704266036000)/",43950,200,1140100,49670000000,950,true,2.21
"BID",141242,"/Date(1704266025000)/",43950,200,1139900,49661000000,950,true,2.21
"BID",141236,"/Date(1704266019000)/",43950,200,1139700,49652000000,950,true,2.21
"BID",141148,"/Date(1704265972000)/",43950,200,1139500,49644000000,950,true,2.21
"BID",141141,"/Date(1704265965000)/",43950,100,1139300,49635000000,950,true,2.21
"BID",141125,"/Date(1704265951000)/",44000,300,1139200,49630000000,1000,false,2.33
"BID",141125,"/Date(1704265951000)/",44000,200,1138900,49617000000,1000,false,2.33
"BID",141119,"/Date(1704265942000)/",43950,100,1138700,49608000000,950,true,2.21
"BID",141119,"/Date(1704265942000)/",43950,700,1138600,49604000000,950,true,2.21
"BID",141057,"/Date(1704265922000)/",44000,400,1137900,49573000000,1000,false,2.33
"BID",141057,"/Date(1704265922000)/",44000,300,1137500,49556000000,1000,false,2.33
"BID",141037,"/Date(1704265903000)/",44000,1700,1137200,49542000000,1000,false,2.33
"BID",141037,"/Date(1704265902000)/",44000,1000,1135500,49468000000,1000,false,2.33
"BID",141037,"/Date(1704265902000)/",44000,1000,1134500,49424000000,1000,false,2.33
"BID",141037,"/Date(1704265902000)/",44000,2500,1133500,49380000000,1000,false,2.33
"BID",141037,"/Date(1704265902000)/",44000,500,1131000,49270000000,1000,false,2.33
"BID",141025,"/Date(1704265888000)/",44000,200,1130500,49248000000,1000,false,2.33
"BID",141025,"/Date(1704265888000)/",44000,100,1130300,49239000000,1000,false,2.33
"BID",141022,"/Date(1704265884000)/",44000,100,1130200,49234000000,1000,false,2.33
"BID",141022,"/Date(1704265884000)/",44000,400,1130100,49230000000,1000,false,2.33
"BID",141012,"/Date(1704265876000)/",44000,600,1129700,49212000000,1000,false,2.33
"BID",141009,"/Date(1704265871000)/",44000,4400,1129100,49186000000,1000,true,2.33
"BID",141009,"/Date(1704265871000)/",44000,5000,1124700,48992000000,1000,true,2.33
"BID",141009,"/Date(1704265871000)/",44000,300,1119700,48772000000,1000,true,2.33
"BID",141002,"/Date(1704265867000)/",44000,200,1119400,48759000000,1000,true,2.33
"BID",140959,"/Date(1704265862000)/",44000,200,1119200,48750000000,1000,true,2.33
"BID",140959,"/Date(1704265862000)/",44000,300,1119000,48742000000,1000,true,2.33
"BID",140959,"/Date(1704265862000)/",44000,200,1118700,48728000000,1000,true,2.33
"BID",140953,"/Date(1704265856000)/",44000,200,1118500,48720000000,1000,true,2.33
"BID",140946,"/Date(1704265852000)/",44000,200,1118300,48711000000,1000,true,2.33
"BID",140946,"/Date(1704265851000)/",44050,100,1118100,48702000000,1050,false,2.44
"BID",140943,"/Date(1704265846000)/",44000,100,1118000,48698000000,1000,true,2.33
"BID",140943,"/Date(1704265846000)/",44000,100,1117900,48693000000,1000,true,2.33
"BID",140940,"/Date(1704265844000)/",44000,100,1117800,48689000000,1000,true,2.33
"BID",140937,"/Date(1704265840000)/",44000,200,1117700,48684000000,1000,true,2.33
"BID",140937,"/Date(1704265840000)/",44000,100,1117500,48676000000,1000,true,2.33
"BID",140930,"/Date(1704265835000)/",44000,200,1117400,48671000000,1000,true,2.33
"BID",140927,"/Date(1704265831000)/",44000,200,1117200,48662000000,1000,true,2.33
"BID",140927,"/Date(1704265830000)/",44000,100,1117000,48654000000,1000,true,2.33
"BID",140927,"/Date(1704265829000)/",44000,200,1116900,48649000000,1000,true,2.33
"BID",140921,"/Date(1704265825000)/",44000,200,1116700,48640000000,1000,true,2.33
"BID",140918,"/Date(1704265822000)/",44000,200,1116500,48632000000,1000,true,2.33
"BID",140918,"/Date(1704265820000)/",44000,200,1116300,48623000000,1000,true,2.33
"BID",140914,"/Date(1704265819000)/",44000,1300,1116100,48614000000,1000,true,2.33
"BID",140911,"/Date(1704265814000)/",44000,100,1114800,48557000000,1000,true,2.33
"BID",140908,"/Date(1704265811000)/",44000,200,1114700,48552000000,1000,true,2.33
"BID",140905,"/Date(1704265810000)/",44000,600,1114500,48544000000,1000,true,2.33
"BID",140905,"/Date(1704265810000)/",44000,100,1113900,48517000000,1000,true,2.33
"BID",140905,"/Date(1704265810000)/",44000,100,1113800,48513000000,1000,true,2.33
"BID",140905,"/Date(1704265810000)/",44000,500,1113700,48508000000,1000,true,2.33
"BID",140905,"/Date(1704265810000)/",44000,200,1113200,48486000000,1000,true,2.33
"BID",140905,"/Date(1704265810000)/",44000,100,1113000,48478000000,1000,true,2.33
"BID",140902,"/Date(1704265806000)/",44050,200,1112900,48473000000,1050,false,2.44
"BID",140902,"/Date(1704265806000)/",44050,800,1112700,48464000000,1050,false,2.44
"BID",140902,"/Date(1704265804000)/",44000,200,1111900,48429000000,1000,true,2.33
"BID",140859,"/Date(1704265801000)/",44000,200,1111700,48420000000,1000,true,2.33
"BID",140855,"/Date(1704265800000)/",44000,100,1111500,48412000000,1000,true,2.33
"BID",140852,"/Date(1704265795000)/",44000,200,1111400,48407000000,1000,true,2.33
"BID",140846,"/Date(1704265789000)/",44000,200,1111200,48398000000,1000,true,2.33
"BID",140846,"/Date(1704265788000)/",44000,200,1111000,48390000000,1000,true,2.33
"BID",140846,"/Date(1704265788000)/",44000,100,1110800,48381000000,1000,true,2.33
"BID",140846,"/Date(1704265788000)/",44000,200,1110700,48376000000,1000,true,2.33
"BID",140843,"/Date(1704265787000)/",44000,1000,1110500,48368000000,1000,true,2.33
"BID",140839,"/Date(1704265784000)/",44000,200,1109500,48324000000,1000,true,2.33
"BID",140839,"/Date(1704265783000)/",44000,1500,1109300,48315000000,1000,true,2.33
"BID",140839,"/Date(1704265782000)/",44000,200,1107800,48249000000,1000,true,2.33
"BID",140836,"/Date(1704265780000)/",44000,1000,1107600,48240000000,1000,true,2.33
"BID",140836,"/Date(1704265779000)/",44000,200,1106600,48196000000,1000,true,2.33
"BID",140830,"/Date(1704265775000)/",44000,200,1106400,48187000000,1000,true,2.33
"BID",140827,"/Date(1704265769000)/",44000,200,1106200,48178000000,1000,true,2.33
"BID",140823,"/Date(1704265766000)/",44000,2000,1106000,48170000000,1000,true,2.33
"BID",140820,"/Date(1704265763000)/",44000,200,1104000,48082000000,1000,true,2.33
"BID",140820,"/Date(1704265762000)/",44000,500,1103800,48073000000,1000,true,2.33
"BID",140811,"/Date(1704265755000)/",44000,100,1103300,48051000000,1000,true,2.33
"BID",140811,"/Date(1704265755000)/",44000,1000,1103200,48046000000,1000,true,2.33
"BID",140811,"/Date(1704265755000)/",44000,1900,1102200,48002000000,1000,true,2.33
"BID",140811,"/Date(1704265755000)/",44000,200,1100300,47919000000,1000,true,2.33
"BID",140751,"/Date(1704265734000)/",44000,200,1100100,47910000000,1000,true,2.33
"BID",140748,"/Date(1704265732000)/",44000,500,1099900,47901000000,1000,true,2.33
"BID",140729,"/Date(1704265712000)/",44000,2000,1099400,47879000000,1000,true,2.33
"BID",140700,"/Date(1704265683000)/",44050,200,1097400,47791000000,1050,false,2.44
"BID",140700,"/Date(1704265683000)/",44050,100,1097200,47782000000,1050,false,2.44
"BID",140547,"/Date(1704265611000)/",44050,100,1097100,47778000000,1050,false,2.44
"BID",140547,"/Date(1704265611000)/",44050,200,1097000,47774000000,1050,false,2.44
"BID",140547,"/Date(1704265609000)/",44000,100,1096800,47765000000,1000,true,2.33
"BID",140534,"/Date(1704265597000)/",44000,100,1096700,47760000000,1000,true,2.33
"BID",140459,"/Date(1704265563000)/",44050,100,1096600,47756000000,1050,false,2.44
"BID",140441,"/Date(1704265541000)/",44050,400,1096500,47752000000,1050,true,2.44
"BID",140441,"/Date(1704265541000)/",44050,600,1096100,47734000000,1050,true,2.44
"BID",140441,"/Date(1704265541000)/",44050,200,1095500,47708000000,1050,true,2.44
"BID",140437,"/Date(1704265540000)/",44050,200,1095300,47699000000,1050,true,2.44
"BID",140431,"/Date(1704265534000)/",44100,400,1095100,47690000000,1100,false,2.56
"BID",140425,"/Date(1704265526000)/",44050,4600,1094700,47672000000,1050,true,2.44
"BID",140415,"/Date(1704265518000)/",44050,3900,1090100,47470000000,1050,true,2.44
"BID",140415,"/Date(1704265516000)/",44050,1000,1086200,47298000000,1050,true,2.44
"BID",140406,"/Date(1704265508000)/",44050,5000,1085200,47254000000,1050,false,2.44
"BID",140406,"/Date(1704265508000)/",44050,100,1080200,47034000000,1050,false,2.44
"BID",140406,"/Date(1704265507000)/",44100,100,1080100,47029000000,1100,false,2.56
"BID",140406,"/Date(1704265507000)/",44050,500,1080000,47025000000,1050,false,2.44
"BID",140406,"/Date(1704265507000)/",44050,200,1079500,47003000000,1050,false,2.44
"BID",140406,"/Date(1704265507000)/",44050,1200,1079300,46994000000,1050,false,2.44
"BID",140359,"/Date(1704265500000)/",44050,100,1078100,46941000000,1050,false,2.44
"BID",140350,"/Date(1704265491000)/",44050,700,1078000,46937000000,1050,false,2.44
"BID",140350,"/Date(1704265491000)/",44050,100,1077300,46906000000,1050,false,2.44
"BID",140350,"/Date(1704265491000)/",44050,200,1077200,46901000000,1050,false,2.44
"BID",140350,"/Date(1704265491000)/",44050,200,1077000,46893000000,1050,false,2.44
"BID",140350,"/Date(1704265491000)/",44050,200,1076800,46884000000,1050,false,2.44
"BID",140350,"/Date(1704265491000)/",44050,200,1076600,46875000000,1050,false,2.44
"BID",140350,"/Date(1704265491000)/",44050,1000,1076400,46866000000,1050,false,2.44
"BID",140350,"/Date(1704265491000)/",44050,1000,1075400,46822000000,1050,false,2.44
"BID",140350,"/Date(1704265491000)/",44050,1000,1074400,46778000000,1050,false,2.44
"BID",140350,"/Date(1704265491000)/",44050,5400,1073400,46734000000,1050,false,2.44
"BID",140344,"/Date(1704265486000)/",44050,600,1068000,46496000000,1050,false,2.44
"BID",140344,"/Date(1704265486000)/",44050,400,1067400,46470000000,1050,false,2.44
"BID",140337,"/Date(1704265473000)/",44050,600,1067000,46452000000,1050,false,2.44
"BID",140328,"/Date(1704265469000)/",44000,400,1066400,46426000000,1000,true,2.33
"BID",140328,"/Date(1704265469000)/",44050,3500,1066000,46408000000,1050,false,2.44
"BID",140309,"/Date(1704265452000)/",44050,5000,1062500,46254000000,1050,false,2.44
"BID",140303,"/Date(1704265445000)/",44050,800,1057500,46034000000,1050,false,2.44
"BID",140303,"/Date(1704265443000)/",44000,3000,1056700,45998000000,1000,true,2.33
"BID",140300,"/Date(1704265439000)/",44050,100,1053700,45866000000,1050,false,2.44
"BID",140253,"/Date(1704265435000)/",44050,9000,1053600,45862000000,1050,false,2.44
"BID",140250,"/Date(1704265431000)/",44000,500,1044600,45466000000,1000,true,2.33
"BID",140247,"/Date(1704265426000)/",44050,25000,1044100,45444000000,1050,false,2.44
"BID",140244,"/Date(1704265426000)/",44050,2000,1019100,44342000000,1050,false,2.44
"BID",140244,"/Date(1704265425000)/",44050,1200,1017100,44254000000,1050,false,2.44
"BID",140244,"/Date(1704265424000)/",44050,10000,1015900,44201000000,1050,false,2.44
"BID",140238,"/Date(1704265418000)/",44050,2000,1005900,43761000000,1050,false,2.44
"BID",140235,"/Date(1704265416000)/",44050,3000,1003900,43673000000,1050,false,2.44
"BID",140232,"/Date(1704265412000)/",44050,2700,1000900,43541000000,1050,false,2.44
"BID",140232,"/Date(1704265412000)/",44050,200,998200,43422000000,1050,false,2.44
"BID",140219,"/Date(1704265400000)/",44050,100,998000,43413000000,1050,false,2.44
"BID",140216,"/Date(1704265395000)/",44000,200,997900,43408000000,1000,true,2.33
"BID",140207,"/Date(1704265387000)/",44000,100,997700,43400000000,1000,true,2.33
"BID",140203,"/Date(1704265383000)/",44000,400,997600,43395000000,1000,true,2.33
"BID",140203,"/Date(1704265383000)/",44000,100,997200,43378000000,1000,true,2.33
"BID",140203,"/Date(1704265383000)/",44000,200,997100,43373000000,1000,true,2.33
"BID",140148,"/Date(1704265365000)/",44000,100,996900,43364000000,1000,true,2.33
"BID",140145,"/Date(1704265364000)/",44000,1000,996800,43360000000,1000,false,2.33
"BID",140145,"/Date(1704265364000)/",44000,2000,995800,43316000000,1000,false,2.33
"BID",140145,"/Date(1704265364000)/",44000,500,993800,43228000000,1000,false,2.33
"BID",140145,"/Date(1704265364000)/",44000,300,993300,43206000000,1000,false,2.33
"BID",140145,"/Date(1704265364000)/",44000,300,993000,43193000000,1000,false,2.33
"BID",140145,"/Date(1704265364000)/",44000,500,992700,43180000000,1000,false,2.33
"BID",140145,"/Date(1704265364000)/",44000,2000,992200,43158000000,1000,false,2.33
"BID",140145,"/Date(1704265364000)/",44000,1200,990200,43070000000,1000,false,2.33
"BID",140145,"/Date(1704265364000)/",44000,300,989000,43017000000,1000,false,2.33
"BID",140145,"/Date(1704265364000)/",44000,500,988700,43004000000,1000,false,2.33
"BID",140145,"/Date(1704265364000)/",44000,100,988200,42982000000,1000,false,2.33
"BID",140145,"/Date(1704265364000)/",44000,100,988100,42977000000,1000,false,2.33
"BID",140136,"/Date(1704265354000)/",43950,200,988000,42973000000,950,true,2.21
"BID",140130,"/Date(1704265348000)/",43950,400,987800,42964000000,950,true,2.21
"BID",140121,"/Date(1704265339000)/",43950,900,987400,42946000000,950,true,2.21
"BID",140121,"/Date(1704265339000)/",43950,100,986500,42907000000,950,true,2.21
"BID",140112,"/Date(1704265330000)/",43950,100,986400,42903000000,950,true,2.21
"BID",140112,"/Date(1704265328000)/",43950,2000,986300,42898000000,950,true,2.21
"BID",140050,"/Date(1704265307000)/",43950,100,984300,42810000000,950,true,2.21
"BID",140050,"/Date(1704265305000)/",43950,200,984200,42806000000,950,true,2.21
"BID",140039,"/Date(1704265294000)/",43950,100,984000,42797000000,950,true,2.21
"BID",140030,"/Date(1704265284000)/",43950,2400,983900,42793000000,950,true,2.21
"BID",140030,"/Date(1704265284000)/",43950,700,981500,42687000000,950,true,2.21
"BID",140030,"/Date(1704265284000)/",44000,400,980800,42656000000,1000,true,2.33
"BID",140030,"/Date(1704265284000)/",44000,4800,980400,42639000000,1000,true,2.33
"BID",140027,"/Date(1704265280000)/",44000,200,975600,42428000000,1000,true,2.33
"BID",140027,"/Date(1704265280000)/",44000,100,975400,42419000000,1000,true,2.33
"BID",140024,"/Date(1704265277000)/",44000,100,975300,42414000000,1000,true,2.33
"BID",140012,"/Date(1704265265000)/",44000,200,975200,42410000000,1000,true,2.33
"BID",140009,"/Date(1704265261000)/",44000,600,975000,42401000000,1000,true,2.33
"BID",140006,"/Date(1704265258000)/",44000,200,974400,42375000000,1000,true,2.33
"BID",135958,"/Date(1704265249000)/",44000,1000,974200,42366000000,1000,true,2.33
"BID",135927,"/Date(1704265217000)/",44000,700,973200,42322000000,1000,true,2.33
"BID",135924,"/Date(1704265214000)/",44000,300,972500,42291000000,1000,true,2.33
"BID",135924,"/Date(1704265214000)/",44000,300,972200,42278000000,1000,true,2.33
"BID",135921,"/Date(1704265210000)/",44000,200,971900,42265000000,1000,true,2.33
"BID",135914,"/Date(1704265203000)/",44000,5000,971700,42256000000,1000,true,2.33
"BID",135908,"/Date(1704265196000)/",44000,200,966700,42036000000,1000,true,2.33
"BID",135845,"/Date(1704265175000)/",44000,500,966500,42027000000,1000,true,2.33
"BID",135845,"/Date(1704265175000)/",44000,1000,966000,42005000000,1000,true,2.33
"BID",135845,"/Date(1704265175000)/",44000,200,965000,41961000000,1000,true,2.33
"BID",135845,"/Date(1704265175000)/",44000,900,964800,41952000000,1000,true,2.33
"BID",135841,"/Date(1704265173000)/",44000,2000,963900,41913000000,1000,false,2.33
"BID",135829,"/Date(1704265160000)/",44000,100,961900,41825000000,1000,true,2.33
"BID",135829,"/Date(1704265160000)/",44000,2000,961800,41820000000,1000,true,2.33
"BID",135829,"/Date(1704265157000)/",44000,1000,959800,41732000000,1000,true,2.33
"BID",135826,"/Date(1704265156000)/",44100,400,958800,41688000000,1100,false,2.56
"BID",135826,"/Date(1704265156000)/",44100,500,958400,41671000000,1100,false,2.56
"BID",135826,"/Date(1704265156000)/",44050,100,957900,41649000000,1050,false,2.44
"BID",135826,"/Date(1704265156000)/",44050,400,957800,41644000000,1050,false,2.44
"BID",135826,"/Date(1704265154000)/",44000,1000,957400,41627000000,1000,false,2.33
"BID",135826,"/Date(1704265154000)/",44000,4800,956400,41583000000,1000,false,2.33
"BID",135813,"/Date(1704265144000)/",44000,200,951600,41371000000,1000,false,2.33
"BID",135803,"/Date(1704265132000)/",44000,100,951400,41363000000,1000,true,2.33
"BID",135803,"/Date(1704265132000)/",44000,300,951300,41358000000,1000,true,2.33
"BID",135803,"/Date(1704265132000)/",44000,100,951000,41345000000,1000,true,2.33
"BID",135803,"/Date(1704265132000)/",44000,800,950900,41341000000,1000,true,2.33
"BID",135803,"/Date(1704265132000)/",44000,100,950100,41305000000,1000,true,2.33
"BID",135803,"/Date(1704265132000)/",44000,200,950000,41301000000,1000,true,2.33
"BID",135803,"/Date(1704265132000)/",44000,3000,949800,41292000000,1000,true,2.33
"BID",135803,"/Date(1704265132000)/",44000,200,946800,41160000000,1000,true,2.33
"BID",135754,"/Date(1704265124000)/",44000,800,946600,41151000000,1000,false,2.33
"BID",135754,"/Date(1704265124000)/",44000,100,945800,41116000000,1000,false,2.33
"BID",135754,"/Date(1704265124000)/",44000,300,945700,41112000000,1000,false,2.33
"BID",135754,"/Date(1704265124000)/",44000,3900,945400,41099000000,1000,false,2.33
"BID",135751,"/Date(1704265119000)/",43950,100,941500,40927000000,950,true,2.21
"BID",135748,"/Date(1704265117000)/",43950,100,941400,40923000000,950,true,2.21
"BID",135735,"/Date(1704265105000)/",44000,5000,941300,40918000000,1000,false,2.33
"BID",135729,"/Date(1704265098000)/",44000,1100,936300,40698000000,1000,false,2.33
"BID",135726,"/Date(1704265095000)/",44000,300,935200,40650000000,1000,false,2.33
"BID",135726,"/Date(1704265095000)/",44000,4300,934900,40637000000,1000,false,2.33
"BID",135723,"/Date(1704265092000)/",44000,2000,930600,40447000000,1000,true,2.33
"BID",135723,"/Date(1704265091000)/",44000,3000,928600,40359000000,1000,true,2.33
"BID",135723,"/Date(1704265091000)/",44000,100,925600,40227000000,1000,true,2.33
"BID",135723,"/Date(1704265091000)/",44000,600,925500,40223000000,1000,true,2.33
"BID",135716,"/Date(1704265084000)/",44100,1500,924900,40197000000,1100,false,2.56
"BID",135716,"/Date(1704265084000)/",44100,100,923400,40131000000,1100,false,2.56
"BID",135716,"/Date(1704265084000)/",44100,100,923300,40126000000,1100,false,2.56
"BID",135716,"/Date(1704265084000)/",44050,100,923200,40122000000,1050,false,2.44
"BID",135701,"/Date(1704265069000)/",44000,500,923100,40117000000,1000,true,2.33
"BID",135657,"/Date(1704265067000)/",44000,200,922600,40095000000,1000,true,2.33
"BID",135657,"/Date(1704265064000)/",44000,100,922400,40087000000,1000,true,2.33
"BID",135651,"/Date(1704265059000)/",44000,100,922300,40082000000,1000,true,2.33
"BID",135639,"/Date(1704265047000)/",44000,1000,922200,40078000000,1000,true,2.33
"BID",135636,"/Date(1704265044000)/",44000,1000,921200,40034000000,1000,false,2.33
"BID",135636,"/Date(1704265043000)/",44000,100,920200,39990000000,1000,false,2.33
"BID",135636,"/Date(1704265043000)/",44000,300,920100,39985000000,1000,false,2.33
"BID",135636,"/Date(1704265043000)/",44000,1500,919800,39972000000,1000,false,2.33
"BID",135636,"/Date(1704265043000)/",44000,7000,918300,39906000000,1000,false,2.33
"BID",135636,"/Date(1704265043000)/",44000,1000,911300,39598000000,1000,false,2.33
"BID",135636,"/Date(1704265043000)/",44000,100,910300,39554000000,1000,false,2.33
"BID",135636,"/Date(1704265043000)/",44000,100,910200,39550000000,1000,false,2.33
"BID",135636,"/Date(1704265043000)/",44000,300,910100,39545000000,1000,false,2.33
"BID",135636,"/Date(1704265043000)/",44000,100,909800,39532000000,1000,false,2.33
"BID",135636,"/Date(1704265043000)/",44000,200,909700,39528000000,1000,false,2.33
"BID",135636,"/Date(1704265043000)/",44000,300,909500,39519000000,1000,false,2.33
"BID",135636,"/Date(1704265043000)/",44000,400,909200,39506000000,1000,false,2.33
"BID",135636,"/Date(1704265043000)/",44000,5000,908800,39488000000,1000,false,2.33
"BID",135636,"/Date(1704265043000)/",44000,100,903800,39268000000,1000,false,2.33
"BID",135636,"/Date(1704265043000)/",44000,200,903700,39264000000,1000,false,2.33
"BID",135636,"/Date(1704265043000)/",44000,3000,903500,39255000000,1000,false,2.33
"BID",135636,"/Date(1704265043000)/",44000,100,900500,39123000000,1000,false,2.33
"BID",135636,"/Date(1704265043000)/",44000,100,900400,39119000000,1000,false,2.33
"BID",135636,"/Date(1704265043000)/",44000,100,900300,39114000000,1000,false,2.33
"BID",135636,"/Date(1704265043000)/",44000,500,900200,39110000000,1000,false,2.33
"BID",135636,"/Date(1704265043000)/",44000,100,899700,39088000000,1000,false,2.33
"BID",135636,"/Date(1704265043000)/",44000,1000,899600,39083000000,1000,false,2.33
"BID",135636,"/Date(1704265043000)/",44000,500,898600,39039000000,1000,false,2.33
"BID",135636,"/Date(1704265043000)/",44000,44100,898100,39017000000,1000,false,2.33
"BID",135636,"/Date(1704265043000)/",44000,500,854000,37077000000,1000,false,2.33
"BID",135636,"/Date(1704265043000)/",44000,2500,853500,37055000000,1000,false,2.33
"BID",135636,"/Date(1704265043000)/",44000,1900,851000,36945000000,1000,false,2.33
"BID",135636,"/Date(1704265043000)/",44000,100,849100,36861000000,1000,false,2.33
"BID",135636,"/Date(1704265043000)/",44000,100,849000,36857000000,1000,false,2.33
"BID",135636,"/Date(1704265043000)/",44000,100,848900,36853000000,1000,false,2.33
"BID",135636,"/Date(1704265043000)/",44000,200,848800,36848000000,1000,false,2.33
"BID",135636,"/Date(1704265043000)/",44000,100,848600,36839000000,1000,false,2.33
"BID",135636,"/Date(1704265043000)/",44000,400,848500,36835000000,1000,false,2.33
"BID",135636,"/Date(1704265043000)/",44000,300,848100,36817000000,1000,false,2.33
"BID",135636,"/Date(1704265043000)/",44000,100,847800,36804000000,1000,false,2.33
"BID",135636,"/Date(1704265043000)/",44000,4000,847700,36800000000,1000,false,2.33
"BID",135636,"/Date(1704265043000)/",44000,1000,843700,36624000000,1000,false,2.33
"BID",135636,"/Date(1704265043000)/",44000,100,842700,36580000000,1000,false,2.33
"BID",135636,"/Date(1704265043000)/",44000,100,842600,36575000000,1000,false,2.33
"BID",135636,"/Date(1704265043000)/",44000,3500,842500,36571000000,1000,false,2.33
"BID",135636,"/Date(1704265043000)/",44000,100,839000,36417000000,1000,false,2.33
"BID",135636,"/Date(1704265043000)/",44000,100,838900,36413000000,1000,false,2.33
"BID",135636,"/Date(1704265043000)/",44000,500,838800,36408000000,1000,false,2.33
"BID",135636,"/Date(1704265043000)/",44000,1000,838300,36386000000,1000,false,2.33
"BID",135636,"/Date(1704265043000)/",44000,500,837300,36342000000,1000,false,2.33
"BID",135636,"/Date(1704265043000)/",44000,800,836800,36320000000,1000,false,2.33
"BID",135636,"/Date(1704265043000)/",44000,100,836000,36285000000,1000,false,2.33
"BID",135636,"/Date(1704265043000)/",44000,100,835900,36281000000,1000,false,2.33
"BID",135636,"/Date(1704265043000)/",44000,300,835800,36276000000,1000,false,2.33
"BID",135636,"/Date(1704265043000)/",44000,1200,835500,36263000000,1000,false,2.33
"BID",135636,"/Date(1704265043000)/",44000,100,834300,36210000000,1000,false,2.33
"BID",135636,"/Date(1704265043000)/",44000,100,834200,36206000000,1000,false,2.33
"BID",135636,"/Date(1704265043000)/",43950,500,834100,36201000000,950,false,2.21
"BID",135636,"/Date(1704265043000)/",43950,1000,833600,36179000000,950,false,2.21
"BID",135636,"/Date(1704265043000)/",43950,800,832600,36135000000,950,false,2.21
"BID",135636,"/Date(1704265043000)/",43950,500,831800,36100000000,950,false,2.21
"BID",135636,"/Date(1704265043000)/",43950,100,831300,36078000000,950,false,2.21
"BID",135636,"/Date(1704265043000)/",43950,5000,831200,36074000000,950,false,2.21
"BID",135636,"/Date(1704265043000)/",43950,1000,826200,35854000000,950,false,2.21
"BID",135636,"/Date(1704265043000)/",43950,1000,825200,35810000000,950,false,2.21
"BID",135636,"/Date(1704265043000)/",43950,100,824200,35766000000,950,false,2.21
"BID",135636,"/Date(1704265043000)/",43950,400,824100,35762000000,950,false,2.21
"BID",135636,"/Date(1704265043000)/",43900,200,823700,35744000000,900,false,2.09
"BID",135636,"/Date(1704265043000)/",43900,100,823500,35735000000,900,false,2.09
"BID",135636,"/Date(1704265043000)/",43900,1000,823400,35731000000,900,false,2.09
"BID",135632,"/Date(1704265041000)/",43900,100,822400,35687000000,900,false,2.09
"BID",135632,"/Date(1704265041000)/",43900,100,822300,35683000000,900,false,2.09
"BID",135632,"/Date(1704265041000)/",43900,200,822200,35678000000,900,false,2.09
"BID",135632,"/Date(1704265040000)/",43900,200,822000,35670000000,900,false,2.09
"BID",135632,"/Date(1704265040000)/",43900,100,821800,35661000000,900,false,2.09
"BID",135632,"/Date(1704265040000)/",43900,500,821700,35656000000,900,false,2.09
"BID",135632,"/Date(1704265040000)/",43900,100,821200,35634000000,900,false,2.09
"BID",135632,"/Date(1704265040000)/",43900,100,821100,35630000000,900,false,2.09
"BID",135629,"/Date(1704265037000)/",43900,300,821000,35626000000,900,false,2.09
"BID",135629,"/Date(1704265037000)/",43900,1000,820700,35613000000,900,false,2.09
"BID",135629,"/Date(1704265037000)/",43900,1000,819700,35569000000,900,false,2.09
"BID",135623,"/Date(1704265030000)/",43900,1000,818700,35525000000,900,false,2.09
"BID",135623,"/Date(1704265030000)/",43900,700,817700,35481000000,900,false,2.09
"BID",135623,"/Date(1704265030000)/",43900,200,817000,35450000000,900,false,2.09
"BID",135623,"/Date(1704265030000)/",43900,100,816800,35441000000,900,false,2.09
"BID",135620,"/Date(1704265026000)/",43850,900,816700,35437000000,850,true,1.98
"BID",135614,"/Date(1704265021000)/",43850,200,815800,35397000000,850,true,1.98
"BID",135610,"/Date(1704265017000)/",43850,100,815600,35389000000,850,true,1.98
"BID",135601,"/Date(1704265009000)/",43850,100,815500,35384000000,850,false,1.98
"BID",135601,"/Date(1704265009000)/",43850,400,815400,35380000000,850,false,1.98
"BID",135601,"/Date(1704265009000)/",43850,500,815000,35362000000,850,false,1.98
"BID",135601,"/Date(1704265009000)/",43850,100,814500,35340000000,850,false,1.98
"BID",135601,"/Date(1704265009000)/",43850,100,814400,35336000000,850,false,1.98
"BID",135601,"/Date(1704265009000)/",43850,200,814300,35332000000,850,false,1.98
"BID",135601,"/Date(1704265009000)/",43850,100,814100,35323000000,850,false,1.98
"BID",135601,"/Date(1704265009000)/",43850,100,814000,35319000000,850,false,1.98
"BID",135601,"/Date(1704265009000)/",43850,100,813900,35314000000,850,false,1.98
"BID",135601,"/Date(1704265009000)/",43850,200,813800,35310000000,850,false,1.98
"BID",135601,"/Date(1704265009000)/",43850,700,813600,35301000000,850,false,1.98
"BID",135601,"/Date(1704265009000)/",43850,200,812900,35270000000,850,false,1.98
"BID",135601,"/Date(1704265009000)/",43850,100,812700,35262000000,850,false,1.98
"BID",135601,"/Date(1704265009000)/",43850,800,812600,35257000000,850,false,1.98
"BID",135558,"/Date(1704265006000)/",43850,3000,811800,35222000000,850,false,1.98
"BID",135555,"/Date(1704265002000)/",43800,100,808800,35091000000,800,true,1.86
"BID",135549,"/Date(1704264994000)/",43800,400,808700,35086000000,800,true,1.86
"BID",135549,"/Date(1704264994000)/",43800,200,808300,35069000000,800,true,1.86
"BID",135549,"/Date(1704264994000)/",43800,500,808100,35060000000,800,true,1.86
"BID",135539,"/Date(1704264984000)/",43800,2000,807600,35038000000,800,false,1.86
"BID",135536,"/Date(1704264982000)/",43800,500,805600,34950000000,800,true,1.86
"BID",135533,"/Date(1704264981000)/",43800,2000,805100,34928000000,800,true,1.86
"BID",135451,"/Date(1704264934000)/",43850,1200,803100,34841000000,850,false,1.98
"BID",135451,"/Date(1704264934000)/",43850,100,801900,34788000000,850,false,1.98
"BID",135451,"/Date(1704264934000)/",43850,1200,801800,34784000000,850,false,1.98
"BID",135451,"/Date(1704264934000)/",43850,1000,800600,34731000000,850,false,1.98
"BID",135451,"/Date(1704264934000)/",43850,100,799600,34687000000,850,false,1.98
"BID",135451,"/Date(1704264934000)/",43800,500,799500,34683000000,800,false,1.86
"BID",135451,"/Date(1704264934000)/",43800,100,799000,34661000000,800,false,1.86
"BID",135451,"/Date(1704264934000)/",43800,800,798900,34657000000,800,false,1.86
"BID",135448,"/Date(1704264932000)/",43800,100,798100,34622000000,800,false,1.86
"BID",135442,"/Date(1704264925000)/",43700,500,798000,34617000000,700,true,1.63
"BID",135442,"/Date(1704264925000)/",43750,2500,797500,34595000000,750,true,1.74
"BID",135442,"/Date(1704264924000)/",43750,200,795000,34486000000,750,true,1.74
"BID",135439,"/Date(1704264921000)/",43750,300,794800,34477000000,750,true,1.74
"BID",135423,"/Date(1704264905000)/",43700,200,794500,34464000000,700,true,1.63
"BID",135420,"/Date(1704264903000)/",43700,500,794300,34455000000,700,true,1.63
"BID",135420,"/Date(1704264902000)/",43800,1100,793800,34434000000,800,false,1.86
"BID",135420,"/Date(1704264902000)/",43800,5000,792700,34385000000,800,false,1.86
"BID",135420,"/Date(1704264902000)/",43800,500,787700,34166000000,800,false,1.86
"BID",135420,"/Date(1704264902000)/",43800,100,787200,34145000000,800,false,1.86
"BID",135420,"/Date(1704264902000)/",43800,100,787100,34140000000,800,false,1.86
"BID",135420,"/Date(1704264902000)/",43800,100,787000,34136000000,800,false,1.86
"BID",135420,"/Date(1704264902000)/",43800,100,786900,34131000000,800,false,1.86
"BID",135420,"/Date(1704264902000)/",43800,100,786800,34127000000,800,false,1.86
"BID",135420,"/Date(1704264902000)/",43800,2000,786700,34123000000,800,false,1.86
"BID",135420,"/Date(1704264902000)/",43800,900,784700,34035000000,800,false,1.86
"BID",135420,"/Date(1704264902000)/",43800,300,783800,33996000000,800,false,1.86
"BID",135420,"/Date(1704264902000)/",43800,2000,783500,33982000000,800,false,1.86
"BID",135420,"/Date(1704264902000)/",43800,2900,781500,33895000000,800,false,1.86
"BID",135420,"/Date(1704264902000)/",43800,200,778600,33768000000,800,false,1.86
"BID",135420,"/Date(1704264902000)/",43800,1000,778400,33759000000,800,false,1.86
"BID",135420,"/Date(1704264902000)/",43800,1000,777400,33715000000,800,false,1.86
"BID",135420,"/Date(1704264902000)/",43800,100,776400,33671000000,800,false,1.86
"BID",135420,"/Date(1704264902000)/",43800,1000,776300,33667000000,800,false,1.86
"BID",135420,"/Date(1704264902000)/",43800,100,775300,33623000000,800,false,1.86
"BID",135420,"/Date(1704264902000)/",43800,100,775200,33619000000,800,false,1.86
"BID",135420,"/Date(1704264902000)/",43750,500,775100,33615000000,750,false,1.74
"BID",135420,"/Date(1704264902000)/",43750,100,774600,33593000000,750,false,1.74
"BID",135420,"/Date(1704264902000)/",43750,100,774500,33588000000,750,false,1.74
"BID",135420,"/Date(1704264902000)/",43750,100,774400,33584000000,750,false,1.74
"BID",135420,"/Date(1704264902000)/",43750,400,774300,33580000000,750,false,1.74
"BID",135420,"/Date(1704264902000)/",43750,100,773900,33562000000,750,false,1.74
"BID",135404,"/Date(1704264886000)/",43700,200,773800,33558000000,700,true,1.63
"BID",135358,"/Date(1704264880000)/",43700,800,773600,33549000000,700,true,1.63
"BID",135358,"/Date(1704264880000)/",43700,2600,772800,33514000000,700,true,1.63
"BID",135358,"/Date(1704264880000)/",43700,7000,770200,33400000000,700,true,1.63
"BID",135358,"/Date(1704264880000)/",43700,1000,763200,33094000000,700,true,1.63
"BID",135358,"/Date(1704264880000)/",43700,800,762200,33051000000,700,true,1.63
"BID",135358,"/Date(1704264880000)/",43700,100,761400,33016000000,700,true,1.63
"BID",135358,"/Date(1704264880000)/",43700,100,761300,33011000000,700,true,1.63
"BID",135358,"/Date(1704264880000)/",43700,400,761200,33007000000,700,true,1.63
"BID",135358,"/Date(1704264880000)/",43700,200,760800,32990000000,700,true,1.63
"BID",135358,"/Date(1704264880000)/",43700,200,760600,32981000000,700,true,1.63
"BID",135358,"/Date(1704264880000)/",43700,100,760400,32972000000,700,true,1.63
"BID",135358,"/Date(1704264880000)/",43700,2000,760300,32968000000,700,true,1.63
"BID",135358,"/Date(1704264880000)/",43700,2000,758300,32880000000,700,true,1.63
"BID",135358,"/Date(1704264880000)/",43700,100,756300,32793000000,700,true,1.63
"BID",135358,"/Date(1704264880000)/",43700,400,756200,32789000000,700,true,1.63
"BID",135358,"/Date(1704264880000)/",43700,100,755800,32771000000,700,true,1.63
"BID",135358,"/Date(1704264880000)/",43650,500,755700,32767000000,650,false,1.51
"BID",135358,"/Date(1704264880000)/",43650,500,755200,32745000000,650,false,1.51
"BID",135358,"/Date(1704264880000)/",43650,100,754700,32723000000,650,false,1.51
"BID",135358,"/Date(1704264880000)/",43650,2000,754600,32719000000,650,false,1.51
"BID",135358,"/Date(1704264880000)/",43650,500,752600,32631000000,650,false,1.51
"BID",135358,"/Date(1704264880000)/",43650,500,752100,32610000000,650,false,1.51
"BID",135358,"/Date(1704264880000)/",43650,800,751600,32588000000,650,false,1.51
"BID",135358,"/Date(1704264880000)/",43650,100,750800,32553000000,650,false,1.51
"BID",135358,"/Date(1704264880000)/",43650,200,750700,32548000000,650,false,1.51
"BID",135358,"/Date(1704264880000)/",43650,3600,750500,32540000000,650,false,1.51
"BID",135358,"/Date(1704264880000)/",43650,100,746900,32383000000,650,false,1.51
"BID",135354,"/Date(1704264877000)/",43600,200,746800,32378000000,600,true,1.4
"BID",135354,"/Date(1704264877000)/",43600,200,746600,32370000000,600,true,1.4
"BID",135354,"/Date(1704264876000)/",43600,500,746400,32361000000,600,true,1.4
"BID",135348,"/Date(1704264872000)/",43600,200,745900,32339000000,600,true,1.4
"BID",135342,"/Date(1704264865000)/",43600,500,745700,32330000000,600,true,1.4
"BID",135342,"/Date(1704264865000)/",43600,500,745200,32308000000,600,true,1.4
"BID",135342,"/Date(1704264865000)/",43600,200,744700,32287000000,600,true,1.4
"BID",135342,"/Date(1704264865000)/",43600,5000,744500,32278000000,600,true,1.4
"BID",135342,"/Date(1704264865000)/",43600,1000,739500,32060000000,600,true,1.4
"BID",135342,"/Date(1704264865000)/",43600,1000,738500,32016000000,600,true,1.4
"BID",135342,"/Date(1704264865000)/",43600,1000,737500,31973000000,600,true,1.4
"BID",135342,"/Date(1704264865000)/",43600,100,736500,31929000000,600,true,1.4
"BID",135342,"/Date(1704264865000)/",43600,100,736400,31925000000,600,true,1.4
"BID",135342,"/Date(1704264865000)/",43600,100,736300,31920000000,600,true,1.4
"BID",135342,"/Date(1704264865000)/",43600,400,736200,31916000000,600,true,1.4
"BID",135342,"/Date(1704264865000)/",43600,100,735800,31899000000,600,true,1.4
"BID",135342,"/Date(1704264865000)/",43600,400,735700,31894000000,600,true,1.4
"BID",135342,"/Date(1704264865000)/",43600,500,735300,31877000000,600,true,1.4
"BID",135342,"/Date(1704264865000)/",43600,2200,734800,31855000000,600,true,1.4
"BID",135338,"/Date(1704264862000)/",43600,800,732600,31759000000,600,false,1.4
"BID",135338,"/Date(1704264862000)/",43600,1700,731800,31724000000,600,false,1.4
"BID",135303,"/Date(1704264825000)/",43600,1300,730100,31650000000,600,false,1.4
"BID",135303,"/Date(1704264825000)/",43600,700,728800,31593000000,600,false,1.4
"BID",135238,"/Date(1704264801000)/",43550,500,728100,31563000000,550,true,1.28
"BID",135238,"/Date(1704264799000)/",43600,300,727600,31541000000,600,false,1.4
"BID",135238,"/Date(1704264799000)/",43600,100,727300,31528000000,600,false,1.4
"BID",135231,"/Date(1704264795000)/",43550,200,727200,31524000000,550,false,1.28
"BID",135231,"/Date(1704264795000)/",43550,2000,727000,31515000000,550,false,1.28
"BID",135231,"/Date(1704264795000)/",43550,900,725000,31428000000,550,false,1.28
"BID",135225,"/Date(1704264788000)/",43550,100,724100,31389000000,550,false,1.28
"BID",135222,"/Date(1704264784000)/",43550,200,724000,31384000000,550,false,1.28
"BID",135222,"/Date(1704264784000)/",43550,300,723800,31376000000,550,false,1.28
"BID",135218,"/Date(1704264780000)/",43550,100,723500,31363000000,550,false,1.28
"BID",135212,"/Date(1704264775000)/",43550,500,723400,31358000000,550,false,1.28
"BID",135209,"/Date(1704264772000)/",43550,100,722900,31336000000,550,false,1.28
"BID",135209,"/Date(1704264772000)/",43550,100,722800,31332000000,550,false,1.28
"BID",135209,"/Date(1704264772000)/",43550,900,722700,31328000000,550,false,1.28
"BID",135209,"/Date(1704264772000)/",43550,3900,721800,31289000000,550,false,1.28
"BID",135209,"/Date(1704264772000)/",43500,100,717900,31119000000,500,true,1.16
"BID",135156,"/Date(1704264759000)/",43500,200,717800,31114000000,500,true,1.16
"BID",135153,"/Date(1704264754000)/",43500,100,717600,31106000000,500,true,1.16
"BID",135153,"/Date(1704264754000)/",43500,100,717500,31101000000,500,true,1.16
"BID",135146,"/Date(1704264750000)/",43500,200,717400,31097000000,500,true,1.16
"BID",135143,"/Date(1704264745000)/",43500,1300,717200,31088000000,500,true,1.16
"BID",135137,"/Date(1704264741000)/",43550,2000,715900,31032000000,550,false,1.28
"BID",135137,"/Date(1704264739000)/",43500,200,713900,30945000000,500,true,1.16
"BID",135131,"/Date(1704264734000)/",43500,200,713700,30936000000,500,true,1.16
"BID",135131,"/Date(1704264733000)/",43500,200,713500,30927000000,500,true,1.16
"BID",135124,"/Date(1704264727000)/",43500,200,713300,30918000000,500,true,1.16
"BID",135049,"/Date(1704264692000)/",43500,200,713100,30910000000,500,true,1.16
"BID",135046,"/Date(1704264688000)/",43500,200,712900,30901000000,500,true,1.16
"BID",135043,"/Date(1704264686000)/",43500,200,712700,30892000000,500,true,1.16
"BID",135020,"/Date(1704264663000)/",43500,200,712500,30884000000,500,true,1.16
"BID",135020,"/Date(1704264662000)/",43500,200,712300,30875000000,500,true,1.16
"BID",135017,"/Date(1704264659000)/",43500,100,712100,30866000000,500,true,1.16
"BID",135017,"/Date(1704264659000)/",43500,100,712000,30862000000,500,true,1.16
"BID",135011,"/Date(1704264652000)/",43500,200,711900,30858000000,500,true,1.16
"BID",135011,"/Date(1704264652000)/",43550,300,711700,30849000000,550,false,1.28
"BID",135008,"/Date(1704264649000)/",43550,5000,711400,30836000000,550,true,1.28
"BID",135008,"/Date(1704264649000)/",43550,2000,706400,30618000000,550,true,1.28
"BID",135008,"/Date(1704264649000)/",43550,1000,704400,30531000000,550,true,1.28
"BID",135008,"/Date(1704264649000)/",43550,5800,703400,30487000000,550,true,1.28
"BID",135008,"/Date(1704264649000)/",43600,1400,697600,30235000000,600,false,1.4
"BID",135008,"/Date(1704264649000)/",43600,1000,696200,30174000000,600,false,1.4
"BID",135008,"/Date(1704264649000)/",43600,200,695200,30130000000,600,false,1.4
"BID",135008,"/Date(1704264649000)/",43600,100,695000,30121000000,600,false,1.4
"BID",135008,"/Date(1704264649000)/",43600,200,694900,30117000000,600,false,1.4
"BID",135008,"/Date(1704264649000)/",43600,1000,694700,30108000000,600,false,1.4
"BID",135008,"/Date(1704264649000)/",43600,100,693700,30065000000,600,false,1.4
"BID",135008,"/Date(1704264649000)/",43600,2000,693600,30060000000,600,false,1.4
"BID",135008,"/Date(1704264649000)/",43600,100,691600,29973000000,600,false,1.4
"BID",135008,"/Date(1704264649000)/",43600,200,691500,29969000000,600,false,1.4
"BID",135008,"/Date(1704264649000)/",43600,200,691300,29960000000,600,false,1.4
"BID",135008,"/Date(1704264649000)/",43600,100,691100,29951000000,600,false,1.4
"BID",135008,"/Date(1704264649000)/",43600,1000,691000,29947000000,600,false,1.4
"BID",135008,"/Date(1704264649000)/",43600,100,690000,29903000000,600,false,1.4
"BID",135008,"/Date(1704264649000)/",43600,200,689900,29899000000,600,false,1.4
"BID",135008,"/Date(1704264649000)/",43600,2100,689700,29890000000,600,false,1.4
"BID",135004,"/Date(1704264647000)/",43550,200,687600,29799000000,550,true,1.28
"BID",135004,"/Date(1704264646000)/",43550,200,687400,29790000000,550,true,1.28
"BID",135001,"/Date(1704264642000)/",43550,200,687200,29781000000,550,true,1.28
"BID",134958,"/Date(1704264642000)/",43600,200,687000,29773000000,600,false,1.4
"BID",134958,"/Date(1704264639000)/",43550,200,686800,29764000000,550,true,1.28
"BID",134958,"/Date(1704264639000)/",43550,200,686600,29755000000,550,true,1.28
"BID",134955,"/Date(1704264637000)/",43550,100,686400,29747000000,550,true,1.28
"BID",134948,"/Date(1704264631000)/",43550,200,686300,29742000000,550,true,1.28
"BID",134945,"/Date(1704264627000)/",43600,2000,686100,29733000000,600,false,1.4
"BID",134945,"/Date(1704264626000)/",43550,200,684100,29646000000,550,true,1.28
"BID",134939,"/Date(1704264622000)/",43550,200,683900,29638000000,550,true,1.28
"BID",134939,"/Date(1704264622000)/",43550,2000,683700,29629000000,550,true,1.28
"BID",134939,"/Date(1704264622000)/",43550,200,681700,29542000000,550,true,1.28
"BID",134939,"/Date(1704264620000)/",43600,3700,681500,29533000000,600,false,1.4
"BID",134936,"/Date(1704264618000)/",43600,2000,677800,29372000000,600,false,1.4
"BID",134932,"/Date(1704264616000)/",43550,200,675800,29285000000,550,true,1.28
"BID",134932,"/Date(1704264614000)/",43600,200,675600,29276000000,600,false,1.4
"BID",134932,"/Date(1704264614000)/",43600,1500,675400,29267000000,600,false,1.4
"BID",134932,"/Date(1704264614000)/",43600,1000,673900,29202000000,600,false,1.4
"BID",134932,"/Date(1704264614000)/",43600,200,672900,29158000000,600,false,1.4
"BID",134932,"/Date(1704264614000)/",43600,100,672700,29149000000,600,false,1.4
"BID",134929,"/Date(1704264611000)/",43550,200,672600,29145000000,550,true,1.28
"BID",134923,"/Date(1704264606000)/",43550,200,672400,29136000000,550,true,1.28
"BID",134923,"/Date(1704264606000)/",43550,100,672200,29128000000,550,true,1.28
"BID",134920,"/Date(1704264601000)/",43550,200,672100,29123000000,550,true,1.28
"BID",134913,"/Date(1704264595000)/",43550,400,671900,29115000000,550,true,1.28
"BID",134913,"/Date(1704264595000)/",43550,500,671500,29097000000,550,true,1.28
"BID",134913,"/Date(1704264595000)/",43550,1700,671000,29075000000,550,true,1.28
"BID",134913,"/Date(1704264595000)/",43550,200,669300,29001000000,550,true,1.28
"BID",134910,"/Date(1704264591000)/",43550,200,669100,28993000000,550,true,1.28
"BID",134907,"/Date(1704264590000)/",43550,200,668900,28984000000,550,true,1.28
"BID",134900,"/Date(1704264584000)/",43550,200,668700,28975000000,550,true,1.28
"BID",134857,"/Date(1704264580000)/",43550,200,668500,28966000000,550,true,1.28
"BID",134857,"/Date(1704264580000)/",43550,1000,668300,28958000000,550,true,1.28
"BID",134857,"/Date(1704264580000)/",43550,200,667300,28914000000,550,true,1.28
"BID",134857,"/Date(1704264580000)/",43550,200,667100,28905000000,550,true,1.28
"BID",134857,"/Date(1704264580000)/",43550,300,666900,28897000000,550,true,1.28
"BID",134857,"/Date(1704264580000)/",43550,100,666600,28884000000,550,true,1.28
"BID",134857,"/Date(1704264580000)/",43550,500,666500,28879000000,550,true,1.28
"BID",134857,"/Date(1704264579000)/",43500,200,666000,28858000000,500,true,1.16
"BID",134848,"/Date(1704264570000)/",43500,200,665800,28849000000,500,true,1.16
"BID",134753,"/Date(1704264516000)/",43550,2000,665600,28840000000,550,false,1.28
"BID",134753,"/Date(1704264516000)/",43550,500,663600,28753000000,550,false,1.28
"BID",134753,"/Date(1704264516000)/",43550,2000,663100,28731000000,550,false,1.28
"BID",134753,"/Date(1704264516000)/",43550,100,661100,28644000000,550,false,1.28
"BID",134753,"/Date(1704264516000)/",43550,400,661000,28640000000,550,false,1.28
"BID",134747,"/Date(1704264508000)/",43550,100,660600,28622000000,550,false,1.28
"BID",134747,"/Date(1704264508000)/",43550,400,660500,28618000000,550,false,1.28
"BID",134734,"/Date(1704264497000)/",43550,100,660100,28601000000,550,false,1.28
"BID",134734,"/Date(1704264497000)/",43550,200,660000,28596000000,550,false,1.28
"BID",134734,"/Date(1704264497000)/",43550,100,659800,28588000000,550,false,1.28
"BID",134734,"/Date(1704264497000)/",43550,100,659700,28583000000,550,false,1.28
"BID",134734,"/Date(1704264497000)/",43550,100,659600,28579000000,550,false,1.28
"BID",134734,"/Date(1704264496000)/",43500,200,659500,28575000000,500,true,1.16
"BID",134722,"/Date(1704264483000)/",43500,100,659300,28566000000,500,true,1.16
"BID",134709,"/Date(1704264470000)/",43500,1000,659200,28561000000,500,true,1.16
"BID",134709,"/Date(1704264470000)/",43500,500,658200,28518000000,500,true,1.16
"BID",134706,"/Date(1704264466000)/",43500,200,657700,28496000000,500,false,1.16
"BID",134706,"/Date(1704264466000)/",43500,500,657500,28488000000,500,false,1.16
"BID",134706,"/Date(1704264466000)/",43500,500,657000,28466000000,500,false,1.16
"BID",134706,"/Date(1704264466000)/",43500,1000,656500,28444000000,500,false,1.16
"BID",134706,"/Date(1704264466000)/",43500,500,655500,28401000000,500,false,1.16
"BID",134706,"/Date(1704264466000)/",43500,100,655000,28379000000,500,false,1.16
"BID",134702,"/Date(1704264466000)/",43500,100,654900,28374000000,500,false,1.16
"BID",134702,"/Date(1704264466000)/",43500,100,654800,28370000000,500,false,1.16
"BID",134702,"/Date(1704264466000)/",43500,500,654700,28366000000,500,false,1.16
"BID",134702,"/Date(1704264466000)/",43500,200,654200,28344000000,500,false,1.16
"BID",134702,"/Date(1704264466000)/",43500,400,654000,28335000000,500,false,1.16
"BID",134702,"/Date(1704264464000)/",43500,100,653600,28318000000,500,false,1.16
"BID",134702,"/Date(1704264464000)/",43500,1000,653500,28314000000,500,false,1.16
"BID",134702,"/Date(1704264464000)/",43500,6500,652500,28270000000,500,false,1.16
"BID",134702,"/Date(1704264464000)/",43500,500,646000,27987000000,500,false,1.16
"BID",134702,"/Date(1704264464000)/",43500,1000,645500,27966000000,500,false,1.16
"BID",134702,"/Date(1704264464000)/",43500,100,644500,27922000000,500,false,1.16
"BID",134702,"/Date(1704264464000)/",43500,200,644400,27918000000,500,false,1.16
"BID",134702,"/Date(1704264464000)/",43500,100,644200,27909000000,500,false,1.16
"BID",134702,"/Date(1704264464000)/",43500,200,644100,27905000000,500,false,1.16
"BID",134702,"/Date(1704264464000)/",43500,2100,643900,27896000000,500,false,1.16
"BID",134702,"/Date(1704264464000)/",43500,200,641800,27805000000,500,false,1.16
"BID",134702,"/Date(1704264464000)/",43500,100,641600,27796000000,500,false,1.16
"BID",134702,"/Date(1704264464000)/",43500,1000,641500,27792000000,500,false,1.16
"BID",134702,"/Date(1704264464000)/",43500,100,640500,27748000000,500,false,1.16
"BID",134702,"/Date(1704264464000)/",43500,1000,640400,27744000000,500,false,1.16
"BID",134702,"/Date(1704264464000)/",43500,8400,639400,27700000000,500,false,1.16
"BID",134702,"/Date(1704264464000)/",43500,500,631000,27335000000,500,false,1.16
"BID",134702,"/Date(1704264464000)/",43500,100,630500,27313000000,500,false,1.16
"BID",134702,"/Date(1704264464000)/",43500,6800,630400,27309000000,500,false,1.16
"BID",134630,"/Date(1704264434000)/",43500,3000,623600,27013000000,500,false,1.16
"BID",134624,"/Date(1704264425000)/",43500,10200,620600,26882000000,500,false,1.16
"BID",134624,"/Date(1704264425000)/",43500,500,610400,26439000000,500,false,1.16
"BID",134624,"/Date(1704264425000)/",43500,500,609900,26417000000,500,false,1.16
"BID",134624,"/Date(1704264425000)/",43500,200,609400,26395000000,500,false,1.16
"BID",134624,"/Date(1704264425000)/",43500,600,609200,26386000000,500,false,1.16
"BID",134624,"/Date(1704264425000)/",43500,1000,608600,26360000000,500,false,1.16
"BID",134624,"/Date(1704264425000)/",43500,100,607600,26317000000,500,false,1.16
"BID",134624,"/Date(1704264425000)/",43500,400,607500,26313000000,500,false,1.16
"BID",134624,"/Date(1704264425000)/",43500,100,607100,26295000000,500,false,1.16
"BID",134624,"/Date(1704264425000)/",43500,800,607000,26291000000,500,false,1.16
"BID",134624,"/Date(1704264425000)/",43500,200,606200,26256000000,500,false,1.16
"BID",134624,"/Date(1704264425000)/",43500,100,606000,26247000000,500,false,1.16
"BID",134624,"/Date(1704264425000)/",43500,100,605900,26243000000,500,false,1.16
"BID",134624,"/Date(1704264425000)/",43500,1000,605800,26239000000,500,false,1.16
"BID",134624,"/Date(1704264425000)/",43500,5000,604800,26195000000,500,false,1.16
"BID",134624,"/Date(1704264425000)/",43500,100,599800,25978000000,500,false,1.16
"BID",134624,"/Date(1704264425000)/",43500,400,599700,25973000000,500,false,1.16
"BID",134624,"/Date(1704264425000)/",43500,100,599300,25956000000,500,false,1.16
"BID",134624,"/Date(1704264425000)/",43500,400,599200,25951000000,500,false,1.16
"BID",134624,"/Date(1704264425000)/",43500,2000,598800,25934000000,500,false,1.16
"BID",134624,"/Date(1704264425000)/",43500,200,596800,25847000000,500,false,1.16
"BID",134624,"/Date(1704264425000)/",43500,100,596600,25838000000,500,false,1.16
"BID",134624,"/Date(1704264425000)/",43500,100,596500,25834000000,500,false,1.16
"BID",134624,"/Date(1704264425000)/",43500,700,596400,25830000000,500,false,1.16
"BID",134624,"/Date(1704264425000)/",43500,5000,595700,25799000000,500,false,1.16
"BID",134624,"/Date(1704264425000)/",43500,100,590700,25582000000,500,false,1.16
"BID",134608,"/Date(1704264409000)/",43450,300,590600,25577000000,450,true,1.05
"BID",134558,"/Date(1704264401000)/",43450,200,590300,25564000000,450,true,1.05
"BID",134555,"/Date(1704264398000)/",43450,1000,590100,25556000000,450,false,1.05
"BID",134552,"/Date(1704264395000)/",43450,2000,589100,25512000000,450,false,1.05
"BID",134533,"/Date(1704264374000)/",43450,1000,587100,25425000000,450,false,1.05
"BID",134533,"/Date(1704264374000)/",43450,100,586100,25382000000,450,false,1.05
"BID",134511,"/Date(1704264353000)/",43450,100,586000,25378000000,450,true,1.05
"BID",134504,"/Date(1704264345000)/",43450,1000,585900,25373000000,450,false,1.05
"BID",134504,"/Date(1704264345000)/",43450,900,584900,25330000000,450,false,1.05
"BID",134445,"/Date(1704264328000)/",43450,2000,584000,25291000000,450,true,1.05
"BID",134445,"/Date(1704264328000)/",43450,3300,582000,25204000000,450,true,1.05
"BID",134445,"/Date(1704264328000)/",43450,2000,578700,25060000000,450,true,1.05
"BID",134445,"/Date(1704264328000)/",43450,1800,576700,24973000000,450,true,1.05
"BID",134432,"/Date(1704264316000)/",43450,100,574900,24895000000,450,true,1.05
"BID",134432,"/Date(1704264313000)/",43450,100,574800,24891000000,450,true,1.05
"BID",134432,"/Date(1704264313000)/",43450,400,574700,24887000000,450,true,1.05
"BID",134426,"/Date(1704264306000)/",43450,100,574300,24869000000,450,true,1.05
"BID",134426,"/Date(1704264306000)/",43450,100,574200,24865000000,450,true,1.05
"BID",134420,"/Date(1704264302000)/",43450,1000,574100,24860000000,450,true,1.05
"BID",134413,"/Date(1704264294000)/",43450,900,573100,24817000000,450,true,1.05
"BID",134413,"/Date(1704264294000)/",43450,2000,572200,24778000000,450,true,1.05
"BID",134413,"/Date(1704264294000)/",43450,2100,570200,24691000000,450,true,1.05
"BID",134341,"/Date(1704264262000)/",43450,500,568100,24600000000,450,true,1.05
"BID",134338,"/Date(1704264258000)/",43450,200,567600,24578000000,450,true,1.05
"BID",134319,"/Date(1704264240000)/",43450,100,567400,24569000000,450,true,1.05
"BID",134253,"/Date(1704264216000)/",43450,100,567300,24565000000,450,true,1.05
"BID",134253,"/Date(1704264215000)/",43450,300,567200,24561000000,450,true,1.05
"BID",134250,"/Date(1704264211000)/",43450,200,566900,24548000000,450,true,1.05
"BID",134243,"/Date(1704264206000)/",43450,100,566700,24539000000,450,true,1.05
"BID",134231,"/Date(1704264193000)/",43450,1400,566600,24535000000,450,true,1.05
"BID",134231,"/Date(1704264193000)/",43450,600,565200,24474000000,450,true,1.05
"BID",134228,"/Date(1704264190000)/",43450,400,564600,24448000000,450,true,1.05
"BID",134228,"/Date(1704264190000)/",43450,5000,564200,24430000000,450,true,1.05
"BID",134228,"/Date(1704264190000)/",43450,2000,559200,24213000000,450,true,1.05
"BID",134228,"/Date(1704264190000)/",43450,1000,557200,24126000000,450,true,1.05
"BID",134228,"/Date(1704264190000)/",43450,1600,556200,24083000000,450,true,1.05
"BID",134228,"/Date(1704264188000)/",43450,100,554600,24013000000,450,true,1.05
"BID",134224,"/Date(1704264185000)/",43450,2000,554500,24009000000,450,true,1.05
"BID",134215,"/Date(1704264177000)/",43450,100,552500,23922000000,450,true,1.05
"BID",134208,"/Date(1704264169000)/",43450,100,552400,23918000000,450,true,1.05
"BID",134202,"/Date(1704264163000)/",43450,200,552300,23913000000,450,true,1.05
"BID",134133,"/Date(1704264134000)/",43450,100,552100,23905000000,450,true,1.05
"BID",134114,"/Date(1704264115000)/",43450,200,552000,23900000000,450,true,1.05
"BID",134104,"/Date(1704264105000)/",43450,600,551800,23892000000,450,false,1.05
"BID",134101,"/Date(1704264102000)/",43450,400,551200,23865000000,450,false,1.05
"BID",134101,"/Date(1704264102000)/",43450,1000,550800,23848000000,450,false,1.05
"BID",134101,"/Date(1704264102000)/",43450,100,549800,23805000000,450,false,1.05
"BID",134101,"/Date(1704264102000)/",43450,500,549700,23800000000,450,false,1.05
"BID",134058,"/Date(1704264101000)/",43450,2500,549200,23779000000,450,false,1.05
"BID",134058,"/Date(1704264101000)/",43450,500,546700,23670000000,450,false,1.05
"BID",134051,"/Date(1704264094000)/",43450,4500,546200,23648000000,450,false,1.05
"BID",134051,"/Date(1704264094000)/",43450,200,541700,23453000000,450,false,1.05
"BID",134051,"/Date(1704264094000)/",43450,2000,541500,23444000000,450,false,1.05
"BID",134051,"/Date(1704264094000)/",43450,200,539500,23357000000,450,false,1.05
"BID",134051,"/Date(1704264094000)/",43450,200,539300,23348000000,450,false,1.05
"BID",134051,"/Date(1704264094000)/",43450,200,539100,23340000000,450,false,1.05
"BID",134051,"/Date(1704264094000)/",43450,600,538900,23331000000,450,false,1.05
"BID",134051,"/Date(1704264094000)/",43450,5100,538300,23305000000,450,false,1.05
"BID",134051,"/Date(1704264094000)/",43450,200,533200,23083000000,450,false,1.05
"BID",134051,"/Date(1704264094000)/",43450,1000,533000,23075000000,450,false,1.05
"BID",134051,"/Date(1704264094000)/",43450,500,532000,23031000000,450,false,1.05
"BID",134051,"/Date(1704264094000)/",43450,100,531500,23009000000,450,false,1.05
"BID",134051,"/Date(1704264094000)/",43450,100,531400,23005000000,450,false,1.05
"BID",134051,"/Date(1704264094000)/",43450,100,531300,23001000000,450,false,1.05
"BID",134051,"/Date(1704264094000)/",43450,5000,531200,22996000000,450,false,1.05
"BID",134035,"/Date(1704264076000)/",43400,1000,526200,22779000000,400,true,0.93
"BID",134032,"/Date(1704264075000)/",43400,700,525200,22736000000,400,true,0.93
"BID",134032,"/Date(1704264075000)/",43400,500,524500,22705000000,400,true,0.93
"BID",134026,"/Date(1704264068000)/",43400,200,524000,22684000000,400,true,0.93
"BID",134006,"/Date(1704264049000)/",43400,100,523800,22675000000,400,true,0.93
"BID",133937,"/Date(1704264021000)/",43400,200,523700,22671000000,400,true,0.93
"BID",133905,"/Date(1704263988000)/",43400,1000,523500,22662000000,400,true,0.93
"BID",133905,"/Date(1704263988000)/",43400,1200,522500,22619000000,400,true,0.93
"BID",133905,"/Date(1704263988000)/",43400,1800,521300,22567000000,400,true,0.93
"BID",133855,"/Date(1704263977000)/",43400,200,519500,22488000000,400,false,0.93
"BID",133855,"/Date(1704263977000)/",43400,100,519300,22480000000,400,false,0.93
"BID",133855,"/Date(1704263977000)/",43400,100,519200,22475000000,400,false,0.93
"BID",133855,"/Date(1704263977000)/",43400,200,519100,22471000000,400,false,0.93
"BID",133855,"/Date(1704263977000)/",43400,2100,518900,22462000000,400,false,0.93
"BID",133855,"/Date(1704263977000)/",43400,500,516800,22371000000,400,false,0.93
"BID",133852,"/Date(1704263976000)/",43400,800,516300,22350000000,400,false,0.93
"BID",133852,"/Date(1704263976000)/",43400,200,515500,22315000000,400,false,0.93
"BID",133852,"/Date(1704263976000)/",43400,1000,515300,22306000000,400,false,0.93
"BID",133813,"/Date(1704263937000)/",43400,200,514300,22263000000,400,false,0.93
"BID",133813,"/Date(1704263937000)/",43400,100,514100,22254000000,400,false,0.93
"BID",133813,"/Date(1704263937000)/",43400,100,514000,22250000000,400,false,0.93
"BID",133813,"/Date(1704263937000)/",43400,500,513900,22245000000,400,false,0.93
"BID",133813,"/Date(1704263937000)/",43400,200,513400,22224000000,400,false,0.93
"BID",133813,"/Date(1704263937000)/",43400,400,513200,22215000000,400,false,0.93
"BID",133813,"/Date(1704263937000)/",43400,100,512800,22198000000,400,false,0.93
"BID",133813,"/Date(1704263937000)/",43400,100,512700,22193000000,400,false,0.93
"BID",133803,"/Date(1704263925000)/",43350,200,512600,22189000000,350,true,0.81
"BID",133740,"/Date(1704263904000)/",43350,3800,512400,22180000000,350,true,0.81
"BID",133740,"/Date(1704263904000)/",43350,1000,508600,22016000000,350,true,0.81
"BID",133740,"/Date(1704263904000)/",43350,200,507600,21972000000,350,true,0.81
"BID",133734,"/Date(1704263900000)/",43350,1300,507400,21964000000,350,true,0.81
"BID",133647,"/Date(1704263853000)/",43400,300,506100,21907000000,400,false,0.93
"BID",133647,"/Date(1704263853000)/",43400,200,505800,21894000000,400,false,0.93
"BID",133647,"/Date(1704263853000)/",43400,100,505600,21885000000,400,false,0.93
"BID",133647,"/Date(1704263853000)/",43400,100,505500,21881000000,400,false,0.93
"BID",133647,"/Date(1704263853000)/",43400,100,505400,21877000000,400,false,0.93
"BID",133647,"/Date(1704263853000)/",43400,500,505300,21872000000,400,false,0.93
"BID",133647,"/Date(1704263853000)/",43400,2000,504800,21851000000,400,false,0.93
"BID",133647,"/Date(1704263853000)/",43400,1700,502800,21764000000,400,false,0.93
"BID",133644,"/Date(1704263850000)/",43400,3300,501100,21690000000,400,false,0.93
"BID",133644,"/Date(1704263850000)/",43400,700,497800,21547000000,400,false,0.93
"BID",133640,"/Date(1704263848000)/",43350,500,497100,21517000000,350,true,0.81
"BID",133623,"/Date(1704263830000)/",43350,200,496600,21495000000,350,true,0.81
"BID",133620,"/Date(1704263828000)/",43350,500,496400,21486000000,350,true,0.81
"BID",133601,"/Date(1704263808000)/",43350,100,495900,21465000000,350,true,0.81
"BID",133554,"/Date(1704263802000)/",43350,200,495800,21460000000,350,false,0.81
"BID",133545,"/Date(1704263791000)/",43350,500,495600,21452000000,350,false,0.81
"BID",133545,"/Date(1704263791000)/",43350,1000,495100,21430000000,350,false,0.81
"BID",133545,"/Date(1704263791000)/",43350,1000,494100,21387000000,350,false,0.81
"BID",133545,"/Date(1704263791000)/",43350,1000,493100,21343000000,350,false,0.81
"BID",133545,"/Date(1704263791000)/",43350,6500,492100,21300000000,350,false,0.81
"BID",133535,"/Date(1704263783000)/",43300,200,485600,21018000000,300,true,0.7
"BID",133535,"/Date(1704263782000)/",43300,100,485400,21009000000,300,true,0.7
"BID",133513,"/Date(1704263762000)/",43300,200,485300,21005000000,300,true,0.7
"BID",133513,"/Date(1704263761000)/",43300,100,485100,20996000000,300,true,0.7
"BID",133510,"/Date(1704263757000)/",43300,200,485000,20992000000,300,true,0.7
"BID",133507,"/Date(1704263753000)/",43350,5000,484800,20983000000,350,false,0.81
"BID",133504,"/Date(1704263752000)/",43300,200,479800,20767000000,300,true,0.7
"BID",133457,"/Date(1704263745000)/",43300,200,479600,20758000000,300,true,0.7
"BID",133454,"/Date(1704263742000)/",43300,200,479400,20749000000,300,true,0.7
"BID",133448,"/Date(1704263737000)/",43300,200,479200,20741000000,300,true,0.7
"BID",133448,"/Date(1704263735000)/",43300,200,479000,20732000000,300,true,0.7
"BID",133438,"/Date(1704263727000)/",43300,200,478800,20723000000,300,true,0.7
"BID",133425,"/Date(1704263713000)/",43300,200,478600,20715000000,300,true,0.7
"BID",133425,"/Date(1704263713000)/",43350,1000,478400,20706000000,350,false,0.81
"BID",133419,"/Date(1704263705000)/",43350,2000,477400,20663000000,350,true,0.81
"BID",133419,"/Date(1704263705000)/",43350,2000,475400,20576000000,350,true,0.81
"BID",133419,"/Date(1704263705000)/",43350,3500,473400,20489000000,350,true,0.81
"BID",133409,"/Date(1704263697000)/",43350,100,469900,20338000000,350,true,0.81
"BID",133409,"/Date(1704263696000)/",43350,100,469800,20333000000,350,true,0.81
"BID",133406,"/Date(1704263695000)/",43350,200,469700,20329000000,350,true,0.81
"BID",133359,"/Date(1704263687000)/",43350,200,469500,20320000000,350,true,0.81
"BID",133350,"/Date(1704263677000)/",43350,200,469300,20312000000,350,true,0.81
"BID",133311,"/Date(1704263639000)/",43350,200,469100,20303000000,350,true,0.81
"BID",133308,"/Date(1704263634000)/",43350,100,468900,20294000000,350,true,0.81
"BID",133305,"/Date(1704263632000)/",43350,400,468800,20290000000,350,true,0.81
"BID",133305,"/Date(1704263632000)/",43350,300,468400,20273000000,350,true,0.81
"BID",133305,"/Date(1704263632000)/",43350,300,468100,20260000000,350,true,0.81
"BID",133258,"/Date(1704263625000)/",43350,100,467800,20247000000,350,true,0.81
"BID",133239,"/Date(1704263607000)/",43350,100,467700,20242000000,350,true,0.81
"BID",133226,"/Date(1704263592000)/",43350,200,467600,20238000000,350,true,0.81
"BID",133138,"/Date(1704263545000)/",43350,200,467400,20229000000,350,true,0.81
"BID",133132,"/Date(1704263539000)/",43350,100,467200,20221000000,350,true,0.81
"BID",133132,"/Date(1704263539000)/",43350,1000,467100,20216000000,350,true,0.81
"BID",133109,"/Date(1704263517000)/",43350,600,466100,20173000000,350,true,0.81
"BID",133103,"/Date(1704263510000)/",43350,600,465500,20147000000,350,true,0.81
"BID",133050,"/Date(1704263498000)/",43350,200,464900,20121000000,350,true,0.81
"BID",133047,"/Date(1704263496000)/",43350,200,464700,20112000000,350,true,0.81
"BID",133031,"/Date(1704263479000)/",43350,200,464500,20103000000,350,true,0.81
"BID",133024,"/Date(1704263472000)/",43350,500,464300,20095000000,350,true,0.81
"BID",133014,"/Date(1704263464000)/",43350,200,463800,20073000000,350,true,0.81
"BID",133008,"/Date(1704263457000)/",43350,200,463600,20064000000,350,true,0.81
"BID",133002,"/Date(1704263451000)/",43350,200,463400,20056000000,350,true,0.81
"BID",133002,"/Date(1704263450000)/",43350,200,463200,20047000000,350,true,0.81
"BID",132958,"/Date(1704263446000)/",43350,200,463000,20038000000,350,true,0.81
"BID",132955,"/Date(1704263444000)/",43350,300,462800,20030000000,350,true,0.81
"BID",132952,"/Date(1704263441000)/",43350,200,462500,20017000000,350,true,0.81
"BID",132949,"/Date(1704263438000)/",43350,200,462300,20008000000,350,true,0.81
"BID",132945,"/Date(1704263434000)/",43350,1000,462100,19999000000,350,true,0.81
"BID",132945,"/Date(1704263434000)/",43350,1900,461100,19956000000,350,true,0.81
"BID",132942,"/Date(1704263431000)/",43350,100,459200,19874000000,350,true,0.81
"BID",132942,"/Date(1704263431000)/",43350,100,459100,19869000000,350,true,0.81
"BID",132939,"/Date(1704263429000)/",43350,4900,459000,19865000000,350,true,0.81
"BID",132939,"/Date(1704263429000)/",43350,2000,454100,19653000000,350,true,0.81
"BID",132939,"/Date(1704263429000)/",43350,400,452100,19566000000,350,true,0.81
"BID",132939,"/Date(1704263428000)/",43350,200,451700,19549000000,350,true,0.81
"BID",132936,"/Date(1704263426000)/",43350,400,451500,19540000000,350,true,0.81
"BID",132936,"/Date(1704263426000)/",43350,100,451100,19523000000,350,true,0.81
"BID",132936,"/Date(1704263424000)/",43350,300,451000,19518000000,350,true,0.81
"BID",132932,"/Date(1704263420000)/",43350,200,450700,19505000000,350,true,0.81
"BID",132929,"/Date(1704263417000)/",43350,200,450500,19497000000,350,true,0.81
"BID",132923,"/Date(1704263411000)/",43350,200,450300,19488000000,350,true,0.81
"BID",132916,"/Date(1704263405000)/",43350,200,450100,19479000000,350,true,0.81
"BID",132913,"/Date(1704263401000)/",43350,200,449900,19471000000,350,true,0.81
"BID",132910,"/Date(1704263400000)/",43350,200,449700,19462000000,350,true,0.81
"BID",132906,"/Date(1704263396000)/",43350,200,449500,19453000000,350,true,0.81
"BID",132900,"/Date(1704263389000)/",43350,200,449300,19445000000,350,true,0.81
"BID",132856,"/Date(1704263385000)/",43350,200,449100,19436000000,350,true,0.81
"BID",132850,"/Date(1704263379000)/",43350,200,448900,19427000000,350,true,0.81
"BID",132843,"/Date(1704263374000)/",43350,200,448700,19419000000,350,true,0.81
"BID",132837,"/Date(1704263368000)/",43350,200,448500,19410000000,350,true,0.81
"BID",132833,"/Date(1704263365000)/",43350,300,448300,19401000000,350,true,0.81
"BID",132833,"/Date(1704263363000)/",43350,200,448000,19388000000,350,true,0.81
"BID",132823,"/Date(1704263354000)/",43350,100,447800,19380000000,350,true,0.81
"BID",132823,"/Date(1704263354000)/",43350,100,447700,19375000000,350,true,0.81
"BID",132820,"/Date(1704263351000)/",43350,200,447600,19371000000,350,true,0.81
"BID",132817,"/Date(1704263349000)/",43350,100,447400,19362000000,350,true,0.81
"BID",132814,"/Date(1704263346000)/",43350,200,447300,19358000000,350,true,0.81
"BID",132800,"/Date(1704263333000)/",43350,100,447100,19349000000,350,true,0.81
"BID",132754,"/Date(1704263325000)/",43350,100,447000,19345000000,350,true,0.81
"BID",132740,"/Date(1704263313000)/",43350,100,446900,19341000000,350,true,0.81
"BID",132733,"/Date(1704263306000)/",43350,100,446800,19336000000,350,true,0.81
"BID",132733,"/Date(1704263306000)/",43350,100,446700,19332000000,350,true,0.81
"BID",132649,"/Date(1704263263000)/",43350,200,446600,19328000000,350,true,0.81
"BID",132642,"/Date(1704263259000)/",43350,200,446400,19319000000,350,true,0.81
"BID",132638,"/Date(1704263254000)/",43350,200,446200,19310000000,350,true,0.81
"BID",132632,"/Date(1704263248000)/",43350,200,446000,19302000000,350,true,0.81
"BID",132619,"/Date(1704263236000)/",43350,100,445800,19293000000,350,true,0.81
"BID",132619,"/Date(1704263236000)/",43350,1900,445700,19289000000,350,true,0.81
"BID",132609,"/Date(1704263227000)/",43350,100,443800,19206000000,350,true,0.81
"BID",132603,"/Date(1704263221000)/",43350,1000,443700,19202000000,350,false,0.81
"BID",132603,"/Date(1704263218000)/",43350,500,442700,19158000000,350,false,0.81
"BID",132603,"/Date(1704263218000)/",43350,1000,442200,19137000000,350,false,0.81
"BID",132603,"/Date(1704263218000)/",43350,1500,441200,19093000000,350,false,0.81
"BID",132603,"/Date(1704263218000)/",43350,300,439700,19028000000,350,false,0.81
"BID",132603,"/Date(1704263218000)/",43350,200,439400,19015000000,350,false,0.81
"BID",132603,"/Date(1704263218000)/",43350,100,439200,19007000000,350,false,0.81
"BID",132603,"/Date(1704263218000)/",43350,500,439100,19002000000,350,false,0.81
"BID",132603,"/Date(1704263218000)/",43350,200,438600,18981000000,350,false,0.81
"BID",132603,"/Date(1704263218000)/",43350,100,438400,18972000000,350,false,0.81
"BID",132603,"/Date(1704263218000)/",43350,300,438300,18968000000,350,false,0.81
"BID",132603,"/Date(1704263218000)/",43350,100,438000,18955000000,350,false,0.81
"BID",132603,"/Date(1704263218000)/",43350,200,437900,18950000000,350,false,0.81
"BID",132600,"/Date(1704263214000)/",43350,100,437700,18942000000,350,false,0.81
"BID",132600,"/Date(1704263214000)/",43350,300,437600,18937000000,350,false,0.81
"BID",132600,"/Date(1704263214000)/",43350,300,437300,18924000000,350,false,0.81
"BID",132600,"/Date(1704263214000)/",43350,300,437000,18911000000,350,false,0.81
"BID",132600,"/Date(1704263214000)/",43350,100,436700,18898000000,350,false,0.81
"BID",132600,"/Date(1704263214000)/",43350,900,436600,18894000000,350,false,0.81
"BID",132600,"/Date(1704263212000)/",43300,200,435700,18855000000,300,true,0.7
"BID",132518,"/Date(1704263175000)/",43300,1000,435500,18846000000,300,true,0.7
"BID",132518,"/Date(1704263175000)/",43300,1000,434500,18803000000,300,true,0.7
"BID",132518,"/Date(1704263175000)/",43300,2500,433500,18760000000,300,true,0.7
"BID",132518,"/Date(1704263175000)/",43300,200,431000,18652000000,300,true,0.7
"BID",132518,"/Date(1704263175000)/",43300,500,430800,18643000000,300,true,0.7
"BID",132518,"/Date(1704263175000)/",43300,1000,430300,18621000000,300,true,0.7
"BID",132518,"/Date(1704263175000)/",43300,2000,429300,18578000000,300,true,0.7
"BID",132518,"/Date(1704263175000)/",43300,1000,427300,18491000000,300,true,0.7
"BID",132518,"/Date(1704263175000)/",43300,300,426300,18448000000,300,true,0.7
"BID",132518,"/Date(1704263175000)/",43300,900,426000,18435000000,300,true,0.7
"BID",132518,"/Date(1704263175000)/",43300,900,425100,18396000000,300,true,0.7
"BID",132518,"/Date(1704263175000)/",43300,300,424200,18357000000,300,true,0.7
"BID",132518,"/Date(1704263175000)/",43300,100,423900,18344000000,300,true,0.7
"BID",132506,"/Date(1704263163000)/",43250,200,423800,18340000000,250,true,0.58
"BID",132424,"/Date(1704263120000)/",43250,100,423600,18331000000,250,true,0.58
"BID",132421,"/Date(1704263116000)/",43250,200,423500,18327000000,250,true,0.58
"BID",132415,"/Date(1704263111000)/",43250,200,423300,18318000000,250,false,0.58
"BID",132415,"/Date(1704263111000)/",43250,500,423100,18309000000,250,false,0.58
"BID",132405,"/Date(1704263102000)/",43250,500,422600,18288000000,250,false,0.58
"BID",132405,"/Date(1704263102000)/",43250,200,422100,18266000000,250,false,0.58
"BID",132405,"/Date(1704263102000)/",43250,1300,421900,18258000000,250,false,0.58
"BID",132352,"/Date(1704263088000)/",43200,300,420600,18201000000,200,true,0.47
"BID",132352,"/Date(1704263088000)/",43200,300,420300,18188000000,200,true,0.47
"BID",132352,"/Date(1704263088000)/",43200,300,420000,18175000000,200,true,0.47
"BID",132349,"/Date(1704263086000)/",43250,3700,419700,18162000000,250,false,0.58
"BID",132349,"/Date(1704263086000)/",43250,1100,416000,18002000000,250,false,0.58
"BID",132349,"/Date(1704263086000)/",43250,200,414900,17955000000,250,false,0.58
"BID",132340,"/Date(1704263075000)/",43250,500,414700,17946000000,250,false,0.58
"BID",132340,"/Date(1704263075000)/",43250,1500,414200,17925000000,250,false,0.58
"BID",132333,"/Date(1704263068000)/",43200,200,412700,17860000000,200,true,0.47
"BID",132245,"/Date(1704263022000)/",43200,200,412500,17851000000,200,true,0.47
"BID",132233,"/Date(1704263010000)/",43200,600,412300,17842000000,200,true,0.47
"BID",132226,"/Date(1704263003000)/",43250,100,411700,17817000000,250,false,0.58
"BID",132217,"/Date(1704262995000)/",43250,100,411600,17812000000,250,false,0.58
"BID",132158,"/Date(1704262973000)/",43200,200,411500,17808000000,200,true,0.47
"BID",132158,"/Date(1704262973000)/",43250,600,411300,17799000000,250,false,0.58
"BID",132110,"/Date(1704262925000)/",43200,200,410700,17773000000,200,true,0.47
"BID",132022,"/Date(1704262878000)/",43200,200,410500,17765000000,200,true,0.47
"BID",132009,"/Date(1704262866000)/",43200,500,410300,17756000000,200,true,0.47
"BID",131950,"/Date(1704262848000)/",43200,300,409800,17734000000,200,true,0.47
"BID",131934,"/Date(1704262831000)/",43200,100,409500,17721000000,200,true,0.47
"BID",131909,"/Date(1704262804000)/",43250,100,409400,17717000000,250,false,0.58
"BID",131859,"/Date(1704262794000)/",43200,4000,409300,17713000000,200,true,0.47
"BID",131808,"/Date(1704262743000)/",43250,300,405300,17540000000,250,false,0.58
"BID",131736,"/Date(1704262712000)/",43250,7300,405000,17527000000,250,false,0.58
"BID",131736,"/Date(1704262712000)/",43250,300,397700,17211000000,250,false,0.58
"BID",131736,"/Date(1704262712000)/",43250,100,397400,17198000000,250,false,0.58
"BID",131736,"/Date(1704262712000)/",43250,300,397300,17194000000,250,false,0.58
"BID",131736,"/Date(1704262712000)/",43250,800,397000,17181000000,250,false,0.58
"BID",131733,"/Date(1704262709000)/",43200,100,396200,17146000000,200,true,0.47
"BID",131733,"/Date(1704262709000)/",43200,900,396100,17142000000,200,true,0.47
"BID",131727,"/Date(1704262702000)/",43250,200,395200,17103000000,250,false,0.58
"BID",131727,"/Date(1704262702000)/",43250,100,395000,17095000000,250,false,0.58
"BID",131711,"/Date(1704262687000)/",43200,200,394900,17090000000,200,true,0.47
"BID",131708,"/Date(1704262684000)/",43200,700,394700,17082000000,200,true,0.47
"BID",131658,"/Date(1704262675000)/",43200,200,394000,17051000000,200,false,0.47
"BID",131642,"/Date(1704262659000)/",43200,100,393800,17043000000,200,false,0.47
"BID",131642,"/Date(1704262659000)/",43200,300,393700,17038000000,200,false,0.47
"BID",131642,"/Date(1704262659000)/",43200,300,393400,17025000000,200,false,0.47
"BID",131642,"/Date(1704262659000)/",43200,300,393100,17012000000,200,false,0.47
"BID",131642,"/Date(1704262659000)/",43200,100,392800,17000000000,200,false,0.47
"BID",131642,"/Date(1704262659000)/",43200,100,392700,16995000000,200,false,0.47
"BID",131642,"/Date(1704262659000)/",43200,300,392600,16991000000,200,false,0.47
"BID",131642,"/Date(1704262659000)/",43200,1000,392300,16978000000,200,false,0.47
"BID",131642,"/Date(1704262659000)/",43200,300,391300,16935000000,200,false,0.47
"BID",131642,"/Date(1704262659000)/",43200,200,391000,16922000000,200,false,0.47
"BID",131642,"/Date(1704262659000)/",43200,1100,390800,16913000000,200,false,0.47
"BID",131642,"/Date(1704262659000)/",43200,900,389700,16866000000,200,false,0.47
"BID",131626,"/Date(1704262640000)/",43150,200,388800,16827000000,150,true,0.35
"BID",131620,"/Date(1704262635000)/",43150,1000,388600,16818000000,150,true,0.35
"BID",131620,"/Date(1704262635000)/",43150,100,387600,16775000000,150,true,0.35
"BID",131617,"/Date(1704262632000)/",43150,200,387500,16771000000,150,false,0.35
"BID",131601,"/Date(1704262616000)/",43150,100,387300,16762000000,150,false,0.35
"BID",131551,"/Date(1704262607000)/",43150,500,387200,16758000000,150,true,0.35
"BID",131551,"/Date(1704262607000)/",43150,2000,386700,16736000000,150,true,0.35
"BID",131551,"/Date(1704262607000)/",43150,100,384700,16650000000,150,true,0.35
"BID",131551,"/Date(1704262607000)/",43150,100,384600,16645000000,150,true,0.35
"BID",131538,"/Date(1704262592000)/",43150,200,384500,16641000000,150,true,0.35
"BID",131500,"/Date(1704262555000)/",43150,4700,384300,16633000000,150,true,0.35
"BID",131500,"/Date(1704262555000)/",43150,300,379600,16430000000,150,true,0.35
"BID",131254,"/Date(1704262427000)/",43200,100,379300,16417000000,200,false,0.47
"BID",131207,"/Date(1704262380000)/",43200,100,379200,16412000000,200,false,0.47
"BID",131151,"/Date(1704262363000)/",43200,100,379100,16408000000,200,false,0.47
"BID",131048,"/Date(1704262299000)/",43200,100,379000,16404000000,200,false,0.47
"BID",131027,"/Date(1704262276000)/",43200,2000,378900,16400000000,200,true,0.47
"BID",131027,"/Date(1704262276000)/",43200,2000,376900,16313000000,200,true,0.47
"BID",131027,"/Date(1704262276000)/",43200,2000,374900,16227000000,200,true,0.47
"BID",131027,"/Date(1704262276000)/",43200,500,372900,16140000000,200,true,0.47
"BID",131012,"/Date(1704262260000)/",43200,300,372400,16119000000,200,true,0.47
"BID",131005,"/Date(1704262253000)/",43200,200,372100,16106000000,200,true,0.47
"BID",131005,"/Date(1704262253000)/",43200,300,371900,16097000000,200,true,0.47
"BID",131005,"/Date(1704262253000)/",43200,7500,371600,16084000000,200,true,0.47
"BID",130848,"/Date(1704262172000)/",43250,100,364100,15760000000,250,false,0.58
"BID",130848,"/Date(1704262172000)/",43250,100,364000,15756000000,250,false,0.58
"BID",130803,"/Date(1704262127000)/",43250,100,363900,15752000000,250,false,0.58
"BID",130803,"/Date(1704262127000)/",43250,1200,363800,15747000000,250,false,0.58
"BID",130756,"/Date(1704262121000)/",43250,100,362600,15695000000,250,true,0.58
"BID",130753,"/Date(1704262116000)/",43250,300,362500,15691000000,250,true,0.58
"BID",130749,"/Date(1704262113000)/",43250,100,362200,15678000000,250,true,0.58
"BID",130713,"/Date(1704262079000)/",43250,300,362100,15674000000,250,false,0.58
"BID",130647,"/Date(1704262051000)/",43250,1200,361800,15661000000,250,false,0.58
"BID",130644,"/Date(1704262049000)/",43250,500,360600,15609000000,250,true,0.58
"BID",130615,"/Date(1704262022000)/",43250,300,360100,15587000000,250,false,0.58
"BID",130546,"/Date(1704261990000)/",43200,100,359800,15574000000,200,true,0.47
"BID",130526,"/Date(1704261973000)/",43200,300,359700,15570000000,200,true,0.47
"BID",130526,"/Date(1704261972000)/",43200,100,359400,15557000000,200,true,0.47
"BID",130436,"/Date(1704261926000)/",43200,300,359300,15553000000,200,true,0.47
"BID",130433,"/Date(1704261923000)/",43200,500,359000,15540000000,200,true,0.47
"BID",130433,"/Date(1704261923000)/",43250,1500,358500,15518000000,250,true,0.58
"BID",130433,"/Date(1704261923000)/",43250,200,357000,15453000000,250,true,0.58
"BID",130345,"/Date(1704261878000)/",43250,300,356800,15444000000,250,true,0.58
"BID",130310,"/Date(1704261844000)/",43250,200,356500,15432000000,250,false,0.58
"BID",130310,"/Date(1704261844000)/",43250,200,356300,15423000000,250,false,0.58
"BID",130212,"/Date(1704261786000)/",43300,300,356100,15414000000,300,false,0.7
"BID",130209,"/Date(1704261784000)/",43300,300,355800,15401000000,300,true,0.7
"BID",130150,"/Date(1704261765000)/",43300,1000,355500,15388000000,300,true,0.7
"BID",130131,"/Date(1704261746000)/",43300,400,354500,15345000000,300,true,0.7
"BID",130131,"/Date(1704261746000)/",43300,1600,354100,15328000000,300,true,0.7
"BID",130121,"/Date(1704261735000)/",43300,300,352500,15258000000,300,true,0.7
"BID",130043,"/Date(1704261697000)/",43300,300,352200,15245000000,300,true,0.7
"BID",130033,"/Date(1704261688000)/",43300,300,351900,15232000000,300,true,0.7
"BID",130021,"/Date(1704261676000)/",43300,100,351600,15219000000,300,true,0.7
"BID",125946,"/Date(1704261641000)/",43300,300,351500,15215000000,300,true,0.7
"BID",125939,"/Date(1704261626000)/",43300,1000,351200,15202000000,300,true,0.7
"BID",125936,"/Date(1704261620000)/",43300,100,350200,15159000000,300,false,0.7
"BID",125936,"/Date(1704261620000)/",43300,100,350100,15154000000,300,false,0.7
"BID",125936,"/Date(1704261620000)/",43300,900,350000,15150000000,300,false,0.7
"BID",125926,"/Date(1704261605000)/",43300,1000,349100,15111000000,300,false,0.7
"BID",125923,"/Date(1704261603000)/",43300,100,348100,15068000000,300,false,0.7
"BID",125923,"/Date(1704261602000)/",43300,2300,348000,15063000000,300,false,0.7
"BID",125923,"/Date(1704261602000)/",43300,200,345700,14964000000,300,false,0.7
"BID",125920,"/Date(1704261601000)/",43300,400,345500,14955000000,300,true,0.7
"BID",125920,"/Date(1704261601000)/",43300,300,345100,14938000000,300,true,0.7
"BID",125920,"/Date(1704261601000)/",43300,400,344800,14925000000,300,true,0.7
"BID",125920,"/Date(1704261601000)/",43300,200,344400,14908000000,300,true,0.7
"BID",125920,"/Date(1704261601000)/",43300,300,344200,14899000000,300,true,0.7
"BID",112920,"/Date(1704256193000)/",43300,300,343900,14886000000,300,true,0.7
"BID",112857,"/Date(1704256169000)/",43300,500,343600,14873000000,300,true,0.7
"BID",112857,"/Date(1704256169000)/",43300,600,343100,14851000000,300,true,0.7
"BID",112301,"/Date(1704255813000)/",43350,300,342500,14825000000,350,true,0.81
"BID",112301,"/Date(1704255812000)/",43400,2800,342200,14812000000,400,false,0.93
"BID",112301,"/Date(1704255812000)/",43400,300,339400,14691000000,400,false,0.93
"BID",112301,"/Date(1704255812000)/",43400,200,339100,14678000000,400,false,0.93
"BID",112301,"/Date(1704255812000)/",43400,200,338900,14669000000,400,false,0.93
"BID",112301,"/Date(1704255812000)/",43400,1000,338700,14660000000,400,false,0.93
"BID",112301,"/Date(1704255812000)/",43400,400,337700,14617000000,400,false,0.93
"BID",112223,"/Date(1704255775000)/",43350,300,337300,14600000000,350,false,0.81
"BID",112141,"/Date(1704255733000)/",43350,300,337000,14587000000,350,false,0.81
"BID",112053,"/Date(1704255687000)/",43350,400,336700,14574000000,350,true,0.81
"BID",112050,"/Date(1704255682000)/",43350,1000,336300,14556000000,350,true,0.81
"BID",112038,"/Date(1704255669000)/",43350,300,335300,14513000000,350,true,0.81
"BID",112031,"/Date(1704255661000)/",43350,100,335000,14500000000,350,true,0.81
"BID",112025,"/Date(1704255656000)/",43350,100,334900,14496000000,350,false,0.81
"BID",112025,"/Date(1704255656000)/",43350,300,334800,14491000000,350,false,0.81
"BID",112025,"/Date(1704255656000)/",43350,100,334500,14478000000,350,false,0.81
"BID",112025,"/Date(1704255656000)/",43350,200,334400,14474000000,350,false,0.81
"BID",112025,"/Date(1704255656000)/",43350,1000,334200,14465000000,350,false,0.81
"BID",112025,"/Date(1704255656000)/",43350,1000,333200,14422000000,350,false,0.81
"BID",112025,"/Date(1704255656000)/",43350,500,332200,14379000000,350,false,0.81
"BID",112015,"/Date(1704255648000)/",43350,600,331700,14357000000,350,false,0.81
"BID",112015,"/Date(1704255648000)/",43350,1000,331100,14331000000,350,false,0.81
"BID",112015,"/Date(1704255648000)/",43350,500,330100,14288000000,350,false,0.81
"BID",111949,"/Date(1704255621000)/",43300,300,329600,14266000000,300,true,0.7
"BID",111917,"/Date(1704255588000)/",43300,600,329300,14253000000,300,true,0.7
"BID",111917,"/Date(1704255588000)/",43300,100,328700,14227000000,300,true,0.7
"BID",111917,"/Date(1704255588000)/",43300,300,328600,14223000000,300,true,0.7
"BID",111858,"/Date(1704255571000)/",43350,100,328300,14210000000,350,false,0.81
"BID",111852,"/Date(1704255562000)/",43300,1000,328200,14205000000,300,true,0.7
"BID",111852,"/Date(1704255562000)/",43300,100,327200,14162000000,300,true,0.7
"BID",111817,"/Date(1704255526000)/",43300,300,327100,14158000000,300,true,0.7
"BID",111729,"/Date(1704255480000)/",43300,300,326800,14145000000,300,true,0.7
"BID",111641,"/Date(1704255431000)/",43300,300,326500,14132000000,300,true,0.7
"BID",111553,"/Date(1704255384000)/",43300,300,326200,14119000000,300,true,0.7
"BID",111537,"/Date(1704255368000)/",43300,1000,325900,14106000000,300,true,0.7
"BID",111505,"/Date(1704255337000)/",43300,300,324900,14062000000,300,true,0.7
"BID",111418,"/Date(1704255288000)/",43300,300,324600,14049000000,300,true,0.7
"BID",111330,"/Date(1704255241000)/",43300,300,324300,14036000000,300,true,0.7
"BID",111245,"/Date(1704255193000)/",43300,300,324000,14023000000,300,true,0.7
"BID",111154,"/Date(1704255145000)/",43300,300,323700,14010000000,300,true,0.7
"BID",111109,"/Date(1704255098000)/",43300,300,323400,13997000000,300,true,0.7
"BID",111028,"/Date(1704255059000)/",43300,900,323100,13984000000,300,true,0.7
"BID",111028,"/Date(1704255059000)/",43300,400,322200,13945000000,300,true,0.7
"BID",111022,"/Date(1704255051000)/",43300,300,321800,13928000000,300,true,0.7
"BID",110934,"/Date(1704255004000)/",43300,200,321500,13915000000,300,true,0.7
"BID",110934,"/Date(1704255004000)/",43300,300,321300,13906000000,300,true,0.7
"BID",110934,"/Date(1704255004000)/",43300,600,321000,13893000000,300,true,0.7
"BID",110934,"/Date(1704255003000)/",43300,300,320400,13868000000,300,true,0.7
"BID",110846,"/Date(1704254955000)/",43300,300,320100,13855000000,300,true,0.7
"BID",110843,"/Date(1704254953000)/",43300,600,319800,13842000000,300,true,0.7
"BID",110836,"/Date(1704254947000)/",43300,100,319200,13816000000,300,true,0.7
"BID",110758,"/Date(1704254907000)/",43300,300,319100,13811000000,300,true,0.7
"BID",110729,"/Date(1704254879000)/",43300,500,318800,13798000000,300,true,0.7
"BID",110710,"/Date(1704254860000)/",43300,300,318300,13777000000,300,true,0.7
"BID",110623,"/Date(1704254812000)/",43300,300,318000,13764000000,300,true,0.7
"BID",110623,"/Date(1704254811000)/",43300,1100,317700,13751000000,300,true,0.7
"BID",110535,"/Date(1704254766000)/",43300,300,316600,13703000000,300,true,0.7
"BID",110447,"/Date(1704254717000)/",43300,300,316300,13690000000,300,true,0.7
"BID",110359,"/Date(1704254669000)/",43300,300,316000,13677000000,300,true,0.7
"BID",110359,"/Date(1704254669000)/",43300,700,315700,13664000000,300,true,0.7
"BID",110359,"/Date(1704254669000)/",43300,100,315000,13634000000,300,true,0.7
"BID",110318,"/Date(1704254629000)/",43300,1000,314900,13629000000,300,true,0.7
"BID",110315,"/Date(1704254622000)/",43300,300,313900,13586000000,300,true,0.7
"BID",110305,"/Date(1704254614000)/",43300,300,313600,13573000000,300,false,0.7
"BID",110305,"/Date(1704254614000)/",43300,2000,313300,13560000000,300,false,0.7
"BID",110305,"/Date(1704254614000)/",43300,300,311300,13473000000,300,false,0.7
"BID",110240,"/Date(1704254587000)/",43250,100,311000,13460000000,250,true,0.58
"BID",110230,"/Date(1704254578000)/",43200,100,310900,13456000000,200,true,0.47
"BID",110227,"/Date(1704254574000)/",43200,300,310800,13452000000,200,true,0.47
"BID",110205,"/Date(1704254553000)/",43200,300,310500,13439000000,200,false,0.47
"BID",110205,"/Date(1704254553000)/",43200,500,310200,13426000000,200,false,0.47
"BID",110146,"/Date(1704254536000)/",43200,600,309700,13404000000,200,false,0.47
"BID",110146,"/Date(1704254536000)/",43200,4400,309100,13378000000,200,false,0.47
"BID",110139,"/Date(1704254528000)/",43200,4000,304700,13188000000,200,false,0.47
"BID",110133,"/Date(1704254521000)/",43200,3000,300700,13016000000,200,false,0.47
"BID",110123,"/Date(1704254513000)/",43200,2000,297700,12886000000,200,false,0.47
"BID",110108,"/Date(1704254497000)/",43150,100,295700,12800000000,150,true,0.35
"BID",110048,"/Date(1704254478000)/",43200,1000,295600,12795000000,200,false,0.47
"BID",110048,"/Date(1704254478000)/",43200,1100,294600,12752000000,200,false,0.47
"BID",110048,"/Date(1704254478000)/",43200,4600,293500,12704000000,200,false,0.47
"BID",110048,"/Date(1704254478000)/",43250,2000,288900,12506000000,250,false,0.58
"BID",110048,"/Date(1704254478000)/",43250,2200,286900,12419000000,250,false,0.58
"BID",110048,"/Date(1704254478000)/",43300,900,284700,12324000000,300,false,0.7
"BID",110035,"/Date(1704254464000)/",43350,900,283800,12285000000,350,false,0.81
"BID",110035,"/Date(1704254464000)/",43350,100,282900,12246000000,350,false,0.81
"BID",110023,"/Date(1704254453000)/",43350,3900,282800,12242000000,350,false,0.81
"BID",110023,"/Date(1704254453000)/",43350,500,278900,12073000000,350,false,0.81
"BID",110023,"/Date(1704254453000)/",43350,1000,278400,12051000000,350,false,0.81
"BID",110023,"/Date(1704254453000)/",43350,1000,277400,12008000000,350,false,0.81
"BID",110004,"/Date(1704254432000)/",43300,300,276400,11964000000,300,true,0.7
"BID",105916,"/Date(1704254385000)/",43300,300,276100,11951000000,300,true,0.7
"BID",105906,"/Date(1704254373000)/",43300,1100,275800,11938000000,300,true,0.7
"BID",105903,"/Date(1704254373000)/",43300,300,274700,11891000000,300,true,0.7
"BID",105903,"/Date(1704254373000)/",43300,300,274400,11878000000,300,true,0.7
"BID",105903,"/Date(1704254373000)/",43300,500,274100,11865000000,300,true,0.7
"BID",105903,"/Date(1704254373000)/",43300,300,273600,11843000000,300,true,0.7
"BID",105903,"/Date(1704254373000)/",43300,300,273300,11830000000,300,true,0.7
"BID",105903,"/Date(1704254373000)/",43300,300,273000,11817000000,300,true,0.7
"BID",105903,"/Date(1704254373000)/",43300,300,272700,11804000000,300,true,0.7
"BID",105903,"/Date(1704254373000)/",43300,100,272400,11791000000,300,true,0.7
"BID",105744,"/Date(1704254291000)/",43300,300,272300,11787000000,300,false,0.7
"BID",105744,"/Date(1704254291000)/",43300,300,272000,11774000000,300,false,0.7
"BID",105744,"/Date(1704254291000)/",43300,200,271700,11761000000,300,false,0.7
"BID",105643,"/Date(1704254231000)/",43300,1800,271500,11752000000,300,false,0.7
"BID",105608,"/Date(1704254197000)/",43300,3000,269700,11674000000,300,false,0.7
"BID",105608,"/Date(1704254197000)/",43300,300,266700,11544000000,300,false,0.7
"BID",105608,"/Date(1704254197000)/",43300,300,266400,11531000000,300,false,0.7
"BID",105608,"/Date(1704254197000)/",43300,100,266100,11518000000,300,false,0.7
"BID",105608,"/Date(1704254197000)/",43300,100,266000,11514000000,300,false,0.7
"BID",105608,"/Date(1704254197000)/",43300,6200,265900,11510000000,300,false,0.7
"BID",105401,"/Date(1704254069000)/",43300,200,259700,11241000000,300,false,0.7
"BID",105345,"/Date(1704254051000)/",43250,300,259500,11233000000,250,true,0.58
"BID",105332,"/Date(1704254039000)/",43250,100,259200,11220000000,250,true,0.58
"BID",105257,"/Date(1704254003000)/",43250,300,259100,11215000000,250,true,0.58
"BID",105248,"/Date(1704253997000)/",43250,1100,258800,11202000000,250,true,0.58
"BID",105210,"/Date(1704253956000)/",43250,300,257700,11155000000,250,true,0.58
"BID",105122,"/Date(1704253908000)/",43250,300,257400,11142000000,250,true,0.58
"BID",105034,"/Date(1704253860000)/",43250,300,257100,11129000000,250,true,0.58
"BID",105031,"/Date(1704253858000)/",43250,100,256800,11116000000,250,true,0.58
"BID",104657,"/Date(1704253645000)/",43300,100,256700,11111000000,300,true,0.7
"BID",104657,"/Date(1704253645000)/",43300,100,256600,11107000000,300,true,0.7
"BID",104657,"/Date(1704253645000)/",43300,3000,256500,11103000000,300,true,0.7
"BID",104657,"/Date(1704253645000)/",43300,3000,253500,10973000000,300,true,0.7
"BID",104657,"/Date(1704253645000)/",43300,1000,250500,10843000000,300,true,0.7
"BID",104657,"/Date(1704253645000)/",43300,3200,249500,10800000000,300,true,0.7
"BID",104657,"/Date(1704253645000)/",43350,8200,246300,10661000000,350,true,0.81
"BID",104635,"/Date(1704253622000)/",43350,300,238100,10306000000,350,true,0.81
"BID",104550,"/Date(1704253577000)/",43350,500,237800,10293000000,350,false,0.81
"BID",104550,"/Date(1704253577000)/",43350,1000,237300,10271000000,350,false,0.81
"BID",104550,"/Date(1704253575000)/",43300,300,236300,10228000000,300,true,0.7
"BID",104528,"/Date(1704253553000)/",43300,400,236000,10215000000,300,true,0.7
"BID",104525,"/Date(1704253552000)/",43300,1100,235600,10197000000,300,true,0.7
"BID",104502,"/Date(1704253527000)/",43300,300,234500,10150000000,300,true,0.7
"BID",104437,"/Date(1704253502000)/",43300,200,234200,10137000000,300,true,0.7
"BID",104427,"/Date(1704253492000)/",43350,100,234000,10128000000,350,true,0.81
"BID",104427,"/Date(1704253492000)/",43350,200,233900,10124000000,350,true,0.81
"BID",104427,"/Date(1704253492000)/",43350,1200,233700,10115000000,350,true,0.81
"BID",104427,"/Date(1704253492000)/",43350,1500,232500,10063000000,350,true,0.81
"BID",104415,"/Date(1704253481000)/",43350,300,231000,9998000000,350,true,0.81
"BID",104415,"/Date(1704253480000)/",43350,300,230700,9985000000,350,true,0.81
"BID",104402,"/Date(1704253469000)/",43350,200,230400,9972000000,350,true,0.81
"BID",104352,"/Date(1704253460000)/",43350,200,230200,9963000000,350,true,0.81
"BID",104349,"/Date(1704253455000)/",43350,1000,230000,9955000000,350,true,0.81
"BID",104343,"/Date(1704253450000)/",43350,200,229000,9911000000,350,true,0.81
