"Stockcode","Package","TradingDate","Price","Vol","TotalVol","TotalVal","Change","IsBuy","PerChange"
"DXS",144408,"/Date(1704267900000)/",7540,245200,1511600,11296000000,120,false,1.62
"DXS",142911,"/Date(1704266997000)/",7510,1900,1266400,9447000000,90,false,1.21
"DXS",142911,"/Date(1704266997000)/",7510,100,1264500,9433000000,90,false,1.21
"DXS",142908,"/Date(1704266994000)/",7510,1000,1264400,9432000000,90,false,1.21
"DXS",142855,"/Date(1704266981000)/",7510,2000,1263400,9424000000,90,false,1.21
"DXS",142852,"/Date(1704266978000)/",7510,900,1261400,9409000000,90,false,1.21
"DXS",142852,"/Date(1704266978000)/",7510,200,1260500,9403000000,90,false,1.21
"DXS",142852,"/Date(1704266978000)/",7510,1900,1260300,9401000000,90,false,1.21
"DXS",142849,"/Date(1704266975000)/",7510,1000,1258400,9387000000,90,false,1.21
"DXS",142839,"/Date(1704266966000)/",7510,1000,1257400,9379000000,90,false,1.21
"DXS",142826,"/Date(1704266951000)/",7500,600,1256400,9372000000,80,true,1.08
"DXS",142823,"/Date(1704266951000)/",7500,1800,1255800,9367000000,80,true,1.08
"DXS",142823,"/Date(1704266951000)/",7500,200,1254000,9354000000,80,true,1.08
"DXS",142817,"/Date(1704266942000)/",7510,600,1253800,9352000000,90,false,1.21
"DXS",142804,"/Date(1704266929000)/",7500,2800,1253200,9348000000,80,false,1.08
"DXS",142751,"/Date(1704266918000)/",7500,700,1250400,9327000000,80,true,1.08
"DXS",142748,"/Date(1704266913000)/",7500,100,1249700,9322000000,80,false,1.08
"DXS",142748,"/Date(1704266913000)/",7500,7000,1249600,9321000000,80,false,1.08
"DXS",142748,"/Date(1704266913000)/",7500,200,1242600,9268000000,80,false,1.08
"DXS",142731,"/Date(1704266899000)/",7500,200,1242400,9267000000,80,false,1.08
"DXS",142731,"/Date(1704266899000)/",7500,6200,1242200,9265000000,80,false,1.08
"DXS",142731,"/Date(1704266899000)/",7500,100,1236000,9219000000,80,false,1.08
"DXS",142731,"/Date(1704266899000)/",7500,4000,1235900,9218000000,80,false,1.08
"DXS",142731,"/Date(1704266899000)/",7500,1000,1231900,9188000000,80,false,1.08
"DXS",142731,"/Date(1704266899000)/",7500,800,1230900,9181000000,80,false,1.08
"DXS",142731,"/Date(1704266899000)/",7500,37700,1230100,9175000000,80,false,1.08
"DXS",142728,"/Date(1704266896000)/",7490,1600,1192400,8892000000,70,false,0.94
"DXS",142725,"/Date(1704266892000)/",7490,1300,1190800,8880000000,70,false,0.94
"DXS",142725,"/Date(1704266892000)/",7490,3000,1189500,8870000000,70,false,0.94
"DXS",142725,"/Date(1704266892000)/",7490,5000,1186500,8848000000,70,false,0.94
"DXS",142725,"/Date(1704266892000)/",7490,10700,1181500,8810000000,70,false,0.94
"DXS",142725,"/Date(1704266892000)/",7490,4300,1170800,8730000000,70,false,0.94
"DXS",142725,"/Date(1704266892000)/",7490,400,1166500,8698000000,70,false,0.94
"DXS",142725,"/Date(1704266892000)/",7490,300,1166100,8695000000,70,false,0.94
"DXS",142718,"/Date(1704266887000)/",7490,100,1165800,8693000000,70,false,0.94
"DXS",142633,"/Date(1704266841000)/",7490,600,1165700,8692000000,70,false,0.94
"DXS",142633,"/Date(1704266841000)/",7490,700,1165100,8687000000,70,false,0.94
"DXS",142629,"/Date(1704266837000)/",7480,1000,1164400,8682000000,60,false,0.81
"DXS",142629,"/Date(1704266837000)/",7480,4000,1163400,8675000000,60,false,0.81
"DXS",142549,"/Date(1704266797000)/",7480,800,1159400,8645000000,60,true,0.81
"DXS",142549,"/Date(1704266797000)/",7480,200,1158600,8639000000,60,true,0.81
"DXS",142536,"/Date(1704266785000)/",7480,600,1158400,8637000000,60,false,0.81
"DXS",142536,"/Date(1704266785000)/",7480,200,1157800,8633000000,60,false,0.81
"DXS",142526,"/Date(1704266775000)/",7480,500,1157600,8631000000,60,false,0.81
"DXS",142442,"/Date(1704266733000)/",7480,500,1157100,8627000000,60,false,0.81
"DXS",142428,"/Date(1704266723000)/",7480,1000,1156600,8624000000,60,false,0.81
"DXS",142428,"/Date(1704266723000)/",7480,500,1155600,8616000000,60,false,0.81
"DXS",142425,"/Date(1704266720000)/",7480,2500,1155100,8612000000,60,false,0.81
"DXS",142358,"/Date(1704266694000)/",7480,500,1152600,8594000000,60,false,0.81
"DXS",142342,"/Date(1704266677000)/",7490,6100,1152100,8590000000,70,false,0.94
"DXS",142342,"/Date(1704266677000)/",7480,500,1146000,8544000000,60,false,0.81
"DXS",142342,"/Date(1704266677000)/",7480,900,1145500,8541000000,60,false,0.81
"DXS",142342,"/Date(1704266677000)/",7480,2500,1144600,8534000000,60,false,0.81
"DXS",142308,"/Date(1704266641000)/",7480,500,1142100,8515000000,60,false,0.81
"DXS",142205,"/Date(1704266580000)/",7480,100,1141600,8511000000,60,false,0.81
"DXS",142149,"/Date(1704266565000)/",7480,1000,1141500,8511000000,60,true,0.81
"DXS",142149,"/Date(1704266565000)/",7480,1400,1140500,8503000000,60,true,0.81
"DXS",142149,"/Date(1704266565000)/",7480,2000,1139100,8493000000,60,true,0.81
"DXS",142149,"/Date(1704266565000)/",7480,500,1137100,8478000000,60,true,0.81
"DXS",142149,"/Date(1704266565000)/",7480,100,1136600,8474000000,60,true,0.81
"DXS",142149,"/Date(1704266565000)/",7480,1900,1136500,8473000000,60,true,0.81
"DXS",141818,"/Date(1704266359000)/",7490,200,1134600,8459000000,70,false,0.94
"DXS",141757,"/Date(1704266342000)/",7480,10000,1134400,8458000000,60,true,0.81
"DXS",141757,"/Date(1704266340000)/",7490,200,1124400,8383000000,70,false,0.94
"DXS",141750,"/Date(1704266335000)/",7490,200,1124200,8381000000,70,false,0.94
"DXS",141642,"/Date(1704266266000)/",7480,800,1124000,8380000000,60,true,0.81
"DXS",141642,"/Date(1704266266000)/",7480,500,1123200,8374000000,60,true,0.81
"DXS",141642,"/Date(1704266266000)/",7480,200,1122700,8370000000,60,true,0.81
"DXS",141642,"/Date(1704266266000)/",7480,500,1122500,8369000000,60,true,0.81
"DXS",141600,"/Date(1704266225000)/",7480,500,1122000,8365000000,60,true,0.81
"DXS",141547,"/Date(1704266212000)/",7490,200,1121500,8361000000,70,false,0.94
"DXS",141352,"/Date(1704266097000)/",7490,2400,1121300,8360000000,70,true,0.94
"DXS",141336,"/Date(1704266081000)/",7490,500,1118900,8342000000,70,true,0.94
"DXS",141336,"/Date(1704266081000)/",7490,2100,1118400,8338000000,70,true,0.94
"DXS",141301,"/Date(1704266045000)/",7490,1000,1116300,8322000000,70,false,0.94
"DXS",141301,"/Date(1704266045000)/",7490,200,1115300,8315000000,70,false,0.94
"DXS",141301,"/Date(1704266045000)/",7490,400,1115100,8313000000,70,false,0.94
"DXS",141301,"/Date(1704266045000)/",7490,100,1114700,8310000000,70,false,0.94
"DXS",141301,"/Date(1704266045000)/",7490,2000,1114600,8309000000,70,false,0.94
"DXS",141301,"/Date(1704266045000)/",7490,200,1112600,8294000000,70,false,0.94
"DXS",141301,"/Date(1704266045000)/",7490,4000,1112400,8293000000,70,false,0.94
"DXS",141239,"/Date(1704266025000)/",7490,5000,1108400,8263000000,70,true,0.94
"DXS",141229,"/Date(1704266015000)/",7500,100,1103400,8226000000,80,false,1.08
"DXS",141226,"/Date(1704266011000)/",7500,2200,1103300,8225000000,80,false,1.08
"DXS",141223,"/Date(1704266007000)/",7500,2800,1101100,8208000000,80,true,1.08
"DXS",141223,"/Date(1704266007000)/",7500,400,1098300,8187000000,80,true,1.08
"DXS",141223,"/Date(1704266007000)/",7500,1800,1097900,8184000000,80,true,1.08
"DXS",141220,"/Date(1704266003000)/",7500,1000,1096100,8171000000,80,true,1.08
"DXS",141207,"/Date(1704265991000)/",7500,2000,1095100,8163000000,80,true,1.08
"DXS",141148,"/Date(1704265972000)/",7500,1000,1093100,8148000000,80,true,1.08
"DXS",141145,"/Date(1704265969000)/",7500,4200,1092100,8141000000,80,true,1.08
"DXS",141145,"/Date(1704265969000)/",7500,700,1087900,8109000000,80,true,1.08
"DXS",141145,"/Date(1704265969000)/",7500,500,1087200,8104000000,80,true,1.08
"DXS",141145,"/Date(1704265969000)/",7500,1500,1086700,8100000000,80,true,1.08
"DXS",141145,"/Date(1704265969000)/",7500,200,1085200,8089000000,80,true,1.08
"DXS",141125,"/Date(1704265950000)/",7500,5000,1085000,8088000000,80,true,1.08
"DXS",141109,"/Date(1704265933000)/",7510,500,1080000,8050000000,90,false,1.21
"DXS",141109,"/Date(1704265933000)/",7510,2500,1079500,8046000000,90,false,1.21
"DXS",141057,"/Date(1704265919000)/",7500,400,1077000,8028000000,80,true,1.08
"DXS",141034,"/Date(1704265899000)/",7510,500,1076600,8025000000,90,false,1.21
"DXS",141002,"/Date(1704265867000)/",7500,1200,1076100,8021000000,80,true,1.08
"DXS",141002,"/Date(1704265867000)/",7500,3000,1074900,8012000000,80,true,1.08
"DXS",140953,"/Date(1704265858000)/",7500,1000,1071900,7989000000,80,true,1.08
"DXS",140953,"/Date(1704265857000)/",7500,1000,1070900,7982000000,80,true,1.08
"DXS",140937,"/Date(1704265842000)/",7500,1000,1069900,7974000000,80,true,1.08
"DXS",140934,"/Date(1704265838000)/",7500,4000,1068900,7967000000,80,false,1.08
"DXS",140927,"/Date(1704265832000)/",7500,12000,1064900,7937000000,80,false,1.08
"DXS",140927,"/Date(1704265831000)/",7500,4600,1052900,7847000000,80,false,1.08
"DXS",140927,"/Date(1704265829000)/",7500,8000,1048300,7812000000,80,false,1.08
"DXS",140924,"/Date(1704265829000)/",7500,1100,1040300,7752000000,80,false,1.08
"DXS",140914,"/Date(1704265818000)/",7500,5000,1039200,7744000000,80,false,1.08
"DXS",140908,"/Date(1704265813000)/",7500,2000,1034200,7706000000,80,false,1.08
"DXS",140859,"/Date(1704265804000)/",7500,1200,1032200,7691000000,80,false,1.08
"DXS",140849,"/Date(1704265793000)/",7500,1000,1031000,7682000000,80,false,1.08
"DXS",140823,"/Date(1704265766000)/",7500,200,1030000,7675000000,80,false,1.08
"DXS",140814,"/Date(1704265758000)/",7500,2000,1029800,7673000000,80,false,1.08
"DXS",140807,"/Date(1704265752000)/",7500,6000,1027800,7658000000,80,false,1.08
"DXS",140804,"/Date(1704265748000)/",7500,2000,1021800,7613000000,80,true,1.08
"DXS",140804,"/Date(1704265748000)/",7500,900,1019800,7598000000,80,true,1.08
"DXS",140758,"/Date(1704265740000)/",7500,100,1018900,7592000000,80,true,1.08
"DXS",140754,"/Date(1704265739000)/",7500,900,1018800,7591000000,80,false,1.08
"DXS",140754,"/Date(1704265739000)/",7500,500,1017900,7584000000,80,false,1.08
"DXS",140754,"/Date(1704265739000)/",7500,900,1017400,7580000000,80,false,1.08
"DXS",140754,"/Date(1704265739000)/",7500,200,1016500,7574000000,80,false,1.08
"DXS",140742,"/Date(1704265726000)/",7500,400,1016300,7572000000,80,false,1.08
"DXS",140742,"/Date(1704265726000)/",7500,1000,1015900,7569000000,80,false,1.08
"DXS",140742,"/Date(1704265726000)/",7500,600,1014900,7562000000,80,false,1.08
"DXS",140739,"/Date(1704265723000)/",7500,200,1014300,7557000000,80,false,1.08
"DXS",140726,"/Date(1704265710000)/",7500,200,1014100,7556000000,80,false,1.08
"DXS",140726,"/Date(1704265710000)/",7500,200,1013900,7554000000,80,false,1.08
"DXS",140719,"/Date(1704265702000)/",7500,800,1013700,7553000000,80,false,1.08
"DXS",140716,"/Date(1704265700000)/",7500,5200,1012900,7547000000,80,false,1.08
"DXS",140716,"/Date(1704265700000)/",7500,2000,1007700,7508000000,80,false,1.08
"DXS",140716,"/Date(1704265700000)/",7500,2800,1005700,7493000000,80,false,1.08
"DXS",140716,"/Date(1704265699000)/",7500,2200,1002900,7472000000,80,false,1.08
"DXS",140716,"/Date(1704265699000)/",7500,5400,1000700,7455000000,80,false,1.08
"DXS",140710,"/Date(1704265693000)/",7500,2000,995300,7415000000,80,false,1.08
"DXS",140710,"/Date(1704265693000)/",7500,600,993300,7400000000,80,false,1.08
"DXS",140707,"/Date(1704265690000)/",7500,6600,992700,7395000000,80,false,1.08
"DXS",140651,"/Date(1704265675000)/",7500,65400,986100,7346000000,80,false,1.08
"DXS",140651,"/Date(1704265675000)/",7500,200,920700,6855000000,80,false,1.08
"DXS",140651,"/Date(1704265675000)/",7500,3000,920500,6854000000,80,false,1.08
"DXS",140651,"/Date(1704265675000)/",7500,300,917500,6831000000,80,false,1.08
"DXS",140651,"/Date(1704265675000)/",7500,1000,917200,6829000000,80,false,1.08
"DXS",140651,"/Date(1704265675000)/",7500,100,916200,6821000000,80,false,1.08
"DXS",140651,"/Date(1704265675000)/",7500,1300,916100,6821000000,80,false,1.08
"DXS",140651,"/Date(1704265675000)/",7500,5000,914800,6811000000,80,false,1.08
"DXS",140651,"/Date(1704265675000)/",7500,300,909800,6773000000,80,false,1.08
"DXS",140651,"/Date(1704265675000)/",7500,300,909500,6771000000,80,false,1.08
"DXS",140651,"/Date(1704265675000)/",7500,2000,909200,6769000000,80,false,1.08
"DXS",140651,"/Date(1704265675000)/",7500,1000,907200,6754000000,80,false,1.08
"DXS",140651,"/Date(1704265675000)/",7500,3000,906200,6746000000,80,false,1.08
"DXS",140651,"/Date(1704265675000)/",7500,100,903200,6724000000,80,false,1.08
"DXS",140651,"/Date(1704265675000)/",7500,15000,903100,6723000000,80,false,1.08
"DXS",140651,"/Date(1704265675000)/",7500,200,888100,6611000000,80,false,1.08
"DXS",140651,"/Date(1704265675000)/",7500,200,887900,6609000000,80,false,1.08
"DXS",140651,"/Date(1704265675000)/",7500,200,887700,6608000000,80,false,1.08
"DXS",140651,"/Date(1704265675000)/",7500,1000,887500,6606000000,80,false,1.08
"DXS",140651,"/Date(1704265675000)/",7500,400,886500,6599000000,80,false,1.08
"DXS",140635,"/Date(1704265659000)/",7490,300,886100,6596000000,70,true,0.94
"DXS",140525,"/Date(1704265587000)/",7490,700,885800,6594000000,70,false,0.94
"DXS",140515,"/Date(1704265577000)/",7490,300,885100,6588000000,70,false,0.94
"DXS",140515,"/Date(1704265577000)/",7490,2700,884800,6586000000,70,false,0.94
"DXS",140441,"/Date(1704265542000)/",7490,7300,882100,6566000000,70,false,0.94
"DXS",140441,"/Date(1704265542000)/",7490,1000,874800,6511000000,70,false,0.94
"DXS",140441,"/Date(1704265542000)/",7490,1700,873800,6504000000,70,false,0.94
"DXS",140412,"/Date(1704265514000)/",7490,2000,872100,6491000000,70,false,0.94
"DXS",140412,"/Date(1704265514000)/",7490,1300,870100,6476000000,70,false,0.94
"DXS",140412,"/Date(1704265514000)/",7500,2000,868800,6466000000,80,false,1.08
"DXS",140412,"/Date(1704265513000)/",7490,100,866800,6451000000,70,false,0.94
"DXS",140409,"/Date(1704265509000)/",7490,200,866700,6450000000,70,true,0.94
"DXS",140331,"/Date(1704265472000)/",7490,2000,866500,6449000000,70,true,0.94
"DXS",140331,"/Date(1704265472000)/",7490,1400,864500,6434000000,70,true,0.94
"DXS",140325,"/Date(1704265466000)/",7490,2000,863100,6423000000,70,false,0.94
"DXS",140257,"/Date(1704265438000)/",7490,1600,861100,6408000000,70,false,0.94
"DXS",140247,"/Date(1704265428000)/",7490,1000,859500,6396000000,70,true,0.94
"DXS",140241,"/Date(1704265420000)/",7490,200,858500,6389000000,70,true,0.94
"DXS",140238,"/Date(1704265417000)/",7490,4300,858300,6388000000,70,true,0.94
"DXS",140238,"/Date(1704265417000)/",7490,500,854000,6355000000,70,true,0.94
"DXS",140148,"/Date(1704265366000)/",7490,500,853500,6352000000,70,true,0.94
"DXS",140148,"/Date(1704265366000)/",7490,2000,853000,6348000000,70,true,0.94
"DXS",140148,"/Date(1704265366000)/",7490,5000,851000,6333000000,70,true,0.94
"DXS",140148,"/Date(1704265366000)/",7490,1500,846000,6295000000,70,true,0.94
"DXS",140148,"/Date(1704265366000)/",7490,100,844500,6284000000,70,true,0.94
"DXS",140148,"/Date(1704265366000)/",7490,2000,844400,6283000000,70,true,0.94
"DXS",140145,"/Date(1704265364000)/",7490,900,842400,6268000000,70,false,0.94
"DXS",140115,"/Date(1704265330000)/",7480,1000,841500,6262000000,60,true,0.81
"DXS",140115,"/Date(1704265330000)/",7480,1300,840500,6254000000,60,true,0.81
"DXS",140106,"/Date(1704265320000)/",7480,200,839200,6244000000,60,false,0.81
"DXS",140106,"/Date(1704265320000)/",7480,100,839000,6243000000,60,false,0.81
"DXS",140015,"/Date(1704265269000)/",7470,200,838900,6242000000,50,false,0.67
"DXS",140015,"/Date(1704265269000)/",7470,800,838700,6241000000,50,false,0.67
"DXS",140012,"/Date(1704265266000)/",7470,1300,837900,6235000000,50,false,0.67
"DXS",140001,"/Date(1704265252000)/",7470,1400,836600,6225000000,50,false,0.67
"DXS",135829,"/Date(1704265158000)/",7460,10000,835200,6215000000,40,true,0.54
"DXS",135732,"/Date(1704265102000)/",7470,200,825200,6140000000,50,false,0.67
"DXS",135723,"/Date(1704265092000)/",7470,300,825000,6138000000,50,false,0.67
"DXS",135701,"/Date(1704265069000)/",7470,300,824700,6136000000,50,false,0.67
"DXS",135651,"/Date(1704265061000)/",7460,7700,824400,6134000000,40,true,0.54
"DXS",135651,"/Date(1704265061000)/",7460,300,816700,6077000000,40,true,0.54
"DXS",135651,"/Date(1704265061000)/",7460,3000,816400,6074000000,40,true,0.54
"DXS",135558,"/Date(1704265005000)/",7470,5000,813400,6052000000,50,true,0.67
"DXS",135558,"/Date(1704265005000)/",7470,1800,808400,6015000000,50,true,0.67
"DXS",135558,"/Date(1704265005000)/",7470,1400,806600,6001000000,50,true,0.67
"DXS",135558,"/Date(1704265005000)/",7470,1200,805200,5991000000,50,true,0.67
"DXS",135500,"/Date(1704264946000)/",7480,500,804000,5982000000,60,true,0.81
"DXS",135500,"/Date(1704264946000)/",7480,400,803500,5978000000,60,true,0.81
"DXS",135423,"/Date(1704264907000)/",7480,500,803100,5975000000,60,false,0.81
"DXS",135414,"/Date(1704264895000)/",7480,3000,802600,5971000000,60,false,0.81
"DXS",135410,"/Date(1704264892000)/",7480,1700,799600,5949000000,60,false,0.81
"DXS",135322,"/Date(1704264845000)/",7480,100,797900,5936000000,60,false,0.81
"DXS",135319,"/Date(1704264842000)/",7480,10000,797800,5935000000,60,false,0.81
"DXS",135310,"/Date(1704264833000)/",7480,5000,787800,5861000000,60,false,0.81
"DXS",135146,"/Date(1704264748000)/",7480,400,782800,5823000000,60,false,0.81
"DXS",135131,"/Date(1704264734000)/",7480,600,782400,5820000000,60,false,0.81
"DXS",135121,"/Date(1704264724000)/",7480,4000,781800,5816000000,60,false,0.81
"DXS",135118,"/Date(1704264720000)/",7480,5000,777800,5786000000,60,false,0.81
"DXS",135105,"/Date(1704264706000)/",7480,1000,772800,5748000000,60,false,0.81
"DXS",135102,"/Date(1704264704000)/",7480,1900,771800,5741000000,60,false,0.81
"DXS",135049,"/Date(1704264692000)/",7480,2000,769900,5727000000,60,true,0.81
"DXS",135049,"/Date(1704264692000)/",7490,14800,767900,5712000000,70,true,0.94
"DXS",135024,"/Date(1704264667000)/",7480,300,753100,5601000000,60,true,0.81
"DXS",135017,"/Date(1704264658000)/",7490,1000,752800,5599000000,70,true,0.94
"DXS",135011,"/Date(1704264653000)/",7490,100,751800,5591000000,70,false,0.94
"DXS",135011,"/Date(1704264653000)/",7490,4900,751700,5590000000,70,false,0.94
"DXS",134929,"/Date(1704264611000)/",7480,400,746800,5554000000,60,true,0.81
"DXS",134923,"/Date(1704264605000)/",7490,100,746400,5551000000,70,false,0.94
"DXS",134923,"/Date(1704264605000)/",7490,400,746300,5550000000,70,false,0.94
"DXS",134913,"/Date(1704264595000)/",7490,600,745900,5547000000,70,false,0.94
"DXS",134913,"/Date(1704264595000)/",7490,100,745300,5542000000,70,false,0.94
"DXS",134913,"/Date(1704264595000)/",7480,100,745200,5542000000,60,false,0.81
"DXS",134913,"/Date(1704264595000)/",7480,100,745100,5541000000,60,false,0.81
"DXS",134913,"/Date(1704264595000)/",7480,3200,745000,5540000000,60,false,0.81
"DXS",134913,"/Date(1704264595000)/",7480,100,741800,5516000000,60,false,0.81
"DXS",134913,"/Date(1704264595000)/",7480,100,741700,5516000000,60,false,0.81
"DXS",134913,"/Date(1704264595000)/",7480,100,741600,5515000000,60,false,0.81
"DXS",134857,"/Date(1704264578000)/",7470,1000,741500,5514000000,50,true,0.67
"DXS",134832,"/Date(1704264553000)/",7470,500,740500,5507000000,50,true,0.67
"DXS",134832,"/Date(1704264553000)/",7470,300,740000,5503000000,50,true,0.67
"DXS",134829,"/Date(1704264551000)/",7470,1000,739700,5501000000,50,false,0.67
"DXS",134829,"/Date(1704264550000)/",7470,3700,738700,5493000000,50,false,0.67
"DXS",134829,"/Date(1704264550000)/",7470,1300,735000,5465000000,50,false,0.67
"DXS",134819,"/Date(1704264542000)/",7470,10000,733700,5456000000,50,false,0.67
"DXS",134650,"/Date(1704264451000)/",7460,2000,723700,5381000000,40,true,0.54
"DXS",134650,"/Date(1704264451000)/",7460,100,721700,5366000000,40,true,0.54
"DXS",134650,"/Date(1704264451000)/",7460,200,721600,5365000000,40,true,0.54
"DXS",134650,"/Date(1704264451000)/",7460,1300,721400,5364000000,40,true,0.54
"DXS",134634,"/Date(1704264434000)/",7460,1000,720100,5354000000,40,false,0.54
"DXS",134618,"/Date(1704264420000)/",7460,1700,719100,5347000000,40,false,0.54
"DXS",134618,"/Date(1704264420000)/",7460,10800,717400,5334000000,40,false,0.54
"DXS",134614,"/Date(1704264418000)/",7460,3500,706600,5253000000,40,false,0.54
"DXS",134608,"/Date(1704264408000)/",7460,1000,703100,5227000000,40,false,0.54
"DXS",134539,"/Date(1704264381000)/",7460,400,702100,5220000000,40,false,0.54
"DXS",134514,"/Date(1704264354000)/",7460,500,701700,5217000000,40,false,0.54
"DXS",134448,"/Date(1704264331000)/",7450,600,701200,5213000000,30,true,0.4
"DXS",134413,"/Date(1704264294000)/",7460,1000,700600,5209000000,40,false,0.54
"DXS",134347,"/Date(1704264269000)/",7460,1000,699600,5201000000,40,false,0.54
"DXS",134237,"/Date(1704264200000)/",7460,1000,698600,5194000000,40,false,0.54
"DXS",134231,"/Date(1704264191000)/",7450,1200,697600,5186000000,30,true,0.4
"DXS",134101,"/Date(1704264101000)/",7460,100,696400,5177000000,40,false,0.54
"DXS",134019,"/Date(1704264061000)/",7460,700,696300,5177000000,40,false,0.54
"DXS",134019,"/Date(1704264061000)/",7460,300,695600,5171000000,40,false,0.54
"DXS",133908,"/Date(1704263991000)/",7450,500,695300,5169000000,30,true,0.4
"DXS",133806,"/Date(1704263931000)/",7460,200,694800,5165000000,40,false,0.54
"DXS",133757,"/Date(1704263922000)/",7460,100,694600,5164000000,40,false,0.54
"DXS",133607,"/Date(1704263815000)/",7460,4700,694500,5163000000,40,false,0.54
"DXS",133607,"/Date(1704263815000)/",7460,400,689800,5128000000,40,false,0.54
"DXS",133607,"/Date(1704263815000)/",7460,300,689400,5125000000,40,false,0.54
"DXS",133554,"/Date(1704263803000)/",7460,100,689100,5123000000,40,true,0.54
"DXS",133207,"/Date(1704263574000)/",7460,1600,689000,5122000000,40,true,0.54
"DXS",133201,"/Date(1704263567000)/",7460,1000,687400,5110000000,40,false,0.54
"DXS",133201,"/Date(1704263567000)/",7460,1000,686400,5103000000,40,false,0.54
"DXS",133201,"/Date(1704263567000)/",7460,2000,685400,5095000000,40,false,0.54
"DXS",133148,"/Date(1704263557000)/",7460,100,683400,5080000000,40,true,0.54
"DXS",133132,"/Date(1704263540000)/",7470,300,683300,5080000000,50,false,0.67
"DXS",133122,"/Date(1704263531000)/",7460,5000,683000,5077000000,40,true,0.54
"DXS",133043,"/Date(1704263492000)/",7470,2000,678000,5040000000,50,false,0.67
"DXS",133018,"/Date(1704263468000)/",7470,1400,676000,5025000000,50,false,0.67
"DXS",133018,"/Date(1704263468000)/",7470,3600,674600,5015000000,50,false,0.67
"DXS",132936,"/Date(1704263425000)/",7470,200,671000,4988000000,50,false,0.67
"DXS",132659,"/Date(1704263274000)/",7460,1900,670800,4986000000,40,true,0.54
"DXS",132659,"/Date(1704263274000)/",7460,1000,668900,4972000000,40,true,0.54
"DXS",132659,"/Date(1704263274000)/",7460,5800,667900,4965000000,40,true,0.54
"DXS",132656,"/Date(1704263272000)/",7460,5000,662100,4921000000,40,false,0.54
"DXS",132638,"/Date(1704263256000)/",7460,10000,657100,4884000000,40,false,0.54
"DXS",132635,"/Date(1704263251000)/",7460,300,647100,4810000000,40,false,0.54
"DXS",132609,"/Date(1704263226000)/",7460,2500,646800,4807000000,40,false,0.54
"DXS",132522,"/Date(1704263178000)/",7460,5000,644300,4789000000,40,false,0.54
"DXS",132427,"/Date(1704263123000)/",7460,200,639300,4751000000,40,false,0.54
"DXS",132415,"/Date(1704263110000)/",7460,200,639100,4750000000,40,false,0.54
"DXS",132402,"/Date(1704263099000)/",7460,8000,638900,4748000000,40,false,0.54
"DXS",132317,"/Date(1704263055000)/",7450,1100,630900,4689000000,30,true,0.4
"DXS",132305,"/Date(1704263041000)/",7450,200,629800,4681000000,30,true,0.4
"DXS",132305,"/Date(1704263041000)/",7450,600,629600,4679000000,30,true,0.4
"DXS",132305,"/Date(1704263041000)/",7450,4200,629000,4675000000,30,true,0.4
"DXS",132016,"/Date(1704262871000)/",7450,200,624800,4643000000,30,false,0.4
"DXS",131906,"/Date(1704262802000)/",7450,5000,624600,4642000000,30,false,0.4
"DXS",131831,"/Date(1704262768000)/",7450,500,619600,4605000000,30,false,0.4
"DXS",131808,"/Date(1704262745000)/",7450,3000,619100,4601000000,30,true,0.4
"DXS",131752,"/Date(1704262729000)/",7450,1200,616100,4578000000,30,true,0.4
"DXS",131752,"/Date(1704262729000)/",7450,300,614900,4570000000,30,true,0.4
"DXS",131724,"/Date(1704262700000)/",7450,1100,614600,4567000000,30,false,0.4
"DXS",131717,"/Date(1704262692000)/",7450,700,613500,4559000000,30,false,0.4
"DXS",131708,"/Date(1704262684000)/",7450,2000,612800,4554000000,30,false,0.4
"DXS",131708,"/Date(1704262684000)/",7450,2600,610800,4539000000,30,false,0.4
"DXS",131658,"/Date(1704262674000)/",7450,100,608200,4520000000,30,false,0.4
"DXS",131626,"/Date(1704262641000)/",7450,1000,608100,4519000000,30,false,0.4
"DXS",131626,"/Date(1704262641000)/",7450,300,607100,4511000000,30,false,0.4
"DXS",131604,"/Date(1704262618000)/",7440,400,606800,4509000000,20,true,0.27
"DXS",131422,"/Date(1704262518000)/",7440,700,606400,4506000000,20,false,0.27
"DXS",131332,"/Date(1704262466000)/",7430,800,605700,4501000000,10,true,0.13
"DXS",131332,"/Date(1704262466000)/",7430,500,604900,4495000000,10,true,0.13
"DXS",131319,"/Date(1704262453000)/",7430,200,604400,4491000000,10,true,0.13
"DXS",131319,"/Date(1704262453000)/",7430,500,604200,4490000000,10,true,0.13
"DXS",131319,"/Date(1704262453000)/",7430,100,603700,4486000000,10,true,0.13
"DXS",130959,"/Date(1704262247000)/",7430,400,603600,4485000000,10,true,0.13
"DXS",130959,"/Date(1704262247000)/",7430,100,603200,4482000000,10,true,0.13
"DXS",130959,"/Date(1704262247000)/",7430,100,603100,4482000000,10,true,0.13
"DXS",130917,"/Date(1704262204000)/",7440,200,603000,4481000000,20,false,0.27
"DXS",130914,"/Date(1704262198000)/",7430,8000,602800,4479000000,10,true,0.13
"DXS",130914,"/Date(1704262198000)/",7430,2000,594800,4420000000,10,true,0.13
"DXS",130851,"/Date(1704262175000)/",7440,500,592800,4405000000,20,false,0.27
"DXS",130823,"/Date(1704262146000)/",7440,1000,592300,4401000000,20,true,0.27
"DXS",130823,"/Date(1704262146000)/",7440,1100,591300,4394000000,20,true,0.27
"DXS",130651,"/Date(1704262055000)/",7440,900,590200,4386000000,20,true,0.27
"DXS",130651,"/Date(1704262055000)/",7440,3000,589300,4379000000,20,true,0.27
"DXS",130651,"/Date(1704262055000)/",7440,10000,586300,4357000000,20,true,0.27
"DXS",130612,"/Date(1704262018000)/",7450,10000,576300,4282000000,30,false,0.4
"DXS",130612,"/Date(1704262018000)/",7460,200,566300,4208000000,40,false,0.54
"DXS",130449,"/Date(1704261938000)/",7470,500,566100,4206000000,50,false,0.67
"DXS",130321,"/Date(1704261855000)/",7470,100,565600,4203000000,50,false,0.67
"DXS",130235,"/Date(1704261810000)/",7470,2000,565500,4202000000,50,false,0.67
"DXS",130235,"/Date(1704261810000)/",7470,5000,563500,4187000000,50,false,0.67
"DXS",130235,"/Date(1704261810000)/",7470,1200,558500,4150000000,50,false,0.67
"DXS",130235,"/Date(1704261810000)/",7470,7000,557300,4141000000,50,false,0.67
"DXS",130140,"/Date(1704261755000)/",7460,400,550300,4088000000,40,false,0.54
"DXS",130140,"/Date(1704261755000)/",7460,1400,549900,4085000000,40,false,0.54
"DXS",130137,"/Date(1704261753000)/",7460,2600,548500,4075000000,40,false,0.54
"DXS",130137,"/Date(1704261753000)/",7460,5400,545900,4056000000,40,false,0.54
"DXS",130108,"/Date(1704261724000)/",7450,100,540500,4015000000,30,true,0.4
"DXS",130108,"/Date(1704261724000)/",7450,300,540400,4014000000,30,true,0.4
"DXS",125930,"/Date(1704261606000)/",7450,100,540100,4012000000,30,true,0.4
"DXS",125923,"/Date(1704261602000)/",7460,1000,540000,4012000000,40,false,0.54
"DXS",112803,"/Date(1704256117000)/",7460,1000,539000,4004000000,40,false,0.54
"DXS",112750,"/Date(1704256101000)/",7460,2600,538000,3997000000,40,false,0.54
"DXS",112750,"/Date(1704256101000)/",7460,2000,535400,3977000000,40,false,0.54
"DXS",112750,"/Date(1704256101000)/",7460,800,533400,3962000000,40,false,0.54
"DXS",112750,"/Date(1704256101000)/",7460,1000,532600,3956000000,40,false,0.54
"DXS",112750,"/Date(1704256101000)/",7460,500,531600,3949000000,40,false,0.54
"DXS",112750,"/Date(1704256101000)/",7460,5000,531100,3945000000,40,false,0.54
"DXS",112750,"/Date(1704256101000)/",7460,1000,526100,3908000000,40,false,0.54
"DXS",112640,"/Date(1704256031000)/",7450,10000,525100,3900000000,30,true,0.4
"DXS",112505,"/Date(1704255937000)/",7450,1000,515100,3826000000,30,false,0.4
"DXS",112459,"/Date(1704255931000)/",7450,1200,514100,3818000000,30,true,0.4
"DXS",112459,"/Date(1704255931000)/",7450,2000,512900,3809000000,30,true,0.4
"DXS",112459,"/Date(1704255931000)/",7450,800,510900,3795000000,30,true,0.4
"DXS",112223,"/Date(1704255775000)/",7450,1000,510100,3789000000,30,false,0.4
"DXS",112223,"/Date(1704255775000)/",7450,100,509100,3781000000,30,false,0.4
"DXS",112223,"/Date(1704255775000)/",7450,1000,509000,3780000000,30,false,0.4
"DXS",112223,"/Date(1704255775000)/",7450,1300,508000,3773000000,30,false,0.4
"DXS",112219,"/Date(1704255772000)/",7450,200,506700,3763000000,30,false,0.4
"DXS",112219,"/Date(1704255772000)/",7450,1000,506500,3762000000,30,false,0.4
"DXS",111515,"/Date(1704255345000)/",7430,1000,505500,3754000000,10,true,0.13
"DXS",111132,"/Date(1704255123000)/",7450,100,504500,3747000000,30,false,0.4
"DXS",110956,"/Date(1704255026000)/",7450,900,504400,3746000000,30,false,0.4
"DXS",110956,"/Date(1704255026000)/",7450,100,503500,3739000000,30,false,0.4
"DXS",110419,"/Date(1704254687000)/",7450,1000,503400,3739000000,30,false,0.4
"DXS",110347,"/Date(1704254656000)/",7450,1600,502400,3731000000,30,false,0.4
"DXS",110347,"/Date(1704254655000)/",7450,2300,500800,3719000000,30,false,0.4
"DXS",110055,"/Date(1704254482000)/",7430,1000,498500,3702000000,10,true,0.13
"DXS",110045,"/Date(1704254474000)/",7430,300,497500,3695000000,10,true,0.13
"DXS",110045,"/Date(1704254474000)/",7430,100,497200,3693000000,10,true,0.13
"DXS",105702,"/Date(1704254250000)/",7420,300,497100,3692000000,0,true,0
"DXS",105702,"/Date(1704254250000)/",7420,100,496800,3690000000,0,true,0
"DXS",105702,"/Date(1704254250000)/",7420,3000,496700,3689000000,0,true,0
"DXS",105702,"/Date(1704254250000)/",7420,300,493700,3667000000,0,true,0
"DXS",105702,"/Date(1704254250000)/",7420,2000,493400,3664000000,0,true,0
"DXS",105702,"/Date(1704254250000)/",7420,100,491400,3650000000,0,true,0
"DXS",105702,"/Date(1704254250000)/",7420,600,491300,3649000000,0,true,0
"DXS",105702,"/Date(1704254250000)/",7420,200,490700,3644000000,0,true,0
"DXS",105702,"/Date(1704254250000)/",7420,300,490500,3643000000,0,true,0
"DXS",105702,"/Date(1704254250000)/",7420,9000,490200,3641000000,0,true,0
"DXS",105702,"/Date(1704254250000)/",7420,300,481200,3574000000,0,true,0
"DXS",105702,"/Date(1704254250000)/",7420,3000,480900,3572000000,0,true,0
"DXS",105702,"/Date(1704254250000)/",7420,4500,477900,3549000000,0,true,0
"DXS",105702,"/Date(1704254250000)/",7420,100,473400,3516000000,0,true,0
"DXS",105702,"/Date(1704254250000)/",7420,200,473300,3515000000,0,true,0
"DXS",105702,"/Date(1704254250000)/",7420,4700,473100,3514000000,0,true,0
"DXS",105702,"/Date(1704254250000)/",7430,300,468400,3479000000,10,false,0.13
"DXS",105702,"/Date(1704254250000)/",7430,2300,468100,3477000000,10,false,0.13
"DXS",105702,"/Date(1704254250000)/",7440,300,465800,3460000000,20,false,0.27
"DXS",105702,"/Date(1704254250000)/",7440,1300,465500,3457000000,20,false,0.27
"DXS",105702,"/Date(1704254250000)/",7450,2000,464200,3448000000,30,false,0.4
"DXS",105702,"/Date(1704254250000)/",7450,1100,462200,3433000000,30,false,0.4
"DXS",105618,"/Date(1704254207000)/",7450,100,461100,3425000000,30,true,0.4
"DXS",105618,"/Date(1704254205000)/",7450,800,461000,3424000000,30,true,0.4
"DXS",105524,"/Date(1704254152000)/",7450,5000,460200,3418000000,30,false,0.4
"DXS",105210,"/Date(1704253958000)/",7440,700,455200,3381000000,20,true,0.27
"DXS",105115,"/Date(1704253903000)/",7430,7000,454500,3375000000,10,true,0.13
"DXS",105115,"/Date(1704253903000)/",7440,5000,447500,3323000000,20,true,0.27
"DXS",105112,"/Date(1704253899000)/",7440,5000,442500,3286000000,20,false,0.27
"DXS",104953,"/Date(1704253820000)/",7430,1400,437500,3249000000,10,true,0.13
"DXS",104921,"/Date(1704253787000)/",7430,3300,436100,3239000000,10,true,0.13
"DXS",104921,"/Date(1704253787000)/",7430,100,432800,3214000000,10,true,0.13
"DXS",104921,"/Date(1704253787000)/",7430,100,432700,3213000000,10,true,0.13
"DXS",104820,"/Date(1704253728000)/",7430,900,432600,3213000000,10,true,0.13
"DXS",104820,"/Date(1704253728000)/",7430,500,431700,3206000000,10,true,0.13
"DXS",104820,"/Date(1704253728000)/",7440,1000,431200,3202000000,20,false,0.27
"DXS",104820,"/Date(1704253728000)/",7440,2600,430200,3195000000,20,false,0.27
"DXS",104739,"/Date(1704253686000)/",7440,2500,427600,3175000000,20,true,0.27
"DXS",104739,"/Date(1704253686000)/",7440,2500,425100,3157000000,20,true,0.27
"DXS",104739,"/Date(1704253685000)/",7440,400,422600,3138000000,20,true,0.27
"DXS",104739,"/Date(1704253685000)/",7450,3000,422200,3135000000,30,true,0.4
"DXS",104739,"/Date(1704253685000)/",7450,100,419200,3113000000,30,true,0.4
"DXS",104739,"/Date(1704253685000)/",7450,1000,419100,3112000000,30,true,0.4
"DXS",104739,"/Date(1704253685000)/",7460,500,418100,3105000000,40,true,0.54
"DXS",104629,"/Date(1704253616000)/",7470,700,417600,3101000000,50,true,0.67
"DXS",104629,"/Date(1704253616000)/",7470,200,416900,3096000000,50,true,0.67
"DXS",104629,"/Date(1704253616000)/",7470,500,416700,3094000000,50,true,0.67
"DXS",104629,"/Date(1704253616000)/",7470,100,416200,3090000000,50,true,0.67
"DXS",104629,"/Date(1704253616000)/",7470,100,416100,3090000000,50,true,0.67
"DXS",104619,"/Date(1704253607000)/",7470,400,416000,3089000000,50,true,0.67
"DXS",104619,"/Date(1704253607000)/",7470,600,415600,3086000000,50,true,0.67
"DXS",104405,"/Date(1704253470000)/",7470,400,415000,3082000000,50,true,0.67
"DXS",104405,"/Date(1704253470000)/",7470,100,414600,3079000000,50,true,0.67
"DXS",104119,"/Date(1704253306000)/",7470,500,414500,3078000000,50,true,0.67
"DXS",104057,"/Date(1704253283000)/",7480,100,414000,3074000000,60,false,0.81
"DXS",104057,"/Date(1704253283000)/",7480,2900,413900,3073000000,60,false,0.81
"DXS",104051,"/Date(1704253277000)/",7480,4000,411000,3052000000,60,false,0.81
"DXS",104032,"/Date(1704253258000)/",7480,1200,407000,3022000000,60,false,0.81
"DXS",104032,"/Date(1704253258000)/",7480,800,405800,3013000000,60,false,0.81
"DXS",104003,"/Date(1704253229000)/",7480,100,405000,3007000000,60,false,0.81
"DXS",104000,"/Date(1704253227000)/",7470,100,404900,3006000000,50,true,0.67
"DXS",103912,"/Date(1704253178000)/",7470,100,404800,3005000000,50,true,0.67
"DXS",103912,"/Date(1704253178000)/",7470,1200,404700,3004000000,50,true,0.67
"DXS",103912,"/Date(1704253178000)/",7470,700,403500,2996000000,50,true,0.67
"DXS",103850,"/Date(1704253156000)/",7470,1500,402800,2990000000,50,false,0.67
"DXS",103850,"/Date(1704253154000)/",7470,500,401300,2979000000,50,false,0.67
"DXS",103850,"/Date(1704253154000)/",7470,2300,400800,2975000000,50,false,0.67
"DXS",103815,"/Date(1704253121000)/",7470,300,398500,2958000000,50,false,0.67
"DXS",103812,"/Date(1704253116000)/",7470,400,398200,2956000000,50,false,0.67
"DXS",103812,"/Date(1704253116000)/",7470,800,397800,2953000000,50,false,0.67
"DXS",103808,"/Date(1704253115000)/",7470,4200,397000,2947000000,50,false,0.67
"DXS",103730,"/Date(1704253075000)/",7460,600,392800,2916000000,40,true,0.54
"DXS",103730,"/Date(1704253075000)/",7460,400,392200,2911000000,40,true,0.54
"DXS",103727,"/Date(1704253073000)/",7470,900,391800,2908000000,50,false,0.67
"DXS",103636,"/Date(1704253022000)/",7460,400,390900,2901000000,40,false,0.54
"DXS",103636,"/Date(1704253022000)/",7460,500,390500,2898000000,40,false,0.54
"DXS",103636,"/Date(1704253022000)/",7460,100,390000,2895000000,40,false,0.54
"DXS",103636,"/Date(1704253022000)/",7460,600,389900,2894000000,40,false,0.54
"DXS",103633,"/Date(1704253017000)/",7460,100,389300,2889000000,40,false,0.54
"DXS",103441,"/Date(1704252906000)/",7460,100,389200,2889000000,40,false,0.54
"DXS",103347,"/Date(1704252851000)/",7440,17100,389100,2888000000,20,true,0.27
"DXS",103341,"/Date(1704252846000)/",7440,200,372000,2761000000,20,false,0.27
"DXS",103338,"/Date(1704252843000)/",7440,500,371800,2759000000,20,false,0.27
"DXS",103338,"/Date(1704252841000)/",7440,300,371300,2756000000,20,false,0.27
"DXS",103335,"/Date(1704252839000)/",7440,700,371000,2753000000,20,false,0.27
"DXS",103331,"/Date(1704252836000)/",7440,300,370300,2748000000,20,false,0.27
"DXS",103328,"/Date(1704252831000)/",7440,1300,370000,2746000000,20,false,0.27
"DXS",103325,"/Date(1704252828000)/",7440,1000,368700,2736000000,20,true,0.27
"DXS",103325,"/Date(1704252828000)/",7440,1000,367700,2729000000,20,true,0.27
"DXS",103325,"/Date(1704252828000)/",7440,2000,366700,2721000000,20,true,0.27
"DXS",103325,"/Date(1704252828000)/",7450,600,364700,2706000000,30,true,0.4
"DXS",103253,"/Date(1704252798000)/",7450,200,364100,2702000000,30,false,0.4
"DXS",103253,"/Date(1704252796000)/",7440,700,363900,2700000000,20,true,0.27
"DXS",103250,"/Date(1704252796000)/",7440,1300,363200,2695000000,20,false,0.27
"DXS",103250,"/Date(1704252794000)/",7440,8700,361900,2686000000,20,false,0.27
"DXS",103247,"/Date(1704252791000)/",7440,300,353200,2621000000,20,false,0.27
"DXS",103244,"/Date(1704252790000)/",7440,1000,352900,2619000000,20,false,0.27
"DXS",103228,"/Date(1704252771000)/",7440,300,351900,2611000000,20,false,0.27
"DXS",103225,"/Date(1704252768000)/",7440,200,351600,2609000000,20,false,0.27
"DXS",103225,"/Date(1704252768000)/",7450,700,351400,2607000000,30,false,0.4
"DXS",103221,"/Date(1704252766000)/",7450,300,350700,2602000000,30,true,0.4
"DXS",103218,"/Date(1704252761000)/",7450,200,350400,2600000000,30,false,0.4
"DXS",103218,"/Date(1704252761000)/",7450,3400,350200,2599000000,30,false,0.4
"DXS",103215,"/Date(1704252759000)/",7450,12300,346800,2573000000,30,false,0.4
"DXS",102317,"/Date(1704252218000)/",7430,100,334500,2482000000,10,true,0.13
"DXS",101938,"/Date(1704252001000)/",7420,500,334400,2481000000,0,true,0
"DXS",101523,"/Date(1704251746000)/",7420,200,333900,2477000000,0,true,0
"DXS",101523,"/Date(1704251746000)/",7430,500,333700,2476000000,10,true,0.13
"DXS",101523,"/Date(1704251746000)/",7430,500,333200,2472000000,10,true,0.13
"DXS",101523,"/Date(1704251746000)/",7430,100,332700,2468000000,10,true,0.13
"DXS",101523,"/Date(1704251746000)/",7440,500,332600,2467000000,20,true,0.27
"DXS",101523,"/Date(1704251746000)/",7440,8200,332100,2464000000,20,true,0.27
"DXS",101401,"/Date(1704251661000)/",7450,300,323900,2403000000,30,false,0.4
"DXS",101357,"/Date(1704251660000)/",7450,1300,323600,2400000000,30,false,0.4
"DXS",101300,"/Date(1704251601000)/",7440,1800,322300,2391000000,20,false,0.27
"DXS",101225,"/Date(1704251567000)/",7440,200,320500,2377000000,20,false,0.27
"DXS",101134,"/Date(1704251516000)/",7450,100,320300,2376000000,30,false,0.4
"DXS",101131,"/Date(1704251511000)/",7450,600,320200,2375000000,30,false,0.4
"DXS",101125,"/Date(1704251506000)/",7450,2000,319600,2371000000,30,false,0.4
"DXS",101125,"/Date(1704251506000)/",7450,300,317600,2356000000,30,false,0.4
"DXS",101122,"/Date(1704251502000)/",7450,4700,317300,2354000000,30,false,0.4
"DXS",101122,"/Date(1704251502000)/",7450,700,312600,2319000000,30,false,0.4
"DXS",101122,"/Date(1704251502000)/",7450,1000,311900,2313000000,30,false,0.4
"DXS",101122,"/Date(1704251502000)/",7450,200,310900,2306000000,30,false,0.4
"DXS",101122,"/Date(1704251502000)/",7450,500,310700,2304000000,30,false,0.4
"DXS",101122,"/Date(1704251502000)/",7450,700,310200,2301000000,30,false,0.4
"DXS",101053,"/Date(1704251475000)/",7440,800,309500,2295000000,20,true,0.27
"DXS",100902,"/Date(1704251363000)/",7430,400,308700,2290000000,10,true,0.13
"DXS",100902,"/Date(1704251363000)/",7430,100,308300,2287000000,10,true,0.13
"DXS",100833,"/Date(1704251335000)/",7430,200,308200,2286000000,10,true,0.13
"DXS",100808,"/Date(1704251307000)/",7420,2000,308000,2284000000,0,true,0
"DXS",100742,"/Date(1704251282000)/",7420,200,306000,2269000000,0,true,0
"DXS",100130,"/Date(1704250911000)/",7420,600,305800,2268000000,0,false,0
"DXS",100130,"/Date(1704250911000)/",7420,200,305200,2264000000,0,false,0
"DXS",100127,"/Date(1704250907000)/",7420,28000,305000,2262000000,0,false,0
"DXS",95945,"/Date(1704250806000)/",7420,300,277000,2054000000,0,false,0
"DXS",95942,"/Date(1704250803000)/",7420,1000,276700,2052000000,0,true,0
"DXS",95926,"/Date(1704250787000)/",7420,100,275700,2045000000,0,true,0
"DXS",95822,"/Date(1704250721000)/",7420,200,275600,2044000000,0,true,0
"DXS",95816,"/Date(1704250716000)/",7420,1200,275400,2042000000,0,false,0
"DXS",95813,"/Date(1704250713000)/",7420,4000,274200,2034000000,0,false,0
"DXS",95803,"/Date(1704250703000)/",7410,1400,270200,2004000000,-10,true,-0.13
"DXS",95751,"/Date(1704250691000)/",7420,200,268800,1993000000,0,false,0
"DXS",95747,"/Date(1704250686000)/",7420,900,268600,1992000000,0,false,0
"DXS",95741,"/Date(1704250681000)/",7420,3100,267700,1985000000,0,true,0
"DXS",95741,"/Date(1704250680000)/",7420,1100,264600,1962000000,0,true,0
"DXS",95741,"/Date(1704250680000)/",7420,1300,263500,1954000000,0,true,0
"DXS",95741,"/Date(1704250680000)/",7420,100,262200,1944000000,0,true,0
"DXS",95741,"/Date(1704250680000)/",7420,100,262100,1944000000,0,true,0
"DXS",95741,"/Date(1704250680000)/",7420,500,262000,1943000000,0,true,0
"DXS",95741,"/Date(1704250680000)/",7420,2000,261500,1939000000,0,true,0
"DXS",95741,"/Date(1704250680000)/",7420,700,259500,1924000000,0,true,0
"DXS",95741,"/Date(1704250680000)/",7420,4600,258800,1919000000,0,true,0
"DXS",95615,"/Date(1704250593000)/",7420,1800,254200,1885000000,0,true,0
"DXS",95612,"/Date(1704250592000)/",7420,500,252400,1872000000,0,true,0
"DXS",95612,"/Date(1704250592000)/",7420,1500,251900,1868000000,0,true,0
"DXS",95029,"/Date(1704250247000)/",7420,7200,250400,1857000000,0,true,0
"DXS",95029,"/Date(1704250247000)/",7420,500,243200,1804000000,0,true,0
"DXS",95029,"/Date(1704250247000)/",7420,600,242700,1800000000,0,true,0
"DXS",95029,"/Date(1704250247000)/",7420,1000,242100,1795000000,0,true,0
"DXS",95029,"/Date(1704250247000)/",7420,300,241100,1788000000,0,true,0
"DXS",95029,"/Date(1704250247000)/",7420,300,240800,1786000000,0,true,0
"DXS",95029,"/Date(1704250247000)/",7420,5300,240500,1783000000,0,true,0
"DXS",95029,"/Date(1704250247000)/",7420,100,235200,1744000000,0,true,0
"DXS",95029,"/Date(1704250247000)/",7420,5000,235100,1743000000,0,true,0
"DXS",95029,"/Date(1704250247000)/",7420,2900,230100,1706000000,0,true,0
"DXS",94702,"/Date(1704250041000)/",7420,100,227200,1685000000,0,true,0
"DXS",94702,"/Date(1704250041000)/",7420,300,227100,1684000000,0,true,0
"DXS",94702,"/Date(1704250041000)/",7430,500,226800,1682000000,10,false,0.13
"DXS",94702,"/Date(1704250041000)/",7430,100,226300,1678000000,10,false,0.13
"DXS",94702,"/Date(1704250041000)/",7430,200,226200,1677000000,10,false,0.13
"DXS",94458,"/Date(1704249917000)/",7450,100,226000,1676000000,30,false,0.4
"DXS",94257,"/Date(1704249794000)/",7450,200,225900,1675000000,30,true,0.4
"DXS",94245,"/Date(1704249780000)/",7460,100,225700,1674000000,40,true,0.54
"DXS",94245,"/Date(1704249780000)/",7460,100,225600,1673000000,40,true,0.54
"DXS",94213,"/Date(1704249751000)/",7460,100,225500,1672000000,40,true,0.54
"DXS",94213,"/Date(1704249751000)/",7460,300,225400,1671000000,40,true,0.54
"DXS",94213,"/Date(1704249751000)/",7460,100,225100,1669000000,40,true,0.54
"DXS",94119,"/Date(1704249695000)/",7460,300,225000,1668000000,40,true,0.54
"DXS",94119,"/Date(1704249695000)/",7460,100,224700,1666000000,40,true,0.54
"DXS",94054,"/Date(1704249666000)/",7460,1000,224600,1665000000,40,true,0.54
"DXS",94031,"/Date(1704249648000)/",7460,1500,223600,1658000000,40,true,0.54
"DXS",94019,"/Date(1704249636000)/",7460,300,222100,1647000000,40,true,0.54
"DXS",94019,"/Date(1704249635000)/",7460,300,221800,1645000000,40,true,0.54
"DXS",94019,"/Date(1704249635000)/",7460,1900,221500,1642000000,40,true,0.54
"DXS",94019,"/Date(1704249635000)/",7460,7500,219600,1628000000,40,true,0.54
"DXS",93953,"/Date(1704249611000)/",7460,1000,212100,1572000000,40,true,0.54
"DXS",93922,"/Date(1704249577000)/",7460,100,211100,1565000000,40,true,0.54
"DXS",93922,"/Date(1704249577000)/",7460,1000,211000,1564000000,40,true,0.54
"DXS",93922,"/Date(1704249577000)/",7460,5400,210000,1557000000,40,true,0.54
"DXS",93840,"/Date(1704249536000)/",7460,300,204600,1516000000,40,false,0.54
"DXS",93834,"/Date(1704249532000)/",7460,1000,204300,1514000000,40,false,0.54
"DXS",93724,"/Date(1704249461000)/",7460,300,203300,1507000000,40,false,0.54
"DXS",93721,"/Date(1704249457000)/",7460,1000,203000,1504000000,40,false,0.54
"DXS",93640,"/Date(1704249416000)/",7450,300,202000,1497000000,30,false,0.4
"DXS",93637,"/Date(1704249411000)/",7450,700,201700,1495000000,30,false,0.4
"DXS",93637,"/Date(1704249411000)/",7450,300,201000,1489000000,30,false,0.4
"DXS",93630,"/Date(1704249406000)/",7450,100,200700,1487000000,30,false,0.4
"DXS",93624,"/Date(1704249401000)/",7450,600,200600,1486000000,30,false,0.4
"DXS",93621,"/Date(1704249397000)/",7450,2000,200000,1482000000,30,false,0.4
"DXS",93602,"/Date(1704249378000)/",7420,700,198000,1467000000,0,false,0
"DXS",93602,"/Date(1704249378000)/",7420,300,197300,1462000000,0,false,0
"DXS",93559,"/Date(1704249376000)/",7420,100,197000,1460000000,0,false,0
"DXS",93559,"/Date(1704249376000)/",7420,600,196900,1459000000,0,false,0
"DXS",93555,"/Date(1704249372000)/",7420,300,196300,1454000000,0,false,0
"DXS",93555,"/Date(1704249371000)/",7420,100,196000,1452000000,0,false,0
"DXS",93552,"/Date(1704249369000)/",7420,500,195900,1451000000,0,false,0
"DXS",93546,"/Date(1704249363000)/",7420,100,195400,1448000000,0,false,0
"DXS",93540,"/Date(1704249356000)/",7420,300,195300,1447000000,0,false,0
"DXS",93536,"/Date(1704249351000)/",7420,1200,195000,1445000000,0,false,0
"DXS",93533,"/Date(1704249350000)/",7420,2000,193800,1436000000,0,false,0
"DXS",93533,"/Date(1704249348000)/",7420,2200,191800,1421000000,0,false,0
"DXS",93521,"/Date(1704249337000)/",7420,200,189600,1405000000,0,false,0
"DXS",93517,"/Date(1704249332000)/",7420,900,189400,1403000000,0,false,0
"DXS",93446,"/Date(1704249301000)/",7420,300,188500,1397000000,0,false,0
"DXS",93436,"/Date(1704249291000)/",7420,100,188200,1394000000,0,false,0
"DXS",93430,"/Date(1704249286000)/",7420,400,188100,1394000000,0,false,0
"DXS",93427,"/Date(1704249281000)/",7420,800,187700,1391000000,0,false,0
"DXS",93427,"/Date(1704249281000)/",7420,700,186900,1385000000,0,false,0
"DXS",93424,"/Date(1704249280000)/",7420,1300,186200,1379000000,0,false,0
"DXS",93424,"/Date(1704249280000)/",7420,3700,184900,1370000000,0,false,0
"DXS",93414,"/Date(1704249270000)/",7410,300,181200,1342000000,-10,true,-0.13
"DXS",93204,"/Date(1704249140000)/",7410,8300,180900,1340000000,-10,true,-0.13
"DXS",93204,"/Date(1704249140000)/",7410,5000,172600,1279000000,-10,true,-0.13
"DXS",93204,"/Date(1704249140000)/",7410,1500,167600,1242000000,-10,true,-0.13
"DXS",93204,"/Date(1704249140000)/",7410,500,166100,1230000000,-10,true,-0.13
"DXS",93204,"/Date(1704249140000)/",7410,1400,165600,1227000000,-10,true,-0.13
"DXS",93204,"/Date(1704249140000)/",7410,3300,164200,1216000000,-10,true,-0.13
"DXS",93110,"/Date(1704249086000)/",7410,100,160900,1192000000,-10,true,-0.13
"DXS",93039,"/Date(1704249054000)/",7410,200,160800,1191000000,-10,true,-0.13
"DXS",92920,"/Date(1704248974000)/",7410,5000,160600,1190000000,-10,true,-0.13
"DXS",92857,"/Date(1704248951000)/",7410,4900,155600,1153000000,-10,false,-0.13
"DXS",92851,"/Date(1704248946000)/",7410,100,150700,1116000000,-10,true,-0.13
"DXS",92851,"/Date(1704248946000)/",7410,5000,150600,1116000000,-10,true,-0.13
"DXS",92851,"/Date(1704248946000)/",7410,100,145600,1079000000,-10,true,-0.13
"DXS",92851,"/Date(1704248946000)/",7410,200,145500,1078000000,-10,true,-0.13
"DXS",92851,"/Date(1704248946000)/",7410,700,145300,1076000000,-10,true,-0.13
"DXS",92851,"/Date(1704248946000)/",7410,600,144600,1071000000,-10,true,-0.13
"DXS",92851,"/Date(1704248946000)/",7410,300,144000,1067000000,-10,true,-0.13
"DXS",92851,"/Date(1704248946000)/",7410,500,143700,1065000000,-10,true,-0.13
"DXS",92851,"/Date(1704248946000)/",7410,500,143200,1061000000,-10,true,-0.13
"DXS",92851,"/Date(1704248946000)/",7410,3900,142700,1057000000,-10,true,-0.13
"DXS",92851,"/Date(1704248946000)/",7410,33200,138800,1028000000,-10,true,-0.13
"DXS",92844,"/Date(1704248940000)/",7420,100,105600,782000000,0,false,0
"DXS",92816,"/Date(1704248912000)/",7410,300,105500,781000000,-10,true,-0.13
"DXS",92751,"/Date(1704248884000)/",7420,100,105200,779000000,0,false,0
"DXS",92747,"/Date(1704248881000)/",7420,100,105100,778000000,0,false,0
"DXS",92725,"/Date(1704248861000)/",7420,300,105000,778000000,0,false,0
"DXS",92725,"/Date(1704248860000)/",7420,1300,104700,776000000,0,false,0
"DXS",92719,"/Date(1704248854000)/",7420,500,103400,766000000,0,false,0
"DXS",92719,"/Date(1704248854000)/",7420,100,102900,762000000,0,false,0
"DXS",92719,"/Date(1704248854000)/",7420,100,102800,761000000,0,false,0
"DXS",92719,"/Date(1704248854000)/",7420,100,102700,761000000,0,false,0
"DXS",92719,"/Date(1704248854000)/",7420,100,102600,760000000,0,false,0
"DXS",92719,"/Date(1704248854000)/",7420,500,102500,759000000,0,false,0
"DXS",92719,"/Date(1704248854000)/",7420,3000,102000,755000000,0,false,0
"DXS",92654,"/Date(1704248829000)/",7420,1900,99000,733000000,0,true,0
"DXS",92431,"/Date(1704248684000)/",7420,100,97100,719000000,0,false,0
"DXS",92428,"/Date(1704248682000)/",7420,100,97000,718000000,0,false,0
"DXS",92428,"/Date(1704248681000)/",7420,900,96900,718000000,0,false,0
"DXS",92428,"/Date(1704248681000)/",7420,100,96000,711000000,0,false,0
"DXS",92428,"/Date(1704248681000)/",7420,100,95900,710000000,0,false,0
"DXS",92428,"/Date(1704248681000)/",7420,100,95800,709000000,0,false,0
"DXS",92428,"/Date(1704248681000)/",7420,300,95700,709000000,0,false,0
"DXS",92428,"/Date(1704248681000)/",7420,200,95400,707000000,0,false,0
"DXS",92425,"/Date(1704248679000)/",7420,5000,95200,705000000,0,false,0
"DXS",92422,"/Date(1704248676000)/",7420,900,90200,668000000,0,false,0
"DXS",92422,"/Date(1704248676000)/",7420,600,89300,661000000,0,false,0
"DXS",92422,"/Date(1704248676000)/",7420,2400,88700,657000000,0,false,0
"DXS",92356,"/Date(1704248650000)/",7420,100,86300,639000000,0,false,0
"DXS",92353,"/Date(1704248645000)/",7420,200,86200,638000000,0,false,0
"DXS",92343,"/Date(1704248636000)/",7410,100,86000,637000000,-10,true,-0.13
"DXS",92324,"/Date(1704248618000)/",7420,300,85900,636000000,0,false,0
"DXS",92215,"/Date(1704248549000)/",7410,200,85600,634000000,-10,true,-0.13
"DXS",92115,"/Date(1704248489000)/",7410,2000,85400,632000000,-10,true,-0.13
"DXS",92030,"/Date(1704248443000)/",7410,1000,83400,617000000,-10,true,-0.13
"DXS",92027,"/Date(1704248439000)/",7410,13200,82400,610000000,-10,false,-0.13
"DXS",92024,"/Date(1704248436000)/",7410,100,69200,512000000,-10,false,-0.13
"DXS",92018,"/Date(1704248431000)/",7410,600,69100,512000000,-10,false,-0.13
"DXS",91956,"/Date(1704248410000)/",7410,100,68500,507000000,-10,false,-0.13
"DXS",91952,"/Date(1704248406000)/",7410,100,68400,506000000,-10,false,-0.13
"DXS",91946,"/Date(1704248401000)/",7410,600,68300,506000000,-10,true,-0.13
"DXS",91946,"/Date(1704248399000)/",7410,1500,67700,501000000,-10,true,-0.13
"DXS",91946,"/Date(1704248399000)/",7410,800,66200,490000000,-10,true,-0.13
"DXS",91927,"/Date(1704248381000)/",7410,1800,65400,484000000,-10,true,-0.13
"DXS",91927,"/Date(1704248381000)/",7410,3400,63600,471000000,-10,true,-0.13
"DXS",91924,"/Date(1704248377000)/",7410,20000,60200,446000000,-10,false,-0.13
"DXS",91921,"/Date(1704248373000)/",7410,100,40200,297000000,-10,false,-0.13
"DXS",91908,"/Date(1704248361000)/",7410,100,40100,297000000,-10,false,-0.13
"DXS",91905,"/Date(1704248359000)/",7410,200,40000,296000000,-10,false,-0.13
"DXS",91902,"/Date(1704248356000)/",7410,300,39800,294000000,-10,false,-0.13
"DXS",91859,"/Date(1704248351000)/",7410,1000,39500,292000000,-10,false,-0.13
"DXS",91853,"/Date(1704248346000)/",7410,3400,38500,285000000,-10,false,-0.13
"DXS",91849,"/Date(1704248344000)/",7410,100,35100,260000000,-10,false,-0.13
"DXS",91849,"/Date(1704248344000)/",7410,3000,35000,259000000,-10,false,-0.13
"DXS",91849,"/Date(1704248344000)/",7410,300,32000,237000000,-10,false,-0.13
"DXS",91849,"/Date(1704248344000)/",7410,100,31700,234000000,-10,false,-0.13
"DXS",91849,"/Date(1704248344000)/",7410,5000,31600,234000000,-10,false,-0.13
"DXS",91849,"/Date(1704248344000)/",7410,3000,26600,197000000,-10,false,-0.13
"DXS",91759,"/Date(1704248293000)/",7410,10000,23600,174000000,-10,true,-0.13
"DXS",91612,"/Date(1704248184000)/",7410,1000,13600,100000000,-10,true,-0.13
"DXS",91521,"/Date(1704248133000)/",7410,200,12600,93000000,-10,true,-0.13
"DXS",91521,"/Date(1704248133000)/",7410,200,12400,91000000,-10,true,-0.13
"DXS",91521,"/Date(1704248133000)/",7410,100,12200,90000000,-10,true,-0.13
"DXS",91450,"/Date(1704248100000)/",7410,12100,12100,89000000,-10,true,-0.13
