"Stockcode","Package","TradingDate","Price","Vol","TotalVol","TotalVal","Change","IsBuy","PerChange"
"HID",144408,"/Date(1704267900000)/",3120,8000,60600,188000000,20,false,0.65
"HID",142911,"/Date(1704266998000)/",3120,4700,52600,163000000,20,false,0.65
"HID",142823,"/Date(1704266948000)/",3110,2800,47900,148000000,10,true,0.32
"HID",142735,"/Date(1704266902000)/",3120,300,45100,139000000,20,false,0.65
"HID",142636,"/Date(1704266845000)/",3110,500,44800,138000000,10,true,0.32
"HID",142333,"/Date(1704266668000)/",3120,100,44300,137000000,20,false,0.65
"HID",142311,"/Date(1704266646000)/",3110,4000,44200,136000000,10,false,0.32
"HID",142311,"/Date(1704266646000)/",3110,2600,40200,124000000,10,false,0.32
"HID",142311,"/Date(1704266646000)/",3110,100,37600,116000000,10,false,0.32
"HID",141736,"/Date(1704266322000)/",3100,100,37500,116000000,0,true,0
"HID",141415,"/Date(1704266120000)/",3100,500,37400,115000000,0,true,0
"HID",141301,"/Date(1704266045000)/",3110,100,36900,114000000,10,false,0.32
"HID",140157,"/Date(1704265378000)/",3110,100,36800,113000000,10,false,0.32
"HID",135401,"/Date(1704264885000)/",3120,900,36700,113000000,20,false,0.65
"HID",135036,"/Date(1704264678000)/",3120,700,35800,110000000,20,false,0.65
"HID",134929,"/Date(1704264611000)/",3110,1000,35100,108000000,10,false,0.32
"HID",134929,"/Date(1704264611000)/",3110,500,34100,105000000,10,false,0.32
"HID",133657,"/Date(1704263863000)/",3110,400,33600,103000000,10,true,0.32
"HID",133644,"/Date(1704263850000)/",3110,200,33200,102000000,10,true,0.32
"HID",133644,"/Date(1704263850000)/",3110,100,33000,102000000,10,true,0.32
"HID",133644,"/Date(1704263850000)/",3110,200,32900,101000000,10,true,0.32
"HID",133616,"/Date(1704263825000)/",3120,400,32700,101000000,20,false,0.65
"HID",133301,"/Date(1704263628000)/",3100,300,32300,99000000,0,true,0
"HID",133301,"/Date(1704263628000)/",3100,2000,32000,98000000,0,true,0
"HID",133301,"/Date(1704263628000)/",3110,600,30000,92000000,10,true,0.32
"HID",133301,"/Date(1704263628000)/",3110,400,29400,90000000,10,true,0.32
"HID",133027,"/Date(1704263475000)/",3120,300,29000,89000000,20,false,0.65
"HID",133014,"/Date(1704263462000)/",3120,600,28700,88000000,20,false,0.65
"HID",132952,"/Date(1704263442000)/",3120,100,28100,86000000,20,false,0.65
"HID",132952,"/Date(1704263442000)/",3120,300,28000,86000000,20,false,0.65
"HID",132154,"/Date(1704262969000)/",3120,100,27700,85000000,20,false,0.65
"HID",132135,"/Date(1704262953000)/",3110,3600,27600,85000000,10,false,0.32
"HID",131928,"/Date(1704262824000)/",3110,100,24000,74000000,10,true,0.32
"HID",131856,"/Date(1704262791000)/",3100,500,23900,73000000,0,true,0
"HID",131642,"/Date(1704262657000)/",3120,200,23400,72000000,20,false,0.65
"HID",131448,"/Date(1704262541000)/",3120,100,23200,71000000,20,false,0.65
"HID",125920,"/Date(1704261601000)/",3110,100,23100,71000000,10,true,0.32
"HID",112028,"/Date(1704255659000)/",3120,100,23000,70000000,20,false,0.65
"HID",112002,"/Date(1704255633000)/",3110,400,22900,70000000,10,true,0.32
"HID",112002,"/Date(1704255633000)/",3110,100,22500,69000000,10,true,0.32
"HID",111755,"/Date(1704255504000)/",3120,100,22400,69000000,20,false,0.65
"HID",111427,"/Date(1704255298000)/",3110,100,22300,68000000,10,false,0.32
"HID",111411,"/Date(1704255283000)/",3110,100,22200,68000000,10,true,0.32
"HID",111157,"/Date(1704255148000)/",3110,100,22100,68000000,10,false,0.32
"HID",111031,"/Date(1704255060000)/",3110,100,22000,67000000,10,false,0.32
"HID",111012,"/Date(1704255042000)/",3090,100,21900,67000000,-10,true,-0.32
"HID",111012,"/Date(1704255042000)/",3110,100,21800,67000000,10,false,0.32
"HID",110918,"/Date(1704254989000)/",3120,100,21700,66000000,20,false,0.65
"HID",110908,"/Date(1704254978000)/",3120,200,21600,66000000,20,false,0.65
"HID",110513,"/Date(1704254741000)/",3110,500,21400,65000000,10,true,0.32
"HID",110155,"/Date(1704254545000)/",3120,100,20900,64000000,20,false,0.65
"HID",110023,"/Date(1704254452000)/",3110,100,20800,64000000,10,false,0.32
"HID",105715,"/Date(1704254264000)/",3100,200,20700,63000000,0,true,0
"HID",105715,"/Date(1704254264000)/",3110,300,20500,63000000,10,true,0.32
"HID",104940,"/Date(1704253806000)/",3120,100,20200,62000000,20,false,0.65
"HID",104927,"/Date(1704253794000)/",3110,400,20100,61000000,10,false,0.32
"HID",104911,"/Date(1704253777000)/",3110,100,19700,60000000,10,false,0.32
"HID",104911,"/Date(1704253777000)/",3100,200,19600,60000000,0,false,0
"HID",104826,"/Date(1704253735000)/",3100,900,19400,59000000,0,true,0
"HID",104826,"/Date(1704253735000)/",3100,500,18500,56000000,0,true,0
"HID",104710,"/Date(1704253657000)/",3110,100,18000,55000000,10,false,0.32
"HID",104644,"/Date(1704253631000)/",3100,300,17900,55000000,0,true,0
"HID",104644,"/Date(1704253631000)/",3100,200,17600,54000000,0,true,0
"HID",104625,"/Date(1704253613000)/",3110,200,17400,53000000,10,true,0.32
"HID",104625,"/Date(1704253613000)/",3110,100,17200,52000000,10,true,0.32
"HID",104148,"/Date(1704253334000)/",3120,100,17100,52000000,20,false,0.65
"HID",104135,"/Date(1704253320000)/",3110,200,17000,52000000,10,false,0.32
"HID",104012,"/Date(1704253238000)/",3110,100,16800,51000000,10,false,0.32
"HID",104012,"/Date(1704253238000)/",3110,100,16700,51000000,10,false,0.32
"HID",104012,"/Date(1704253238000)/",3110,400,16600,51000000,10,false,0.32
"HID",104012,"/Date(1704253238000)/",3110,800,16200,49000000,10,false,0.32
"HID",103451,"/Date(1704252914000)/",3110,100,15400,47000000,10,false,0.32
"HID",103419,"/Date(1704252880000)/",3110,100,15300,47000000,10,false,0.32
"HID",103347,"/Date(1704252853000)/",3100,1000,15200,46000000,0,false,0
"HID",103347,"/Date(1704252852000)/",3100,100,14200,43000000,0,false,0
"HID",103319,"/Date(1704252823000)/",3080,100,14100,43000000,-20,false,-0.65
"HID",103212,"/Date(1704252756000)/",3080,1000,14000,42000000,-20,false,-0.65
"HID",102207,"/Date(1704252151000)/",3080,200,13000,39000000,-20,false,-0.65
"HID",102204,"/Date(1704252146000)/",3080,100,12800,39000000,-20,false,-0.65
"HID",102025,"/Date(1704252049000)/",3080,3600,12700,38000000,-20,false,-0.65
"HID",101316,"/Date(1704251617000)/",3070,200,9100,27000000,-30,true,-0.97
"HID",100914,"/Date(1704251374000)/",3100,200,8900,27000000,0,false,0
"HID",100701,"/Date(1704251241000)/",3100,100,8700,26000000,0,false,0
"HID",95709,"/Date(1704250646000)/",3070,1000,8600,26000000,-30,true,-0.97
"HID",95612,"/Date(1704250590000)/",3070,1000,7600,23000000,-30,true,-0.97
"HID",92920,"/Date(1704248973000)/",3110,500,6600,20000000,10,false,0.32
"HID",91615,"/Date(1704248188000)/",3040,4400,6100,18000000,-60,true,-1.94
"HID",91615,"/Date(1704248188000)/",3100,500,1700,5000000,0,true,0
"HID",91615,"/Date(1704248188000)/",3100,100,1200,3000000,0,true,0
"HID",91447,"/Date(1704248100000)/",3120,1100,1100,3000000,20,false,0.65
