"Stockcode","Package","TradingDate","Price","Vol","TotalVol","TotalVal","Change","IsBuy","PerChange"
"IDI",144411,"/Date(1704267900000)/",11850,261400,2172800,25486000000,250,true,2.16
"IDI",142902,"/Date(1704266989000)/",11750,100,1911400,22388000000,150,true,1.29
"IDI",142842,"/Date(1704266968000)/",11800,400,1911300,22387000000,200,false,1.72
"IDI",142842,"/Date(1704266968000)/",11800,200,1910900,22382000000,200,false,1.72
"IDI",142842,"/Date(1704266968000)/",11800,2000,1910700,22380000000,200,false,1.72
"IDI",142842,"/Date(1704266968000)/",11800,1400,1908700,22356000000,200,false,1.72
"IDI",142842,"/Date(1704266968000)/",11800,8400,1907300,22340000000,200,false,1.72
"IDI",142842,"/Date(1704266968000)/",11800,500,1898900,22241000000,200,false,1.72
"IDI",142842,"/Date(1704266968000)/",11800,1000,1898400,22235000000,200,false,1.72
"IDI",142842,"/Date(1704266968000)/",11800,2000,1897400,22223000000,200,false,1.72
"IDI",142842,"/Date(1704266968000)/",11800,1000,1895400,22199000000,200,false,1.72
"IDI",142842,"/Date(1704266968000)/",11800,100,1894400,22188000000,200,false,1.72
"IDI",142842,"/Date(1704266968000)/",11800,1000,1894300,22186000000,200,false,1.72
"IDI",142842,"/Date(1704266968000)/",11800,200,1893300,22175000000,200,false,1.72
"IDI",142842,"/Date(1704266968000)/",11800,100,1893100,22172000000,200,false,1.72
"IDI",142842,"/Date(1704266968000)/",11800,100,1893000,22171000000,200,false,1.72
"IDI",142842,"/Date(1704266968000)/",11800,300,1892900,22170000000,200,false,1.72
"IDI",142842,"/Date(1704266968000)/",11800,200,1892600,22166000000,200,false,1.72
"IDI",142842,"/Date(1704266968000)/",11800,200,1892400,22164000000,200,false,1.72
"IDI",142842,"/Date(1704266968000)/",11800,500,1892200,22162000000,200,false,1.72
"IDI",142842,"/Date(1704266968000)/",11800,400,1891700,22156000000,200,false,1.72
"IDI",142839,"/Date(1704266964000)/",11800,600,1891300,22151000000,200,false,1.72
"IDI",142839,"/Date(1704266964000)/",11800,500,1890700,22144000000,200,false,1.72
"IDI",142839,"/Date(1704266964000)/",11800,100,1890200,22138000000,200,false,1.72
"IDI",142839,"/Date(1704266964000)/",11800,1000,1890100,22137000000,200,false,1.72
"IDI",142839,"/Date(1704266964000)/",11800,5000,1889100,22125000000,200,false,1.72
"IDI",142839,"/Date(1704266964000)/",11800,1300,1884100,22066000000,200,false,1.72
"IDI",142839,"/Date(1704266964000)/",11800,1000,1882800,22051000000,200,false,1.72
"IDI",142839,"/Date(1704266964000)/",11800,10500,1881800,22039000000,200,false,1.72
"IDI",142836,"/Date(1704266963000)/",11800,500,1871300,21915000000,200,false,1.72
"IDI",142833,"/Date(1704266958000)/",11800,9000,1870800,21909000000,200,false,1.72
"IDI",142833,"/Date(1704266958000)/",11800,5000,1861800,21803000000,200,false,1.72
"IDI",142833,"/Date(1704266958000)/",11800,300,1856800,21744000000,200,false,1.72
"IDI",142833,"/Date(1704266958000)/",11800,300,1856500,21740000000,200,false,1.72
"IDI",142833,"/Date(1704266958000)/",11800,200,1856200,21737000000,200,false,1.72
"IDI",142833,"/Date(1704266958000)/",11800,5200,1856000,21735000000,200,false,1.72
"IDI",142820,"/Date(1704266945000)/",11800,1000,1850800,21673000000,200,false,1.72
"IDI",142705,"/Date(1704266871000)/",11750,100,1849800,21661000000,150,true,1.29
"IDI",142636,"/Date(1704266845000)/",11750,1500,1849700,21660000000,150,true,1.29
"IDI",142636,"/Date(1704266844000)/",11750,100,1848200,21643000000,150,true,1.29
"IDI",142636,"/Date(1704266844000)/",11750,1400,1848100,21641000000,150,true,1.29
"IDI",142609,"/Date(1704266816000)/",11750,200,1846700,21625000000,150,true,1.29
"IDI",142559,"/Date(1704266807000)/",11750,400,1846500,21623000000,150,true,1.29
"IDI",142449,"/Date(1704266742000)/",11750,1500,1846100,21618000000,150,false,1.29
"IDI",142425,"/Date(1704266717000)/",11750,200,1844600,21600000000,150,false,1.29
"IDI",142358,"/Date(1704266692000)/",11750,2000,1844400,21598000000,150,true,1.29
"IDI",142358,"/Date(1704266692000)/",11750,1000,1842400,21574000000,150,true,1.29
"IDI",142358,"/Date(1704266692000)/",11750,300,1841400,21563000000,150,true,1.29
"IDI",142314,"/Date(1704266649000)/",11750,2000,1841100,21559000000,150,true,1.29
"IDI",142304,"/Date(1704266638000)/",11750,100,1839100,21536000000,150,true,1.29
"IDI",142258,"/Date(1704266633000)/",11750,100,1839000,21534000000,150,true,1.29
"IDI",142251,"/Date(1704266626000)/",11750,200,1838900,21533000000,150,false,1.29
"IDI",142251,"/Date(1704266626000)/",11750,700,1838700,21531000000,150,false,1.29
"IDI",142248,"/Date(1704266623000)/",11750,300,1838000,21523000000,150,false,1.29
"IDI",142248,"/Date(1704266623000)/",11750,5700,1837700,21519000000,150,false,1.29
"IDI",142225,"/Date(1704266599000)/",11750,1900,1832000,21452000000,150,false,1.29
"IDI",142225,"/Date(1704266599000)/",11750,100,1830100,21430000000,150,false,1.29
"IDI",142205,"/Date(1704266581000)/",11750,2000,1830000,21429000000,150,false,1.29
"IDI",142202,"/Date(1704266577000)/",11750,200,1828000,21405000000,150,false,1.29
"IDI",142202,"/Date(1704266577000)/",11750,300,1827800,21403000000,150,false,1.29
"IDI",142159,"/Date(1704266573000)/",11750,1800,1827500,21399000000,150,false,1.29
"IDI",142143,"/Date(1704266560000)/",11750,900,1825700,21378000000,150,false,1.29
"IDI",142127,"/Date(1704266543000)/",11800,200,1824800,21368000000,200,false,1.72
"IDI",142127,"/Date(1704266543000)/",11800,200,1824600,21365000000,200,false,1.72
"IDI",142127,"/Date(1704266543000)/",11800,500,1824400,21363000000,200,false,1.72
"IDI",142127,"/Date(1704266543000)/",11800,4800,1823900,21357000000,200,false,1.72
"IDI",142127,"/Date(1704266543000)/",11800,2300,1819100,21300000000,200,false,1.72
"IDI",142110,"/Date(1704266528000)/",11700,500,1816800,21273000000,100,true,0.86
"IDI",142110,"/Date(1704266528000)/",11750,100,1816300,21267000000,150,false,1.29
"IDI",142110,"/Date(1704266528000)/",11750,4400,1816200,21266000000,150,false,1.29
"IDI",142041,"/Date(1704266498000)/",11750,300,1811800,21214000000,150,true,1.29
"IDI",142035,"/Date(1704266492000)/",11750,300,1811500,21211000000,150,true,1.29
"IDI",142035,"/Date(1704266492000)/",11750,200,1811200,21207000000,150,true,1.29
"IDI",142035,"/Date(1704266492000)/",11750,500,1811000,21205000000,150,true,1.29
"IDI",142002,"/Date(1704266460000)/",11750,3800,1810500,21199000000,150,true,1.29
"IDI",141942,"/Date(1704266439000)/",11750,200,1806700,21155000000,150,true,1.29
"IDI",141859,"/Date(1704266398000)/",11750,2000,1806500,21152000000,150,true,1.29
"IDI",141855,"/Date(1704266395000)/",11750,3500,1804500,21129000000,150,true,1.29
"IDI",141855,"/Date(1704266395000)/",11750,1400,1801000,21088000000,150,true,1.29
"IDI",141855,"/Date(1704266395000)/",11750,300,1799600,21071000000,150,true,1.29
"IDI",141855,"/Date(1704266395000)/",11750,500,1799300,21068000000,150,true,1.29
"IDI",141855,"/Date(1704266395000)/",11750,2300,1798800,21062000000,150,true,1.29
"IDI",141831,"/Date(1704266371000)/",11800,300,1796500,21035000000,200,false,1.72
"IDI",141730,"/Date(1704266314000)/",11750,500,1796200,21031000000,150,false,1.29
"IDI",141730,"/Date(1704266314000)/",11750,100,1795700,21025000000,150,false,1.29
"IDI",141730,"/Date(1704266314000)/",11750,500,1795600,21024000000,150,false,1.29
"IDI",141730,"/Date(1704266314000)/",11750,200,1795100,21018000000,150,false,1.29
"IDI",141730,"/Date(1704266314000)/",11750,300,1794900,21016000000,150,false,1.29
"IDI",141730,"/Date(1704266314000)/",11750,100,1794600,21012000000,150,false,1.29
"IDI",141720,"/Date(1704266304000)/",11750,500,1794500,21011000000,150,false,1.29
"IDI",141551,"/Date(1704266217000)/",11750,100,1794000,21005000000,150,true,1.29
"IDI",141551,"/Date(1704266217000)/",11750,100,1793900,21004000000,150,true,1.29
"IDI",141551,"/Date(1704266217000)/",11750,5200,1793800,21003000000,150,true,1.29
"IDI",141547,"/Date(1704266212000)/",11750,200,1788600,20942000000,150,true,1.29
"IDI",141541,"/Date(1704266205000)/",11750,1000,1788400,20940000000,150,true,1.29
"IDI",141535,"/Date(1704266198000)/",11750,200,1787400,20928000000,150,true,1.29
"IDI",141528,"/Date(1704266192000)/",11750,3400,1787200,20925000000,150,true,1.29
"IDI",141528,"/Date(1704266192000)/",11750,1600,1783800,20885000000,150,true,1.29
"IDI",141525,"/Date(1704266191000)/",11750,3000,1782200,20867000000,150,true,1.29
"IDI",141428,"/Date(1704266133000)/",11750,400,1779200,20831000000,150,true,1.29
"IDI",141428,"/Date(1704266133000)/",11750,2000,1778800,20827000000,150,true,1.29
"IDI",141412,"/Date(1704266118000)/",11750,1000,1776800,20803000000,150,true,1.29
"IDI",141412,"/Date(1704266118000)/",11750,1300,1775800,20791000000,150,true,1.29
"IDI",141352,"/Date(1704266096000)/",11750,700,1774500,20776000000,150,true,1.29
"IDI",141352,"/Date(1704266096000)/",11750,1300,1773800,20768000000,150,true,1.29
"IDI",141324,"/Date(1704266069000)/",11750,2000,1772500,20753000000,150,true,1.29
"IDI",141324,"/Date(1704266067000)/",11750,100,1770500,20729000000,150,true,1.29
"IDI",141311,"/Date(1704266054000)/",11750,1600,1770400,20728000000,150,true,1.29
"IDI",141311,"/Date(1704266054000)/",11750,400,1768800,20709000000,150,true,1.29
"IDI",141242,"/Date(1704266027000)/",11750,1600,1768400,20705000000,150,false,1.29
"IDI",141233,"/Date(1704266015000)/",11750,600,1766800,20686000000,150,true,1.29
"IDI",141214,"/Date(1704265998000)/",11750,400,1766200,20679000000,150,true,1.29
"IDI",141214,"/Date(1704265998000)/",11750,1000,1765800,20674000000,150,true,1.29
"IDI",141214,"/Date(1704265998000)/",11750,2000,1764800,20662000000,150,true,1.29
"IDI",141214,"/Date(1704265998000)/",11750,500,1762800,20639000000,150,true,1.29
"IDI",141214,"/Date(1704265998000)/",11750,500,1762300,20633000000,150,true,1.29
"IDI",141214,"/Date(1704265998000)/",11750,2000,1761800,20627000000,150,true,1.29
"IDI",141210,"/Date(1704265995000)/",11750,2000,1759800,20603000000,150,true,1.29
"IDI",141210,"/Date(1704265995000)/",11750,400,1757800,20580000000,150,true,1.29
"IDI",141207,"/Date(1704265992000)/",11750,300,1757400,20575000000,150,true,1.29
"IDI",141207,"/Date(1704265992000)/",11750,3000,1757100,20572000000,150,true,1.29
"IDI",141207,"/Date(1704265992000)/",11750,4000,1754100,20537000000,150,true,1.29
"IDI",141207,"/Date(1704265992000)/",11750,500,1750100,20490000000,150,true,1.29
"IDI",141207,"/Date(1704265992000)/",11750,2000,1749600,20484000000,150,true,1.29
"IDI",141207,"/Date(1704265992000)/",11750,200,1747600,20460000000,150,true,1.29
"IDI",141157,"/Date(1704265980000)/",11750,1100,1747400,20458000000,150,true,1.29
"IDI",141157,"/Date(1704265980000)/",11750,3000,1746300,20445000000,150,true,1.29
"IDI",141157,"/Date(1704265980000)/",11750,900,1743300,20410000000,150,true,1.29
"IDI",141132,"/Date(1704265955000)/",11750,1600,1742400,20399000000,150,true,1.29
"IDI",141132,"/Date(1704265955000)/",11750,500,1740800,20380000000,150,true,1.29
"IDI",141132,"/Date(1704265955000)/",11750,3000,1740300,20374000000,150,true,1.29
"IDI",141132,"/Date(1704265955000)/",11750,5000,1737300,20339000000,150,true,1.29
"IDI",141132,"/Date(1704265955000)/",11750,1000,1732300,20280000000,150,true,1.29
"IDI",141132,"/Date(1704265955000)/",11750,300,1731300,20269000000,150,true,1.29
"IDI",141132,"/Date(1704265955000)/",11750,8500,1731000,20265000000,150,true,1.29
"IDI",141132,"/Date(1704265955000)/",11750,200,1722500,20165000000,150,true,1.29
"IDI",141132,"/Date(1704265955000)/",11750,29900,1722300,20163000000,150,true,1.29
"IDI",141132,"/Date(1704265955000)/",11750,15000,1692400,19812000000,150,true,1.29
"IDI",141129,"/Date(1704265953000)/",11750,100,1677400,19635000000,150,true,1.29
"IDI",141012,"/Date(1704265877000)/",11750,5000,1677300,19634000000,150,true,1.29
"IDI",141009,"/Date(1704265872000)/",11800,500,1672300,19575000000,200,false,1.72
"IDI",140956,"/Date(1704265859000)/",11750,4700,1671800,19569000000,150,true,1.29
"IDI",140950,"/Date(1704265855000)/",11800,1000,1667100,19514000000,200,false,1.72
"IDI",140908,"/Date(1704265813000)/",11750,900,1666100,19502000000,150,true,1.29
"IDI",140908,"/Date(1704265813000)/",11750,800,1665200,19492000000,150,true,1.29
"IDI",140908,"/Date(1704265813000)/",11750,1800,1664400,19482000000,150,true,1.29
"IDI",140908,"/Date(1704265813000)/",11750,1500,1662600,19461000000,150,true,1.29
"IDI",140859,"/Date(1704265802000)/",11750,100,1661100,19444000000,150,true,1.29
"IDI",140801,"/Date(1704265745000)/",11750,3400,1661000,19443000000,150,true,1.29
"IDI",140801,"/Date(1704265745000)/",11750,1000,1657600,19403000000,150,true,1.29
"IDI",140801,"/Date(1704265745000)/",11750,600,1656600,19391000000,150,true,1.29
"IDI",140742,"/Date(1704265725000)/",11800,100,1656000,19384000000,200,false,1.72
"IDI",140726,"/Date(1704265711000)/",11800,5800,1655900,19383000000,200,false,1.72
"IDI",140726,"/Date(1704265711000)/",11800,200,1650100,19314000000,200,false,1.72
"IDI",140726,"/Date(1704265711000)/",11800,100,1649900,19312000000,200,false,1.72
"IDI",140726,"/Date(1704265711000)/",11800,500,1649800,19311000000,200,false,1.72
"IDI",140726,"/Date(1704265711000)/",11800,1000,1649300,19305000000,200,false,1.72
"IDI",140726,"/Date(1704265711000)/",11800,1900,1648300,19293000000,200,false,1.72
"IDI",140726,"/Date(1704265711000)/",11800,500,1646400,19270000000,200,false,1.72
"IDI",140700,"/Date(1704265683000)/",11800,100,1645900,19265000000,200,false,1.72
"IDI",140700,"/Date(1704265683000)/",11800,1000,1645800,19263000000,200,false,1.72
"IDI",140700,"/Date(1704265683000)/",11800,200,1644800,19252000000,200,false,1.72
"IDI",140700,"/Date(1704265683000)/",11800,100,1644600,19249000000,200,false,1.72
"IDI",140700,"/Date(1704265683000)/",11800,300,1644500,19248000000,200,false,1.72
"IDI",140632,"/Date(1704265653000)/",11800,200,1644200,19245000000,200,false,1.72
"IDI",140632,"/Date(1704265653000)/",11800,300,1644000,19242000000,200,false,1.72
"IDI",140632,"/Date(1704265653000)/",11800,500,1643700,19239000000,200,false,1.72
"IDI",140609,"/Date(1704265631000)/",11800,1000,1643200,19233000000,200,false,1.72
"IDI",140606,"/Date(1704265628000)/",11800,500,1642200,19221000000,200,false,1.72
"IDI",140606,"/Date(1704265628000)/",11800,100,1641700,19215000000,200,false,1.72
"IDI",140606,"/Date(1704265628000)/",11800,100,1641600,19214000000,200,false,1.72
"IDI",140606,"/Date(1704265628000)/",11800,200,1641500,19213000000,200,false,1.72
"IDI",140606,"/Date(1704265628000)/",11800,100,1641300,19210000000,200,false,1.72
"IDI",140328,"/Date(1704265469000)/",11800,300,1641200,19209000000,200,false,1.72
"IDI",140328,"/Date(1704265468000)/",11800,1200,1640900,19206000000,200,false,1.72
"IDI",140207,"/Date(1704265387000)/",11800,500,1639700,19191000000,200,false,1.72
"IDI",140139,"/Date(1704265358000)/",11750,400,1639200,19186000000,150,true,1.29
"IDI",140139,"/Date(1704265358000)/",11750,100,1638800,19181000000,150,true,1.29
"IDI",140109,"/Date(1704265326000)/",11750,800,1638700,19180000000,150,true,1.29
"IDI",140106,"/Date(1704265321000)/",11750,100,1637900,19170000000,150,true,1.29
"IDI",140106,"/Date(1704265321000)/",11750,3900,1637800,19169000000,150,true,1.29
"IDI",140009,"/Date(1704265262000)/",11750,4100,1633900,19123000000,150,false,1.29
"IDI",140009,"/Date(1704265262000)/",11750,100,1629800,19075000000,150,false,1.29
"IDI",140009,"/Date(1704265262000)/",11750,1400,1629700,19074000000,150,false,1.29
"IDI",140009,"/Date(1704265262000)/",11750,500,1628300,19057000000,150,false,1.29
"IDI",135949,"/Date(1704265240000)/",11750,1500,1627800,19052000000,150,false,1.29
"IDI",135949,"/Date(1704265240000)/",11750,300,1626300,19034000000,150,false,1.29
"IDI",135949,"/Date(1704265240000)/",11750,200,1626000,19030000000,150,false,1.29
"IDI",135934,"/Date(1704265224000)/",11750,100,1625800,19028000000,150,false,1.29
"IDI",135934,"/Date(1704265224000)/",11750,1900,1625700,19027000000,150,false,1.29
"IDI",135927,"/Date(1704265216000)/",11750,1100,1623800,19005000000,150,false,1.29
"IDI",135927,"/Date(1704265216000)/",11750,3900,1622700,18992000000,150,false,1.29
"IDI",135927,"/Date(1704265216000)/",11750,500,1618800,18946000000,150,false,1.29
"IDI",135924,"/Date(1704265212000)/",11750,1000,1618300,18940000000,150,false,1.29
"IDI",135908,"/Date(1704265198000)/",11750,1200,1617300,18928000000,150,false,1.29
"IDI",135908,"/Date(1704265197000)/",11750,400,1616100,18914000000,150,false,1.29
"IDI",135858,"/Date(1704265187000)/",11750,16500,1615700,18909000000,150,false,1.29
"IDI",135741,"/Date(1704265112000)/",11750,500,1599200,18716000000,150,false,1.29
"IDI",135735,"/Date(1704265103000)/",11750,4000,1598700,18710000000,150,false,1.29
"IDI",135645,"/Date(1704265053000)/",11750,100,1594700,18663000000,150,false,1.29
"IDI",135632,"/Date(1704265040000)/",11750,500,1594600,18661000000,150,false,1.29
"IDI",135629,"/Date(1704265036000)/",11750,400,1594100,18656000000,150,false,1.29
"IDI",135623,"/Date(1704265030000)/",11750,13000,1593700,18651000000,150,false,1.29
"IDI",135604,"/Date(1704265013000)/",11750,100,1580700,18498000000,150,false,1.29
"IDI",135558,"/Date(1704265005000)/",11750,1000,1580600,18497000000,150,false,1.29
"IDI",135546,"/Date(1704264992000)/",11750,6900,1579600,18485000000,150,false,1.29
"IDI",135546,"/Date(1704264992000)/",11750,1100,1572700,18404000000,150,false,1.29
"IDI",135546,"/Date(1704264991000)/",11750,900,1571600,18391000000,150,false,1.29
"IDI",135543,"/Date(1704264989000)/",11750,300,1570700,18381000000,150,false,1.29
"IDI",135543,"/Date(1704264989000)/",11750,600,1570400,18377000000,150,false,1.29
"IDI",135543,"/Date(1704264989000)/",11750,200,1569800,18370000000,150,false,1.29
"IDI",135539,"/Date(1704264987000)/",11750,100,1569600,18368000000,150,false,1.29
"IDI",135512,"/Date(1704264956000)/",11750,100,1569500,18367000000,150,false,1.29
"IDI",135512,"/Date(1704264956000)/",11750,400,1569400,18365000000,150,false,1.29
"IDI",135512,"/Date(1704264956000)/",11750,500,1569000,18361000000,150,false,1.29
"IDI",135509,"/Date(1704264954000)/",11750,100,1568500,18355000000,150,false,1.29
"IDI",135503,"/Date(1704264948000)/",11750,1200,1568400,18354000000,150,false,1.29
"IDI",135500,"/Date(1704264945000)/",11750,800,1567200,18340000000,150,false,1.29
"IDI",135457,"/Date(1704264941000)/",11750,1500,1566400,18330000000,150,false,1.29
"IDI",135451,"/Date(1704264935000)/",11750,400,1564900,18312000000,150,false,1.29
"IDI",135451,"/Date(1704264935000)/",11750,100,1564500,18308000000,150,false,1.29
"IDI",135442,"/Date(1704264926000)/",11750,1100,1564400,18307000000,150,false,1.29
"IDI",135442,"/Date(1704264926000)/",11750,900,1563300,18294000000,150,false,1.29
"IDI",135442,"/Date(1704264926000)/",11750,100,1562400,18283000000,150,false,1.29
"IDI",135429,"/Date(1704264912000)/",11750,900,1562300,18282000000,150,false,1.29
"IDI",135429,"/Date(1704264912000)/",11750,100,1561400,18271000000,150,false,1.29
"IDI",135429,"/Date(1704264912000)/",11750,100,1561300,18270000000,150,false,1.29
"IDI",135429,"/Date(1704264912000)/",11750,9100,1561200,18269000000,150,false,1.29
"IDI",135429,"/Date(1704264912000)/",11750,200,1552100,18162000000,150,false,1.29
"IDI",135429,"/Date(1704264912000)/",11750,4900,1551900,18160000000,150,false,1.29
"IDI",135420,"/Date(1704264902000)/",11750,5000,1547000,18102000000,150,false,1.29
"IDI",135348,"/Date(1704264871000)/",11750,2000,1542000,18043000000,150,false,1.29
"IDI",135348,"/Date(1704264871000)/",11750,2000,1540000,18020000000,150,false,1.29
"IDI",135348,"/Date(1704264870000)/",11750,10000,1538000,17996000000,150,false,1.29
"IDI",135257,"/Date(1704264820000)/",11750,10000,1528000,17879000000,150,false,1.29
"IDI",135222,"/Date(1704264784000)/",11750,100,1518000,17761000000,150,false,1.29
"IDI",135215,"/Date(1704264779000)/",11750,3000,1517900,17760000000,150,false,1.29
"IDI",135215,"/Date(1704264777000)/",11750,2000,1514900,17725000000,150,false,1.29
"IDI",135209,"/Date(1704264770000)/",11750,500,1512900,17701000000,150,false,1.29
"IDI",135202,"/Date(1704264766000)/",11750,3000,1512400,17696000000,150,false,1.29
"IDI",135137,"/Date(1704264739000)/",11750,100,1509400,17660000000,150,false,1.29
"IDI",135131,"/Date(1704264734000)/",11750,1000,1509300,17659000000,150,false,1.29
"IDI",135124,"/Date(1704264726000)/",11750,3800,1508300,17647000000,150,false,1.29
"IDI",135115,"/Date(1704264719000)/",11750,1000,1504500,17603000000,150,false,1.29
"IDI",135115,"/Date(1704264716000)/",11750,1000,1503500,17591000000,150,false,1.29
"IDI",135111,"/Date(1704264715000)/",11750,600,1502500,17579000000,150,false,1.29
"IDI",135111,"/Date(1704264713000)/",11750,100,1501900,17572000000,150,false,1.29
"IDI",135111,"/Date(1704264713000)/",11750,5000,1501800,17571000000,150,false,1.29
"IDI",135111,"/Date(1704264713000)/",11750,200,1496800,17512000000,150,false,1.29
"IDI",135111,"/Date(1704264713000)/",11750,2000,1496600,17510000000,150,false,1.29
"IDI",135111,"/Date(1704264713000)/",11750,300,1494600,17486000000,150,false,1.29
"IDI",135111,"/Date(1704264713000)/",11750,3000,1494300,17483000000,150,false,1.29
"IDI",135111,"/Date(1704264713000)/",11750,1400,1491300,17448000000,150,false,1.29
"IDI",135111,"/Date(1704264713000)/",11750,1000,1489900,17431000000,150,false,1.29
"IDI",135111,"/Date(1704264713000)/",11750,3500,1488900,17419000000,150,false,1.29
"IDI",135111,"/Date(1704264713000)/",11750,7100,1485400,17378000000,150,false,1.29
"IDI",135102,"/Date(1704264704000)/",11750,2000,1478300,17295000000,150,false,1.29
"IDI",135052,"/Date(1704264695000)/",11750,100,1476300,17271000000,150,false,1.29
"IDI",135052,"/Date(1704264694000)/",11750,2000,1476200,17270000000,150,false,1.29
"IDI",135049,"/Date(1704264692000)/",11750,500,1474200,17247000000,150,false,1.29
"IDI",135040,"/Date(1704264682000)/",11750,15300,1473700,17241000000,150,false,1.29
"IDI",135020,"/Date(1704264662000)/",11750,200,1458400,17061000000,150,false,1.29
"IDI",135011,"/Date(1704264653000)/",11750,900,1458200,17059000000,150,false,1.29
"IDI",134955,"/Date(1704264637000)/",11750,1000,1457300,17048000000,150,false,1.29
"IDI",134929,"/Date(1704264612000)/",11700,800,1456300,17036000000,100,true,0.86
"IDI",134910,"/Date(1704264592000)/",11750,8100,1455500,17027000000,150,false,1.29
"IDI",134910,"/Date(1704264592000)/",11750,200,1447400,16932000000,150,false,1.29
"IDI",134910,"/Date(1704264592000)/",11750,500,1447200,16930000000,150,false,1.29
"IDI",134910,"/Date(1704264592000)/",11750,1200,1446700,16924000000,150,false,1.29
"IDI",134910,"/Date(1704264591000)/",11750,200,1445500,16910000000,150,false,1.29
"IDI",134910,"/Date(1704264591000)/",11750,300,1445300,16907000000,150,false,1.29
"IDI",134845,"/Date(1704264568000)/",11700,700,1445000,16904000000,100,true,0.86
"IDI",134841,"/Date(1704264565000)/",11750,2000,1444300,16896000000,150,false,1.29
"IDI",134809,"/Date(1704264531000)/",11700,200,1442300,16872000000,100,true,0.86
"IDI",134809,"/Date(1704264530000)/",11750,500,1442100,16870000000,150,false,1.29
"IDI",134706,"/Date(1704264466000)/",11750,500,1441600,16864000000,150,false,1.29
"IDI",134627,"/Date(1704264428000)/",11700,1000,1441100,16858000000,100,true,0.86
"IDI",134420,"/Date(1704264300000)/",11700,4800,1440100,16846000000,100,true,0.86
"IDI",134420,"/Date(1704264300000)/",11700,500,1435300,16790000000,100,true,0.86
"IDI",134420,"/Date(1704264300000)/",11700,1000,1434800,16784000000,100,true,0.86
"IDI",134420,"/Date(1704264300000)/",11700,700,1433800,16773000000,100,true,0.86
"IDI",134347,"/Date(1704264268000)/",11700,2300,1433100,16764000000,100,true,0.86
"IDI",134347,"/Date(1704264268000)/",11700,700,1430800,16737000000,100,true,0.86
"IDI",134303,"/Date(1704264223000)/",11700,300,1430100,16729000000,100,true,0.86
"IDI",134303,"/Date(1704264223000)/",11700,3000,1429800,16726000000,100,true,0.86
"IDI",134259,"/Date(1704264221000)/",11700,3600,1426800,16691000000,100,false,0.86
"IDI",134256,"/Date(1704264218000)/",11700,1000,1423200,16648000000,100,false,0.86
"IDI",134253,"/Date(1704264213000)/",11700,10000,1422200,16637000000,100,false,0.86
"IDI",134250,"/Date(1704264212000)/",11700,1700,1412200,16520000000,100,false,0.86
"IDI",134243,"/Date(1704264205000)/",11700,2000,1410500,16500000000,100,false,0.86
"IDI",134240,"/Date(1704264200000)/",11700,6000,1408500,16477000000,100,false,0.86
"IDI",134224,"/Date(1704264186000)/",11700,1000,1402500,16406000000,100,false,0.86
"IDI",134152,"/Date(1704264154000)/",11700,100,1401500,16395000000,100,false,0.86
"IDI",134149,"/Date(1704264150000)/",11700,2000,1401400,16393000000,100,false,0.86
"IDI",134143,"/Date(1704264143000)/",11700,500,1399400,16370000000,100,false,0.86
"IDI",134114,"/Date(1704264114000)/",11700,5000,1398900,16364000000,100,false,0.86
"IDI",134104,"/Date(1704264107000)/",11700,3000,1393900,16306000000,100,true,0.86
"IDI",134104,"/Date(1704264107000)/",11700,100,1390900,16271000000,100,true,0.86
"IDI",134104,"/Date(1704264107000)/",11700,100,1390800,16269000000,100,true,0.86
"IDI",134104,"/Date(1704264107000)/",11700,100,1390700,16268000000,100,true,0.86
"IDI",134104,"/Date(1704264107000)/",11700,300,1390600,16267000000,100,true,0.86
"IDI",134104,"/Date(1704264107000)/",11700,1000,1390300,16264000000,100,true,0.86
"IDI",134104,"/Date(1704264107000)/",11700,200,1389300,16252000000,100,true,0.86
"IDI",134104,"/Date(1704264107000)/",11700,2000,1389100,16250000000,100,true,0.86
"IDI",134104,"/Date(1704264107000)/",11700,100,1387100,16226000000,100,true,0.86
"IDI",134104,"/Date(1704264107000)/",11700,1800,1387000,16225000000,100,true,0.86
"IDI",134104,"/Date(1704264107000)/",11700,100,1385200,16204000000,100,true,0.86
"IDI",134104,"/Date(1704264107000)/",11700,2000,1385100,16203000000,100,true,0.86
"IDI",134104,"/Date(1704264107000)/",11700,3000,1383100,16179000000,100,true,0.86
"IDI",134026,"/Date(1704264068000)/",11700,100,1380100,16144000000,100,true,0.86
"IDI",133829,"/Date(1704263952000)/",11700,200,1380000,16143000000,100,true,0.86
"IDI",133657,"/Date(1704263863000)/",11700,200,1379800,16141000000,100,true,0.86
"IDI",133657,"/Date(1704263863000)/",11700,1000,1379600,16138000000,100,true,0.86
"IDI",133657,"/Date(1704263863000)/",11700,200,1378600,16127000000,100,true,0.86
"IDI",133657,"/Date(1704263863000)/",11700,200,1378400,16124000000,100,true,0.86
"IDI",133657,"/Date(1704263863000)/",11700,400,1378200,16122000000,100,true,0.86
"IDI",133613,"/Date(1704263820000)/",11700,1600,1377800,16117000000,100,true,0.86
"IDI",133613,"/Date(1704263820000)/",11700,400,1376200,16099000000,100,true,0.86
"IDI",133613,"/Date(1704263820000)/",11700,100,1375800,16094000000,100,true,0.86
"IDI",133613,"/Date(1704263820000)/",11700,200,1375700,16093000000,100,true,0.86
"IDI",133613,"/Date(1704263820000)/",11700,5000,1375500,16090000000,100,true,0.86
"IDI",133613,"/Date(1704263820000)/",11700,5000,1370500,16032000000,100,true,0.86
"IDI",133613,"/Date(1704263820000)/",11700,1000,1365500,15973000000,100,true,0.86
"IDI",133613,"/Date(1704263820000)/",11700,2500,1364500,15962000000,100,true,0.86
"IDI",133613,"/Date(1704263820000)/",11700,2000,1362000,15932000000,100,true,0.86
"IDI",133613,"/Date(1704263820000)/",11700,300,1360000,15909000000,100,true,0.86
"IDI",133613,"/Date(1704263820000)/",11700,5000,1359700,15906000000,100,true,0.86
"IDI",133613,"/Date(1704263820000)/",11700,5000,1354700,15847000000,100,true,0.86
"IDI",133613,"/Date(1704263820000)/",11700,400,1349700,15789000000,100,true,0.86
"IDI",133613,"/Date(1704263820000)/",11700,1000,1349300,15784000000,100,true,0.86
"IDI",133613,"/Date(1704263820000)/",11700,100,1348300,15772000000,100,true,0.86
"IDI",133613,"/Date(1704263820000)/",11700,200,1348200,15771000000,100,true,0.86
"IDI",133613,"/Date(1704263820000)/",11700,200,1348000,15769000000,100,true,0.86
"IDI",133535,"/Date(1704263782000)/",11750,300,1347800,15766000000,150,false,1.29
"IDI",133517,"/Date(1704263763000)/",11750,700,1347500,15763000000,150,true,1.29
"IDI",133517,"/Date(1704263763000)/",11750,1000,1346800,15755000000,150,true,1.29
"IDI",133517,"/Date(1704263763000)/",11750,3600,1345800,15743000000,150,true,1.29
"IDI",133510,"/Date(1704263757000)/",11750,300,1342200,15701000000,150,true,1.29
"IDI",133504,"/Date(1704263752000)/",11750,500,1341900,15697000000,150,true,1.29
"IDI",133501,"/Date(1704263748000)/",11750,600,1341400,15691000000,150,true,1.29
"IDI",133501,"/Date(1704263748000)/",11750,200,1340800,15684000000,150,true,1.29
"IDI",133444,"/Date(1704263731000)/",11800,100,1340600,15682000000,200,false,1.72
"IDI",133431,"/Date(1704263719000)/",11750,800,1340500,15681000000,150,true,1.29
"IDI",133431,"/Date(1704263719000)/",11750,200,1339700,15671000000,150,true,1.29
"IDI",133305,"/Date(1704263632000)/",11750,400,1339500,15669000000,150,true,1.29
"IDI",133305,"/Date(1704263631000)/",11750,100,1339100,15664000000,150,true,1.29
"IDI",133249,"/Date(1704263617000)/",11750,5000,1339000,15663000000,150,true,1.29
"IDI",133236,"/Date(1704263604000)/",11750,3900,1334000,15604000000,150,true,1.29
"IDI",133151,"/Date(1704263557000)/",11750,500,1330100,15558000000,150,false,1.29
"IDI",133151,"/Date(1704263557000)/",11750,9400,1329600,15552000000,150,false,1.29
"IDI",133132,"/Date(1704263540000)/",11750,100,1320200,15442000000,150,false,1.29
"IDI",133132,"/Date(1704263539000)/",11750,500,1320100,15441000000,150,false,1.29
"IDI",133122,"/Date(1704263531000)/",11800,500,1319600,15435000000,200,false,1.72
"IDI",133109,"/Date(1704263518000)/",11750,500,1319100,15429000000,150,false,1.29
"IDI",133103,"/Date(1704263510000)/",11750,700,1318600,15423000000,150,true,1.29
"IDI",133103,"/Date(1704263510000)/",11750,2000,1317900,15415000000,150,true,1.29
"IDI",133103,"/Date(1704263510000)/",11750,3000,1315900,15391000000,150,true,1.29
"IDI",133103,"/Date(1704263510000)/",11750,1000,1312900,15356000000,150,true,1.29
"IDI",133103,"/Date(1704263510000)/",11750,3000,1311900,15344000000,150,true,1.29
"IDI",133103,"/Date(1704263510000)/",11750,1000,1308900,15309000000,150,true,1.29
"IDI",133103,"/Date(1704263510000)/",11750,1000,1307900,15297000000,150,true,1.29
"IDI",133103,"/Date(1704263510000)/",11750,2000,1306900,15286000000,150,true,1.29
"IDI",133103,"/Date(1704263510000)/",11750,200,1304900,15262000000,150,true,1.29
"IDI",133103,"/Date(1704263510000)/",11750,400,1304700,15260000000,150,true,1.29
"IDI",133103,"/Date(1704263510000)/",11750,5200,1304300,15255000000,150,true,1.29
"IDI",133027,"/Date(1704263476000)/",11750,2000,1299100,15194000000,150,true,1.29
"IDI",133021,"/Date(1704263469000)/",11800,1000,1297100,15171000000,200,false,1.72
"IDI",132952,"/Date(1704263440000)/",11750,1000,1296100,15159000000,150,true,1.29
"IDI",132945,"/Date(1704263433000)/",11750,1800,1295100,15147000000,150,true,1.29
"IDI",132945,"/Date(1704263433000)/",11750,200,1293300,15126000000,150,true,1.29
"IDI",132833,"/Date(1704263364000)/",11800,10000,1293100,15124000000,200,false,1.72
"IDI",132823,"/Date(1704263355000)/",11750,800,1283100,15006000000,150,true,1.29
"IDI",132823,"/Date(1704263355000)/",11750,2000,1282300,14996000000,150,true,1.29
"IDI",132823,"/Date(1704263355000)/",11750,1000,1280300,14973000000,150,true,1.29
"IDI",132823,"/Date(1704263355000)/",11750,1200,1279300,14961000000,150,true,1.29
"IDI",132820,"/Date(1704263350000)/",11750,800,1278100,14947000000,150,true,1.29
"IDI",132820,"/Date(1704263350000)/",11750,1200,1277300,14937000000,150,true,1.29
"IDI",132804,"/Date(1704263335000)/",11750,500,1276100,14923000000,150,true,1.29
"IDI",132743,"/Date(1704263316000)/",11750,5000,1275600,14917000000,150,true,1.29
"IDI",132743,"/Date(1704263314000)/",11750,100,1270600,14859000000,150,true,1.29
"IDI",132740,"/Date(1704263311000)/",11750,4900,1270500,14857000000,150,false,1.29
"IDI",132740,"/Date(1704263311000)/",11750,100,1265600,14800000000,150,false,1.29
"IDI",132726,"/Date(1704263299000)/",11750,300,1265500,14799000000,150,false,1.29
"IDI",132716,"/Date(1704263291000)/",11750,100,1265200,14795000000,150,false,1.29
"IDI",132716,"/Date(1704263291000)/",11750,100,1265100,14794000000,150,false,1.29
"IDI",132659,"/Date(1704263273000)/",11750,100,1265000,14793000000,150,false,1.29
"IDI",132642,"/Date(1704263258000)/",11750,500,1264900,14792000000,150,true,1.29
"IDI",132638,"/Date(1704263255000)/",11750,1000,1264400,14786000000,150,true,1.29
"IDI",132628,"/Date(1704263246000)/",11750,1000,1263400,14774000000,150,true,1.29
"IDI",132628,"/Date(1704263246000)/",11750,2000,1262400,14762000000,150,true,1.29
"IDI",132628,"/Date(1704263245000)/",11750,1000,1260400,14739000000,150,true,1.29
"IDI",132628,"/Date(1704263245000)/",11750,1000,1259400,14727000000,150,true,1.29
"IDI",132628,"/Date(1704263244000)/",11750,200,1258400,14715000000,150,true,1.29
"IDI",132612,"/Date(1704263230000)/",11750,500,1258200,14713000000,150,true,1.29
"IDI",132603,"/Date(1704263218000)/",11750,300,1257700,14707000000,150,true,1.29
"IDI",132603,"/Date(1704263218000)/",11750,5000,1257400,14704000000,150,true,1.29
"IDI",132603,"/Date(1704263218000)/",11750,4700,1252400,14645000000,150,true,1.29
"IDI",132447,"/Date(1704263143000)/",11750,3200,1247700,14590000000,150,false,1.29
"IDI",132447,"/Date(1704263143000)/",11750,100,1244500,14552000000,150,false,1.29
"IDI",132443,"/Date(1704263139000)/",11750,400,1244400,14551000000,150,false,1.29
"IDI",132443,"/Date(1704263139000)/",11750,1600,1244000,14546000000,150,false,1.29
"IDI",132443,"/Date(1704263138000)/",11750,600,1242400,14527000000,150,false,1.29
"IDI",132443,"/Date(1704263138000)/",11750,100,1241800,14520000000,150,false,1.29
"IDI",132437,"/Date(1704263134000)/",11750,900,1241700,14519000000,150,false,1.29
"IDI",132437,"/Date(1704263134000)/",11750,100,1240800,14508000000,150,false,1.29
"IDI",132434,"/Date(1704263130000)/",11750,100,1240700,14507000000,150,false,1.29
"IDI",132434,"/Date(1704263130000)/",11750,4000,1240600,14506000000,150,false,1.29
"IDI",132434,"/Date(1704263130000)/",11750,500,1236600,14459000000,150,false,1.29
"IDI",132434,"/Date(1704263130000)/",11750,100,1236100,14453000000,150,false,1.29
"IDI",132431,"/Date(1704263128000)/",11750,1500,1236000,14452000000,150,false,1.29
"IDI",132431,"/Date(1704263128000)/",11750,200,1234500,14434000000,150,false,1.29
"IDI",132431,"/Date(1704263128000)/",11750,200,1234300,14432000000,150,false,1.29
"IDI",132431,"/Date(1704263128000)/",11750,200,1234100,14430000000,150,false,1.29
"IDI",132431,"/Date(1704263128000)/",11750,7900,1233900,14427000000,150,false,1.29
"IDI",132427,"/Date(1704263123000)/",11750,100,1226000,14335000000,150,false,1.29
"IDI",132427,"/Date(1704263123000)/",11750,1900,1225900,14333000000,150,false,1.29
"IDI",132427,"/Date(1704263123000)/",11750,900,1224000,14311000000,150,false,1.29
"IDI",132427,"/Date(1704263123000)/",11750,1100,1223100,14301000000,150,false,1.29
"IDI",132424,"/Date(1704263121000)/",11700,800,1222000,14288000000,100,true,0.86
"IDI",132424,"/Date(1704263121000)/",11700,700,1221200,14278000000,100,true,0.86
"IDI",132424,"/Date(1704263121000)/",11750,900,1220500,14270000000,150,false,1.29
"IDI",132424,"/Date(1704263121000)/",11750,5000,1219600,14259000000,150,false,1.29
"IDI",132424,"/Date(1704263121000)/",11750,1100,1214600,14201000000,150,false,1.29
"IDI",132421,"/Date(1704263118000)/",11750,500,1213500,14188000000,150,false,1.29
"IDI",132411,"/Date(1704263107000)/",11750,1400,1213000,14182000000,150,false,1.29
"IDI",132411,"/Date(1704263107000)/",11750,200,1211600,14165000000,150,false,1.29
"IDI",132411,"/Date(1704263107000)/",11750,1400,1211400,14163000000,150,false,1.29
"IDI",132402,"/Date(1704263100000)/",11750,100,1210000,14147000000,150,false,1.29
"IDI",132402,"/Date(1704263100000)/",11750,1000,1209900,14145000000,150,false,1.29
"IDI",132402,"/Date(1704263098000)/",11750,20000,1208900,14134000000,150,false,1.29
"IDI",132402,"/Date(1704263098000)/",11750,4900,1188900,13899000000,150,false,1.29
"IDI",132402,"/Date(1704263098000)/",11750,5000,1184000,13841000000,150,false,1.29
"IDI",132402,"/Date(1704263098000)/",11750,100,1179000,13782000000,150,false,1.29
"IDI",132402,"/Date(1704263098000)/",11750,5000,1178900,13781000000,150,false,1.29
"IDI",132402,"/Date(1704263098000)/",11750,200,1173900,13722000000,150,false,1.29
"IDI",132402,"/Date(1704263098000)/",11750,300,1173700,13720000000,150,false,1.29
"IDI",132402,"/Date(1704263098000)/",11750,200,1173400,13717000000,150,false,1.29
"IDI",132402,"/Date(1704263098000)/",11750,1100,1173200,13714000000,150,false,1.29
"IDI",132402,"/Date(1704263098000)/",11750,100,1172100,13701000000,150,false,1.29
"IDI",132402,"/Date(1704263098000)/",11750,3000,1172000,13700000000,150,false,1.29
"IDI",132402,"/Date(1704263098000)/",11750,100,1169000,13665000000,150,false,1.29
"IDI",132321,"/Date(1704263058000)/",11750,200,1168900,13664000000,150,false,1.29
"IDI",132321,"/Date(1704263058000)/",11750,1300,1168700,13661000000,150,false,1.29
"IDI",132317,"/Date(1704263054000)/",11750,3700,1167400,13646000000,150,false,1.29
"IDI",132317,"/Date(1704263054000)/",11750,500,1163700,13603000000,150,false,1.29
"IDI",132317,"/Date(1704263054000)/",11750,500,1163200,13597000000,150,false,1.29
"IDI",132317,"/Date(1704263054000)/",11750,6900,1162700,13591000000,150,false,1.29
"IDI",132317,"/Date(1704263053000)/",11700,500,1155800,13510000000,100,true,0.86
"IDI",132249,"/Date(1704263023000)/",11700,800,1155300,13504000000,100,true,0.86
"IDI",132249,"/Date(1704263023000)/",11700,9200,1154500,13495000000,100,true,0.86
"IDI",132151,"/Date(1704262967000)/",11700,500,1145300,13387000000,100,true,0.86
"IDI",132142,"/Date(1704262959000)/",11700,300,1144800,13381000000,100,true,0.86
"IDI",132142,"/Date(1704262959000)/",11700,2400,1144500,13378000000,100,true,0.86
"IDI",132142,"/Date(1704262959000)/",11700,300,1142100,13350000000,100,true,0.86
"IDI",132057,"/Date(1704262912000)/",11700,200,1141800,13346000000,100,true,0.86
"IDI",132057,"/Date(1704262912000)/",11700,100,1141600,13344000000,100,true,0.86
"IDI",132019,"/Date(1704262875000)/",11700,500,1141500,13342000000,100,true,0.86
"IDI",132003,"/Date(1704262860000)/",11700,200,1141000,13337000000,100,true,0.86
"IDI",131941,"/Date(1704262837000)/",11700,200,1140800,13334000000,100,true,0.86
"IDI",131941,"/Date(1704262837000)/",11700,300,1140600,13332000000,100,true,0.86
"IDI",131915,"/Date(1704262811000)/",11700,1200,1140300,13328000000,100,true,0.86
"IDI",131912,"/Date(1704262807000)/",11700,3000,1139100,13314000000,100,false,0.86
"IDI",131912,"/Date(1704262807000)/",11700,300,1136100,13279000000,100,false,0.86
"IDI",131912,"/Date(1704262807000)/",11700,200,1135800,13276000000,100,false,0.86
"IDI",131853,"/Date(1704262790000)/",11700,4800,1135600,13273000000,100,false,0.86
"IDI",131853,"/Date(1704262790000)/",11700,5000,1130800,13217000000,100,false,0.86
"IDI",131853,"/Date(1704262790000)/",11700,200,1125800,13159000000,100,false,0.86
"IDI",131834,"/Date(1704262770000)/",11700,200,1125600,13156000000,100,false,0.86
"IDI",131834,"/Date(1704262770000)/",11700,1800,1125400,13154000000,100,false,0.86
"IDI",131831,"/Date(1704262767000)/",11700,500,1123600,13133000000,100,false,0.86
"IDI",131824,"/Date(1704262760000)/",11700,200,1123100,13127000000,100,false,0.86
"IDI",131811,"/Date(1704262748000)/",11700,300,1122900,13125000000,100,false,0.86
"IDI",131752,"/Date(1704262729000)/",11700,7200,1122600,13121000000,100,false,0.86
"IDI",131752,"/Date(1704262729000)/",11700,200,1115400,13037000000,100,false,0.86
"IDI",131752,"/Date(1704262729000)/",11700,900,1115200,13035000000,100,false,0.86
"IDI",131752,"/Date(1704262729000)/",11700,200,1114300,13024000000,100,false,0.86
"IDI",131752,"/Date(1704262729000)/",11700,100,1114100,13022000000,100,false,0.86
"IDI",131752,"/Date(1704262729000)/",11700,11400,1114000,13021000000,100,false,0.86
"IDI",131652,"/Date(1704262666000)/",11700,1000,1102600,12887000000,100,false,0.86
"IDI",131645,"/Date(1704262660000)/",11700,1500,1101600,12876000000,100,false,0.86
"IDI",131639,"/Date(1704262653000)/",11650,4500,1100100,12858000000,50,true,0.43
"IDI",131639,"/Date(1704262653000)/",11650,100,1095600,12806000000,50,true,0.43
"IDI",131639,"/Date(1704262653000)/",11650,2900,1095500,12805000000,50,true,0.43
"IDI",131617,"/Date(1704262633000)/",11700,1200,1092600,12771000000,100,false,0.86
"IDI",131558,"/Date(1704262612000)/",11700,2000,1091400,12757000000,100,false,0.86
"IDI",131441,"/Date(1704262537000)/",11700,100,1089400,12733000000,100,false,0.86
"IDI",131441,"/Date(1704262535000)/",11650,100,1089300,12732000000,50,true,0.43
"IDI",131432,"/Date(1704262528000)/",11700,100,1089200,12731000000,100,false,0.86
"IDI",131338,"/Date(1704262471000)/",11700,2000,1089100,12730000000,100,false,0.86
"IDI",131005,"/Date(1704262254000)/",11700,3800,1087100,12706000000,100,true,0.86
"IDI",131005,"/Date(1704262254000)/",11700,5000,1083300,12662000000,100,true,0.86
"IDI",131005,"/Date(1704262254000)/",11700,3100,1078300,12603000000,100,true,0.86
"IDI",130914,"/Date(1704262199000)/",11700,1000,1075200,12567000000,100,true,0.86
"IDI",130905,"/Date(1704262191000)/",11700,2000,1074200,12555000000,100,true,0.86
"IDI",130854,"/Date(1704262178000)/",11700,2900,1072200,12532000000,100,true,0.86
"IDI",130854,"/Date(1704262178000)/",11700,200,1069300,12498000000,100,true,0.86
"IDI",130854,"/Date(1704262178000)/",11700,1000,1069100,12496000000,100,true,0.86
"IDI",130854,"/Date(1704262178000)/",11700,200,1068100,12484000000,100,true,0.86
"IDI",130854,"/Date(1704262178000)/",11700,700,1067900,12482000000,100,true,0.86
"IDI",130854,"/Date(1704262178000)/",11700,3000,1067200,12474000000,100,true,0.86
"IDI",130854,"/Date(1704262178000)/",11700,1000,1064200,12438000000,100,true,0.86
"IDI",130848,"/Date(1704262170000)/",11700,2000,1063200,12427000000,100,true,0.86
"IDI",130836,"/Date(1704262157000)/",11700,100,1061200,12403000000,100,true,0.86
"IDI",130829,"/Date(1704262150000)/",11700,4900,1061100,12402000000,100,true,0.86
"IDI",130829,"/Date(1704262150000)/",11700,5000,1056200,12345000000,100,true,0.86
"IDI",130829,"/Date(1704262150000)/",11700,2500,1051200,12286000000,100,true,0.86
"IDI",130829,"/Date(1704262150000)/",11700,600,1048700,12257000000,100,true,0.86
"IDI",130826,"/Date(1704262148000)/",11700,1400,1048100,12250000000,100,true,0.86
"IDI",130826,"/Date(1704262148000)/",11700,100,1046700,12234000000,100,true,0.86
"IDI",130826,"/Date(1704262148000)/",11700,500,1046600,12233000000,100,true,0.86
"IDI",130753,"/Date(1704262116000)/",11700,200,1046100,12227000000,100,true,0.86
"IDI",130753,"/Date(1704262116000)/",11700,400,1045900,12224000000,100,true,0.86
"IDI",130753,"/Date(1704262116000)/",11700,100,1045500,12220000000,100,true,0.86
"IDI",130753,"/Date(1704262116000)/",11700,300,1045400,12219000000,100,true,0.86
"IDI",130753,"/Date(1704262116000)/",11700,100,1045100,12215000000,100,true,0.86
"IDI",130753,"/Date(1704262116000)/",11700,200,1045000,12214000000,100,true,0.86
"IDI",130753,"/Date(1704262116000)/",11700,500,1044800,12211000000,100,true,0.86
"IDI",130753,"/Date(1704262116000)/",11700,400,1044300,12206000000,100,true,0.86
"IDI",130753,"/Date(1704262116000)/",11700,100,1043900,12201000000,100,true,0.86
"IDI",130753,"/Date(1704262116000)/",11700,500,1043800,12200000000,100,true,0.86
"IDI",130753,"/Date(1704262116000)/",11700,1000,1043300,12194000000,100,true,0.86
"IDI",130753,"/Date(1704262116000)/",11700,200,1042300,12182000000,100,true,0.86
"IDI",130753,"/Date(1704262116000)/",11700,1000,1042100,12180000000,100,true,0.86
"IDI",130736,"/Date(1704262101000)/",11700,2000,1041100,12168000000,100,true,0.86
"IDI",130736,"/Date(1704262101000)/",11700,2000,1039100,12145000000,100,true,0.86
"IDI",130716,"/Date(1704262082000)/",11700,30000,1037100,12121000000,100,true,0.86
"IDI",130707,"/Date(1704262071000)/",11700,1000,1007100,11770000000,100,true,0.86
"IDI",130523,"/Date(1704261970000)/",11750,100,1006100,11759000000,150,false,1.29
"IDI",130416,"/Date(1704261907000)/",11750,100,1006000,11758000000,150,false,1.29
"IDI",130416,"/Date(1704261905000)/",11750,100,1005900,11756000000,150,false,1.29
"IDI",130406,"/Date(1704261896000)/",11750,100,1005800,11755000000,150,false,1.29
"IDI",130254,"/Date(1704261828000)/",11750,1000,1005700,11754000000,150,false,1.29
"IDI",130238,"/Date(1704261812000)/",11700,200,1004700,11742000000,100,true,0.86
"IDI",130137,"/Date(1704261752000)/",11750,1700,1004500,11740000000,150,false,1.29
"IDI",130137,"/Date(1704261752000)/",11750,3300,1002800,11720000000,150,false,1.29
"IDI",125933,"/Date(1704261614000)/",11700,1000,999500,11681000000,100,true,0.86
"IDI",125923,"/Date(1704261601000)/",11700,700,998500,11669000000,100,true,0.86
"IDI",125920,"/Date(1704261601000)/",11700,100,997800,11661000000,100,true,0.86
"IDI",112810,"/Date(1704256123000)/",11700,1000,997700,11660000000,100,true,0.86
"IDI",112806,"/Date(1704256118000)/",11700,700,996700,11648000000,100,true,0.86
"IDI",112333,"/Date(1704255844000)/",11700,3100,996000,11640000000,100,true,0.86
"IDI",112148,"/Date(1704255739000)/",11700,5900,992900,11604000000,100,true,0.86
"IDI",112148,"/Date(1704255739000)/",11700,300,987000,11535000000,100,true,0.86
"IDI",112148,"/Date(1704255739000)/",11700,4000,986700,11531000000,100,true,0.86
"IDI",112148,"/Date(1704255739000)/",11700,200,982700,11485000000,100,true,0.86
"IDI",112148,"/Date(1704255739000)/",11700,2500,982500,11482000000,100,true,0.86
"IDI",112148,"/Date(1704255739000)/",11700,1000,980000,11453000000,100,true,0.86
"IDI",112148,"/Date(1704255739000)/",11700,10000,979000,11441000000,100,true,0.86
"IDI",112148,"/Date(1704255739000)/",11700,1000,969000,11324000000,100,true,0.86
"IDI",112148,"/Date(1704255739000)/",11700,2000,968000,11313000000,100,true,0.86
"IDI",112148,"/Date(1704255739000)/",11700,10000,966000,11289000000,100,true,0.86
"IDI",112148,"/Date(1704255739000)/",11700,10000,956000,11172000000,100,true,0.86
"IDI",112148,"/Date(1704255739000)/",11700,1400,946000,11055000000,100,true,0.86
"IDI",112138,"/Date(1704255730000)/",11750,6700,944600,11039000000,150,false,1.29
"IDI",112138,"/Date(1704255730000)/",11750,500,937900,10960000000,150,false,1.29
"IDI",112138,"/Date(1704255730000)/",11750,100,937400,10954000000,150,false,1.29
"IDI",112138,"/Date(1704255730000)/",11750,200,937300,10953000000,150,false,1.29
"IDI",112138,"/Date(1704255730000)/",11750,2000,937100,10951000000,150,false,1.29
"IDI",112138,"/Date(1704255730000)/",11750,500,935100,10927000000,150,false,1.29
"IDI",112106,"/Date(1704255697000)/",11750,500,934600,10921000000,150,false,1.29
"IDI",112106,"/Date(1704255697000)/",11750,19500,934100,10915000000,150,false,1.29
"IDI",111830,"/Date(1704255540000)/",11750,100,914600,10686000000,150,false,1.29
"IDI",111823,"/Date(1704255533000)/",11700,700,914500,10685000000,100,true,0.86
"IDI",111804,"/Date(1704255515000)/",11700,900,913800,10677000000,100,true,0.86
"IDI",111804,"/Date(1704255515000)/",11700,100,912900,10666000000,100,true,0.86
"IDI",111700,"/Date(1704255452000)/",11750,100,912800,10665000000,150,false,1.29
"IDI",111600,"/Date(1704255390000)/",11750,1000,912700,10664000000,150,false,1.29
"IDI",111515,"/Date(1704255345000)/",11750,7900,911700,10652000000,150,false,1.29
"IDI",111254,"/Date(1704255203000)/",11750,500,903800,10560000000,150,true,1.29
"IDI",111254,"/Date(1704255203000)/",11750,500,903300,10554000000,150,true,1.29
"IDI",111119,"/Date(1704255108000)/",11750,500,902800,10548000000,150,true,1.29
"IDI",111031,"/Date(1704255062000)/",11750,500,902300,10542000000,150,false,1.29
"IDI",111012,"/Date(1704255042000)/",11750,100,901800,10536000000,150,true,1.29
"IDI",110956,"/Date(1704255026000)/",11750,400,901700,10535000000,150,true,1.29
"IDI",110956,"/Date(1704255026000)/",11750,100,901300,10530000000,150,true,1.29
"IDI",110931,"/Date(1704255001000)/",11750,200,901200,10529000000,150,true,1.29
"IDI",110921,"/Date(1704254991000)/",11750,1000,901000,10527000000,150,true,1.29
"IDI",110918,"/Date(1704254989000)/",11750,100,900000,10515000000,150,true,1.29
"IDI",110918,"/Date(1704254988000)/",11750,500,899900,10514000000,150,true,1.29
"IDI",110918,"/Date(1704254986000)/",11750,500,899400,10508000000,150,true,1.29
"IDI",110843,"/Date(1704254952000)/",11750,5000,898900,10502000000,150,false,1.29
"IDI",110843,"/Date(1704254952000)/",11750,2900,893900,10443000000,150,false,1.29
"IDI",110820,"/Date(1704254931000)/",11750,17100,891000,10409000000,150,false,1.29
"IDI",110820,"/Date(1704254931000)/",11750,500,873900,10208000000,150,false,1.29
"IDI",110820,"/Date(1704254931000)/",11750,1000,873400,10202000000,150,false,1.29
"IDI",110820,"/Date(1704254931000)/",11750,1400,872400,10191000000,150,false,1.29
"IDI",110732,"/Date(1704254881000)/",11750,200,871000,10174000000,150,false,1.29
"IDI",110648,"/Date(1704254837000)/",11750,800,870800,10172000000,150,true,1.29
"IDI",110648,"/Date(1704254837000)/",11750,3000,870000,10162000000,150,true,1.29
"IDI",110648,"/Date(1704254837000)/",11750,4600,867000,10127000000,150,true,1.29
"IDI",110551,"/Date(1704254780000)/",11750,400,862400,10073000000,150,true,1.29
"IDI",110551,"/Date(1704254780000)/",11750,100,862000,10068000000,150,true,1.29
"IDI",110551,"/Date(1704254780000)/",11750,1500,861900,10067000000,150,true,1.29
"IDI",110551,"/Date(1704254780000)/",11750,500,860400,10050000000,150,true,1.29
"IDI",110544,"/Date(1704254774000)/",11750,4000,859900,10044000000,150,true,1.29
"IDI",110450,"/Date(1704254721000)/",11750,100,855900,9997000000,150,true,1.29
"IDI",110412,"/Date(1704254683000)/",11750,200,855800,9996000000,150,true,1.29
"IDI",110347,"/Date(1704254656000)/",11750,8700,855600,9993000000,150,true,1.29
"IDI",110347,"/Date(1704254655000)/",11750,200,846900,9891000000,150,true,1.29
"IDI",110347,"/Date(1704254655000)/",11750,21100,846700,9889000000,150,true,1.29
"IDI",110337,"/Date(1704254646000)/",11750,300,825600,9641000000,150,true,1.29
"IDI",110325,"/Date(1704254632000)/",11750,200,825300,9637000000,150,true,1.29
"IDI",110305,"/Date(1704254613000)/",11750,1000,825100,9635000000,150,true,1.29
"IDI",110305,"/Date(1704254613000)/",11750,1000,824100,9623000000,150,true,1.29
"IDI",110234,"/Date(1704254582000)/",11750,200,823100,9611000000,150,true,1.29
"IDI",110230,"/Date(1704254579000)/",11750,100,822900,9609000000,150,true,1.29
"IDI",110155,"/Date(1704254545000)/",11750,700,822800,9608000000,150,false,1.29
"IDI",110155,"/Date(1704254545000)/",11750,100,822100,9600000000,150,false,1.29
"IDI",110155,"/Date(1704254545000)/",11750,10000,822000,9598000000,150,false,1.29
"IDI",110155,"/Date(1704254545000)/",11750,300,812000,9481000000,150,false,1.29
"IDI",110155,"/Date(1704254545000)/",11750,10000,811700,9477000000,150,false,1.29
"IDI",110155,"/Date(1704254545000)/",11750,200,801700,9360000000,150,false,1.29
"IDI",110155,"/Date(1704254545000)/",11750,4800,801500,9357000000,150,false,1.29
"IDI",110155,"/Date(1704254545000)/",11750,500,796700,9301000000,150,false,1.29
"IDI",110127,"/Date(1704254517000)/",11750,400,796200,9295000000,150,false,1.29
"IDI",110120,"/Date(1704254508000)/",11750,2000,795800,9291000000,150,false,1.29
"IDI",110045,"/Date(1704254474000)/",11750,100,793800,9267000000,150,false,1.29
"IDI",110020,"/Date(1704254448000)/",11750,2000,793700,9266000000,150,false,1.29
"IDI",110016,"/Date(1704254445000)/",11750,200,791700,9242000000,150,false,1.29
"IDI",105957,"/Date(1704254427000)/",11750,300,791500,9240000000,150,false,1.29
"IDI",105957,"/Date(1704254427000)/",11750,100,791200,9236000000,150,false,1.29
"IDI",105957,"/Date(1704254427000)/",11750,4600,791100,9235000000,150,false,1.29
"IDI",105938,"/Date(1704254405000)/",11750,400,786500,9181000000,150,false,1.29
"IDI",105938,"/Date(1704254405000)/",11750,500,786100,9177000000,150,false,1.29
"IDI",105938,"/Date(1704254405000)/",11750,3000,785600,9171000000,150,false,1.29
"IDI",105938,"/Date(1704254405000)/",11750,400,782600,9135000000,150,false,1.29
"IDI",105938,"/Date(1704254405000)/",11750,100,782200,9131000000,150,false,1.29
"IDI",105938,"/Date(1704254405000)/",11750,5600,782100,9130000000,150,false,1.29
"IDI",105759,"/Date(1704254309000)/",11700,100,776500,9064000000,100,true,0.86
"IDI",105709,"/Date(1704254258000)/",11700,100,776400,9063000000,100,true,0.86
"IDI",105316,"/Date(1704254024000)/",11750,3000,776300,9061000000,150,false,1.29
"IDI",105015,"/Date(1704253841000)/",11750,1400,773300,9026000000,150,false,1.29
"IDI",105015,"/Date(1704253841000)/",11750,100,771900,9010000000,150,false,1.29
"IDI",105015,"/Date(1704253841000)/",11750,4000,771800,9009000000,150,false,1.29
"IDI",105015,"/Date(1704253841000)/",11750,4000,767800,8962000000,150,false,1.29
"IDI",105015,"/Date(1704253841000)/",11750,200,763800,8915000000,150,false,1.29
"IDI",105015,"/Date(1704253841000)/",11750,300,763600,8912000000,150,false,1.29
"IDI",105015,"/Date(1704253841000)/",11750,3000,763300,8909000000,150,false,1.29
"IDI",105015,"/Date(1704253841000)/",11750,2200,760300,8873000000,150,false,1.29
"IDI",105015,"/Date(1704253841000)/",11750,800,758100,8848000000,150,false,1.29
"IDI",105015,"/Date(1704253841000)/",11750,500,757300,8838000000,150,false,1.29
"IDI",105015,"/Date(1704253841000)/",11750,10900,756800,8832000000,150,false,1.29
"IDI",104949,"/Date(1704253815000)/",11750,3600,745900,8704000000,150,false,1.29
"IDI",104852,"/Date(1704253759000)/",11700,700,742300,8662000000,100,true,0.86
"IDI",104852,"/Date(1704253759000)/",11700,1000,741600,8654000000,100,true,0.86
"IDI",104852,"/Date(1704253759000)/",11700,300,740600,8642000000,100,true,0.86
"IDI",104852,"/Date(1704253759000)/",11700,500,740300,8638000000,100,true,0.86
"IDI",104852,"/Date(1704253759000)/",11700,500,739800,8633000000,100,true,0.86
"IDI",104739,"/Date(1704253687000)/",11700,100,739300,8627000000,100,true,0.86
"IDI",104629,"/Date(1704253615000)/",11700,100,739200,8626000000,100,true,0.86
"IDI",104541,"/Date(1704253566000)/",11750,2900,739100,8624000000,150,false,1.29
"IDI",104525,"/Date(1704253550000)/",11750,100,736200,8590000000,150,false,1.29
"IDI",104427,"/Date(1704253493000)/",11750,100,736100,8589000000,150,false,1.29
"IDI",104418,"/Date(1704253485000)/",11750,1000,736000,8588000000,150,true,1.29
"IDI",104418,"/Date(1704253485000)/",11750,1400,735000,8576000000,150,true,1.29
"IDI",104418,"/Date(1704253485000)/",11750,600,733600,8560000000,150,true,1.29
"IDI",104418,"/Date(1704253485000)/",11750,1000,733000,8553000000,150,true,1.29
"IDI",104418,"/Date(1704253485000)/",11750,400,732000,8541000000,150,true,1.29
"IDI",104418,"/Date(1704253485000)/",11750,500,731600,8536000000,150,true,1.29
"IDI",104415,"/Date(1704253481000)/",11750,500,731100,8530000000,150,true,1.29
"IDI",104412,"/Date(1704253479000)/",11750,5000,730600,8525000000,150,true,1.29
"IDI",104359,"/Date(1704253465000)/",11750,100,725600,8466000000,150,true,1.29
"IDI",104343,"/Date(1704253450000)/",11750,100,725500,8465000000,150,true,1.29
"IDI",104340,"/Date(1704253445000)/",11750,600,725400,8463000000,150,true,1.29
"IDI",104336,"/Date(1704253442000)/",11750,1000,724800,8456000000,150,true,1.29
"IDI",104330,"/Date(1704253435000)/",11750,100,723800,8445000000,150,true,1.29
"IDI",104301,"/Date(1704253408000)/",11750,500,723700,8444000000,150,true,1.29
"IDI",104301,"/Date(1704253408000)/",11750,100,723200,8438000000,150,true,1.29
"IDI",104245,"/Date(1704253390000)/",11750,1100,723100,8436000000,150,true,1.29
"IDI",104239,"/Date(1704253386000)/",11750,3900,722000,8424000000,150,false,1.29
"IDI",104239,"/Date(1704253386000)/",11750,500,718100,8378000000,150,false,1.29
"IDI",104239,"/Date(1704253386000)/",11750,300,717600,8372000000,150,false,1.29
"IDI",104239,"/Date(1704253386000)/",11750,1800,717300,8368000000,150,false,1.29
"IDI",104239,"/Date(1704253386000)/",11750,100,715500,8347000000,150,false,1.29
"IDI",104239,"/Date(1704253386000)/",11750,2000,715400,8346000000,150,false,1.29
"IDI",104239,"/Date(1704253386000)/",11750,1400,713400,8322000000,150,false,1.29
"IDI",104229,"/Date(1704253374000)/",11750,700,712000,8306000000,150,false,1.29
"IDI",104207,"/Date(1704253353000)/",11750,1000,711300,8298000000,150,false,1.29
"IDI",104204,"/Date(1704253349000)/",11750,2000,710300,8286000000,150,false,1.29
"IDI",104204,"/Date(1704253348000)/",11750,10000,708300,8263000000,150,false,1.29
"IDI",104132,"/Date(1704253317000)/",11750,4900,698300,8145000000,150,true,1.29
"IDI",104129,"/Date(1704253316000)/",11750,100,693400,8087000000,150,true,1.29
"IDI",104129,"/Date(1704253314000)/",11750,1000,693300,8086000000,150,true,1.29
"IDI",104126,"/Date(1704253312000)/",11750,400,692300,8075000000,150,false,1.29
"IDI",104126,"/Date(1704253312000)/",11750,500,691900,8070000000,150,false,1.29
"IDI",104126,"/Date(1704253312000)/",11750,100,691400,8064000000,150,false,1.29
"IDI",104126,"/Date(1704253312000)/",11750,500,691300,8063000000,150,false,1.29
"IDI",104126,"/Date(1704253312000)/",11750,100,690800,8057000000,150,false,1.29
"IDI",104126,"/Date(1704253312000)/",11750,400,690700,8056000000,150,false,1.29
"IDI",104032,"/Date(1704253257000)/",11750,800,690300,8051000000,150,false,1.29
"IDI",104025,"/Date(1704253252000)/",11750,2000,689500,8042000000,150,false,1.29
"IDI",104019,"/Date(1704253244000)/",11750,2000,687500,8018000000,150,true,1.29
"IDI",104019,"/Date(1704253244000)/",11750,1000,685500,7995000000,150,true,1.29
"IDI",104019,"/Date(1704253244000)/",11750,100,684500,7983000000,150,true,1.29
"IDI",104019,"/Date(1704253244000)/",11750,900,684400,7982000000,150,true,1.29
"IDI",104019,"/Date(1704253244000)/",11750,1100,683500,7971000000,150,true,1.29
"IDI",104019,"/Date(1704253244000)/",11750,800,682400,7958000000,150,true,1.29
"IDI",104019,"/Date(1704253244000)/",11750,900,681600,7949000000,150,true,1.29
"IDI",104019,"/Date(1704253244000)/",11750,2000,680700,7938000000,150,true,1.29
"IDI",104019,"/Date(1704253243000)/",11750,900,678700,7915000000,150,true,1.29
"IDI",104009,"/Date(1704253234000)/",11750,2500,677800,7904000000,150,true,1.29
"IDI",104003,"/Date(1704253230000)/",11750,10000,675300,7875000000,150,true,1.29
"IDI",104003,"/Date(1704253228000)/",11750,1100,665300,7757000000,150,true,1.29
"IDI",103953,"/Date(1704253219000)/",11750,2000,664200,7744000000,150,true,1.29
"IDI",103947,"/Date(1704253211000)/",11750,1000,662200,7721000000,150,true,1.29
"IDI",103937,"/Date(1704253203000)/",11800,6300,661200,7709000000,200,false,1.72
"IDI",103937,"/Date(1704253203000)/",11800,3700,654900,7635000000,200,false,1.72
"IDI",103934,"/Date(1704253199000)/",11750,9600,651200,7591000000,150,true,1.29
"IDI",103934,"/Date(1704253199000)/",11750,200,641600,7478000000,150,true,1.29
"IDI",103934,"/Date(1704253199000)/",11750,2300,641400,7476000000,150,true,1.29
"IDI",103934,"/Date(1704253199000)/",11750,2000,639100,7449000000,150,true,1.29
"IDI",103934,"/Date(1704253199000)/",11750,1500,637100,7425000000,150,true,1.29
"IDI",103934,"/Date(1704253199000)/",11750,200,635600,7408000000,150,true,1.29
"IDI",103934,"/Date(1704253199000)/",11750,1000,635400,7405000000,150,true,1.29
"IDI",103934,"/Date(1704253199000)/",11750,3200,634400,7394000000,150,true,1.29
"IDI",103928,"/Date(1704253192000)/",11750,100,631200,7356000000,150,true,1.29
"IDI",103840,"/Date(1704253147000)/",11750,300,631100,7355000000,150,true,1.29
"IDI",103639,"/Date(1704253024000)/",11800,5000,630800,7351000000,200,false,1.72
"IDI",103604,"/Date(1704252991000)/",11800,500,625800,7292000000,200,false,1.72
"IDI",103520,"/Date(1704252943000)/",11750,100,625300,7287000000,150,true,1.29
"IDI",103510,"/Date(1704252935000)/",11750,1000,625200,7285000000,150,true,1.29
"IDI",103504,"/Date(1704252930000)/",11750,100,624200,7274000000,150,true,1.29
"IDI",103448,"/Date(1704252914000)/",11750,100,624100,7272000000,150,true,1.29
"IDI",103445,"/Date(1704252909000)/",11750,100,624000,7271000000,150,true,1.29
"IDI",103445,"/Date(1704252909000)/",11750,200,623900,7270000000,150,true,1.29
"IDI",103344,"/Date(1704252850000)/",11800,1000,623700,7268000000,200,false,1.72
"IDI",103341,"/Date(1704252845000)/",11800,1000,622700,7256000000,200,false,1.72
"IDI",103341,"/Date(1704252845000)/",11800,1000,621700,7244000000,200,false,1.72
"IDI",103338,"/Date(1704252843000)/",11800,1300,620700,7232000000,200,false,1.72
"IDI",103331,"/Date(1704252835000)/",11800,1000,619400,7217000000,200,false,1.72
"IDI",103331,"/Date(1704252835000)/",11800,1000,618400,7205000000,200,false,1.72
"IDI",103322,"/Date(1704252826000)/",11800,14500,617400,7193000000,200,false,1.72
"IDI",103322,"/Date(1704252826000)/",11800,30000,602900,7022000000,200,false,1.72
"IDI",103322,"/Date(1704252826000)/",11800,5000,572900,6668000000,200,false,1.72
"IDI",103322,"/Date(1704252826000)/",11800,300,567900,6609000000,200,false,1.72
"IDI",103322,"/Date(1704252826000)/",11800,200,567600,6606000000,200,false,1.72
"IDI",103316,"/Date(1704252819000)/",11800,4800,567400,6603000000,200,false,1.72
"IDI",103316,"/Date(1704252819000)/",11800,200,562600,6547000000,200,false,1.72
"IDI",103312,"/Date(1704252818000)/",11750,100,562400,6544000000,150,true,1.29
"IDI",103312,"/Date(1704252818000)/",11750,500,562300,6543000000,150,true,1.29
"IDI",103312,"/Date(1704252818000)/",11750,100,561800,6537000000,150,true,1.29
"IDI",103312,"/Date(1704252818000)/",11750,100,561700,6536000000,150,true,1.29
"IDI",103312,"/Date(1704252818000)/",11750,100,561600,6535000000,150,true,1.29
"IDI",103312,"/Date(1704252818000)/",11750,100,561500,6534000000,150,true,1.29
"IDI",103312,"/Date(1704252818000)/",11750,800,561400,6533000000,150,true,1.29
"IDI",103312,"/Date(1704252818000)/",11750,1000,560600,6523000000,150,true,1.29
"IDI",103309,"/Date(1704252815000)/",11750,8200,559600,6511000000,150,false,1.29
"IDI",103309,"/Date(1704252815000)/",11750,1000,551400,6415000000,150,false,1.29
"IDI",103309,"/Date(1704252815000)/",11750,100,550400,6403000000,150,false,1.29
"IDI",103309,"/Date(1704252815000)/",11750,700,550300,6402000000,150,false,1.29
"IDI",103303,"/Date(1704252808000)/",11750,1000,549600,6394000000,150,false,1.29
"IDI",103250,"/Date(1704252796000)/",11750,100,548600,6382000000,150,false,1.29
"IDI",103250,"/Date(1704252796000)/",11750,100,548500,6381000000,150,false,1.29
"IDI",103250,"/Date(1704252796000)/",11750,2800,548400,6380000000,150,false,1.29
"IDI",103250,"/Date(1704252795000)/",11750,1000,545600,6347000000,150,false,1.29
"IDI",103250,"/Date(1704252793000)/",11750,1200,544600,6335000000,150,false,1.29
"IDI",103250,"/Date(1704252793000)/",11750,1800,543400,6321000000,150,false,1.29
"IDI",103244,"/Date(1704252789000)/",11750,3200,541600,6300000000,150,false,1.29
"IDI",103244,"/Date(1704252789000)/",11750,3000,538400,6262000000,150,false,1.29
"IDI",103244,"/Date(1704252789000)/",11750,5000,535400,6227000000,150,false,1.29
"IDI",103244,"/Date(1704252789000)/",11750,4800,530400,6168000000,150,false,1.29
"IDI",103244,"/Date(1704252787000)/",11750,1000,525600,6112000000,150,false,1.29
"IDI",103244,"/Date(1704252787000)/",11750,500,524600,6100000000,150,false,1.29
"IDI",103241,"/Date(1704252786000)/",11750,3000,524100,6094000000,150,false,1.29
"IDI",103241,"/Date(1704252785000)/",11700,100,521100,6059000000,100,true,0.86
"IDI",103234,"/Date(1704252778000)/",11750,700,521000,6058000000,150,false,1.29
"IDI",103234,"/Date(1704252778000)/",11750,3000,520300,6050000000,150,false,1.29
"IDI",103231,"/Date(1704252774000)/",11700,100,517300,6014000000,100,true,0.86
"IDI",103153,"/Date(1704252737000)/",11700,100,517200,6013000000,100,true,0.86
"IDI",103153,"/Date(1704252736000)/",11700,4000,517100,6012000000,100,true,0.86
"IDI",103153,"/Date(1704252736000)/",11700,300,513100,5965000000,100,true,0.86
"IDI",103153,"/Date(1704252736000)/",11700,100,512800,5962000000,100,true,0.86
"IDI",103153,"/Date(1704252736000)/",11700,10000,512700,5961000000,100,true,0.86
"IDI",103153,"/Date(1704252736000)/",11700,3000,502700,5844000000,100,true,0.86
"IDI",103153,"/Date(1704252736000)/",11700,100,499700,5809000000,100,true,0.86
"IDI",103153,"/Date(1704252736000)/",11700,1500,499600,5807000000,100,true,0.86
"IDI",103150,"/Date(1704252733000)/",11700,300,498100,5790000000,100,false,0.86
"IDI",103143,"/Date(1704252726000)/",11700,200,497800,5786000000,100,false,0.86
"IDI",103143,"/Date(1704252726000)/",11700,4000,497600,5784000000,100,false,0.86
"IDI",103140,"/Date(1704252724000)/",11700,1000,493600,5737000000,100,false,0.86
"IDI",103140,"/Date(1704252724000)/",11700,2000,492600,5725000000,100,false,0.86
"IDI",103140,"/Date(1704252724000)/",11700,5000,490600,5702000000,100,false,0.86
"IDI",103140,"/Date(1704252724000)/",11700,2000,485600,5644000000,100,false,0.86
"IDI",103140,"/Date(1704252723000)/",11700,23000,483600,5620000000,100,false,0.86
"IDI",103140,"/Date(1704252723000)/",11700,5000,460600,5351000000,100,false,0.86
"IDI",103140,"/Date(1704252723000)/",11700,100,455600,5293000000,100,false,0.86
"IDI",103140,"/Date(1704252723000)/",11700,100,455500,5291000000,100,false,0.86
"IDI",103140,"/Date(1704252723000)/",11700,2000,455400,5290000000,100,false,0.86
"IDI",103140,"/Date(1704252723000)/",11700,100,453400,5267000000,100,false,0.86
"IDI",103140,"/Date(1704252723000)/",11700,10000,453300,5266000000,100,false,0.86
"IDI",103140,"/Date(1704252723000)/",11700,9700,443300,5149000000,100,false,0.86
"IDI",103137,"/Date(1704252721000)/",11700,10300,433600,5035000000,100,false,0.86
"IDI",103137,"/Date(1704252721000)/",11700,4100,423300,4915000000,100,false,0.86
"IDI",103137,"/Date(1704252721000)/",11700,600,419200,4867000000,100,false,0.86
"IDI",103131,"/Date(1704252716000)/",11700,100,418600,4860000000,100,false,0.86
"IDI",103121,"/Date(1704252704000)/",11700,500,418500,4859000000,100,false,0.86
"IDI",103059,"/Date(1704252682000)/",11700,200,418000,4853000000,100,false,0.86
"IDI",103039,"/Date(1704252665000)/",11700,100,417800,4850000000,100,false,0.86
"IDI",103030,"/Date(1704252652000)/",11650,500,417700,4849000000,50,false,0.43
"IDI",103027,"/Date(1704252652000)/",11650,100,417200,4843000000,50,false,0.43
"IDI",103027,"/Date(1704252652000)/",11650,100,417100,4842000000,50,false,0.43
"IDI",103027,"/Date(1704252652000)/",11650,800,417000,4841000000,50,false,0.43
"IDI",103020,"/Date(1704252643000)/",11650,4000,416200,4832000000,50,false,0.43
"IDI",103011,"/Date(1704252634000)/",11650,1900,412200,4785000000,50,false,0.43
"IDI",103007,"/Date(1704252633000)/",11650,500,410300,4763000000,50,false,0.43
"IDI",103007,"/Date(1704252633000)/",11650,3000,409800,4757000000,50,false,0.43
"IDI",103004,"/Date(1704252627000)/",11650,4900,406800,4722000000,50,false,0.43
"IDI",103004,"/Date(1704252627000)/",11650,700,401900,4665000000,50,false,0.43
"IDI",103004,"/Date(1704252627000)/",11650,500,401200,4657000000,50,false,0.43
"IDI",103004,"/Date(1704252627000)/",11650,8000,400700,4651000000,50,false,0.43
"IDI",103004,"/Date(1704252627000)/",11650,30000,392700,4558000000,50,false,0.43
"IDI",103004,"/Date(1704252627000)/",11650,100,362700,4208000000,50,false,0.43
"IDI",103004,"/Date(1704252627000)/",11650,5000,362600,4207000000,50,false,0.43
"IDI",103004,"/Date(1704252627000)/",11650,500,357600,4149000000,50,false,0.43
"IDI",103004,"/Date(1704252627000)/",11650,300,357100,4143000000,50,false,0.43
"IDI",103004,"/Date(1704252627000)/",11650,4000,356800,4140000000,50,false,0.43
"IDI",103004,"/Date(1704252627000)/",11650,500,352800,4093000000,50,false,0.43
"IDI",103004,"/Date(1704252627000)/",11650,1500,352300,4087000000,50,false,0.43
"IDI",103004,"/Date(1704252627000)/",11650,6000,350800,4070000000,50,false,0.43
"IDI",103004,"/Date(1704252627000)/",11650,20000,344800,4000000000,50,false,0.43
"IDI",103004,"/Date(1704252627000)/",11650,500,324800,3767000000,50,false,0.43
"IDI",103004,"/Date(1704252627000)/",11650,10000,324300,3761000000,50,false,0.43
"IDI",103004,"/Date(1704252627000)/",11650,5000,314300,3645000000,50,false,0.43
"IDI",103004,"/Date(1704252627000)/",11650,2500,309300,3586000000,50,false,0.43
"IDI",102835,"/Date(1704252539000)/",11600,200,306800,3557000000,0,true,0
"IDI",102835,"/Date(1704252539000)/",11600,1000,306600,3555000000,0,true,0
"IDI",102835,"/Date(1704252539000)/",11600,500,305600,3543000000,0,true,0
"IDI",102835,"/Date(1704252539000)/",11600,10000,305100,3537000000,0,true,0
"IDI",102835,"/Date(1704252539000)/",11600,300,295100,3421000000,0,true,0
"IDI",102813,"/Date(1704252516000)/",11600,700,294800,3418000000,0,true,0
"IDI",102813,"/Date(1704252516000)/",11600,300,294100,3410000000,0,true,0
"IDI",102747,"/Date(1704252491000)/",11600,300,293800,3406000000,0,true,0
"IDI",102747,"/Date(1704252491000)/",11600,200,293500,3403000000,0,true,0
"IDI",102722,"/Date(1704252466000)/",11600,500,293300,3401000000,0,true,0
"IDI",102653,"/Date(1704252436000)/",11600,300,292800,3395000000,0,true,0
"IDI",102602,"/Date(1704252385000)/",11600,300,292500,3391000000,0,false,0
"IDI",102602,"/Date(1704252385000)/",11600,100,292200,3388000000,0,false,0
"IDI",102602,"/Date(1704252385000)/",11600,600,292100,3387000000,0,false,0
"IDI",102559,"/Date(1704252384000)/",11600,300,291500,3380000000,0,false,0
"IDI",102556,"/Date(1704252380000)/",11600,2000,291200,3376000000,0,false,0
"IDI",102553,"/Date(1704252376000)/",11600,500,289200,3353000000,0,false,0
"IDI",102550,"/Date(1704252373000)/",11600,2000,288700,3347000000,0,false,0
"IDI",102537,"/Date(1704252359000)/",11600,10000,286700,3324000000,0,false,0
"IDI",102534,"/Date(1704252358000)/",11600,2000,276700,3208000000,0,false,0
"IDI",102531,"/Date(1704252355000)/",11600,2000,274700,3185000000,0,false,0
"IDI",102531,"/Date(1704252352000)/",11600,5000,272700,3162000000,0,false,0
"IDI",102524,"/Date(1704252349000)/",11600,900,267700,3104000000,0,false,0
"IDI",102524,"/Date(1704252347000)/",11600,200,266800,3093000000,0,false,0
"IDI",102518,"/Date(1704252340000)/",11600,500,266600,3091000000,0,false,0
"IDI",102456,"/Date(1704252318000)/",11600,6900,266100,3085000000,0,false,0
"IDI",102456,"/Date(1704252318000)/",11600,800,259200,3005000000,0,false,0
"IDI",102456,"/Date(1704252318000)/",11600,2300,258400,2996000000,0,false,0
"IDI",102446,"/Date(1704252308000)/",11600,2600,256100,2969000000,0,false,0
"IDI",102440,"/Date(1704252304000)/",11600,500,253500,2939000000,0,false,0
"IDI",102421,"/Date(1704252283000)/",11600,500,253000,2933000000,0,false,0
"IDI",102418,"/Date(1704252282000)/",11600,4100,252500,2927000000,0,false,0
"IDI",102418,"/Date(1704252282000)/",11600,3900,248400,2880000000,0,false,0
"IDI",102411,"/Date(1704252274000)/",11600,500,244500,2834000000,0,false,0
"IDI",102405,"/Date(1704252268000)/",11600,2000,244000,2829000000,0,false,0
"IDI",102405,"/Date(1704252267000)/",11550,1000,242000,2805000000,-50,true,-0.43
"IDI",102402,"/Date(1704252265000)/",11600,700,241000,2794000000,0,false,0
"IDI",102333,"/Date(1704252235000)/",11600,5000,240300,2786000000,0,false,0
"IDI",102330,"/Date(1704252231000)/",11600,500,235300,2728000000,0,false,0
"IDI",102323,"/Date(1704252225000)/",11600,1100,234800,2722000000,0,false,0
"IDI",102307,"/Date(1704252211000)/",11600,100,233700,2709000000,0,false,0
"IDI",102304,"/Date(1704252207000)/",11600,500,233600,2708000000,0,false,0
"IDI",102258,"/Date(1704252202000)/",11600,300,233100,2702000000,0,false,0
"IDI",102258,"/Date(1704252200000)/",11600,100,232800,2699000000,0,false,0
"IDI",102213,"/Date(1704252155000)/",11600,500,232700,2698000000,0,false,0
"IDI",102201,"/Date(1704252144000)/",11600,300,232200,2692000000,0,false,0
"IDI",102154,"/Date(1704252138000)/",11600,1700,231900,2688000000,0,false,0
"IDI",102142,"/Date(1704252123000)/",11600,100,230200,2669000000,0,false,0
"IDI",102126,"/Date(1704252110000)/",11600,7000,230100,2667000000,0,false,0
"IDI",102123,"/Date(1704252106000)/",11600,100,223100,2586000000,0,false,0
"IDI",102032,"/Date(1704252054000)/",11550,100,223000,2585000000,-50,true,-0.43
"IDI",102032,"/Date(1704252054000)/",11550,100,222900,2584000000,-50,true,-0.43
"IDI",102032,"/Date(1704252054000)/",11550,100,222800,2583000000,-50,true,-0.43
"IDI",102032,"/Date(1704252054000)/",11550,1000,222700,2582000000,-50,true,-0.43
"IDI",101900,"/Date(1704251961000)/",11550,100,221700,2570000000,-50,true,-0.43
"IDI",101821,"/Date(1704251925000)/",11600,100,221600,2569000000,0,false,0
"IDI",101715,"/Date(1704251858000)/",11600,5000,221500,2568000000,0,false,0
"IDI",101617,"/Date(1704251800000)/",11600,4200,216500,2510000000,0,false,0
"IDI",101501,"/Date(1704251723000)/",11550,1000,212300,2461000000,-50,true,-0.43
"IDI",101451,"/Date(1704251714000)/",11600,500,211300,2450000000,0,false,0
"IDI",101338,"/Date(1704251638000)/",11600,500,210800,2444000000,0,false,0
"IDI",101310,"/Date(1704251611000)/",11600,6200,210300,2438000000,0,false,0
"IDI",101300,"/Date(1704251601000)/",11600,500,204100,2366000000,0,false,0
"IDI",101024,"/Date(1704251444000)/",11600,100,203600,2360000000,0,false,0
"IDI",101012,"/Date(1704251434000)/",11600,3000,203500,2359000000,0,true,0
"IDI",101012,"/Date(1704251434000)/",11600,1000,200500,2324000000,0,true,0
"IDI",101012,"/Date(1704251434000)/",11600,100,199500,2313000000,0,true,0
"IDI",101012,"/Date(1704251434000)/",11600,2000,199400,2311000000,0,true,0
"IDI",101012,"/Date(1704251434000)/",11600,1200,197400,2288000000,0,true,0
"IDI",101012,"/Date(1704251434000)/",11600,200,196200,2274000000,0,true,0
"IDI",101012,"/Date(1704251434000)/",11600,500,196000,2272000000,0,true,0
"IDI",101012,"/Date(1704251434000)/",11600,500,195500,2266000000,0,true,0
"IDI",101005,"/Date(1704251427000)/",11650,100,195000,2260000000,50,false,0.43
"IDI",101005,"/Date(1704251427000)/",11650,900,194900,2259000000,50,false,0.43
"IDI",101005,"/Date(1704251425000)/",11600,2000,194000,2249000000,0,true,0
"IDI",101005,"/Date(1704251425000)/",11600,500,192000,2226000000,0,true,0
"IDI",101005,"/Date(1704251425000)/",11600,500,191500,2220000000,0,true,0
"IDI",101005,"/Date(1704251425000)/",11600,4000,191000,2214000000,0,true,0
"IDI",100852,"/Date(1704251353000)/",11600,1000,187000,2168000000,0,true,0
"IDI",100839,"/Date(1704251339000)/",11600,5000,186000,2156000000,0,true,0
"IDI",100804,"/Date(1704251304000)/",11600,1000,181000,2098000000,0,true,0
"IDI",100655,"/Date(1704251236000)/",11600,1000,180000,2086000000,0,true,0
"IDI",100651,"/Date(1704251231000)/",11600,2500,179000,2075000000,0,true,0
"IDI",100642,"/Date(1704251222000)/",11600,100,176500,2046000000,0,true,0
"IDI",100513,"/Date(1704251131000)/",11600,200,176400,2045000000,0,true,0
"IDI",100419,"/Date(1704251079000)/",11600,5000,176200,2042000000,0,true,0
"IDI",100321,"/Date(1704251021000)/",11600,200,171200,1984000000,0,true,0
"IDI",100321,"/Date(1704251021000)/",11600,800,171000,1982000000,0,true,0
"IDI",100224,"/Date(1704250964000)/",11600,400,170200,1973000000,0,true,0
"IDI",100117,"/Date(1704250896000)/",11600,3000,169800,1968000000,0,false,0
"IDI",100117,"/Date(1704250896000)/",11600,200,166800,1933000000,0,false,0
"IDI",100117,"/Date(1704250896000)/",11600,6100,166600,1931000000,0,false,0
"IDI",100108,"/Date(1704250888000)/",11600,200,160500,1860000000,0,false,0
"IDI",100001,"/Date(1704250821000)/",11600,500,160300,1858000000,0,false,0
"IDI",95945,"/Date(1704250804000)/",11600,2000,159800,1852000000,0,false,0
"IDI",95854,"/Date(1704250753000)/",11550,900,157800,1829000000,-50,true,-0.43
"IDI",95854,"/Date(1704250753000)/",11550,100,156900,1818000000,-50,true,-0.43
"IDI",95854,"/Date(1704250753000)/",11550,200,156800,1817000000,-50,true,-0.43
"IDI",95854,"/Date(1704250753000)/",11550,100,156600,1815000000,-50,true,-0.43
"IDI",95854,"/Date(1704250753000)/",11550,300,156500,1814000000,-50,true,-0.43
"IDI",95832,"/Date(1704250732000)/",11600,1000,156200,1810000000,0,false,0
"IDI",95826,"/Date(1704250725000)/",11600,1000,155200,1799000000,0,false,0
"IDI",95709,"/Date(1704250644000)/",11600,500,154200,1787000000,0,false,0
"IDI",95653,"/Date(1704250628000)/",11600,1000,153700,1781000000,0,false,0
"IDI",95505,"/Date(1704250525000)/",11600,200,152700,1770000000,0,true,0
"IDI",95505,"/Date(1704250525000)/",11600,800,152500,1767000000,0,true,0
"IDI",95434,"/Date(1704250494000)/",11600,1000,151700,1758000000,0,true,0
"IDI",95434,"/Date(1704250494000)/",11600,100,150700,1747000000,0,true,0
"IDI",95434,"/Date(1704250494000)/",11600,100,150600,1745000000,0,true,0
"IDI",95434,"/Date(1704250494000)/",11600,1000,150500,1744000000,0,true,0
"IDI",95434,"/Date(1704250494000)/",11600,100,149500,1733000000,0,true,0
"IDI",95434,"/Date(1704250494000)/",11600,500,149400,1732000000,0,true,0
"IDI",95434,"/Date(1704250494000)/",11600,1000,148900,1726000000,0,true,0
"IDI",95434,"/Date(1704250494000)/",11600,300,147900,1714000000,0,true,0
"IDI",95434,"/Date(1704250494000)/",11600,5900,147600,1711000000,0,true,0
"IDI",95427,"/Date(1704250487000)/",11600,500,141700,1642000000,0,true,0
"IDI",95415,"/Date(1704250474000)/",11600,3600,141200,1636000000,0,true,0
"IDI",95415,"/Date(1704250474000)/",11600,1000,137600,1595000000,0,true,0
"IDI",95415,"/Date(1704250474000)/",11600,200,136600,1583000000,0,true,0
"IDI",95415,"/Date(1704250474000)/",11600,2000,136400,1581000000,0,true,0
"IDI",95415,"/Date(1704250474000)/",11600,2000,134400,1558000000,0,true,0
"IDI",95415,"/Date(1704250474000)/",11600,9200,132400,1534000000,0,true,0
"IDI",95142,"/Date(1704250320000)/",11600,200,123200,1428000000,0,true,0
"IDI",95142,"/Date(1704250320000)/",11600,1000,123000,1425000000,0,true,0
"IDI",95142,"/Date(1704250320000)/",11600,200,122000,1414000000,0,true,0
"IDI",95142,"/Date(1704250320000)/",11600,100,121800,1411000000,0,true,0
"IDI",95103,"/Date(1704250280000)/",11600,400,121700,1410000000,0,true,0
"IDI",95103,"/Date(1704250280000)/",11600,200,121300,1406000000,0,true,0
"IDI",95103,"/Date(1704250280000)/",11600,200,121100,1403000000,0,true,0
"IDI",95103,"/Date(1704250280000)/",11600,200,120900,1401000000,0,true,0
"IDI",95016,"/Date(1704250235000)/",11600,300,120700,1399000000,0,true,0
"IDI",94928,"/Date(1704250186000)/",11600,100,120400,1395000000,0,true,0
"IDI",94928,"/Date(1704250186000)/",11600,900,120300,1394000000,0,true,0
"IDI",94847,"/Date(1704250145000)/",11600,500,119400,1384000000,0,true,0
"IDI",94815,"/Date(1704250112000)/",11650,100,118900,1378000000,50,false,0.43
"IDI",94815,"/Date(1704250112000)/",11650,100,118800,1377000000,50,false,0.43
"IDI",94753,"/Date(1704250090000)/",11650,2000,118700,1375000000,50,false,0.43
"IDI",94747,"/Date(1704250083000)/",11650,10000,116700,1352000000,50,false,0.43
"IDI",94621,"/Date(1704249999000)/",11650,1300,106700,1236000000,50,false,0.43
"IDI",94505,"/Date(1704249921000)/",11650,1100,105400,1220000000,50,false,0.43
"IDI",94332,"/Date(1704249829000)/",11650,2000,104300,1208000000,50,false,0.43
"IDI",94304,"/Date(1704249801000)/",11650,2000,102300,1184000000,50,false,0.43
"IDI",94216,"/Date(1704249752000)/",11600,600,100300,1161000000,0,true,0
"IDI",94216,"/Date(1704249752000)/",11600,200,99700,1154000000,0,true,0
"IDI",94206,"/Date(1704249742000)/",11600,600,99500,1152000000,0,true,0
"IDI",94016,"/Date(1704249632000)/",11650,100,98900,1145000000,50,false,0.43
"IDI",94012,"/Date(1704249630000)/",11650,200,98800,1144000000,50,false,0.43
"IDI",93925,"/Date(1704249582000)/",11650,1200,98600,1141000000,50,false,0.43
"IDI",93925,"/Date(1704249582000)/",11650,100,97400,1127000000,50,false,0.43
"IDI",93925,"/Date(1704249582000)/",11650,100,97300,1126000000,50,false,0.43
"IDI",93925,"/Date(1704249582000)/",11650,600,97200,1125000000,50,false,0.43
"IDI",93847,"/Date(1704249543000)/",11650,300,96600,1118000000,50,false,0.43
"IDI",93837,"/Date(1704249535000)/",11650,500,96300,1115000000,50,false,0.43
"IDI",93831,"/Date(1704249528000)/",11650,400,95800,1109000000,50,false,0.43
"IDI",93806,"/Date(1704249502000)/",11650,1200,95400,1104000000,50,false,0.43
"IDI",93806,"/Date(1704249502000)/",11650,300,94200,1090000000,50,false,0.43
"IDI",93759,"/Date(1704249494000)/",11650,100,93900,1087000000,50,false,0.43
"IDI",93724,"/Date(1704249461000)/",11600,900,93800,1085000000,0,true,0
"IDI",93724,"/Date(1704249461000)/",11600,10000,92900,1075000000,0,true,0
"IDI",93724,"/Date(1704249461000)/",11600,200,82900,959000000,0,true,0
"IDI",93724,"/Date(1704249461000)/",11600,800,82700,957000000,0,true,0
"IDI",93724,"/Date(1704249461000)/",11600,200,81900,947000000,0,true,0
"IDI",93724,"/Date(1704249461000)/",11600,900,81700,945000000,0,true,0
"IDI",93724,"/Date(1704249461000)/",11600,4800,80800,935000000,0,true,0
"IDI",93724,"/Date(1704249461000)/",11600,2800,76000,879000000,0,true,0
"IDI",93721,"/Date(1704249458000)/",11600,3200,73200,846000000,0,false,0
"IDI",93715,"/Date(1704249450000)/",11600,12000,70000,809000000,0,false,0
"IDI",93715,"/Date(1704249450000)/",11600,2100,58000,670000000,0,false,0
"IDI",93715,"/Date(1704249450000)/",11600,5900,55900,646000000,0,false,0
"IDI",93659,"/Date(1704249437000)/",11600,2000,50000,577000000,0,false,0
"IDI",93656,"/Date(1704249431000)/",11600,5000,48000,554000000,0,false,0
"IDI",93653,"/Date(1704249427000)/",11600,500,43000,496000000,0,false,0
"IDI",93646,"/Date(1704249421000)/",11600,300,42500,490000000,0,false,0
"IDI",93634,"/Date(1704249409000)/",11600,200,42200,487000000,0,false,0
"IDI",93634,"/Date(1704249408000)/",11600,6100,42000,485000000,0,false,0
"IDI",93634,"/Date(1704249408000)/",11600,3900,35900,414000000,0,false,0
"IDI",93608,"/Date(1704249385000)/",11600,200,32000,369000000,0,false,0
"IDI",93521,"/Date(1704249338000)/",11550,2000,31800,366000000,-50,true,-0.43
"IDI",93417,"/Date(1704249273000)/",11550,400,29800,343000000,-50,true,-0.43
"IDI",93255,"/Date(1704249191000)/",11550,500,29400,338000000,-50,true,-0.43
"IDI",93223,"/Date(1704249158000)/",11600,100,28900,333000000,0,false,0
"IDI",93220,"/Date(1704249155000)/",11600,200,28800,332000000,0,false,0
"IDI",93133,"/Date(1704249108000)/",11600,1000,28600,329000000,0,false,0
"IDI",92954,"/Date(1704249008000)/",11600,200,27600,318000000,0,false,0
"IDI",92851,"/Date(1704248947000)/",11600,100,27400,315000000,0,false,0
"IDI",92816,"/Date(1704248911000)/",11550,1900,27300,314000000,-50,true,-0.43
"IDI",92816,"/Date(1704248911000)/",11550,100,25400,292000000,-50,true,-0.43
"IDI",92525,"/Date(1704248738000)/",11550,500,25300,291000000,-50,true,-0.43
"IDI",92457,"/Date(1704248710000)/",11550,300,24800,285000000,-50,true,-0.43
"IDI",92457,"/Date(1704248710000)/",11550,1700,24500,282000000,-50,true,-0.43
"IDI",92428,"/Date(1704248683000)/",11550,1000,22800,262000000,-50,true,-0.43
"IDI",92412,"/Date(1704248667000)/",11550,100,21800,251000000,-50,true,-0.43
"IDI",92356,"/Date(1704248648000)/",11600,400,21700,249000000,0,false,0
"IDI",92331,"/Date(1704248624000)/",11600,100,21300,245000000,0,false,0
"IDI",92208,"/Date(1704248543000)/",11600,100,21200,244000000,0,false,0
"IDI",92111,"/Date(1704248486000)/",11600,100,21100,242000000,0,false,0
"IDI",92018,"/Date(1704248431000)/",11600,200,21000,241000000,0,false,0
"IDI",91853,"/Date(1704248347000)/",11550,2200,20800,239000000,-50,true,-0.43
"IDI",91843,"/Date(1704248336000)/",11550,1000,18600,214000000,-50,false,-0.43
"IDI",91834,"/Date(1704248327000)/",11550,800,17600,202000000,-50,false,-0.43
"IDI",91834,"/Date(1704248327000)/",11550,100,16800,193000000,-50,false,-0.43
"IDI",91824,"/Date(1704248317000)/",11550,100,16700,192000000,-50,false,-0.43
"IDI",91821,"/Date(1704248314000)/",11550,300,16600,190000000,-50,false,-0.43
"IDI",91821,"/Date(1704248314000)/",11550,100,16300,187000000,-50,false,-0.43
"IDI",91808,"/Date(1704248303000)/",11550,200,16200,186000000,-50,false,-0.43
"IDI",91805,"/Date(1704248298000)/",11550,200,16000,184000000,-50,false,-0.43
"IDI",91805,"/Date(1704248298000)/",11550,800,15800,181000000,-50,false,-0.43
"IDI",91759,"/Date(1704248294000)/",11550,100,15000,172000000,-50,false,-0.43
"IDI",91503,"/Date(1704248116000)/",11600,100,14900,171000000,0,false,0
"IDI",91450,"/Date(1704248100000)/",11500,14800,14800,170000000,-100,true,-0.86
