"Stockcode","Package","TradingDate","Price","Vol","TotalVol","TotalVal","Change","IsBuy","PerChange"
"IPA",144523,"/Date(1704267901000)/",15800,4900,137482,2156846100,100,true,0.64
"IPA",142535,"/Date(1704266735000)/",15800,200,132582,2079426100,100,false,0.64
"IPA",142402,"/Date(1704266642000)/",15700,200,132382,2076266100,0,true,0
"IPA",141848,"/Date(1704266328000)/",15700,500,132182,2073126100,0,true,0
"IPA",141815,"/Date(1704266295000)/",15700,9500,131682,2065276100,0,true,0
"IPA",141422,"/Date(1704266063000)/",15800,2900,122182,1916126100,100,false,0.64
"IPA",141325,"/Date(1704266005000)/",15800,500,119282,1870306100,100,false,0.64
"IPA",141119,"/Date(1704265879000)/",15800,3000,118782,1862406100,100,false,0.64
"IPA",141103,"/Date(1704265863000)/",15700,15000,115782,1815006100,0,true,0
"IPA",140933,"/Date(1704265773000)/",15800,100,100782,1579506100,100,false,0.64
"IPA",140556,"/Date(1704265556000)/",15700,800,100682,1577926100,0,true,0
"IPA",140529,"/Date(1704265529000)/",15700,100,99882,1565366100,0,false,0
"IPA",140513,"/Date(1704265513000)/",15700,3000,99782,1563796100,0,false,0
"IPA",140347,"/Date(1704265427000)/",15700,700,96782,1516696100,0,true,0
"IPA",140310,"/Date(1704265390000)/",15700,25000,96082,1505706100,0,true,0
"IPA",134527,"/Date(1704264327000)/",15800,100,71082,1113206100,100,false,0.64
"IPA",134013,"/Date(1704264013000)/",15700,700,70982,1111626100,0,true,0
"IPA",133453,"/Date(1704263693000)/",15700,200,70282,1100636100,0,true,0
"IPA",132617,"/Date(1704263177000)/",15700,1800,70082,1097496100,0,true,0
"IPA",131719,"/Date(1704262639000)/",15700,2100,68282,1069236100,0,false,0
"IPA",131710,"/Date(1704262630000)/",15700,1000,66182,1036266100,0,false,0
"IPA",131637,"/Date(1704262597000)/",15700,3000,65182,1020566100,0,false,0
"IPA",131523,"/Date(1704262523000)/",15700,1000,62182,973466100,0,false,0
"IPA",131513,"/Date(1704262513000)/",15600,11,61182,957766100,-100,true,-0.64
"IPA",131359,"/Date(1704262439000)/",15600,700,61171,957595600,-100,true,-0.64
"IPA",131330,"/Date(1704262410000)/",15600,100,60471,946675600,-100,true,-0.64
"IPA",131224,"/Date(1704262344000)/",15600,29,60371,945115600,-100,true,-0.64
"IPA",130744,"/Date(1704262064000)/",15600,1000,60342,944661400,-100,true,-0.64
"IPA",130609,"/Date(1704261969000)/",15600,700,59342,929061400,-100,true,-0.64
"IPA",112450,"/Date(1704255890000)/",15700,300,58642,918111400,0,false,0
"IPA",110936,"/Date(1704254976000)/",15700,300,58342,913401400,0,false,0
"IPA",110758,"/Date(1704254877000)/",15700,100,58042,908691400,0,false,0
"IPA",110731,"/Date(1704254850000)/",15700,100,57942,907121400,0,false,0
"IPA",110700,"/Date(1704254819000)/",15700,2500,57842,905551400,0,false,0
"IPA",110452,"/Date(1704254692000)/",15700,2900,55342,866301400,0,true,0
"IPA",105250,"/Date(1704253970000)/",15700,100,52442,820771400,0,true,0
"IPA",104914,"/Date(1704253754000)/",15800,500,52342,819201400,100,false,0.64
"IPA",104739,"/Date(1704253659000)/",15800,3000,51842,811301400,100,false,0.64
"IPA",104608,"/Date(1704253568000)/",15800,100,48842,763901400,100,false,0.64
"IPA",104502,"/Date(1704253502000)/",15700,2,48742,762321400,0,true,0
"IPA",103849,"/Date(1704253129000)/",15700,2000,48740,762290000,0,true,0
"IPA",103318,"/Date(1704252798000)/",15800,800,46740,730890000,100,false,0.64
"IPA",103138,"/Date(1704252698000)/",15800,600,45940,718250000,100,false,0.64
"IPA",103113,"/Date(1704252674000)/",15800,100,45340,708770000,100,false,0.64
"IPA",102739,"/Date(1704252458000)/",15600,240,45240,707190000,-100,true,-0.64
"IPA",102622,"/Date(1704252382000)/",15700,100,45000,703450000,0,false,0
"IPA",102604,"/Date(1704252364000)/",15700,1800,44900,701880000,0,false,0
"IPA",102505,"/Date(1704252305000)/",15700,100,43100,673620000,0,false,0
"IPA",102256,"/Date(1704252176000)/",15600,3200,43000,672050000,-100,true,-0.64
"IPA",101335,"/Date(1704251615000)/",15600,6900,39800,622130000,-100,true,-0.64
"IPA",101254,"/Date(1704251574000)/",15700,2200,32900,514490000,0,false,0
"IPA",101238,"/Date(1704251558000)/",15700,1000,30700,479950000,0,false,0
"IPA",101138,"/Date(1704251498000)/",15700,200,29700,464250000,0,false,0
"IPA",100442,"/Date(1704251082000)/",15600,1000,29500,461110000,-100,true,-0.64
"IPA",95116,"/Date(1704250277000)/",15600,1000,28500,445510000,-100,true,-0.64
"IPA",94539,"/Date(1704249940000)/",15700,3900,27500,429910000,0,true,0
"IPA",94530,"/Date(1704249931000)/",15700,1000,23600,368680000,0,true,0
"IPA",94159,"/Date(1704249719000)/",15700,600,22600,352980000,0,false,0
"IPA",94028,"/Date(1704249628000)/",15700,100,22000,343560000,0,false,0
"IPA",93947,"/Date(1704249587000)/",15700,3500,21900,341990000,0,false,0
"IPA",93941,"/Date(1704249581000)/",15600,200,18400,287040000,-100,true,-0.64
"IPA",93852,"/Date(1704249532000)/",15600,200,18200,283920000,-100,false,-0.64
"IPA",93831,"/Date(1704249511000)/",15600,500,18000,280800000,-100,false,-0.64
"IPA",93807,"/Date(1704249487000)/",15600,4300,17500,273000000,-100,true,-0.64
"IPA",92733,"/Date(1704248853000)/",15600,200,13200,205920000,-100,false,-0.64
"IPA",92316,"/Date(1704248596000)/",15600,100,13000,202800000,-100,false,-0.64
"IPA",92147,"/Date(1704248507000)/",15600,10400,12900,201240000,-100,true,-0.64
"IPA",91615,"/Date(1704248175000)/",15600,500,2500,39000000,-100,true,-0.64
"IPA",91535,"/Date(1704248135000)/",15600,1800,2000,31200000,-100,true,-0.64
"IPA",90532,"/Date(1704247532000)/",15600,200,200,3120000,-100,true,-0.64
