"Stockcode","Package","TradingDate","Price","Vol","TotalVol","TotalVal","Change","IsBuy","PerChange"
"ITA",144414,"/Date(1704267901000)/",6700,343400,6480000,42875000000,250,false,3.88
"ITA",142902,"/Date(1704266986000)/",6690,1000,6136600,40574000000,240,false,3.72
"ITA",142859,"/Date(1704266984000)/",6690,3500,6135600,40567000000,240,false,3.72
"ITA",142859,"/Date(1704266984000)/",6690,700,6132100,40544000000,240,false,3.72
"ITA",142859,"/Date(1704266983000)/",6690,300,6131400,40539000000,240,false,3.72
"ITA",142859,"/Date(1704266983000)/",6690,100,6131100,40537000000,240,false,3.72
"ITA",142859,"/Date(1704266983000)/",6690,600,6131000,40536000000,240,false,3.72
"ITA",142859,"/Date(1704266983000)/",6690,500,6130400,40532000000,240,false,3.72
"ITA",142855,"/Date(1704266980000)/",6690,500,6129900,40529000000,240,false,3.72
"ITA",142855,"/Date(1704266980000)/",6690,1500,6129400,40526000000,240,false,3.72
"ITA",142852,"/Date(1704266979000)/",6690,500,6127900,40516000000,240,false,3.72
"ITA",142836,"/Date(1704266963000)/",6690,1500,6127400,40512000000,240,false,3.72
"ITA",142836,"/Date(1704266963000)/",6690,500,6125900,40502000000,240,false,3.72
"ITA",142823,"/Date(1704266948000)/",6680,2000,6125400,40499000000,230,true,3.57
"ITA",142813,"/Date(1704266938000)/",6680,300,6123400,40486000000,230,true,3.57
"ITA",142757,"/Date(1704266922000)/",6680,500,6123100,40484000000,230,true,3.57
"ITA",142754,"/Date(1704266920000)/",6680,500,6122600,40480000000,230,false,3.57
"ITA",142744,"/Date(1704266912000)/",6690,15800,6122100,40477000000,240,false,3.72
"ITA",142744,"/Date(1704266912000)/",6690,5000,6106300,40371000000,240,false,3.72
"ITA",142744,"/Date(1704266912000)/",6690,500,6101300,40338000000,240,false,3.72
"ITA",142744,"/Date(1704266912000)/",6690,100,6100800,40334000000,240,false,3.72
"ITA",142744,"/Date(1704266912000)/",6690,100,6100700,40334000000,240,false,3.72
"ITA",142744,"/Date(1704266912000)/",6690,1000,6100600,40333000000,240,false,3.72
"ITA",142744,"/Date(1704266912000)/",6690,200,6099600,40326000000,240,false,3.72
"ITA",142744,"/Date(1704266912000)/",6690,2300,6099400,40325000000,240,false,3.72
"ITA",142725,"/Date(1704266890000)/",6690,1100,6097100,40310000000,240,false,3.72
"ITA",142725,"/Date(1704266890000)/",6680,5000,6096000,40302000000,230,false,3.57
"ITA",142725,"/Date(1704266890000)/",6680,1700,6091000,40269000000,230,false,3.57
"ITA",142725,"/Date(1704266890000)/",6680,1000,6089300,40258000000,230,false,3.57
"ITA",142725,"/Date(1704266890000)/",6680,1000,6088300,40251000000,230,false,3.57
"ITA",142725,"/Date(1704266890000)/",6680,1300,6087300,40244000000,230,false,3.57
"ITA",142725,"/Date(1704266890000)/",6680,1000,6086000,40236000000,230,false,3.57
"ITA",142725,"/Date(1704266890000)/",6680,2300,6085000,40229000000,230,false,3.57
"ITA",142705,"/Date(1704266871000)/",6680,1000,6082700,40214000000,230,false,3.57
"ITA",142702,"/Date(1704266871000)/",6680,10700,6081700,40207000000,230,false,3.57
"ITA",142702,"/Date(1704266871000)/",6680,5500,6071000,40135000000,230,false,3.57
"ITA",142702,"/Date(1704266871000)/",6680,3800,6065500,40099000000,230,false,3.57
"ITA",142702,"/Date(1704266870000)/",6670,4100,6061700,40073000000,220,true,3.41
"ITA",142702,"/Date(1704266870000)/",6670,900,6057600,40046000000,220,true,3.41
"ITA",142659,"/Date(1704266866000)/",6670,4100,6056700,40040000000,220,true,3.41
"ITA",142659,"/Date(1704266866000)/",6670,100,6052600,40013000000,220,true,3.41
"ITA",142659,"/Date(1704266866000)/",6670,100,6052500,40012000000,220,true,3.41
"ITA",142659,"/Date(1704266866000)/",6670,1000,6052400,40011000000,220,true,3.41
"ITA",142659,"/Date(1704266866000)/",6670,100,6051400,40005000000,220,true,3.41
"ITA",142659,"/Date(1704266866000)/",6670,9600,6051300,40004000000,220,true,3.41
"ITA",142659,"/Date(1704266865000)/",6670,5000,6041700,39940000000,220,true,3.41
"ITA",142616,"/Date(1704266824000)/",6670,400,6036700,39906000000,220,true,3.41
"ITA",142613,"/Date(1704266820000)/",6680,100,6036300,39904000000,230,false,3.57
"ITA",142549,"/Date(1704266798000)/",6680,2600,6036200,39903000000,230,false,3.57
"ITA",142543,"/Date(1704266792000)/",6680,200,6033600,39886000000,230,false,3.57
"ITA",142539,"/Date(1704266788000)/",6680,1500,6033400,39884000000,230,true,3.57
"ITA",142539,"/Date(1704266788000)/",6680,700,6031900,39874000000,230,true,3.57
"ITA",142539,"/Date(1704266788000)/",6680,300,6031200,39870000000,230,true,3.57
"ITA",142536,"/Date(1704266786000)/",6680,100,6030900,39868000000,230,false,3.57
"ITA",142536,"/Date(1704266786000)/",6680,100,6030800,39867000000,230,false,3.57
"ITA",142536,"/Date(1704266786000)/",6680,1900,6030700,39866000000,230,false,3.57
"ITA",142536,"/Date(1704266786000)/",6680,1900,6028800,39854000000,230,false,3.57
"ITA",142536,"/Date(1704266785000)/",6680,100,6026900,39841000000,230,false,3.57
"ITA",142536,"/Date(1704266784000)/",6680,500,6026800,39840000000,230,false,3.57
"ITA",142533,"/Date(1704266783000)/",6680,400,6026300,39837000000,230,false,3.57
"ITA",142533,"/Date(1704266783000)/",6680,400,6025900,39834000000,230,false,3.57
"ITA",142526,"/Date(1704266778000)/",6680,1000,6025500,39832000000,230,false,3.57
"ITA",142526,"/Date(1704266777000)/",6680,300,6024500,39825000000,230,false,3.57
"ITA",142523,"/Date(1704266774000)/",6680,600,6024200,39823000000,230,false,3.57
"ITA",142523,"/Date(1704266774000)/",6680,400,6023600,39819000000,230,false,3.57
"ITA",142519,"/Date(1704266770000)/",6680,100,6023200,39816000000,230,false,3.57
"ITA",142452,"/Date(1704266743000)/",6680,500,6023100,39816000000,230,true,3.57
"ITA",142452,"/Date(1704266743000)/",6680,200,6022600,39812000000,230,true,3.57
"ITA",142452,"/Date(1704266743000)/",6680,100,6022400,39811000000,230,true,3.57
"ITA",142452,"/Date(1704266743000)/",6680,300,6022300,39810000000,230,true,3.57
"ITA",142452,"/Date(1704266743000)/",6680,1000,6022000,39808000000,230,true,3.57
"ITA",142452,"/Date(1704266743000)/",6680,400,6021000,39802000000,230,true,3.57
"ITA",142445,"/Date(1704266739000)/",6680,100,6020600,39799000000,230,true,3.57
"ITA",142445,"/Date(1704266739000)/",6680,900,6020500,39798000000,230,true,3.57
"ITA",142438,"/Date(1704266730000)/",6680,2100,6019600,39792000000,230,true,3.57
"ITA",142438,"/Date(1704266730000)/",6680,11700,6017500,39778000000,230,true,3.57
"ITA",142438,"/Date(1704266730000)/",6680,1000,6005800,39700000000,230,true,3.57
"ITA",142438,"/Date(1704266730000)/",6680,200,6004800,39693000000,230,true,3.57
"ITA",142431,"/Date(1704266724000)/",6680,1000,6004600,39692000000,230,true,3.57
"ITA",142410,"/Date(1704266706000)/",6680,100,6003600,39685000000,230,true,3.57
"ITA",142407,"/Date(1704266701000)/",6680,3000,6003500,39685000000,230,true,3.57
"ITA",142404,"/Date(1704266700000)/",6690,300,6000500,39665000000,240,false,3.72
"ITA",142358,"/Date(1704266693000)/",6680,100,6000200,39663000000,230,true,3.57
"ITA",142355,"/Date(1704266691000)/",6690,2000,6000100,39662000000,240,false,3.72
"ITA",142345,"/Date(1704266681000)/",6690,500,5998100,39649000000,240,false,3.72
"ITA",142342,"/Date(1704266676000)/",6690,10000,5997600,39645000000,240,false,3.72
"ITA",142336,"/Date(1704266669000)/",6690,500,5987600,39578000000,240,false,3.72
"ITA",142326,"/Date(1704266658000)/",6690,3000,5987100,39575000000,240,false,3.72
"ITA",142258,"/Date(1704266632000)/",6690,1000,5984100,39555000000,240,false,3.72
"ITA",142248,"/Date(1704266622000)/",6690,5000,5983100,39548000000,240,false,3.72
"ITA",142242,"/Date(1704266617000)/",6690,2000,5978100,39515000000,240,false,3.72
"ITA",142218,"/Date(1704266595000)/",6680,600,5976100,39501000000,230,true,3.57
"ITA",142218,"/Date(1704266595000)/",6680,1500,5975500,39497000000,230,true,3.57
"ITA",142218,"/Date(1704266595000)/",6680,1800,5974000,39487000000,230,true,3.57
"ITA",142218,"/Date(1704266595000)/",6680,200,5972200,39475000000,230,true,3.57
"ITA",142218,"/Date(1704266595000)/",6680,300,5972000,39474000000,230,true,3.57
"ITA",142218,"/Date(1704266595000)/",6680,10000,5971700,39472000000,230,true,3.57
"ITA",142218,"/Date(1704266595000)/",6680,200,5961700,39405000000,230,true,3.57
"ITA",142218,"/Date(1704266595000)/",6680,1000,5961500,39404000000,230,true,3.57
"ITA",142218,"/Date(1704266595000)/",6680,4400,5960500,39397000000,230,true,3.57
"ITA",142212,"/Date(1704266588000)/",6680,600,5956100,39368000000,230,true,3.57
"ITA",142212,"/Date(1704266588000)/",6680,1000,5955500,39364000000,230,true,3.57
"ITA",142212,"/Date(1704266588000)/",6680,3400,5954500,39357000000,230,true,3.57
"ITA",142205,"/Date(1704266581000)/",6680,1100,5951100,39334000000,230,true,3.57
"ITA",142156,"/Date(1704266572000)/",6680,200,5950000,39327000000,230,true,3.57
"ITA",142156,"/Date(1704266569000)/",6680,300,5949800,39326000000,230,true,3.57
"ITA",142156,"/Date(1704266569000)/",6680,100,5949500,39324000000,230,true,3.57
"ITA",142156,"/Date(1704266569000)/",6680,5000,5949400,39323000000,230,true,3.57
"ITA",142156,"/Date(1704266569000)/",6680,3000,5944400,39290000000,230,true,3.57
"ITA",142156,"/Date(1704266569000)/",6680,1500,5941400,39270000000,230,true,3.57
"ITA",142152,"/Date(1704266567000)/",6680,3000,5939900,39260000000,230,true,3.57
"ITA",142149,"/Date(1704266566000)/",6690,100,5936900,39240000000,240,false,3.72
"ITA",142146,"/Date(1704266560000)/",6680,5500,5936800,39239000000,230,true,3.57
"ITA",142146,"/Date(1704266560000)/",6680,600,5931300,39202000000,230,true,3.57
"ITA",142146,"/Date(1704266560000)/",6680,4900,5930700,39198000000,230,true,3.57
"ITA",142136,"/Date(1704266552000)/",6680,5000,5925800,39165000000,230,true,3.57
"ITA",142136,"/Date(1704266551000)/",6690,500,5920800,39132000000,240,false,3.72
"ITA",142133,"/Date(1704266549000)/",6680,100,5920300,39129000000,230,true,3.57
"ITA",142133,"/Date(1704266549000)/",6680,600,5920200,39128000000,230,true,3.57
"ITA",142133,"/Date(1704266549000)/",6680,300,5919600,39124000000,230,true,3.57
"ITA",142133,"/Date(1704266549000)/",6680,1000,5919300,39122000000,230,true,3.57
"ITA",142133,"/Date(1704266549000)/",6680,5500,5918300,39115000000,230,true,3.57
"ITA",142130,"/Date(1704266547000)/",6680,3000,5912800,39079000000,230,true,3.57
"ITA",142127,"/Date(1704266541000)/",6680,1000,5909800,39059000000,230,true,3.57
"ITA",142114,"/Date(1704266528000)/",6680,600,5908800,39052000000,230,true,3.57
"ITA",142107,"/Date(1704266522000)/",6680,400,5908200,39048000000,230,true,3.57
"ITA",142107,"/Date(1704266521000)/",6680,3000,5907800,39045000000,230,true,3.57
"ITA",142041,"/Date(1704266496000)/",6680,4000,5904800,39025000000,230,true,3.57
"ITA",142031,"/Date(1704266489000)/",6680,2500,5900800,38998000000,230,true,3.57
"ITA",142031,"/Date(1704266489000)/",6680,500,5898300,38982000000,230,true,3.57
"ITA",142015,"/Date(1704266471000)/",6690,300,5897800,38978000000,240,false,3.72
"ITA",142015,"/Date(1704266471000)/",6690,400,5897500,38976000000,240,false,3.72
"ITA",142015,"/Date(1704266471000)/",6690,1000,5897100,38974000000,240,false,3.72
"ITA",142015,"/Date(1704266471000)/",6690,5000,5896100,38967000000,240,false,3.72
"ITA",142015,"/Date(1704266471000)/",6690,1000,5891100,38934000000,240,false,3.72
"ITA",142015,"/Date(1704266471000)/",6690,10000,5890100,38927000000,240,false,3.72
"ITA",142015,"/Date(1704266471000)/",6690,3000,5880100,38860000000,240,false,3.72
"ITA",142015,"/Date(1704266471000)/",6690,1000,5877100,38840000000,240,false,3.72
"ITA",142002,"/Date(1704266460000)/",6690,7000,5876100,38833000000,240,true,3.72
"ITA",141959,"/Date(1704266456000)/",6690,2000,5869100,38786000000,240,true,3.72
"ITA",141939,"/Date(1704266437000)/",6690,1000,5867100,38773000000,240,true,3.72
"ITA",141912,"/Date(1704266411000)/",6690,36100,5866100,38766000000,240,true,3.72
"ITA",141912,"/Date(1704266411000)/",6690,10000,5830000,38525000000,240,true,3.72
"ITA",141912,"/Date(1704266411000)/",6690,100,5820000,38458000000,240,true,3.72
"ITA",141912,"/Date(1704266411000)/",6690,1000,5819900,38457000000,240,true,3.72
"ITA",141912,"/Date(1704266411000)/",6690,1800,5818900,38451000000,240,true,3.72
"ITA",141912,"/Date(1704266410000)/",6700,1200,5817100,38439000000,250,false,3.88
"ITA",141902,"/Date(1704266401000)/",6700,10000,5815900,38430000000,250,false,3.88
"ITA",141859,"/Date(1704266399000)/",6700,100,5805900,38363000000,250,false,3.88
"ITA",141848,"/Date(1704266388000)/",6700,400,5805800,38363000000,250,false,3.88
"ITA",141845,"/Date(1704266387000)/",6700,1000,5805400,38360000000,250,false,3.88
"ITA",141842,"/Date(1704266383000)/",6700,10000,5804400,38353000000,250,false,3.88
"ITA",141835,"/Date(1704266375000)/",6700,5000,5794400,38286000000,250,false,3.88
"ITA",141757,"/Date(1704266341000)/",6700,300,5789400,38253000000,250,false,3.88
"ITA",141757,"/Date(1704266341000)/",6700,600,5789100,38251000000,250,false,3.88
"ITA",141757,"/Date(1704266341000)/",6700,2000,5788500,38247000000,250,false,3.88
"ITA",141757,"/Date(1704266340000)/",6700,7100,5786500,38233000000,250,false,3.88
"ITA",141754,"/Date(1704266338000)/",6690,1600,5779400,38186000000,240,true,3.72
"ITA",141740,"/Date(1704266324000)/",6690,500,5777800,38175000000,240,true,3.72
"ITA",141723,"/Date(1704266308000)/",6700,100,5777300,38172000000,250,false,3.88
"ITA",141720,"/Date(1704266306000)/",6690,100,5777200,38171000000,240,true,3.72
"ITA",141717,"/Date(1704266302000)/",6700,200,5777100,38171000000,250,false,3.88
"ITA",141654,"/Date(1704266279000)/",6700,200,5776900,38169000000,250,false,3.88
"ITA",141654,"/Date(1704266279000)/",6690,500,5776700,38168000000,240,true,3.72
"ITA",141651,"/Date(1704266277000)/",6700,300,5776200,38165000000,250,false,3.88
"ITA",141645,"/Date(1704266270000)/",6700,400,5775900,38163000000,250,false,3.88
"ITA",141638,"/Date(1704266265000)/",6700,3700,5775500,38160000000,250,false,3.88
"ITA",141638,"/Date(1704266265000)/",6690,1300,5771800,38135000000,240,true,3.72
"ITA",141638,"/Date(1704266262000)/",6690,200,5770500,38126000000,240,true,3.72
"ITA",141638,"/Date(1704266262000)/",6690,2000,5770300,38125000000,240,true,3.72
"ITA",141638,"/Date(1704266262000)/",6690,500,5768300,38112000000,240,true,3.72
"ITA",141638,"/Date(1704266262000)/",6690,100,5767800,38108000000,240,true,3.72
"ITA",141638,"/Date(1704266262000)/",6690,900,5767700,38108000000,240,true,3.72
"ITA",141629,"/Date(1704266254000)/",6700,3000,5766800,38102000000,250,false,3.88
"ITA",141629,"/Date(1704266254000)/",6700,500,5763800,38081000000,250,false,3.88
"ITA",141629,"/Date(1704266254000)/",6700,900,5763300,38078000000,250,false,3.88
"ITA",141629,"/Date(1704266254000)/",6700,600,5762400,38072000000,250,false,3.88
"ITA",141626,"/Date(1704266252000)/",6700,100,5761800,38068000000,250,false,3.88
"ITA",141626,"/Date(1704266252000)/",6700,500,5761700,38067000000,250,false,3.88
"ITA",141616,"/Date(1704266242000)/",6690,100,5761200,38064000000,240,true,3.72
"ITA",141606,"/Date(1704266232000)/",6700,1500,5761100,38063000000,250,false,3.88
"ITA",141606,"/Date(1704266232000)/",6700,100,5759600,38053000000,250,false,3.88
"ITA",141606,"/Date(1704266232000)/",6700,2000,5759500,38053000000,250,false,3.88
"ITA",141606,"/Date(1704266232000)/",6700,500,5757500,38039000000,250,false,3.88
"ITA",141606,"/Date(1704266232000)/",6700,3000,5757000,38036000000,250,false,3.88
"ITA",141606,"/Date(1704266232000)/",6700,2000,5754000,38016000000,250,false,3.88
"ITA",141606,"/Date(1704266232000)/",6700,2000,5752000,38002000000,250,false,3.88
"ITA",141606,"/Date(1704266232000)/",6690,500,5750000,37989000000,240,false,3.72
"ITA",141606,"/Date(1704266232000)/",6690,200,5749500,37986000000,240,false,3.72
"ITA",141606,"/Date(1704266232000)/",6690,200,5749300,37984000000,240,false,3.72
"ITA",141600,"/Date(1704266226000)/",6690,500,5749100,37983000000,240,false,3.72
"ITA",141600,"/Date(1704266226000)/",6680,100,5748600,37980000000,230,true,3.57
"ITA",141557,"/Date(1704266223000)/",6690,1300,5748500,37979000000,240,false,3.72
"ITA",141557,"/Date(1704266223000)/",6690,10000,5747200,37970000000,240,false,3.72
"ITA",141557,"/Date(1704266223000)/",6690,400,5737200,37903000000,240,false,3.72
"ITA",141557,"/Date(1704266223000)/",6690,2200,5736800,37901000000,240,false,3.72
"ITA",141557,"/Date(1704266223000)/",6690,800,5734600,37886000000,240,false,3.72
"ITA",141557,"/Date(1704266223000)/",6690,300,5733800,37881000000,240,false,3.72
"ITA",141557,"/Date(1704266221000)/",6690,700,5733500,37879000000,240,false,3.72
"ITA",141557,"/Date(1704266221000)/",6690,200,5732800,37874000000,240,false,3.72
"ITA",141551,"/Date(1704266216000)/",6680,10000,5732600,37873000000,230,true,3.57
"ITA",141544,"/Date(1704266210000)/",6690,300,5722600,37806000000,240,false,3.72
"ITA",141528,"/Date(1704266194000)/",6680,20000,5722300,37804000000,230,true,3.57
"ITA",141512,"/Date(1704266178000)/",6690,500,5702300,37670000000,240,false,3.72
"ITA",141506,"/Date(1704266169000)/",6680,500,5701800,37667000000,230,false,3.57
"ITA",141506,"/Date(1704266169000)/",6680,500,5701300,37664000000,230,false,3.57
"ITA",141506,"/Date(1704266169000)/",6680,5000,5700800,37660000000,230,false,3.57
"ITA",141506,"/Date(1704266169000)/",6680,200,5695800,37627000000,230,false,3.57
"ITA",141506,"/Date(1704266169000)/",6680,400,5695600,37625000000,230,false,3.57
"ITA",141459,"/Date(1704266165000)/",6680,200,5695200,37623000000,230,false,3.57
"ITA",141459,"/Date(1704266165000)/",6680,1000,5695000,37621000000,230,false,3.57
"ITA",141459,"/Date(1704266165000)/",6680,2800,5694000,37615000000,230,false,3.57
"ITA",141453,"/Date(1704266159000)/",6680,200,5691200,37596000000,230,false,3.57
"ITA",141447,"/Date(1704266151000)/",6680,10000,5691000,37595000000,230,false,3.57
"ITA",141440,"/Date(1704266144000)/",6680,1000,5681000,37528000000,230,false,3.57
"ITA",141440,"/Date(1704266144000)/",6680,1000,5680000,37521000000,230,false,3.57
"ITA",141440,"/Date(1704266144000)/",6680,5000,5679000,37515000000,230,false,3.57
"ITA",141431,"/Date(1704266136000)/",6680,100,5674000,37481000000,230,true,3.57
"ITA",141428,"/Date(1704266131000)/",6680,14900,5673900,37480000000,230,true,3.57
"ITA",141428,"/Date(1704266131000)/",6680,100,5659000,37381000000,230,true,3.57
"ITA",141424,"/Date(1704266128000)/",6680,300,5658900,37380000000,230,true,3.57
"ITA",141408,"/Date(1704266113000)/",6680,200,5658600,37378000000,230,true,3.57
"ITA",141408,"/Date(1704266113000)/",6680,500,5658400,37377000000,230,true,3.57
"ITA",141408,"/Date(1704266113000)/",6690,1000,5657900,37374000000,240,false,3.72
"ITA",141408,"/Date(1704266113000)/",6690,3300,5656900,37367000000,240,false,3.72
"ITA",141408,"/Date(1704266112000)/",6690,200,5653600,37345000000,240,false,3.72
"ITA",141346,"/Date(1704266091000)/",6690,1000,5653400,37344000000,240,true,3.72
"ITA",141346,"/Date(1704266090000)/",6690,100,5652400,37337000000,240,true,3.72
"ITA",141343,"/Date(1704266086000)/",6690,5400,5652300,37336000000,240,true,3.72
"ITA",141340,"/Date(1704266083000)/",6690,4600,5646900,37300000000,240,false,3.72
"ITA",141330,"/Date(1704266076000)/",6690,100,5642300,37269000000,240,true,3.72
"ITA",141330,"/Date(1704266076000)/",6700,300,5642200,37269000000,250,false,3.88
"ITA",141330,"/Date(1704266076000)/",6700,300,5641900,37267000000,250,false,3.88
"ITA",141330,"/Date(1704266076000)/",6700,4000,5641600,37265000000,250,false,3.88
"ITA",141330,"/Date(1704266076000)/",6700,600,5637600,37238000000,250,false,3.88
"ITA",141314,"/Date(1704266058000)/",6670,5000,5637000,37234000000,220,true,3.41
"ITA",141314,"/Date(1704266058000)/",6670,5000,5632000,37200000000,220,true,3.41
"ITA",141314,"/Date(1704266058000)/",6670,1100,5627000,37167000000,220,true,3.41
"ITA",141314,"/Date(1704266058000)/",6680,100,5625900,37160000000,230,true,3.57
"ITA",141314,"/Date(1704266058000)/",6680,10000,5625800,37159000000,230,true,3.57
"ITA",141314,"/Date(1704266058000)/",6680,100,5615800,37092000000,230,true,3.57
"ITA",141314,"/Date(1704266058000)/",6680,2100,5615700,37092000000,230,true,3.57
"ITA",141314,"/Date(1704266058000)/",6680,10000,5613600,37078000000,230,true,3.57
"ITA",141314,"/Date(1704266058000)/",6680,3000,5603600,37011000000,230,true,3.57
"ITA",141314,"/Date(1704266058000)/",6680,1000,5600600,36991000000,230,true,3.57
"ITA",141314,"/Date(1704266058000)/",6680,1300,5599600,36984000000,230,true,3.57
"ITA",141314,"/Date(1704266058000)/",6690,200,5598300,36975000000,240,true,3.72
"ITA",141314,"/Date(1704266058000)/",6690,1000,5598100,36974000000,240,true,3.72
"ITA",141314,"/Date(1704266058000)/",6690,600,5597100,36967000000,240,true,3.72
"ITA",141314,"/Date(1704266058000)/",6690,2000,5596500,36963000000,240,true,3.72
"ITA",141314,"/Date(1704266058000)/",6690,5000,5594500,36950000000,240,true,3.72
"ITA",141314,"/Date(1704266058000)/",6690,1000,5589500,36916000000,240,true,3.72
"ITA",141314,"/Date(1704266058000)/",6690,10000,5588500,36910000000,240,true,3.72
"ITA",141314,"/Date(1704266058000)/",6690,200,5578500,36843000000,240,true,3.72
"ITA",141311,"/Date(1704266055000)/",6700,1000,5578300,36842000000,250,false,3.88
"ITA",141308,"/Date(1704266054000)/",6700,300,5577300,36835000000,250,false,3.88
"ITA",141305,"/Date(1704266049000)/",6700,100,5577000,36833000000,250,false,3.88
"ITA",141305,"/Date(1704266049000)/",6700,500,5576900,36832000000,250,false,3.88
"ITA",141305,"/Date(1704266049000)/",6700,400,5576400,36829000000,250,false,3.88
"ITA",141301,"/Date(1704266046000)/",6700,500,5576000,36826000000,250,false,3.88
"ITA",141255,"/Date(1704266038000)/",6700,1000,5575500,36823000000,250,false,3.88
"ITA",141252,"/Date(1704266036000)/",6700,6000,5574500,36816000000,250,false,3.88
"ITA",141239,"/Date(1704266022000)/",6700,100,5568500,36776000000,250,false,3.88
"ITA",141236,"/Date(1704266021000)/",6700,2000,5568400,36775000000,250,false,3.88
"ITA",141229,"/Date(1704266013000)/",6700,400,5566400,36762000000,250,false,3.88
"ITA",141229,"/Date(1704266012000)/",6700,100,5566000,36759000000,250,false,3.88
"ITA",141226,"/Date(1704266010000)/",6700,600,5565900,36758000000,250,false,3.88
"ITA",141223,"/Date(1704266009000)/",6700,5100,5565300,36754000000,250,false,3.88
"ITA",141223,"/Date(1704266009000)/",6700,9700,5560200,36720000000,250,false,3.88
"ITA",141223,"/Date(1704266008000)/",6700,200,5550500,36655000000,250,false,3.88
"ITA",141223,"/Date(1704266008000)/",6700,8000,5550300,36654000000,250,false,3.88
"ITA",141223,"/Date(1704266007000)/",6700,800,5542300,36600000000,250,false,3.88
"ITA",141214,"/Date(1704265999000)/",6700,5000,5541500,36595000000,250,true,3.88
"ITA",141214,"/Date(1704265998000)/",6700,1200,5536500,36561000000,250,true,3.88
"ITA",141214,"/Date(1704265998000)/",6700,500,5535300,36553000000,250,true,3.88
"ITA",141214,"/Date(1704265998000)/",6700,500,5534800,36550000000,250,true,3.88
"ITA",141214,"/Date(1704265998000)/",6700,1800,5534300,36547000000,250,true,3.88
"ITA",141214,"/Date(1704265997000)/",6700,1000,5532500,36535000000,250,true,3.88
"ITA",141210,"/Date(1704265995000)/",6700,100,5531500,36528000000,250,true,3.88
"ITA",141210,"/Date(1704265994000)/",6700,200,5531400,36527000000,250,true,3.88
"ITA",141210,"/Date(1704265993000)/",6700,1200,5531200,36526000000,250,true,3.88
"ITA",141210,"/Date(1704265993000)/",6700,500,5530000,36518000000,250,true,3.88
"ITA",141207,"/Date(1704265992000)/",6700,200,5529500,36515000000,250,true,3.88
"ITA",141207,"/Date(1704265992000)/",6700,1800,5529300,36513000000,250,true,3.88
"ITA",141204,"/Date(1704265989000)/",6700,500,5527500,36501000000,250,true,3.88
"ITA",141204,"/Date(1704265987000)/",6700,500,5527000,36498000000,250,true,3.88
"ITA",141157,"/Date(1704265981000)/",6700,10000,5526500,36494000000,250,true,3.88
"ITA",141148,"/Date(1704265971000)/",6700,100,5516500,36427000000,250,true,3.88
"ITA",141148,"/Date(1704265971000)/",6700,9000,5516400,36427000000,250,true,3.88
"ITA",141148,"/Date(1704265971000)/",6700,2000,5507400,36367000000,250,true,3.88
"ITA",141148,"/Date(1704265971000)/",6700,1000,5505400,36353000000,250,true,3.88
"ITA",141148,"/Date(1704265971000)/",6700,200,5504400,36346000000,250,true,3.88
"ITA",141148,"/Date(1704265971000)/",6700,500,5504200,36345000000,250,true,3.88
"ITA",141148,"/Date(1704265971000)/",6700,1000,5503700,36342000000,250,true,3.88
"ITA",141148,"/Date(1704265971000)/",6700,1000,5502700,36335000000,250,true,3.88
"ITA",141148,"/Date(1704265971000)/",6700,2400,5501700,36328000000,250,true,3.88
"ITA",141145,"/Date(1704265969000)/",6700,2600,5499300,36312000000,250,false,3.88
"ITA",141145,"/Date(1704265969000)/",6700,1100,5496700,36295000000,250,false,3.88
"ITA",141145,"/Date(1704265969000)/",6700,1200,5495600,36287000000,250,false,3.88
"ITA",141145,"/Date(1704265969000)/",6700,4800,5494400,36279000000,250,false,3.88
"ITA",141145,"/Date(1704265967000)/",6700,200,5489600,36247000000,250,false,3.88
"ITA",141138,"/Date(1704265961000)/",6700,1000,5489400,36246000000,250,false,3.88
"ITA",141135,"/Date(1704265959000)/",6690,800,5488400,36239000000,240,true,3.72
"ITA",141129,"/Date(1704265954000)/",6700,100,5487600,36234000000,250,false,3.88
"ITA",141122,"/Date(1704265947000)/",6700,2000,5487500,36233000000,250,false,3.88
"ITA",141103,"/Date(1704265928000)/",6700,1900,5485500,36220000000,250,false,3.88
"ITA",141103,"/Date(1704265928000)/",6700,100,5483600,36207000000,250,false,3.88
"ITA",141041,"/Date(1704265904000)/",6700,200,5483500,36206000000,250,false,3.88
"ITA",141025,"/Date(1704265889000)/",6700,4700,5483300,36205000000,250,false,3.88
"ITA",141025,"/Date(1704265889000)/",6700,300,5478600,36174000000,250,false,3.88
"ITA",141018,"/Date(1704265883000)/",6700,9700,5478300,36172000000,250,true,3.88
"ITA",141015,"/Date(1704265878000)/",6700,300,5468600,36107000000,250,true,3.88
"ITA",141015,"/Date(1704265878000)/",6700,700,5468300,36105000000,250,true,3.88
"ITA",141012,"/Date(1704265875000)/",6700,300,5467600,36100000000,250,true,3.88
"ITA",140950,"/Date(1704265855000)/",6670,300,5467300,36098000000,220,true,3.41
"ITA",140946,"/Date(1704265851000)/",6670,3600,5467000,36096000000,220,false,3.41
"ITA",140946,"/Date(1704265851000)/",6670,800,5463400,36072000000,220,false,3.41
"ITA",140946,"/Date(1704265851000)/",6670,15100,5462600,36066000000,220,false,3.41
"ITA",140946,"/Date(1704265851000)/",6680,100,5447500,35966000000,230,false,3.57
"ITA",140946,"/Date(1704265851000)/",6680,1000,5447400,35965000000,230,false,3.57
"ITA",140946,"/Date(1704265851000)/",6680,500,5446400,35958000000,230,false,3.57
"ITA",140946,"/Date(1704265851000)/",6680,3000,5445900,35955000000,230,false,3.57
"ITA",140946,"/Date(1704265851000)/",6680,2600,5442900,35935000000,230,false,3.57
"ITA",140946,"/Date(1704265851000)/",6680,500,5440300,35918000000,230,false,3.57
"ITA",140946,"/Date(1704265851000)/",6680,2900,5439800,35914000000,230,false,3.57
"ITA",140946,"/Date(1704265851000)/",6680,100,5436900,35895000000,230,false,3.57
"ITA",140946,"/Date(1704265851000)/",6680,500,5436800,35894000000,230,false,3.57
"ITA",140946,"/Date(1704265851000)/",6680,1400,5436300,35891000000,230,false,3.57
"ITA",140946,"/Date(1704265851000)/",6680,200,5434900,35882000000,230,false,3.57
"ITA",140946,"/Date(1704265851000)/",6680,100,5434700,35880000000,230,false,3.57
"ITA",140946,"/Date(1704265851000)/",6690,1000,5434600,35880000000,240,true,3.72
"ITA",140946,"/Date(1704265851000)/",6690,10000,5433600,35873000000,240,true,3.72
"ITA",140946,"/Date(1704265851000)/",6690,900,5423600,35806000000,240,true,3.72
"ITA",140946,"/Date(1704265851000)/",6690,1000,5422700,35800000000,240,true,3.72
"ITA",140946,"/Date(1704265851000)/",6690,600,5421700,35793000000,240,true,3.72
"ITA",140946,"/Date(1704265851000)/",6690,3000,5421100,35789000000,240,true,3.72
"ITA",140946,"/Date(1704265851000)/",6690,100,5418100,35769000000,240,true,3.72
"ITA",140946,"/Date(1704265851000)/",6690,100,5418000,35769000000,240,true,3.72
"ITA",140946,"/Date(1704265851000)/",6690,13500,5417900,35768000000,240,true,3.72
"ITA",140946,"/Date(1704265851000)/",6700,100,5404400,35678000000,250,true,3.88
"ITA",140946,"/Date(1704265851000)/",6700,7000,5404300,35677000000,250,true,3.88
"ITA",140946,"/Date(1704265851000)/",6700,10600,5397300,35630000000,250,true,3.88
"ITA",140946,"/Date(1704265851000)/",6700,500,5386700,35559000000,250,true,3.88
"ITA",140946,"/Date(1704265851000)/",6700,1500,5386200,35556000000,250,true,3.88
"ITA",140946,"/Date(1704265851000)/",6700,3700,5384700,35546000000,250,true,3.88
"ITA",140946,"/Date(1704265851000)/",6700,300,5381000,35521000000,250,true,3.88
"ITA",140946,"/Date(1704265851000)/",6700,1200,5380700,35519000000,250,true,3.88
"ITA",140946,"/Date(1704265851000)/",6710,5000,5379500,35511000000,260,true,4.03
"ITA",140946,"/Date(1704265851000)/",6710,7500,5374500,35477000000,260,true,4.03
"ITA",140940,"/Date(1704265844000)/",6710,5400,5367000,35427000000,260,false,4.03
"ITA",140940,"/Date(1704265843000)/",6710,5000,5361600,35391000000,260,false,4.03
"ITA",140940,"/Date(1704265843000)/",6710,100,5356600,35357000000,260,false,4.03
"ITA",140940,"/Date(1704265843000)/",6710,100,5356500,35356000000,260,false,4.03
"ITA",140940,"/Date(1704265843000)/",6710,1000,5356400,35356000000,260,false,4.03
"ITA",140940,"/Date(1704265843000)/",6710,20000,5355400,35349000000,260,false,4.03
"ITA",140940,"/Date(1704265843000)/",6710,100,5335400,35215000000,260,false,4.03
"ITA",140940,"/Date(1704265843000)/",6710,10800,5335300,35214000000,260,false,4.03
"ITA",140937,"/Date(1704265841000)/",6710,1300,5324500,35142000000,260,false,4.03
"ITA",140927,"/Date(1704265831000)/",6700,18800,5323200,35133000000,250,true,3.88
"ITA",140927,"/Date(1704265831000)/",6700,6200,5304400,35007000000,250,true,3.88
"ITA",140924,"/Date(1704265829000)/",6710,100,5298200,34965000000,260,true,4.03
"ITA",140924,"/Date(1704265827000)/",6710,3200,5298100,34965000000,260,true,4.03
"ITA",140924,"/Date(1704265827000)/",6710,600,5294900,34943000000,260,true,4.03
"ITA",140924,"/Date(1704265827000)/",6710,6100,5294300,34939000000,260,true,4.03
"ITA",140921,"/Date(1704265825000)/",6710,3900,5288200,34898000000,260,true,4.03
"ITA",140921,"/Date(1704265825000)/",6710,1000,5284300,34872000000,260,true,4.03
"ITA",140921,"/Date(1704265825000)/",6710,1100,5283300,34865000000,260,true,4.03
"ITA",140918,"/Date(1704265821000)/",6710,600,5282200,34858000000,260,true,4.03
"ITA",140914,"/Date(1704265818000)/",6710,500,5281600,34854000000,260,true,4.03
"ITA",140914,"/Date(1704265817000)/",6710,200,5281100,34851000000,260,true,4.03
"ITA",140908,"/Date(1704265812000)/",6710,1000,5280900,34849000000,260,true,4.03
"ITA",140908,"/Date(1704265812000)/",6710,3100,5279900,34843000000,260,true,4.03
"ITA",140908,"/Date(1704265812000)/",6710,6800,5276800,34822000000,260,true,4.03
"ITA",140908,"/Date(1704265812000)/",6710,100,5270000,34776000000,260,true,4.03
"ITA",140908,"/Date(1704265812000)/",6710,100,5269900,34776000000,260,true,4.03
"ITA",140908,"/Date(1704265812000)/",6710,3000,5269800,34775000000,260,true,4.03
"ITA",140908,"/Date(1704265812000)/",6710,20000,5266800,34755000000,260,true,4.03
"ITA",140908,"/Date(1704265812000)/",6710,100,5246800,34621000000,260,true,4.03
"ITA",140908,"/Date(1704265812000)/",6710,5000,5246700,34620000000,260,true,4.03
"ITA",140908,"/Date(1704265812000)/",6710,2000,5241700,34586000000,260,true,4.03
"ITA",140908,"/Date(1704265812000)/",6710,1000,5239700,34573000000,260,true,4.03
"ITA",140908,"/Date(1704265812000)/",6710,2000,5238700,34566000000,260,true,4.03
"ITA",140908,"/Date(1704265812000)/",6710,1000,5236700,34553000000,260,true,4.03
"ITA",140908,"/Date(1704265812000)/",6710,5000,5235700,34546000000,260,true,4.03
"ITA",140908,"/Date(1704265812000)/",6710,2000,5230700,34513000000,260,true,4.03
"ITA",140908,"/Date(1704265812000)/",6710,400,5228700,34499000000,260,true,4.03
"ITA",140905,"/Date(1704265809000)/",6710,1000,5228300,34496000000,260,false,4.03
"ITA",140859,"/Date(1704265803000)/",6700,200,5227300,34490000000,250,true,3.88
"ITA",140859,"/Date(1704265802000)/",6700,10000,5227100,34488000000,250,true,3.88
"ITA",140855,"/Date(1704265800000)/",6700,300,5217100,34421000000,250,true,3.88
"ITA",140852,"/Date(1704265796000)/",6710,10000,5216800,34419000000,260,false,4.03
"ITA",140849,"/Date(1704265793000)/",6700,1000,5206800,34352000000,250,true,3.88
"ITA",140846,"/Date(1704265790000)/",6710,500,5205800,34346000000,260,false,4.03
"ITA",140843,"/Date(1704265786000)/",6700,400,5205300,34342000000,250,false,3.88
"ITA",140843,"/Date(1704265785000)/",6700,1900,5204900,34340000000,250,false,3.88
"ITA",140839,"/Date(1704265783000)/",6700,100,5203000,34327000000,250,false,3.88
"ITA",140839,"/Date(1704265782000)/",6700,300,5202900,34326000000,250,false,3.88
"ITA",140830,"/Date(1704265775000)/",6700,600,5202600,34324000000,250,true,3.88
"ITA",140830,"/Date(1704265775000)/",6700,2400,5202000,34320000000,250,true,3.88
"ITA",140830,"/Date(1704265773000)/",6700,5000,5199600,34304000000,250,true,3.88
"ITA",140830,"/Date(1704265773000)/",6700,2600,5194600,34271000000,250,true,3.88
"ITA",140827,"/Date(1704265770000)/",6700,1900,5192000,34253000000,250,false,3.88
"ITA",140823,"/Date(1704265768000)/",6690,300,5190100,34240000000,240,true,3.72
"ITA",140823,"/Date(1704265768000)/",6700,5000,5189800,34238000000,250,true,3.88
"ITA",140823,"/Date(1704265768000)/",6700,500,5184800,34205000000,250,true,3.88
"ITA",140758,"/Date(1704265740000)/",6710,8100,5184300,34202000000,260,false,4.03
"ITA",140758,"/Date(1704265740000)/",6710,300,5176200,34147000000,260,false,4.03
"ITA",140758,"/Date(1704265740000)/",6710,100,5175900,34145000000,260,false,4.03
"ITA",140758,"/Date(1704265740000)/",6710,6300,5175800,34144000000,260,false,4.03
"ITA",140758,"/Date(1704265740000)/",6700,200,5169500,34102000000,250,false,3.88
"ITA",140751,"/Date(1704265734000)/",6700,300,5169300,34101000000,250,false,3.88
"ITA",140742,"/Date(1704265725000)/",6710,600,5169000,34099000000,260,false,4.03
"ITA",140742,"/Date(1704265725000)/",6710,2000,5168400,34095000000,260,false,4.03
"ITA",140742,"/Date(1704265725000)/",6710,200,5166400,34081000000,260,false,4.03
"ITA",140742,"/Date(1704265725000)/",6710,100,5166200,34080000000,260,false,4.03
"ITA",140742,"/Date(1704265725000)/",6710,200,5166100,34079000000,260,false,4.03
"ITA",140742,"/Date(1704265725000)/",6700,5000,5165900,34078000000,250,false,3.88
"ITA",140742,"/Date(1704265725000)/",6700,1900,5160900,34045000000,250,false,3.88
"ITA",140739,"/Date(1704265723000)/",6700,100,5159000,34032000000,250,false,3.88
"ITA",140732,"/Date(1704265717000)/",6700,100,5158900,34031000000,250,false,3.88
"ITA",140732,"/Date(1704265715000)/",6700,2400,5158800,34030000000,250,false,3.88
"ITA",140729,"/Date(1704265713000)/",6700,100,5156400,34014000000,250,true,3.88
"ITA",140729,"/Date(1704265712000)/",6700,400,5156300,34014000000,250,true,3.88
"ITA",140719,"/Date(1704265702000)/",6710,300,5155900,34011000000,260,false,4.03
"ITA",140719,"/Date(1704265702000)/",6710,400,5155600,34009000000,260,false,4.03
"ITA",140716,"/Date(1704265699000)/",6710,600,5155200,34006000000,260,true,4.03
"ITA",140716,"/Date(1704265698000)/",6710,500,5154600,34002000000,260,true,4.03
"ITA",140707,"/Date(1704265690000)/",6710,200,5154100,33999000000,260,true,4.03
"ITA",140700,"/Date(1704265683000)/",6700,1300,5153900,33998000000,250,true,3.88
"ITA",140700,"/Date(1704265683000)/",6700,100,5152600,33989000000,250,true,3.88
"ITA",140700,"/Date(1704265683000)/",6700,500,5152500,33988000000,250,true,3.88
"ITA",140700,"/Date(1704265683000)/",6700,3900,5152000,33985000000,250,true,3.88
"ITA",140700,"/Date(1704265683000)/",6710,200,5148100,33959000000,260,true,4.03
"ITA",140657,"/Date(1704265680000)/",6710,500,5147900,33957000000,260,false,4.03
"ITA",140657,"/Date(1704265680000)/",6710,500,5147400,33954000000,260,false,4.03
"ITA",140657,"/Date(1704265680000)/",6710,2000,5146900,33951000000,260,false,4.03
"ITA",140657,"/Date(1704265680000)/",6710,800,5144900,33937000000,260,false,4.03
"ITA",140654,"/Date(1704265679000)/",6700,100,5144100,33932000000,250,true,3.88
"ITA",140654,"/Date(1704265676000)/",6700,500,5144000,33931000000,250,true,3.88
"ITA",140644,"/Date(1704265669000)/",6700,7000,5143500,33928000000,250,true,3.88
"ITA",140644,"/Date(1704265668000)/",6710,200,5136500,33881000000,260,false,4.03
"ITA",140644,"/Date(1704265668000)/",6710,1500,5136300,33880000000,260,false,4.03
"ITA",140644,"/Date(1704265668000)/",6710,200,5134800,33870000000,260,false,4.03
"ITA",140644,"/Date(1704265668000)/",6710,1000,5134600,33868000000,260,false,4.03
"ITA",140644,"/Date(1704265668000)/",6710,200,5133600,33862000000,260,false,4.03
"ITA",140644,"/Date(1704265668000)/",6710,2600,5133400,33860000000,260,false,4.03
"ITA",140644,"/Date(1704265668000)/",6710,100,5130800,33843000000,260,false,4.03
"ITA",140644,"/Date(1704265668000)/",6710,9200,5130700,33842000000,260,false,4.03
"ITA",140641,"/Date(1704265665000)/",6700,5000,5121500,33780000000,250,true,3.88
"ITA",140635,"/Date(1704265659000)/",6700,200,5116500,33747000000,250,true,3.88
"ITA",140635,"/Date(1704265659000)/",6710,1500,5116300,33746000000,260,false,4.03
"ITA",140635,"/Date(1704265658000)/",6710,300,5114800,33735000000,260,false,4.03
"ITA",140632,"/Date(1704265655000)/",6700,1800,5114500,33733000000,250,true,3.88
"ITA",140632,"/Date(1704265655000)/",6700,100,5112700,33721000000,250,true,3.88
"ITA",140632,"/Date(1704265655000)/",6700,100,5112600,33721000000,250,true,3.88
"ITA",140632,"/Date(1704265654000)/",6700,900,5112500,33720000000,250,true,3.88
"ITA",140632,"/Date(1704265654000)/",6700,100,5111600,33714000000,250,true,3.88
"ITA",140628,"/Date(1704265653000)/",6710,200,5111500,33713000000,260,false,4.03
"ITA",140628,"/Date(1704265650000)/",6710,7000,5111300,33712000000,260,false,4.03
"ITA",140619,"/Date(1704265642000)/",6700,500,5104300,33665000000,250,true,3.88
"ITA",140606,"/Date(1704265629000)/",6710,500,5103800,33662000000,260,false,4.03
"ITA",140606,"/Date(1704265628000)/",6700,400,5103300,33658000000,250,true,3.88
"ITA",140603,"/Date(1704265625000)/",6710,1300,5102900,33656000000,260,false,4.03
"ITA",140557,"/Date(1704265619000)/",6690,800,5101600,33647000000,240,true,3.72
"ITA",140557,"/Date(1704265619000)/",6700,2900,5100800,33642000000,250,true,3.88
"ITA",140553,"/Date(1704265617000)/",6700,9400,5097900,33622000000,250,true,3.88
"ITA",140553,"/Date(1704265617000)/",6700,600,5088500,33559000000,250,true,3.88
"ITA",140547,"/Date(1704265609000)/",6710,5000,5087900,33555000000,260,false,4.03
"ITA",140547,"/Date(1704265609000)/",6710,5000,5082900,33522000000,260,false,4.03
"ITA",140547,"/Date(1704265609000)/",6700,100,5077900,33488000000,250,true,3.88
"ITA",140544,"/Date(1704265607000)/",6710,5000,5077800,33487000000,260,false,4.03
"ITA",140544,"/Date(1704265607000)/",6700,1800,5072800,33454000000,250,true,3.88
"ITA",140544,"/Date(1704265607000)/",6700,1500,5071000,33442000000,250,true,3.88
"ITA",140541,"/Date(1704265603000)/",6700,3500,5069500,33432000000,250,true,3.88
"ITA",140541,"/Date(1704265603000)/",6700,2000,5066000,33408000000,250,true,3.88
"ITA",140541,"/Date(1704265603000)/",6700,4500,5064000,33395000000,250,true,3.88
"ITA",140525,"/Date(1704265587000)/",6700,2000,5059500,33365000000,250,true,3.88
"ITA",140525,"/Date(1704265587000)/",6700,600,5057500,33351000000,250,true,3.88
"ITA",140525,"/Date(1704265587000)/",6700,100,5056900,33347000000,250,true,3.88
"ITA",140525,"/Date(1704265587000)/",6700,900,5056800,33347000000,250,true,3.88
"ITA",140525,"/Date(1704265587000)/",6700,3000,5055900,33341000000,250,true,3.88
"ITA",140525,"/Date(1704265587000)/",6700,2000,5052900,33321000000,250,true,3.88
"ITA",140525,"/Date(1704265587000)/",6700,1000,5050900,33307000000,250,true,3.88
"ITA",140525,"/Date(1704265587000)/",6700,400,5049900,33300000000,250,true,3.88
"ITA",140519,"/Date(1704265579000)/",6700,4000,5049500,33298000000,250,true,3.88
"ITA",140519,"/Date(1704265579000)/",6700,300,5045500,33271000000,250,true,3.88
"ITA",140519,"/Date(1704265579000)/",6700,2000,5045200,33269000000,250,true,3.88
"ITA",140519,"/Date(1704265579000)/",6710,700,5043200,33256000000,260,true,4.03
"ITA",140519,"/Date(1704265579000)/",6710,2500,5042500,33251000000,260,true,4.03
"ITA",140509,"/Date(1704265571000)/",6720,1400,5040000,33234000000,270,true,4.19
"ITA",140506,"/Date(1704265570000)/",6720,100,5038600,33225000000,270,true,4.19
"ITA",140506,"/Date(1704265569000)/",6720,200,5038500,33224000000,270,true,4.19
"ITA",140503,"/Date(1704265564000)/",6720,2000,5038300,33223000000,270,false,4.19
"ITA",140503,"/Date(1704265564000)/",6720,100,5036300,33209000000,270,false,4.19
"ITA",140503,"/Date(1704265564000)/",6720,100,5036200,33209000000,270,false,4.19
"ITA",140503,"/Date(1704265564000)/",6720,1100,5036100,33208000000,270,false,4.19
"ITA",140459,"/Date(1704265562000)/",6710,1000,5035000,33200000000,260,true,4.03
"ITA",140456,"/Date(1704265559000)/",6720,400,5034000,33194000000,270,false,4.19
"ITA",140456,"/Date(1704265559000)/",6720,1000,5033600,33191000000,270,false,4.19
"ITA",140456,"/Date(1704265559000)/",6720,300,5032600,33184000000,270,false,4.19
"ITA",140447,"/Date(1704265550000)/",6720,100,5032300,33182000000,270,false,4.19
"ITA",140447,"/Date(1704265548000)/",6720,400,5032200,33182000000,270,false,4.19
"ITA",140447,"/Date(1704265548000)/",6720,500,5031800,33179000000,270,false,4.19
"ITA",140447,"/Date(1704265548000)/",6720,800,5031300,33176000000,270,false,4.19
"ITA",140406,"/Date(1704265509000)/",6720,100,5030500,33170000000,270,false,4.19
"ITA",140403,"/Date(1704265505000)/",6720,1900,5030400,33170000000,270,false,4.19
"ITA",140359,"/Date(1704265501000)/",6730,3500,5028500,33157000000,280,false,4.34
"ITA",140359,"/Date(1704265501000)/",6720,500,5025000,33133000000,270,true,4.19
"ITA",140356,"/Date(1704265498000)/",6720,500,5024500,33130000000,270,false,4.19
"ITA",140356,"/Date(1704265498000)/",6720,500,5024000,33126000000,270,false,4.19
"ITA",140356,"/Date(1704265498000)/",6720,500,5023500,33123000000,270,false,4.19
"ITA",140350,"/Date(1704265492000)/",6720,2000,5023000,33120000000,270,true,4.19
"ITA",140350,"/Date(1704265492000)/",6720,100,5021000,33106000000,270,true,4.19
"ITA",140350,"/Date(1704265492000)/",6720,300,5020900,33106000000,270,true,4.19
"ITA",140350,"/Date(1704265492000)/",6720,400,5020600,33104000000,270,true,4.19
"ITA",140350,"/Date(1704265492000)/",6720,1800,5020200,33101000000,270,true,4.19
"ITA",140350,"/Date(1704265492000)/",6720,1000,5018400,33089000000,270,true,4.19
"ITA",140350,"/Date(1704265492000)/",6720,900,5017400,33082000000,270,true,4.19
"ITA",140344,"/Date(1704265487000)/",6720,100,5016500,33076000000,270,false,4.19
"ITA",140337,"/Date(1704265475000)/",6710,2000,5016400,33075000000,260,false,4.03
"ITA",140337,"/Date(1704265475000)/",6710,500,5014400,33062000000,260,false,4.03
"ITA",140337,"/Date(1704265475000)/",6710,500,5013900,33059000000,260,false,4.03
"ITA",140337,"/Date(1704265475000)/",6710,300,5013400,33055000000,260,false,4.03
"ITA",140337,"/Date(1704265475000)/",6690,200,5013100,33053000000,240,true,3.72
"ITA",140337,"/Date(1704265475000)/",6700,100,5012900,33052000000,250,true,3.88
"ITA",140337,"/Date(1704265475000)/",6700,200,5012800,33051000000,250,true,3.88
"ITA",140322,"/Date(1704265463000)/",6700,2000,5012600,33050000000,250,true,3.88
"ITA",140322,"/Date(1704265463000)/",6700,600,5010600,33037000000,250,true,3.88
"ITA",140322,"/Date(1704265463000)/",6700,2000,5010000,33033000000,250,true,3.88
"ITA",140322,"/Date(1704265463000)/",6700,200,5008000,33019000000,250,true,3.88
"ITA",140318,"/Date(1704265460000)/",6700,5000,5007800,33018000000,250,false,3.88
"ITA",140318,"/Date(1704265460000)/",6700,1700,5002800,32984000000,250,false,3.88
"ITA",140315,"/Date(1704265456000)/",6700,2000,5001100,32973000000,250,false,3.88
"ITA",140309,"/Date(1704265451000)/",6690,200,4999100,32959000000,240,false,3.72
"ITA",140300,"/Date(1704265439000)/",6680,2000,4998900,32958000000,230,true,3.57
"ITA",140257,"/Date(1704265438000)/",6700,200,4996900,32945000000,250,false,3.88
"ITA",140257,"/Date(1704265438000)/",6700,800,4996700,32943000000,250,false,3.88
"ITA",140253,"/Date(1704265435000)/",6700,100,4995900,32938000000,250,false,3.88
"ITA",140250,"/Date(1704265431000)/",6700,100,4995800,32937000000,250,false,3.88
"ITA",140247,"/Date(1704265427000)/",6700,1000,4995700,32937000000,250,false,3.88
"ITA",140244,"/Date(1704265425000)/",6680,11900,4994700,32930000000,230,false,3.57
"ITA",140238,"/Date(1704265417000)/",6670,200,4982800,32851000000,220,true,3.41
"ITA",140225,"/Date(1704265404000)/",6680,1200,4982600,32849000000,230,false,3.57
"ITA",140225,"/Date(1704265404000)/",6680,100,4981400,32841000000,230,false,3.57
"ITA",140225,"/Date(1704265404000)/",6680,5000,4981300,32841000000,230,false,3.57
"ITA",140225,"/Date(1704265404000)/",6680,1000,4976300,32807000000,230,false,3.57
"ITA",140225,"/Date(1704265404000)/",6680,300,4975300,32800000000,230,false,3.57
"ITA",140225,"/Date(1704265404000)/",6680,5000,4975000,32798000000,230,false,3.57
"ITA",140225,"/Date(1704265404000)/",6680,500,4970000,32765000000,230,false,3.57
"ITA",140225,"/Date(1704265404000)/",6690,4900,4969500,32762000000,240,false,3.72
"ITA",140225,"/Date(1704265404000)/",6690,200,4964600,32729000000,240,false,3.72
"ITA",140225,"/Date(1704265404000)/",6690,25000,4964400,32728000000,240,false,3.72
"ITA",140225,"/Date(1704265404000)/",6690,22000,4939400,32560000000,240,false,3.72
"ITA",140225,"/Date(1704265404000)/",6690,300,4917400,32413000000,240,false,3.72
"ITA",140225,"/Date(1704265404000)/",6690,1000,4917100,32411000000,240,false,3.72
"ITA",140225,"/Date(1704265404000)/",6700,300,4916100,32404000000,250,false,3.88
"ITA",140225,"/Date(1704265404000)/",6700,100,4915800,32402000000,250,false,3.88
"ITA",140225,"/Date(1704265404000)/",6700,400,4915700,32402000000,250,false,3.88
"ITA",140225,"/Date(1704265404000)/",6700,2000,4915300,32399000000,250,false,3.88
"ITA",140225,"/Date(1704265404000)/",6700,200,4913300,32386000000,250,false,3.88
"ITA",140225,"/Date(1704265404000)/",6700,200,4913100,32384000000,250,false,3.88
"ITA",140225,"/Date(1704265404000)/",6700,2000,4912900,32383000000,250,false,3.88
"ITA",140225,"/Date(1704265404000)/",6700,14700,4910900,32370000000,250,false,3.88
"ITA",140225,"/Date(1704265404000)/",6700,1700,4896200,32271000000,250,false,3.88
"ITA",140225,"/Date(1704265404000)/",6710,200,4894500,32260000000,260,false,4.03
"ITA",140216,"/Date(1704265394000)/",6710,100,4894300,32258000000,260,true,4.03
"ITA",140203,"/Date(1704265383000)/",6720,1000,4894200,32258000000,270,true,4.19
"ITA",140203,"/Date(1704265383000)/",6720,400,4893200,32251000000,270,true,4.19
"ITA",140203,"/Date(1704265383000)/",6720,500,4892800,32248000000,270,true,4.19
"ITA",140203,"/Date(1704265383000)/",6720,500,4892300,32245000000,270,true,4.19
"ITA",140203,"/Date(1704265383000)/",6720,900,4891800,32242000000,270,true,4.19
"ITA",140200,"/Date(1704265379000)/",6730,10000,4890900,32236000000,280,false,4.34
"ITA",140200,"/Date(1704265378000)/",6730,100,4880900,32168000000,280,false,4.34
"ITA",140151,"/Date(1704265371000)/",6730,1900,4880800,32168000000,280,false,4.34
"ITA",140151,"/Date(1704265371000)/",6730,1000,4878900,32155000000,280,false,4.34
"ITA",140151,"/Date(1704265371000)/",6730,5000,4877900,32148000000,280,false,4.34
"ITA",140151,"/Date(1704265371000)/",6730,4500,4872900,32114000000,280,false,4.34
"ITA",140151,"/Date(1704265371000)/",6730,600,4868400,32084000000,280,false,4.34
"ITA",140151,"/Date(1704265371000)/",6730,1300,4867800,32080000000,280,false,4.34
"ITA",140151,"/Date(1704265371000)/",6730,5900,4866500,32071000000,280,false,4.34
"ITA",140151,"/Date(1704265371000)/",6740,1500,4860600,32032000000,290,false,4.5
"ITA",140151,"/Date(1704265371000)/",6740,600,4859100,32022000000,290,false,4.5
"ITA",140151,"/Date(1704265371000)/",6740,3500,4858500,32017000000,290,false,4.5
"ITA",140151,"/Date(1704265371000)/",6740,700,4855000,31994000000,290,false,4.5
"ITA",140151,"/Date(1704265370000)/",6740,500,4854300,31989000000,290,false,4.5
"ITA",140151,"/Date(1704265370000)/",6740,800,4853800,31986000000,290,false,4.5
"ITA",140151,"/Date(1704265370000)/",6740,100,4853000,31980000000,290,false,4.5
"ITA",140148,"/Date(1704265367000)/",6740,500,4852900,31980000000,290,true,4.5
"ITA",140145,"/Date(1704265364000)/",6740,3700,4852400,31976000000,290,true,4.5
"ITA",140142,"/Date(1704265362000)/",6740,1000,4848700,31951000000,290,true,4.5
"ITA",140142,"/Date(1704265361000)/",6740,700,4847700,31945000000,290,true,4.5
"ITA",140142,"/Date(1704265361000)/",6740,500,4847000,31940000000,290,true,4.5
"ITA",140142,"/Date(1704265361000)/",6740,2000,4846500,31937000000,290,true,4.5
"ITA",140142,"/Date(1704265361000)/",6740,1000,4844500,31923000000,290,true,4.5
"ITA",140142,"/Date(1704265361000)/",6740,800,4843500,31916000000,290,true,4.5
"ITA",140139,"/Date(1704265357000)/",6740,6000,4842700,31911000000,290,true,4.5
"ITA",140136,"/Date(1704265354000)/",6740,100,4836700,31871000000,290,true,4.5
"ITA",140136,"/Date(1704265353000)/",6740,3100,4836600,31870000000,290,true,4.5
"ITA",140136,"/Date(1704265353000)/",6740,1900,4833500,31849000000,290,true,4.5
"ITA",140130,"/Date(1704265349000)/",6750,1000,4831600,31836000000,300,false,4.65
"ITA",140130,"/Date(1704265348000)/",6740,100,4830600,31829000000,290,true,4.5
"ITA",140130,"/Date(1704265348000)/",6740,4900,4830500,31829000000,290,true,4.5
"ITA",140127,"/Date(1704265343000)/",6740,100,4825600,31796000000,290,true,4.5
"ITA",140127,"/Date(1704265343000)/",6740,400,4825500,31795000000,290,true,4.5
"ITA",140121,"/Date(1704265338000)/",6740,500,4825100,31792000000,290,false,4.5
"ITA",140121,"/Date(1704265338000)/",6740,200,4824600,31789000000,290,false,4.5
"ITA",140121,"/Date(1704265338000)/",6740,200,4824400,31788000000,290,false,4.5
"ITA",140121,"/Date(1704265338000)/",6740,500,4824200,31786000000,290,false,4.5
"ITA",140121,"/Date(1704265337000)/",6740,4500,4823700,31783000000,290,false,4.5
"ITA",140121,"/Date(1704265337000)/",6740,2500,4819200,31753000000,290,false,4.5
"ITA",140118,"/Date(1704265334000)/",6740,400,4816700,31736000000,290,false,4.5
"ITA",140118,"/Date(1704265334000)/",6740,100,4816300,31733000000,290,false,4.5
"ITA",140118,"/Date(1704265334000)/",6740,900,4816200,31732000000,290,false,4.5
"ITA",140115,"/Date(1704265331000)/",6740,400,4815300,31726000000,290,false,4.5
"ITA",140103,"/Date(1704265318000)/",6750,2200,4814900,31724000000,300,false,4.65
"ITA",140103,"/Date(1704265318000)/",6740,300,4812700,31709000000,290,false,4.5
"ITA",140103,"/Date(1704265318000)/",6740,7000,4812400,31707000000,290,false,4.5
"ITA",140103,"/Date(1704265318000)/",6740,100,4805400,31660000000,290,false,4.5
"ITA",140103,"/Date(1704265318000)/",6740,400,4805300,31659000000,290,false,4.5
"ITA",140103,"/Date(1704265318000)/",6740,100,4804900,31656000000,290,false,4.5
"ITA",140103,"/Date(1704265318000)/",6740,400,4804800,31656000000,290,false,4.5
"ITA",140100,"/Date(1704265314000)/",6740,600,4804400,31653000000,290,false,4.5
"ITA",140100,"/Date(1704265314000)/",6740,500,4803800,31649000000,290,false,4.5
"ITA",140100,"/Date(1704265314000)/",6740,100,4803300,31645000000,290,false,4.5
"ITA",140100,"/Date(1704265314000)/",6740,400,4803200,31645000000,290,false,4.5
"ITA",140100,"/Date(1704265314000)/",6740,100,4802800,31642000000,290,false,4.5
"ITA",140100,"/Date(1704265314000)/",6740,11600,4802700,31641000000,290,false,4.5
"ITA",140100,"/Date(1704265314000)/",6740,500,4791100,31563000000,290,false,4.5
"ITA",140100,"/Date(1704265314000)/",6740,100,4790600,31560000000,290,false,4.5
"ITA",140100,"/Date(1704265314000)/",6740,1000,4790500,31559000000,290,false,4.5
"ITA",140100,"/Date(1704265314000)/",6740,2000,4789500,31552000000,290,false,4.5
"ITA",140100,"/Date(1704265314000)/",6740,3000,4787500,31539000000,290,false,4.5
"ITA",140056,"/Date(1704265313000)/",6730,100,4784500,31519000000,280,true,4.34
"ITA",140056,"/Date(1704265311000)/",6730,200,4784400,31518000000,280,true,4.34
"ITA",140053,"/Date(1704265310000)/",6730,200,4784200,31517000000,280,true,4.34
"ITA",140050,"/Date(1704265305000)/",6730,100,4784000,31515000000,280,false,4.34
"ITA",140050,"/Date(1704265305000)/",6730,2000,4783900,31515000000,280,false,4.34
"ITA",140050,"/Date(1704265305000)/",6730,300,4781900,31501000000,280,false,4.34
"ITA",140050,"/Date(1704265305000)/",6730,1000,4781600,31499000000,280,false,4.34
"ITA",140050,"/Date(1704265305000)/",6730,1200,4780600,31492000000,280,false,4.34
"ITA",140050,"/Date(1704265305000)/",6730,100,4779400,31484000000,280,false,4.34
"ITA",140050,"/Date(1704265305000)/",6730,2000,4779300,31484000000,280,false,4.34
"ITA",140050,"/Date(1704265305000)/",6730,100,4777300,31470000000,280,false,4.34
"ITA",140050,"/Date(1704265305000)/",6730,1000,4777200,31470000000,280,false,4.34
"ITA",140050,"/Date(1704265305000)/",6730,100,4776200,31463000000,280,false,4.34
"ITA",140050,"/Date(1704265305000)/",6730,700,4776100,31462000000,280,false,4.34
"ITA",140050,"/Date(1704265305000)/",6730,200,4775400,31457000000,280,false,4.34
"ITA",140050,"/Date(1704265305000)/",6730,6800,4775200,31456000000,280,false,4.34
"ITA",140048,"/Date(1704265304000)/",6730,1800,4768400,31410000000,280,false,4.34
"ITA",140045,"/Date(1704265301000)/",6730,100,4766600,31398000000,280,false,4.34
"ITA",140045,"/Date(1704265300000)/",6730,1000,4766500,31398000000,280,false,4.34
"ITA",140045,"/Date(1704265299000)/",6720,5000,4765500,31391000000,270,true,4.19
"ITA",140039,"/Date(1704265294000)/",6730,300,4760500,31357000000,280,false,4.34
"ITA",140039,"/Date(1704265294000)/",6730,100,4760200,31355000000,280,false,4.34
"ITA",140039,"/Date(1704265294000)/",6730,1600,4760100,31355000000,280,false,4.34
"ITA",140039,"/Date(1704265293000)/",6730,5000,4758500,31344000000,280,false,4.34
"ITA",140036,"/Date(1704265289000)/",6720,5000,4753500,31310000000,270,true,4.19
"ITA",140036,"/Date(1704265289000)/",6730,18400,4748500,31277000000,280,false,4.34
"ITA",140036,"/Date(1704265289000)/",6730,2500,4730100,31153000000,280,false,4.34
"ITA",140036,"/Date(1704265289000)/",6730,800,4727600,31136000000,280,false,4.34
"ITA",140036,"/Date(1704265289000)/",6730,100,4726800,31130000000,280,false,4.34
"ITA",140036,"/Date(1704265289000)/",6730,600,4726700,31130000000,280,false,4.34
"ITA",140036,"/Date(1704265289000)/",6730,10600,4726100,31126000000,280,false,4.34
"ITA",140033,"/Date(1704265287000)/",6720,4500,4715500,31054000000,270,true,4.19
"ITA",140027,"/Date(1704265282000)/",6730,100,4711000,31024000000,280,false,4.34
"ITA",140024,"/Date(1704265278000)/",6720,1000,4710900,31024000000,270,true,4.19
"ITA",140024,"/Date(1704265276000)/",6730,2000,4709900,31017000000,280,false,4.34
"ITA",140018,"/Date(1704265270000)/",6730,7300,4707900,31003000000,280,false,4.34
"ITA",140018,"/Date(1704265270000)/",6730,3000,4700600,30954000000,280,false,4.34
"ITA",140018,"/Date(1704265270000)/",6730,100,4697600,30934000000,280,false,4.34
"ITA",140018,"/Date(1704265270000)/",6730,500,4697500,30933000000,280,false,4.34
"ITA",140018,"/Date(1704265270000)/",6730,1000,4697000,30930000000,280,false,4.34
"ITA",140018,"/Date(1704265270000)/",6730,1000,4696000,30923000000,280,false,4.34
"ITA",140018,"/Date(1704265270000)/",6730,2100,4695000,30917000000,280,false,4.34
"ITA",140018,"/Date(1704265270000)/",6720,200,4692900,30902000000,270,true,4.19
"ITA",140015,"/Date(1704265266000)/",6720,2000,4692700,30901000000,270,false,4.19
"ITA",140015,"/Date(1704265266000)/",6720,1400,4690700,30888000000,270,false,4.19
"ITA",140015,"/Date(1704265266000)/",6720,8600,4689300,30878000000,270,false,4.19
"ITA",140015,"/Date(1704265266000)/",6720,1400,4680700,30820000000,270,false,4.19
"ITA",140015,"/Date(1704265266000)/",6720,8600,4679300,30811000000,270,false,4.19
"ITA",140015,"/Date(1704265266000)/",6720,500,4670700,30753000000,270,false,4.19
"ITA",140015,"/Date(1704265266000)/",6720,500,4670200,30750000000,270,false,4.19
"ITA",140015,"/Date(1704265266000)/",6720,400,4669700,30746000000,270,false,4.19
"ITA",140012,"/Date(1704265264000)/",6720,200,4669300,30744000000,270,false,4.19
"ITA",140012,"/Date(1704265263000)/",6710,1100,4669100,30742000000,260,true,4.03
"ITA",140006,"/Date(1704265257000)/",6720,1000,4668000,30735000000,270,false,4.19
"ITA",140006,"/Date(1704265257000)/",6720,10000,4667000,30728000000,270,false,4.19
"ITA",140004,"/Date(1704265256000)/",6720,8400,4657000,30661000000,270,false,4.19
"ITA",140004,"/Date(1704265256000)/",6720,500,4648600,30605000000,270,false,4.19
"ITA",140004,"/Date(1704265256000)/",6720,600,4648100,30601000000,270,false,4.19
"ITA",140004,"/Date(1704265256000)/",6720,200,4647500,30597000000,270,false,4.19
"ITA",140004,"/Date(1704265256000)/",6720,1300,4647300,30596000000,270,false,4.19
"ITA",140004,"/Date(1704265253000)/",6720,1000,4646000,30587000000,270,false,4.19
"ITA",135958,"/Date(1704265250000)/",6720,700,4645000,30581000000,270,false,4.19
"ITA",135958,"/Date(1704265250000)/",6720,1300,4644300,30576000000,270,false,4.19
"ITA",135958,"/Date(1704265250000)/",6720,10000,4643000,30567000000,270,false,4.19
"ITA",135958,"/Date(1704265247000)/",6720,13700,4633000,30500000000,270,false,4.19
"ITA",135958,"/Date(1704265247000)/",6720,5000,4619300,30408000000,270,false,4.19
"ITA",135958,"/Date(1704265247000)/",6720,1000,4614300,30374000000,270,false,4.19
"ITA",135958,"/Date(1704265247000)/",6720,300,4613300,30367000000,270,false,4.19
"ITA",135955,"/Date(1704265243000)/",6720,1700,4613000,30365000000,270,false,4.19
"ITA",135955,"/Date(1704265243000)/",6720,5000,4611300,30354000000,270,false,4.19
"ITA",135955,"/Date(1704265243000)/",6720,100,4606300,30320000000,270,false,4.19
"ITA",135955,"/Date(1704265243000)/",6720,2000,4606200,30320000000,270,false,4.19
"ITA",135955,"/Date(1704265243000)/",6720,1200,4604200,30306000000,270,false,4.19
"ITA",135952,"/Date(1704265242000)/",6710,500,4603000,30298000000,260,true,4.03
"ITA",135952,"/Date(1704265241000)/",6710,100,4602500,30295000000,260,true,4.03
"ITA",135940,"/Date(1704265229000)/",6710,100,4602400,30294000000,260,true,4.03
"ITA",135937,"/Date(1704265225000)/",6710,100,4602300,30294000000,260,true,4.03
"ITA",135937,"/Date(1704265225000)/",6710,1600,4602200,30293000000,260,true,4.03
"ITA",135937,"/Date(1704265225000)/",6710,500,4600600,30282000000,260,true,4.03
"ITA",135937,"/Date(1704265225000)/",6710,1200,4600100,30279000000,260,true,4.03
"ITA",135937,"/Date(1704265225000)/",6710,200,4598900,30271000000,260,true,4.03
"ITA",135937,"/Date(1704265225000)/",6710,400,4598700,30269000000,260,true,4.03
"ITA",135937,"/Date(1704265225000)/",6710,500,4598300,30267000000,260,true,4.03
"ITA",135937,"/Date(1704265225000)/",6710,19500,4597800,30263000000,260,true,4.03
"ITA",135937,"/Date(1704265224000)/",6710,500,4578300,30133000000,260,true,4.03
"ITA",135937,"/Date(1704265224000)/",6700,400,4577800,30129000000,250,true,3.88
"ITA",135937,"/Date(1704265224000)/",6700,5600,4577400,30126000000,250,true,3.88
"ITA",135931,"/Date(1704265221000)/",6710,1000,4571800,30089000000,260,false,4.03
"ITA",135931,"/Date(1704265219000)/",6710,100,4570800,30082000000,260,false,4.03
"ITA",135931,"/Date(1704265218000)/",6710,2700,4570700,30082000000,260,false,4.03
"ITA",135927,"/Date(1704265218000)/",6710,1200,4568000,30063000000,260,false,4.03
"ITA",135927,"/Date(1704265218000)/",6710,200,4566800,30055000000,260,false,4.03
"ITA",135927,"/Date(1704265218000)/",6710,3300,4566600,30054000000,260,false,4.03
"ITA",135927,"/Date(1704265217000)/",6710,4100,4563300,30032000000,260,false,4.03
"ITA",135927,"/Date(1704265216000)/",6700,100,4559200,30004000000,250,true,3.88
"ITA",135924,"/Date(1704265212000)/",6710,5600,4559100,30004000000,260,false,4.03
"ITA",135924,"/Date(1704265212000)/",6710,2000,4553500,29966000000,260,false,4.03
"ITA",135924,"/Date(1704265212000)/",6710,1400,4551500,29953000000,260,false,4.03
"ITA",135921,"/Date(1704265211000)/",6710,300,4550100,29943000000,260,false,4.03
"ITA",135921,"/Date(1704265211000)/",6710,300,4549800,29941000000,260,false,4.03
"ITA",135921,"/Date(1704265211000)/",6710,300,4549500,29939000000,260,false,4.03
"ITA",135921,"/Date(1704265211000)/",6710,400,4549200,29937000000,260,false,4.03
"ITA",135914,"/Date(1704265205000)/",6710,100,4548800,29935000000,260,false,4.03
"ITA",135914,"/Date(1704265205000)/",6710,200,4548700,29934000000,260,false,4.03
"ITA",135911,"/Date(1704265202000)/",6700,1000,4548500,29933000000,250,true,3.88
"ITA",135911,"/Date(1704265200000)/",6700,500,4547500,29926000000,250,true,3.88
"ITA",135908,"/Date(1704265198000)/",6710,500,4547000,29923000000,260,false,4.03
"ITA",135908,"/Date(1704265198000)/",6700,1500,4546500,29919000000,250,true,3.88
"ITA",135904,"/Date(1704265192000)/",6710,800,4545000,29909000000,260,false,4.03
"ITA",135904,"/Date(1704265192000)/",6710,200,4544200,29904000000,260,false,4.03
"ITA",135858,"/Date(1704265187000)/",6710,1000,4544000,29902000000,260,false,4.03
"ITA",135848,"/Date(1704265177000)/",6700,100,4543000,29896000000,250,true,3.88
"ITA",135848,"/Date(1704265177000)/",6700,500,4542900,29895000000,250,true,3.88
"ITA",135848,"/Date(1704265177000)/",6700,500,4542400,29892000000,250,true,3.88
"ITA",135848,"/Date(1704265177000)/",6700,1200,4541900,29888000000,250,true,3.88
"ITA",135848,"/Date(1704265177000)/",6700,200,4540700,29880000000,250,true,3.88
"ITA",135848,"/Date(1704265177000)/",6700,2500,4540500,29879000000,250,true,3.88
"ITA",135848,"/Date(1704265177000)/",6700,1000,4538000,29862000000,250,true,3.88
"ITA",135848,"/Date(1704265177000)/",6700,500,4537000,29856000000,250,true,3.88
"ITA",135848,"/Date(1704265177000)/",6700,100,4536500,29852000000,250,true,3.88
"ITA",135848,"/Date(1704265177000)/",6700,100,4536400,29852000000,250,true,3.88
"ITA",135848,"/Date(1704265177000)/",6700,100,4536300,29851000000,250,true,3.88
"ITA",135848,"/Date(1704265177000)/",6700,1000,4536200,29850000000,250,true,3.88
"ITA",135848,"/Date(1704265177000)/",6700,500,4535200,29843000000,250,true,3.88
"ITA",135848,"/Date(1704265177000)/",6700,600,4534700,29840000000,250,true,3.88
"ITA",135848,"/Date(1704265177000)/",6700,500,4534100,29836000000,250,true,3.88
"ITA",135848,"/Date(1704265177000)/",6700,2000,4533600,29833000000,250,true,3.88
"ITA",135848,"/Date(1704265177000)/",6700,100,4531600,29819000000,250,true,3.88
"ITA",135848,"/Date(1704265177000)/",6700,2000,4531500,29819000000,250,true,3.88
"ITA",135848,"/Date(1704265177000)/",6700,500,4529500,29805000000,250,true,3.88
"ITA",135848,"/Date(1704265177000)/",6700,2000,4529000,29802000000,250,true,3.88
"ITA",135848,"/Date(1704265177000)/",6700,4000,4527000,29789000000,250,true,3.88
"ITA",135848,"/Date(1704265177000)/",6700,300,4523000,29762000000,250,true,3.88
"ITA",135848,"/Date(1704265177000)/",6700,2000,4522700,29760000000,250,true,3.88
"ITA",135848,"/Date(1704265177000)/",6700,19000,4520700,29746000000,250,true,3.88
"ITA",135813,"/Date(1704265142000)/",6690,1000,4501700,29619000000,240,true,3.72
"ITA",135800,"/Date(1704265128000)/",6690,4000,4500700,29612000000,240,false,3.72
"ITA",135800,"/Date(1704265128000)/",6690,200,4496700,29586000000,240,false,3.72
"ITA",135800,"/Date(1704265128000)/",6690,800,4496500,29584000000,240,false,3.72
"ITA",135754,"/Date(1704265125000)/",6690,200,4495700,29579000000,240,false,3.72
"ITA",135754,"/Date(1704265125000)/",6690,300,4495500,29578000000,240,false,3.72
"ITA",135754,"/Date(1704265124000)/",6690,400,4495200,29576000000,240,false,3.72
"ITA",135751,"/Date(1704265120000)/",6690,600,4494800,29573000000,240,false,3.72
"ITA",135741,"/Date(1704265111000)/",6690,300,4494200,29569000000,240,false,3.72
"ITA",135741,"/Date(1704265111000)/",6690,100,4493900,29567000000,240,false,3.72
"ITA",135741,"/Date(1704265111000)/",6690,300,4493800,29566000000,240,false,3.72
"ITA",135741,"/Date(1704265110000)/",6700,1900,4493500,29564000000,250,false,3.88
"ITA",135741,"/Date(1704265110000)/",6700,500,4491600,29551000000,250,false,3.88
"ITA",135741,"/Date(1704265110000)/",6700,1000,4491100,29548000000,250,false,3.88
"ITA",135741,"/Date(1704265110000)/",6700,5300,4490100,29541000000,250,false,3.88
"ITA",135741,"/Date(1704265110000)/",6700,11300,4484800,29506000000,250,false,3.88
"ITA",135741,"/Date(1704265109000)/",6700,3000,4473500,29430000000,250,false,3.88
"ITA",135735,"/Date(1704265106000)/",6700,200,4470500,29410000000,250,false,3.88
"ITA",135732,"/Date(1704265100000)/",6700,5500,4470300,29409000000,250,false,3.88
"ITA",135732,"/Date(1704265100000)/",6700,1000,4464800,29372000000,250,false,3.88
"ITA",135732,"/Date(1704265100000)/",6700,3800,4463800,29365000000,250,false,3.88
"ITA",135732,"/Date(1704265100000)/",6690,200,4460000,29340000000,240,false,3.72
"ITA",135726,"/Date(1704265096000)/",6700,1200,4459800,29338000000,250,false,3.88
"ITA",135726,"/Date(1704265096000)/",6700,100,4458600,29330000000,250,false,3.88
"ITA",135726,"/Date(1704265096000)/",6700,2700,4458500,29330000000,250,false,3.88
"ITA",135723,"/Date(1704265091000)/",6680,400,4455800,29312000000,230,true,3.57
"ITA",135723,"/Date(1704265091000)/",6690,1300,4455400,29309000000,240,true,3.72
"ITA",135723,"/Date(1704265091000)/",6690,300,4454100,29300000000,240,true,3.72
"ITA",135719,"/Date(1704265087000)/",6690,100,4453800,29298000000,240,false,3.72
"ITA",135716,"/Date(1704265086000)/",6690,100,4453700,29298000000,240,true,3.72
"ITA",135716,"/Date(1704265086000)/",6690,1000,4453600,29297000000,240,true,3.72
"ITA",135716,"/Date(1704265086000)/",6690,2100,4452600,29290000000,240,true,3.72
"ITA",135716,"/Date(1704265086000)/",6690,200,4450500,29276000000,240,true,3.72
"ITA",135716,"/Date(1704265086000)/",6690,1000,4450300,29275000000,240,true,3.72
"ITA",135716,"/Date(1704265086000)/",6690,500,4449300,29268000000,240,true,3.72
"ITA",135713,"/Date(1704265082000)/",6690,500,4448800,29265000000,240,true,3.72
"ITA",135713,"/Date(1704265082000)/",6690,2600,4448300,29261000000,240,true,3.72
"ITA",135713,"/Date(1704265082000)/",6690,400,4445700,29244000000,240,true,3.72
"ITA",135710,"/Date(1704265079000)/",6690,100,4445300,29241000000,240,true,3.72
"ITA",135710,"/Date(1704265079000)/",6690,100,4445200,29241000000,240,true,3.72
"ITA",135707,"/Date(1704265076000)/",6690,100,4445100,29240000000,240,true,3.72
"ITA",135701,"/Date(1704265071000)/",6700,1000,4445000,29239000000,250,false,3.88
"ITA",135701,"/Date(1704265071000)/",6700,100,4444000,29233000000,250,false,3.88
"ITA",135701,"/Date(1704265071000)/",6700,2400,4443900,29232000000,250,false,3.88
"ITA",135701,"/Date(1704265071000)/",6700,500,4441500,29216000000,250,false,3.88
"ITA",135701,"/Date(1704265071000)/",6700,1000,4441000,29213000000,250,false,3.88
"ITA",135701,"/Date(1704265070000)/",6690,1000,4440000,29206000000,240,true,3.72
"ITA",135701,"/Date(1704265068000)/",6690,400,4439000,29199000000,240,true,3.72
"ITA",135657,"/Date(1704265067000)/",6690,1000,4438600,29196000000,240,true,3.72
"ITA",135657,"/Date(1704265067000)/",6690,500,4437600,29190000000,240,true,3.72
"ITA",135657,"/Date(1704265067000)/",6690,2000,4437100,29186000000,240,true,3.72
"ITA",135657,"/Date(1704265067000)/",6690,300,4435100,29173000000,240,true,3.72
"ITA",135657,"/Date(1704265067000)/",6690,300,4434800,29171000000,240,true,3.72
"ITA",135657,"/Date(1704265067000)/",6690,1000,4434500,29169000000,240,true,3.72
"ITA",135657,"/Date(1704265067000)/",6690,2800,4433500,29162000000,240,true,3.72
"ITA",135654,"/Date(1704265063000)/",6690,2300,4430700,29144000000,240,false,3.72
"ITA",135648,"/Date(1704265057000)/",6690,1000,4428400,29128000000,240,false,3.72
"ITA",135645,"/Date(1704265054000)/",6680,2000,4427400,29122000000,230,true,3.57
"ITA",135639,"/Date(1704265048000)/",6680,500,4425400,29108000000,230,true,3.57
"ITA",135639,"/Date(1704265048000)/",6680,2000,4424900,29105000000,230,true,3.57
"ITA",135639,"/Date(1704265048000)/",6680,500,4422900,29091000000,230,true,3.57
"ITA",135639,"/Date(1704265048000)/",6680,100,4422400,29088000000,230,true,3.57
"ITA",135639,"/Date(1704265048000)/",6680,1000,4422300,29087000000,230,true,3.57
"ITA",135639,"/Date(1704265048000)/",6680,5900,4421300,29081000000,230,true,3.57
"ITA",135639,"/Date(1704265048000)/",6680,300,4415400,29041000000,230,true,3.57
"ITA",135639,"/Date(1704265047000)/",6690,2900,4415100,29039000000,240,false,3.72
"ITA",135639,"/Date(1704265047000)/",6690,200,4412200,29020000000,240,false,3.72
"ITA",135639,"/Date(1704265047000)/",6690,1900,4412000,29019000000,240,false,3.72
"ITA",135636,"/Date(1704265045000)/",6680,2400,4410100,29006000000,230,true,3.57
"ITA",135623,"/Date(1704265031000)/",6680,500,4407700,28990000000,230,true,3.57
"ITA",135623,"/Date(1704265031000)/",6680,900,4407200,28987000000,230,true,3.57
"ITA",135623,"/Date(1704265030000)/",6680,100,4406300,28981000000,230,true,3.57
"ITA",135617,"/Date(1704265024000)/",6680,500,4406200,28980000000,230,false,3.57
"ITA",135617,"/Date(1704265024000)/",6680,500,4405700,28977000000,230,false,3.57
"ITA",135617,"/Date(1704265024000)/",6680,11100,4405200,28973000000,230,false,3.57
"ITA",135617,"/Date(1704265024000)/",6680,800,4394100,28899000000,230,false,3.57
"ITA",135617,"/Date(1704265024000)/",6680,600,4393300,28894000000,230,false,3.57
"ITA",135617,"/Date(1704265024000)/",6680,1000,4392700,28890000000,230,false,3.57
"ITA",135617,"/Date(1704265024000)/",6680,400,4391700,28883000000,230,false,3.57
"ITA",135617,"/Date(1704265024000)/",6680,5000,4391300,28880000000,230,false,3.57
"ITA",135617,"/Date(1704265024000)/",6680,600,4386300,28847000000,230,false,3.57
"ITA",135617,"/Date(1704265024000)/",6680,100,4385700,28843000000,230,false,3.57
"ITA",135617,"/Date(1704265024000)/",6680,10000,4385600,28842000000,230,false,3.57
"ITA",135617,"/Date(1704265024000)/",6680,500,4375600,28775000000,230,false,3.57
"ITA",135617,"/Date(1704265024000)/",6680,5000,4375100,28772000000,230,false,3.57
"ITA",135617,"/Date(1704265024000)/",6680,6700,4370100,28739000000,230,false,3.57
"ITA",135610,"/Date(1704265017000)/",6670,4000,4363400,28694000000,220,true,3.41
"ITA",135610,"/Date(1704265017000)/",6680,1300,4359400,28667000000,230,false,3.57
"ITA",135607,"/Date(1704265015000)/",6680,100,4358100,28659000000,230,false,3.57
"ITA",135607,"/Date(1704265013000)/",6670,700,4358000,28658000000,220,true,3.41
"ITA",135607,"/Date(1704265013000)/",6670,4200,4357300,28653000000,220,true,3.41
"ITA",135604,"/Date(1704265013000)/",6680,400,4353100,28625000000,230,false,3.57
"ITA",135552,"/Date(1704264997000)/",6670,200,4352700,28623000000,220,true,3.41
"ITA",135539,"/Date(1704264986000)/",6680,1500,4352500,28621000000,230,false,3.57
"ITA",135539,"/Date(1704264986000)/",6680,1500,4351000,28611000000,230,false,3.57
"ITA",135536,"/Date(1704264982000)/",6680,2000,4349500,28601000000,230,false,3.57
"ITA",135530,"/Date(1704264978000)/",6670,2400,4347500,28588000000,220,true,3.41
"ITA",135530,"/Date(1704264977000)/",6680,1000,4345100,28572000000,230,false,3.57
"ITA",135530,"/Date(1704264977000)/",6680,3500,4344100,28565000000,230,false,3.57
"ITA",135530,"/Date(1704264977000)/",6680,500,4340600,28542000000,230,false,3.57
"ITA",135530,"/Date(1704264977000)/",6680,1000,4340100,28538000000,230,false,3.57
"ITA",135524,"/Date(1704264971000)/",6670,500,4339100,28532000000,220,true,3.41
"ITA",135524,"/Date(1704264971000)/",6670,1000,4338600,28528000000,220,true,3.41
"ITA",135521,"/Date(1704264967000)/",6670,300,4337600,28522000000,220,true,3.41
"ITA",135521,"/Date(1704264967000)/",6680,3000,4337300,28520000000,230,false,3.57
"ITA",135518,"/Date(1704264964000)/",6670,1400,4334300,28500000000,220,true,3.41
"ITA",135518,"/Date(1704264964000)/",6670,500,4332900,28490000000,220,true,3.41
"ITA",135518,"/Date(1704264964000)/",6670,1900,4332400,28487000000,220,true,3.41
"ITA",135518,"/Date(1704264964000)/",6670,6700,4330500,28474000000,220,true,3.41
"ITA",135515,"/Date(1704264960000)/",6670,500,4323800,28430000000,220,true,3.41
"ITA",135515,"/Date(1704264960000)/",6680,200,4323300,28426000000,230,false,3.57
"ITA",135509,"/Date(1704264955000)/",6670,6000,4323100,28425000000,220,true,3.41
"ITA",135509,"/Date(1704264954000)/",6670,1000,4317100,28385000000,220,true,3.41
"ITA",135506,"/Date(1704264952000)/",6670,2000,4316100,28378000000,220,true,3.41
"ITA",135506,"/Date(1704264951000)/",6670,5000,4314100,28365000000,220,true,3.41
"ITA",135503,"/Date(1704264949000)/",6670,1900,4309100,28332000000,220,true,3.41
"ITA",135503,"/Date(1704264947000)/",6670,3900,4307200,28319000000,220,true,3.41
"ITA",135503,"/Date(1704264947000)/",6670,1000,4303300,28293000000,220,true,3.41
"ITA",135503,"/Date(1704264947000)/",6670,100,4302300,28286000000,220,true,3.41
"ITA",135503,"/Date(1704264947000)/",6670,100,4302200,28286000000,220,true,3.41
"ITA",135503,"/Date(1704264947000)/",6670,4900,4302100,28285000000,220,true,3.41
"ITA",135500,"/Date(1704264943000)/",6680,2500,4297200,28252000000,230,false,3.57
"ITA",135457,"/Date(1704264942000)/",6670,300,4294700,28236000000,220,true,3.41
"ITA",135451,"/Date(1704264933000)/",6670,1900,4294400,28234000000,220,true,3.41
"ITA",135451,"/Date(1704264933000)/",6670,3100,4292500,28221000000,220,true,3.41
"ITA",135448,"/Date(1704264933000)/",6670,100,4289400,28200000000,220,true,3.41
"ITA",135445,"/Date(1704264927000)/",6670,1800,4289300,28200000000,220,true,3.41
"ITA",135445,"/Date(1704264927000)/",6670,200,4287500,28188000000,220,true,3.41
"ITA",135445,"/Date(1704264927000)/",6670,300,4287300,28186000000,220,true,3.41
"ITA",135445,"/Date(1704264927000)/",6670,700,4287000,28184000000,220,true,3.41
"ITA",135442,"/Date(1704264924000)/",6670,700,4286300,28180000000,220,true,3.41
"ITA",135442,"/Date(1704264924000)/",6670,1000,4285600,28175000000,220,true,3.41
"ITA",135442,"/Date(1704264924000)/",6670,300,4284600,28168000000,220,true,3.41
"ITA",135436,"/Date(1704264918000)/",6670,100,4284300,28166000000,220,true,3.41
"ITA",135423,"/Date(1704264906000)/",6680,100,4284200,28166000000,230,false,3.57
"ITA",135423,"/Date(1704264905000)/",6680,2000,4284100,28165000000,230,false,3.57
"ITA",135417,"/Date(1704264900000)/",6680,500,4282100,28152000000,230,false,3.57
"ITA",135417,"/Date(1704264899000)/",6670,2600,4281600,28148000000,220,true,3.41
"ITA",135414,"/Date(1704264896000)/",6680,100,4279000,28131000000,230,false,3.57
"ITA",135404,"/Date(1704264888000)/",6680,1000,4278900,28130000000,230,false,3.57
"ITA",135404,"/Date(1704264888000)/",6680,800,4277900,28123000000,230,false,3.57
"ITA",135404,"/Date(1704264888000)/",6680,5000,4277100,28118000000,230,false,3.57
"ITA",135404,"/Date(1704264888000)/",6680,200,4272100,28085000000,230,false,3.57
"ITA",135404,"/Date(1704264888000)/",6680,1200,4271900,28083000000,230,false,3.57
"ITA",135404,"/Date(1704264888000)/",6680,300,4270700,28075000000,230,false,3.57
"ITA",135404,"/Date(1704264888000)/",6680,1600,4270400,28073000000,230,false,3.57
"ITA",135404,"/Date(1704264888000)/",6680,200,4268800,28063000000,230,false,3.57
"ITA",135404,"/Date(1704264888000)/",6680,300,4268600,28061000000,230,false,3.57
"ITA",135358,"/Date(1704264880000)/",6680,100,4268300,28059000000,230,true,3.57
"ITA",135348,"/Date(1704264869000)/",6690,100,4268200,28059000000,240,false,3.72
"ITA",135348,"/Date(1704264869000)/",6690,900,4268100,28058000000,240,false,3.72
"ITA",135348,"/Date(1704264869000)/",6690,1700,4267200,28052000000,240,false,3.72
"ITA",135345,"/Date(1704264867000)/",6690,200,4265500,28041000000,240,false,3.72
"ITA",135335,"/Date(1704264858000)/",6690,3000,4265300,28039000000,240,false,3.72
"ITA",135332,"/Date(1704264853000)/",6690,200,4262300,28019000000,240,true,3.72
"ITA",135329,"/Date(1704264853000)/",6690,200,4262100,28018000000,240,true,3.72
"ITA",135329,"/Date(1704264851000)/",6690,500,4261900,28017000000,240,true,3.72
"ITA",135326,"/Date(1704264849000)/",6690,1000,4261400,28013000000,240,false,3.72
"ITA",135326,"/Date(1704264848000)/",6690,8500,4260400,28007000000,240,false,3.72
"ITA",135322,"/Date(1704264844000)/",6690,300,4251900,27950000000,240,true,3.72
"ITA",135322,"/Date(1704264844000)/",6690,500,4251600,27948000000,240,true,3.72
"ITA",135322,"/Date(1704264844000)/",6690,100,4251100,27944000000,240,true,3.72
"ITA",135322,"/Date(1704264844000)/",6690,500,4251000,27944000000,240,true,3.72
"ITA",135319,"/Date(1704264842000)/",6690,300,4250500,27940000000,240,false,3.72
"ITA",135313,"/Date(1704264835000)/",6690,1000,4250200,27938000000,240,false,3.72
"ITA",135313,"/Date(1704264835000)/",6690,200,4249200,27932000000,240,false,3.72
"ITA",135306,"/Date(1704264829000)/",6690,100,4249000,27930000000,240,true,3.72
"ITA",135303,"/Date(1704264825000)/",6690,200,4248900,27930000000,240,false,3.72
"ITA",135247,"/Date(1704264810000)/",6680,1600,4248700,27928000000,230,true,3.57
"ITA",135247,"/Date(1704264810000)/",6680,1500,4247100,27918000000,230,true,3.57
"ITA",135247,"/Date(1704264810000)/",6680,5000,4245600,27908000000,230,true,3.57
"ITA",135247,"/Date(1704264810000)/",6680,7300,4240600,27874000000,230,true,3.57
"ITA",135247,"/Date(1704264810000)/",6690,3000,4233300,27825000000,240,false,3.72
"ITA",135247,"/Date(1704264810000)/",6700,500,4230300,27805000000,250,false,3.88
"ITA",135247,"/Date(1704264809000)/",6700,1000,4229800,27802000000,250,false,3.88
"ITA",135244,"/Date(1704264808000)/",6700,900,4228800,27795000000,250,false,3.88
"ITA",135244,"/Date(1704264808000)/",6700,1000,4227900,27789000000,250,false,3.88
"ITA",135244,"/Date(1704264808000)/",6700,200,4226900,27783000000,250,false,3.88
"ITA",135244,"/Date(1704264808000)/",6700,2000,4226700,27781000000,250,false,3.88
"ITA",135244,"/Date(1704264808000)/",6700,600,4224700,27768000000,250,false,3.88
"ITA",135244,"/Date(1704264808000)/",6700,3000,4224100,27764000000,250,false,3.88
"ITA",135244,"/Date(1704264808000)/",6700,200,4221100,27744000000,250,false,3.88
"ITA",135244,"/Date(1704264808000)/",6700,500,4220900,27742000000,250,false,3.88
"ITA",135244,"/Date(1704264808000)/",6700,1000,4220400,27739000000,250,false,3.88
"ITA",135244,"/Date(1704264808000)/",6700,3000,4219400,27732000000,250,false,3.88
"ITA",135244,"/Date(1704264808000)/",6700,500,4216400,27712000000,250,false,3.88
"ITA",135244,"/Date(1704264808000)/",6700,1000,4215900,27709000000,250,false,3.88
"ITA",135244,"/Date(1704264808000)/",6700,300,4214900,27702000000,250,false,3.88
"ITA",135244,"/Date(1704264808000)/",6700,1300,4214600,27700000000,250,false,3.88
"ITA",135244,"/Date(1704264808000)/",6690,3000,4213300,27691000000,240,false,3.72
"ITA",135244,"/Date(1704264808000)/",6690,100,4210300,27671000000,240,false,3.72
"ITA",135241,"/Date(1704264805000)/",6690,2100,4210200,27671000000,240,false,3.72
"ITA",135241,"/Date(1704264802000)/",6680,1000,4208100,27657000000,230,true,3.57
"ITA",135238,"/Date(1704264801000)/",6680,1000,4207100,27650000000,230,true,3.57
"ITA",135238,"/Date(1704264801000)/",6690,100,4206100,27643000000,240,true,3.72
"ITA",135238,"/Date(1704264801000)/",6690,100,4206000,27643000000,240,true,3.72
"ITA",135234,"/Date(1704264798000)/",6690,300,4205900,27642000000,240,false,3.72
"ITA",135234,"/Date(1704264796000)/",6690,700,4205600,27640000000,240,false,3.72
"ITA",135234,"/Date(1704264796000)/",6690,500,4204900,27635000000,240,false,3.72
"ITA",135234,"/Date(1704264796000)/",6690,2000,4204400,27632000000,240,false,3.72
"ITA",135234,"/Date(1704264796000)/",6690,1800,4202400,27618000000,240,false,3.72
"ITA",135231,"/Date(1704264792000)/",6690,500,4200600,27606000000,240,false,3.72
"ITA",135228,"/Date(1704264792000)/",6680,3000,4200100,27603000000,230,true,3.57
"ITA",135228,"/Date(1704264790000)/",6690,7400,4197100,27583000000,240,false,3.72
"ITA",135225,"/Date(1704264787000)/",6690,100,4189700,27534000000,240,false,3.72
"ITA",135218,"/Date(1704264779000)/",6690,100,4189600,27533000000,240,false,3.72
"ITA",135218,"/Date(1704264779000)/",6690,100,4189500,27532000000,240,false,3.72
"ITA",135215,"/Date(1704264779000)/",6700,100,4189400,27532000000,250,false,3.88
"ITA",135212,"/Date(1704264775000)/",6700,1600,4189300,27531000000,250,false,3.88
"ITA",135212,"/Date(1704264775000)/",6700,400,4187700,27520000000,250,false,3.88
"ITA",135212,"/Date(1704264775000)/",6700,100,4187300,27517000000,250,false,3.88
"ITA",135209,"/Date(1704264770000)/",6700,100,4187200,27517000000,250,false,3.88
"ITA",135202,"/Date(1704264765000)/",6700,1000,4187100,27516000000,250,false,3.88
"ITA",135156,"/Date(1704264758000)/",6700,200,4186100,27509000000,250,false,3.88
"ITA",135153,"/Date(1704264757000)/",6700,200,4185900,27508000000,250,true,3.88
"ITA",135153,"/Date(1704264757000)/",6700,1000,4185700,27507000000,250,true,3.88
"ITA",135153,"/Date(1704264757000)/",6700,2000,4184700,27500000000,250,true,3.88
"ITA",135153,"/Date(1704264757000)/",6700,10000,4182700,27487000000,250,true,3.88
"ITA",135153,"/Date(1704264756000)/",6700,200,4172700,27420000000,250,true,3.88
"ITA",135153,"/Date(1704264756000)/",6700,800,4172500,27418000000,250,true,3.88
"ITA",135150,"/Date(1704264753000)/",6700,700,4171700,27413000000,250,true,3.88
"ITA",135146,"/Date(1704264750000)/",6700,500,4171000,27408000000,250,true,3.88
"ITA",135146,"/Date(1704264750000)/",6700,3800,4170500,27405000000,250,true,3.88
"ITA",135146,"/Date(1704264750000)/",6700,200,4166700,27379000000,250,true,3.88
"ITA",135146,"/Date(1704264750000)/",6700,1400,4166500,27378000000,250,true,3.88
"ITA",135146,"/Date(1704264750000)/",6700,600,4165100,27369000000,250,true,3.88
"ITA",135140,"/Date(1704264741000)/",6700,200,4164500,27365000000,250,true,3.88
"ITA",135137,"/Date(1704264741000)/",6700,200,4164300,27363000000,250,true,3.88
"ITA",135134,"/Date(1704264737000)/",6700,3200,4164100,27362000000,250,true,3.88
"ITA",135134,"/Date(1704264735000)/",6710,2000,4160900,27341000000,260,false,4.03
"ITA",135131,"/Date(1704264732000)/",6710,100,4158900,27327000000,260,false,4.03
"ITA",135127,"/Date(1704264731000)/",6710,100,4158800,27327000000,260,false,4.03
"ITA",135127,"/Date(1704264730000)/",6700,5800,4158700,27326000000,250,true,3.88
"ITA",135127,"/Date(1704264730000)/",6700,300,4152900,27287000000,250,true,3.88
"ITA",135127,"/Date(1704264730000)/",6700,400,4152600,27285000000,250,true,3.88
"ITA",135127,"/Date(1704264730000)/",6700,100,4152200,27282000000,250,true,3.88
"ITA",135127,"/Date(1704264730000)/",6700,3900,4152100,27282000000,250,true,3.88
"ITA",135127,"/Date(1704264730000)/",6700,10000,4148200,27255000000,250,true,3.88
"ITA",135124,"/Date(1704264726000)/",6710,1600,4138200,27188000000,260,false,4.03
"ITA",135124,"/Date(1704264726000)/",6700,100,4136600,27178000000,250,true,3.88
"ITA",135124,"/Date(1704264726000)/",6700,500,4136500,27177000000,250,true,3.88
"ITA",135121,"/Date(1704264724000)/",6700,5500,4136000,27174000000,250,true,3.88
"ITA",135121,"/Date(1704264724000)/",6700,200,4130500,27137000000,250,true,3.88
"ITA",135121,"/Date(1704264723000)/",6700,500,4130300,27136000000,250,true,3.88
"ITA",135121,"/Date(1704264723000)/",6700,200,4129800,27132000000,250,true,3.88
"ITA",135121,"/Date(1704264723000)/",6700,5000,4129600,27131000000,250,true,3.88
"ITA",135121,"/Date(1704264723000)/",6700,1200,4124600,27097000000,250,true,3.88
"ITA",135121,"/Date(1704264723000)/",6730,1400,4123400,27089000000,280,false,4.34
"ITA",135121,"/Date(1704264722000)/",6730,100,4122000,27080000000,280,false,4.34
"ITA",135121,"/Date(1704264722000)/",6730,500,4121900,27079000000,280,false,4.34
"ITA",135121,"/Date(1704264722000)/",6730,100,4121400,27076000000,280,false,4.34
"ITA",135121,"/Date(1704264722000)/",6730,1000,4121300,27075000000,280,false,4.34
"ITA",135121,"/Date(1704264722000)/",6720,500,4120300,27068000000,270,false,4.19
"ITA",135121,"/Date(1704264722000)/",6710,500,4119800,27065000000,260,false,4.03
"ITA",135121,"/Date(1704264722000)/",6710,900,4119300,27062000000,260,false,4.03
"ITA",135118,"/Date(1704264720000)/",6700,1200,4118400,27056000000,250,true,3.88
"ITA",135118,"/Date(1704264720000)/",6710,100,4117200,27048000000,260,false,4.03
"ITA",135118,"/Date(1704264720000)/",6710,100,4117100,27047000000,260,false,4.03
"ITA",135118,"/Date(1704264719000)/",6700,5000,4117000,27046000000,250,true,3.88
"ITA",135118,"/Date(1704264719000)/",6700,2500,4112000,27013000000,250,true,3.88
"ITA",135115,"/Date(1704264718000)/",6700,100,4109500,26996000000,250,true,3.88
"ITA",135115,"/Date(1704264718000)/",6700,1900,4109400,26995000000,250,true,3.88
"ITA",135115,"/Date(1704264718000)/",6700,800,4107500,26983000000,250,true,3.88
"ITA",135115,"/Date(1704264718000)/",6700,200,4106700,26977000000,250,true,3.88
"ITA",135115,"/Date(1704264718000)/",6700,1800,4106500,26976000000,250,true,3.88
"ITA",135115,"/Date(1704264718000)/",6700,3100,4104700,26964000000,250,true,3.88
"ITA",135115,"/Date(1704264716000)/",6700,2000,4101600,26943000000,250,true,3.88
"ITA",135111,"/Date(1704264714000)/",6700,4300,4099600,26930000000,250,true,3.88
"ITA",135108,"/Date(1704264711000)/",6700,100,4095300,26901000000,250,true,3.88
"ITA",135108,"/Date(1704264711000)/",6700,200,4095200,26900000000,250,true,3.88
"ITA",135108,"/Date(1704264711000)/",6700,4000,4095000,26899000000,250,true,3.88
"ITA",135105,"/Date(1704264708000)/",6700,500,4091000,26872000000,250,true,3.88
"ITA",135105,"/Date(1704264707000)/",6710,1200,4090500,26869000000,260,false,4.03
"ITA",135105,"/Date(1704264707000)/",6700,200,4089300,26861000000,250,true,3.88
"ITA",135105,"/Date(1704264707000)/",6700,2000,4089100,26859000000,250,true,3.88
"ITA",135105,"/Date(1704264707000)/",6700,1600,4087100,26846000000,250,true,3.88
"ITA",135105,"/Date(1704264707000)/",6700,5000,4085500,26835000000,250,true,3.88
"ITA",135105,"/Date(1704264707000)/",6700,500,4080500,26802000000,250,true,3.88
"ITA",135105,"/Date(1704264707000)/",6700,10000,4080000,26798000000,250,true,3.88
"ITA",135105,"/Date(1704264707000)/",6700,16300,4070000,26731000000,250,true,3.88
"ITA",135105,"/Date(1704264707000)/",6690,200,4053700,26622000000,240,false,3.72
"ITA",135105,"/Date(1704264706000)/",6690,100,4053500,26621000000,240,false,3.72
"ITA",135102,"/Date(1704264704000)/",6650,500,4053400,26620000000,200,true,3.1
"ITA",135056,"/Date(1704264699000)/",6700,1200,4052900,26617000000,250,false,3.88
"ITA",135056,"/Date(1704264698000)/",6650,500,4051700,26609000000,200,true,3.1
"ITA",135056,"/Date(1704264698000)/",6660,400,4051200,26605000000,210,true,3.26
"ITA",135056,"/Date(1704264698000)/",6680,100,4050800,26603000000,230,true,3.57
"ITA",135052,"/Date(1704264696000)/",6680,1400,4050700,26602000000,230,true,3.57
"ITA",135052,"/Date(1704264696000)/",6690,600,4049300,26593000000,240,true,3.72
"ITA",135052,"/Date(1704264695000)/",6700,100,4048700,26589000000,250,false,3.88
"ITA",135052,"/Date(1704264694000)/",6700,300,4048600,26588000000,250,false,3.88
"ITA",135049,"/Date(1704264692000)/",6700,500,4048300,26586000000,250,false,3.88
"ITA",135046,"/Date(1704264688000)/",6700,1600,4047800,26583000000,250,false,3.88
"ITA",135046,"/Date(1704264687000)/",6700,100,4046200,26572000000,250,false,3.88
"ITA",135043,"/Date(1704264686000)/",6700,1000,4046100,26571000000,250,true,3.88
"ITA",135043,"/Date(1704264686000)/",6700,300,4045100,26565000000,250,true,3.88
"ITA",135043,"/Date(1704264686000)/",6700,200,4044800,26563000000,250,true,3.88
"ITA",135043,"/Date(1704264686000)/",6700,400,4044600,26561000000,250,true,3.88
"ITA",135043,"/Date(1704264686000)/",6700,100,4044200,26559000000,250,true,3.88
"ITA",135043,"/Date(1704264686000)/",6700,5000,4044100,26558000000,250,true,3.88
"ITA",135043,"/Date(1704264686000)/",6700,1300,4039100,26524000000,250,true,3.88
"ITA",135043,"/Date(1704264686000)/",6710,1000,4037800,26516000000,260,true,4.03
"ITA",135043,"/Date(1704264686000)/",6710,600,4036800,26509000000,260,true,4.03
"ITA",135043,"/Date(1704264685000)/",6740,6800,4036200,26505000000,290,false,4.5
"ITA",135043,"/Date(1704264685000)/",6740,100,4029400,26459000000,290,false,4.5
"ITA",135043,"/Date(1704264685000)/",6740,200,4029300,26459000000,290,false,4.5
"ITA",135043,"/Date(1704264685000)/",6710,500,4029100,26457000000,260,true,4.03
"ITA",135043,"/Date(1704264684000)/",6710,1000,4028600,26454000000,260,true,4.03
"ITA",135043,"/Date(1704264684000)/",6710,1000,4027600,26447000000,260,true,4.03
"ITA",135040,"/Date(1704264681000)/",6710,6900,4026600,26440000000,260,true,4.03
"ITA",135040,"/Date(1704264681000)/",6710,6200,4019700,26394000000,260,true,4.03
"ITA",135040,"/Date(1704264681000)/",6730,3400,4013500,26352000000,280,true,4.34
"ITA",135040,"/Date(1704264681000)/",6730,800,4010100,26330000000,280,true,4.34
"ITA",135036,"/Date(1704264680000)/",6730,3000,4009300,26324000000,280,false,4.34
"ITA",135036,"/Date(1704264680000)/",6730,1000,4006300,26304000000,280,false,4.34
"ITA",135036,"/Date(1704264680000)/",6730,800,4005300,26297000000,280,false,4.34
"ITA",135036,"/Date(1704264680000)/",6730,1200,4004500,26292000000,280,false,4.34
"ITA",135036,"/Date(1704264680000)/",6730,400,4003300,26284000000,280,false,4.34
"ITA",135036,"/Date(1704264680000)/",6730,1000,4002900,26281000000,280,false,4.34
"ITA",135036,"/Date(1704264680000)/",6730,100,4001900,26274000000,280,false,4.34
"ITA",135036,"/Date(1704264680000)/",6720,5000,4001800,26274000000,270,false,4.19
"ITA",135036,"/Date(1704264680000)/",6720,2300,3996800,26240000000,270,false,4.19
"ITA",135036,"/Date(1704264679000)/",6720,500,3994500,26225000000,270,false,4.19
"ITA",135033,"/Date(1704264675000)/",6720,1800,3994000,26221000000,270,false,4.19
"ITA",135033,"/Date(1704264675000)/",6720,400,3992200,26209000000,270,false,4.19
"ITA",135027,"/Date(1704264668000)/",6730,9900,3991800,26207000000,280,true,4.34
"ITA",135027,"/Date(1704264668000)/",6730,5000,3981900,26140000000,280,true,4.34
"ITA",135024,"/Date(1704264666000)/",6740,1000,3976900,26106000000,290,false,4.5
"ITA",135024,"/Date(1704264666000)/",6750,7400,3975900,26100000000,300,false,4.65
"ITA",135024,"/Date(1704264666000)/",6750,1200,3968500,26050000000,300,false,4.65
"ITA",135024,"/Date(1704264666000)/",6740,400,3967300,26041000000,290,false,4.5
"ITA",135024,"/Date(1704264666000)/",6740,1000,3966900,26039000000,290,false,4.5
"ITA",135024,"/Date(1704264665000)/",6730,5000,3965900,26032000000,280,true,4.34
"ITA",135024,"/Date(1704264665000)/",6740,1000,3960900,25998000000,290,false,4.5
"ITA",135024,"/Date(1704264664000)/",6730,100,3959900,25992000000,280,true,4.34
"ITA",135020,"/Date(1704264664000)/",6740,500,3959800,25991000000,290,true,4.5
"ITA",135020,"/Date(1704264662000)/",6750,500,3959300,25988000000,300,false,4.65
"ITA",135020,"/Date(1704264662000)/",6750,2000,3958800,25984000000,300,false,4.65
"ITA",135020,"/Date(1704264662000)/",6750,1000,3956800,25971000000,300,false,4.65
"ITA",135020,"/Date(1704264661000)/",6750,15300,3955800,25964000000,300,false,4.65
"ITA",135020,"/Date(1704264661000)/",6750,2000,3940500,25861000000,300,false,4.65
"ITA",135020,"/Date(1704264661000)/",6750,300,3938500,25847000000,300,false,4.65
"ITA",135020,"/Date(1704264661000)/",6750,1300,3938200,25845000000,300,false,4.65
"ITA",135020,"/Date(1704264661000)/",6750,100,3936900,25836000000,300,false,4.65
"ITA",135017,"/Date(1704264659000)/",6750,200,3936800,25836000000,300,false,4.65
"ITA",135014,"/Date(1704264657000)/",6750,500,3936600,25834000000,300,false,4.65
"ITA",135014,"/Date(1704264657000)/",6750,4200,3936100,25831000000,300,false,4.65
"ITA",135014,"/Date(1704264657000)/",6750,200,3931900,25803000000,300,false,4.65
"ITA",135011,"/Date(1704264654000)/",6750,1000,3931700,25801000000,300,true,4.65
"ITA",135011,"/Date(1704264654000)/",6750,2400,3930700,25795000000,300,true,4.65
"ITA",135011,"/Date(1704264653000)/",6750,600,3928300,25778000000,300,true,4.65
"ITA",135011,"/Date(1704264653000)/",6750,100,3927700,25774000000,300,true,4.65
"ITA",135011,"/Date(1704264653000)/",6750,300,3927600,25774000000,300,true,4.65
"ITA",135011,"/Date(1704264653000)/",6750,1000,3927300,25772000000,300,true,4.65
"ITA",135011,"/Date(1704264652000)/",6760,15100,3926300,25765000000,310,false,4.81
"ITA",135011,"/Date(1704264652000)/",6760,3000,3911200,25663000000,310,false,4.81
"ITA",135011,"/Date(1704264652000)/",6760,5000,3908200,25643000000,310,false,4.81
"ITA",135011,"/Date(1704264652000)/",6760,1400,3903200,25609000000,310,false,4.81
"ITA",135011,"/Date(1704264652000)/",6760,300,3901800,25599000000,310,false,4.81
"ITA",135011,"/Date(1704264652000)/",6760,500,3901500,25597000000,310,false,4.81
"ITA",135008,"/Date(1704264650000)/",6760,1200,3901000,25594000000,310,false,4.81
"ITA",135004,"/Date(1704264647000)/",6760,200,3899800,25586000000,310,false,4.81
"ITA",135004,"/Date(1704264647000)/",6750,1000,3899600,25584000000,300,true,4.65
"ITA",135004,"/Date(1704264647000)/",6750,1500,3898600,25578000000,300,true,4.65
"ITA",135004,"/Date(1704264647000)/",6750,400,3897100,25568000000,300,true,4.65
"ITA",135004,"/Date(1704264647000)/",6750,200,3896700,25565000000,300,true,4.65
"ITA",135004,"/Date(1704264647000)/",6750,800,3896500,25563000000,300,true,4.65
"ITA",135004,"/Date(1704264647000)/",6750,400,3895700,25558000000,300,true,4.65
"ITA",135004,"/Date(1704264647000)/",6750,2000,3895300,25555000000,300,true,4.65
"ITA",135004,"/Date(1704264647000)/",6750,6700,3893300,25542000000,300,true,4.65
"ITA",135004,"/Date(1704264647000)/",6750,4000,3886600,25497000000,300,true,4.65
"ITA",135004,"/Date(1704264647000)/",6750,12000,3882600,25470000000,300,true,4.65
"ITA",135004,"/Date(1704264646000)/",6760,1400,3870600,25389000000,310,false,4.81
"ITA",135004,"/Date(1704264646000)/",6760,600,3869200,25379000000,310,false,4.81
"ITA",135004,"/Date(1704264646000)/",6760,1000,3868600,25375000000,310,false,4.81
"ITA",135001,"/Date(1704264645000)/",6760,1000,3867600,25368000000,310,true,4.81
"ITA",135001,"/Date(1704264644000)/",6760,200,3866600,25362000000,310,true,4.81
"ITA",135001,"/Date(1704264643000)/",6760,1300,3866400,25360000000,310,true,4.81
"ITA",135001,"/Date(1704264642000)/",6760,1000,3865100,25351000000,310,true,4.81
"ITA",135001,"/Date(1704264642000)/",6760,500,3864100,25345000000,310,true,4.81
"ITA",135001,"/Date(1704264642000)/",6760,1000,3863600,25341000000,310,true,4.81
"ITA",135001,"/Date(1704264642000)/",6760,400,3862600,25335000000,310,true,4.81
"ITA",134958,"/Date(1704264642000)/",6770,2000,3862200,25332000000,320,false,4.96
"ITA",134958,"/Date(1704264641000)/",6760,3000,3860200,25318000000,310,true,4.81
"ITA",134958,"/Date(1704264641000)/",6770,16000,3857200,25298000000,320,false,4.96
"ITA",134958,"/Date(1704264640000)/",6760,1600,3841200,25190000000,310,true,4.81
"ITA",134958,"/Date(1704264640000)/",6760,400,3839600,25179000000,310,true,4.81
"ITA",134958,"/Date(1704264640000)/",6770,2400,3839200,25176000000,320,false,4.96
"ITA",134958,"/Date(1704264640000)/",6770,1300,3836800,25160000000,320,false,4.96
"ITA",134955,"/Date(1704264638000)/",6770,7000,3835500,25151000000,320,false,4.96
"ITA",134955,"/Date(1704264637000)/",6770,1000,3828500,25104000000,320,false,4.96
"ITA",134955,"/Date(1704264637000)/",6770,3800,3827500,25097000000,320,false,4.96
"ITA",134955,"/Date(1704264637000)/",6770,500,3823700,25071000000,320,false,4.96
"ITA",134952,"/Date(1704264635000)/",6770,6100,3823200,25068000000,320,false,4.96
"ITA",134952,"/Date(1704264635000)/",6770,200,3817100,25027000000,320,false,4.96
"ITA",134952,"/Date(1704264635000)/",6770,700,3816900,25025000000,320,false,4.96
"ITA",134948,"/Date(1704264631000)/",6770,5000,3816200,25020000000,320,false,4.96
"ITA",134948,"/Date(1704264630000)/",6770,10000,3811200,24987000000,320,false,4.96
"ITA",134948,"/Date(1704264630000)/",6770,5000,3801200,24919000000,320,false,4.96
"ITA",134948,"/Date(1704264630000)/",6770,7000,3796200,24885000000,320,false,4.96
"ITA",134948,"/Date(1704264629000)/",6770,5000,3789200,24838000000,320,false,4.96
"ITA",134945,"/Date(1704264628000)/",6770,2000,3784200,24804000000,320,false,4.96
"ITA",134945,"/Date(1704264627000)/",6770,300,3782200,24790000000,320,false,4.96
"ITA",134942,"/Date(1704264626000)/",6780,900,3781900,24788000000,330,false,5.12
"ITA",134942,"/Date(1704264626000)/",6780,2000,3781000,24782000000,330,false,5.12
"ITA",134942,"/Date(1704264626000)/",6770,100,3779000,24769000000,320,false,4.96
"ITA",134942,"/Date(1704264624000)/",6770,900,3778900,24768000000,320,false,4.96
"ITA",134942,"/Date(1704264624000)/",6770,100,3778000,24762000000,320,false,4.96
"ITA",134942,"/Date(1704264623000)/",6770,100,3777900,24761000000,320,false,4.96
"ITA",134939,"/Date(1704264621000)/",6770,800,3777800,24760000000,320,false,4.96
"ITA",134939,"/Date(1704264621000)/",6770,100,3777000,24755000000,320,false,4.96
"ITA",134939,"/Date(1704264621000)/",6770,600,3776900,24754000000,320,false,4.96
"ITA",134939,"/Date(1704264621000)/",6760,500,3776300,24750000000,310,true,4.81
"ITA",134936,"/Date(1704264619000)/",6770,400,3775800,24747000000,320,true,4.96
"ITA",134936,"/Date(1704264619000)/",6770,500,3775400,24744000000,320,true,4.96
"ITA",134936,"/Date(1704264619000)/",6770,3100,3774900,24741000000,320,true,4.96
"ITA",134936,"/Date(1704264618000)/",6770,16900,3771800,24720000000,320,true,4.96
"ITA",134936,"/Date(1704264618000)/",6770,2100,3754900,24605000000,320,true,4.96
"ITA",134936,"/Date(1704264618000)/",6750,10000,3752800,24591000000,300,true,4.65
"ITA",134936,"/Date(1704264618000)/",6770,100,3742800,24524000000,320,true,4.96
"ITA",134932,"/Date(1704264616000)/",6770,1000,3742700,24523000000,320,true,4.96
"ITA",134932,"/Date(1704264616000)/",6770,100,3741700,24516000000,320,true,4.96
"ITA",134932,"/Date(1704264616000)/",6770,100,3741600,24516000000,320,true,4.96
"ITA",134932,"/Date(1704264616000)/",6770,700,3741500,24515000000,320,true,4.96
"ITA",134932,"/Date(1704264616000)/",6770,300,3740800,24510000000,320,true,4.96
"ITA",134932,"/Date(1704264616000)/",6770,2600,3740500,24508000000,320,true,4.96
"ITA",134932,"/Date(1704264616000)/",6770,2500,3737900,24491000000,320,true,4.96
"ITA",134932,"/Date(1704264616000)/",6770,200,3735400,24474000000,320,true,4.96
"ITA",134932,"/Date(1704264616000)/",6770,14400,3735200,24472000000,320,true,4.96
"ITA",134932,"/Date(1704264614000)/",6750,10000,3720800,24375000000,300,true,4.65
"ITA",134932,"/Date(1704264614000)/",6770,1600,3710800,24307000000,320,true,4.96
"ITA",134929,"/Date(1704264612000)/",6770,700,3709200,24296000000,320,false,4.96
"ITA",134929,"/Date(1704264611000)/",6760,500,3708500,24292000000,310,false,4.81
"ITA",134929,"/Date(1704264611000)/",6770,1000,3708000,24288000000,320,false,4.96
"ITA",134929,"/Date(1704264610000)/",6770,300,3707000,24282000000,320,false,4.96
"ITA",134926,"/Date(1704264609000)/",6750,1600,3706700,24280000000,300,true,4.65
"ITA",134926,"/Date(1704264609000)/",6770,2000,3705100,24269000000,320,false,4.96
"ITA",134926,"/Date(1704264609000)/",6770,600,3703100,24255000000,320,false,4.96
"ITA",134926,"/Date(1704264609000)/",6770,3200,3702500,24251000000,320,false,4.96
"ITA",134926,"/Date(1704264609000)/",6760,1200,3699300,24229000000,310,false,4.81
"ITA",134926,"/Date(1704264608000)/",6770,600,3698100,24221000000,320,false,4.96
"ITA",134923,"/Date(1704264605000)/",6770,6200,3697500,24217000000,320,false,4.96
"ITA",134923,"/Date(1704264605000)/",6760,3800,3691300,24175000000,310,false,4.81
"ITA",134923,"/Date(1704264605000)/",6760,10000,3687500,24150000000,310,false,4.81
"ITA",134923,"/Date(1704264604000)/",6750,5000,3677500,24082000000,300,true,4.65
"ITA",134923,"/Date(1704264604000)/",6750,12000,3672500,24048000000,300,true,4.65
"ITA",134923,"/Date(1704264603000)/",6760,5000,3660500,23967000000,310,false,4.81
"ITA",134920,"/Date(1704264602000)/",6770,1200,3655500,23933000000,320,true,4.96
"ITA",134920,"/Date(1704264601000)/",6770,2000,3654300,23925000000,320,true,4.96
"ITA",134916,"/Date(1704264599000)/",6770,100,3652300,23912000000,320,true,4.96
"ITA",134916,"/Date(1704264599000)/",6770,3500,3652200,23911000000,320,true,4.96
"ITA",134916,"/Date(1704264597000)/",6770,3200,3648700,23887000000,320,true,4.96
"ITA",134913,"/Date(1704264597000)/",6750,500,3645500,23866000000,300,true,4.65
"ITA",134913,"/Date(1704264595000)/",6750,1000,3645000,23862000000,300,true,4.65
"ITA",134913,"/Date(1704264594000)/",6750,16800,3644000,23856000000,300,true,4.65
"ITA",134913,"/Date(1704264594000)/",6750,1100,3627200,23742000000,300,true,4.65
"ITA",134913,"/Date(1704264594000)/",6750,1200,3626100,23735000000,300,true,4.65
"ITA",134913,"/Date(1704264594000)/",6750,7700,3624900,23727000000,300,true,4.65
"ITA",134910,"/Date(1704264592000)/",6750,1000,3617200,23675000000,300,true,4.65
"ITA",134910,"/Date(1704264592000)/",6770,16800,3616200,23668000000,320,false,4.96
"ITA",134910,"/Date(1704264592000)/",6770,1000,3599400,23554000000,320,false,4.96
"ITA",134910,"/Date(1704264592000)/",6770,200,3598400,23548000000,320,false,4.96
"ITA",134910,"/Date(1704264592000)/",6760,900,3598200,23546000000,310,false,4.81
"ITA",134910,"/Date(1704264592000)/",6760,100,3597300,23540000000,310,false,4.81
"ITA",134910,"/Date(1704264592000)/",6760,500,3597200,23539000000,310,false,4.81
