"Stockcode","Package","TradingDate","Price","Vol","TotalVol","TotalVal","Change","IsBuy","PerChange"
"KSB",144411,"/Date(1704267900000)/",28350,8000,5607000,156979000000,1850,true,6.98
"KSB",142801,"/Date(1704266928000)/",28350,300,5599000,156752000000,1850,true,6.98
"KSB",142754,"/Date(1704266920000)/",28350,100,5598700,156744000000,1850,true,6.98
"KSB",142754,"/Date(1704266920000)/",28350,100,5598600,156741000000,1850,true,6.98
"KSB",142735,"/Date(1704266902000)/",28350,100,5598500,156738000000,1850,true,6.98
"KSB",142728,"/Date(1704266894000)/",28350,800,5598400,156735000000,1850,true,6.98
"KSB",142728,"/Date(1704266894000)/",28350,1000,5597600,156712000000,1850,true,6.98
"KSB",142728,"/Date(1704266894000)/",28350,2000,5596600,156684000000,1850,true,6.98
"KSB",142728,"/Date(1704266894000)/",28350,500,5594600,156627000000,1850,true,6.98
"KSB",142728,"/Date(1704266894000)/",28350,300,5594100,156613000000,1850,true,6.98
"KSB",142728,"/Date(1704266894000)/",28350,5800,5593800,156605000000,1850,true,6.98
"KSB",142728,"/Date(1704266894000)/",28350,100,5588000,156440000000,1850,true,6.98
"KSB",142728,"/Date(1704266894000)/",28350,1000,5587900,156437000000,1850,true,6.98
"KSB",142728,"/Date(1704266894000)/",28350,4500,5586900,156409000000,1850,true,6.98
"KSB",142718,"/Date(1704266885000)/",28350,1500,5582400,156281000000,1850,true,6.98
"KSB",142702,"/Date(1704266868000)/",28350,500,5580900,156239000000,1850,true,6.98
"KSB",142559,"/Date(1704266809000)/",28350,500,5580400,156225000000,1850,true,6.98
"KSB",142543,"/Date(1704266792000)/",28350,800,5579900,156211000000,1850,true,6.98
"KSB",142543,"/Date(1704266792000)/",28350,200,5579100,156188000000,1850,true,6.98
"KSB",142526,"/Date(1704266775000)/",28350,9800,5578900,156182000000,1850,true,6.98
"KSB",142526,"/Date(1704266775000)/",28350,200,5569100,155904000000,1850,true,6.98
"KSB",142459,"/Date(1704266752000)/",28350,100,5568900,155899000000,1850,true,6.98
"KSB",142449,"/Date(1704266741000)/",28350,2000,5568800,155896000000,1850,true,6.98
"KSB",142442,"/Date(1704266735000)/",28350,2700,5566800,155839000000,1850,true,6.98
"KSB",142442,"/Date(1704266735000)/",28350,200,5564100,155763000000,1850,true,6.98
"KSB",142442,"/Date(1704266735000)/",28350,100,5563900,155757000000,1850,true,6.98
"KSB",142442,"/Date(1704266735000)/",28350,100,5563800,155754000000,1850,true,6.98
"KSB",142442,"/Date(1704266735000)/",28350,1900,5563700,155751000000,1850,true,6.98
"KSB",142414,"/Date(1704266709000)/",28350,5000,5561800,155697000000,1850,true,6.98
"KSB",142314,"/Date(1704266650000)/",28350,1000,5556800,155556000000,1850,true,6.98
"KSB",142308,"/Date(1704266641000)/",28350,100,5555800,155527000000,1850,true,6.98
"KSB",142255,"/Date(1704266630000)/",28350,2000,5555700,155524000000,1850,true,6.98
"KSB",142231,"/Date(1704266607000)/",28350,3000,5553700,155468000000,1850,true,6.98
"KSB",142231,"/Date(1704266607000)/",28350,2000,5550700,155383000000,1850,true,6.98
"KSB",142231,"/Date(1704266607000)/",28350,200,5548700,155326000000,1850,true,6.98
"KSB",142231,"/Date(1704266607000)/",28350,100,5548500,155320000000,1850,true,6.98
"KSB",142231,"/Date(1704266607000)/",28350,500,5548400,155317000000,1850,true,6.98
"KSB",142231,"/Date(1704266607000)/",28350,1200,5547900,155303000000,1850,true,6.98
"KSB",142205,"/Date(1704266581000)/",28350,1300,5546700,155269000000,1850,true,6.98
"KSB",142205,"/Date(1704266581000)/",28350,2000,5545400,155232000000,1850,true,6.98
"KSB",142205,"/Date(1704266581000)/",28350,500,5543400,155176000000,1850,true,6.98
"KSB",142205,"/Date(1704266581000)/",28350,2000,5542900,155162000000,1850,true,6.98
"KSB",142205,"/Date(1704266581000)/",28350,4200,5540900,155105000000,1850,true,6.98
"KSB",142133,"/Date(1704266550000)/",28350,5000,5536700,154986000000,1850,true,6.98
"KSB",142057,"/Date(1704266515000)/",28350,2000,5531700,154844000000,1850,true,6.98
"KSB",142057,"/Date(1704266515000)/",28350,2500,5529700,154787000000,1850,true,6.98
"KSB",142057,"/Date(1704266515000)/",28350,100,5527200,154716000000,1850,true,6.98
"KSB",142057,"/Date(1704266515000)/",28350,2000,5527100,154714000000,1850,true,6.98
"KSB",142057,"/Date(1704266515000)/",28350,5200,5525100,154657000000,1850,true,6.98
"KSB",142057,"/Date(1704266515000)/",28350,3200,5519900,154510000000,1850,true,6.98
"KSB",142041,"/Date(1704266498000)/",28350,1000,5516700,154419000000,1850,true,6.98
"KSB",142012,"/Date(1704266467000)/",28350,100,5515700,154390000000,1850,true,6.98
"KSB",142008,"/Date(1704266466000)/",28350,700,5515600,154388000000,1850,true,6.98
"KSB",142008,"/Date(1704266466000)/",28350,4300,5514900,154368000000,1850,true,6.98
"KSB",141959,"/Date(1704266455000)/",28350,100,5510600,154246000000,1850,true,6.98
"KSB",141952,"/Date(1704266448000)/",28350,100,5510500,154243000000,1850,true,6.98
"KSB",141939,"/Date(1704266436000)/",28350,100,5510400,154240000000,1850,true,6.98
"KSB",141935,"/Date(1704266433000)/",28350,400,5510300,154237000000,1850,true,6.98
"KSB",141935,"/Date(1704266433000)/",28350,1000,5509900,154226000000,1850,true,6.98
"KSB",141935,"/Date(1704266433000)/",28350,1300,5508900,154198000000,1850,true,6.98
"KSB",141915,"/Date(1704266414000)/",28350,400,5507600,154161000000,1850,true,6.98
"KSB",141754,"/Date(1704266338000)/",28350,200,5507200,154149000000,1850,true,6.98
"KSB",141736,"/Date(1704266320000)/",28350,700,5507000,154144000000,1850,true,6.98
"KSB",141707,"/Date(1704266291000)/",28350,10000,5506300,154124000000,1850,false,6.98
"KSB",141707,"/Date(1704266291000)/",28350,100,5496300,153840000000,1850,false,6.98
"KSB",141707,"/Date(1704266291000)/",28350,500,5496200,153838000000,1850,false,6.98
"KSB",141707,"/Date(1704266291000)/",28350,1000,5495700,153823000000,1850,false,6.98
"KSB",141707,"/Date(1704266291000)/",28350,100,5494700,153795000000,1850,false,6.98
"KSB",141707,"/Date(1704266291000)/",28350,300,5494600,153792000000,1850,false,6.98
"KSB",141707,"/Date(1704266291000)/",28350,100,5494300,153784000000,1850,false,6.98
"KSB",141707,"/Date(1704266291000)/",28350,1000,5494200,153781000000,1850,false,6.98
"KSB",141707,"/Date(1704266291000)/",28350,200,5493200,153753000000,1850,false,6.98
"KSB",141707,"/Date(1704266291000)/",28350,300,5493000,153747000000,1850,false,6.98
"KSB",141707,"/Date(1704266291000)/",28350,1000,5492700,153738000000,1850,false,6.98
"KSB",141707,"/Date(1704266291000)/",28350,500,5491700,153710000000,1850,false,6.98
"KSB",141707,"/Date(1704266291000)/",28350,200,5491200,153696000000,1850,false,6.98
"KSB",141707,"/Date(1704266291000)/",28350,2100,5491000,153690000000,1850,false,6.98
"KSB",141701,"/Date(1704266286000)/",28350,1000,5488900,153631000000,1850,false,6.98
"KSB",141658,"/Date(1704266284000)/",28350,500,5487900,153602000000,1850,false,6.98
"KSB",141651,"/Date(1704266278000)/",28350,1000,5487400,153588000000,1850,false,6.98
"KSB",141651,"/Date(1704266276000)/",28350,400,5486400,153560000000,1850,false,6.98
"KSB",141651,"/Date(1704266276000)/",28350,200,5486000,153548000000,1850,false,6.98
"KSB",141642,"/Date(1704266268000)/",28350,100,5485800,153543000000,1850,false,6.98
"KSB",141642,"/Date(1704266268000)/",28350,100,5485700,153540000000,1850,false,6.98
"KSB",141642,"/Date(1704266268000)/",28350,300,5485600,153537000000,1850,false,6.98
"KSB",141642,"/Date(1704266268000)/",28350,500,5485300,153529000000,1850,false,6.98
"KSB",141642,"/Date(1704266267000)/",28350,100,5484800,153514000000,1850,false,6.98
"KSB",141642,"/Date(1704266267000)/",28350,900,5484700,153512000000,1850,false,6.98
"KSB",141635,"/Date(1704266261000)/",28350,900,5483800,153486000000,1850,false,6.98
"KSB",141635,"/Date(1704266261000)/",28350,1000,5482900,153461000000,1850,false,6.98
"KSB",141635,"/Date(1704266261000)/",28350,100,5481900,153432000000,1850,false,6.98
"KSB",141635,"/Date(1704266260000)/",28300,2200,5481800,153429000000,1800,true,6.79
"KSB",141635,"/Date(1704266260000)/",28300,1000,5479600,153367000000,1800,true,6.79
"KSB",141635,"/Date(1704266260000)/",28300,1000,5478600,153339000000,1800,true,6.79
"KSB",141635,"/Date(1704266260000)/",28300,800,5477600,153311000000,1800,true,6.79
"KSB",141635,"/Date(1704266259000)/",28350,1000,5476800,153288000000,1850,false,6.98
"KSB",141635,"/Date(1704266259000)/",28350,900,5475800,153260000000,1850,false,6.98
"KSB",141635,"/Date(1704266259000)/",28350,4100,5474900,153234000000,1850,false,6.98
"KSB",141632,"/Date(1704266257000)/",28350,600,5470800,153118000000,1850,false,6.98
"KSB",141629,"/Date(1704266254000)/",28350,300,5470200,153101000000,1850,false,6.98
"KSB",141629,"/Date(1704266254000)/",28350,600,5469900,153092000000,1850,false,6.98
"KSB",141629,"/Date(1704266254000)/",28350,100,5469300,153075000000,1850,false,6.98
"KSB",141629,"/Date(1704266252000)/",28350,200,5469200,153072000000,1850,false,6.98
"KSB",141629,"/Date(1704266252000)/",28350,300,5469000,153067000000,1850,false,6.98
"KSB",141603,"/Date(1704266228000)/",28350,5000,5468700,153058000000,1850,false,6.98
"KSB",141600,"/Date(1704266226000)/",28350,2000,5463700,152917000000,1850,false,6.98
"KSB",141557,"/Date(1704266221000)/",28350,1100,5461700,152860000000,1850,false,6.98
"KSB",141554,"/Date(1704266218000)/",28300,200,5460600,152829000000,1800,true,6.79
"KSB",141554,"/Date(1704266218000)/",28300,1000,5460400,152823000000,1800,true,6.79
"KSB",141554,"/Date(1704266218000)/",28300,3800,5459400,152795000000,1800,true,6.79
"KSB",141551,"/Date(1704266217000)/",28350,1600,5455600,152687000000,1850,false,6.98
"KSB",141551,"/Date(1704266217000)/",28350,10000,5454000,152642000000,1850,false,6.98
"KSB",141551,"/Date(1704266217000)/",28350,500,5444000,152358000000,1850,false,6.98
"KSB",141551,"/Date(1704266217000)/",28350,1000,5443500,152344000000,1850,false,6.98
"KSB",141551,"/Date(1704266217000)/",28350,3000,5442500,152316000000,1850,false,6.98
"KSB",141551,"/Date(1704266217000)/",28350,2000,5439500,152231000000,1850,false,6.98
"KSB",141551,"/Date(1704266217000)/",28350,3500,5437500,152174000000,1850,false,6.98
"KSB",141551,"/Date(1704266217000)/",28350,5000,5434000,152075000000,1850,false,6.98
"KSB",141551,"/Date(1704266217000)/",28350,1000,5429000,151933000000,1850,false,6.98
"KSB",141551,"/Date(1704266217000)/",28350,200,5428000,151905000000,1850,false,6.98
"KSB",141551,"/Date(1704266217000)/",28350,300,5427800,151899000000,1850,false,6.98
"KSB",141551,"/Date(1704266217000)/",28350,2000,5427500,151890000000,1850,false,6.98
"KSB",141551,"/Date(1704266217000)/",28350,300,5425500,151834000000,1850,false,6.98
"KSB",141551,"/Date(1704266217000)/",28350,500,5425200,151825000000,1850,false,6.98
"KSB",141551,"/Date(1704266217000)/",28350,700,5424700,151811000000,1850,false,6.98
"KSB",141551,"/Date(1704266217000)/",28350,3200,5424000,151791000000,1850,false,6.98
"KSB",141547,"/Date(1704266212000)/",28350,500,5420800,151701000000,1850,false,6.98
"KSB",141509,"/Date(1704266173000)/",28350,100,5420300,151686000000,1850,false,6.98
"KSB",141459,"/Date(1704266164000)/",28350,200,5420200,151684000000,1850,false,6.98
"KSB",141440,"/Date(1704266146000)/",28350,4000,5420000,151678000000,1850,false,6.98
"KSB",141437,"/Date(1704266142000)/",28350,100,5416000,151564000000,1850,false,6.98
"KSB",141428,"/Date(1704266132000)/",28350,1900,5415900,151562000000,1850,false,6.98
"KSB",141428,"/Date(1704266132000)/",28350,1000,5414000,151508000000,1850,false,6.98
"KSB",141428,"/Date(1704266132000)/",28350,300,5413000,151479000000,1850,false,6.98
"KSB",141428,"/Date(1704266132000)/",28350,500,5412700,151471000000,1850,false,6.98
"KSB",141428,"/Date(1704266132000)/",28350,1300,5412200,151457000000,1850,false,6.98
"KSB",141424,"/Date(1704266129000)/",28300,500,5410900,151420000000,1800,true,6.79
"KSB",141424,"/Date(1704266128000)/",28300,100,5410400,151406000000,1800,true,6.79
"KSB",141415,"/Date(1704266121000)/",28350,900,5410300,151403000000,1850,false,6.98
"KSB",141408,"/Date(1704266113000)/",28350,300,5409400,151377000000,1850,false,6.98
"KSB",141408,"/Date(1704266113000)/",28350,1000,5409100,151369000000,1850,false,6.98
"KSB",141408,"/Date(1704266113000)/",28350,1700,5408100,151341000000,1850,false,6.98
"KSB",141405,"/Date(1704266110000)/",28350,2000,5406400,151292000000,1850,false,6.98
"KSB",141359,"/Date(1704266102000)/",28350,1000,5404400,151236000000,1850,false,6.98
"KSB",141349,"/Date(1704266095000)/",28350,3000,5403400,151207000000,1850,false,6.98
"KSB",141349,"/Date(1704266094000)/",28350,2300,5400400,151122000000,1850,false,6.98
"KSB",141349,"/Date(1704266094000)/",28350,1000,5398100,151057000000,1850,false,6.98
"KSB",141349,"/Date(1704266094000)/",28350,1500,5397100,151029000000,1850,false,6.98
"KSB",141349,"/Date(1704266094000)/",28350,200,5395600,150986000000,1850,false,6.98
"KSB",141343,"/Date(1704266086000)/",28350,300,5395400,150980000000,1850,false,6.98
"KSB",141343,"/Date(1704266086000)/",28350,500,5395100,150972000000,1850,false,6.98
"KSB",141343,"/Date(1704266086000)/",28350,500,5394600,150958000000,1850,false,6.98
"KSB",141343,"/Date(1704266086000)/",28350,500,5394100,150944000000,1850,false,6.98
"KSB",141343,"/Date(1704266086000)/",28350,500,5393600,150929000000,1850,false,6.98
"KSB",141343,"/Date(1704266086000)/",28350,1000,5393100,150915000000,1850,false,6.98
"KSB",141343,"/Date(1704266086000)/",28350,10000,5392100,150887000000,1850,false,6.98
"KSB",141343,"/Date(1704266086000)/",28350,1000,5382100,150603000000,1850,false,6.98
"KSB",141343,"/Date(1704266086000)/",28350,100,5381100,150575000000,1850,false,6.98
"KSB",141343,"/Date(1704266086000)/",28350,30200,5381000,150572000000,1850,false,6.98
"KSB",141343,"/Date(1704266086000)/",28350,500,5350800,149716000000,1850,false,6.98
"KSB",141343,"/Date(1704266086000)/",28350,1000,5350300,149702000000,1850,false,6.98
"KSB",141343,"/Date(1704266086000)/",28350,2000,5349300,149674000000,1850,false,6.98
"KSB",141343,"/Date(1704266086000)/",28350,500,5347300,149617000000,1850,false,6.98
"KSB",141343,"/Date(1704266086000)/",28350,500,5346800,149603000000,1850,false,6.98
"KSB",141343,"/Date(1704266086000)/",28350,900,5346300,149588000000,1850,false,6.98
"KSB",141333,"/Date(1704266079000)/",28350,500,5345400,149563000000,1850,false,6.98
"KSB",141330,"/Date(1704266074000)/",28350,100,5344900,149549000000,1850,false,6.98
"KSB",141258,"/Date(1704266042000)/",28350,500,5344800,149546000000,1850,false,6.98
"KSB",141249,"/Date(1704266034000)/",28350,100,5344300,149532000000,1850,false,6.98
"KSB",141210,"/Date(1704265995000)/",28300,600,5344200,149529000000,1800,false,6.79
"KSB",141210,"/Date(1704265995000)/",28300,100,5343600,149512000000,1800,false,6.79
"KSB",141141,"/Date(1704265967000)/",28350,700,5343500,149509000000,1850,false,6.98
"KSB",141141,"/Date(1704265967000)/",28300,3200,5342800,149489000000,1800,false,6.79
"KSB",141141,"/Date(1704265967000)/",28300,100,5339600,149399000000,1800,false,6.79
"KSB",141138,"/Date(1704265964000)/",28300,200,5339500,149396000000,1800,true,6.79
"KSB",141138,"/Date(1704265963000)/",28300,1300,5339300,149390000000,1800,true,6.79
"KSB",141138,"/Date(1704265962000)/",28300,1000,5338000,149353000000,1800,true,6.79
"KSB",141138,"/Date(1704265962000)/",28300,1100,5337000,149325000000,1800,true,6.79
"KSB",141138,"/Date(1704265962000)/",28300,1200,5335900,149294000000,1800,true,6.79
"KSB",141138,"/Date(1704265962000)/",28300,500,5334700,149260000000,1800,true,6.79
"KSB",141138,"/Date(1704265962000)/",28300,1100,5334200,149246000000,1800,true,6.79
"KSB",141138,"/Date(1704265962000)/",28300,1000,5333100,149215000000,1800,true,6.79
"KSB",141138,"/Date(1704265962000)/",28300,1000,5332100,149186000000,1800,true,6.79
"KSB",141138,"/Date(1704265962000)/",28300,1000,5331100,149158000000,1800,true,6.79
"KSB",141138,"/Date(1704265962000)/",28300,200,5330100,149130000000,1800,true,6.79
"KSB",141138,"/Date(1704265962000)/",28300,1000,5329900,149124000000,1800,true,6.79
"KSB",141138,"/Date(1704265962000)/",28300,100,5328900,149096000000,1800,true,6.79
"KSB",141138,"/Date(1704265962000)/",28300,300,5328800,149093000000,1800,true,6.79
"KSB",141138,"/Date(1704265962000)/",28300,1000,5328500,149085000000,1800,true,6.79
"KSB",141138,"/Date(1704265962000)/",28300,500,5327500,149056000000,1800,true,6.79
"KSB",141138,"/Date(1704265962000)/",28300,14200,5327000,149042000000,1800,true,6.79
"KSB",141135,"/Date(1704265959000)/",28350,500,5312800,148640000000,1850,false,6.98
"KSB",141132,"/Date(1704265957000)/",28350,400,5312300,148626000000,1850,false,6.98
"KSB",141129,"/Date(1704265952000)/",28350,400,5311900,148615000000,1850,false,6.98
"KSB",141125,"/Date(1704265951000)/",28300,100,5311500,148603000000,1800,true,6.79
"KSB",141122,"/Date(1704265945000)/",28300,5000,5311400,148601000000,1800,true,6.79
"KSB",141119,"/Date(1704265943000)/",28350,1000,5306400,148459000000,1850,false,6.98
"KSB",141119,"/Date(1704265943000)/",28350,1000,5305400,148431000000,1850,false,6.98
"KSB",141116,"/Date(1704265939000)/",28350,200,5304400,148402000000,1850,false,6.98
"KSB",141109,"/Date(1704265935000)/",28300,500,5304200,148397000000,1800,true,6.79
"KSB",141103,"/Date(1704265928000)/",28350,700,5303700,148383000000,1850,true,6.98
"KSB",141057,"/Date(1704265922000)/",28350,300,5303000,148363000000,1850,true,6.98
"KSB",141057,"/Date(1704265922000)/",28350,300,5302700,148354000000,1850,true,6.98
"KSB",141057,"/Date(1704265922000)/",28350,100,5302400,148346000000,1850,true,6.98
"KSB",141057,"/Date(1704265922000)/",28350,300,5302300,148343000000,1850,true,6.98
"KSB",141053,"/Date(1704265919000)/",28350,200,5302000,148334000000,1850,true,6.98
"KSB",141050,"/Date(1704265915000)/",28350,700,5301800,148329000000,1850,true,6.98
"KSB",141050,"/Date(1704265915000)/",28350,100,5301100,148309000000,1850,true,6.98
"KSB",141050,"/Date(1704265914000)/",28350,100,5301000,148306000000,1850,true,6.98
"KSB",141037,"/Date(1704265902000)/",28350,20000,5300900,148303000000,1850,true,6.98
"KSB",141037,"/Date(1704265900000)/",28350,100,5280900,147736000000,1850,true,6.98
"KSB",141028,"/Date(1704265892000)/",28350,2000,5280800,147733000000,1850,true,6.98
"KSB",141028,"/Date(1704265891000)/",28350,6500,5278800,147677000000,1850,true,6.98
"KSB",141025,"/Date(1704265889000)/",28350,20000,5272300,147492000000,1850,true,6.98
"KSB",141025,"/Date(1704265888000)/",28350,1200,5252300,146925000000,1850,true,6.98
"KSB",141025,"/Date(1704265888000)/",28350,5000,5251100,146891000000,1850,true,6.98
"KSB",141025,"/Date(1704265888000)/",28350,2000,5246100,146750000000,1850,true,6.98
"KSB",141025,"/Date(1704265888000)/",28350,900,5244100,146693000000,1850,true,6.98
"KSB",141025,"/Date(1704265888000)/",28350,900,5243200,146667000000,1850,true,6.98
"KSB",141012,"/Date(1704265875000)/",28350,40000,5242300,146642000000,1850,true,6.98
"KSB",141012,"/Date(1704265874000)/",28350,700,5202300,145508000000,1850,true,6.98
"KSB",140940,"/Date(1704265843000)/",28350,1000,5201600,145488000000,1850,true,6.98
"KSB",140927,"/Date(1704265832000)/",28350,100,5200600,145460000000,1850,false,6.98
"KSB",140927,"/Date(1704265832000)/",28350,2000,5200500,145457000000,1850,false,6.98
"KSB",140927,"/Date(1704265832000)/",28350,200,5198500,145400000000,1850,false,6.98
"KSB",140927,"/Date(1704265832000)/",28350,500,5198300,145395000000,1850,false,6.98
"KSB",140927,"/Date(1704265832000)/",28350,2000,5197800,145380000000,1850,false,6.98
"KSB",140927,"/Date(1704265832000)/",28350,2600,5195800,145324000000,1850,false,6.98
"KSB",140921,"/Date(1704265824000)/",28350,400,5193200,145250000000,1850,false,6.98
"KSB",140921,"/Date(1704265824000)/",28350,600,5192800,145239000000,1850,false,6.98
"KSB",140921,"/Date(1704265823000)/",28350,300,5192200,145222000000,1850,false,6.98
"KSB",140908,"/Date(1704265812000)/",28350,100,5191900,145213000000,1850,false,6.98
"KSB",140859,"/Date(1704265802000)/",28350,500,5191800,145210000000,1850,false,6.98
"KSB",140852,"/Date(1704265794000)/",28350,1000,5191300,145196000000,1850,false,6.98
"KSB",140836,"/Date(1704265781000)/",28350,100,5190300,145168000000,1850,false,6.98
"KSB",140836,"/Date(1704265781000)/",28350,7100,5190200,145165000000,1850,false,6.98
"KSB",140836,"/Date(1704265779000)/",28350,100,5183100,144964000000,1850,false,6.98
"KSB",140836,"/Date(1704265778000)/",28350,1000,5183000,144961000000,1850,false,6.98
"KSB",140836,"/Date(1704265778000)/",28350,800,5182000,144932000000,1850,false,6.98
"KSB",140836,"/Date(1704265778000)/",28350,100,5181200,144910000000,1850,false,6.98
"KSB",140836,"/Date(1704265778000)/",28350,900,5181100,144907000000,1850,false,6.98
"KSB",140827,"/Date(1704265770000)/",28350,1000,5180200,144881000000,1850,true,6.98
"KSB",140823,"/Date(1704265768000)/",28350,2000,5179200,144853000000,1850,true,6.98
"KSB",140814,"/Date(1704265759000)/",28350,8900,5177200,144796000000,1850,true,6.98
"KSB",140814,"/Date(1704265759000)/",28350,1000,5168300,144544000000,1850,true,6.98
"KSB",140814,"/Date(1704265759000)/",28350,1000,5167300,144516000000,1850,true,6.98
"KSB",140814,"/Date(1704265759000)/",28350,5000,5166300,144487000000,1850,true,6.98
"KSB",140814,"/Date(1704265759000)/",28350,7100,5161300,144346000000,1850,true,6.98
"KSB",140801,"/Date(1704265744000)/",28350,100,5154200,144144000000,1850,true,6.98
"KSB",140742,"/Date(1704265724000)/",28350,900,5154100,144141000000,1850,true,6.98
"KSB",140742,"/Date(1704265724000)/",28350,1500,5153200,144116000000,1850,true,6.98
"KSB",140742,"/Date(1704265724000)/",28350,2000,5151700,144073000000,1850,true,6.98
"KSB",140742,"/Date(1704265724000)/",28350,2000,5149700,144017000000,1850,true,6.98
"KSB",140742,"/Date(1704265724000)/",28350,100,5147700,143960000000,1850,true,6.98
"KSB",140742,"/Date(1704265724000)/",28350,2000,5147600,143957000000,1850,true,6.98
"KSB",140742,"/Date(1704265724000)/",28350,4300,5145600,143900000000,1850,true,6.98
"KSB",140729,"/Date(1704265712000)/",28350,700,5141300,143779000000,1850,false,6.98
"KSB",140729,"/Date(1704265712000)/",28350,300,5140600,143759000000,1850,false,6.98
"KSB",140723,"/Date(1704265705000)/",28350,1000,5140300,143750000000,1850,false,6.98
"KSB",140719,"/Date(1704265704000)/",28350,100,5139300,143722000000,1850,false,6.98
"KSB",140710,"/Date(1704265695000)/",28350,1600,5139200,143719000000,1850,true,6.98
"KSB",140707,"/Date(1704265690000)/",28350,400,5137600,143674000000,1850,true,6.98
"KSB",140707,"/Date(1704265690000)/",28350,100,5137200,143662000000,1850,true,6.98
"KSB",140707,"/Date(1704265689000)/",28350,6000,5137100,143659000000,1850,true,6.98
"KSB",140704,"/Date(1704265687000)/",28350,500,5131100,143489000000,1850,true,6.98
"KSB",140657,"/Date(1704265681000)/",28350,1500,5130600,143475000000,1850,true,6.98
"KSB",140654,"/Date(1704265678000)/",28350,1900,5129100,143433000000,1850,true,6.98
"KSB",140654,"/Date(1704265678000)/",28350,100,5127200,143379000000,1850,true,6.98
"KSB",140654,"/Date(1704265678000)/",28350,300,5127100,143376000000,1850,true,6.98
"KSB",140654,"/Date(1704265678000)/",28350,700,5126800,143367000000,1850,true,6.98
"KSB",140654,"/Date(1704265678000)/",28350,2000,5126100,143348000000,1850,true,6.98
"KSB",140654,"/Date(1704265678000)/",28350,300,5124100,143291000000,1850,true,6.98
"KSB",140654,"/Date(1704265678000)/",28350,300,5123800,143282000000,1850,true,6.98
"KSB",140654,"/Date(1704265678000)/",28350,2000,5123500,143274000000,1850,true,6.98
"KSB",140654,"/Date(1704265678000)/",28350,200,5121500,143217000000,1850,true,6.98
"KSB",140654,"/Date(1704265678000)/",28350,200,5121300,143212000000,1850,true,6.98
"KSB",140654,"/Date(1704265677000)/",28350,1700,5121100,143206000000,1850,true,6.98
"KSB",140648,"/Date(1704265671000)/",28350,200,5119400,143158000000,1850,true,6.98
"KSB",140644,"/Date(1704265669000)/",28350,11000,5119200,143152000000,1850,true,6.98
"KSB",140644,"/Date(1704265666000)/",28350,500,5108200,142840000000,1850,true,6.98
"KSB",140638,"/Date(1704265660000)/",28350,1000,5107700,142826000000,1850,true,6.98
"KSB",140635,"/Date(1704265656000)/",28350,35400,5106700,142798000000,1850,true,6.98
"KSB",140635,"/Date(1704265656000)/",28350,1100,5071300,141794000000,1850,true,6.98
"KSB",140635,"/Date(1704265656000)/",28350,1500,5070200,141763000000,1850,true,6.98
"KSB",140635,"/Date(1704265656000)/",28350,500,5068700,141720000000,1850,true,6.98
"KSB",140635,"/Date(1704265656000)/",28350,50000,5068200,141706000000,1850,true,6.98
"KSB",140635,"/Date(1704265656000)/",28350,100,5018200,140289000000,1850,true,6.98
"KSB",140635,"/Date(1704265656000)/",28350,100,5018100,140286000000,1850,true,6.98
"KSB",140635,"/Date(1704265656000)/",28350,1000,5018000,140283000000,1850,true,6.98
"KSB",140635,"/Date(1704265656000)/",28350,1000,5017000,140255000000,1850,true,6.98
"KSB",140635,"/Date(1704265656000)/",28350,1000,5016000,140226000000,1850,true,6.98
"KSB",140635,"/Date(1704265656000)/",28350,1000,5015000,140198000000,1850,true,6.98
"KSB",140635,"/Date(1704265656000)/",28350,100,5014000,140170000000,1850,true,6.98
"KSB",140635,"/Date(1704265656000)/",28350,7000,5013900,140167000000,1850,true,6.98
"KSB",140635,"/Date(1704265656000)/",28350,200,5006900,139968000000,1850,true,6.98
"KSB",140635,"/Date(1704265656000)/",28350,500,5006700,139963000000,1850,true,6.98
"KSB",140635,"/Date(1704265656000)/",28350,100,5006200,139948000000,1850,true,6.98
"KSB",140635,"/Date(1704265656000)/",28350,3000,5006100,139946000000,1850,true,6.98
"KSB",140635,"/Date(1704265656000)/",28350,1000,5003100,139861000000,1850,true,6.98
"KSB",140635,"/Date(1704265656000)/",28350,100,5002100,139832000000,1850,true,6.98
"KSB",140635,"/Date(1704265656000)/",28350,4000,5002000,139829000000,1850,true,6.98
"KSB",140635,"/Date(1704265656000)/",28350,30000,4998000,139716000000,1850,true,6.98
"KSB",140635,"/Date(1704265656000)/",28350,1000,4968000,138866000000,1850,true,6.98
"KSB",140635,"/Date(1704265656000)/",28350,300,4967000,138837000000,1850,true,6.98
"KSB",140635,"/Date(1704265656000)/",28350,1000,4966700,138829000000,1850,true,6.98
"KSB",140635,"/Date(1704265656000)/",28350,200,4965700,138800000000,1850,true,6.98
"KSB",140635,"/Date(1704265656000)/",28350,1000,4965500,138795000000,1850,true,6.98
"KSB",140635,"/Date(1704265656000)/",28350,1000,4964500,138766000000,1850,true,6.98
"KSB",140635,"/Date(1704265656000)/",28350,1000,4963500,138738000000,1850,true,6.98
"KSB",140635,"/Date(1704265656000)/",28350,6000,4962500,138710000000,1850,true,6.98
"KSB",140635,"/Date(1704265656000)/",28350,800,4956500,138539000000,1850,true,6.98
"KSB",140635,"/Date(1704265656000)/",28350,10000,4955700,138517000000,1850,true,6.98
"KSB",140635,"/Date(1704265656000)/",28350,2000,4945700,138233000000,1850,true,6.98
"KSB",140635,"/Date(1704265656000)/",28350,1000,4943700,138177000000,1850,true,6.98
"KSB",140635,"/Date(1704265656000)/",28350,1000,4942700,138148000000,1850,true,6.98
"KSB",140635,"/Date(1704265656000)/",28350,100,4941700,138120000000,1850,true,6.98
"KSB",140635,"/Date(1704265656000)/",28350,1000,4941600,138117000000,1850,true,6.98
"KSB",140635,"/Date(1704265656000)/",28350,3000,4940600,138089000000,1850,true,6.98
"KSB",140635,"/Date(1704265656000)/",28350,2200,4937600,138004000000,1850,true,6.98
"KSB",140635,"/Date(1704265656000)/",28350,1000,4935400,137941000000,1850,true,6.98
"KSB",140635,"/Date(1704265656000)/",28350,500,4934400,137913000000,1850,true,6.98
"KSB",140635,"/Date(1704265656000)/",28350,500,4933900,137899000000,1850,true,6.98
"KSB",140635,"/Date(1704265656000)/",28350,3000,4933400,137885000000,1850,true,6.98
"KSB",140635,"/Date(1704265656000)/",28350,1000,4930400,137800000000,1850,true,6.98
"KSB",140635,"/Date(1704265656000)/",28350,3000,4929400,137771000000,1850,true,6.98
"KSB",140635,"/Date(1704265656000)/",28350,500,4926400,137686000000,1850,true,6.98
"KSB",140635,"/Date(1704265656000)/",28350,100,4925900,137672000000,1850,true,6.98
"KSB",140635,"/Date(1704265656000)/",28350,2400,4925800,137669000000,1850,true,6.98
"KSB",140635,"/Date(1704265656000)/",28350,1000,4923400,137601000000,1850,true,6.98
"KSB",140635,"/Date(1704265656000)/",28350,1000,4922400,137573000000,1850,true,6.98
"KSB",140635,"/Date(1704265656000)/",28350,100,4921400,137544000000,1850,true,6.98
"KSB",140635,"/Date(1704265656000)/",28350,100,4921300,137542000000,1850,true,6.98
"KSB",140635,"/Date(1704265656000)/",28350,400,4921200,137539000000,1850,true,6.98
"KSB",140635,"/Date(1704265656000)/",28350,500,4920800,137527000000,1850,true,6.98
"KSB",140635,"/Date(1704265656000)/",28350,1000,4920300,137513000000,1850,true,6.98
"KSB",140635,"/Date(1704265656000)/",28350,100,4919300,137485000000,1850,true,6.98
"KSB",140635,"/Date(1704265656000)/",28350,1000,4919200,137482000000,1850,true,6.98
"KSB",140635,"/Date(1704265656000)/",28350,500,4918200,137454000000,1850,true,6.98
"KSB",140635,"/Date(1704265656000)/",28350,300,4917700,137439000000,1850,true,6.98
"KSB",140635,"/Date(1704265656000)/",28350,13000,4917400,137431000000,1850,true,6.98
"KSB",140635,"/Date(1704265656000)/",28350,1000,4904400,137062000000,1850,true,6.98
"KSB",140635,"/Date(1704265656000)/",28350,200,4903400,137034000000,1850,true,6.98
"KSB",140635,"/Date(1704265656000)/",28350,1700,4903200,137028000000,1850,true,6.98
"KSB",140635,"/Date(1704265656000)/",28350,1500,4901500,136980000000,1850,true,6.98
"KSB",140635,"/Date(1704265656000)/",28350,10000,4900000,136938000000,1850,true,6.98
"KSB",140635,"/Date(1704265656000)/",28350,900,4890000,136654000000,1850,true,6.98
"KSB",140635,"/Date(1704265656000)/",28350,5000,4889100,136629000000,1850,true,6.98
"KSB",140635,"/Date(1704265656000)/",28350,200,4884100,136487000000,1850,true,6.98
"KSB",140635,"/Date(1704265656000)/",28350,3600,4883900,136481000000,1850,true,6.98
"KSB",140635,"/Date(1704265656000)/",28350,30000,4880300,136379000000,1850,true,6.98
"KSB",140635,"/Date(1704265656000)/",28350,100,4850300,135529000000,1850,true,6.98
"KSB",140635,"/Date(1704265656000)/",28350,200,4850200,135526000000,1850,true,6.98
"KSB",140635,"/Date(1704265656000)/",28350,1000,4850000,135520000000,1850,true,6.98
"KSB",140635,"/Date(1704265656000)/",28350,22300,4849000,135492000000,1850,true,6.98
"KSB",140544,"/Date(1704265607000)/",28350,3000,4826700,134860000000,1850,true,6.98
"KSB",140450,"/Date(1704265553000)/",28350,100,4823700,134775000000,1850,true,6.98
"KSB",140409,"/Date(1704265510000)/",28350,200,4823600,134772000000,1850,true,6.98
"KSB",140347,"/Date(1704265489000)/",28350,400,4823400,134766000000,1850,true,6.98
"KSB",140347,"/Date(1704265487000)/",28350,1400,4823000,134755000000,1850,true,6.98
"KSB",140315,"/Date(1704265458000)/",28350,500,4821600,134715000000,1850,true,6.98
"KSB",140253,"/Date(1704265432000)/",28350,2000,4821100,134701000000,1850,true,6.98
"KSB",140115,"/Date(1704265333000)/",28350,100,4819100,134644000000,1850,true,6.98
"KSB",140006,"/Date(1704265257000)/",28350,200,4819000,134641000000,1850,true,6.98
"KSB",135947,"/Date(1704265236000)/",28350,1500,4818800,134636000000,1850,true,6.98
"KSB",135813,"/Date(1704265143000)/",28350,500,4817300,134593000000,1850,true,6.98
"KSB",135810,"/Date(1704265139000)/",28350,200,4816800,134579000000,1850,true,6.98
"KSB",135745,"/Date(1704265113000)/",28350,17600,4816600,134573000000,1850,true,6.98
"KSB",135745,"/Date(1704265113000)/",28350,200,4799000,134074000000,1850,true,6.98
"KSB",135745,"/Date(1704265113000)/",28350,2200,4798800,134069000000,1850,true,6.98
"KSB",135729,"/Date(1704265097000)/",28350,800,4796600,134006000000,1850,true,6.98
"KSB",135729,"/Date(1704265097000)/",28350,900,4795800,133984000000,1850,true,6.98
"KSB",135610,"/Date(1704265018000)/",28350,2100,4794900,133958000000,1850,true,6.98
"KSB",135610,"/Date(1704265018000)/",28350,300,4792800,133899000000,1850,true,6.98
"KSB",135610,"/Date(1704265018000)/",28350,500,4792500,133890000000,1850,true,6.98
"KSB",135610,"/Date(1704265018000)/",28350,100,4792000,133876000000,1850,true,6.98
"KSB",135610,"/Date(1704265018000)/",28350,200,4791900,133873000000,1850,true,6.98
"KSB",135610,"/Date(1704265018000)/",28350,800,4791700,133867000000,1850,true,6.98
"KSB",135536,"/Date(1704264984000)/",28350,1200,4790900,133845000000,1850,true,6.98
"KSB",135536,"/Date(1704264984000)/",28350,800,4789700,133811000000,1850,true,6.98
"KSB",135454,"/Date(1704264937000)/",28350,100,4788900,133788000000,1850,true,6.98
"KSB",135433,"/Date(1704264917000)/",28350,100,4788800,133785000000,1850,true,6.98
"KSB",135407,"/Date(1704264891000)/",28350,500,4788700,133782000000,1850,true,6.98
"KSB",135358,"/Date(1704264881000)/",28350,500,4788200,133768000000,1850,true,6.98
"KSB",135338,"/Date(1704264861000)/",28350,3000,4787700,133754000000,1850,true,6.98
"KSB",135338,"/Date(1704264861000)/",28350,2000,4784700,133669000000,1850,true,6.98
"KSB",135332,"/Date(1704264853000)/",28350,1000,4782700,133612000000,1850,true,6.98
"KSB",135215,"/Date(1704264777000)/",28350,1000,4781700,133584000000,1850,true,6.98
"KSB",135150,"/Date(1704264751000)/",28350,100,4780700,133556000000,1850,true,6.98
"KSB",135146,"/Date(1704264750000)/",28350,900,4780600,133553000000,1850,true,6.98
"KSB",135146,"/Date(1704264750000)/",28350,5000,4779700,133527000000,1850,true,6.98
"KSB",135146,"/Date(1704264750000)/",28350,1000,4774700,133385000000,1850,true,6.98
"KSB",135146,"/Date(1704264750000)/",28350,1100,4773700,133357000000,1850,true,6.98
"KSB",135127,"/Date(1704264729000)/",28350,1000,4772600,133326000000,1850,true,6.98
"KSB",134916,"/Date(1704264599000)/",28350,1000,4771600,133298000000,1850,true,6.98
"KSB",134741,"/Date(1704264504000)/",28350,300,4770600,133269000000,1850,true,6.98
"KSB",134734,"/Date(1704264496000)/",28350,1000,4770300,133261000000,1850,true,6.98
"KSB",134709,"/Date(1704264472000)/",28350,100,4769300,133232000000,1850,true,6.98
"KSB",134656,"/Date(1704264457000)/",28350,100,4769200,133230000000,1850,true,6.98
"KSB",134621,"/Date(1704264422000)/",28350,400,4769100,133227000000,1850,true,6.98
"KSB",134621,"/Date(1704264422000)/",28350,600,4768700,133215000000,1850,true,6.98
"KSB",134611,"/Date(1704264413000)/",28350,600,4768100,133198000000,1850,true,6.98
"KSB",134429,"/Date(1704264310000)/",28350,5000,4767500,133181000000,1850,true,6.98
"KSB",134338,"/Date(1704264258000)/",28350,3000,4762500,133040000000,1850,true,6.98
"KSB",134114,"/Date(1704264115000)/",28350,200,4759500,132955000000,1850,true,6.98
"KSB",134051,"/Date(1704264093000)/",28350,600,4759300,132949000000,1850,true,6.98
"KSB",134051,"/Date(1704264093000)/",28350,2400,4758700,132932000000,1850,true,6.98
"KSB",134032,"/Date(1704264074000)/",28350,100,4756300,132864000000,1850,true,6.98
"KSB",134032,"/Date(1704264074000)/",28350,1000,4756200,132861000000,1850,true,6.98
"KSB",134032,"/Date(1704264074000)/",28350,300,4755200,132833000000,1850,true,6.98
"KSB",134032,"/Date(1704264074000)/",28350,1000,4754900,132824000000,1850,true,6.98
"KSB",134032,"/Date(1704264074000)/",28350,1100,4753900,132796000000,1850,true,6.98
"KSB",133941,"/Date(1704264024000)/",28350,900,4752800,132765000000,1850,true,6.98
"KSB",133941,"/Date(1704264024000)/",28350,600,4751900,132739000000,1850,true,6.98
"KSB",133941,"/Date(1704264024000)/",28350,500,4751300,132722000000,1850,true,6.98
"KSB",133941,"/Date(1704264024000)/",28350,1000,4750800,132708000000,1850,true,6.98
"KSB",133937,"/Date(1704264021000)/",28350,7000,4749800,132680000000,1850,true,6.98
"KSB",133908,"/Date(1704263992000)/",28350,1000,4742800,132481000000,1850,true,6.98
"KSB",133836,"/Date(1704263958000)/",28350,1000,4741800,132453000000,1850,true,6.98
"KSB",133836,"/Date(1704263958000)/",28350,1000,4740800,132424000000,1850,true,6.98
"KSB",133836,"/Date(1704263958000)/",28350,5000,4739800,132396000000,1850,true,6.98
"KSB",133836,"/Date(1704263958000)/",28350,400,4734800,132254000000,1850,true,6.98
"KSB",133836,"/Date(1704263958000)/",28350,1000,4734400,132243000000,1850,true,6.98
"KSB",133836,"/Date(1704263958000)/",28350,900,4733400,132215000000,1850,true,6.98
"KSB",133836,"/Date(1704263958000)/",28350,6000,4732500,132189000000,1850,true,6.98
"KSB",133836,"/Date(1704263958000)/",28350,1500,4726500,132019000000,1850,true,6.98
"KSB",133836,"/Date(1704263958000)/",28350,300,4725000,131976000000,1850,true,6.98
"KSB",133836,"/Date(1704263958000)/",28350,1500,4724700,131968000000,1850,true,6.98
"KSB",133813,"/Date(1704263935000)/",28350,500,4723200,131925000000,1850,true,6.98
"KSB",133654,"/Date(1704263859000)/",28350,3000,4722700,131911000000,1850,true,6.98
"KSB",133654,"/Date(1704263859000)/",28350,10000,4719700,131826000000,1850,true,6.98
"KSB",133654,"/Date(1704263859000)/",28350,300,4709700,131543000000,1850,true,6.98
"KSB",133654,"/Date(1704263859000)/",28350,600,4709400,131534000000,1850,true,6.98
"KSB",133654,"/Date(1704263859000)/",28350,500,4708800,131517000000,1850,true,6.98
"KSB",133654,"/Date(1704263859000)/",28350,200,4708300,131503000000,1850,true,6.98
"KSB",133654,"/Date(1704263859000)/",28350,200,4708100,131497000000,1850,true,6.98
"KSB",133654,"/Date(1704263859000)/",28350,1800,4707900,131492000000,1850,true,6.98
"KSB",133654,"/Date(1704263859000)/",28350,100,4706100,131441000000,1850,true,6.98
"KSB",133654,"/Date(1704263859000)/",28350,100,4706000,131438000000,1850,true,6.98
"KSB",133654,"/Date(1704263859000)/",28350,100,4705900,131435000000,1850,true,6.98
"KSB",133654,"/Date(1704263859000)/",28350,3100,4705800,131432000000,1850,true,6.98
"KSB",133633,"/Date(1704263840000)/",28350,500,4702700,131344000000,1850,true,6.98
"KSB",133633,"/Date(1704263839000)/",28350,100,4702200,131330000000,1850,true,6.98
"KSB",133627,"/Date(1704263833000)/",28350,200,4702100,131327000000,1850,true,6.98
"KSB",133551,"/Date(1704263798000)/",28350,300,4701900,131322000000,1850,true,6.98
"KSB",133532,"/Date(1704263779000)/",28350,3000,4701600,131313000000,1850,true,6.98
"KSB",133507,"/Date(1704263753000)/",28350,2800,4698600,131228000000,1850,true,6.98
"KSB",133507,"/Date(1704263753000)/",28350,100,4695800,131149000000,1850,true,6.98
"KSB",133507,"/Date(1704263753000)/",28350,1100,4695700,131146000000,1850,true,6.98
"KSB",133501,"/Date(1704263749000)/",28350,2500,4694600,131115000000,1850,true,6.98
"KSB",133415,"/Date(1704263702000)/",28350,1500,4692100,131044000000,1850,true,6.98
"KSB",133409,"/Date(1704263697000)/",28350,1400,4690600,131001000000,1850,true,6.98
"KSB",133353,"/Date(1704263680000)/",28350,100,4689200,130962000000,1850,true,6.98
"KSB",133340,"/Date(1704263669000)/",28350,700,4689100,130959000000,1850,true,6.98
"KSB",133317,"/Date(1704263646000)/",28350,400,4688400,130939000000,1850,true,6.98
"KSB",133311,"/Date(1704263637000)/",28350,2300,4688000,130928000000,1850,true,6.98
"KSB",133311,"/Date(1704263637000)/",28350,300,4685700,130862000000,1850,true,6.98
"KSB",133311,"/Date(1704263637000)/",28350,4000,4685400,130854000000,1850,true,6.98
"KSB",133311,"/Date(1704263637000)/",28350,3400,4681400,130740000000,1850,true,6.98
"KSB",133217,"/Date(1704263584000)/",28350,100,4678000,130644000000,1850,true,6.98
"KSB",133217,"/Date(1704263584000)/",28350,200,4677900,130641000000,1850,true,6.98
"KSB",133217,"/Date(1704263584000)/",28350,1700,4677700,130635000000,1850,true,6.98
"KSB",133213,"/Date(1704263581000)/",28350,300,4676000,130587000000,1850,true,6.98
"KSB",133213,"/Date(1704263581000)/",28350,9700,4675700,130579000000,1850,true,6.98
"KSB",133204,"/Date(1704263572000)/",28350,19900,4666000,130304000000,1850,true,6.98
"KSB",133154,"/Date(1704263562000)/",28350,100,4646100,129740000000,1850,true,6.98
"KSB",133148,"/Date(1704263555000)/",28350,300,4646000,129737000000,1850,true,6.98
"KSB",133148,"/Date(1704263555000)/",28350,400,4645700,129728000000,1850,true,6.98
"KSB",133027,"/Date(1704263477000)/",28350,600,4645300,129717000000,1850,true,6.98
"KSB",133027,"/Date(1704263477000)/",28350,1000,4644700,129700000000,1850,true,6.98
"KSB",132932,"/Date(1704263423000)/",28350,100,4643700,129672000000,1850,true,6.98
"KSB",132750,"/Date(1704263321000)/",28350,1000,4643600,129669000000,1850,true,6.98
"KSB",132733,"/Date(1704263306000)/",28350,1900,4642600,129640000000,1850,true,6.98
"KSB",132733,"/Date(1704263306000)/",28350,2100,4640700,129587000000,1850,true,6.98
"KSB",132709,"/Date(1704263284000)/",28350,200,4638600,129527000000,1850,true,6.98
"KSB",132606,"/Date(1704263222000)/",28350,1200,4638400,129521000000,1850,true,6.98
"KSB",132606,"/Date(1704263222000)/",28350,3000,4637200,129487000000,1850,true,6.98
"KSB",132606,"/Date(1704263222000)/",28350,1800,4634200,129402000000,1850,true,6.98
"KSB",132556,"/Date(1704263183000)/",28350,1100,4632400,129351000000,1850,true,6.98
"KSB",132515,"/Date(1704263173000)/",28350,1500,4631300,129320000000,1850,true,6.98
"KSB",132447,"/Date(1704263144000)/",28350,200,4629800,129278000000,1850,true,6.98
"KSB",132440,"/Date(1704263136000)/",28350,600,4629600,129272000000,1850,true,6.98
"KSB",132336,"/Date(1704263073000)/",28350,14800,4629000,129255000000,1850,true,6.98
"KSB",132336,"/Date(1704263073000)/",28350,1000,4614200,128835000000,1850,true,6.98
"KSB",132336,"/Date(1704263073000)/",28350,1000,4613200,128807000000,1850,true,6.98
"KSB",132336,"/Date(1704263073000)/",28350,3000,4612200,128779000000,1850,true,6.98
"KSB",132336,"/Date(1704263073000)/",28350,3200,4609200,128694000000,1850,true,6.98
"KSB",132210,"/Date(1704262986000)/",28350,1000,4606000,128603000000,1850,true,6.98
"KSB",132204,"/Date(1704262980000)/",28350,100,4605000,128574000000,1850,true,6.98
"KSB",132057,"/Date(1704262914000)/",28350,2000,4604900,128572000000,1850,true,6.98
"KSB",132044,"/Date(1704262899000)/",28350,5000,4602900,128515000000,1850,true,6.98
"KSB",132012,"/Date(1704262870000)/",28350,100,4597900,128373000000,1850,true,6.98
"KSB",131925,"/Date(1704262819000)/",28350,1000,4597800,128370000000,1850,true,6.98
"KSB",131918,"/Date(1704262815000)/",28350,200,4596800,128342000000,1850,true,6.98
"KSB",131912,"/Date(1704262806000)/",28350,300,4596600,128336000000,1850,true,6.98
"KSB",131818,"/Date(1704262754000)/",28350,5000,4596300,128328000000,1850,true,6.98
"KSB",131811,"/Date(1704262748000)/",28350,300,4591300,128186000000,1850,true,6.98
"KSB",131743,"/Date(1704262720000)/",28350,500,4591000,128178000000,1850,true,6.98
"KSB",131714,"/Date(1704262689000)/",28350,100,4590500,128163000000,1850,true,6.98
"KSB",131623,"/Date(1704262637000)/",28350,100,4590400,128161000000,1850,true,6.98
"KSB",131610,"/Date(1704262625000)/",28350,100,4590300,128158000000,1850,true,6.98
"KSB",131523,"/Date(1704262579000)/",28350,200,4590200,128155000000,1850,true,6.98
"KSB",131435,"/Date(1704262528000)/",28350,100,4590000,128149000000,1850,true,6.98
"KSB",131416,"/Date(1704262511000)/",28350,1000,4589900,128146000000,1850,true,6.98
"KSB",131351,"/Date(1704262486000)/",28350,7000,4588900,128118000000,1850,true,6.98
"KSB",131310,"/Date(1704262442000)/",28350,1000,4581900,127920000000,1850,true,6.98
"KSB",131251,"/Date(1704262424000)/",28350,100,4580900,127891000000,1850,true,6.98
"KSB",131251,"/Date(1704262423000)/",28350,1000,4580800,127888000000,1850,true,6.98
"KSB",131203,"/Date(1704262376000)/",28350,500,4579800,127860000000,1850,true,6.98
"KSB",131123,"/Date(1704262334000)/",28350,1000,4579300,127846000000,1850,true,6.98
"KSB",131042,"/Date(1704262292000)/",28350,1000,4578300,127818000000,1850,true,6.98
"KSB",131027,"/Date(1704262278000)/",28350,300,4577300,127789000000,1850,true,6.98
"KSB",131018,"/Date(1704262266000)/",28350,1500,4577000,127781000000,1850,true,6.98
"KSB",131012,"/Date(1704262262000)/",28350,2500,4575500,127738000000,1850,true,6.98
"KSB",130944,"/Date(1704262231000)/",28350,500,4573000,127667000000,1850,true,6.98
"KSB",130902,"/Date(1704262188000)/",28350,4100,4572500,127653000000,1850,true,6.98
"KSB",130823,"/Date(1704262146000)/",28350,5000,4568400,127537000000,1850,true,6.98
"KSB",130823,"/Date(1704262145000)/",28350,100,4563400,127395000000,1850,true,6.98
"KSB",130753,"/Date(1704262117000)/",28350,2000,4563300,127392000000,1850,true,6.98
"KSB",130749,"/Date(1704262112000)/",28350,100,4561300,127336000000,1850,true,6.98
"KSB",130628,"/Date(1704262034000)/",28350,2000,4561200,127333000000,1850,true,6.98
"KSB",130628,"/Date(1704262034000)/",28350,1000,4559200,127276000000,1850,true,6.98
"KSB",130628,"/Date(1704262034000)/",28350,2000,4558200,127248000000,1850,true,6.98
"KSB",130628,"/Date(1704262034000)/",28350,700,4556200,127191000000,1850,true,6.98
"KSB",130628,"/Date(1704262034000)/",28350,14700,4555500,127171000000,1850,true,6.98
"KSB",130618,"/Date(1704262023000)/",28350,100,4540800,126754000000,1850,true,6.98
"KSB",130615,"/Date(1704262021000)/",28350,100,4540700,126752000000,1850,true,6.98
"KSB",130615,"/Date(1704262020000)/",28350,100,4540600,126749000000,1850,true,6.98
"KSB",130549,"/Date(1704261996000)/",28350,2000,4540500,126746000000,1850,true,6.98
"KSB",130539,"/Date(1704261985000)/",28350,600,4538500,126689000000,1850,true,6.98
"KSB",130519,"/Date(1704261968000)/",28350,7700,4537900,126672000000,1850,true,6.98
"KSB",130513,"/Date(1704261959000)/",28350,5000,4530200,126454000000,1850,true,6.98
"KSB",130449,"/Date(1704261939000)/",28350,400,4525200,126312000000,1850,true,6.98
"KSB",130352,"/Date(1704261882000)/",28350,500,4524800,126301000000,1850,true,6.98
"KSB",130345,"/Date(1704261877000)/",28350,1300,4524300,126287000000,1850,true,6.98
"KSB",130335,"/Date(1704261867000)/",28350,2000,4523000,126250000000,1850,true,6.98
"KSB",130331,"/Date(1704261863000)/",28350,300,4521000,126193000000,1850,true,6.98
"KSB",130206,"/Date(1704261781000)/",28350,4000,4520700,126185000000,1850,true,6.98
"KSB",130134,"/Date(1704261747000)/",28350,2500,4516700,126071000000,1850,true,6.98
"KSB",130127,"/Date(1704261744000)/",28350,2000,4514200,126000000000,1850,true,6.98
"KSB",130043,"/Date(1704261697000)/",28350,1000,4512200,125944000000,1850,true,6.98
"KSB",130030,"/Date(1704261684000)/",28350,100,4511200,125915000000,1850,true,6.98
"KSB",130011,"/Date(1704261665000)/",28350,2000,4511100,125912000000,1850,true,6.98
"KSB",125958,"/Date(1704261654000)/",28350,100,4509100,125856000000,1850,true,6.98
"KSB",125952,"/Date(1704261645000)/",28350,5000,4509000,125853000000,1850,true,6.98
"KSB",125942,"/Date(1704261638000)/",28350,4000,4504000,125711000000,1850,true,6.98
"KSB",125942,"/Date(1704261637000)/",28350,100,4500000,125598000000,1850,true,6.98
"KSB",125939,"/Date(1704261625000)/",28350,100,4499900,125595000000,1850,true,6.98
"KSB",125939,"/Date(1704261624000)/",28350,100,4499800,125592000000,1850,true,6.98
"KSB",125939,"/Date(1704261623000)/",28350,4200,4499700,125589000000,1850,true,6.98
"KSB",125939,"/Date(1704261623000)/",28350,200,4495500,125470000000,1850,true,6.98
"KSB",125936,"/Date(1704261620000)/",28350,400,4495300,125464000000,1850,true,6.98
"KSB",125936,"/Date(1704261620000)/",28350,100,4494900,125453000000,1850,true,6.98
"KSB",125936,"/Date(1704261617000)/",28350,300,4494800,125450000000,1850,true,6.98
"KSB",125936,"/Date(1704261616000)/",28350,200,4494500,125442000000,1850,true,6.98
"KSB",125936,"/Date(1704261616000)/",28350,200,4494300,125436000000,1850,true,6.98
"KSB",125936,"/Date(1704261615000)/",28350,100,4494100,125430000000,1850,true,6.98
"KSB",125936,"/Date(1704261615000)/",28350,200,4494000,125428000000,1850,true,6.98
"KSB",125933,"/Date(1704261614000)/",28350,200,4493800,125422000000,1850,true,6.98
"KSB",125933,"/Date(1704261613000)/",28350,100,4493600,125416000000,1850,true,6.98
"KSB",125933,"/Date(1704261613000)/",28350,300,4493500,125413000000,1850,true,6.98
"KSB",125933,"/Date(1704261613000)/",28350,400,4493200,125405000000,1850,true,6.98
"KSB",125933,"/Date(1704261613000)/",28350,100,4492800,125394000000,1850,true,6.98
"KSB",125933,"/Date(1704261612000)/",28350,1700,4492700,125391000000,1850,true,6.98
"KSB",125933,"/Date(1704261610000)/",28350,600,4491000,125343000000,1850,true,6.98
"KSB",125933,"/Date(1704261610000)/",28350,7000,4490400,125326000000,1850,true,6.98
"KSB",125933,"/Date(1704261609000)/",28350,1000,4483400,125127000000,1850,true,6.98
"KSB",125933,"/Date(1704261609000)/",28350,1400,4482400,125099000000,1850,true,6.98
"KSB",125930,"/Date(1704261608000)/",28350,100,4481000,125059000000,1850,true,6.98
"KSB",125930,"/Date(1704261608000)/",28350,35400,4480900,125056000000,1850,true,6.98
"KSB",125930,"/Date(1704261608000)/",28350,100,4445500,124053000000,1850,true,6.98
"KSB",125930,"/Date(1704261608000)/",28350,200,4445400,124050000000,1850,true,6.98
"KSB",125930,"/Date(1704261608000)/",28350,2000,4445200,124044000000,1850,true,6.98
"KSB",125930,"/Date(1704261608000)/",28350,12300,4443200,123987000000,1850,true,6.98
"KSB",125930,"/Date(1704261608000)/",28350,500,4430900,123639000000,1850,true,6.98
"KSB",125930,"/Date(1704261607000)/",28350,100,4430400,123625000000,1850,true,6.98
"KSB",125930,"/Date(1704261606000)/",28350,1800,4430300,123622000000,1850,true,6.98
"KSB",125930,"/Date(1704261606000)/",28350,200,4428500,123571000000,1850,true,6.98
"KSB",125926,"/Date(1704261605000)/",28350,200,4428300,123565000000,1850,true,6.98
"KSB",125926,"/Date(1704261604000)/",28350,300,4428100,123559000000,1850,true,6.98
"KSB",125926,"/Date(1704261604000)/",28350,1200,4427800,123551000000,1850,true,6.98
"KSB",125926,"/Date(1704261603000)/",28350,1100,4426600,123517000000,1850,true,6.98
"KSB",125923,"/Date(1704261601000)/",28350,200,4425500,123486000000,1850,true,6.98
"KSB",125920,"/Date(1704261601000)/",28350,1500,4425300,123480000000,1850,true,6.98
"KSB",125920,"/Date(1704261601000)/",28350,600,4423800,123437000000,1850,true,6.98
"KSB",125920,"/Date(1704261601000)/",28350,100,4423200,123420000000,1850,true,6.98
"KSB",125920,"/Date(1704261601000)/",28350,1300,4423100,123418000000,1850,true,6.98
"KSB",125920,"/Date(1704261601000)/",28350,1400,4421800,123381000000,1850,true,6.98
"KSB",125920,"/Date(1704261601000)/",28350,5000,4420400,123341000000,1850,true,6.98
"KSB",125920,"/Date(1704261601000)/",28350,6100,4415400,123199000000,1850,true,6.98
"KSB",125920,"/Date(1704261601000)/",28350,300,4409300,123026000000,1850,true,6.98
"KSB",125920,"/Date(1704261601000)/",28350,600,4409000,123018000000,1850,true,6.98
"KSB",125920,"/Date(1704261601000)/",28350,100,4408400,123001000000,1850,true,6.98
"KSB",125920,"/Date(1704261601000)/",28350,200,4408300,122998000000,1850,true,6.98
"KSB",125920,"/Date(1704261601000)/",28350,500,4408100,122992000000,1850,true,6.98
"KSB",125920,"/Date(1704261601000)/",28350,100,4407600,122978000000,1850,true,6.98
"KSB",125917,"/Date(1704261601000)/",28350,400,4407500,122975000000,1850,true,6.98
"KSB",125917,"/Date(1704261601000)/",28350,100,4407100,122964000000,1850,true,6.98
"KSB",125917,"/Date(1704261601000)/",28350,1600,4407000,122961000000,1850,true,6.98
"KSB",125917,"/Date(1704261601000)/",28350,500,4405400,122916000000,1850,true,6.98
"KSB",125917,"/Date(1704261601000)/",28350,2400,4404900,122902000000,1850,true,6.98
"KSB",112835,"/Date(1704256147000)/",28350,4200,4402500,122834000000,1850,true,6.98
"KSB",112835,"/Date(1704256147000)/",28350,100,4398300,122715000000,1850,true,6.98
"KSB",112835,"/Date(1704256147000)/",28350,5000,4398200,122712000000,1850,true,6.98
"KSB",112835,"/Date(1704256147000)/",28350,700,4393200,122570000000,1850,true,6.98
"KSB",112810,"/Date(1704256121000)/",28350,100,4392500,122550000000,1850,true,6.98
"KSB",112800,"/Date(1704256112000)/",28350,100,4392400,122547000000,1850,true,6.98
"KSB",112559,"/Date(1704255992000)/",28350,500,4392300,122544000000,1850,true,6.98
"KSB",112543,"/Date(1704255974000)/",28350,10000,4391800,122530000000,1850,true,6.98
"KSB",112404,"/Date(1704255876000)/",28350,200,4381800,122247000000,1850,true,6.98
"KSB",112229,"/Date(1704255779000)/",28350,2000,4381600,122241000000,1850,true,6.98
"KSB",112122,"/Date(1704255714000)/",28350,1000,4379600,122184000000,1850,true,6.98
"KSB",112113,"/Date(1704255706000)/",28350,100,4378600,122156000000,1850,true,6.98
"KSB",112047,"/Date(1704255677000)/",28350,1000,4378500,122153000000,1850,true,6.98
"KSB",112031,"/Date(1704255662000)/",28350,400,4377500,122125000000,1850,true,6.98
"KSB",111952,"/Date(1704255624000)/",28350,500,4377100,122113000000,1850,true,6.98
"KSB",111936,"/Date(1704255609000)/",28350,500,4376600,122099000000,1850,true,6.98
"KSB",111936,"/Date(1704255609000)/",28350,2800,4376100,122085000000,1850,true,6.98
"KSB",111924,"/Date(1704255596000)/",28350,1000,4373300,122006000000,1850,true,6.98
"KSB",111852,"/Date(1704255564000)/",28350,3000,4372300,121977000000,1850,true,6.98
"KSB",111823,"/Date(1704255533000)/",28350,100,4369300,121892000000,1850,true,6.98
"KSB",111801,"/Date(1704255512000)/",28350,5000,4369200,121890000000,1850,true,6.98
"KSB",111726,"/Date(1704255477000)/",28350,2000,4364200,121748000000,1850,true,6.98
"KSB",111606,"/Date(1704255397000)/",28350,100,4362200,121691000000,1850,true,6.98
"KSB",111443,"/Date(1704255315000)/",28350,200,4362100,121688000000,1850,true,6.98
"KSB",111346,"/Date(1704255256000)/",28350,2500,4361900,121683000000,1850,true,6.98
"KSB",111323,"/Date(1704255234000)/",28350,1000,4359400,121612000000,1850,true,6.98
"KSB",111251,"/Date(1704255203000)/",28350,100,4358400,121583000000,1850,true,6.98
"KSB",111245,"/Date(1704255197000)/",28350,1000,4358300,121581000000,1850,true,6.98
"KSB",111232,"/Date(1704255183000)/",28350,2000,4357300,121552000000,1850,true,6.98
"KSB",111232,"/Date(1704255182000)/",28350,200,4355300,121495000000,1850,true,6.98
"KSB",111203,"/Date(1704255155000)/",28350,1000,4355100,121490000000,1850,true,6.98
"KSB",111125,"/Date(1704255115000)/",28350,3500,4354100,121461000000,1850,true,6.98
"KSB",111122,"/Date(1704255113000)/",28350,100,4350600,121362000000,1850,true,6.98
"KSB",111106,"/Date(1704255097000)/",28350,200,4350500,121359000000,1850,true,6.98
"KSB",111106,"/Date(1704255096000)/",28350,100,4350300,121354000000,1850,true,6.98
"KSB",111044,"/Date(1704255075000)/",28350,2000,4350200,121351000000,1850,true,6.98
"KSB",111041,"/Date(1704255072000)/",28350,600,4348200,121294000000,1850,true,6.98
"KSB",111041,"/Date(1704255072000)/",28350,400,4347600,121277000000,1850,true,6.98
"KSB",111035,"/Date(1704255064000)/",28350,100,4347200,121266000000,1850,false,6.98
"KSB",111035,"/Date(1704255064000)/",28350,100,4347100,121263000000,1850,false,6.98
"KSB",111035,"/Date(1704255064000)/",28350,100,4347000,121260000000,1850,false,6.98
"KSB",111035,"/Date(1704255064000)/",28350,700,4346900,121257000000,1850,false,6.98
"KSB",111031,"/Date(1704255061000)/",28350,2000,4346200,121237000000,1850,false,6.98
"KSB",111028,"/Date(1704255059000)/",28350,100,4344200,121181000000,1850,false,6.98
"KSB",111019,"/Date(1704255047000)/",28350,200,4344100,121178000000,1850,false,6.98
"KSB",111015,"/Date(1704255047000)/",28350,500,4343900,121172000000,1850,false,6.98
"KSB",111015,"/Date(1704255045000)/",28350,500,4343400,121158000000,1850,false,6.98
"KSB",111015,"/Date(1704255045000)/",28350,500,4342900,121144000000,1850,false,6.98
"KSB",111002,"/Date(1704255034000)/",28350,1000,4342400,121130000000,1850,false,6.98
"KSB",110956,"/Date(1704255028000)/",28350,100,4341400,121101000000,1850,false,6.98
"KSB",110940,"/Date(1704255012000)/",28350,400,4341300,121099000000,1850,false,6.98
"KSB",110921,"/Date(1704254991000)/",28350,900,4340900,121087000000,1850,false,6.98
"KSB",110915,"/Date(1704254986000)/",28350,100,4340000,121062000000,1850,true,6.98
"KSB",110911,"/Date(1704254982000)/",28350,100,4339900,121059000000,1850,true,6.98
"KSB",110905,"/Date(1704254974000)/",28350,300,4339800,121056000000,1850,false,6.98
"KSB",110902,"/Date(1704254970000)/",28350,500,4339500,121048000000,1850,false,6.98
"KSB",110859,"/Date(1704254968000)/",28350,300,4339000,121033000000,1850,true,6.98
"KSB",110859,"/Date(1704254968000)/",28350,400,4338700,121025000000,1850,true,6.98
"KSB",110846,"/Date(1704254957000)/",28350,500,4338300,121014000000,1850,false,6.98
"KSB",110846,"/Date(1704254957000)/",28350,3000,4337800,120999000000,1850,false,6.98
"KSB",110846,"/Date(1704254957000)/",28350,2000,4334800,120914000000,1850,false,6.98
"KSB",110846,"/Date(1704254957000)/",28350,500,4332800,120858000000,1850,false,6.98
"KSB",110846,"/Date(1704254957000)/",28350,3600,4332300,120843000000,1850,false,6.98
"KSB",110840,"/Date(1704254947000)/",28350,1000,4328700,120741000000,1850,false,6.98
"KSB",110817,"/Date(1704254925000)/",28350,400,4327700,120713000000,1850,false,6.98
"KSB",110817,"/Date(1704254925000)/",28350,400,4327300,120702000000,1850,false,6.98
"KSB",110748,"/Date(1704254897000)/",28350,200,4326900,120690000000,1850,false,6.98
"KSB",110748,"/Date(1704254897000)/",28350,100,4326700,120685000000,1850,false,6.98
"KSB",110748,"/Date(1704254897000)/",28350,4000,4326600,120682000000,1850,false,6.98
"KSB",110748,"/Date(1704254897000)/",28350,300,4322600,120568000000,1850,false,6.98
"KSB",110745,"/Date(1704254895000)/",28350,100,4322300,120560000000,1850,true,6.98
"KSB",110745,"/Date(1704254895000)/",28350,100,4322200,120557000000,1850,true,6.98
"KSB",110745,"/Date(1704254895000)/",28350,100,4322100,120554000000,1850,true,6.98
"KSB",110745,"/Date(1704254895000)/",28350,2600,4322000,120551000000,1850,true,6.98
"KSB",110745,"/Date(1704254895000)/",28350,1000,4319400,120478000000,1850,true,6.98
"KSB",110745,"/Date(1704254895000)/",28350,1100,4318400,120449000000,1850,true,6.98
"KSB",110736,"/Date(1704254887000)/",28350,400,4317300,120418000000,1850,true,6.98
"KSB",110736,"/Date(1704254887000)/",28350,900,4316900,120407000000,1850,true,6.98
"KSB",110729,"/Date(1704254880000)/",28350,100,4316000,120381000000,1850,true,6.98
"KSB",110729,"/Date(1704254880000)/",28350,400,4315900,120378000000,1850,true,6.98
"KSB",110726,"/Date(1704254876000)/",28350,200,4315500,120367000000,1850,true,6.98
"KSB",110726,"/Date(1704254876000)/",28350,1400,4315300,120361000000,1850,true,6.98
"KSB",110726,"/Date(1704254875000)/",28350,200,4313900,120322000000,1850,true,6.98
"KSB",110717,"/Date(1704254866000)/",28350,1000,4313700,120316000000,1850,true,6.98
"KSB",110713,"/Date(1704254864000)/",28350,100,4312700,120288000000,1850,true,6.98
"KSB",110713,"/Date(1704254864000)/",28350,500,4312600,120285000000,1850,true,6.98
"KSB",110710,"/Date(1704254861000)/",28350,100,4312100,120271000000,1850,true,6.98
"KSB",110710,"/Date(1704254859000)/",28350,6100,4312000,120268000000,1850,true,6.98
"KSB",110710,"/Date(1704254859000)/",28350,100,4305900,120095000000,1850,true,6.98
"KSB",110710,"/Date(1704254859000)/",28350,2800,4305800,120092000000,1850,true,6.98
"KSB",110701,"/Date(1704254849000)/",28350,500,4303000,120013000000,1850,true,6.98
"KSB",110645,"/Date(1704254834000)/",28350,3000,4302500,119999000000,1850,true,6.98
"KSB",110638,"/Date(1704254828000)/",28350,300,4299500,119914000000,1850,true,6.98
"KSB",110638,"/Date(1704254828000)/",28350,700,4299200,119905000000,1850,true,6.98
"KSB",110635,"/Date(1704254826000)/",28350,100,4298500,119885000000,1850,true,6.98
"KSB",110632,"/Date(1704254820000)/",28350,2200,4298400,119882000000,1850,true,6.98
"KSB",110632,"/Date(1704254820000)/",28350,7800,4296200,119820000000,1850,true,6.98
"KSB",110616,"/Date(1704254805000)/",28350,500,4288400,119599000000,1850,true,6.98
"KSB",110616,"/Date(1704254804000)/",28350,1700,4287900,119585000000,1850,true,6.98
"KSB",110616,"/Date(1704254804000)/",28350,1400,4286200,119536000000,1850,true,6.98
"KSB",110600,"/Date(1704254791000)/",28350,1600,4284800,119497000000,1850,true,6.98
"KSB",110600,"/Date(1704254791000)/",28350,700,4283200,119451000000,1850,true,6.98
"KSB",110600,"/Date(1704254790000)/",28350,2000,4282500,119432000000,1850,true,6.98
"KSB",110557,"/Date(1704254788000)/",28350,300,4280500,119375000000,1850,true,6.98
"KSB",110551,"/Date(1704254780000)/",28350,200,4280200,119366000000,1850,true,6.98
"KSB",110551,"/Date(1704254779000)/",28350,300,4280000,119361000000,1850,true,6.98
"KSB",110551,"/Date(1704254779000)/",28350,3000,4279700,119352000000,1850,true,6.98
"KSB",110544,"/Date(1704254772000)/",28350,800,4276700,119267000000,1850,true,6.98
"KSB",110544,"/Date(1704254772000)/",28350,200,4275900,119244000000,1850,true,6.98
"KSB",110535,"/Date(1704254765000)/",28350,2500,4275700,119239000000,1850,true,6.98
"KSB",110516,"/Date(1704254744000)/",28350,1000,4273200,119168000000,1850,true,6.98
"KSB",110503,"/Date(1704254731000)/",28350,100,4272200,119140000000,1850,true,6.98
"KSB",110435,"/Date(1704254703000)/",28350,1200,4272100,119137000000,1850,true,6.98
"KSB",110435,"/Date(1704254703000)/",28350,3000,4270900,119103000000,1850,true,6.98
"KSB",110435,"/Date(1704254703000)/",28350,800,4267900,119018000000,1850,true,6.98
"KSB",110415,"/Date(1704254685000)/",28350,200,4267100,118995000000,1850,true,6.98
"KSB",110415,"/Date(1704254685000)/",28350,4800,4266900,118989000000,1850,true,6.98
"KSB",110412,"/Date(1704254681000)/",28350,500,4262100,118853000000,1850,true,6.98
"KSB",110359,"/Date(1704254669000)/",28350,1100,4261600,118839000000,1850,true,6.98
"KSB",110337,"/Date(1704254647000)/",28350,1000,4260500,118808000000,1850,true,6.98
"KSB",110337,"/Date(1704254647000)/",28350,300,4259500,118780000000,1850,true,6.98
"KSB",110331,"/Date(1704254639000)/",28350,100,4259200,118771000000,1850,true,6.98
"KSB",110321,"/Date(1704254630000)/",28350,500,4259100,118768000000,1850,true,6.98
"KSB",110321,"/Date(1704254629000)/",28350,1000,4258600,118754000000,1850,true,6.98
"KSB",110315,"/Date(1704254625000)/",28350,400,4257600,118726000000,1850,true,6.98
"KSB",110309,"/Date(1704254617000)/",28350,300,4257200,118714000000,1850,true,6.98
"KSB",110305,"/Date(1704254615000)/",28350,900,4256900,118706000000,1850,true,6.98
"KSB",110305,"/Date(1704254615000)/",28350,500,4256000,118680000000,1850,true,6.98
"KSB",110305,"/Date(1704254615000)/",28350,200,4255500,118666000000,1850,true,6.98
"KSB",110305,"/Date(1704254615000)/",28350,100,4255300,118660000000,1850,true,6.98
"KSB",110305,"/Date(1704254615000)/",28350,300,4255200,118658000000,1850,true,6.98
"KSB",110256,"/Date(1704254605000)/",28350,200,4254900,118649000000,1850,true,6.98
"KSB",110256,"/Date(1704254605000)/",28350,4800,4254700,118643000000,1850,true,6.98
"KSB",110256,"/Date(1704254604000)/",28350,100,4249900,118507000000,1850,true,6.98
"KSB",110256,"/Date(1704254604000)/",28350,900,4249800,118505000000,1850,true,6.98
"KSB",110253,"/Date(1704254600000)/",28350,400,4248900,118479000000,1850,true,6.98
"KSB",110253,"/Date(1704254600000)/",28350,100,4248500,118468000000,1850,true,6.98
"KSB",110246,"/Date(1704254596000)/",28350,1000,4248400,118465000000,1850,true,6.98
"KSB",110234,"/Date(1704254583000)/",28350,900,4247400,118436000000,1850,true,6.98
"KSB",110234,"/Date(1704254583000)/",28350,5100,4246500,118411000000,1850,true,6.98
"KSB",110234,"/Date(1704254582000)/",28350,100,4241400,118266000000,1850,true,6.98
"KSB",110214,"/Date(1704254564000)/",28350,2000,4241300,118264000000,1850,true,6.98
"KSB",110211,"/Date(1704254559000)/",28350,300,4239300,118207000000,1850,true,6.98
"KSB",110208,"/Date(1704254556000)/",28350,500,4239000,118198000000,1850,true,6.98
"KSB",110202,"/Date(1704254551000)/",28350,200,4238500,118184000000,1850,true,6.98
"KSB",110159,"/Date(1704254547000)/",28350,400,4238300,118179000000,1850,true,6.98
"KSB",110152,"/Date(1704254540000)/",28350,200,4237900,118167000000,1850,true,6.98
"KSB",110149,"/Date(1704254537000)/",28350,300,4237700,118161000000,1850,true,6.98
"KSB",110146,"/Date(1704254535000)/",28350,400,4237400,118153000000,1850,false,6.98
"KSB",110146,"/Date(1704254535000)/",28350,500,4237000,118142000000,1850,false,6.98
"KSB",110143,"/Date(1704254530000)/",28350,100,4236500,118127000000,1850,true,6.98
"KSB",110139,"/Date(1704254529000)/",28350,100,4236400,118125000000,1850,false,6.98
"KSB",110139,"/Date(1704254527000)/",28350,900,4236300,118122000000,1850,false,6.98
"KSB",110139,"/Date(1704254527000)/",28350,1600,4235400,118096000000,1850,false,6.98
"KSB",110139,"/Date(1704254527000)/",28350,200,4233800,118051000000,1850,false,6.98
"KSB",110139,"/Date(1704254527000)/",28350,200,4233600,118045000000,1850,false,6.98
"KSB",110139,"/Date(1704254527000)/",28350,2000,4233400,118040000000,1850,false,6.98
"KSB",110139,"/Date(1704254527000)/",28350,2500,4231400,117983000000,1850,false,6.98
"KSB",110139,"/Date(1704254527000)/",28350,2600,4228900,117912000000,1850,false,6.98
"KSB",110130,"/Date(1704254517000)/",28350,7400,4226300,117838000000,1850,false,6.98
"KSB",110130,"/Date(1704254517000)/",28350,1000,4218900,117629000000,1850,false,6.98
"KSB",110130,"/Date(1704254517000)/",28350,2000,4217900,117600000000,1850,false,6.98
"KSB",110130,"/Date(1704254517000)/",28350,300,4215900,117543000000,1850,false,6.98
"KSB",110130,"/Date(1704254517000)/",28350,1300,4215600,117535000000,1850,false,6.98
"KSB",110127,"/Date(1704254515000)/",28300,200,4214300,117498000000,1800,true,6.79
"KSB",110127,"/Date(1704254515000)/",28300,1500,4214100,117492000000,1800,true,6.79
"KSB",110127,"/Date(1704254515000)/",28300,300,4212600,117450000000,1800,true,6.79
"KSB",110127,"/Date(1704254514000)/",28350,3700,4212300,117442000000,1850,false,6.98
"KSB",110127,"/Date(1704254514000)/",28350,600,4208600,117337000000,1850,false,6.98
"KSB",110127,"/Date(1704254514000)/",28350,400,4208000,117320000000,1850,false,6.98
"KSB",110127,"/Date(1704254514000)/",28350,200,4207600,117308000000,1850,false,6.98
"KSB",110127,"/Date(1704254514000)/",28350,2000,4207400,117303000000,1850,false,6.98
"KSB",110127,"/Date(1704254514000)/",28350,11100,4205400,117246000000,1850,false,6.98
"KSB",110111,"/Date(1704254499000)/",28350,1000,4194300,116931000000,1850,false,6.98
"KSB",110101,"/Date(1704254491000)/",28350,1000,4193300,116903000000,1850,false,6.98
"KSB",110101,"/Date(1704254489000)/",28350,200,4192300,116875000000,1850,false,6.98
"KSB",110058,"/Date(1704254487000)/",28350,10000,4192100,116869000000,1850,false,6.98
"KSB",110058,"/Date(1704254486000)/",28350,600,4182100,116585000000,1850,false,6.98
"KSB",110035,"/Date(1704254463000)/",28350,4100,4181500,116568000000,1850,false,6.98
"KSB",110035,"/Date(1704254463000)/",28350,2000,4177400,116452000000,1850,false,6.98
"KSB",110035,"/Date(1704254463000)/",28350,100,4175400,116395000000,1850,false,6.98
"KSB",110035,"/Date(1704254463000)/",28350,7000,4175300,116393000000,1850,false,6.98
"KSB",110035,"/Date(1704254463000)/",28350,5200,4168300,116194000000,1850,false,6.98
"KSB",110035,"/Date(1704254463000)/",28350,10000,4163100,116047000000,1850,false,6.98
"KSB",110035,"/Date(1704254463000)/",28350,5000,4153100,115763000000,1850,false,6.98
"KSB",110035,"/Date(1704254463000)/",28350,3000,4148100,115621000000,1850,false,6.98
"KSB",110035,"/Date(1704254463000)/",28350,500,4145100,115536000000,1850,false,6.98
"KSB",110035,"/Date(1704254463000)/",28350,800,4144600,115522000000,1850,false,6.98
"KSB",110035,"/Date(1704254463000)/",28350,5000,4143800,115500000000,1850,false,6.98
"KSB",110035,"/Date(1704254463000)/",28350,1000,4138800,115358000000,1850,false,6.98
"KSB",110035,"/Date(1704254463000)/",28350,500,4137800,115329000000,1850,false,6.98
"KSB",110035,"/Date(1704254463000)/",28350,100,4137300,115315000000,1850,false,6.98
"KSB",110035,"/Date(1704254463000)/",28350,1500,4137200,115312000000,1850,false,6.98
"KSB",110035,"/Date(1704254463000)/",28350,600,4135700,115270000000,1850,false,6.98
"KSB",110035,"/Date(1704254463000)/",28350,600,4135100,115253000000,1850,false,6.98
"KSB",110035,"/Date(1704254463000)/",28350,3000,4134500,115236000000,1850,false,6.98
"KSB",105957,"/Date(1704254426000)/",28350,1000,4131500,115151000000,1850,false,6.98
"KSB",105954,"/Date(1704254422000)/",28350,100,4130500,115122000000,1850,false,6.98
"KSB",105948,"/Date(1704254417000)/",28350,300,4130400,115120000000,1850,false,6.98
"KSB",105945,"/Date(1704254413000)/",28350,600,4130100,115111000000,1850,false,6.98
"KSB",105945,"/Date(1704254413000)/",28350,100,4129500,115094000000,1850,false,6.98
"KSB",105945,"/Date(1704254413000)/",28350,700,4129400,115091000000,1850,false,6.98
"KSB",105945,"/Date(1704254413000)/",28350,100,4128700,115071000000,1850,false,6.98
"KSB",105938,"/Date(1704254407000)/",28350,900,4128600,115069000000,1850,false,6.98
"KSB",105938,"/Date(1704254407000)/",28350,100,4127700,115043000000,1850,false,6.98
"KSB",105935,"/Date(1704254402000)/",28350,100,4127600,115040000000,1850,false,6.98
"KSB",105935,"/Date(1704254402000)/",28350,1100,4127500,115037000000,1850,false,6.98
"KSB",105929,"/Date(1704254397000)/",28350,300,4126400,115006000000,1850,false,6.98
"KSB",105922,"/Date(1704254391000)/",28300,2000,4126100,114998000000,1800,true,6.79
"KSB",105900,"/Date(1704254368000)/",28300,9400,4124100,114941000000,1800,true,6.79
"KSB",105900,"/Date(1704254368000)/",28300,500,4114700,114675000000,1800,true,6.79
"KSB",105900,"/Date(1704254368000)/",28300,100,4114200,114661000000,1800,true,6.79
"KSB",105853,"/Date(1704254362000)/",28350,600,4114100,114658000000,1850,false,6.98
"KSB",105853,"/Date(1704254362000)/",28350,100,4113500,114641000000,1850,false,6.98
"KSB",105853,"/Date(1704254362000)/",28350,200,4113400,114638000000,1850,false,6.98
"KSB",105853,"/Date(1704254362000)/",28350,2000,4113200,114633000000,1850,false,6.98
"KSB",105853,"/Date(1704254362000)/",28350,5000,4111200,114576000000,1850,false,6.98
"KSB",105853,"/Date(1704254362000)/",28350,100,4106200,114434000000,1850,false,6.98
"KSB",105853,"/Date(1704254361000)/",28300,100,4106100,114431000000,1800,true,6.79
"KSB",105841,"/Date(1704254350000)/",28300,500,4106000,114429000000,1800,false,6.79
"KSB",105838,"/Date(1704254345000)/",28300,500,4105500,114414000000,1800,false,6.79
"KSB",105834,"/Date(1704254344000)/",28300,800,4105000,114400000000,1800,false,6.79
"KSB",105834,"/Date(1704254344000)/",28300,600,4104200,114378000000,1800,false,6.79
"KSB",105834,"/Date(1704254344000)/",28300,600,4103600,114361000000,1800,false,6.79
"KSB",105822,"/Date(1704254331000)/",28300,1400,4103000,114344000000,1800,true,6.79
"KSB",105822,"/Date(1704254331000)/",28300,500,4101600,114304000000,1800,true,6.79
"KSB",105822,"/Date(1704254331000)/",28300,200,4101100,114290000000,1800,true,6.79
"KSB",105822,"/Date(1704254331000)/",28300,100,4100900,114284000000,1800,true,6.79
"KSB",105822,"/Date(1704254331000)/",28300,700,4100800,114281000000,1800,true,6.79
"KSB",105822,"/Date(1704254331000)/",28300,100,4100100,114262000000,1800,true,6.79
"KSB",105822,"/Date(1704254331000)/",28300,300,4100000,114259000000,1800,true,6.79
"KSB",105822,"/Date(1704254331000)/",28300,1700,4099700,114250000000,1800,true,6.79
"KSB",105806,"/Date(1704254313000)/",28350,1000,4098000,114202000000,1850,false,6.98
"KSB",105759,"/Date(1704254308000)/",28300,1200,4097000,114174000000,1800,true,6.79
"KSB",105753,"/Date(1704254302000)/",28350,1300,4095800,114140000000,1850,false,6.98
"KSB",105753,"/Date(1704254302000)/",28350,700,4094500,114103000000,1850,false,6.98
"KSB",105753,"/Date(1704254302000)/",28350,5000,4093800,114083000000,1850,false,6.98
"KSB",105753,"/Date(1704254302000)/",28350,100,4088800,113941000000,1850,false,6.98
"KSB",105753,"/Date(1704254302000)/",28350,100,4088700,113939000000,1850,false,6.98
"KSB",105753,"/Date(1704254302000)/",28350,500,4088600,113936000000,1850,false,6.98
"KSB",105753,"/Date(1704254302000)/",28350,1000,4088100,113922000000,1850,false,6.98
"KSB",105753,"/Date(1704254302000)/",28350,1300,4087100,113893000000,1850,false,6.98
"KSB",105753,"/Date(1704254301000)/",28350,100,4085800,113856000000,1850,false,6.98
"KSB",105747,"/Date(1704254296000)/",28350,400,4085700,113853000000,1850,false,6.98
"KSB",105715,"/Date(1704254264000)/",28350,200,4085300,113842000000,1850,false,6.98
"KSB",105715,"/Date(1704254264000)/",28350,100,4085100,113836000000,1850,false,6.98
"KSB",105715,"/Date(1704254263000)/",28350,100,4085000,113834000000,1850,false,6.98
"KSB",105715,"/Date(1704254263000)/",28350,1700,4084900,113831000000,1850,false,6.98
"KSB",105712,"/Date(1704254261000)/",28350,300,4083200,113783000000,1850,false,6.98
"KSB",105712,"/Date(1704254261000)/",28350,300,4082900,113774000000,1850,false,6.98
"KSB",105659,"/Date(1704254248000)/",28350,500,4082600,113766000000,1850,false,6.98
"KSB",105659,"/Date(1704254248000)/",28350,15000,4082100,113751000000,1850,false,6.98
"KSB",105659,"/Date(1704254248000)/",28350,1000,4067100,113326000000,1850,false,6.98
"KSB",105659,"/Date(1704254248000)/",28350,2200,4066100,113298000000,1850,false,6.98
"KSB",105659,"/Date(1704254248000)/",28350,1000,4063900,113235000000,1850,false,6.98
"KSB",105659,"/Date(1704254248000)/",28350,1400,4062900,113207000000,1850,false,6.98
"KSB",105659,"/Date(1704254248000)/",28350,8600,4061500,113167000000,1850,false,6.98
"KSB",105653,"/Date(1704254242000)/",28350,1000,4052900,112924000000,1850,true,6.98
"KSB",105650,"/Date(1704254237000)/",28350,100,4051900,112895000000,1850,true,6.98
"KSB",105650,"/Date(1704254237000)/",28350,300,4051800,112892000000,1850,true,6.98
"KSB",105650,"/Date(1704254237000)/",28350,900,4051500,112884000000,1850,true,6.98
"KSB",105650,"/Date(1704254237000)/",28350,300,4050600,112858000000,1850,true,6.98
"KSB",105650,"/Date(1704254237000)/",28350,100,4050300,112850000000,1850,true,6.98
"KSB",105650,"/Date(1704254236000)/",28350,200,4050200,112847000000,1850,true,6.98
"KSB",105643,"/Date(1704254232000)/",28350,1400,4050000,112841000000,1850,true,6.98
"KSB",105643,"/Date(1704254232000)/",28350,500,4048600,112802000000,1850,true,6.98
"KSB",105643,"/Date(1704254232000)/",28350,3100,4048100,112788000000,1850,true,6.98
"KSB",105643,"/Date(1704254230000)/",28350,1000,4045000,112700000000,1850,true,6.98
"KSB",105640,"/Date(1704254228000)/",28350,3600,4044000,112671000000,1850,true,6.98
"KSB",105637,"/Date(1704254225000)/",28350,200,4040400,112569000000,1850,true,6.98
"KSB",105637,"/Date(1704254224000)/",28350,1000,4040200,112564000000,1850,true,6.98
"KSB",105630,"/Date(1704254219000)/",28350,1100,4039200,112535000000,1850,true,6.98
"KSB",105630,"/Date(1704254219000)/",28350,200,4038100,112504000000,1850,true,6.98
"KSB",105630,"/Date(1704254219000)/",28350,600,4037900,112498000000,1850,true,6.98
"KSB",105630,"/Date(1704254219000)/",28350,2000,4037300,112481000000,1850,true,6.98
"KSB",105627,"/Date(1704254216000)/",28350,800,4035300,112425000000,1850,true,6.98
"KSB",105627,"/Date(1704254215000)/",28350,1000,4034500,112402000000,1850,true,6.98
"KSB",105627,"/Date(1704254214000)/",28350,200,4033500,112374000000,1850,true,6.98
"KSB",105627,"/Date(1704254214000)/",28350,300,4033300,112368000000,1850,true,6.98
"KSB",105627,"/Date(1704254214000)/",28350,3400,4033000,112359000000,1850,true,6.98
"KSB",105618,"/Date(1704254205000)/",28350,200,4029600,112263000000,1850,true,6.98
"KSB",105618,"/Date(1704254204000)/",28350,500,4029400,112257000000,1850,true,6.98
"KSB",105615,"/Date(1704254203000)/",28350,100,4028900,112243000000,1850,true,6.98
"KSB",105611,"/Date(1704254199000)/",28350,5000,4028800,112240000000,1850,true,6.98
"KSB",105608,"/Date(1704254195000)/",28350,1500,4023800,112099000000,1850,true,6.98
"KSB",105605,"/Date(1704254194000)/",28350,500,4022300,112056000000,1850,true,6.98
"KSB",105605,"/Date(1704254193000)/",28350,100,4021800,112042000000,1850,true,6.98
"KSB",105559,"/Date(1704254187000)/",28350,5000,4021700,112039000000,1850,false,6.98
"KSB",105559,"/Date(1704254187000)/",28350,1000,4016700,111897000000,1850,false,6.98
"KSB",105559,"/Date(1704254187000)/",28350,500,4015700,111869000000,1850,false,6.98
"KSB",105559,"/Date(1704254187000)/",28350,1000,4015200,111855000000,1850,false,6.98
"KSB",105559,"/Date(1704254187000)/",28350,2700,4014200,111826000000,1850,false,6.98
"KSB",105559,"/Date(1704254187000)/",28350,1000,4011500,111750000000,1850,false,6.98
"KSB",105559,"/Date(1704254187000)/",28350,10000,4010500,111722000000,1850,false,6.98
"KSB",105559,"/Date(1704254187000)/",28350,200,4000500,111438000000,1850,false,6.98
"KSB",105559,"/Date(1704254187000)/",28350,1000,4000300,111432000000,1850,false,6.98
"KSB",105559,"/Date(1704254187000)/",28350,400,3999300,111404000000,1850,false,6.98
"KSB",105559,"/Date(1704254187000)/",28350,200,3998900,111393000000,1850,false,6.98
"KSB",105559,"/Date(1704254187000)/",28350,3500,3998700,111387000000,1850,false,6.98
"KSB",105559,"/Date(1704254187000)/",28350,1000,3995200,111288000000,1850,false,6.98
"KSB",105559,"/Date(1704254187000)/",28350,200,3994200,111259000000,1850,false,6.98
"KSB",105559,"/Date(1704254187000)/",28350,600,3994000,111254000000,1850,false,6.98
"KSB",105559,"/Date(1704254187000)/",28350,1000,3993400,111237000000,1850,false,6.98
"KSB",105559,"/Date(1704254187000)/",28350,200,3992400,111208000000,1850,false,6.98
"KSB",105559,"/Date(1704254187000)/",28350,100,3992200,111203000000,1850,false,6.98
"KSB",105559,"/Date(1704254187000)/",28350,500,3992100,111200000000,1850,false,6.98
"KSB",105559,"/Date(1704254187000)/",28350,5100,3991600,111186000000,1850,false,6.98
"KSB",105559,"/Date(1704254187000)/",28350,1000,3986500,111041000000,1850,false,6.98
"KSB",105559,"/Date(1704254187000)/",28350,5000,3985500,111013000000,1850,false,6.98
"KSB",105559,"/Date(1704254187000)/",28350,1000,3980500,110871000000,1850,false,6.98
"KSB",105559,"/Date(1704254187000)/",28350,400,3979500,110843000000,1850,false,6.98
"KSB",105559,"/Date(1704254187000)/",28350,100,3979100,110831000000,1850,false,6.98
"KSB",105559,"/Date(1704254187000)/",28350,7000,3979000,110829000000,1850,false,6.98
"KSB",105559,"/Date(1704254187000)/",28350,100,3972000,110630000000,1850,false,6.98
"KSB",105559,"/Date(1704254187000)/",28350,1000,3971900,110627000000,1850,false,6.98
"KSB",105559,"/Date(1704254185000)/",28350,500,3970900,110599000000,1850,false,6.98
"KSB",105559,"/Date(1704254185000)/",28350,3000,3970400,110585000000,1850,false,6.98
"KSB",105559,"/Date(1704254185000)/",28350,1000,3967400,110500000000,1850,false,6.98
"KSB",105559,"/Date(1704254185000)/",28350,2000,3966400,110471000000,1850,false,6.98
"KSB",105559,"/Date(1704254185000)/",28350,300,3964400,110415000000,1850,false,6.98
"KSB",105559,"/Date(1704254185000)/",28350,200,3964100,110406000000,1850,false,6.98
"KSB",105559,"/Date(1704254185000)/",28350,21500,3963900,110400000000,1850,false,6.98
"KSB",105559,"/Date(1704254185000)/",28350,1400,3942400,109791000000,1850,false,6.98
"KSB",105559,"/Date(1704254185000)/",28350,600,3941000,109751000000,1850,false,6.98
"KSB",105555,"/Date(1704254184000)/",28350,3400,3940400,109734000000,1850,false,6.98
"KSB",105555,"/Date(1704254184000)/",28350,200,3937000,109638000000,1850,false,6.98
"KSB",105555,"/Date(1704254184000)/",28350,2000,3936800,109632000000,1850,false,6.98
"KSB",105555,"/Date(1704254184000)/",28350,3500,3934800,109575000000,1850,false,6.98
"KSB",105546,"/Date(1704254175000)/",28350,200,3931300,109476000000,1850,false,6.98
"KSB",105546,"/Date(1704254173000)/",28300,100,3931100,109471000000,1800,false,6.79
"KSB",105546,"/Date(1704254173000)/",28300,6800,3931000,109468000000,1800,false,6.79
"KSB",105546,"/Date(1704254173000)/",28300,2700,3924200,109275000000,1800,false,6.79
"KSB",105543,"/Date(1704254170000)/",28300,500,3921500,109199000000,1800,false,6.79
"KSB",105543,"/Date(1704254170000)/",28300,100,3921000,109185000000,1800,false,6.79
"KSB",105543,"/Date(1704254170000)/",28300,6600,3920900,109182000000,1800,false,6.79
"KSB",105543,"/Date(1704254170000)/",28300,2800,3914300,108995000000,1800,false,6.79
"KSB",105533,"/Date(1704254160000)/",28250,300,3911500,108916000000,1750,true,6.6
"KSB",105530,"/Date(1704254159000)/",28250,100,3911200,108907000000,1750,true,6.6
"KSB",105530,"/Date(1704254156000)/",28250,700,3911100,108905000000,1750,true,6.6
"KSB",105524,"/Date(1704254152000)/",28250,300,3910400,108885000000,1750,true,6.6
"KSB",105524,"/Date(1704254152000)/",28250,300,3910100,108876000000,1750,true,6.6
"KSB",105524,"/Date(1704254152000)/",28250,1400,3909800,108868000000,1750,true,6.6
"KSB",105524,"/Date(1704254151000)/",28250,100,3908400,108828000000,1750,true,6.6
"KSB",105517,"/Date(1704254144000)/",28250,500,3908300,108825000000,1750,true,6.6
"KSB",105514,"/Date(1704254142000)/",28200,5200,3907800,108811000000,1700,true,6.42
"KSB",105514,"/Date(1704254140000)/",28200,100,3902600,108665000000,1700,true,6.42
"KSB",105514,"/Date(1704254140000)/",28200,300,3902500,108662000000,1700,true,6.42
"KSB",105514,"/Date(1704254140000)/",28200,500,3902200,108653000000,1700,true,6.42
"KSB",105514,"/Date(1704254140000)/",28200,900,3901700,108639000000,1700,true,6.42
"KSB",105514,"/Date(1704254140000)/",28250,100,3900800,108614000000,1750,true,6.6
"KSB",105514,"/Date(1704254140000)/",28250,2900,3900700,108611000000,1750,true,6.6
"KSB",105511,"/Date(1704254137000)/",28250,100,3897800,108529000000,1750,false,6.6
"KSB",105508,"/Date(1704254136000)/",28200,100,3897700,108526000000,1700,true,6.42
"KSB",105508,"/Date(1704254136000)/",28200,100,3897600,108524000000,1700,true,6.42
"KSB",105508,"/Date(1704254136000)/",28200,100,3897500,108521000000,1700,true,6.42
"KSB",105508,"/Date(1704254136000)/",28200,200,3897400,108518000000,1700,true,6.42
"KSB",105505,"/Date(1704254134000)/",28250,400,3897200,108512000000,1750,false,6.6
"KSB",105505,"/Date(1704254134000)/",28250,100,3896800,108501000000,1750,false,6.6
"KSB",105501,"/Date(1704254130000)/",28250,1000,3896700,108498000000,1750,false,6.6
"KSB",105458,"/Date(1704254126000)/",28250,200,3895700,108470000000,1750,false,6.6
"KSB",105458,"/Date(1704254125000)/",28250,500,3895500,108464000000,1750,false,6.6
"KSB",105455,"/Date(1704254121000)/",28250,100,3895000,108450000000,1750,false,6.6
"KSB",105452,"/Date(1704254120000)/",28200,1000,3894900,108447000000,1700,true,6.42
"KSB",105452,"/Date(1704254120000)/",28200,2000,3893900,108419000000,1700,true,6.42
"KSB",105452,"/Date(1704254118000)/",28250,300,3891900,108363000000,1750,false,6.6
"KSB",105439,"/Date(1704254106000)/",28250,400,3891600,108354000000,1750,true,6.6
"KSB",105439,"/Date(1704254106000)/",28250,3000,3891200,108343000000,1750,true,6.6
"KSB",105436,"/Date(1704254104000)/",28300,900,3888200,108258000000,1800,false,6.79
"KSB",105433,"/Date(1704254100000)/",28250,2000,3887300,108233000000,1750,true,6.6
"KSB",105433,"/Date(1704254100000)/",28250,2000,3885300,108176000000,1750,true,6.6
"KSB",105433,"/Date(1704254100000)/",28250,1000,3883300,108120000000,1750,true,6.6
"KSB",105420,"/Date(1704254088000)/",28300,100,3882300,108091000000,1800,true,6.79
"KSB",105420,"/Date(1704254088000)/",28300,1200,3882200,108089000000,1800,true,6.79
"KSB",105417,"/Date(1704254086000)/",28300,800,3881000,108055000000,1800,true,6.79
"KSB",105417,"/Date(1704254086000)/",28300,500,3880200,108032000000,1800,true,6.79
"KSB",105417,"/Date(1704254086000)/",28300,100,3879700,108018000000,1800,true,6.79
"KSB",105417,"/Date(1704254086000)/",28300,300,3879600,108015000000,1800,true,6.79
"KSB",105417,"/Date(1704254086000)/",28300,2100,3879300,108007000000,1800,true,6.79
"KSB",105417,"/Date(1704254084000)/",28350,2000,3877200,107947000000,1850,false,6.98
"KSB",105411,"/Date(1704254077000)/",28300,3800,3875200,107890000000,1800,true,6.79
"KSB",105411,"/Date(1704254077000)/",28300,100,3871400,107783000000,1800,true,6.79
"KSB",105411,"/Date(1704254077000)/",28300,1100,3871300,107780000000,1800,true,6.79
"KSB",105401,"/Date(1704254069000)/",28350,200,3870200,107749000000,1850,false,6.98
"KSB",105358,"/Date(1704254066000)/",28350,200,3870000,107743000000,1850,false,6.98
"KSB",105358,"/Date(1704254066000)/",28350,200,3869800,107738000000,1850,false,6.98
"KSB",105358,"/Date(1704254066000)/",28350,200,3869600,107732000000,1850,false,6.98
"KSB",105358,"/Date(1704254066000)/",28350,5000,3869400,107726000000,1850,false,6.98
"KSB",105358,"/Date(1704254066000)/",28350,200,3864400,107584000000,1850,false,6.98
"KSB",105358,"/Date(1704254066000)/",28350,1000,3864200,107579000000,1850,false,6.98
"KSB",105358,"/Date(1704254066000)/",28350,7300,3863200,107550000000,1850,false,6.98
"KSB",105358,"/Date(1704254066000)/",28350,2000,3855900,107344000000,1850,false,6.98
"KSB",105358,"/Date(1704254066000)/",28350,9700,3853900,107287000000,1850,false,6.98
"KSB",105358,"/Date(1704254066000)/",28350,500,3844200,107012000000,1850,false,6.98
"KSB",105358,"/Date(1704254066000)/",28350,300,3843700,106998000000,1850,false,6.98
"KSB",105358,"/Date(1704254066000)/",28350,1600,3843400,106989000000,1850,false,6.98
"KSB",105358,"/Date(1704254066000)/",28350,100,3841800,106944000000,1850,false,6.98
"KSB",105358,"/Date(1704254066000)/",28350,600,3841700,106941000000,1850,false,6.98
"KSB",105358,"/Date(1704254066000)/",28350,1000,3841100,106924000000,1850,false,6.98
"KSB",105358,"/Date(1704254066000)/",28350,4000,3840100,106896000000,1850,false,6.98
"KSB",105358,"/Date(1704254066000)/",28350,100,3836100,106782000000,1850,false,6.98
"KSB",105358,"/Date(1704254066000)/",28350,500,3836000,106779000000,1850,false,6.98
"KSB",105358,"/Date(1704254066000)/",28350,200,3835500,106765000000,1850,false,6.98
"KSB",105358,"/Date(1704254066000)/",28350,1200,3835300,106760000000,1850,false,6.98
"KSB",105358,"/Date(1704254066000)/",28350,7000,3834100,106725000000,1850,false,6.98
"KSB",105358,"/Date(1704254066000)/",28350,500,3827100,106527000000,1850,false,6.98
"KSB",105358,"/Date(1704254066000)/",28350,100,3826600,106513000000,1850,false,6.98
"KSB",105358,"/Date(1704254066000)/",28350,3000,3826500,106510000000,1850,false,6.98
"KSB",105358,"/Date(1704254066000)/",28350,700,3823500,106425000000,1850,false,6.98
"KSB",105358,"/Date(1704254066000)/",28350,2000,3822800,106405000000,1850,false,6.98
"KSB",105358,"/Date(1704254066000)/",28350,5000,3820800,106348000000,1850,false,6.98
"KSB",105358,"/Date(1704254066000)/",28350,500,3815800,106207000000,1850,false,6.98
"KSB",105358,"/Date(1704254066000)/",28350,100,3815300,106193000000,1850,false,6.98
"KSB",105358,"/Date(1704254066000)/",28350,500,3815200,106190000000,1850,false,6.98
"KSB",105358,"/Date(1704254066000)/",28350,1000,3814700,106175000000,1850,false,6.98
"KSB",105358,"/Date(1704254066000)/",28350,600,3813700,106147000000,1850,false,6.98
"KSB",105358,"/Date(1704254066000)/",28350,500,3813100,106130000000,1850,false,6.98
"KSB",105358,"/Date(1704254066000)/",28350,6400,3812600,106116000000,1850,false,6.98
"KSB",105358,"/Date(1704254066000)/",28350,700,3806200,105935000000,1850,false,6.98
"KSB",105358,"/Date(1704254066000)/",28350,1000,3805500,105915000000,1850,false,6.98
"KSB",105358,"/Date(1704254066000)/",28350,600,3804500,105886000000,1850,false,6.98
"KSB",105358,"/Date(1704254065000)/",28350,800,3803900,105869000000,1850,false,6.98
"KSB",105358,"/Date(1704254065000)/",28350,500,3803100,105847000000,1850,false,6.98
"KSB",105358,"/Date(1704254065000)/",28350,700,3802600,105832000000,1850,false,6.98
"KSB",105355,"/Date(1704254063000)/",28350,500,3801900,105813000000,1850,true,6.98
"KSB",105355,"/Date(1704254063000)/",28350,400,3801400,105798000000,1850,true,6.98
"KSB",105355,"/Date(1704254063000)/",28350,100,3801000,105787000000,1850,true,6.98
"KSB",105355,"/Date(1704254063000)/",28350,1800,3800900,105784000000,1850,true,6.98
"KSB",105355,"/Date(1704254063000)/",28350,100,3799100,105733000000,1850,true,6.98
"KSB",105355,"/Date(1704254063000)/",28350,6000,3799000,105730000000,1850,true,6.98
"KSB",105355,"/Date(1704254063000)/",28350,3400,3793000,105560000000,1850,true,6.98
"KSB",105355,"/Date(1704254063000)/",28350,13200,3789600,105464000000,1850,true,6.98
"KSB",105351,"/Date(1704254060000)/",28350,4000,3776400,105090000000,1850,true,6.98
"KSB",105351,"/Date(1704254059000)/",28350,500,3772400,104976000000,1850,true,6.98
"KSB",105351,"/Date(1704254059000)/",28350,2300,3771900,104962000000,1850,true,6.98
"KSB",105351,"/Date(1704254059000)/",28350,100,3769600,104897000000,1850,true,6.98
"KSB",105351,"/Date(1704254059000)/",28350,3700,3769500,104894000000,1850,true,6.98
"KSB",105351,"/Date(1704254059000)/",28350,3800,3765800,104789000000,1850,true,6.98
"KSB",105351,"/Date(1704254059000)/",28350,100,3762000,104681000000,1850,true,6.98
"KSB",105351,"/Date(1704254058000)/",28350,4900,3761900,104679000000,1850,true,6.98
"KSB",105351,"/Date(1704254058000)/",28350,100,3757000,104540000000,1850,true,6.98
"KSB",105348,"/Date(1704254056000)/",28350,300,3756900,104537000000,1850,true,6.98
"KSB",105348,"/Date(1704254056000)/",28350,500,3756600,104528000000,1850,true,6.98
"KSB",105348,"/Date(1704254055000)/",28350,500,3756100,104514000000,1850,true,6.98
"KSB",105348,"/Date(1704254054000)/",28350,8600,3755600,104500000000,1850,true,6.98
"KSB",105348,"/Date(1704254054000)/",28350,1000,3747000,104256000000,1850,true,6.98
"KSB",105348,"/Date(1704254054000)/",28350,10000,3746000,104228000000,1850,true,6.98
"KSB",105348,"/Date(1704254054000)/",28350,400,3736000,103944000000,1850,true,6.98
"KSB",105345,"/Date(1704254053000)/",28350,1600,3735600,103933000000,1850,true,6.98
"KSB",105345,"/Date(1704254053000)/",28350,1000,3734000,103888000000,1850,true,6.98
"KSB",105345,"/Date(1704254053000)/",28350,300,3733000,103859000000,1850,true,6.98
"KSB",105345,"/Date(1704254053000)/",28350,700,3732700,103851000000,1850,true,6.98
"KSB",105345,"/Date(1704254053000)/",28350,1400,3732000,103831000000,1850,true,6.98
"KSB",105345,"/Date(1704254053000)/",28350,10600,3730600,103791000000,1850,true,6.98
"KSB",105345,"/Date(1704254053000)/",28350,3700,3720000,103491000000,1850,true,6.98
"KSB",105345,"/Date(1704254053000)/",28350,30700,3716300,103386000000,1850,true,6.98
"KSB",105345,"/Date(1704254052000)/",28350,4000,3685600,102516000000,1850,true,6.98
"KSB",105345,"/Date(1704254051000)/",28350,200,3681600,102402000000,1850,true,6.98
"KSB",105342,"/Date(1704254050000)/",28350,33900,3681400,102396000000,1850,true,6.98
"KSB",105339,"/Date(1704254047000)/",28350,500,3647500,101435000000,1850,true,6.98
"KSB",105339,"/Date(1704254046000)/",28350,5000,3647000,101421000000,1850,true,6.98
"KSB",105336,"/Date(1704254044000)/",28350,300,3642000,101279000000,1850,true,6.98
"KSB",105336,"/Date(1704254043000)/",28350,3000,3641700,101271000000,1850,true,6.98
"KSB",105326,"/Date(1704254033000)/",28350,5000,3638700,101186000000,1850,true,6.98
"KSB",105326,"/Date(1704254032000)/",28350,3000,3633700,101044000000,1850,true,6.98
"KSB",105320,"/Date(1704254027000)/",28350,100,3630700,100959000000,1850,true,6.98
"KSB",105320,"/Date(1704254027000)/",28350,14300,3630600,100956000000,1850,true,6.98
"KSB",105320,"/Date(1704254027000)/",28350,1000,3616300,100551000000,1850,true,6.98
"KSB",105320,"/Date(1704254027000)/",28350,10000,3615300,100523000000,1850,true,6.98
"KSB",105320,"/Date(1704254027000)/",28350,5000,3605300,100239000000,1850,true,6.98
"KSB",105320,"/Date(1704254027000)/",28350,100,3600300,100097000000,1850,true,6.98
"KSB",105320,"/Date(1704254027000)/",28350,5000,3600200,100094000000,1850,true,6.98
"KSB",105320,"/Date(1704254027000)/",28350,500,3595200,99953000000,1850,true,6.98
"KSB",105320,"/Date(1704254027000)/",28350,5100,3594700,99938000000,1850,true,6.98
"KSB",105316,"/Date(1704254025000)/",28350,200,3589600,99794000000,1850,true,6.98
"KSB",105301,"/Date(1704254006000)/",28350,1200,3589400,99788000000,1850,true,6.98
"KSB",105301,"/Date(1704254006000)/",28350,1000,3588200,99754000000,1850,true,6.98
"KSB",105301,"/Date(1704254006000)/",28350,1400,3587200,99726000000,1850,true,6.98
"KSB",105301,"/Date(1704254006000)/",28350,30000,3585800,99686000000,1850,true,6.98
"KSB",105301,"/Date(1704254006000)/",28350,2000,3555800,98836000000,1850,true,6.98
"KSB",105232,"/Date(1704253979000)/",28350,8000,3553800,98779000000,1850,true,6.98
"KSB",105232,"/Date(1704253979000)/",28350,1000,3545800,98552000000,1850,true,6.98
"KSB",105232,"/Date(1704253979000)/",28350,1000,3544800,98524000000,1850,true,6.98
"KSB",105222,"/Date(1704253971000)/",28350,2000,3543800,98495000000,1850,true,6.98
"KSB",105222,"/Date(1704253971000)/",28350,1000,3541800,98439000000,1850,true,6.98
"KSB",105222,"/Date(1704253971000)/",28350,100,3540800,98410000000,1850,true,6.98
"KSB",105222,"/Date(1704253971000)/",28350,900,3540700,98408000000,1850,true,6.98
"KSB",105222,"/Date(1704253969000)/",28350,300,3539800,98382000000,1850,true,6.98
"KSB",105216,"/Date(1704253962000)/",28350,700,3539500,98374000000,1850,true,6.98
"KSB",105157,"/Date(1704253945000)/",28350,2000,3538800,98354000000,1850,true,6.98
"KSB",105147,"/Date(1704253936000)/",28350,1100,3536800,98297000000,1850,true,6.98
"KSB",105147,"/Date(1704253936000)/",28350,900,3535700,98266000000,1850,true,6.98
"KSB",105138,"/Date(1704253923000)/",28350,100,3534800,98240000000,1850,true,6.98
"KSB",105138,"/Date(1704253923000)/",28350,100,3534700,98237000000,1850,true,6.98
"KSB",105138,"/Date(1704253923000)/",28350,300,3534600,98235000000,1850,true,6.98
"KSB",105125,"/Date(1704253913000)/",28350,1700,3534300,98226000000,1850,true,6.98
"KSB",105125,"/Date(1704253913000)/",28350,2000,3532600,98178000000,1850,true,6.98
"KSB",105125,"/Date(1704253913000)/",28350,200,3530600,98121000000,1850,true,6.98
"KSB",105125,"/Date(1704253913000)/",28350,200,3530400,98116000000,1850,true,6.98
"KSB",105125,"/Date(1704253913000)/",28350,900,3530200,98110000000,1850,true,6.98
"KSB",105112,"/Date(1704253898000)/",28350,300,3529300,98084000000,1850,true,6.98
"KSB",105112,"/Date(1704253898000)/",28350,5000,3529000,98076000000,1850,true,6.98
"KSB",105112,"/Date(1704253898000)/",28350,300,3524000,97934000000,1850,true,6.98
"KSB",105112,"/Date(1704253898000)/",28350,1000,3523700,97926000000,1850,true,6.98
"KSB",105112,"/Date(1704253898000)/",28350,1600,3522700,97897000000,1850,true,6.98
"KSB",105112,"/Date(1704253898000)/",28350,1800,3521100,97852000000,1850,true,6.98
"KSB",105044,"/Date(1704253870000)/",28350,1000,3519300,97801000000,1850,true,6.98
"KSB",105040,"/Date(1704253867000)/",28350,1000,3518300,97773000000,1850,true,6.98
"KSB",105040,"/Date(1704253867000)/",28350,100,3517300,97744000000,1850,true,6.98
"KSB",105037,"/Date(1704253863000)/",28350,500,3517200,97741000000,1850,true,6.98
"KSB",105037,"/Date(1704253863000)/",28350,100,3516700,97727000000,1850,true,6.98
"KSB",105021,"/Date(1704253850000)/",28350,3100,3516600,97724000000,1850,true,6.98
"KSB",105018,"/Date(1704253846000)/",28350,42400,3513500,97636000000,1850,true,6.98
"KSB",105018,"/Date(1704253846000)/",28350,7600,3471100,96434000000,1850,true,6.98
"KSB",105009,"/Date(1704253837000)/",28350,1500,3463500,96219000000,1850,true,6.98
"KSB",104946,"/Date(1704253814000)/",28350,8900,3462000,96176000000,1850,true,6.98
"KSB",104946,"/Date(1704253814000)/",28350,600,3453100,95924000000,1850,true,6.98
"KSB",104946,"/Date(1704253814000)/",28350,500,3452500,95907000000,1850,true,6.98
"KSB",104914,"/Date(1704253781000)/",28350,100,3452000,95893000000,1850,true,6.98
"KSB",104836,"/Date(1704253744000)/",28350,3400,3451900,95890000000,1850,true,6.98
"KSB",104836,"/Date(1704253744000)/",28350,1600,3448500,95794000000,1850,true,6.98
"KSB",104830,"/Date(1704253737000)/",28350,400,3446900,95748000000,1850,true,6.98
"KSB",104830,"/Date(1704253737000)/",28350,500,3446500,95737000000,1850,true,6.98
"KSB",104830,"/Date(1704253737000)/",28350,100,3446000,95723000000,1850,true,6.98
"KSB",104820,"/Date(1704253727000)/",28350,2100,3445900,95720000000,1850,true,6.98
"KSB",104820,"/Date(1704253727000)/",28350,900,3443800,95660000000,1850,true,6.98
"KSB",104807,"/Date(1704253713000)/",28350,5100,3442900,95635000000,1850,true,6.98
"KSB",104807,"/Date(1704253713000)/",28350,100,3437800,95490000000,1850,true,6.98
"KSB",104807,"/Date(1704253713000)/",28350,1000,3437700,95488000000,1850,true,6.98
"KSB",104807,"/Date(1704253713000)/",28350,5800,3436700,95459000000,1850,true,6.98
"KSB",104758,"/Date(1704253704000)/",28350,3000,3430900,95295000000,1850,true,6.98
"KSB",104748,"/Date(1704253694000)/",28350,300,3427900,95210000000,1850,true,6.98
"KSB",104739,"/Date(1704253686000)/",28350,100,3427600,95201000000,1850,true,6.98
"KSB",104735,"/Date(1704253682000)/",28350,400,3427500,95198000000,1850,true,6.98
"KSB",104716,"/Date(1704253664000)/",28350,300,3427100,95187000000,1850,true,6.98
"KSB",104713,"/Date(1704253659000)/",28350,100,3426800,95179000000,1850,true,6.98
"KSB",104713,"/Date(1704253659000)/",28350,900,3426700,95176000000,1850,true,6.98
"KSB",104704,"/Date(1704253650000)/",28350,1000,3425800,95150000000,1850,true,6.98
"KSB",104704,"/Date(1704253648000)/",28350,100,3424800,95122000000,1850,true,6.98
"KSB",104700,"/Date(1704253648000)/",28350,100,3424700,95119000000,1850,true,6.98
"KSB",104632,"/Date(1704253618000)/",28350,900,3424600,95116000000,1850,true,6.98
"KSB",104632,"/Date(1704253618000)/",28350,1100,3423700,95091000000,1850,true,6.98
"KSB",104632,"/Date(1704253617000)/",28350,8900,3422600,95059000000,1850,true,6.98
"KSB",104632,"/Date(1704253617000)/",28350,1000,3413700,94807000000,1850,true,6.98
"KSB",104619,"/Date(1704253605000)/",28350,200,3412700,94779000000,1850,true,6.98
"KSB",104616,"/Date(1704253602000)/",28350,800,3412500,94773000000,1850,true,6.98
"KSB",104616,"/Date(1704253602000)/",28350,7700,3411700,94750000000,1850,true,6.98
"KSB",104606,"/Date(1704253593000)/",28350,500,3404000,94532000000,1850,true,6.98
"KSB",104557,"/Date(1704253582000)/",28350,500,3403500,94518000000,1850,true,6.98
"KSB",104538,"/Date(1704253564000)/",28350,100,3403000,94504000000,1850,true,6.98
"KSB",104506,"/Date(1704253533000)/",28350,1000,3402900,94501000000,1850,true,6.98
"KSB",104459,"/Date(1704253526000)/",28350,200,3401900,94473000000,1850,true,6.98
"KSB",104459,"/Date(1704253526000)/",28350,1800,3401700,94467000000,1850,true,6.98
"KSB",104453,"/Date(1704253520000)/",28350,100,3399900,94416000000,1850,true,6.98
"KSB",104450,"/Date(1704253515000)/",28350,100,3399800,94413000000,1850,true,6.98
"KSB",104447,"/Date(1704253512000)/",28350,2000,3399700,94410000000,1850,true,6.98
"KSB",104431,"/Date(1704253497000)/",28350,600,3397700,94354000000,1850,true,6.98
"KSB",104427,"/Date(1704253493000)/",28350,2000,3397100,94337000000,1850,true,6.98
"KSB",104424,"/Date(1704253490000)/",28350,100,3395100,94280000000,1850,true,6.98
"KSB",104424,"/Date(1704253490000)/",28350,10000,3395000,94277000000,1850,true,6.98
"KSB",104405,"/Date(1704253471000)/",28350,100,3385000,93994000000,1850,true,6.98
"KSB",104402,"/Date(1704253467000)/",28350,600,3384900,93991000000,1850,true,6.98
"KSB",104352,"/Date(1704253458000)/",28350,200,3384300,93974000000,1850,true,6.98
"KSB",104330,"/Date(1704253436000)/",28350,1000,3384100,93968000000,1850,true,6.98
"KSB",104320,"/Date(1704253427000)/",28350,1000,3383100,93940000000,1850,true,6.98
"KSB",104311,"/Date(1704253417000)/",28350,400,3382100,93911000000,1850,true,6.98
"KSB",104311,"/Date(1704253417000)/",28350,100,3381700,93900000000,1850,true,6.98
"KSB",104308,"/Date(1704253412000)/",28350,300,3381600,93897000000,1850,true,6.98
"KSB",104308,"/Date(1704253412000)/",28350,100,3381300,93889000000,1850,true,6.98
"KSB",104308,"/Date(1704253412000)/",28350,100,3381200,93886000000,1850,true,6.98
"KSB",104308,"/Date(1704253412000)/",28350,1500,3381100,93883000000,1850,true,6.98
"KSB",104301,"/Date(1704253406000)/",28350,1500,3379600,93840000000,1850,true,6.98
"KSB",104301,"/Date(1704253406000)/",28350,500,3378100,93798000000,1850,true,6.98
"KSB",104258,"/Date(1704253405000)/",28350,500,3377600,93784000000,1850,true,6.98
"KSB",104255,"/Date(1704253400000)/",28350,3700,3377100,93770000000,1850,true,6.98
"KSB",104245,"/Date(1704253391000)/",28350,15300,3373400,93665000000,1850,true,6.98
"KSB",104245,"/Date(1704253391000)/",28350,100,3358100,93231000000,1850,true,6.98
"KSB",104245,"/Date(1704253391000)/",28350,400,3358000,93228000000,1850,true,6.98
"KSB",104245,"/Date(1704253391000)/",28350,1700,3357600,93217000000,1850,true,6.98
"KSB",104245,"/Date(1704253391000)/",28350,2000,3355900,93169000000,1850,true,6.98
"KSB",104245,"/Date(1704253391000)/",28350,500,3353900,93112000000,1850,true,6.98
"KSB",104245,"/Date(1704253391000)/",28350,1600,3353400,93098000000,1850,true,6.98
"KSB",104245,"/Date(1704253391000)/",28350,2000,3351800,93052000000,1850,true,6.98
"KSB",104245,"/Date(1704253391000)/",28350,4400,3349800,92996000000,1850,true,6.98
"KSB",104233,"/Date(1704253380000)/",28350,100,3345400,92871000000,1850,true,6.98
"KSB",104158,"/Date(1704253343000)/",28350,500,3345300,92868000000,1850,true,6.98
"KSB",104158,"/Date(1704253343000)/",28350,4500,3344800,92854000000,1850,true,6.98
"KSB",104142,"/Date(1704253329000)/",28350,500,3340300,92726000000,1850,true,6.98
"KSB",104135,"/Date(1704253320000)/",28350,300,3339800,92712000000,1850,true,6.98
"KSB",104123,"/Date(1704253308000)/",28350,500,3339500,92704000000,1850,true,6.98
"KSB",104113,"/Date(1704253298000)/",28350,600,3339000,92689000000,1850,true,6.98
"KSB",104054,"/Date(1704253279000)/",28350,200,3338400,92672000000,1850,true,6.98
"KSB",104038,"/Date(1704253265000)/",28350,300,3338200,92667000000,1850,true,6.98
"KSB",104032,"/Date(1704253257000)/",28350,200,3337900,92658000000,1850,true,6.98
"KSB",104028,"/Date(1704253255000)/",28350,200,3337700,92653000000,1850,true,6.98
