"Stockcode","Package","TradingDate","Price","Vol","TotalVol","TotalVal","Change","IsBuy","PerChange"
"VND",144411,"/Date(1704267901000)/",22350,1435000,16599300,367829000000,200,false,0.9
"VND",142911,"/Date(1704266998000)/",22250,10000,15164300,335757000000,100,false,0.45
"VND",142911,"/Date(1704266997000)/",22250,500,15154300,335535000000,100,false,0.45
"VND",142911,"/Date(1704266997000)/",22250,1000,15153800,335524000000,100,false,0.45
"VND",142911,"/Date(1704266996000)/",22250,1000,15152800,335501000000,100,false,0.45
"VND",142908,"/Date(1704266995000)/",22250,500,15151800,335479000000,100,false,0.45
"VND",142908,"/Date(1704266995000)/",22250,2000,15151300,335468000000,100,false,0.45
"VND",142908,"/Date(1704266995000)/",22250,10000,15149300,335423000000,100,false,0.45
"VND",142908,"/Date(1704266995000)/",22250,500,15139300,335201000000,100,false,0.45
"VND",142908,"/Date(1704266995000)/",22250,100,15138800,335190000000,100,false,0.45
"VND",142908,"/Date(1704266994000)/",22250,1000,15138700,335188000000,100,false,0.45
"VND",142908,"/Date(1704266993000)/",22250,2000,15137700,335165000000,100,false,0.45
"VND",142908,"/Date(1704266993000)/",22250,300,15135700,335121000000,100,false,0.45
"VND",142905,"/Date(1704266992000)/",22250,13200,15135400,335114000000,100,false,0.45
"VND",142905,"/Date(1704266992000)/",22250,100,15122200,334820000000,100,false,0.45
"VND",142905,"/Date(1704266992000)/",22250,16000,15122100,334818000000,100,false,0.45
"VND",142905,"/Date(1704266992000)/",22250,800,15106100,334462000000,100,false,0.45
"VND",142905,"/Date(1704266992000)/",22250,1000,15105300,334444000000,100,false,0.45
"VND",142905,"/Date(1704266992000)/",22250,300,15104300,334422000000,100,false,0.45
"VND",142905,"/Date(1704266992000)/",22250,2900,15104000,334416000000,100,false,0.45
"VND",142905,"/Date(1704266992000)/",22250,100,15101100,334351000000,100,false,0.45
"VND",142905,"/Date(1704266992000)/",22250,100,15101000,334349000000,100,false,0.45
"VND",142905,"/Date(1704266992000)/",22250,200,15100900,334347000000,100,false,0.45
"VND",142905,"/Date(1704266992000)/",22250,600,15100700,334342000000,100,false,0.45
"VND",142905,"/Date(1704266992000)/",22250,1000,15100100,334329000000,100,false,0.45
"VND",142905,"/Date(1704266992000)/",22250,1000,15099100,334307000000,100,false,0.45
"VND",142905,"/Date(1704266992000)/",22250,500,15098100,334284000000,100,false,0.45
"VND",142905,"/Date(1704266992000)/",22250,100,15097600,334273000000,100,false,0.45
"VND",142905,"/Date(1704266992000)/",22250,2000,15097500,334271000000,100,false,0.45
"VND",142905,"/Date(1704266992000)/",22250,100,15095500,334226000000,100,false,0.45
"VND",142905,"/Date(1704266992000)/",22250,300,15095400,334224000000,100,false,0.45
"VND",142905,"/Date(1704266992000)/",22250,1000,15095100,334218000000,100,false,0.45
"VND",142905,"/Date(1704266992000)/",22250,500,15094100,334195000000,100,false,0.45
"VND",142905,"/Date(1704266992000)/",22250,100,15093600,334184000000,100,false,0.45
"VND",142905,"/Date(1704266992000)/",22250,2300,15093500,334182000000,100,false,0.45
"VND",142905,"/Date(1704266992000)/",22250,100,15091200,334131000000,100,false,0.45
"VND",142905,"/Date(1704266992000)/",22250,500,15091100,334129000000,100,false,0.45
"VND",142905,"/Date(1704266992000)/",22250,1000,15090600,334117000000,100,false,0.45
"VND",142905,"/Date(1704266992000)/",22250,800,15089600,334095000000,100,false,0.45
"VND",142905,"/Date(1704266992000)/",22250,500,15088800,334077000000,100,false,0.45
"VND",142905,"/Date(1704266992000)/",22250,2000,15088300,334066000000,100,false,0.45
"VND",142905,"/Date(1704266992000)/",22250,200,15086300,334022000000,100,false,0.45
"VND",142905,"/Date(1704266992000)/",22250,200,15086100,334017000000,100,false,0.45
"VND",142905,"/Date(1704266992000)/",22250,500,15085900,334013000000,100,false,0.45
"VND",142905,"/Date(1704266992000)/",22250,100,15085400,334002000000,100,false,0.45
"VND",142905,"/Date(1704266992000)/",22250,700,15085300,333999000000,100,false,0.45
"VND",142905,"/Date(1704266992000)/",22250,35000,15084600,333984000000,100,false,0.45
"VND",142905,"/Date(1704266992000)/",22250,1800,15049600,333205000000,100,false,0.45
"VND",142905,"/Date(1704266992000)/",22250,3000,15047800,333165000000,100,false,0.45
"VND",142905,"/Date(1704266992000)/",22250,300,15044800,333098000000,100,false,0.45
"VND",142905,"/Date(1704266992000)/",22250,200,15044500,333092000000,100,false,0.45
"VND",142905,"/Date(1704266992000)/",22250,700,15044300,333087000000,100,false,0.45
"VND",142905,"/Date(1704266992000)/",22250,400,15043600,333072000000,100,false,0.45
"VND",142905,"/Date(1704266992000)/",22250,100,15043200,333063000000,100,false,0.45
"VND",142905,"/Date(1704266992000)/",22250,300,15043100,333061000000,100,false,0.45
"VND",142905,"/Date(1704266992000)/",22250,1700,15042800,333054000000,100,false,0.45
"VND",142905,"/Date(1704266992000)/",22250,1000,15041100,333016000000,100,false,0.45
"VND",142905,"/Date(1704266992000)/",22250,1000,15040100,332994000000,100,false,0.45
"VND",142905,"/Date(1704266992000)/",22250,500,15039100,332972000000,100,false,0.45
"VND",142905,"/Date(1704266992000)/",22250,3200,15038600,332960000000,100,false,0.45
"VND",142905,"/Date(1704266992000)/",22250,300,15035400,332889000000,100,false,0.45
"VND",142905,"/Date(1704266991000)/",22250,800,15035100,332883000000,100,false,0.45
"VND",142902,"/Date(1704266989000)/",22250,800,15034300,332865000000,100,false,0.45
"VND",142902,"/Date(1704266989000)/",22250,1500,15033500,332847000000,100,false,0.45
"VND",142902,"/Date(1704266988000)/",22200,300,15032000,332814000000,50,true,0.23
"VND",142902,"/Date(1704266988000)/",22250,1000,15031700,332807000000,100,false,0.45
"VND",142902,"/Date(1704266988000)/",22250,1000,15030700,332785000000,100,false,0.45
"VND",142859,"/Date(1704266986000)/",22250,100,15029700,332762000000,100,false,0.45
"VND",142859,"/Date(1704266985000)/",22250,1300,15029600,332760000000,100,false,0.45
"VND",142859,"/Date(1704266985000)/",22250,700,15028300,332731000000,100,false,0.45
"VND",142855,"/Date(1704266982000)/",22250,200,15027600,332716000000,100,false,0.45
"VND",142855,"/Date(1704266980000)/",22250,100,15027400,332711000000,100,false,0.45
"VND",142855,"/Date(1704266980000)/",22250,2000,15027300,332709000000,100,false,0.45
"VND",142855,"/Date(1704266980000)/",22250,8900,15025300,332664000000,100,false,0.45
"VND",142855,"/Date(1704266980000)/",22250,6100,15016400,332466000000,100,false,0.45
"VND",142855,"/Date(1704266980000)/",22250,100,15010300,332331000000,100,false,0.45
"VND",142855,"/Date(1704266980000)/",22250,1000,15010200,332328000000,100,false,0.45
"VND",142855,"/Date(1704266980000)/",22250,1000,15009200,332306000000,100,false,0.45
"VND",142855,"/Date(1704266980000)/",22250,1800,15008200,332284000000,100,false,0.45
"VND",142852,"/Date(1704266979000)/",22250,1000,15006400,332244000000,100,false,0.45
"VND",142852,"/Date(1704266978000)/",22250,2200,15005400,332222000000,100,false,0.45
"VND",142852,"/Date(1704266978000)/",22250,3000,15003200,332173000000,100,false,0.45
"VND",142852,"/Date(1704266978000)/",22250,100,15000200,332106000000,100,false,0.45
"VND",142852,"/Date(1704266978000)/",22250,2000,15000100,332104000000,100,false,0.45
"VND",142852,"/Date(1704266978000)/",22250,5000,14998100,332059000000,100,false,0.45
"VND",142852,"/Date(1704266978000)/",22250,400,14993100,331948000000,100,false,0.45
"VND",142852,"/Date(1704266978000)/",22250,200,14992700,331939000000,100,false,0.45
"VND",142852,"/Date(1704266978000)/",22250,200,14992500,331935000000,100,false,0.45
"VND",142852,"/Date(1704266978000)/",22250,1000,14992300,331930000000,100,false,0.45
"VND",142852,"/Date(1704266978000)/",22250,5000,14991300,331908000000,100,false,0.45
"VND",142852,"/Date(1704266978000)/",22250,500,14986300,331797000000,100,false,0.45
"VND",142852,"/Date(1704266978000)/",22250,400,14985800,331786000000,100,false,0.45
"VND",142849,"/Date(1704266975000)/",22250,1900,14985400,331777000000,100,false,0.45
"VND",142849,"/Date(1704266975000)/",22250,2000,14983500,331734000000,100,false,0.45
"VND",142849,"/Date(1704266974000)/",22250,300,14981500,331690000000,100,false,0.45
"VND",142849,"/Date(1704266973000)/",22250,1300,14981200,331683000000,100,false,0.45
"VND",142846,"/Date(1704266973000)/",22250,1000,14979900,331654000000,100,false,0.45
"VND",142846,"/Date(1704266973000)/",22250,1000,14978900,331632000000,100,false,0.45
"VND",142846,"/Date(1704266971000)/",22250,100,14977900,331610000000,100,false,0.45
"VND",142846,"/Date(1704266971000)/",22250,7000,14977800,331608000000,100,false,0.45
"VND",142846,"/Date(1704266971000)/",22250,1000,14970800,331452000000,100,false,0.45
"VND",142846,"/Date(1704266971000)/",22250,24000,14969800,331430000000,100,false,0.45
"VND",142846,"/Date(1704266971000)/",22250,200,14945800,330896000000,100,false,0.45
"VND",142846,"/Date(1704266971000)/",22250,300,14945600,330891000000,100,false,0.45
"VND",142846,"/Date(1704266971000)/",22250,17500,14945300,330884000000,100,false,0.45
"VND",142846,"/Date(1704266970000)/",22250,4000,14927800,330495000000,100,false,0.45
"VND",142842,"/Date(1704266969000)/",22250,1000,14923800,330406000000,100,false,0.45
"VND",142839,"/Date(1704266966000)/",22250,1000,14922800,330384000000,100,false,0.45
"VND",142839,"/Date(1704266966000)/",22250,500,14921800,330362000000,100,false,0.45
"VND",142839,"/Date(1704266966000)/",22250,100,14921300,330350000000,100,false,0.45
"VND",142839,"/Date(1704266966000)/",22250,400,14921200,330348000000,100,false,0.45
"VND",142839,"/Date(1704266965000)/",22200,100,14920800,330339000000,50,true,0.23
"VND",142839,"/Date(1704266965000)/",22250,300,14920700,330337000000,100,false,0.45
"VND",142839,"/Date(1704266965000)/",22250,9300,14920400,330330000000,100,false,0.45
"VND",142839,"/Date(1704266965000)/",22250,1000,14911100,330124000000,100,false,0.45
"VND",142839,"/Date(1704266965000)/",22250,1000,14910100,330101000000,100,false,0.45
"VND",142839,"/Date(1704266965000)/",22250,100,14909100,330079000000,100,false,0.45
"VND",142839,"/Date(1704266965000)/",22250,300,14909000,330077000000,100,false,0.45
"VND",142839,"/Date(1704266965000)/",22250,300,14908700,330070000000,100,false,0.45
"VND",142836,"/Date(1704266962000)/",22250,200,14908400,330063000000,100,false,0.45
"VND",142836,"/Date(1704266962000)/",22250,200,14908200,330059000000,100,false,0.45
"VND",142836,"/Date(1704266962000)/",22250,1000,14908000,330055000000,100,false,0.45
"VND",142836,"/Date(1704266962000)/",22250,6600,14907000,330032000000,100,false,0.45
"VND",142836,"/Date(1704266960000)/",22250,100,14900400,329885000000,100,false,0.45
"VND",142833,"/Date(1704266960000)/",22200,100,14900300,329883000000,50,true,0.23
"VND",142833,"/Date(1704266957000)/",22250,400,14900200,329881000000,100,false,0.45
"VND",142830,"/Date(1704266956000)/",22250,200,14899800,329872000000,100,false,0.45
"VND",142826,"/Date(1704266953000)/",22200,4000,14899600,329868000000,50,true,0.23
"VND",142823,"/Date(1704266950000)/",22200,1000,14895600,329779000000,50,true,0.23
"VND",142823,"/Date(1704266948000)/",22250,500,14894600,329757000000,100,false,0.45
"VND",142817,"/Date(1704266943000)/",22200,1000,14894100,329746000000,50,true,0.23
"VND",142817,"/Date(1704266942000)/",22200,100,14893100,329723000000,50,true,0.23
"VND",142813,"/Date(1704266938000)/",22200,18000,14893000,329721000000,50,true,0.23
"VND",142757,"/Date(1704266925000)/",22200,1000,14875000,329322000000,50,true,0.23
"VND",142754,"/Date(1704266922000)/",22200,4300,14874000,329299000000,50,true,0.23
"VND",142754,"/Date(1704266922000)/",22200,200,14869700,329204000000,50,true,0.23
"VND",142754,"/Date(1704266922000)/",22200,500,14869500,329199000000,50,true,0.23
"VND",142751,"/Date(1704266919000)/",22200,1000,14869000,329188000000,50,true,0.23
"VND",142744,"/Date(1704266911000)/",22200,500,14868000,329166000000,50,false,0.23
"VND",142744,"/Date(1704266911000)/",22200,1000,14867500,329155000000,50,false,0.23
"VND",142744,"/Date(1704266911000)/",22200,300,14866500,329133000000,50,false,0.23
"VND",142744,"/Date(1704266911000)/",22200,700,14866200,329126000000,50,false,0.23
"VND",142744,"/Date(1704266911000)/",22200,2000,14865500,329111000000,50,false,0.23
"VND",142744,"/Date(1704266911000)/",22200,500,14863500,329066000000,50,false,0.23
"VND",142744,"/Date(1704266911000)/",22200,1000,14863000,329055000000,50,false,0.23
"VND",142744,"/Date(1704266911000)/",22200,100,14862000,329033000000,50,false,0.23
"VND",142744,"/Date(1704266911000)/",22200,200,14861900,329031000000,50,false,0.23
"VND",142744,"/Date(1704266911000)/",22200,600,14861700,329026000000,50,false,0.23
"VND",142744,"/Date(1704266911000)/",22200,800,14861100,329013000000,50,false,0.23
"VND",142744,"/Date(1704266911000)/",22200,1100,14860300,328995000000,50,false,0.23
"VND",142741,"/Date(1704266909000)/",22200,900,14859200,328971000000,50,false,0.23
"VND",142741,"/Date(1704266909000)/",22200,1000,14858300,328951000000,50,false,0.23
"VND",142741,"/Date(1704266909000)/",22200,600,14857300,328929000000,50,false,0.23
"VND",142741,"/Date(1704266909000)/",22200,2000,14856700,328915000000,50,false,0.23
"VND",142741,"/Date(1704266909000)/",22200,3500,14854700,328871000000,50,false,0.23
"VND",142741,"/Date(1704266909000)/",22200,3000,14851200,328793000000,50,false,0.23
"VND",142741,"/Date(1704266908000)/",22200,500,14848200,328727000000,50,false,0.23
"VND",142741,"/Date(1704266907000)/",22200,2000,14847700,328715000000,50,false,0.23
"VND",142741,"/Date(1704266906000)/",22200,500,14845700,328671000000,50,false,0.23
"VND",142738,"/Date(1704266904000)/",22200,2500,14845200,328660000000,50,false,0.23
"VND",142738,"/Date(1704266903000)/",22200,38000,14842700,328604000000,50,false,0.23
"VND",142738,"/Date(1704266903000)/",22200,2000,14804700,327761000000,50,false,0.23
"VND",142738,"/Date(1704266903000)/",22200,2000,14802700,327716000000,50,false,0.23
"VND",142738,"/Date(1704266903000)/",22200,400,14800700,327672000000,50,false,0.23
"VND",142738,"/Date(1704266903000)/",22200,1000,14800300,327663000000,50,false,0.23
"VND",142738,"/Date(1704266903000)/",22200,100,14799300,327641000000,50,false,0.23
"VND",142738,"/Date(1704266903000)/",22200,5000,14799200,327639000000,50,false,0.23
"VND",142738,"/Date(1704266903000)/",22200,1000,14794200,327528000000,50,false,0.23
"VND",142738,"/Date(1704266903000)/",22200,500,14793200,327506000000,50,false,0.23
"VND",142738,"/Date(1704266903000)/",22200,500,14792700,327494000000,50,false,0.23
"VND",142738,"/Date(1704266903000)/",22200,4500,14792200,327483000000,50,false,0.23
"VND",142738,"/Date(1704266903000)/",22200,4200,14787700,327383000000,50,false,0.23
"VND",142738,"/Date(1704266903000)/",22200,2000,14783500,327290000000,50,false,0.23
"VND",142738,"/Date(1704266903000)/",22200,5000,14781500,327246000000,50,false,0.23
"VND",142738,"/Date(1704266903000)/",22200,100,14776500,327135000000,50,false,0.23
"VND",142738,"/Date(1704266903000)/",22200,100,14776400,327133000000,50,false,0.23
"VND",142738,"/Date(1704266903000)/",22200,1000,14776300,327130000000,50,false,0.23
"VND",142738,"/Date(1704266903000)/",22200,500,14775300,327108000000,50,false,0.23
"VND",142738,"/Date(1704266903000)/",22200,2900,14774800,327097000000,50,false,0.23
"VND",142738,"/Date(1704266903000)/",22200,20000,14771900,327033000000,50,false,0.23
"VND",142738,"/Date(1704266903000)/",22200,5000,14751900,326589000000,50,false,0.23
"VND",142738,"/Date(1704266903000)/",22200,3000,14746900,326478000000,50,false,0.23
"VND",142738,"/Date(1704266903000)/",22200,2500,14743900,326411000000,50,false,0.23
"VND",142738,"/Date(1704266903000)/",22200,200,14741400,326356000000,50,false,0.23
"VND",142738,"/Date(1704266903000)/",22200,10000,14741200,326351000000,50,false,0.23
"VND",142738,"/Date(1704266903000)/",22200,200,14731200,326129000000,50,false,0.23
"VND",142738,"/Date(1704266903000)/",22200,5000,14731000,326125000000,50,false,0.23
"VND",142738,"/Date(1704266903000)/",22200,100,14726000,326014000000,50,false,0.23
"VND",142738,"/Date(1704266903000)/",22200,100,14725900,326011000000,50,false,0.23
"VND",142738,"/Date(1704266903000)/",22200,10000,14725800,326009000000,50,false,0.23
"VND",142738,"/Date(1704266903000)/",22200,900,14715800,325787000000,50,false,0.23
"VND",142738,"/Date(1704266903000)/",22200,1000,14714900,325767000000,50,false,0.23
"VND",142738,"/Date(1704266903000)/",22200,5000,14713900,325745000000,50,false,0.23
"VND",142738,"/Date(1704266903000)/",22200,2000,14708900,325634000000,50,false,0.23
"VND",142738,"/Date(1704266903000)/",22200,100,14706900,325590000000,50,false,0.23
"VND",142738,"/Date(1704266903000)/",22200,100,14706800,325587000000,50,false,0.23
"VND",142738,"/Date(1704266903000)/",22200,200,14706700,325585000000,50,false,0.23
"VND",142738,"/Date(1704266903000)/",22200,5500,14706500,325581000000,50,false,0.23
"VND",142738,"/Date(1704266903000)/",22200,1000,14701000,325459000000,50,false,0.23
"VND",142738,"/Date(1704266903000)/",22200,600,14700000,325437000000,50,false,0.23
"VND",142738,"/Date(1704266903000)/",22200,2000,14699400,325423000000,50,false,0.23
"VND",142738,"/Date(1704266903000)/",22200,10000,14697400,325379000000,50,false,0.23
"VND",142738,"/Date(1704266903000)/",22200,10000,14687400,325157000000,50,false,0.23
"VND",142738,"/Date(1704266903000)/",22200,500,14677400,324935000000,50,false,0.23
"VND",142738,"/Date(1704266903000)/",22200,500,14676900,324924000000,50,false,0.23
"VND",142738,"/Date(1704266903000)/",22200,2000,14676400,324913000000,50,false,0.23
"VND",142738,"/Date(1704266903000)/",22200,700,14674400,324868000000,50,false,0.23
"VND",142738,"/Date(1704266903000)/",22200,100,14673700,324853000000,50,false,0.23
"VND",142738,"/Date(1704266903000)/",22200,500,14673600,324850000000,50,false,0.23
"VND",142738,"/Date(1704266903000)/",22200,700,14673100,324839000000,50,false,0.23
"VND",142738,"/Date(1704266903000)/",22200,3000,14672400,324824000000,50,false,0.23
"VND",142738,"/Date(1704266903000)/",22200,1500,14669400,324757000000,50,false,0.23
"VND",142738,"/Date(1704266903000)/",22200,1000,14667900,324724000000,50,false,0.23
"VND",142738,"/Date(1704266903000)/",22200,2000,14666900,324702000000,50,false,0.23
"VND",142738,"/Date(1704266903000)/",22200,3000,14664900,324657000000,50,false,0.23
"VND",142738,"/Date(1704266903000)/",22200,500,14661900,324591000000,50,false,0.23
"VND",142738,"/Date(1704266903000)/",22200,1000,14661400,324580000000,50,false,0.23
"VND",142738,"/Date(1704266903000)/",22200,100,14660400,324557000000,50,false,0.23
"VND",142738,"/Date(1704266903000)/",22200,200,14660300,324555000000,50,false,0.23
"VND",142738,"/Date(1704266903000)/",22200,2000,14660100,324551000000,50,false,0.23
"VND",142738,"/Date(1704266903000)/",22200,10000,14658100,324506000000,50,false,0.23
"VND",142738,"/Date(1704266903000)/",22200,200,14648100,324284000000,50,false,0.23
"VND",142738,"/Date(1704266903000)/",22200,1000,14647900,324280000000,50,false,0.23
"VND",142738,"/Date(1704266903000)/",22200,500,14646900,324258000000,50,false,0.23
"VND",142738,"/Date(1704266903000)/",22200,7000,14646400,324247000000,50,false,0.23
"VND",142738,"/Date(1704266903000)/",22200,500,14639400,324091000000,50,false,0.23
"VND",142738,"/Date(1704266903000)/",22200,5000,14638900,324080000000,50,false,0.23
"VND",142738,"/Date(1704266903000)/",22200,300,14633900,323969000000,50,false,0.23
"VND",142738,"/Date(1704266903000)/",22200,300,14633600,323962000000,50,false,0.23
"VND",142738,"/Date(1704266903000)/",22200,100,14633300,323956000000,50,false,0.23
"VND",142738,"/Date(1704266903000)/",22200,5000,14633200,323954000000,50,false,0.23
"VND",142738,"/Date(1704266903000)/",22200,5000,14628200,323843000000,50,false,0.23
"VND",142738,"/Date(1704266903000)/",22200,100,14623200,323732000000,50,false,0.23
"VND",142738,"/Date(1704266903000)/",22200,15000,14623100,323729000000,50,false,0.23
"VND",142738,"/Date(1704266903000)/",22200,500,14608100,323396000000,50,false,0.23
"VND",142738,"/Date(1704266903000)/",22200,5000,14607600,323385000000,50,false,0.23
"VND",142738,"/Date(1704266903000)/",22200,1500,14602600,323274000000,50,false,0.23
"VND",142738,"/Date(1704266903000)/",22200,400,14601100,323241000000,50,false,0.23
"VND",142738,"/Date(1704266903000)/",22200,58000,14600700,323232000000,50,false,0.23
"VND",142738,"/Date(1704266903000)/",22150,300,14542700,321944000000,0,true,0
"VND",142738,"/Date(1704266903000)/",22200,1300,14542400,321938000000,50,false,0.23
"VND",142731,"/Date(1704266899000)/",22150,3700,14541100,321909000000,0,true,0
"VND",142731,"/Date(1704266899000)/",22150,100,14537400,321827000000,0,true,0
"VND",142731,"/Date(1704266899000)/",22150,1200,14537300,321825000000,0,true,0
"VND",142731,"/Date(1704266898000)/",22200,400,14536100,321798000000,50,false,0.23
"VND",142731,"/Date(1704266898000)/",22200,40300,14535700,321789000000,50,false,0.23
"VND",142731,"/Date(1704266898000)/",22200,20000,14495400,320895000000,50,false,0.23
"VND",142731,"/Date(1704266898000)/",22200,2000,14475400,320451000000,50,false,0.23
"VND",142731,"/Date(1704266898000)/",22200,2000,14473400,320406000000,50,false,0.23
"VND",142731,"/Date(1704266898000)/",22200,2000,14471400,320362000000,50,false,0.23
"VND",142731,"/Date(1704266898000)/",22200,100,14469400,320317000000,50,false,0.23
"VND",142731,"/Date(1704266898000)/",22200,1500,14469300,320315000000,50,false,0.23
"VND",142731,"/Date(1704266898000)/",22200,3100,14467800,320282000000,50,false,0.23
"VND",142731,"/Date(1704266898000)/",22200,29000,14464700,320213000000,50,false,0.23
"VND",142725,"/Date(1704266892000)/",22200,200,14435700,319569000000,50,false,0.23
"VND",142725,"/Date(1704266890000)/",22200,1800,14435500,319565000000,50,false,0.23
"VND",142725,"/Date(1704266890000)/",22200,3000,14433700,319525000000,50,false,0.23
"VND",142725,"/Date(1704266890000)/",22200,1500,14430700,319458000000,50,false,0.23
"VND",142725,"/Date(1704266890000)/",22200,1000,14429200,319425000000,50,false,0.23
"VND",142725,"/Date(1704266890000)/",22200,1700,14428200,319403000000,50,false,0.23
"VND",142725,"/Date(1704266890000)/",22150,1800,14426500,319365000000,0,true,0
"VND",142725,"/Date(1704266890000)/",22150,5000,14424700,319325000000,0,true,0
"VND",142725,"/Date(1704266890000)/",22150,100,14419700,319214000000,0,true,0
"VND",142725,"/Date(1704266890000)/",22150,3100,14419600,319212000000,0,true,0
"VND",142722,"/Date(1704266889000)/",22200,100,14416500,319144000000,50,false,0.23
"VND",142722,"/Date(1704266889000)/",22200,1000,14416400,319141000000,50,false,0.23
"VND",142722,"/Date(1704266888000)/",22200,2000,14415400,319119000000,50,false,0.23
"VND",142722,"/Date(1704266887000)/",22150,800,14413400,319075000000,0,true,0
"VND",142722,"/Date(1704266887000)/",22200,300,14412600,319057000000,50,false,0.23
"VND",142718,"/Date(1704266886000)/",22200,500,14412300,319050000000,50,false,0.23
"VND",142718,"/Date(1704266885000)/",22200,100,14411800,319039000000,50,false,0.23
"VND",142715,"/Date(1704266883000)/",22200,100,14411700,319037000000,50,false,0.23
"VND",142715,"/Date(1704266883000)/",22200,400,14411600,319035000000,50,false,0.23
"VND",142715,"/Date(1704266883000)/",22200,300,14411200,319026000000,50,false,0.23
"VND",142715,"/Date(1704266883000)/",22200,2800,14410900,319019000000,50,false,0.23
"VND",142712,"/Date(1704266878000)/",22200,1200,14408100,318957000000,50,false,0.23
"VND",142712,"/Date(1704266878000)/",22200,200,14406900,318930000000,50,false,0.23
"VND",142712,"/Date(1704266878000)/",22200,500,14406700,318926000000,50,false,0.23
"VND",142712,"/Date(1704266878000)/",22200,100,14406200,318915000000,50,false,0.23
"VND",142709,"/Date(1704266874000)/",22200,1500,14406100,318913000000,50,false,0.23
"VND",142702,"/Date(1704266870000)/",22150,100,14404600,318879000000,0,true,0
"VND",142702,"/Date(1704266870000)/",22150,100,14404500,318877000000,0,true,0
"VND",142702,"/Date(1704266870000)/",22150,4800,14404400,318875000000,0,true,0
"VND",142659,"/Date(1704266867000)/",22150,100,14399600,318769000000,0,true,0
"VND",142659,"/Date(1704266865000)/",22200,400,14399500,318766000000,50,false,0.23
"VND",142659,"/Date(1704266865000)/",22200,100,14399100,318758000000,50,false,0.23
"VND",142659,"/Date(1704266865000)/",22200,2400,14399000,318755000000,50,false,0.23
"VND",142659,"/Date(1704266865000)/",22200,100,14396600,318702000000,50,false,0.23
"VND",142659,"/Date(1704266865000)/",22200,7500,14396500,318700000000,50,false,0.23
"VND",142656,"/Date(1704266863000)/",22150,2500,14389000,318533000000,0,true,0
"VND",142652,"/Date(1704266859000)/",22150,4700,14386500,318478000000,0,true,0
"VND",142652,"/Date(1704266859000)/",22200,100,14381800,318374000000,50,false,0.23
"VND",142649,"/Date(1704266855000)/",22150,6800,14381700,318372000000,0,true,0
"VND",142642,"/Date(1704266850000)/",22150,1000,14374900,318221000000,0,true,0
"VND",142639,"/Date(1704266848000)/",22150,400,14373900,318199000000,0,true,0
"VND",142639,"/Date(1704266846000)/",22200,12400,14373500,318190000000,50,false,0.23
"VND",142639,"/Date(1704266846000)/",22200,200,14361100,317915000000,50,false,0.23
"VND",142639,"/Date(1704266846000)/",22200,4000,14360900,317910000000,50,false,0.23
"VND",142639,"/Date(1704266846000)/",22200,300,14356900,317822000000,50,false,0.23
"VND",142639,"/Date(1704266846000)/",22200,5000,14356600,317815000000,50,false,0.23
"VND",142639,"/Date(1704266846000)/",22200,1100,14351600,317704000000,50,false,0.23
"VND",142639,"/Date(1704266846000)/",22150,10000,14350500,317679000000,0,true,0
"VND",142636,"/Date(1704266845000)/",22150,100,14340500,317458000000,0,true,0
"VND",142636,"/Date(1704266844000)/",22150,10000,14340400,317456000000,0,true,0
"VND",142636,"/Date(1704266842000)/",22150,1000,14330400,317234000000,0,true,0
"VND",142629,"/Date(1704266838000)/",22150,1000,14329400,317212000000,0,true,0
"VND",142626,"/Date(1704266834000)/",22200,1000,14328400,317190000000,50,false,0.23
"VND",142626,"/Date(1704266833000)/",22200,1100,14327400,317168000000,50,false,0.23
"VND",142623,"/Date(1704266832000)/",22150,700,14326300,317143000000,0,true,0
"VND",142623,"/Date(1704266830000)/",22200,1100,14325600,317128000000,50,false,0.23
"VND",142616,"/Date(1704266825000)/",22150,6500,14324500,317103000000,0,true,0
"VND",142616,"/Date(1704266825000)/",22150,100,14318000,316959000000,0,true,0
"VND",142616,"/Date(1704266825000)/",22150,100,14317900,316957000000,0,true,0
"VND",142616,"/Date(1704266825000)/",22150,500,14317800,316955000000,0,true,0
"VND",142616,"/Date(1704266825000)/",22150,200,14317300,316944000000,0,true,0
"VND",142616,"/Date(1704266825000)/",22150,100,14317100,316939000000,0,true,0
"VND",142616,"/Date(1704266825000)/",22150,500,14317000,316937000000,0,true,0
"VND",142616,"/Date(1704266825000)/",22150,500,14316500,316926000000,0,true,0
"VND",142616,"/Date(1704266825000)/",22150,100,14316000,316915000000,0,true,0
"VND",142616,"/Date(1704266825000)/",22150,2000,14315900,316913000000,0,true,0
"VND",142616,"/Date(1704266825000)/",22150,100,14313900,316869000000,0,true,0
"VND",142616,"/Date(1704266825000)/",22150,1000,14313800,316866000000,0,true,0
"VND",142616,"/Date(1704266825000)/",22150,500,14312800,316844000000,0,true,0
"VND",142616,"/Date(1704266825000)/",22150,5000,14312300,316833000000,0,true,0
"VND",142616,"/Date(1704266825000)/",22150,2000,14307300,316722000000,0,true,0
"VND",142616,"/Date(1704266825000)/",22150,600,14305300,316678000000,0,true,0
"VND",142616,"/Date(1704266825000)/",22150,100,14304700,316665000000,0,true,0
"VND",142616,"/Date(1704266825000)/",22150,100,14304600,316663000000,0,true,0
"VND",142613,"/Date(1704266822000)/",22200,200,14304500,316660000000,50,false,0.23
"VND",142613,"/Date(1704266821000)/",22200,100,14304300,316656000000,50,false,0.23
"VND",142613,"/Date(1704266821000)/",22150,1000,14304200,316654000000,0,true,0
"VND",142613,"/Date(1704266821000)/",22150,100,14303200,316632000000,0,true,0
"VND",142609,"/Date(1704266819000)/",22150,3000,14303100,316629000000,0,true,0
"VND",142609,"/Date(1704266818000)/",22200,100,14300100,316563000000,50,false,0.23
"VND",142609,"/Date(1704266818000)/",22150,1400,14300000,316561000000,0,true,0
"VND",142609,"/Date(1704266818000)/",22150,2000,14298600,316530000000,0,true,0
"VND",142609,"/Date(1704266818000)/",22150,500,14296600,316485000000,0,true,0
"VND",142609,"/Date(1704266818000)/",22150,6100,14296100,316474000000,0,true,0
"VND",142609,"/Date(1704266817000)/",22150,1500,14290000,316339000000,0,true,0
"VND",142603,"/Date(1704266811000)/",22200,100,14288500,316306000000,50,false,0.23
"VND",142559,"/Date(1704266809000)/",22150,4600,14288400,316304000000,0,true,0
"VND",142556,"/Date(1704266805000)/",22200,2000,14283800,316202000000,50,false,0.23
"VND",142553,"/Date(1704266802000)/",22150,500,14281800,316157000000,0,true,0
"VND",142553,"/Date(1704266802000)/",22150,11500,14281300,316146000000,0,true,0
"VND",142543,"/Date(1704266791000)/",22150,25800,14269800,315892000000,0,true,0
"VND",142543,"/Date(1704266791000)/",22150,100,14244000,315320000000,0,true,0
"VND",142543,"/Date(1704266791000)/",22150,300,14243900,315318000000,0,true,0
"VND",142543,"/Date(1704266791000)/",22150,400,14243600,315311000000,0,true,0
"VND",142543,"/Date(1704266791000)/",22150,5000,14243200,315302000000,0,true,0
"VND",142543,"/Date(1704266791000)/",22150,1000,14238200,315192000000,0,true,0
"VND",142543,"/Date(1704266791000)/",22150,5000,14237200,315170000000,0,true,0
"VND",142543,"/Date(1704266791000)/",22150,500,14232200,315059000000,0,true,0
"VND",142543,"/Date(1704266791000)/",22150,200,14231700,315048000000,0,true,0
"VND",142543,"/Date(1704266791000)/",22150,3000,14231500,315043000000,0,true,0
"VND",142543,"/Date(1704266791000)/",22150,5000,14228500,314977000000,0,true,0
"VND",142543,"/Date(1704266791000)/",22150,500,14223500,314866000000,0,true,0
"VND",142543,"/Date(1704266791000)/",22150,400,14223000,314855000000,0,true,0
"VND",142543,"/Date(1704266791000)/",22150,500,14222600,314846000000,0,true,0
"VND",142543,"/Date(1704266791000)/",22150,200,14222100,314835000000,0,true,0
"VND",142543,"/Date(1704266791000)/",22150,1700,14221900,314831000000,0,true,0
"VND",142543,"/Date(1704266791000)/",22150,2000,14220200,314793000000,0,true,0
"VND",142543,"/Date(1704266791000)/",22150,200,14218200,314749000000,0,true,0
"VND",142543,"/Date(1704266791000)/",22150,3000,14218000,314744000000,0,true,0
"VND",142543,"/Date(1704266791000)/",22150,1500,14215000,314678000000,0,true,0
"VND",142543,"/Date(1704266791000)/",22150,100,14213500,314645000000,0,true,0
"VND",142543,"/Date(1704266791000)/",22150,400,14213400,314642000000,0,true,0
"VND",142543,"/Date(1704266791000)/",22150,5000,14213000,314634000000,0,true,0
"VND",142543,"/Date(1704266791000)/",22150,2000,14208000,314523000000,0,true,0
"VND",142543,"/Date(1704266791000)/",22150,3000,14206000,314478000000,0,true,0
"VND",142543,"/Date(1704266791000)/",22150,1500,14203000,314412000000,0,true,0
"VND",142543,"/Date(1704266791000)/",22150,200,14201500,314379000000,0,true,0
"VND",142543,"/Date(1704266791000)/",22150,200,14201300,314374000000,0,true,0
"VND",142543,"/Date(1704266791000)/",22150,200,14201100,314370000000,0,true,0
"VND",142543,"/Date(1704266791000)/",22150,200,14200900,314366000000,0,true,0
"VND",142543,"/Date(1704266791000)/",22150,900,14200700,314361000000,0,true,0
"VND",142529,"/Date(1704266779000)/",22200,300,14199800,314341000000,50,false,0.23
"VND",142512,"/Date(1704266765000)/",22150,100,14199500,314334000000,0,true,0
"VND",142512,"/Date(1704266765000)/",22150,400,14199400,314332000000,0,true,0
"VND",142512,"/Date(1704266762000)/",22150,300,14199000,314323000000,0,true,0
"VND",142512,"/Date(1704266762000)/",22150,500,14198700,314317000000,0,true,0
"VND",142512,"/Date(1704266762000)/",22150,500,14198200,314306000000,0,true,0
"VND",142512,"/Date(1704266762000)/",22150,300,14197700,314295000000,0,true,0
"VND",142512,"/Date(1704266762000)/",22150,400,14197400,314288000000,0,true,0
"VND",142509,"/Date(1704266760000)/",22150,600,14197000,314279000000,0,true,0
"VND",142509,"/Date(1704266760000)/",22150,400,14196400,314266000000,0,true,0
"VND",142509,"/Date(1704266759000)/",22200,22900,14196000,314257000000,50,false,0.23
"VND",142509,"/Date(1704266759000)/",22200,500,14173100,313749000000,50,false,0.23
"VND",142509,"/Date(1704266759000)/",22200,100,14172600,313737000000,50,false,0.23
"VND",142509,"/Date(1704266759000)/",22200,500,14172500,313735000000,50,false,0.23
"VND",142509,"/Date(1704266759000)/",22200,600,14172000,313724000000,50,false,0.23
"VND",142509,"/Date(1704266759000)/",22200,500,14171400,313711000000,50,false,0.23
"VND",142509,"/Date(1704266759000)/",22200,900,14170900,313700000000,50,false,0.23
"VND",142509,"/Date(1704266759000)/",22200,2000,14170000,313680000000,50,false,0.23
"VND",142509,"/Date(1704266759000)/",22200,500,14168000,313635000000,50,false,0.23
"VND",142509,"/Date(1704266759000)/",22200,100,14167500,313624000000,50,false,0.23
"VND",142509,"/Date(1704266759000)/",22200,800,14167400,313622000000,50,false,0.23
"VND",142509,"/Date(1704266759000)/",22200,500,14166600,313604000000,50,false,0.23
"VND",142509,"/Date(1704266759000)/",22200,100,14166100,313593000000,50,false,0.23
"VND",142506,"/Date(1704266757000)/",22200,500,14166000,313591000000,50,false,0.23
"VND",142502,"/Date(1704266753000)/",22150,600,14165500,313580000000,0,true,0
"VND",142502,"/Date(1704266753000)/",22150,400,14164900,313567000000,0,true,0
"VND",142502,"/Date(1704266753000)/",22150,200,14164500,313558000000,0,true,0
"VND",142502,"/Date(1704266753000)/",22150,3800,14164300,313553000000,0,true,0
"VND",142459,"/Date(1704266750000)/",22150,100,14160500,313469000000,0,true,0
"VND",142455,"/Date(1704266747000)/",22150,500,14160400,313467000000,0,true,0
"VND",142445,"/Date(1704266739000)/",22150,800,14159900,313456000000,0,true,0
"VND",142445,"/Date(1704266737000)/",22200,200,14159100,313438000000,50,false,0.23
"VND",142438,"/Date(1704266730000)/",22200,2000,14158900,313434000000,50,false,0.23
"VND",142425,"/Date(1704266718000)/",22200,1000,14156900,313389000000,50,false,0.23
"VND",142425,"/Date(1704266718000)/",22200,200,14155900,313367000000,50,false,0.23
"VND",142421,"/Date(1704266714000)/",22150,1100,14155700,313363000000,0,true,0
"VND",142421,"/Date(1704266714000)/",22150,100,14154600,313338000000,0,true,0
"VND",142421,"/Date(1704266714000)/",22150,500,14154500,313336000000,0,true,0
"VND",142421,"/Date(1704266714000)/",22150,100,14154000,313325000000,0,true,0
"VND",142421,"/Date(1704266714000)/",22150,200,14153900,313323000000,0,true,0
"VND",142418,"/Date(1704266713000)/",22150,500,14153700,313318000000,0,true,0
"VND",142404,"/Date(1704266700000)/",22150,1000,14153200,313307000000,0,true,0
"VND",142404,"/Date(1704266700000)/",22150,1000,14152200,313285000000,0,true,0
"VND",142404,"/Date(1704266700000)/",22150,1000,14151200,313263000000,0,true,0
"VND",142404,"/Date(1704266700000)/",22150,300,14150200,313241000000,0,true,0
"VND",142404,"/Date(1704266700000)/",22150,500,14149900,313234000000,0,true,0
"VND",142404,"/Date(1704266700000)/",22150,1500,14149400,313223000000,0,true,0
"VND",142404,"/Date(1704266700000)/",22150,6000,14147900,313190000000,0,true,0
"VND",142404,"/Date(1704266700000)/",22150,200,14141900,313057000000,0,true,0
"VND",142404,"/Date(1704266700000)/",22150,200,14141700,313053000000,0,true,0
"VND",142404,"/Date(1704266700000)/",22150,2000,14141500,313048000000,0,true,0
"VND",142404,"/Date(1704266700000)/",22150,2000,14139500,313004000000,0,true,0
"VND",142404,"/Date(1704266700000)/",22150,2000,14137500,312959000000,0,true,0
"VND",142404,"/Date(1704266700000)/",22150,100,14135500,312915000000,0,true,0
"VND",142404,"/Date(1704266700000)/",22150,5000,14135400,312913000000,0,true,0
"VND",142404,"/Date(1704266700000)/",22150,100,14130400,312802000000,0,true,0
"VND",142404,"/Date(1704266700000)/",22150,1000,14130300,312800000000,0,true,0
"VND",142404,"/Date(1704266700000)/",22150,100,14129300,312778000000,0,true,0
"VND",142404,"/Date(1704266700000)/",22150,3000,14129200,312776000000,0,true,0
"VND",142404,"/Date(1704266700000)/",22150,1000,14126200,312709000000,0,true,0
"VND",142404,"/Date(1704266700000)/",22150,700,14125200,312687000000,0,true,0
"VND",142404,"/Date(1704266700000)/",22150,1300,14124500,312672000000,0,true,0
"VND",142404,"/Date(1704266698000)/",22150,1000,14123200,312643000000,0,true,0
"VND",142358,"/Date(1704266693000)/",22200,1000,14122200,312621000000,50,false,0.23
"VND",142358,"/Date(1704266693000)/",22200,100,14121200,312598000000,50,false,0.23
"VND",142358,"/Date(1704266693000)/",22200,900,14121100,312596000000,50,false,0.23
"VND",142352,"/Date(1704266687000)/",22200,900,14120200,312576000000,50,false,0.23
"VND",142345,"/Date(1704266681000)/",22150,3000,14119300,312556000000,0,true,0
"VND",142342,"/Date(1704266677000)/",22200,200,14116300,312490000000,50,false,0.23
"VND",142342,"/Date(1704266677000)/",22200,800,14116100,312485000000,50,false,0.23
"VND",142342,"/Date(1704266676000)/",22150,100,14115300,312468000000,0,true,0
"VND",142342,"/Date(1704266676000)/",22150,500,14115200,312465000000,0,true,0
"VND",142339,"/Date(1704266674000)/",22150,100,14114700,312454000000,0,true,0
"VND",142339,"/Date(1704266674000)/",22150,8800,14114600,312452000000,0,true,0
"VND",142339,"/Date(1704266674000)/",22150,100,14105800,312257000000,0,true,0
"VND",142339,"/Date(1704266674000)/",22150,300,14105700,312255000000,0,true,0
"VND",142339,"/Date(1704266673000)/",22150,1000,14105400,312248000000,0,true,0
"VND",142329,"/Date(1704266663000)/",22150,2700,14104400,312226000000,0,true,0
"VND",142329,"/Date(1704266663000)/",22150,300,14101700,312166000000,0,true,0
"VND",142326,"/Date(1704266655000)/",22150,700,14101400,312160000000,0,true,0
"VND",142326,"/Date(1704266655000)/",22150,400,14100700,312144000000,0,true,0
"VND",142326,"/Date(1704266655000)/",22150,100,14100300,312135000000,0,true,0
"VND",142326,"/Date(1704266655000)/",22150,5000,14100200,312133000000,0,true,0
"VND",142326,"/Date(1704266655000)/",22150,2000,14095200,312022000000,0,true,0
"VND",142326,"/Date(1704266655000)/",22150,100,14093200,311978000000,0,true,0
"VND",142326,"/Date(1704266655000)/",22150,500,14093100,311976000000,0,true,0
"VND",142326,"/Date(1704266655000)/",22150,5900,14092600,311965000000,0,true,0
"VND",142326,"/Date(1704266655000)/",22150,100,14086700,311834000000,0,true,0
"VND",142326,"/Date(1704266655000)/",22150,10000,14086600,311832000000,0,true,0
"VND",142326,"/Date(1704266655000)/",22150,500,14076600,311610000000,0,true,0
"VND",142326,"/Date(1704266655000)/",22150,200,14076100,311599000000,0,true,0
"VND",142326,"/Date(1704266655000)/",22150,100,14075900,311595000000,0,true,0
"VND",142326,"/Date(1704266655000)/",22150,1000,14075800,311593000000,0,true,0
"VND",142326,"/Date(1704266655000)/",22150,5000,14074800,311570000000,0,true,0
"VND",142326,"/Date(1704266655000)/",22150,1000,14069800,311460000000,0,true,0
"VND",142326,"/Date(1704266655000)/",22150,200,14068800,311438000000,0,true,0
"VND",142326,"/Date(1704266655000)/",22150,400,14068600,311433000000,0,true,0
"VND",142326,"/Date(1704266655000)/",22150,1000,14068200,311424000000,0,true,0
"VND",142326,"/Date(1704266655000)/",22150,5000,14067200,311402000000,0,true,0
"VND",142326,"/Date(1704266655000)/",22150,200,14062200,311291000000,0,true,0
"VND",142326,"/Date(1704266655000)/",22150,100,14062000,311287000000,0,true,0
"VND",142326,"/Date(1704266655000)/",22150,1000,14061900,311285000000,0,true,0
"VND",142326,"/Date(1704266655000)/",22150,500,14060900,311263000000,0,true,0
"VND",142326,"/Date(1704266655000)/",22150,800,14060400,311252000000,0,true,0
"VND",142326,"/Date(1704266655000)/",22150,200,14059600,311234000000,0,true,0
"VND",142326,"/Date(1704266655000)/",22150,3000,14059400,311229000000,0,true,0
"VND",142311,"/Date(1704266644000)/",22200,700,14056400,311163000000,50,false,0.23
"VND",142311,"/Date(1704266644000)/",22200,500,14055700,311147000000,50,false,0.23
"VND",142311,"/Date(1704266644000)/",22200,500,14055200,311136000000,50,false,0.23
"VND",142311,"/Date(1704266644000)/",22200,800,14054700,311125000000,50,false,0.23
"VND",142311,"/Date(1704266644000)/",22200,100,14053900,311107000000,50,false,0.23
"VND",142308,"/Date(1704266640000)/",22150,7000,14053800,311105000000,0,true,0
"VND",142308,"/Date(1704266640000)/",22150,100,14046800,310950000000,0,true,0
"VND",142308,"/Date(1704266640000)/",22150,500,14046700,310948000000,0,true,0
"VND",142308,"/Date(1704266640000)/",22150,2000,14046200,310937000000,0,true,0
"VND",142308,"/Date(1704266640000)/",22150,800,14044200,310893000000,0,true,0
"VND",142301,"/Date(1704266634000)/",22150,100,14043400,310875000000,0,true,0
"VND",142301,"/Date(1704266634000)/",22150,100,14043300,310873000000,0,true,0
"VND",142258,"/Date(1704266633000)/",22150,100,14043200,310870000000,0,true,0
"VND",142258,"/Date(1704266633000)/",22150,800,14043100,310868000000,0,true,0
"VND",142255,"/Date(1704266630000)/",22200,500,14042300,310850000000,50,false,0.23
"VND",142251,"/Date(1704266626000)/",22200,100,14041800,310839000000,50,false,0.23
"VND",142251,"/Date(1704266626000)/",22200,500,14041700,310837000000,50,false,0.23
"VND",142251,"/Date(1704266626000)/",22200,100,14041200,310826000000,50,false,0.23
"VND",142251,"/Date(1704266625000)/",22150,2200,14041100,310824000000,0,true,0
"VND",142251,"/Date(1704266625000)/",22150,2800,14038900,310775000000,0,true,0
"VND",142248,"/Date(1704266624000)/",22200,400,14036100,310713000000,50,false,0.23
"VND",142242,"/Date(1704266617000)/",22150,200,14035700,310704000000,0,true,0
"VND",142242,"/Date(1704266617000)/",22150,200,14035500,310700000000,0,true,0
"VND",142242,"/Date(1704266617000)/",22150,600,14035300,310695000000,0,true,0
"VND",142242,"/Date(1704266616000)/",22150,400,14034700,310682000000,0,true,0
"VND",142242,"/Date(1704266616000)/",22150,1100,14034300,310673000000,0,true,0
"VND",142238,"/Date(1704266613000)/",22150,100,14033200,310649000000,0,true,0
"VND",142235,"/Date(1704266611000)/",22150,100,14033100,310647000000,0,true,0
"VND",142231,"/Date(1704266606000)/",22150,900,14033000,310644000000,0,true,0
"VND",142231,"/Date(1704266606000)/",22150,100,14032100,310624000000,0,true,0
"VND",142222,"/Date(1704266596000)/",22150,800,14032000,310622000000,0,true,0
"VND",142218,"/Date(1704266595000)/",22150,1800,14031200,310605000000,0,true,0
"VND",142215,"/Date(1704266590000)/",22150,2300,14029400,310565000000,0,true,0
"VND",142215,"/Date(1704266590000)/",22150,500,14027100,310514000000,0,true,0
"VND",142215,"/Date(1704266590000)/",22150,1000,14026600,310503000000,0,true,0
"VND",142215,"/Date(1704266590000)/",22150,3000,14025600,310481000000,0,true,0
"VND",142215,"/Date(1704266590000)/",22150,100,14022600,310414000000,0,true,0
"VND",142215,"/Date(1704266590000)/",22150,3100,14022500,310412000000,0,true,0
"VND",142215,"/Date(1704266590000)/",22150,500,14019400,310343000000,0,true,0
"VND",142212,"/Date(1704266587000)/",22150,4700,14018900,310332000000,0,true,0
"VND",142209,"/Date(1704266583000)/",22150,500,14014200,310228000000,0,true,0
"VND",142205,"/Date(1704266581000)/",22150,100,14013700,310217000000,0,true,0
"VND",142205,"/Date(1704266580000)/",22150,1100,14013600,310215000000,0,true,0
"VND",142205,"/Date(1704266580000)/",22150,100,14012500,310190000000,0,true,0
"VND",142205,"/Date(1704266580000)/",22150,500,14012400,310188000000,0,true,0
"VND",142205,"/Date(1704266580000)/",22150,200,14011900,310177000000,0,true,0
"VND",142205,"/Date(1704266580000)/",22150,500,14011700,310173000000,0,true,0
"VND",142205,"/Date(1704266580000)/",22150,1000,14011200,310162000000,0,true,0
"VND",142205,"/Date(1704266580000)/",22150,1000,14010200,310139000000,0,true,0
"VND",142205,"/Date(1704266580000)/",22150,300,14009200,310117000000,0,true,0
"VND",142205,"/Date(1704266579000)/",22200,400,14008900,310111000000,50,false,0.23
"VND",142156,"/Date(1704266572000)/",22150,100,14008500,310102000000,0,true,0
"VND",142156,"/Date(1704266572000)/",22150,1500,14008400,310100000000,0,true,0
"VND",142156,"/Date(1704266572000)/",22150,1000,14006900,310066000000,0,true,0
"VND",142156,"/Date(1704266572000)/",22150,1000,14005900,310044000000,0,true,0
"VND",142156,"/Date(1704266572000)/",22150,500,14004900,310022000000,0,true,0
"VND",142156,"/Date(1704266572000)/",22150,300,14004400,310011000000,0,true,0
"VND",142156,"/Date(1704266572000)/",22150,2000,14004100,310004000000,0,true,0
"VND",142156,"/Date(1704266572000)/",22150,2000,14002100,309960000000,0,true,0
"VND",142156,"/Date(1704266572000)/",22150,1000,14000100,309916000000,0,true,0
"VND",142156,"/Date(1704266572000)/",22150,1600,13999100,309894000000,0,true,0
"VND",142146,"/Date(1704266560000)/",22200,3100,13997500,309858000000,50,false,0.23
"VND",142146,"/Date(1704266560000)/",22200,4000,13994400,309789000000,50,false,0.23
"VND",142146,"/Date(1704266560000)/",22200,100,13990400,309700000000,50,false,0.23
"VND",142146,"/Date(1704266560000)/",22200,3000,13990300,309698000000,50,false,0.23
"VND",142146,"/Date(1704266560000)/",22200,200,13987300,309632000000,50,false,0.23
"VND",142146,"/Date(1704266560000)/",22200,1000,13987100,309627000000,50,false,0.23
"VND",142146,"/Date(1704266560000)/",22200,18600,13986100,309605000000,50,false,0.23
"VND",142143,"/Date(1704266557000)/",22150,400,13967500,309192000000,0,true,0
"VND",142143,"/Date(1704266557000)/",22150,700,13967100,309183000000,0,true,0
"VND",142143,"/Date(1704266557000)/",22150,1000,13966400,309168000000,0,true,0
"VND",142143,"/Date(1704266557000)/",22150,1000,13965400,309146000000,0,true,0
"VND",142143,"/Date(1704266557000)/",22150,800,13964400,309123000000,0,true,0
"VND",142143,"/Date(1704266557000)/",22150,800,13963600,309106000000,0,true,0
"VND",142136,"/Date(1704266551000)/",22150,600,13962800,309088000000,0,true,0
"VND",142136,"/Date(1704266551000)/",22150,400,13962200,309075000000,0,true,0
"VND",142133,"/Date(1704266548000)/",22150,100,13961800,309066000000,0,true,0
"VND",142133,"/Date(1704266548000)/",22150,200,13961700,309064000000,0,true,0
"VND",142133,"/Date(1704266548000)/",22150,200,13961500,309059000000,0,true,0
"VND",142133,"/Date(1704266548000)/",22150,1500,13961300,309055000000,0,true,0
"VND",142133,"/Date(1704266548000)/",22150,2700,13959800,309022000000,0,true,0
"VND",142130,"/Date(1704266546000)/",22150,100,13957100,308962000000,0,true,0
"VND",142114,"/Date(1704266531000)/",22150,1500,13957000,308959000000,0,true,0
"VND",142114,"/Date(1704266529000)/",22150,600,13955500,308926000000,0,true,0
"VND",142114,"/Date(1704266528000)/",22150,100,13954900,308913000000,0,true,0
"VND",142114,"/Date(1704266528000)/",22200,500,13954800,308911000000,50,false,0.23
"VND",142104,"/Date(1704266520000)/",22150,5000,13954300,308900000000,0,true,0
"VND",142041,"/Date(1704266498000)/",22200,300,13949300,308789000000,50,false,0.23
"VND",142038,"/Date(1704266493000)/",22200,100,13949000,308782000000,50,false,0.23
"VND",142035,"/Date(1704266491000)/",22200,600,13948900,308780000000,50,false,0.23
"VND",142028,"/Date(1704266483000)/",22200,2900,13948300,308767000000,50,false,0.23
"VND",142028,"/Date(1704266483000)/",22200,2600,13945400,308702000000,50,false,0.23
"VND",142028,"/Date(1704266483000)/",22200,2000,13942800,308645000000,50,false,0.23
"VND",142028,"/Date(1704266483000)/",22200,7500,13940800,308600000000,50,false,0.23
"VND",142022,"/Date(1704266479000)/",22200,100,13933300,308434000000,50,false,0.23
"VND",142018,"/Date(1704266475000)/",22200,100,13933200,308431000000,50,false,0.23
"VND",142015,"/Date(1704266473000)/",22200,1000,13933100,308429000000,50,false,0.23
"VND",142015,"/Date(1704266472000)/",22200,300,13932100,308407000000,50,false,0.23
"VND",141952,"/Date(1704266449000)/",22150,200,13931800,308400000000,0,true,0
"VND",141949,"/Date(1704266447000)/",22200,200,13931600,308396000000,50,false,0.23
"VND",141949,"/Date(1704266447000)/",22150,300,13931400,308392000000,0,true,0
"VND",141942,"/Date(1704266440000)/",22150,500,13931100,308385000000,0,true,0
"VND",141942,"/Date(1704266440000)/",22150,700,13930600,308374000000,0,true,0
"VND",141935,"/Date(1704266434000)/",22200,1000,13929900,308358000000,50,false,0.23
"VND",141932,"/Date(1704266429000)/",22150,100,13928900,308336000000,0,true,0
"VND",141929,"/Date(1704266428000)/",22200,1000,13928800,308334000000,50,false,0.23
"VND",141929,"/Date(1704266427000)/",22150,200,13927800,308312000000,0,true,0
"VND",141925,"/Date(1704266424000)/",22200,100,13927600,308307000000,50,false,0.23
"VND",141922,"/Date(1704266420000)/",22150,3000,13927500,308305000000,0,true,0
"VND",141922,"/Date(1704266420000)/",22150,1000,13924500,308239000000,0,true,0
"VND",141922,"/Date(1704266420000)/",22150,200,13923500,308216000000,0,true,0
"VND",141922,"/Date(1704266420000)/",22150,5000,13923300,308212000000,0,true,0
"VND",141922,"/Date(1704266420000)/",22150,2000,13918300,308101000000,0,true,0
"VND",141922,"/Date(1704266420000)/",22150,5000,13916300,308057000000,0,true,0
"VND",141922,"/Date(1704266420000)/",22150,200,13911300,307946000000,0,true,0
"VND",141922,"/Date(1704266420000)/",22150,1500,13911100,307942000000,0,true,0
"VND",141922,"/Date(1704266420000)/",22150,3000,13909600,307909000000,0,true,0
"VND",141922,"/Date(1704266420000)/",22150,1000,13906600,307842000000,0,true,0
"VND",141922,"/Date(1704266420000)/",22150,1000,13905600,307820000000,0,true,0
"VND",141922,"/Date(1704266420000)/",22150,1100,13904600,307798000000,0,true,0
"VND",141922,"/Date(1704266420000)/",22150,30000,13903500,307773000000,0,true,0
"VND",141922,"/Date(1704266420000)/",22150,100,13873500,307109000000,0,true,0
"VND",141922,"/Date(1704266420000)/",22150,1000,13873400,307107000000,0,true,0
"VND",141922,"/Date(1704266420000)/",22150,100,13872400,307085000000,0,true,0
"VND",141922,"/Date(1704266420000)/",22150,100,13872300,307082000000,0,true,0
"VND",141922,"/Date(1704266420000)/",22150,400,13872200,307080000000,0,true,0
"VND",141922,"/Date(1704266420000)/",22150,500,13871800,307071000000,0,true,0
"VND",141922,"/Date(1704266420000)/",22150,5000,13871300,307060000000,0,true,0
"VND",141922,"/Date(1704266420000)/",22150,5000,13866300,306949000000,0,true,0
"VND",141922,"/Date(1704266420000)/",22150,200,13861300,306839000000,0,true,0
"VND",141922,"/Date(1704266420000)/",22150,500,13861100,306834000000,0,true,0
"VND",141922,"/Date(1704266420000)/",22150,1000,13860600,306823000000,0,true,0
"VND",141922,"/Date(1704266420000)/",22150,5000,13859600,306801000000,0,true,0
"VND",141922,"/Date(1704266420000)/",22150,10000,13854600,306690000000,0,true,0
"VND",141922,"/Date(1704266420000)/",22150,1000,13844600,306469000000,0,true,0
"VND",141922,"/Date(1704266420000)/",22150,2000,13843600,306447000000,0,true,0
"VND",141922,"/Date(1704266420000)/",22150,1000,13841600,306402000000,0,true,0
"VND",141922,"/Date(1704266420000)/",22150,2000,13840600,306380000000,0,true,0
"VND",141922,"/Date(1704266420000)/",22150,100,13838600,306336000000,0,true,0
"VND",141922,"/Date(1704266420000)/",22150,2000,13838500,306334000000,0,true,0
"VND",141922,"/Date(1704266420000)/",22150,5000,13836500,306289000000,0,true,0
"VND",141922,"/Date(1704266420000)/",22150,1000,13831500,306179000000,0,true,0
"VND",141922,"/Date(1704266420000)/",22150,500,13830500,306157000000,0,true,0
"VND",141922,"/Date(1704266420000)/",22150,2000,13830000,306145000000,0,true,0
"VND",141922,"/Date(1704266420000)/",22150,500,13828000,306101000000,0,true,0
"VND",141912,"/Date(1704266412000)/",22200,100,13827500,306090000000,50,false,0.23
"VND",141912,"/Date(1704266412000)/",22200,500,13827400,306088000000,50,false,0.23
"VND",141912,"/Date(1704266410000)/",22200,500,13826900,306077000000,50,false,0.23
"VND",141912,"/Date(1704266410000)/",22150,200,13826400,306066000000,0,true,0
"VND",141848,"/Date(1704266389000)/",22200,3000,13826200,306061000000,50,false,0.23
"VND",141848,"/Date(1704266389000)/",22150,300,13823200,305995000000,0,true,0
"VND",141848,"/Date(1704266389000)/",22150,2200,13822900,305988000000,0,true,0
"VND",141848,"/Date(1704266389000)/",22150,500,13820700,305939000000,0,true,0
"VND",141845,"/Date(1704266384000)/",22150,100,13820200,305928000000,0,true,0
"VND",141831,"/Date(1704266373000)/",22200,1800,13820100,305926000000,50,false,0.23
"VND",141814,"/Date(1704266357000)/",22200,1600,13818300,305886000000,50,false,0.23
"VND",141736,"/Date(1704266321000)/",22150,400,13816700,305850000000,0,true,0
"VND",141736,"/Date(1704266320000)/",22200,1200,13816300,305842000000,50,false,0.23
"VND",141736,"/Date(1704266320000)/",22200,800,13815100,305815000000,50,false,0.23
"VND",141733,"/Date(1704266320000)/",22150,100,13814300,305797000000,0,true,0
"VND",141733,"/Date(1704266319000)/",22150,2000,13814200,305795000000,0,true,0
"VND",141730,"/Date(1704266315000)/",22150,700,13812200,305751000000,0,true,0
"VND",141723,"/Date(1704266309000)/",22150,6200,13811500,305735000000,0,true,0
"VND",141723,"/Date(1704266309000)/",22150,100,13805300,305598000000,0,true,0
"VND",141723,"/Date(1704266309000)/",22150,200,13805200,305596000000,0,true,0
"VND",141723,"/Date(1704266309000)/",22150,500,13805000,305591000000,0,true,0
"VND",141723,"/Date(1704266307000)/",22150,500,13804500,305580000000,0,true,0
"VND",141723,"/Date(1704266307000)/",22150,200,13804000,305569000000,0,true,0
"VND",141723,"/Date(1704266307000)/",22150,800,13803800,305565000000,0,true,0
"VND",141710,"/Date(1704266296000)/",22150,200,13803000,305547000000,0,true,0
"VND",141710,"/Date(1704266296000)/",22150,800,13802800,305542000000,0,true,0
"VND",141707,"/Date(1704266294000)/",22150,200,13802000,305525000000,0,true,0
"VND",141707,"/Date(1704266294000)/",22150,200,13801800,305520000000,0,true,0
"VND",141707,"/Date(1704266294000)/",22150,200,13801600,305516000000,0,true,0
"VND",141707,"/Date(1704266292000)/",22150,100,13801400,305511000000,0,true,0
"VND",141701,"/Date(1704266287000)/",22150,700,13801300,305509000000,0,true,0
"VND",141701,"/Date(1704266287000)/",22150,200,13800600,305494000000,0,true,0
"VND",141701,"/Date(1704266287000)/",22150,500,13800400,305489000000,0,true,0
"VND",141701,"/Date(1704266287000)/",22150,600,13799900,305478000000,0,true,0
"VND",141658,"/Date(1704266284000)/",22150,2600,13799300,305465000000,0,true,0
"VND",141658,"/Date(1704266284000)/",22150,100,13796700,305407000000,0,true,0
"VND",141658,"/Date(1704266284000)/",22150,400,13796600,305405000000,0,true,0
"VND",141658,"/Date(1704266284000)/",22150,1600,13796200,305396000000,0,true,0
"VND",141658,"/Date(1704266284000)/",22150,5300,13794600,305361000000,0,true,0
"VND",141654,"/Date(1704266280000)/",22150,100,13789300,305243000000,0,true,0
"VND",141654,"/Date(1704266278000)/",22150,1000,13789200,305241000000,0,true,0
"VND",141651,"/Date(1704266277000)/",22150,33600,13788200,305219000000,0,true,0
"VND",141651,"/Date(1704266277000)/",22150,500,13754600,304475000000,0,true,0
"VND",141651,"/Date(1704266277000)/",22150,1000,13754100,304464000000,0,true,0
"VND",141651,"/Date(1704266277000)/",22150,3800,13753100,304442000000,0,true,0
"VND",141648,"/Date(1704266273000)/",22150,100,13749300,304357000000,0,true,0
"VND",141638,"/Date(1704266265000)/",22150,100,13749200,304355000000,0,true,0
"VND",141629,"/Date(1704266255000)/",22150,1000,13749100,304353000000,0,true,0
"VND",141629,"/Date(1704266255000)/",22150,100,13748100,304331000000,0,true,0
"VND",141629,"/Date(1704266255000)/",22150,1100,13748000,304329000000,0,true,0
"VND",141629,"/Date(1704266255000)/",22150,300,13746900,304304000000,0,true,0
"VND",141629,"/Date(1704266255000)/",22150,500,13746600,304298000000,0,true,0
"VND",141622,"/Date(1704266248000)/",22150,300,13746100,304287000000,0,true,0
"VND",141613,"/Date(1704266239000)/",22150,600,13745800,304280000000,0,true,0
"VND",141613,"/Date(1704266239000)/",22150,100,13745200,304267000000,0,true,0
"VND",141613,"/Date(1704266239000)/",22150,800,13745100,304264000000,0,true,0
"VND",141606,"/Date(1704266231000)/",22150,100,13744300,304247000000,0,true,0
"VND",141603,"/Date(1704266229000)/",22200,20000,13744200,304244000000,50,false,0.23
"VND",141551,"/Date(1704266217000)/",22150,1100,13724200,303800000000,0,true,0
"VND",141551,"/Date(1704266217000)/",22150,900,13723100,303776000000,0,true,0
"VND",141541,"/Date(1704266205000)/",22150,600,13722200,303756000000,0,true,0
"VND",141541,"/Date(1704266205000)/",22150,700,13721600,303743000000,0,true,0
"VND",141538,"/Date(1704266204000)/",22150,300,13720900,303727000000,0,true,0
"VND",141528,"/Date(1704266192000)/",22150,500,13720600,303721000000,0,true,0
"VND",141525,"/Date(1704266191000)/",22200,1000,13720100,303710000000,50,false,0.23
"VND",141503,"/Date(1704266166000)/",22150,100,13719100,303687000000,0,true,0
"VND",141456,"/Date(1704266161000)/",22150,8000,13719000,303685000000,0,true,0
"VND",141450,"/Date(1704266154000)/",22200,500,13711000,303508000000,50,false,0.23
"VND",141447,"/Date(1704266151000)/",22150,4700,13710500,303497000000,0,true,0
"VND",141440,"/Date(1704266144000)/",22150,4700,13705800,303393000000,0,true,0
"VND",141431,"/Date(1704266136000)/",22150,2000,13701100,303289000000,0,true,0
"VND",141424,"/Date(1704266127000)/",22150,500,13699100,303244000000,0,true,0
"VND",141421,"/Date(1704266127000)/",22150,900,13698600,303233000000,0,true,0
"VND",141408,"/Date(1704266112000)/",22150,200,13697700,303213000000,0,true,0
"VND",141405,"/Date(1704266111000)/",22150,4700,13697500,303209000000,0,true,0
"VND",141405,"/Date(1704266109000)/",22150,1000,13692800,303105000000,0,true,0
"VND",141356,"/Date(1704266102000)/",22150,1000,13691800,303083000000,0,true,0
"VND",141356,"/Date(1704266101000)/",22150,700,13690800,303061000000,0,true,0
"VND",141356,"/Date(1704266101000)/",22150,4700,13690100,303045000000,0,true,0
"VND",141343,"/Date(1704266089000)/",22150,4700,13685400,302941000000,0,true,0
"VND",141340,"/Date(1704266083000)/",22150,200,13680700,302837000000,0,true,0
"VND",141333,"/Date(1704266079000)/",22200,100,13680500,302832000000,50,false,0.23
"VND",141333,"/Date(1704266078000)/",22150,100,13680400,302830000000,0,true,0
"VND",141321,"/Date(1704266064000)/",22200,200,13680300,302828000000,50,false,0.23
"VND",141311,"/Date(1704266057000)/",22200,2000,13680100,302824000000,50,false,0.23
"VND",141249,"/Date(1704266035000)/",22200,2000,13678100,302779000000,50,false,0.23
"VND",141245,"/Date(1704266030000)/",22200,3000,13676100,302735000000,50,false,0.23
"VND",141229,"/Date(1704266015000)/",22200,1000,13673100,302668000000,50,false,0.23
"VND",141226,"/Date(1704266009000)/",22200,100,13672100,302646000000,50,false,0.23
"VND",141223,"/Date(1704266008000)/",22200,100,13672000,302644000000,50,false,0.23
"VND",141223,"/Date(1704266008000)/",22200,2500,13671900,302642000000,50,false,0.23
"VND",141220,"/Date(1704266005000)/",22200,1000,13669400,302586000000,50,false,0.23
"VND",141210,"/Date(1704265994000)/",22200,4500,13668400,302564000000,50,false,0.23
"VND",141201,"/Date(1704265986000)/",22200,500,13663900,302464000000,50,false,0.23
"VND",141157,"/Date(1704265981000)/",22200,5000,13663400,302453000000,50,false,0.23
"VND",141154,"/Date(1704265978000)/",22200,100,13658400,302342000000,50,false,0.23
"VND",141151,"/Date(1704265974000)/",22200,1000,13658300,302340000000,50,false,0.23
"VND",141148,"/Date(1704265972000)/",22200,1000,13657300,302317000000,50,false,0.23
"VND",141148,"/Date(1704265970000)/",22200,400,13656300,302295000000,50,false,0.23
"VND",141138,"/Date(1704265963000)/",22200,1000,13655900,302286000000,50,false,0.23
"VND",141135,"/Date(1704265960000)/",22200,1000,13654900,302264000000,50,true,0.23
"VND",141135,"/Date(1704265960000)/",22200,200,13653900,302242000000,50,true,0.23
"VND",141135,"/Date(1704265960000)/",22200,1000,13653700,302238000000,50,true,0.23
"VND",141135,"/Date(1704265960000)/",22200,1000,13652700,302215000000,50,true,0.23
"VND",141135,"/Date(1704265960000)/",22200,1000,13651700,302193000000,50,true,0.23
"VND",141132,"/Date(1704265956000)/",22200,100,13650700,302171000000,50,true,0.23
"VND",141132,"/Date(1704265956000)/",22200,100,13650600,302169000000,50,true,0.23
"VND",141122,"/Date(1704265946000)/",22200,2000,13650500,302166000000,50,false,0.23
"VND",141122,"/Date(1704265946000)/",22200,1000,13648500,302122000000,50,false,0.23
"VND",141122,"/Date(1704265946000)/",22200,2500,13647500,302100000000,50,false,0.23
"VND",141122,"/Date(1704265946000)/",22200,500,13645000,302044000000,50,false,0.23
"VND",141122,"/Date(1704265946000)/",22200,200,13644500,302033000000,50,false,0.23
"VND",141122,"/Date(1704265946000)/",22200,10000,13644300,302029000000,50,false,0.23
"VND",141122,"/Date(1704265946000)/",22200,100,13634300,301807000000,50,false,0.23
"VND",141122,"/Date(1704265946000)/",22200,1000,13634200,301805000000,50,false,0.23
"VND",141122,"/Date(1704265946000)/",22200,3000,13633200,301782000000,50,false,0.23
"VND",141122,"/Date(1704265946000)/",22200,1000,13630200,301716000000,50,false,0.23
"VND",141122,"/Date(1704265946000)/",22200,8600,13629200,301694000000,50,false,0.23
"VND",141122,"/Date(1704265945000)/",22150,100,13620600,301503000000,0,true,0
"VND",141119,"/Date(1704265943000)/",22200,1000,13620500,301500000000,50,false,0.23
"VND",141116,"/Date(1704265939000)/",22200,1000,13619500,301478000000,50,false,0.23
"VND",141109,"/Date(1704265934000)/",22200,400,13618500,301456000000,50,true,0.23
"VND",141109,"/Date(1704265934000)/",22200,500,13618100,301447000000,50,true,0.23
"VND",141109,"/Date(1704265934000)/",22200,1000,13617600,301436000000,50,true,0.23
"VND",141109,"/Date(1704265934000)/",22200,1000,13616600,301414000000,50,true,0.23
"VND",141109,"/Date(1704265934000)/",22200,500,13615600,301392000000,50,true,0.23
"VND",141109,"/Date(1704265934000)/",22200,5500,13615100,301381000000,50,true,0.23
"VND",141109,"/Date(1704265934000)/",22200,100,13609600,301258000000,50,true,0.23
"VND",141109,"/Date(1704265934000)/",22200,3000,13609500,301256000000,50,true,0.23
"VND",141109,"/Date(1704265934000)/",22200,5000,13606500,301190000000,50,true,0.23
"VND",141109,"/Date(1704265934000)/",22200,5000,13601500,301079000000,50,true,0.23
"VND",141109,"/Date(1704265934000)/",22200,200,13596500,300968000000,50,true,0.23
"VND",141109,"/Date(1704265934000)/",22200,5000,13596300,300963000000,50,true,0.23
"VND",141109,"/Date(1704265934000)/",22200,4700,13591300,300852000000,50,true,0.23
"VND",141109,"/Date(1704265934000)/",22200,500,13586600,300748000000,50,true,0.23
"VND",141109,"/Date(1704265934000)/",22200,2500,13586100,300737000000,50,true,0.23
"VND",141109,"/Date(1704265934000)/",22200,4500,13583600,300681000000,50,true,0.23
"VND",141109,"/Date(1704265933000)/",22200,500,13579100,300581000000,50,true,0.23
"VND",141109,"/Date(1704265933000)/",22200,1000,13578600,300570000000,50,true,0.23
"VND",141109,"/Date(1704265933000)/",22200,1000,13577600,300548000000,50,true,0.23
"VND",141109,"/Date(1704265933000)/",22200,500,13576600,300526000000,50,true,0.23
"VND",141109,"/Date(1704265933000)/",22200,200,13576100,300515000000,50,true,0.23
"VND",141109,"/Date(1704265933000)/",22200,1000,13575900,300510000000,50,true,0.23
"VND",141109,"/Date(1704265933000)/",22200,800,13574900,300488000000,50,true,0.23
"VND",141106,"/Date(1704265932000)/",22200,200,13574100,300470000000,50,true,0.23
"VND",141100,"/Date(1704265924000)/",22200,900,13573900,300466000000,50,true,0.23
"VND",141100,"/Date(1704265924000)/",22200,1100,13573000,300446000000,50,true,0.23
"VND",141100,"/Date(1704265923000)/",22200,100,13571900,300422000000,50,true,0.23
"VND",141100,"/Date(1704265923000)/",22200,1000,13571800,300419000000,50,true,0.23
"VND",141057,"/Date(1704265921000)/",22200,800,13570800,300397000000,50,true,0.23
"VND",141057,"/Date(1704265921000)/",22200,200,13570000,300379000000,50,true,0.23
"VND",141057,"/Date(1704265921000)/",22250,3900,13569800,300375000000,100,false,0.45
"VND",141057,"/Date(1704265920000)/",22200,800,13565900,300288000000,50,true,0.23
"VND",141057,"/Date(1704265920000)/",22200,500,13565100,300270000000,50,true,0.23
"VND",141057,"/Date(1704265920000)/",22200,3000,13564600,300259000000,50,true,0.23
"VND",141057,"/Date(1704265920000)/",22200,10000,13561600,300193000000,50,true,0.23
"VND",141057,"/Date(1704265920000)/",22200,5000,13551600,299971000000,50,true,0.23
"VND",141057,"/Date(1704265920000)/",22200,3500,13546600,299860000000,50,true,0.23
"VND",141057,"/Date(1704265920000)/",22200,1000,13543100,299782000000,50,true,0.23
"VND",141057,"/Date(1704265920000)/",22200,100,13542100,299760000000,50,true,0.23
"VND",141057,"/Date(1704265920000)/",22200,500,13542000,299758000000,50,true,0.23
"VND",141057,"/Date(1704265920000)/",22200,100,13541500,299746000000,50,true,0.23
"VND",141057,"/Date(1704265920000)/",22200,2100,13541400,299744000000,50,true,0.23
"VND",141057,"/Date(1704265920000)/",22200,3400,13539300,299698000000,50,true,0.23
"VND",141057,"/Date(1704265920000)/",22200,10000,13535900,299622000000,50,true,0.23
"VND",141057,"/Date(1704265919000)/",22200,200,13525900,299400000000,50,true,0.23
"VND",141053,"/Date(1704265918000)/",22200,6400,13525700,299396000000,50,true,0.23
"VND",141053,"/Date(1704265918000)/",22200,1500,13519300,299254000000,50,true,0.23
"VND",141053,"/Date(1704265918000)/",22200,2100,13517800,299220000000,50,true,0.23
"VND",141053,"/Date(1704265917000)/",22200,900,13515700,299174000000,50,true,0.23
"VND",141053,"/Date(1704265917000)/",22200,1100,13514800,299154000000,50,true,0.23
"VND",141053,"/Date(1704265917000)/",22200,500,13513700,299129000000,50,true,0.23
"VND",141050,"/Date(1704265915000)/",22200,3000,13513200,299118000000,50,true,0.23
"VND",141050,"/Date(1704265913000)/",22200,300,13510200,299052000000,50,true,0.23
"VND",141050,"/Date(1704265913000)/",22200,100,13509900,299045000000,50,true,0.23
"VND",141050,"/Date(1704265913000)/",22200,200,13509800,299043000000,50,true,0.23
"VND",141050,"/Date(1704265913000)/",22200,500,13509600,299038000000,50,true,0.23
"VND",141050,"/Date(1704265913000)/",22200,9900,13509100,299027000000,50,true,0.23
"VND",141050,"/Date(1704265913000)/",22200,400,13499200,298807000000,50,true,0.23
"VND",141050,"/Date(1704265913000)/",22200,200,13498800,298799000000,50,true,0.23
"VND",141050,"/Date(1704265913000)/",22200,500,13498600,298794000000,50,true,0.23
"VND",141050,"/Date(1704265913000)/",22200,700,13498100,298783000000,50,true,0.23
"VND",141050,"/Date(1704265913000)/",22200,3000,13497400,298767000000,50,true,0.23
"VND",141050,"/Date(1704265913000)/",22200,8000,13494400,298701000000,50,true,0.23
"VND",141050,"/Date(1704265913000)/",22200,400,13486400,298523000000,50,true,0.23
"VND",141050,"/Date(1704265913000)/",22200,100,13486000,298514000000,50,true,0.23
"VND",141050,"/Date(1704265913000)/",22200,1700,13485900,298512000000,50,true,0.23
"VND",141050,"/Date(1704265913000)/",22200,200,13484200,298474000000,50,true,0.23
"VND",141050,"/Date(1704265913000)/",22200,7000,13484000,298470000000,50,true,0.23
"VND",141050,"/Date(1704265913000)/",22200,2000,13477000,298315000000,50,true,0.23
"VND",141050,"/Date(1704265913000)/",22200,100,13475000,298270000000,50,true,0.23
"VND",141050,"/Date(1704265913000)/",22200,5000,13474900,298268000000,50,true,0.23
"VND",141050,"/Date(1704265913000)/",22200,2000,13469900,298157000000,50,true,0.23
"VND",141050,"/Date(1704265913000)/",22200,100,13467900,298113000000,50,true,0.23
"VND",141050,"/Date(1704265913000)/",22200,7900,13467800,298110000000,50,true,0.23
"VND",141047,"/Date(1704265912000)/",22200,1000,13459900,297935000000,50,true,0.23
"VND",141047,"/Date(1704265910000)/",22200,1000,13458900,297913000000,50,true,0.23
"VND",141047,"/Date(1704265910000)/",22200,10000,13457900,297891000000,50,true,0.23
"VND",141044,"/Date(1704265909000)/",22200,2000,13447900,297669000000,50,true,0.23
"VND",141041,"/Date(1704265906000)/",22200,1900,13445900,297624000000,50,true,0.23
"VND",141037,"/Date(1704265902000)/",22200,6200,13444000,297582000000,50,true,0.23
"VND",141037,"/Date(1704265902000)/",22200,100,13437800,297444000000,50,true,0.23
"VND",141037,"/Date(1704265902000)/",22200,3800,13437700,297442000000,50,true,0.23
"VND",141037,"/Date(1704265902000)/",22200,100,13433900,297358000000,50,true,0.23
"VND",141037,"/Date(1704265902000)/",22200,5000,13433800,297356000000,50,true,0.23
"VND",141037,"/Date(1704265902000)/",22200,1000,13428800,297245000000,50,true,0.23
"VND",141037,"/Date(1704265902000)/",22200,2500,13427800,297222000000,50,true,0.23
"VND",141037,"/Date(1704265902000)/",22200,500,13425300,297167000000,50,true,0.23
"VND",141037,"/Date(1704265902000)/",22200,100,13424800,297156000000,50,true,0.23
"VND",141037,"/Date(1704265902000)/",22200,700,13424700,297154000000,50,true,0.23
"VND",141034,"/Date(1704265900000)/",22200,200,13424000,297138000000,50,true,0.23
"VND",141034,"/Date(1704265900000)/",22200,2000,13423800,297134000000,50,true,0.23
"VND",141034,"/Date(1704265900000)/",22200,500,13421800,297089000000,50,true,0.23
"VND",141034,"/Date(1704265900000)/",22200,1200,13421300,297078000000,50,true,0.23
"VND",141034,"/Date(1704265897000)/",22200,2100,13420100,297051000000,50,true,0.23
"VND",141034,"/Date(1704265897000)/",22200,300,13418000,297005000000,50,true,0.23
"VND",141034,"/Date(1704265897000)/",22200,100,13417700,296998000000,50,true,0.23
"VND",141034,"/Date(1704265897000)/",22200,7500,13417600,296996000000,50,true,0.23
"VND",141028,"/Date(1704265893000)/",22200,1300,13410100,296829000000,50,true,0.23
"VND",141028,"/Date(1704265893000)/",22200,1200,13408800,296801000000,50,true,0.23
"VND",141028,"/Date(1704265893000)/",22200,300,13407600,296774000000,50,true,0.23
"VND",141028,"/Date(1704265893000)/",22200,9900,13407300,296767000000,50,true,0.23
"VND",141028,"/Date(1704265893000)/",22200,200,13397400,296547000000,50,true,0.23
"VND",141028,"/Date(1704265893000)/",22200,1200,13397200,296543000000,50,true,0.23
"VND",141028,"/Date(1704265893000)/",22200,100,13396000,296516000000,50,true,0.23
"VND",141028,"/Date(1704265893000)/",22200,500,13395900,296514000000,50,true,0.23
"VND",141028,"/Date(1704265893000)/",22200,500,13395400,296503000000,50,true,0.23
"VND",141028,"/Date(1704265893000)/",22200,200,13394900,296492000000,50,true,0.23
"VND",141028,"/Date(1704265893000)/",22200,4000,13394700,296488000000,50,true,0.23
"VND",141028,"/Date(1704265893000)/",22200,100,13390700,296399000000,50,true,0.23
"VND",141028,"/Date(1704265893000)/",22200,100,13390600,296396000000,50,true,0.23
"VND",141028,"/Date(1704265893000)/",22200,500,13390500,296394000000,50,true,0.23
"VND",141028,"/Date(1704265893000)/",22200,500,13390000,296383000000,50,true,0.23
"VND",141028,"/Date(1704265893000)/",22200,500,13389500,296372000000,50,true,0.23
"VND",141028,"/Date(1704265893000)/",22200,2800,13389000,296361000000,50,true,0.23
"VND",141028,"/Date(1704265893000)/",22200,100,13386200,296299000000,50,true,0.23
"VND",141028,"/Date(1704265893000)/",22200,500,13386100,296297000000,50,true,0.23
"VND",141028,"/Date(1704265893000)/",22200,1800,13385600,296285000000,50,true,0.23
"VND",141028,"/Date(1704265893000)/",22200,500,13383800,296246000000,50,true,0.23
"VND",141028,"/Date(1704265893000)/",22200,1000,13383300,296234000000,50,true,0.23
"VND",141028,"/Date(1704265893000)/",22200,1000,13382300,296212000000,50,true,0.23
"VND",141028,"/Date(1704265893000)/",22200,100,13381300,296190000000,50,true,0.23
"VND",141028,"/Date(1704265893000)/",22200,300,13381200,296188000000,50,true,0.23
"VND",141028,"/Date(1704265893000)/",22200,5100,13380900,296181000000,50,true,0.23
"VND",141025,"/Date(1704265887000)/",22200,3000,13375800,296068000000,50,true,0.23
"VND",141022,"/Date(1704265887000)/",22200,200,13372800,296001000000,50,true,0.23
"VND",141015,"/Date(1704265880000)/",22200,700,13372600,295997000000,50,true,0.23
"VND",141015,"/Date(1704265880000)/",22200,2300,13371900,295981000000,50,true,0.23
"VND",141009,"/Date(1704265874000)/",22200,200,13369600,295930000000,50,true,0.23
"VND",141002,"/Date(1704265865000)/",22200,500,13369400,295926000000,50,true,0.23
"VND",140959,"/Date(1704265862000)/",22200,300,13368900,295915000000,50,true,0.23
"VND",140956,"/Date(1704265858000)/",22200,100,13368600,295908000000,50,true,0.23
"VND",140946,"/Date(1704265850000)/",22250,13300,13368500,295906000000,100,false,0.45
"VND",140946,"/Date(1704265850000)/",22250,800,13355200,295610000000,100,false,0.45
"VND",140946,"/Date(1704265850000)/",22250,100,13354400,295592000000,100,false,0.45
"VND",140946,"/Date(1704265850000)/",22250,20000,13354300,295590000000,100,false,0.45
"VND",140946,"/Date(1704265850000)/",22250,100,13334300,295145000000,100,false,0.45
"VND",140946,"/Date(1704265850000)/",22250,1000,13334200,295143000000,100,false,0.45
"VND",140946,"/Date(1704265850000)/",22250,2000,13333200,295120000000,100,false,0.45
"VND",140946,"/Date(1704265850000)/",22250,12700,13331200,295076000000,100,false,0.45
"VND",140946,"/Date(1704265849000)/",22200,1600,13318500,294793000000,50,true,0.23
"VND",140946,"/Date(1704265849000)/",22200,1900,13316900,294758000000,50,true,0.23
"VND",140934,"/Date(1704265839000)/",22250,100,13315000,294716000000,100,false,0.45
"VND",140934,"/Date(1704265836000)/",22250,1000,13314900,294713000000,100,false,0.45
"VND",140934,"/Date(1704265836000)/",22250,3900,13313900,294691000000,100,false,0.45
"VND",140927,"/Date(1704265832000)/",22200,2100,13310000,294604000000,50,true,0.23
"VND",140918,"/Date(1704265823000)/",22200,1000,13307900,294558000000,50,true,0.23
"VND",140918,"/Date(1704265823000)/",22200,400,13306900,294536000000,50,true,0.23
"VND",140918,"/Date(1704265823000)/",22200,400,13306500,294527000000,50,true,0.23
"VND",140914,"/Date(1704265818000)/",22200,1400,13306100,294518000000,50,true,0.23
"VND",140908,"/Date(1704265813000)/",22200,200,13304700,294487000000,50,true,0.23
"VND",140908,"/Date(1704265813000)/",22200,4800,13304500,294482000000,50,true,0.23
"VND",140905,"/Date(1704265810000)/",22200,500,13299700,294376000000,50,true,0.23
"VND",140859,"/Date(1704265802000)/",22200,300,13299200,294365000000,50,true,0.23
"VND",140859,"/Date(1704265802000)/",22200,1000,13298900,294358000000,50,true,0.23
"VND",140859,"/Date(1704265802000)/",22200,200,13297900,294336000000,50,true,0.23
"VND",140849,"/Date(1704265794000)/",22250,1000,13297700,294331000000,100,false,0.45
"VND",140827,"/Date(1704265769000)/",22250,1300,13296700,294309000000,100,false,0.45
"VND",140827,"/Date(1704265769000)/",22250,500,13295400,294280000000,100,false,0.45
"VND",140827,"/Date(1704265769000)/",22250,100,13294900,294269000000,100,false,0.45
"VND",140827,"/Date(1704265769000)/",22250,1100,13294800,294267000000,100,false,0.45
"VND",140827,"/Date(1704265769000)/",22250,2000,13293700,294242000000,100,false,0.45
"VND",140811,"/Date(1704265753000)/",22250,500,13291700,294198000000,100,false,0.45
"VND",140804,"/Date(1704265748000)/",22200,3000,13291200,294187000000,50,true,0.23
"VND",140804,"/Date(1704265748000)/",22200,1900,13288200,294120000000,50,true,0.23
"VND",140804,"/Date(1704265747000)/",22200,1500,13286300,294078000000,50,true,0.23
"VND",140751,"/Date(1704265735000)/",22200,1000,13284800,294045000000,50,true,0.23
"VND",140751,"/Date(1704265735000)/",22250,500,13283800,294022000000,100,false,0.45
"VND",140742,"/Date(1704265726000)/",22200,100,13283300,294011000000,50,true,0.23
"VND",140732,"/Date(1704265717000)/",22200,500,13283200,294009000000,50,true,0.23
"VND",140732,"/Date(1704265715000)/",22200,500,13282700,293998000000,50,true,0.23
"VND",140732,"/Date(1704265715000)/",22200,4500,13282200,293987000000,50,true,0.23
"VND",140713,"/Date(1704265698000)/",22250,1000,13277700,293887000000,100,false,0.45
"VND",140707,"/Date(1704265691000)/",22200,500,13276700,293865000000,50,true,0.23
"VND",140704,"/Date(1704265688000)/",22250,500,13276200,293854000000,100,false,0.45
"VND",140704,"/Date(1704265688000)/",22250,1900,13275700,293843000000,100,false,0.45
"VND",140704,"/Date(1704265688000)/",22250,2600,13273800,293800000000,100,false,0.45
"VND",140700,"/Date(1704265683000)/",22250,2100,13271200,293742000000,100,false,0.45
"VND",140700,"/Date(1704265683000)/",22250,5000,13269100,293696000000,100,false,0.45
"VND",140700,"/Date(1704265683000)/",22250,2900,13264100,293584000000,100,false,0.45
"VND",140700,"/Date(1704265682000)/",22200,3000,13261200,293520000000,50,true,0.23
"VND",140700,"/Date(1704265682000)/",22200,3000,13258200,293453000000,50,true,0.23
"VND",140657,"/Date(1704265680000)/",22200,3000,13255200,293387000000,50,true,0.23
"VND",140648,"/Date(1704265670000)/",22200,100,13252200,293320000000,50,true,0.23
"VND",140638,"/Date(1704265661000)/",22250,100,13252100,293318000000,100,false,0.45
"VND",140638,"/Date(1704265661000)/",22250,10000,13252000,293316000000,100,false,0.45
"VND",140638,"/Date(1704265660000)/",22200,500,13242000,293093000000,50,true,0.23
"VND",140635,"/Date(1704265657000)/",22250,1000,13241500,293082000000,100,false,0.45
"VND",140635,"/Date(1704265657000)/",22200,1400,13240500,293060000000,50,true,0.23
"VND",140635,"/Date(1704265657000)/",22200,1300,13239100,293029000000,50,true,0.23
"VND",140632,"/Date(1704265656000)/",22200,100,13237800,293000000000,50,true,0.23
"VND",140613,"/Date(1704265636000)/",22200,200,13237700,292998000000,50,true,0.23
"VND",140609,"/Date(1704265633000)/",22250,500,13237500,292993000000,100,false,0.45
"VND",140606,"/Date(1704265628000)/",22200,10000,13237000,292982000000,50,true,0.23
"VND",140557,"/Date(1704265618000)/",22250,300,13227000,292760000000,100,false,0.45
"VND",140553,"/Date(1704265616000)/",22200,5000,13226700,292753000000,50,true,0.23
"VND",140550,"/Date(1704265614000)/",22250,200,13221700,292642000000,100,false,0.45
"VND",140550,"/Date(1704265612000)/",22200,3000,13221500,292638000000,50,true,0.23
"VND",140544,"/Date(1704265608000)/",22200,4500,13218500,292571000000,50,true,0.23
"VND",140541,"/Date(1704265604000)/",22200,200,13214000,292471000000,50,true,0.23
"VND",140538,"/Date(1704265601000)/",22200,1000,13213800,292467000000,50,true,0.23
"VND",140534,"/Date(1704265597000)/",22200,100,13212800,292445000000,50,true,0.23
"VND",140525,"/Date(1704265587000)/",22200,15000,13212700,292443000000,50,false,0.23
"VND",140525,"/Date(1704265587000)/",22200,300,13197700,292110000000,50,false,0.23
"VND",140525,"/Date(1704265587000)/",22200,50000,13197400,292103000000,50,false,0.23
"VND",140525,"/Date(1704265587000)/",22200,4000,13147400,290993000000,50,false,0.23
"VND",140525,"/Date(1704265587000)/",22200,1000,13143400,290904000000,50,false,0.23
"VND",140525,"/Date(1704265587000)/",22200,100,13142400,290882000000,50,false,0.23
"VND",140525,"/Date(1704265587000)/",22200,4200,13142300,290880000000,50,false,0.23
"VND",140525,"/Date(1704265586000)/",22200,3800,13138100,290786000000,50,false,0.23
"VND",140525,"/Date(1704265586000)/",22200,200,13134300,290702000000,50,false,0.23
"VND",140522,"/Date(1704265585000)/",22150,6000,13134100,290698000000,0,true,0
"VND",140522,"/Date(1704265585000)/",22200,200,13128100,290565000000,50,false,0.23
"VND",140519,"/Date(1704265582000)/",22200,400,13127900,290560000000,50,false,0.23
"VND",140519,"/Date(1704265582000)/",22200,100,13127500,290551000000,50,false,0.23
"VND",140519,"/Date(1704265581000)/",22200,200,13127400,290549000000,50,false,0.23
"VND",140519,"/Date(1704265580000)/",22200,100,13127200,290545000000,50,false,0.23
"VND",140515,"/Date(1704265579000)/",22200,5000,13127100,290543000000,50,false,0.23
"VND",140515,"/Date(1704265578000)/",22200,100,13122100,290432000000,50,false,0.23
"VND",140515,"/Date(1704265577000)/",22200,2500,13122000,290429000000,50,false,0.23
"VND",140512,"/Date(1704265576000)/",22200,500,13119500,290374000000,50,false,0.23
"VND",140512,"/Date(1704265575000)/",22200,4500,13119000,290363000000,50,false,0.23
"VND",140512,"/Date(1704265574000)/",22200,1000,13114500,290263000000,50,false,0.23
"VND",140512,"/Date(1704265573000)/",22200,1000,13113500,290241000000,50,false,0.23
"VND",140509,"/Date(1704265571000)/",22200,2000,13112500,290218000000,50,false,0.23
"VND",140509,"/Date(1704265571000)/",22200,1000,13110500,290174000000,50,false,0.23
"VND",140509,"/Date(1704265571000)/",22200,2000,13109500,290152000000,50,false,0.23
"VND",140509,"/Date(1704265571000)/",22200,1400,13107500,290107000000,50,false,0.23
"VND",140509,"/Date(1704265571000)/",22200,1500,13106100,290076000000,50,false,0.23
"VND",140509,"/Date(1704265571000)/",22200,600,13104600,290043000000,50,false,0.23
"VND",140509,"/Date(1704265571000)/",22200,100,13104000,290030000000,50,false,0.23
"VND",140509,"/Date(1704265571000)/",22200,500,13103900,290028000000,50,false,0.23
"VND",140503,"/Date(1704265566000)/",22200,200,13103400,290016000000,50,false,0.23
"VND",140459,"/Date(1704265563000)/",22200,100,13103200,290012000000,50,false,0.23
"VND",140459,"/Date(1704265562000)/",22200,300,13103100,290010000000,50,false,0.23
"VND",140456,"/Date(1704265559000)/",22200,400,13102800,290003000000,50,false,0.23
"VND",140456,"/Date(1704265559000)/",22200,1100,13102400,289994000000,50,false,0.23
"VND",140456,"/Date(1704265558000)/",22200,1500,13101300,289970000000,50,false,0.23
"VND",140453,"/Date(1704265556000)/",22200,400,13099800,289937000000,50,false,0.23
"VND",140453,"/Date(1704265556000)/",22200,3000,13099400,289928000000,50,false,0.23
"VND",140453,"/Date(1704265556000)/",22200,500,13096400,289861000000,50,false,0.23
"VND",140453,"/Date(1704265555000)/",22200,300,13095900,289850000000,50,false,0.23
"VND",140450,"/Date(1704265552000)/",22150,4200,13095600,289843000000,0,true,0
"VND",140450,"/Date(1704265552000)/",22150,500,13091400,289750000000,0,true,0
"VND",140450,"/Date(1704265552000)/",22150,300,13090900,289739000000,0,true,0
"VND",140450,"/Date(1704265551000)/",22200,3500,13090600,289733000000,50,false,0.23
"VND",140447,"/Date(1704265551000)/",22200,100,13087100,289655000000,50,false,0.23
"VND",140447,"/Date(1704265549000)/",22200,400,13087000,289653000000,50,false,0.23
"VND",140444,"/Date(1704265547000)/",22200,2000,13086600,289644000000,50,false,0.23
"VND",140441,"/Date(1704265543000)/",22200,5000,13084600,289599000000,50,false,0.23
"VND",140441,"/Date(1704265542000)/",22200,2000,13079600,289488000000,50,false,0.23
"VND",140437,"/Date(1704265540000)/",22200,100,13077600,289444000000,50,false,0.23
"VND",140437,"/Date(1704265540000)/",22200,2000,13077500,289442000000,50,false,0.23
"VND",140437,"/Date(1704265539000)/",22200,7000,13075500,289397000000,50,false,0.23
"VND",140434,"/Date(1704265537000)/",22150,200,13068500,289242000000,0,true,0
"VND",140434,"/Date(1704265537000)/",22150,1000,13068300,289237000000,0,true,0
"VND",140434,"/Date(1704265537000)/",22150,200,13067300,289215000000,0,true,0
"VND",140434,"/Date(1704265537000)/",22150,100,13067100,289211000000,0,true,0
"VND",140434,"/Date(1704265537000)/",22150,2000,13067000,289209000000,0,true,0
"VND",140434,"/Date(1704265537000)/",22150,1000,13065000,289164000000,0,true,0
"VND",140434,"/Date(1704265537000)/",22150,1000,13064000,289142000000,0,true,0
"VND",140434,"/Date(1704265537000)/",22150,100,13063000,289120000000,0,true,0
"VND",140434,"/Date(1704265537000)/",22150,100,13062900,289118000000,0,true,0
"VND",140434,"/Date(1704265537000)/",22150,400,13062800,289116000000,0,true,0
"VND",140431,"/Date(1704265533000)/",22200,100,13062400,289107000000,50,false,0.23
"VND",140428,"/Date(1704265529000)/",22200,5000,13062300,289105000000,50,false,0.23
"VND",140428,"/Date(1704265529000)/",22200,1000,13057300,288994000000,50,false,0.23
"VND",140425,"/Date(1704265526000)/",22200,300,13056300,288971000000,50,false,0.23
"VND",140418,"/Date(1704265520000)/",22200,500,13056000,288965000000,50,false,0.23
"VND",140418,"/Date(1704265520000)/",22200,10000,13055500,288954000000,50,false,0.23
"VND",140415,"/Date(1704265517000)/",22150,100,13045500,288732000000,0,true,0
"VND",140415,"/Date(1704265517000)/",22150,1000,13045400,288729000000,0,true,0
"VND",140415,"/Date(1704265517000)/",22150,100,13044400,288707000000,0,true,0
"VND",140415,"/Date(1704265517000)/",22150,600,13044300,288705000000,0,true,0
"VND",140415,"/Date(1704265517000)/",22150,1000,13043700,288692000000,0,true,0
"VND",140415,"/Date(1704265517000)/",22150,200,13042700,288670000000,0,true,0
"VND",140415,"/Date(1704265517000)/",22150,1000,13042500,288665000000,0,true,0
"VND",140415,"/Date(1704265517000)/",22150,100,13041500,288643000000,0,true,0
"VND",140415,"/Date(1704265517000)/",22150,200,13041400,288641000000,0,true,0
"VND",140415,"/Date(1704265517000)/",22150,2000,13041200,288636000000,0,true,0
"VND",140415,"/Date(1704265517000)/",22150,1400,13039200,288592000000,0,true,0
"VND",140415,"/Date(1704265517000)/",22150,200,13037800,288561000000,0,true,0
"VND",140415,"/Date(1704265517000)/",22150,2000,13037600,288557000000,0,true,0
"VND",140415,"/Date(1704265517000)/",22150,1000,13035600,288512000000,0,true,0
"VND",140415,"/Date(1704265517000)/",22150,200,13034600,288490000000,0,true,0
"VND",140415,"/Date(1704265517000)/",22150,12500,13034400,288486000000,0,true,0
"VND",140415,"/Date(1704265517000)/",22150,1000,13021900,288209000000,0,true,0
"VND",140415,"/Date(1704265517000)/",22150,500,13020900,288187000000,0,true,0
"VND",140415,"/Date(1704265517000)/",22150,200,13020400,288176000000,0,true,0
"VND",140415,"/Date(1704265517000)/",22150,4500,13020200,288171000000,0,true,0
"VND",140415,"/Date(1704265517000)/",22150,5000,13015700,288072000000,0,true,0
"VND",140415,"/Date(1704265517000)/",22150,200,13010700,287961000000,0,true,0
"VND",140415,"/Date(1704265517000)/",22150,5000,13010500,287956000000,0,true,0
"VND",140415,"/Date(1704265517000)/",22150,3000,13005500,287846000000,0,true,0
"VND",140415,"/Date(1704265517000)/",22150,5000,13002500,287779000000,0,true,0
"VND",140415,"/Date(1704265517000)/",22150,400,12997500,287668000000,0,true,0
"VND",140415,"/Date(1704265517000)/",22150,200,12997100,287660000000,0,true,0
"VND",140415,"/Date(1704265517000)/",22150,100,12996900,287655000000,0,true,0
"VND",140415,"/Date(1704265517000)/",22150,500,12996800,287653000000,0,true,0
"VND",140415,"/Date(1704265517000)/",22150,1000,12996300,287642000000,0,true,0
"VND",140415,"/Date(1704265517000)/",22150,5000,12995300,287620000000,0,true,0
"VND",140415,"/Date(1704265517000)/",22150,1000,12990300,287509000000,0,true,0
"VND",140415,"/Date(1704265517000)/",22150,200,12989300,287487000000,0,true,0
"VND",140415,"/Date(1704265517000)/",22150,200,12989100,287482000000,0,true,0
"VND",140415,"/Date(1704265517000)/",22150,500,12988900,287478000000,0,true,0
"VND",140415,"/Date(1704265517000)/",22150,300,12988400,287467000000,0,true,0
"VND",140415,"/Date(1704265517000)/",22150,800,12988100,287460000000,0,true,0
"VND",140415,"/Date(1704265517000)/",22150,100,12987300,287442000000,0,true,0
"VND",140415,"/Date(1704265517000)/",22150,1000,12987200,287440000000,0,true,0
"VND",140415,"/Date(1704265517000)/",22150,40700,12986200,287418000000,0,true,0
"VND",140415,"/Date(1704265517000)/",22200,100,12945500,286517000000,50,false,0.23
"VND",140412,"/Date(1704265514000)/",22200,1000,12945400,286514000000,50,false,0.23
"VND",140412,"/Date(1704265513000)/",22200,5000,12944400,286492000000,50,false,0.23
"VND",140406,"/Date(1704265508000)/",22150,100,12939400,286381000000,0,true,0
"VND",140406,"/Date(1704265507000)/",22200,4100,12939300,286379000000,50,false,0.23
"VND",140406,"/Date(1704265507000)/",22200,500,12935200,286288000000,50,false,0.23
"VND",140406,"/Date(1704265507000)/",22200,2000,12934700,286277000000,50,false,0.23
"VND",140406,"/Date(1704265507000)/",22200,500,12932700,286232000000,50,false,0.23
"VND",140406,"/Date(1704265507000)/",22200,400,12932200,286221000000,50,false,0.23
"VND",140406,"/Date(1704265507000)/",22200,100,12931800,286212000000,50,false,0.23
"VND",140406,"/Date(1704265507000)/",22200,1500,12931700,286210000000,50,false,0.23
"VND",140406,"/Date(1704265507000)/",22200,900,12930200,286177000000,50,false,0.23
"VND",140403,"/Date(1704265504000)/",22150,400,12929300,286157000000,0,true,0
"VND",140403,"/Date(1704265504000)/",22200,1100,12928900,286148000000,50,false,0.23
"VND",140403,"/Date(1704265504000)/",22200,400,12927800,286124000000,50,false,0.23
"VND",140403,"/Date(1704265504000)/",22200,200,12927400,286115000000,50,false,0.23
"VND",140403,"/Date(1704265504000)/",22200,1000,12927200,286110000000,50,false,0.23
"VND",140403,"/Date(1704265504000)/",22200,100,12926200,286088000000,50,false,0.23
"VND",140403,"/Date(1704265504000)/",22200,300,12926100,286086000000,50,false,0.23
"VND",140403,"/Date(1704265504000)/",22200,1900,12925800,286079000000,50,false,0.23
"VND",140353,"/Date(1704265494000)/",22200,3000,12923900,286037000000,50,false,0.23
"VND",140347,"/Date(1704265489000)/",22200,500,12920900,285971000000,50,false,0.23
"VND",140340,"/Date(1704265483000)/",22150,200,12920400,285959000000,0,true,0
"VND",140340,"/Date(1704265483000)/",22200,200,12920200,285955000000,50,false,0.23
"VND",140340,"/Date(1704265482000)/",22200,100,12920000,285951000000,50,false,0.23
"VND",140340,"/Date(1704265481000)/",22150,8600,12919900,285948000000,0,true,0
"VND",140340,"/Date(1704265481000)/",22150,1500,12911300,285758000000,0,true,0
"VND",140340,"/Date(1704265481000)/",22150,200,12909800,285725000000,0,true,0
"VND",140340,"/Date(1704265481000)/",22150,2000,12909600,285720000000,0,true,0
"VND",140340,"/Date(1704265481000)/",22150,200,12907600,285676000000,0,true,0
"VND",140340,"/Date(1704265481000)/",22150,500,12907400,285671000000,0,true,0
"VND",140337,"/Date(1704265479000)/",22200,300,12906900,285660000000,50,false,0.23
"VND",140337,"/Date(1704265479000)/",22200,2000,12906600,285654000000,50,false,0.23
"VND",140337,"/Date(1704265479000)/",22200,900,12904600,285609000000,50,false,0.23
"VND",140337,"/Date(1704265479000)/",22200,1000,12903700,285589000000,50,false,0.23
"VND",140337,"/Date(1704265479000)/",22200,800,12902700,285567000000,50,false,0.23
"VND",140337,"/Date(1704265479000)/",22200,100,12901900,285549000000,50,false,0.23
"VND",140337,"/Date(1704265477000)/",22200,100,12901800,285547000000,50,false,0.23
"VND",140337,"/Date(1704265477000)/",22200,100,12901700,285545000000,50,false,0.23
"VND",140337,"/Date(1704265477000)/",22200,400,12901600,285543000000,50,false,0.23
"VND",140337,"/Date(1704265477000)/",22200,4600,12901200,285534000000,50,false,0.23
"VND",140337,"/Date(1704265474000)/",22200,5000,12896600,285432000000,50,false,0.23
"VND",140337,"/Date(1704265473000)/",22200,300,12891600,285321000000,50,false,0.23
"VND",140334,"/Date(1704265473000)/",22200,100,12891300,285314000000,50,false,0.23
"VND",140331,"/Date(1704265472000)/",22200,300,12891200,285312000000,50,false,0.23
"VND",140331,"/Date(1704265471000)/",22200,2000,12890900,285305000000,50,false,0.23
"VND",140328,"/Date(1704265470000)/",22200,1000,12888900,285261000000,50,false,0.23
"VND",140328,"/Date(1704265469000)/",22200,100,12887900,285239000000,50,false,0.23
"VND",140328,"/Date(1704265468000)/",22200,11600,12887800,285236000000,50,false,0.23
"VND",140328,"/Date(1704265468000)/",22200,100,12876200,284979000000,50,false,0.23
"VND",140328,"/Date(1704265468000)/",22200,200,12876100,284977000000,50,false,0.23
"VND",140328,"/Date(1704265468000)/",22200,9100,12875900,284972000000,50,false,0.23
"VND",140325,"/Date(1704265467000)/",22200,1000,12866800,284770000000,50,false,0.23
"VND",140325,"/Date(1704265465000)/",22200,500,12865800,284748000000,50,false,0.23
"VND",140322,"/Date(1704265463000)/",22200,2000,12865300,284737000000,50,false,0.23
"VND",140322,"/Date(1704265462000)/",22200,2400,12863300,284692000000,50,false,0.23
"VND",140322,"/Date(1704265462000)/",22200,100,12860900,284639000000,50,false,0.23
"VND",140322,"/Date(1704265462000)/",22200,100,12860800,284637000000,50,false,0.23
"VND",140318,"/Date(1704265458000)/",22200,500,12860700,284635000000,50,false,0.23
"VND",140315,"/Date(1704265455000)/",22150,700,12860200,284624000000,0,true,0
"VND",140315,"/Date(1704265455000)/",22150,100,12859500,284608000000,0,true,0
"VND",140315,"/Date(1704265455000)/",22150,100,12859400,284606000000,0,true,0
"VND",140315,"/Date(1704265455000)/",22150,200,12859300,284604000000,0,true,0
"VND",140315,"/Date(1704265455000)/",22150,1500,12859100,284599000000,0,true,0
"VND",140315,"/Date(1704265455000)/",22150,1000,12857600,284566000000,0,true,0
"VND",140315,"/Date(1704265455000)/",22150,1000,12856600,284544000000,0,true,0
"VND",140315,"/Date(1704265455000)/",22150,200,12855600,284522000000,0,true,0
"VND",140315,"/Date(1704265455000)/",22150,1000,12855400,284517000000,0,true,0
"VND",140315,"/Date(1704265455000)/",22150,100,12854400,284495000000,0,true,0
"VND",140315,"/Date(1704265455000)/",22150,1000,12854300,284493000000,0,true,0
"VND",140315,"/Date(1704265455000)/",22150,1000,12853300,284471000000,0,true,0
"VND",140315,"/Date(1704265455000)/",22150,8100,12852300,284449000000,0,true,0
"VND",140312,"/Date(1704265454000)/",22200,300,12844200,284269000000,50,false,0.23
"VND",140312,"/Date(1704265454000)/",22200,700,12843900,284263000000,50,false,0.23
"VND",140312,"/Date(1704265454000)/",22200,100,12843200,284247000000,50,false,0.23
"VND",140309,"/Date(1704265451000)/",22200,200,12843100,284245000000,50,false,0.23
"VND",140309,"/Date(1704265451000)/",22200,800,12842900,284240000000,50,false,0.23
"VND",140309,"/Date(1704265451000)/",22200,2000,12842100,284223000000,50,false,0.23
"VND",140309,"/Date(1704265449000)/",22200,800,12840100,284178000000,50,false,0.23
"VND",140306,"/Date(1704265447000)/",22200,1000,12839300,284160000000,50,false,0.23
"VND",140303,"/Date(1704265443000)/",22200,500,12838300,284138000000,50,false,0.23
"VND",140253,"/Date(1704265433000)/",22200,5000,12837800,284127000000,50,false,0.23
"VND",140244,"/Date(1704265424000)/",22150,18000,12832800,284016000000,0,true,0
"VND",140238,"/Date(1704265419000)/",22200,300,12814800,283617000000,50,false,0.23
"VND",140232,"/Date(1704265411000)/",22200,700,12814500,283611000000,50,false,0.23
"VND",140228,"/Date(1704265410000)/",22200,1600,12813800,283595000000,50,false,0.23
"VND",140228,"/Date(1704265409000)/",22200,500,12812200,283560000000,50,false,0.23
"VND",140228,"/Date(1704265409000)/",22200,800,12811700,283549000000,50,false,0.23
"VND",140225,"/Date(1704265407000)/",22200,1000,12810900,283531000000,50,false,0.23
"VND",140225,"/Date(1704265406000)/",22200,1000,12809900,283509000000,50,false,0.23
"VND",140225,"/Date(1704265406000)/",22200,200,12808900,283486000000,50,false,0.23
"VND",140225,"/Date(1704265404000)/",22200,100,12808700,283482000000,50,false,0.23
"VND",140222,"/Date(1704265401000)/",22200,1000,12808600,283480000000,50,false,0.23
"VND",140219,"/Date(1704265400000)/",22200,1000,12807600,283458000000,50,false,0.23
"VND",140219,"/Date(1704265399000)/",22200,100,12806600,283435000000,50,false,0.23
"VND",140213,"/Date(1704265392000)/",22200,500,12806500,283433000000,50,false,0.23
"VND",140213,"/Date(1704265392000)/",22200,1000,12806000,283422000000,50,false,0.23
"VND",140200,"/Date(1704265381000)/",22200,1000,12805000,283400000000,50,false,0.23
"VND",140154,"/Date(1704265374000)/",22200,10000,12804000,283378000000,50,false,0.23
"VND",140154,"/Date(1704265374000)/",22200,100,12794000,283156000000,50,false,0.23
"VND",140154,"/Date(1704265374000)/",22200,300,12793900,283153000000,50,false,0.23
"VND",140154,"/Date(1704265373000)/",22150,2200,12793600,283147000000,0,true,0
"VND",140151,"/Date(1704265371000)/",22200,100,12791400,283098000000,50,false,0.23
"VND",140151,"/Date(1704265371000)/",22200,2000,12791300,283096000000,50,false,0.23
"VND",140151,"/Date(1704265371000)/",22150,100,12789300,283051000000,0,true,0
"VND",140151,"/Date(1704265369000)/",22200,3000,12789200,283049000000,50,false,0.23
"VND",140148,"/Date(1704265368000)/",22200,8000,12786200,282983000000,50,false,0.23
"VND",140145,"/Date(1704265364000)/",22200,1700,12778200,282805000000,50,false,0.23
"VND",140145,"/Date(1704265362000)/",22200,1000,12776500,282767000000,50,false,0.23
"VND",140142,"/Date(1704265359000)/",22200,400,12775500,282745000000,50,false,0.23
"VND",140136,"/Date(1704265355000)/",22200,100,12775100,282736000000,50,false,0.23
"VND",140127,"/Date(1704265344000)/",22200,5000,12775000,282734000000,50,false,0.23
"VND",140121,"/Date(1704265336000)/",22200,4500,12770000,282623000000,50,false,0.23
"VND",140118,"/Date(1704265335000)/",22200,23000,12765500,282523000000,50,false,0.23
"VND",140118,"/Date(1704265335000)/",22200,500,12742500,282013000000,50,false,0.23
"VND",140112,"/Date(1704265329000)/",22200,1300,12742000,282001000000,50,false,0.23
"VND",140112,"/Date(1704265329000)/",22200,2000,12740700,281973000000,50,false,0.23
"VND",140112,"/Date(1704265329000)/",22200,1500,12738700,281928000000,50,false,0.23
"VND",140112,"/Date(1704265329000)/",22200,1000,12737200,281895000000,50,false,0.23
"VND",140112,"/Date(1704265329000)/",22200,300,12736200,281873000000,50,false,0.23
"VND",140112,"/Date(1704265329000)/",22200,1000,12735900,281866000000,50,false,0.23
"VND",140112,"/Date(1704265329000)/",22200,100,12734900,281844000000,50,false,0.23
"VND",140112,"/Date(1704265329000)/",22200,1000,12734800,281842000000,50,false,0.23
"VND",140112,"/Date(1704265329000)/",22200,100,12733800,281819000000,50,false,0.23
"VND",140112,"/Date(1704265329000)/",22200,1000,12733700,281817000000,50,false,0.23
"VND",140112,"/Date(1704265329000)/",22200,2000,12732700,281795000000,50,false,0.23
"VND",140112,"/Date(1704265329000)/",22200,1500,12730700,281751000000,50,false,0.23
"VND",140112,"/Date(1704265329000)/",22200,300,12729200,281717000000,50,false,0.23
"VND",140112,"/Date(1704265329000)/",22200,900,12728900,281711000000,50,false,0.23
"VND",140112,"/Date(1704265329000)/",22200,100,12728000,281691000000,50,false,0.23
"VND",140112,"/Date(1704265329000)/",22200,100,12727900,281688000000,50,false,0.23
"VND",140112,"/Date(1704265329000)/",22200,300,12727800,281686000000,50,false,0.23
"VND",140112,"/Date(1704265329000)/",22200,1500,12727500,281680000000,50,false,0.23
"VND",140112,"/Date(1704265329000)/",22200,1000,12726000,281646000000,50,false,0.23
"VND",140112,"/Date(1704265329000)/",22200,1000,12725000,281624000000,50,false,0.23
"VND",140112,"/Date(1704265329000)/",22200,200,12724000,281602000000,50,false,0.23
"VND",140112,"/Date(1704265329000)/",22200,100,12723800,281597000000,50,false,0.23
"VND",140112,"/Date(1704265329000)/",22200,500,12723700,281595000000,50,false,0.23
"VND",140112,"/Date(1704265329000)/",22200,600,12723200,281584000000,50,false,0.23
"VND",140112,"/Date(1704265328000)/",22200,400,12722600,281571000000,50,false,0.23
"VND",140112,"/Date(1704265328000)/",22200,3100,12722200,281562000000,50,false,0.23
"VND",140112,"/Date(1704265328000)/",22200,100,12719100,281493000000,50,false,0.23
"VND",140112,"/Date(1704265328000)/",22200,1000,12719000,281491000000,50,false,0.23
"VND",140112,"/Date(1704265328000)/",22200,1000,12718000,281469000000,50,false,0.23
"VND",140112,"/Date(1704265328000)/",22200,1000,12717000,281446000000,50,false,0.23
"VND",140112,"/Date(1704265328000)/",22200,3400,12716000,281424000000,50,false,0.23
"VND",140109,"/Date(1704265326000)/",22200,100,12712600,281349000000,50,true,0.23
"VND",140109,"/Date(1704265326000)/",22200,20000,12712500,281347000000,50,true,0.23
"VND",140109,"/Date(1704265326000)/",22200,100,12692500,280903000000,50,true,0.23
"VND",140109,"/Date(1704265326000)/",22200,100,12692400,280900000000,50,true,0.23
"VND",140109,"/Date(1704265326000)/",22200,10000,12692300,280898000000,50,true,0.23
"VND",140109,"/Date(1704265326000)/",22200,100,12682300,280676000000,50,true,0.23
"VND",140109,"/Date(1704265326000)/",22200,200,12682200,280674000000,50,true,0.23
"VND",140109,"/Date(1704265326000)/",22200,3000,12682000,280669000000,50,true,0.23
"VND",140109,"/Date(1704265326000)/",22200,4500,12679000,280603000000,50,true,0.23
"VND",140109,"/Date(1704265326000)/",22200,1600,12674500,280503000000,50,true,0.23
"VND",140109,"/Date(1704265326000)/",22200,2700,12672900,280467000000,50,true,0.23
"VND",140109,"/Date(1704265326000)/",22200,1000,12670200,280407000000,50,true,0.23
"VND",140109,"/Date(1704265326000)/",22200,500,12669200,280385000000,50,true,0.23
"VND",140109,"/Date(1704265326000)/",22200,1000,12668700,280374000000,50,true,0.23
"VND",140109,"/Date(1704265326000)/",22200,4000,12667700,280352000000,50,true,0.23
"VND",140109,"/Date(1704265326000)/",22200,1100,12663700,280263000000,50,true,0.23
"VND",140103,"/Date(1704265319000)/",22200,500,12662600,280239000000,50,true,0.23
"VND",140103,"/Date(1704265319000)/",22200,3400,12662100,280228000000,50,true,0.23
"VND",140103,"/Date(1704265319000)/",22200,100,12658700,280152000000,50,true,0.23
"VND",140103,"/Date(1704265319000)/",22200,1000,12658600,280150000000,50,true,0.23
