"price","change","match_qtty","side","time","total_vol"
6.19,0.07,14600,"","14:45:00",470000
6.15,0.03,200,"bu","14:29:46",455400
6.15,0.03,200,"bu","14:28:01",455200
6.14,0.02,100,"bu","14:25:51",455000
6.14,0.02,1500,"bu","14:25:42",454900
6.14,0.02,300,"bu","14:25:37",453400
6.14,0.02,1000,"bu","14:25:08",453100
6.14,0.02,3000,"sd","14:24:22",452100
6.14,0.02,1700,"sd","14:24:14",449100
6.14,0.02,7400,"sd","14:22:35",447400
6.14,0.02,200,"sd","14:21:28",440000
6.14,0.02,4800,"sd","14:19:25",439800
6.15,0.03,4200,"sd","14:19:25",435000
6.15,0.03,4300,"sd","14:15:59",430800
6.15,0.03,3800,"sd","14:13:11",426500
6.15,0.03,2000,"sd","14:12:43",422700
6.15,0.03,100,"sd","14:12:24",420700
6.15,0.03,3000,"sd","14:10:29",420600
6.15,0.03,200,"sd","14:10:07",417600
6.16,0.04,500,"bu","14:09:59",417400
6.15,0.03,100,"sd","14:08:44",416900
6.16,0.04,1000,"bu","14:08:04",416800
6.15,0.03,1900,"sd","14:08:04",415800
6.16,0.04,2000,"bu","14:05:30",413900
6.15,0.03,1000,"bu","14:04:19",411900
6.15,0.03,3000,"sd","14:03:47",410900
6.15,0.03,400,"bu","14:01:18",407900
6.15,0.03,6000,"bu","14:00:56",407500
6.15,0.03,1000,"bu","14:00:13",401500
6.15,0.03,5000,"bu","13:59:49",400500
6.15,0.03,200,"bu","13:59:44",395500
6.15,0.03,100,"bu","13:59:10",395300
6.15,0.03,2000,"bu","13:57:56",395200
6.14,0.02,6200,"bu","13:56:03",393200
6.14,0.02,1000,"bu","13:55:29",387000
6.14,0.02,100,"bu","13:55:28",386000
6.13,0.01,1500,"sd","13:55:06",385900
6.14,0.02,100,"bu","13:54:53",384400
6.13,0.01,400,"sd","13:50:55",384300
6.13,0.01,800,"sd","13:48:48",383900
6.13,0.01,400,"sd","13:47:47",383100
6.13,0.01,1000,"sd","13:46:42",382700
6.13,0.01,1500,"sd","13:46:15",381700
6.14,0.02,1500,"bu","13:43:55",380200
6.14,0.02,100,"bu","13:42:27",378700
6.14,0.02,100,"bu","13:42:11",378600
6.14,0.02,100,"bu","13:41:44",378500
6.14,0.02,100,"bu","13:41:08",378400
6.14,0.02,100,"bu","13:40:52",378300
6.14,0.02,200,"bu","13:40:37",378200
6.14,0.02,100,"bu","13:40:35",378000
6.13,0.01,100,"sd","13:37:18",377900
6.13,0.01,100,"sd","13:37:16",377800
6.13,0.01,100,"bu","13:37:12",377700
6.13,0.01,500,"bu","13:36:45",377600
6.13,0.01,800,"sd","13:35:15",377100
6.13,0.01,1100,"sd","13:34:38",376300
6.13,0.01,100,"sd","13:34:08",375200
6.14,0.02,600,"sd","13:33:08",375100
6.14,0.02,300,"sd","13:31:54",374500
6.14,0.02,500,"sd","13:31:22",374200
6.14,0.02,900,"sd","13:30:24",373700
6.15,0.03,900,"bu","13:27:48",372800
6.14,0.02,1200,"bu","13:24:54",371900
6.14,0.02,100,"bu","13:24:21",370700
6.14,0.02,300,"bu","13:24:00",370600
6.14,0.02,200,"bu","13:23:39",370300
6.14,0.02,100,"bu","13:22:53",370100
6.14,0.02,1400,"sd","13:21:29",370000
6.14,0.02,500,"sd","13:21:22",368600
6.14,0.02,5000,"sd","13:19:45",368100
6.14,0.02,4700,"sd","13:19:11",363100
6.14,0.02,500,"sd","13:19:10",358400
6.15,0.03,5800,"sd","13:18:29",357900
6.15,0.03,1500,"sd","13:18:08",352100
6.17,0.05,500,"bu","13:18:05",350600
6.17,0.05,500,"bu","13:17:35",350100
6.17,0.05,10000,"bu","13:17:07",349600
6.17,0.05,600,"bu","13:15:37",339600
6.17,0.05,300,"bu","13:13:55",339000
6.17,0.05,300,"bu","13:12:25",338700
6.15,0.03,9000,"sd","13:10:55",338400
6.15,0.03,4600,"sd","13:08:27",329400
6.16,0.04,600,"bu","13:08:24",324800
6.16,0.04,100,"bu","13:07:36",324200
6.16,0.04,6900,"sd","13:07:25",324100
6.16,0.04,2000,"sd","13:05:03",317200
6.16,0.04,1000,"sd","13:04:30",315200
6.16,0.04,600,"sd","13:04:14",314200
6.16,0.04,2000,"sd","13:03:17",313600
6.16,0.04,1200,"sd","13:02:55",311600
6.16,0.04,11500,"sd","13:01:48",310400
6.16,0.04,4600,"sd","13:00:54",298900
6.17,0.05,400,"sd","13:00:54",294300
6.17,0.05,500,"sd","13:00:49",293900
6.17,0.05,1100,"sd","13:00:40",293400
6.16,0.04,4800,"sd","13:00:28",292300
6.17,0.05,200,"sd","13:00:28",287500
6.18,0.06,100,"bu","13:00:01",287300
6.18,0.06,200,"bu","13:00:01",287200
6.16,0.04,2400,"sd","13:00:01",287000
6.18,0.06,3300,"sd","13:00:00",279000
6.18,0.06,1700,"bu","11:28:48",275700
6.18,0.06,1500,"sd","11:24:51",274000
6.18,0.06,500,"sd","11:23:13",272500
6.18,0.06,1400,"sd","11:20:42",272000
6.18,0.06,1700,"bu","11:17:39",270600
6.18,0.06,2000,"bu","11:17:02",268900
6.18,0.06,1300,"bu","11:16:26",266900
6.19,0.07,200,"bu","11:04:29",265600
6.19,0.07,200,"bu","11:02:45",265400
6.19,0.07,1300,"bu","11:01:19",265200
6.18,0.06,200,"bu","11:01:19",263900
6.19,0.07,100,"bu","10:58:37",263700
6.19,0.07,100,"bu","10:56:35",263600
6.18,0.06,400,"bu","10:56:35",263500
6.18,0.06,600,"bu","10:56:12",263100
6.19,0.07,3800,"sd","10:53:01",262500
6.19,0.07,100,"sd","10:52:41",258700
6.19,0.07,100,"sd","10:52:16",258600
6.19,0.07,5000,"bu","10:52:10",258500
6.18,0.06,1000,"bu","10:52:10",253500
6.19,0.07,700,"bu","10:48:05",252500
6.19,0.07,18900,"bu","10:46:35",251800
6.19,0.07,100,"bu","10:45:23",232900
6.18,0.06,200,"bu","10:45:23",232800
6.18,0.06,2800,"sd","10:45:14",232600
6.18,0.06,2000,"sd","10:43:23",229800
6.18,0.06,1000,"sd","10:43:19",227800
6.18,0.06,1500,"sd","10:42:08",226800
6.18,0.06,4200,"sd","10:42:04",225300
6.18,0.06,4000,"bu","10:41:36",221100
6.18,0.06,14500,"bu","10:41:15",217100
6.18,0.06,100,"bu","10:40:23",202600
6.17,0.05,400,"bu","10:40:23",202500
6.17,0.05,1000,"bu","10:40:08",202100
6.17,0.05,100,"bu","10:40:01",201100
6.17,0.05,600,"bu","10:39:11",201000
6.17,0.05,1000,"bu","10:38:37",200400
6.17,0.05,1000,"bu","10:37:04",199400
6.17,0.05,100,"bu","10:36:45",198400
6.17,0.05,500,"bu","10:36:33",198300
6.17,0.05,500,"bu","10:36:15",197800
6.16,0.04,1000,"sd","10:35:59",197300
6.17,0.05,1000,"sd","10:35:14",196300
6.18,0.06,400,"sd","10:34:09",195300
6.18,0.06,1000,"bu","10:33:33",194900
6.17,0.05,100,"sd","10:32:47",193900
6.16,0.04,3000,"sd","10:30:52",193800
6.16,0.04,1000,"sd","10:30:45",190800
6.16,0.04,3500,"sd","10:30:35",189800
6.16,0.04,200,"sd","10:29:22",186300
6.16,0.04,1400,"sd","10:28:40",186100
6.15,0.03,4800,"sd","10:25:56",184700
6.16,0.04,5100,"sd","10:25:56",179900
6.18,0.06,100,"sd","10:25:56",174800
6.19,0.07,100,"bu","10:24:38",174700
6.16,0.04,5000,"sd","10:24:29",174600
6.16,0.04,1000,"sd","10:23:29",169600
6.16,0.04,200,"sd","10:23:07",168600
6.16,0.04,2300,"sd","10:22:38",168400
6.16,0.04,8200,"bu","10:21:38",166100
6.15,0.03,4400,"sd","10:21:32",157900
6.16,0.04,1500,"bu","10:21:14",153500
6.16,0.04,800,"sd","10:20:54",152000
6.16,0.04,4600,"sd","10:19:46",151200
6.17,0.05,400,"sd","10:19:46",146600
6.17,0.05,300,"sd","10:19:22",146200
6.17,0.05,300,"bu","10:18:57",145900
6.17,0.05,100,"bu","10:18:10",145600
6.17,0.05,600,"sd","10:17:54",145500
6.17,0.05,100,"bu","10:16:05",144900
6.17,0.05,100,"bu","10:13:18",144800
6.17,0.05,100,"bu","10:13:05",144700
6.17,0.05,400,"bu","10:11:49",144600
6.17,0.05,2500,"bu","10:10:54",144200
6.16,0.04,10000,"sd","10:10:38",141700
6.17,0.05,3000,"sd","10:10:11",131700
6.19,0.07,100,"bu","10:09:03",128700
6.18,0.06,200,"bu","10:09:03",128600
6.16,0.04,100,"sd","10:08:30",128400
6.17,0.05,1100,"sd","10:08:30",128300
6.18,0.06,800,"sd","10:08:30",127200
6.17,0.05,4600,"sd","10:08:15",126400
6.18,0.06,400,"sd","10:08:15",121800
6.18,0.06,1000,"sd","10:08:12",121400
6.18,0.06,5000,"sd","10:08:06",120400
6.18,0.06,2000,"sd","10:05:42",115400
6.18,0.06,400,"sd","10:04:57",113400
6.17,0.05,1300,"bu","10:04:44",113000
6.17,0.05,100,"bu","10:04:40",111700
6.17,0.05,200,"bu","10:04:30",111600
6.17,0.05,300,"bu","10:04:21",111400
6.17,0.05,17700,"sd","10:03:44",111100
6.18,0.06,400,"sd","10:03:44",93400
6.18,0.06,600,"bu","10:03:35",93000
6.18,0.06,1500,"bu","10:03:24",92400
6.18,0.06,100,"bu","10:03:14",90900
6.18,0.06,2800,"sd","10:02:29",90800
6.18,0.06,1600,"sd","10:01:52",88000
6.18,0.06,600,"sd","09:58:18",86400
6.19,0.07,300,"bu","09:58:05",85800
6.19,0.07,300,"bu","09:57:08",85500
6.19,0.07,500,"bu","09:56:53",85200
6.19,0.07,200,"bu","09:53:28",84700
6.19,0.07,100,"bu","09:50:16",84500
6.18,0.06,400,"bu","09:50:16",84400
6.18,0.06,1000,"bu","09:50:07",84000
6.18,0.06,100,"bu","09:50:01",83000
6.18,0.06,6500,"sd","09:49:36",82900
6.18,0.06,10000,"sd","09:48:57",76400
6.18,0.06,1000,"sd","09:48:55",66400
6.2,0.08,1200,"bu","09:44:18",65400
6.19,0.07,1800,"bu","09:44:18",64200
6.2,0.08,100,"bu","09:43:04",62400
6.18,0.06,3300,"sd","09:42:05",62300
6.19,0.07,700,"sd","09:42:05",59000
6.19,0.07,800,"bu","09:40:29",58300
6.17,0.05,3700,"sd","09:39:26",57500
6.17,0.05,10000,"sd","09:38:43",53800
6.18,0.06,1000,"bu","09:37:03",43800
6.18,0.06,600,"bu","09:36:57",42800
6.18,0.06,100,"bu","09:35:35",42200
6.18,0.06,200,"bu","09:33:54",42100
6.17,0.05,100,"sd","09:33:52",41900
6.18,0.06,800,"sd","09:33:52",41800
6.18,0.06,5000,"sd","09:33:45",41000
6.18,0.06,1000,"sd","09:33:24",36000
6.18,0.06,200,"bu","09:33:08",35000
6.18,0.06,300,"bu","09:33:00",34800
6.18,0.06,100,"sd","09:32:17",34500
6.17,0.05,200,"sd","09:30:47",34400
6.17,0.05,100,"sd","09:29:51",34200
6.2,0.08,1000,"bu","09:29:36",34100
6.2,0.08,5100,"sd","09:29:34",33100
6.2,0.08,500,"sd","09:29:26",28000
6.2,0.08,500,"sd","09:29:12",27500
6.2,0.08,1000,"sd","09:28:37",27000
6.21,0.09,200,"bu","09:28:29",26000
6.2,0.08,500,"sd","09:27:48",25800
6.21,0.09,300,"bu","09:27:05",25300
6.21,0.09,300,"bu","09:26:50",25000
6.21,0.09,500,"bu","09:26:39",24700
6.2,0.08,8700,"bu","09:26:04",24200
6.2,0.08,800,"bu","09:25:01",15500
6.2,0.08,1200,"bu","09:24:50",14700
6.2,0.08,5000,"bu","09:24:34",13500
6.2,0.08,500,"bu","09:24:14",8500
6.17,0.05,200,"bu","09:22:49",8000
6.17,0.05,300,"bu","09:22:44",7800
6.16,0.04,1800,"sd","09:22:29",7500
6.17,0.05,2100,"sd","09:22:29",5700
6.17,0.05,300,"sd","09:18:30",3600
6.17,0.05,100,"sd","09:17:55",3300
6.2,0.08,1000,"bu","09:17:44",3200
6.16,0.04,200,"bu","09:15:14",2200
6.15,0.03,2000,"","09:15:00",2000
