"price","change","match_qtty","side","time","total_vol"
19.75,0.35,1234700,"","14:45:00",22510900
19.7,0.3,100,"bu","14:29:58",21276200
19.65,0.25,15500,"sd","14:29:50",21276100
19.65,0.25,100,"sd","14:29:48",21260600
19.65,0.25,15000,"sd","14:29:39",21260500
19.7,0.3,1000,"bu","14:29:37",21245500
19.65,0.25,200,"sd","14:29:37",21244500
19.7,0.3,1300,"bu","14:29:34",21244300
19.65,0.25,10000,"sd","14:29:31",21243000
19.7,0.3,100,"bu","14:29:30",21233000
19.7,0.3,500,"bu","14:29:28",21232900
19.65,0.25,100,"sd","14:29:27",21232400
19.7,0.3,1000,"bu","14:29:20",21232300
19.65,0.25,5000,"sd","14:29:19",21231300
19.7,0.3,1000,"bu","14:29:14",21226300
19.7,0.3,100,"bu","14:29:13",21225300
19.65,0.25,400,"sd","14:29:11",21225200
19.7,0.3,200,"bu","14:29:09",21224800
19.7,0.3,2000,"bu","14:29:08",21224600
19.7,0.3,4700,"bu","14:29:05",21222600
19.7,0.3,1800,"bu","14:29:05",21217900
19.7,0.3,4300,"bu","14:28:58",21216100
19.7,0.3,5700,"bu","14:28:58",21211800
19.7,0.3,2400,"bu","14:28:57",21206100
19.65,0.25,2200,"sd","14:28:57",21203700
19.65,0.25,10200,"sd","14:28:56",21201500
19.7,0.3,1000,"bu","14:28:52",21191300
19.65,0.25,500,"sd","14:28:47",21190300
19.7,0.3,500,"bu","14:28:43",21189800
19.65,0.25,100,"sd","14:28:38",21189300
19.65,0.25,1800,"sd","14:28:18",21189200
19.65,0.25,2600,"sd","14:28:14",21187400
19.7,0.3,800,"bu","14:28:13",21184800
19.65,0.25,2000,"sd","14:28:13",21184000
19.65,0.25,10000,"sd","14:28:11",21182000
19.7,0.3,300,"bu","14:28:07",21172000
19.7,0.3,400,"bu","14:28:04",21171700
19.7,0.3,3000,"bu","14:28:02",21171300
19.7,0.3,500,"bu","14:27:59",21168300
19.65,0.25,17200,"sd","14:27:55",21167800
19.7,0.3,200,"bu","14:27:55",21150600
19.7,0.3,4000,"bu","14:27:54",21150400
19.7,0.3,500,"bu","14:27:41",21146400
19.65,0.25,100,"sd","14:27:38",21145900
19.7,0.3,20000,"bu","14:27:36",21145800
19.65,0.25,500,"sd","14:27:34",21125800
19.65,0.25,10000,"sd","14:27:25",21125300
19.7,0.3,500,"bu","14:27:23",21115300
19.65,0.25,2500,"sd","14:27:22",21114800
19.7,0.3,500,"bu","14:27:19",21112300
19.7,0.3,500,"bu","14:27:17",21111800
19.7,0.3,2500,"bu","14:27:03",21111300
19.7,0.3,27400,"sd","14:26:59",21108800
19.7,0.3,400,"sd","14:26:58",21081400
19.7,0.3,2000,"sd","14:26:56",21081000
19.7,0.3,1000,"sd","14:26:55",21079000
19.7,0.3,35500,"sd","14:26:51",21078000
19.7,0.3,2000,"sd","14:26:49",21042500
19.7,0.3,1000,"sd","14:26:46",21040500
19.7,0.3,1500,"sd","14:26:41",21039500
19.7,0.3,500,"sd","14:26:40",21038000
19.7,0.3,2200,"sd","14:26:34",21037500
19.7,0.3,5000,"sd","14:26:27",21035300
19.7,0.3,1000,"sd","14:26:26",21030300
19.7,0.3,1100,"sd","14:26:21",21029300
19.7,0.3,1000,"sd","14:26:19",21028200
19.7,0.3,10000,"sd","14:26:13",21027200
19.7,0.3,300,"sd","14:26:13",21017200
19.7,0.3,100,"sd","14:26:12",21016900
19.7,0.3,10000,"sd","14:26:07",21016800
19.75,0.35,18300,"bu","14:26:04",21006800
19.7,0.3,20000,"sd","14:26:02",20988500
19.7,0.3,200,"sd","14:25:56",20968500
19.7,0.3,2000,"sd","14:25:52",20968300
19.7,0.3,7200,"sd","14:25:50",20966300
19.7,0.3,200,"sd","14:25:43",20959100
19.7,0.3,8500,"sd","14:25:42",20958900
19.7,0.3,1100,"sd","14:25:40",20950400
19.7,0.3,17000,"bu","14:25:37",20949300
19.7,0.3,1000,"bu","14:25:34",20932300
19.7,0.3,2000,"bu","14:25:31",20931300
19.7,0.3,30000,"bu","14:25:28",20929300
19.7,0.3,72500,"bu","14:25:26",20899300
19.7,0.3,200,"bu","14:25:25",20826800
19.65,0.25,4300,"sd","14:25:24",20826600
19.65,0.25,700,"sd","14:25:23",20822300
19.7,0.3,100,"bu","14:25:13",20821600
19.65,0.25,500,"sd","14:25:13",20821500
19.65,0.25,100,"sd","14:25:09",20821000
19.65,0.25,2300,"sd","14:25:05",20820900
19.65,0.25,200,"sd","14:25:05",20818600
19.65,0.25,200,"sd","14:24:59",20818400
19.65,0.25,900,"sd","14:24:57",20818200
19.7,0.3,2000,"bu","14:24:52",20817300
19.65,0.25,10000,"sd","14:24:48",20815300
19.65,0.25,10000,"sd","14:24:48",20805300
19.7,0.3,500,"bu","14:24:42",20795300
19.65,0.25,200,"sd","14:24:35",20794800
19.7,0.3,100,"bu","14:24:34",20794600
19.65,0.25,100,"sd","14:24:30",20794500
19.65,0.25,15000,"sd","14:24:23",20794400
19.65,0.25,2500,"sd","14:24:20",20779400
19.7,0.3,3000,"bu","14:24:19",20776900
19.7,0.3,2000,"bu","14:24:10",20773900
19.7,0.3,1000,"bu","14:24:09",20771900
19.7,0.3,100,"bu","14:24:07",20770900
19.7,0.3,100,"bu","14:24:03",20770800
19.7,0.3,1000,"bu","14:24:01",20770700
19.7,0.3,500,"bu","14:23:55",20769700
19.7,0.3,6500,"bu","14:23:49",20767200
19.7,0.3,100,"bu","14:23:49",20760700
19.7,0.3,300,"sd","14:23:47",20760600
19.7,0.3,5000,"sd","14:23:46",20760300
19.75,0.35,2000,"bu","14:23:46",20755300
19.7,0.3,100,"sd","14:23:45",20753300
19.7,0.3,5000,"sd","14:23:41",20753200
19.7,0.3,400,"sd","14:23:39",20748200
19.7,0.3,1000,"sd","14:23:35",20747800
19.7,0.3,400,"sd","14:23:34",20746800
19.75,0.35,100,"bu","14:23:33",20746400
19.7,0.3,3000,"sd","14:23:33",20746300
19.7,0.3,17000,"bu","14:23:32",20743300
19.7,0.3,1200,"bu","14:23:27",20726300
19.7,0.3,2000,"bu","14:23:25",20725100
19.7,0.3,200,"bu","14:23:24",20723100
19.7,0.3,20000,"bu","14:23:20",20722900
19.7,0.3,7000,"bu","14:23:19",20702900
19.65,0.25,10000,"sd","14:23:14",20695900
19.7,0.3,18000,"bu","14:23:14",20685900
19.7,0.3,5000,"bu","14:23:09",20667900
19.7,0.3,25300,"sd","14:23:04",20662900
19.7,0.3,5000,"sd","14:23:03",20637600
19.7,0.3,1500,"sd","14:23:01",20632600
19.7,0.3,4000,"sd","14:23:00",20631100
19.7,0.3,100,"sd","14:22:57",20627100
19.7,0.3,500,"sd","14:22:53",20627000
19.7,0.3,200,"sd","14:22:51",20626500
19.7,0.3,2200,"sd","14:22:50",20626300
19.7,0.3,2300,"sd","14:22:48",20624100
19.7,0.3,5000,"sd","14:22:46",20621800
19.7,0.3,20000,"sd","14:22:43",20616800
19.7,0.3,3500,"sd","14:22:42",20596800
19.7,0.3,1500,"sd","14:22:41",20593300
19.7,0.3,2300,"sd","14:22:34",20591800
19.7,0.3,5700,"sd","14:22:30",20589500
19.7,0.3,200,"sd","14:22:27",20583800
19.7,0.3,1000,"sd","14:22:26",20583600
19.7,0.3,300,"sd","14:22:25",20582600
19.7,0.3,5000,"sd","14:22:22",20582300
19.7,0.3,800,"sd","14:22:18",20577300
19.7,0.3,43200,"bu","14:22:14",20576500
19.7,0.3,11000,"bu","14:22:13",20533300
19.7,0.3,3100,"bu","14:22:12",20522300
19.7,0.3,7600,"bu","14:22:11",20519200
19.7,0.3,3700,"bu","14:22:11",20511600
19.7,0.3,1800,"bu","14:22:10",20507900
19.7,0.3,3000,"bu","14:22:09",20506100
19.7,0.3,500,"bu","14:22:08",20503100
19.7,0.3,2900,"bu","14:22:07",20502600
19.7,0.3,200,"bu","14:22:07",20499700
19.65,0.25,700,"sd","14:22:04",20499500
19.7,0.3,24800,"bu","14:22:04",20498800
19.65,0.25,3500,"sd","14:22:02",20474000
19.7,0.3,500,"bu","14:22:02",20470500
19.7,0.3,1000,"bu","14:22:01",20470000
19.7,0.3,15400,"bu","14:22:00",20469000
19.7,0.3,11000,"bu","14:21:59",20453600
19.7,0.3,800,"bu","14:21:58",20442600
19.7,0.3,30000,"bu","14:21:57",20441800
19.7,0.3,3000,"bu","14:21:52",20411800
19.7,0.3,5000,"bu","14:21:51",20408800
19.65,0.25,10000,"sd","14:21:50",20403800
19.65,0.25,5000,"sd","14:21:50",20393800
19.7,0.3,3900,"bu","14:21:47",20388800
19.7,0.3,1000,"bu","14:21:43",20384900
19.7,0.3,5000,"bu","14:21:41",20383900
19.7,0.3,100,"bu","14:21:40",20378900
19.7,0.3,1000,"bu","14:21:39",20378800
19.7,0.3,20000,"bu","14:21:38",20377800
19.7,0.3,3000,"bu","14:21:36",20357800
19.7,0.3,11000,"bu","14:21:34",20354800
19.7,0.3,3000,"bu","14:21:18",20343800
19.7,0.3,100,"bu","14:21:17",20340800
19.65,0.25,500,"sd","14:21:10",20340700
19.7,0.3,20000,"bu","14:21:09",20340200
19.7,0.3,1000,"bu","14:21:03",20320200
19.65,0.25,10000,"sd","14:21:01",20319200
19.7,0.3,3000,"bu","14:20:55",20309200
19.65,0.25,2100,"sd","14:20:54",20306200
19.65,0.25,5000,"sd","14:20:53",20304100
19.7,0.3,100,"bu","14:20:50",20299100
19.7,0.3,5000,"bu","14:20:48",20299000
19.7,0.3,500,"bu","14:20:46",20294000
19.7,0.3,500,"bu","14:20:45",20293500
19.7,0.3,3000,"bu","14:20:44",20293000
19.7,0.3,20000,"bu","14:20:38",20290000
19.65,0.25,5000,"sd","14:20:37",20270000
19.7,0.3,100,"bu","14:20:34",20265000
19.7,0.3,1700,"bu","14:20:29",20264900
19.7,0.3,11700,"bu","14:20:29",20263200
19.65,0.25,19000,"sd","14:20:26",20251500
19.65,0.25,700,"sd","14:20:19",20232500
19.65,0.25,200,"sd","14:20:17",20231800
19.65,0.25,5000,"sd","14:20:15",20231600
19.65,0.25,15000,"sd","14:20:05",20226600
19.65,0.25,100,"sd","14:20:04",20211600
19.65,0.25,100,"sd","14:19:53",20211500
19.7,0.3,100,"bu","14:19:52",20211400
19.65,0.25,10000,"sd","14:19:41",20211300
19.65,0.25,3000,"sd","14:19:34",20201300
19.65,0.25,1100,"sd","14:19:23",20198300
19.65,0.25,5000,"sd","14:19:11",20197200
19.7,0.3,500,"bu","14:19:06",20192200
19.65,0.25,10000,"sd","14:19:03",20191700
19.7,0.3,3700,"bu","14:18:58",20181700
19.7,0.3,2100,"bu","14:18:56",20178000
19.7,0.3,6000,"bu","14:18:55",20175900
19.7,0.3,1000,"bu","14:18:43",20169900
19.7,0.3,200,"bu","14:18:33",20168900
19.7,0.3,800,"bu","14:18:32",20168700
19.7,0.3,1200,"bu","14:18:32",20167900
19.7,0.3,1000,"bu","14:18:23",20166700
19.7,0.3,400,"bu","14:18:18",20165700
19.65,0.25,5000,"sd","14:18:16",20165300
19.7,0.3,200,"bu","14:18:16",20160300
19.7,0.3,2500,"bu","14:18:12",20160100
19.65,0.25,10000,"sd","14:18:12",20157600
19.7,0.3,5000,"bu","14:18:00",20147600
19.65,0.25,1000,"sd","14:17:59",20142600
19.7,0.3,8000,"bu","14:17:57",20141600
19.65,0.25,500,"sd","14:17:45",20133600
19.7,0.3,2700,"bu","14:17:45",20133100
19.7,0.3,7300,"bu","14:17:45",20130400
19.65,0.25,5000,"sd","14:17:40",20123100
19.7,0.3,6400,"bu","14:17:37",20118100
19.65,0.25,15000,"sd","14:17:35",20111700
19.65,0.25,10000,"sd","14:17:19",20096700
19.7,0.3,300,"bu","14:17:19",20086700
19.65,0.25,500,"sd","14:17:14",20086400
19.65,0.25,3800,"sd","14:17:13",20085900
19.65,0.25,800,"sd","14:16:58",20082100
19.65,0.25,500,"sd","14:16:56",20081300
19.65,0.25,600,"sd","14:16:50",20080800
19.65,0.25,4000,"sd","14:16:50",20080200
19.65,0.25,3500,"sd","14:16:49",20076200
19.65,0.25,10000,"sd","14:16:45",20072700
19.65,0.25,100,"sd","14:16:40",20062700
19.65,0.25,1000,"sd","14:16:12",20062600
19.65,0.25,1000,"sd","14:15:58",20061600
19.7,0.3,2400,"bu","14:15:54",20060600
19.65,0.25,5000,"sd","14:15:41",20058200
19.65,0.25,100,"sd","14:15:36",20053200
19.65,0.25,10000,"sd","14:15:34",20053100
19.65,0.25,4100,"sd","14:15:33",20043100
19.65,0.25,100,"sd","14:15:25",20039000
19.65,0.25,100,"sd","14:15:23",20038900
19.65,0.25,100,"sd","14:15:20",20038800
19.7,0.3,100,"bu","14:15:19",20038700
19.65,0.25,6100,"sd","14:15:10",20038600
19.65,0.25,100,"sd","14:15:09",20032500
19.65,0.25,5000,"sd","14:14:54",20032400
19.65,0.25,10000,"sd","14:14:51",20027400
19.7,0.3,500,"bu","14:14:47",20017400
19.7,0.3,800,"bu","14:14:46",20016900
19.65,0.25,600,"sd","14:14:38",20016100
19.65,0.25,200,"sd","14:14:29",20015500
19.7,0.3,1800,"bu","14:14:23",20015300
19.7,0.3,1000,"bu","14:14:22",20013500
19.7,0.3,5000,"bu","14:14:19",20012500
19.7,0.3,4500,"bu","14:14:15",20007500
19.7,0.3,2300,"bu","14:14:10",20003000
19.7,0.3,100,"bu","14:14:01",20000700
19.65,0.25,100,"sd","14:13:59",20000600
19.7,0.3,30000,"bu","14:13:50",20000500
19.65,0.25,3200,"sd","14:13:45",19970500
19.7,0.3,500,"bu","14:13:44",19967300
19.7,0.3,30000,"bu","14:13:44",19966800
19.65,0.25,10000,"sd","14:13:41",19936800
19.65,0.25,10000,"sd","14:13:37",19926800
19.7,0.3,7000,"bu","14:13:26",19916800
19.65,0.25,20000,"sd","14:13:03",19904800
19.65,0.25,5000,"sd","14:13:00",19884800
19.65,0.25,5000,"sd","14:12:49",19879800
19.65,0.25,200,"sd","14:12:47",19874800
19.65,0.25,2600,"sd","14:12:45",19874600
19.7,0.3,200,"bu","14:12:44",19872000
19.65,0.25,100,"sd","14:12:41",19871800
19.7,0.3,1100,"bu","14:12:38",19871700
19.7,0.3,8000,"bu","14:12:32",19870600
19.65,0.25,5000,"sd","14:12:31",19862600
19.7,0.3,1000,"bu","14:12:30",19857600
19.65,0.25,5000,"sd","14:12:29",19856600
19.65,0.25,300,"sd","14:12:28",19851600
19.65,0.25,300,"sd","14:12:26",19851300
19.65,0.25,1700,"sd","14:12:18",19851000
19.65,0.25,1200,"sd","14:12:14",19849300
19.7,0.3,4600,"bu","14:12:13",19848100
19.65,0.25,4000,"sd","14:12:11",19843500
19.65,0.25,1500,"sd","14:12:03",19839500
19.65,0.25,500,"sd","14:11:53",19838000
19.65,0.25,500,"sd","14:11:53",19838000
19.65,0.25,5000,"sd","14:11:50",19837500
19.65,0.25,2200,"sd","14:11:31",19832500
19.65,0.25,100,"sd","14:11:22",19830300
19.7,0.3,4600,"bu","14:11:15",19830200
19.65,0.25,300,"sd","14:11:15",19825600
19.7,0.3,1100,"bu","14:11:14",19825300
19.7,0.3,1200,"bu","14:11:14",19824200
19.7,0.3,2900,"bu","14:11:11",19823000
19.65,0.25,3000,"sd","14:11:08",19820100
19.7,0.3,500,"bu","14:11:07",19817100
19.7,0.3,20000,"bu","14:11:05",19816600
19.65,0.25,100,"sd","14:11:05",19796600
19.65,0.25,2000,"sd","14:10:52",19796500
19.65,0.25,1700,"sd","14:10:34",19794500
19.7,0.3,900,"bu","14:10:32",19792800
19.7,0.3,1400,"bu","14:10:30",19791900
19.7,0.3,2000,"bu","14:10:28",19790500
19.7,0.3,100,"bu","14:10:27",19788500
19.7,0.3,1000,"bu","14:10:13",19788400
19.65,0.25,100,"sd","14:09:55",19787400
19.65,0.25,1700,"sd","14:09:49",19787300
19.7,0.3,1200,"bu","14:09:48",19785600
19.7,0.3,1100,"bu","14:09:48",19784400
19.7,0.3,1000,"bu","14:09:44",19783300
19.7,0.3,14900,"sd","14:09:30",19782300
19.7,0.3,1000,"sd","14:09:16",19767400
19.7,0.3,5000,"sd","14:09:14",19766400
19.7,0.3,1600,"sd","14:09:04",19761400
19.75,0.35,2300,"bu","14:09:03",19759800
19.75,0.35,200,"bu","14:09:01",19757500
19.7,0.3,10400,"bu","14:08:51",19757300
19.7,0.3,400,"bu","14:08:47",19746900
19.7,0.3,100,"bu","14:08:46",19746500
19.7,0.3,17100,"sd","14:08:42",19746400
19.7,0.3,10800,"sd","14:08:40",19729300
19.7,0.3,1000,"sd","14:08:36",19718500
19.7,0.3,700,"sd","14:08:33",19717500
19.75,0.35,100,"bu","14:08:31",19716800
19.7,0.3,100,"sd","14:08:31",19716700
19.7,0.3,1000,"sd","14:08:30",19716600
19.7,0.3,1000,"sd","14:08:27",19715600
19.7,0.3,10000,"sd","14:08:26",19714600
19.7,0.3,100,"sd","14:08:24",19704600
19.7,0.3,1800,"sd","14:08:24",19704500
19.7,0.3,1700,"sd","14:08:21",19702700
19.7,0.3,200,"sd","14:08:20",19701000
19.7,0.3,2000,"sd","14:08:10",19700800
19.7,0.3,100,"sd","14:08:09",19698800
19.7,0.3,600,"sd","14:08:05",19698700
19.7,0.3,2900,"sd","14:08:03",19698100
19.7,0.3,400,"sd","14:08:02",19695200
19.7,0.3,1500,"sd","14:07:59",19694800
19.7,0.3,100,"sd","14:07:56",19693300
19.7,0.3,300,"sd","14:07:48",19693200
19.7,0.3,4700,"sd","14:07:48",19692900
19.7,0.3,2000,"sd","14:07:45",19688200
19.7,0.3,10000,"sd","14:07:39",19686200
19.7,0.3,1600,"sd","14:07:37",19676200
19.7,0.3,1500,"sd","14:07:36",19674600
19.7,0.3,5000,"sd","14:07:36",19673100
19.7,0.3,1000,"sd","14:07:34",19668100
19.7,0.3,5000,"sd","14:07:32",19667100
19.7,0.3,500,"sd","14:07:27",19662100
19.7,0.3,5000,"sd","14:07:26",19661600
19.7,0.3,7600,"sd","14:07:23",19656600
19.7,0.3,10000,"sd","14:07:22",19649000
19.7,0.3,5000,"sd","14:07:21",19639000
19.7,0.3,34000,"sd","14:07:19",19634000
19.7,0.3,5000,"sd","14:07:16",19600000
19.7,0.3,1000,"sd","14:07:15",19595000
19.7,0.3,5000,"sd","14:07:12",19594000
19.7,0.3,200,"sd","14:07:10",19589000
19.7,0.3,10000,"sd","14:07:06",19588800
19.7,0.3,300,"sd","14:07:04",19578800
19.7,0.3,10000,"sd","14:06:58",19578500
19.7,0.3,1600,"sd","14:06:54",19568500
19.7,0.3,100,"sd","14:06:53",19566900
19.7,0.3,10000,"sd","14:06:44",19566800
19.7,0.3,1000,"sd","14:06:29",19556800
19.7,0.3,500,"sd","14:06:28",19555800
19.7,0.3,4000,"sd","14:06:24",19555300
19.7,0.3,100,"sd","14:06:17",19551300
19.7,0.3,1700,"sd","14:06:11",19551200
19.7,0.3,100,"sd","14:05:58",19549500
19.7,0.3,100,"sd","14:05:54",19549400
19.7,0.3,500,"sd","14:05:53",19549300
19.7,0.3,5000,"sd","14:05:45",19548800
19.7,0.3,1500,"sd","14:05:40",19543800
19.7,0.3,1500,"sd","14:05:39",19542300
19.75,0.35,2200,"bu","14:05:38",19540800
19.7,0.3,1600,"sd","14:05:27",19538600
19.7,0.3,100,"sd","14:05:21",19537000
19.7,0.3,100,"sd","14:05:18",19536900
19.7,0.3,7000,"sd","14:05:09",19536800
19.7,0.3,1000,"sd","14:05:08",19529800
19.7,0.3,1000,"sd","14:04:53",19528800
19.7,0.3,1500,"sd","14:04:45",19527800
19.75,0.35,1000,"bu","14:04:45",19526300
19.75,0.35,2300,"bu","14:04:40",19525300
19.75,0.35,124000,"sd","14:04:37",19523000
19.75,0.35,1000,"sd","14:04:34",19399000
19.75,0.35,5000,"sd","14:04:34",19398000
19.8,0.4,1000,"bu","14:04:32",19393000
19.8,0.4,200,"bu","14:04:31",19392000
19.75,0.35,14000,"sd","14:04:31",19391800
19.75,0.35,5000,"sd","14:04:22",19377800
19.75,0.35,200,"sd","14:04:17",19372800
19.75,0.35,20000,"sd","14:04:15",19372600
19.8,0.4,400,"bu","14:04:14",19352600
19.75,0.35,200,"sd","14:04:14",19352200
19.75,0.35,10000,"sd","14:04:13",19352000
19.75,0.35,1500,"sd","14:04:12",19342000
19.75,0.35,15000,"sd","14:04:09",19340500
19.75,0.35,500,"sd","14:04:07",19325500
19.75,0.35,1800,"sd","14:04:02",19325000
19.75,0.35,4000,"sd","14:03:58",19323200
19.75,0.35,3000,"sd","14:03:52",19319200
19.75,0.35,5000,"sd","14:03:50",19316200
19.8,0.4,2000,"bu","14:03:50",19311200
19.75,0.35,2300,"sd","14:03:49",19309200
19.75,0.35,2000,"sd","14:03:41",19306900
19.75,0.35,2000,"sd","14:03:39",19304900
19.75,0.35,7000,"sd","14:03:38",19302900
19.8,0.4,10000,"bu","14:03:34",19295900
19.75,0.35,100,"sd","14:03:28",19285900
19.75,0.35,2000,"sd","14:03:25",19285800
19.75,0.35,1500,"sd","14:03:17",19283800
19.75,0.35,1000,"sd","14:03:10",19282300
19.75,0.35,1000,"sd","14:03:02",19281300
19.8,0.4,1000,"bu","14:02:45",19280300
19.75,0.35,400,"sd","14:02:45",19279300
19.75,0.35,1400,"sd","14:02:42",19278900
19.75,0.35,100,"sd","14:02:39",19277500
19.75,0.35,6600,"sd","14:02:36",19277400
19.75,0.35,5000,"sd","14:02:28",19270800
19.75,0.35,5000,"sd","14:02:15",19265800
19.75,0.35,1000,"sd","14:02:14",19260800
19.8,0.4,500,"bu","14:02:13",19259800
19.8,0.4,4600,"bu","14:02:08",19259300
19.75,0.35,1000,"sd","14:02:08",19254700
19.75,0.35,2000,"sd","14:02:04",19253700
19.75,0.35,3000,"sd","14:02:03",19251700
19.75,0.35,1700,"sd","14:01:52",19248700
19.75,0.35,1000,"sd","14:01:38",19247000
19.8,0.4,10000,"bu","14:01:32",19246000
19.75,0.35,600,"sd","14:01:24",19236000
19.75,0.35,100,"sd","14:01:23",19235400
19.75,0.35,1000,"sd","14:01:20",19235300
19.75,0.35,1600,"sd","14:01:09",19234300
19.75,0.35,5000,"sd","14:00:53",19232700
19.8,0.4,100,"bu","14:00:53",19227700
19.8,0.4,5000,"bu","14:00:45",19227600
19.8,0.4,800,"bu","14:00:42",19222600
19.8,0.4,200,"bu","14:00:39",19221800
19.8,0.4,2000,"bu","14:00:27",19221600
19.75,0.35,100,"sd","14:00:27",19219600
19.75,0.35,1800,"sd","14:00:25",19219500
19.75,0.35,5000,"sd","14:00:07",19217700
19.75,0.35,100,"sd","14:00:04",19212700
19.8,0.4,800,"bu","13:59:57",19212600
19.8,0.4,100,"bu","13:59:50",19211800
19.8,0.4,5000,"bu","13:59:48",19211700
19.8,0.4,2000,"bu","13:59:44",19206700
19.75,0.35,2000,"sd","13:59:42",19204700
19.75,0.35,5000,"sd","13:59:41",19202700
19.8,0.4,1000,"bu","13:59:35",19197700
19.75,0.35,5000,"sd","13:59:09",19196700
19.75,0.35,100,"sd","13:59:08",19191700
19.75,0.35,200,"sd","13:58:54",19191600
19.8,0.4,500,"bu","13:58:51",19191400
19.75,0.35,500,"sd","13:58:49",19190900
19.75,0.35,1700,"sd","13:58:48",19190400
19.75,0.35,7000,"sd","13:58:17",19188700
19.75,0.35,200,"sd","13:58:04",19181700
19.75,0.35,1700,"sd","13:58:03",19181500
19.75,0.35,100,"sd","13:58:02",19179800
19.75,0.35,30500,"bu","13:58:01",19179700
19.75,0.35,2000,"bu","13:58:00",19149200
19.75,0.35,500,"bu","13:58:00",19147200
19.75,0.35,5000,"bu","13:57:59",19146700
19.75,0.35,2300,"bu","13:57:57",19141700
19.75,0.35,200,"bu","13:57:56",19139400
19.75,0.35,3500,"bu","13:57:52",19139200
19.75,0.35,2200,"bu","13:57:50",19135700
19.75,0.35,500,"bu","13:57:49",19133500
19.75,0.35,200,"bu","13:57:35",19133000
19.7,0.3,100,"sd","13:57:33",19132800
19.7,0.3,1000,"sd","13:57:31",19132700
19.75,0.35,22000,"bu","13:57:28",19131700
19.75,0.35,5000,"bu","13:57:24",19109700
19.75,0.35,2300,"bu","13:57:23",19104700
19.75,0.35,5000,"bu","13:57:22",19102400
19.7,0.3,1600,"sd","13:57:18",19097400
19.75,0.35,1000,"bu","13:57:16",19095800
19.75,0.35,13000,"bu","13:57:11",19094800
19.75,0.35,2000,"bu","13:57:10",19081800
19.75,0.35,100,"bu","13:57:03",19079800
19.75,0.35,2500,"bu","13:57:02",19079700
19.7,0.3,1000,"sd","13:57:00",19077200
19.75,0.35,3500,"bu","13:56:59",19076200
19.7,0.3,300,"sd","13:56:40",19072700
19.75,0.35,7200,"bu","13:56:39",19072400
19.7,0.3,1600,"sd","13:56:36",19065200
19.75,0.35,1000,"bu","13:56:33",19063600
19.75,0.35,5800,"bu","13:56:08",19062600
19.7,0.3,300,"sd","13:56:01",19056800
19.7,0.3,5000,"sd","13:55:55",19056500
19.7,0.3,6900,"sd","13:55:52",19051500
19.7,0.3,25100,"sd","13:55:32",19044600
19.7,0.3,300,"sd","13:55:31",19019500
19.7,0.3,15000,"sd","13:55:26",19019200
19.75,0.35,5000,"bu","13:55:24",19004200
19.7,0.3,1600,"sd","13:55:03",18999200
19.75,0.35,5000,"bu","13:54:44",18997600
19.7,0.3,5000,"sd","13:54:39",18992600
19.7,0.3,2000,"sd","13:54:35",18987600
19.75,0.35,400,"bu","13:54:34",18985600
19.75,0.35,2300,"bu","13:54:28",18985200
19.75,0.35,300,"bu","13:54:19",18982900
19.7,0.3,1700,"sd","13:54:19",18982600
19.75,0.35,5000,"bu","13:54:15",18980900
19.75,0.35,2600,"bu","13:53:45",18975900
19.7,0.3,400,"sd","13:53:42",18973300
19.7,0.3,1000,"sd","13:53:39",18972900
19.7,0.3,1700,"sd","13:53:35",18971900
19.7,0.3,5000,"sd","13:53:30",18970200
19.7,0.3,600,"sd","13:53:25",18965200
19.7,0.3,4800,"sd","13:53:22",18964600
19.7,0.3,700,"sd","13:53:03",18959800
19.7,0.3,1600,"sd","13:52:51",18959100
19.7,0.3,200,"sd","13:52:50",18957500
19.7,0.3,5000,"sd","13:52:49",18957300
19.7,0.3,500,"sd","13:52:28",18952300
19.7,0.3,200,"sd","13:52:22",18951800
19.7,0.3,200,"sd","13:52:20",18951600
19.7,0.3,5000,"sd","13:52:14",18951400
19.7,0.3,1700,"sd","13:52:07",18946400
19.7,0.3,20000,"sd","13:52:03",18944700
19.7,0.3,500,"sd","13:51:56",18924700
19.7,0.3,5000,"sd","13:51:56",18924200
19.7,0.3,3700,"sd","13:51:44",18919200
19.7,0.3,300,"sd","13:51:43",18915500
19.7,0.3,2000,"sd","13:51:40",18915200
19.7,0.3,21000,"sd","13:51:38",18913200
19.7,0.3,5000,"sd","13:51:30",18892200
19.7,0.3,6900,"bu","13:51:25",18887200
19.65,0.25,1700,"sd","13:51:21",18880300
19.7,0.3,300,"sd","13:51:16",18878600
19.7,0.3,5000,"bu","13:51:14",18878300
19.7,0.3,200,"bu","13:51:11",18873300
19.7,0.3,2800,"sd","13:51:10",18873100
19.7,0.3,4900,"bu","13:51:09",18870300
19.7,0.3,12600,"sd","13:51:04",18865400
19.7,0.3,100000,"sd","13:50:59",18852800
19.7,0.3,2000,"sd","13:50:55",18752800
19.7,0.3,5000,"sd","13:50:53",18750800
19.7,0.3,10000,"sd","13:50:50",18745800
19.7,0.3,100,"sd","13:50:47",18735800
19.7,0.3,1600,"sd","13:50:39",18735700
19.7,0.3,1000,"sd","13:50:37",18734100
19.7,0.3,100,"sd","13:50:36",18733100
19.7,0.3,2500,"sd","13:50:35",18733000
19.75,0.35,200,"bu","13:50:29",18730500
19.7,0.3,9000,"sd","13:50:26",18730300
19.7,0.3,7000,"sd","13:50:24",18721300
19.7,0.3,300,"sd","13:50:19",18714300
19.7,0.3,1000,"sd","13:50:16",18714000
19.7,0.3,800,"sd","13:50:16",18713000
19.7,0.3,3400,"sd","13:50:07",18712200
19.75,0.35,2300,"bu","13:50:05",18708800
19.7,0.3,20300,"sd","13:49:59",18706500
19.7,0.3,10300,"sd","13:49:58",18686200
19.7,0.3,2300,"sd","13:49:57",18675900
19.7,0.3,1700,"sd","13:49:54",18673600
19.7,0.3,1000,"sd","13:49:46",18671900
19.7,0.3,1000,"sd","13:49:45",18670900
19.7,0.3,200,"sd","13:49:42",18669900
19.7,0.3,5500,"sd","13:49:41",18669700
19.7,0.3,30000,"sd","13:49:40",18664200
19.7,0.3,5000,"sd","13:49:37",18634200
19.7,0.3,1000,"sd","13:49:33",18629200
19.7,0.3,5000,"sd","13:49:27",18628200
19.7,0.3,5500,"sd","13:49:23",18623200
19.7,0.3,20000,"sd","13:49:21",18617700
19.7,0.3,1600,"sd","13:49:09",18597700
19.7,0.3,9000,"sd","13:48:41",18596100
19.75,0.35,2100,"bu","13:48:38",18587100
19.7,0.3,4000,"sd","13:48:38",18585000
19.75,0.35,200,"bu","13:48:38",18581000
19.75,0.35,100,"bu","13:48:29",18580800
19.7,0.3,1700,"sd","13:48:25",18580700
19.7,0.3,5000,"sd","13:48:20",18579000
19.75,0.35,600,"bu","13:48:04",18574000
19.7,0.3,1800,"sd","13:47:42",18573400
19.75,0.35,2000,"bu","13:47:19",18571600
19.75,0.35,200,"bu","13:47:18",18569600
19.7,0.3,500,"sd","13:47:14",18569400
19.75,0.35,2300,"bu","13:47:10",18568900
19.75,0.35,200,"bu","13:47:00",18566600
19.7,0.3,1700,"sd","13:46:53",18566400
19.75,0.35,400,"bu","13:46:37",18564700
19.75,0.35,500,"bu","13:46:27",18564300
19.7,0.3,200,"sd","13:46:24",18563800
19.75,0.35,100,"bu","13:46:15",18563600
19.75,0.35,700,"bu","13:46:11",18563500
19.7,0.3,1600,"sd","13:46:08",18562800
19.75,0.35,1100,"bu","13:46:01",18561200
19.7,0.3,5000,"sd","13:46:01",18560100
19.75,0.35,100,"bu","13:45:56",18555100
19.75,0.35,2200,"bu","13:45:55",18555000
19.75,0.35,300,"bu","13:45:49",18552800
19.7,0.3,3000,"sd","13:45:40",18552500
19.7,0.3,1100,"sd","13:45:36",18549500
19.7,0.3,1700,"sd","13:45:25",18548400
19.75,0.35,5000,"bu","13:45:18",18546700
19.75,0.35,1800,"bu","13:45:09",18541700
19.75,0.35,2300,"bu","13:44:59",18539900
19.75,0.35,100,"bu","13:44:55",18537600
19.75,0.35,500,"bu","13:44:54",18537500
19.75,0.35,5000,"bu","13:44:49",18537000
19.7,0.3,1100,"sd","13:44:46",18532000
19.75,0.35,100,"bu","13:44:44",18530900
19.7,0.3,1600,"sd","13:44:42",18530800
19.75,0.35,500,"bu","13:44:27",18529200
19.7,0.3,1000,"sd","13:44:24",18528700
19.75,0.35,300,"bu","13:44:23",18527200
19.7,0.3,1100,"sd","13:44:22",18526900
19.75,0.35,3900,"bu","13:44:16",18525800
19.75,0.35,2300,"bu","13:44:15",18521900
19.75,0.35,300,"bu","13:44:10",18519600
19.7,0.3,200,"sd","13:43:59",18519300
19.75,0.35,2000,"sd","13:43:59",18519100
19.75,0.35,1000,"sd","13:43:58",18517100
19.75,0.35,6000,"sd","13:43:52",18516100
19.75,0.35,10000,"sd","13:43:51",18510100
19.75,0.35,1000,"sd","13:43:47",18500100
19.75,0.35,2100,"sd","13:43:45",18499100
19.75,0.35,1000,"sd","13:43:44",18497000
19.75,0.35,7000,"sd","13:43:40",18496000
19.75,0.35,25000,"sd","13:43:38",18489000
19.75,0.35,1000,"sd","13:43:35",18464000
19.75,0.35,1000,"sd","13:43:32",18463000
19.75,0.35,5000,"sd","13:43:31",18462000
19.75,0.35,100,"sd","13:43:26",18457000
19.75,0.35,5000,"sd","13:43:22",18456900
19.75,0.35,1800,"sd","13:42:59",18451900
19.75,0.35,4500,"sd","13:42:51",18450100
19.75,0.35,100,"sd","13:42:50",18445600
19.8,0.4,2300,"bu","13:42:48",18445500
19.8,0.4,6500,"bu","13:42:43",18443200
19.75,0.35,1000,"sd","13:42:42",18436700
19.75,0.35,100,"sd","13:42:39",18435700
19.75,0.35,10000,"sd","13:42:36",18435600
19.75,0.35,800,"sd","13:42:35",18425600
19.75,0.35,5000,"sd","13:42:29",18424800
19.75,0.35,1000,"sd","13:42:24",18419800
19.75,0.35,100,"sd","13:42:18",18418800
19.75,0.35,10100,"bu","13:42:15",18418700
19.75,0.35,200,"bu","13:42:13",18408600
19.75,0.35,400,"bu","13:42:11",18408400
19.7,0.3,1900,"sd","13:42:11",18408000
19.75,0.35,100,"bu","13:42:11",18406100
19.75,0.35,3800,"bu","13:42:07",18406000
19.75,0.35,900,"bu","13:42:04",18402200
19.75,0.35,1400,"bu","13:42:04",18401300
19.75,0.35,5000,"bu","13:42:03",18399900
19.75,0.35,10000,"bu","13:42:03",18394900
19.75,0.35,4000,"bu","13:42:02",18384900
19.75,0.35,2100,"bu","13:42:02",18380900
19.75,0.35,1000,"bu","13:42:01",18378800
19.75,0.35,50000,"bu","13:41:59",18377800
19.75,0.35,7200,"bu","13:41:58",18327800
19.75,0.35,500,"bu","13:41:55",18320600
19.75,0.35,1000,"bu","13:41:53",18320100
19.75,0.35,1000,"bu","13:41:47",18319100
19.75,0.35,2000,"bu","13:41:46",18318100
19.75,0.35,30100,"bu","13:41:43",18316100
19.75,0.35,1000,"bu","13:41:38",18286000
19.7,0.3,5000,"sd","13:41:36",18285000
19.75,0.35,1800,"bu","13:41:26",18280000
19.75,0.35,7000,"bu","13:41:25",18278200
19.75,0.35,200,"bu","13:41:21",18271200
19.7,0.3,1700,"sd","13:41:20",18271000
19.75,0.35,5000,"bu","13:41:15",18269300
19.75,0.35,100,"bu","13:41:13",18264300
19.75,0.35,5000,"bu","13:41:12",18264200
19.75,0.35,100,"bu","13:41:09",18259200
19.7,0.3,1000,"sd","13:41:08",18259100
19.75,0.35,1000,"bu","13:41:05",18258100
19.75,0.35,600,"bu","13:41:01",18257100
19.75,0.35,100,"bu","13:40:49",18256500
19.7,0.3,4000,"sd","13:40:40",18256400
19.7,0.3,3000,"sd","13:40:37",18252400
19.7,0.3,1600,"sd","13:40:36",18249400
19.75,0.35,5000,"bu","13:40:34",18247800
19.7,0.3,5000,"sd","13:40:11",18242800
19.75,0.35,100,"bu","13:39:59",18237800
19.7,0.3,1700,"sd","13:39:53",18237700
19.7,0.3,1000,"sd","13:39:52",18236000
19.7,0.3,10000,"sd","13:39:48",18235000
19.7,0.3,400,"sd","13:39:34",18225000
19.75,0.35,100,"bu","13:39:33",18224600
19.7,0.3,5500,"sd","13:39:28",18224500
19.7,0.3,1600,"sd","13:39:27",18219000
19.7,0.3,100,"sd","13:39:20",18217400
19.7,0.3,500,"sd","13:39:17",18217300
19.75,0.35,500,"bu","13:39:15",18216800
19.7,0.3,1700,"sd","13:39:08",18216300
19.7,0.3,10000,"sd","13:38:51",18214600
19.75,0.35,100,"bu","13:38:29",18204600
19.7,0.3,6800,"sd","13:38:23",18204500
19.75,0.35,3800,"bu","13:38:11",18197700
19.7,0.3,100,"sd","13:38:11",18193900
19.7,0.3,30000,"sd","13:38:06",18193800
19.75,0.35,200,"bu","13:38:00",18163800
19.7,0.3,500,"sd","13:37:59",18163600
19.7,0.3,100,"sd","13:37:53",18163100
19.7,0.3,21000,"sd","13:37:49",18163000
19.7,0.3,1200,"sd","13:37:37",18142000
19.7,0.3,1700,"sd","13:37:35",18140800
19.75,0.35,100,"bu","13:37:31",18139100
19.75,0.35,4500,"bu","13:37:10",18139000
19.7,0.3,5000,"sd","13:37:06",18134500
19.7,0.3,500,"sd","13:37:04",18129500
19.7,0.3,300,"sd","13:36:59",18129000
19.75,0.35,18000,"bu","13:36:59",18128700
19.7,0.3,300,"sd","13:36:58",18110700
19.7,0.3,1000,"sd","13:36:56",18110400
19.7,0.3,1800,"sd","13:36:50",18109400
19.7,0.3,12800,"bu","13:36:46",18107600
19.7,0.3,21000,"bu","13:36:44",18094800
19.7,0.3,6000,"bu","13:36:43",18073800
19.7,0.3,30000,"bu","13:36:42",18067800
19.7,0.3,5000,"bu","13:36:41",18037800
19.7,0.3,100,"bu","13:36:40",18032800
19.7,0.3,500,"bu","13:36:40",18032700
19.7,0.3,5000,"bu","13:36:39",18032200
19.7,0.3,2500,"bu","13:36:38",18027200
19.7,0.3,200,"bu","13:36:37",18024700
19.7,0.3,3000,"bu","13:36:33",18024500
19.7,0.3,5000,"bu","13:36:31",18021500
19.7,0.3,100,"bu","13:36:28",18016500
19.7,0.3,5300,"bu","13:36:27",18016400
19.7,0.3,500,"bu","13:36:24",18011100
19.7,0.3,10000,"bu","13:36:21",18010600
19.7,0.3,500,"bu","13:36:15",18000600
19.65,0.25,500,"sd","13:36:10",18000100
19.65,0.25,1700,"sd","13:36:03",17999600
19.7,0.3,100,"bu","13:35:59",17997900
19.7,0.3,6700,"bu","13:35:55",17997800
19.7,0.3,500,"bu","13:35:49",17991100
19.65,0.25,3000,"sd","13:35:47",17990600
19.65,0.25,1000,"sd","13:35:43",17987600
19.65,0.25,6000,"sd","13:35:40",17986600
19.65,0.25,300,"sd","13:35:35",17980600
19.7,0.3,100,"bu","13:35:33",17980300
19.7,0.3,5000,"bu","13:35:31",17980200
19.65,0.25,5000,"sd","13:35:29",17975200
19.65,0.25,100,"sd","13:35:26",17970200
19.7,0.3,10000,"bu","13:35:25",17970100
19.65,0.25,1700,"sd","13:35:19",17960100
19.65,0.25,3500,"sd","13:35:18",17958400
19.7,0.3,30000,"bu","13:35:14",17954900
19.7,0.3,1000,"bu","13:35:13",17924900
19.65,0.25,9000,"sd","13:35:06",17923900
19.65,0.25,200,"sd","13:34:57",17914900
19.65,0.25,1500,"sd","13:34:54",17914700
19.65,0.25,100,"sd","13:34:38",17913200
19.65,0.25,500,"sd","13:34:35",17913100
19.65,0.25,2600,"sd","13:34:31",17912600
19.65,0.25,10000,"sd","13:34:31",17910000
19.65,0.25,2000,"sd","13:34:28",17900000
19.65,0.25,2000,"sd","13:34:28",17898000
19.65,0.25,100,"sd","13:34:23",17896000
19.65,0.25,100,"sd","13:34:21",17895900
19.65,0.25,2000,"sd","13:34:19",17895800
19.65,0.25,500,"sd","13:34:17",17893800
19.65,0.25,1000,"sd","13:34:14",17893300
19.65,0.25,100,"sd","13:34:13",17892300
19.65,0.25,95600,"bu","13:34:13",17892200
19.6,0.2,1000,"sd","13:34:10",17796600
19.65,0.25,100,"bu","13:34:09",17795600
19.65,0.25,2000,"bu","13:34:08",17795500
19.6,0.2,2000,"sd","13:34:06",17793500
19.6,0.2,200,"sd","13:34:04",17791500
19.65,0.25,2300,"bu","13:34:03",17791300
19.65,0.25,1500,"bu","13:34:01",17789000
19.6,0.2,2300,"sd","13:33:57",17787500
19.65,0.25,100,"bu","13:33:57",17785200
19.65,0.25,16200,"sd","13:33:52",17785100
19.65,0.25,100,"sd","13:33:51",17768900
19.65,0.25,2000,"sd","13:33:48",17768800
19.65,0.25,500,"sd","13:33:44",17766800
19.65,0.25,5000,"sd","13:33:43",17766300
19.65,0.25,1000,"sd","13:33:41",17761300
19.65,0.25,5000,"sd","13:33:40",17760300
19.65,0.25,1700,"sd","13:33:37",17755300
19.65,0.25,22500,"sd","13:33:34",17753600
19.7,0.3,100,"bu","13:33:33",17731100
19.65,0.25,2000,"sd","13:33:28",17731000
19.65,0.25,100000,"sd","13:33:28",17729000
19.65,0.25,3000,"sd","13:33:22",17629000
19.65,0.25,4400,"sd","13:33:21",17626000
19.65,0.25,10000,"sd","13:33:06",17621600
19.65,0.25,5000,"sd","13:33:04",17611600
19.7,0.3,1000,"bu","13:32:57",17606600
19.65,0.25,1800,"sd","13:32:53",17605600
19.65,0.25,5000,"sd","13:32:50",17603800
19.65,0.25,1000,"sd","13:32:49",17598800
19.65,0.25,5000,"sd","13:32:46",17597800
19.65,0.25,500,"sd","13:32:45",17592800
19.65,0.25,100,"sd","13:32:40",17592300
19.65,0.25,700,"sd","13:32:37",17592200
19.65,0.25,1400,"sd","13:32:34",17591500
19.7,0.3,1500,"bu","13:32:32",17590100
19.65,0.25,2300,"sd","13:32:30",17588600
19.65,0.25,20000,"sd","13:32:29",17586300
19.7,0.3,12000,"bu","13:32:24",17566300
19.7,0.3,50000,"bu","13:32:24",17554300
19.65,0.25,200000,"sd","13:32:15",17504300
19.7,0.3,100,"bu","13:32:07",17304300
19.65,0.25,2000,"sd","13:32:05",17304200
19.7,0.3,1000,"bu","13:31:58",17302200
19.7,0.3,100,"bu","13:31:56",17301200
19.65,0.25,600,"sd","13:31:54",17301100
19.65,0.25,200,"sd","13:31:48",17300500
19.7,0.3,3000,"bu","13:31:48",17300300
19.7,0.3,2000,"bu","13:31:46",17297300
19.65,0.25,1000,"sd","13:31:45",17295300
19.7,0.3,1000,"bu","13:31:33",17294300
19.7,0.3,200,"bu","13:31:22",17293300
19.65,0.25,1500,"sd","13:31:20",17293100
19.7,0.3,100,"bu","13:31:17",17291600
19.7,0.3,15000,"bu","13:31:15",17291500
19.65,0.25,2000,"sd","13:31:10",17276500
19.7,0.3,2300,"bu","13:31:08",17274500
19.7,0.3,15000,"sd","13:31:06",17272200
19.7,0.3,23000,"sd","13:31:05",17257200
19.7,0.3,1000,"sd","13:31:04",17234200
19.7,0.3,2000,"sd","13:31:03",17233200
19.7,0.3,20000,"sd","13:31:02",17231200
19.7,0.3,10300,"sd","13:31:00",17211200
19.7,0.3,1500,"sd","13:30:59",17200900
19.7,0.3,3000,"sd","13:30:58",17199400
19.7,0.3,5000,"sd","13:30:57",17196400
19.7,0.3,2100,"sd","13:30:55",17191400
19.7,0.3,20000,"sd","13:30:54",17189300
19.7,0.3,1700,"sd","13:30:50",17169300
19.75,0.35,400,"bu","13:30:49",17167600
19.7,0.3,1000,"sd","13:30:49",17167200
19.75,0.35,100,"bu","13:30:43",17166200
19.7,0.3,205000,"sd","13:30:42",17166100
19.7,0.3,4700,"sd","13:30:40",16961100
19.7,0.3,400,"sd","13:30:37",16956400
19.7,0.3,300,"sd","13:30:30",16956000
19.7,0.3,1700,"sd","13:30:18",16955700
19.75,0.35,600,"bu","13:29:59",16954000
19.75,0.35,500,"bu","13:29:57",16953400
19.75,0.35,100,"bu","13:29:54",16952900
19.75,0.35,2600,"bu","13:29:48",16952800
19.75,0.35,2300,"bu","13:29:41",16950200
19.75,0.35,500,"bu","13:29:35",16947900
19.7,0.3,2000,"sd","13:29:33",16947400
19.75,0.35,5000,"bu","13:29:28",16945400
19.75,0.35,1900,"bu","13:29:27",16940400
19.75,0.35,9200,"bu","13:29:24",16938500
19.75,0.35,100,"bu","13:29:23",16929300
19.75,0.35,500,"bu","13:29:17",16929200
19.7,0.3,1000,"sd","13:29:09",16928700
19.75,0.35,5000,"bu","13:29:07",16927700
19.7,0.3,1500,"sd","13:29:05",16922700
19.75,0.35,5000,"bu","13:29:03",16921200
19.7,0.3,2000,"sd","13:29:00",16916200
19.7,0.3,5000,"sd","13:28:56",16914200
19.7,0.3,200,"sd","13:28:55",16909200
19.7,0.3,5000,"sd","13:28:50",16909000
19.75,0.35,100,"bu","13:28:50",16904000
19.7,0.3,100,"sd","13:28:47",16903900
19.7,0.3,100,"sd","13:28:46",16903800
19.7,0.3,1500,"sd","13:28:41",16903700
19.75,0.35,2400,"bu","13:28:39",16902200
19.7,0.3,5000,"sd","13:28:29",16899800
19.7,0.3,100,"sd","13:28:28",16894800
19.7,0.3,100,"sd","13:28:27",16894700
19.7,0.3,500,"sd","13:28:24",16894600
19.7,0.3,600,"sd","13:28:07",16894100
19.7,0.3,4000,"sd","13:28:06",16893500
19.7,0.3,1000,"sd","13:28:00",16889500
19.7,0.3,1700,"sd","13:27:59",16888500
19.75,0.35,1300,"bu","13:27:47",16886800
19.7,0.3,5000,"sd","13:27:47",16885500
19.7,0.3,10900,"sd","13:27:39",16880500
19.7,0.3,200,"sd","13:27:26",16869600
19.7,0.3,1500,"sd","13:27:18",16869400
19.7,0.3,1600,"sd","13:27:16",16867900
19.75,0.35,2000,"bu","13:27:14",16866300
19.7,0.3,3000,"sd","13:27:14",16864300
19.75,0.35,100,"bu","13:27:09",16861300
19.75,0.35,2000,"bu","13:27:08",16861200
19.7,0.3,3400,"sd","13:27:03",16859200
19.7,0.3,500,"sd","13:27:01",16855800
19.7,0.3,2100,"sd","13:26:56",16855300
19.7,0.3,4000,"sd","13:26:47",16853200
19.7,0.3,400,"sd","13:26:41",16849200
19.7,0.3,1600,"sd","13:26:33",16848800
19.7,0.3,200,"sd","13:26:22",16847200
19.7,0.3,100,"sd","13:26:17",16847000
19.75,0.35,2000,"bu","13:26:08",16846900
19.7,0.3,2000,"sd","13:26:08",16844900
19.75,0.35,6000,"bu","13:26:03",16842900
19.75,0.35,2300,"bu","13:26:02",16836900
19.75,0.35,3000,"bu","13:26:00",16834600
19.7,0.3,1600,"sd","13:25:58",16831600
19.7,0.3,5000,"sd","13:25:55",16830000
19.7,0.3,100,"sd","13:25:53",16825000
19.7,0.3,1600,"sd","13:25:50",16824900
19.7,0.3,100,"sd","13:25:37",16823300
19.75,0.35,20000,"bu","13:25:35",16823200
19.7,0.3,5000,"sd","13:25:29",16803200
19.7,0.3,1600,"sd","13:25:08",16798200
19.75,0.35,10000,"bu","13:24:53",16796600
19.75,0.35,10000,"bu","13:24:46",16786600
19.7,0.3,800,"sd","13:24:44",16776600
19.75,0.35,2500,"bu","13:24:42",16775800
19.7,0.3,2300,"sd","13:24:33",16773300
19.75,0.35,100,"bu","13:24:32",16771000
19.7,0.3,1700,"sd","13:24:26",16770900
19.7,0.3,1000,"sd","13:24:22",16769200
19.7,0.3,1000,"sd","13:24:13",16768200
19.75,0.35,5000,"bu","13:24:00",16767200
19.75,0.35,5000,"bu","13:23:59",16762200
19.7,0.3,1000,"sd","13:23:55",16757200
19.75,0.35,1000,"bu","13:23:53",16756200
19.7,0.3,200,"sd","13:23:47",16755200
19.7,0.3,2400,"sd","13:23:46",16755000
19.75,0.35,5000,"bu","13:23:41",16752600
19.7,0.3,1800,"sd","13:23:40",16747600
19.75,0.35,5000,"bu","13:23:29",16745800
19.7,0.3,8700,"sd","13:23:24",16740800
19.75,0.35,1900,"bu","13:23:20",16732100
19.7,0.3,2000,"sd","13:23:16",16730200
19.75,0.35,2300,"bu","13:23:07",16728200
19.75,0.35,200,"bu","13:23:06",16725900
19.75,0.35,100,"bu","13:22:58",16725700
19.7,0.3,100,"sd","13:22:55",16725600
19.7,0.3,2000,"sd","13:22:53",16725500
19.7,0.3,20000,"sd","13:22:53",16723500
19.75,0.35,5000,"bu","13:22:49",16703500
19.75,0.35,1000,"bu","13:22:49",16698500
19.75,0.35,200,"bu","13:22:45",16697500
19.75,0.35,2300,"bu","13:22:23",16697300
19.75,0.35,3400,"bu","13:22:21",16695000
19.75,0.35,1000,"bu","13:22:14",16691600
19.75,0.35,1000,"bu","13:22:04",16690600
19.7,0.3,1500,"sd","13:22:00",16689600
19.75,0.35,1000,"bu","13:21:57",16688100
19.75,0.35,5000,"bu","13:21:51",16687100
19.75,0.35,10000,"bu","13:21:41",16682100
19.75,0.35,2300,"bu","13:21:39",16672100
19.75,0.35,5200,"bu","13:21:33",16669800
19.75,0.35,14800,"bu","13:21:32",16664600
19.75,0.35,3000,"bu","13:21:32",16649800
19.75,0.35,1000,"bu","13:21:25",16646800
19.75,0.35,200,"bu","13:21:18",16645800
19.7,0.3,1700,"sd","13:21:17",16645600
19.75,0.35,300,"bu","13:20:59",16643900
19.75,0.35,2300,"bu","13:20:56",16643600
19.75,0.35,5000,"bu","13:20:55",16641300
19.75,0.35,1000,"bu","13:20:54",16636300
19.75,0.35,4100,"bu","13:20:52",16635300
19.7,0.3,100,"sd","13:20:47",16631200
19.75,0.35,500,"bu","13:20:39",16631100
19.75,0.35,500,"bu","13:20:35",16630600
19.7,0.3,1900,"sd","13:20:34",16630100
19.75,0.35,29000,"bu","13:20:29",16628200
19.75,0.35,5000,"bu","13:20:24",16599200
19.75,0.35,1200,"bu","13:20:12",16594200
19.75,0.35,1100,"bu","13:20:12",16593000
19.75,0.35,5000,"bu","13:20:11",16591900
19.75,0.35,100,"bu","13:20:10",16586900
19.7,0.3,1000,"sd","13:20:05",16586800
19.75,0.35,300,"bu","13:19:58",16585800
19.7,0.3,1600,"sd","13:19:44",16585500
19.75,0.35,2500,"bu","13:19:29",16583900
19.75,0.35,5600,"bu","13:19:29",16581400
19.75,0.35,2300,"bu","13:19:28",16575800
19.75,0.35,500,"bu","13:19:19",16573500
19.7,0.3,1600,"sd","13:19:01",16573000
19.7,0.3,2200,"sd","13:18:53",16571400
19.75,0.35,900,"bu","13:18:44",16569200
19.75,0.35,3300,"bu","13:18:44",16568300
19.75,0.35,400,"bu","13:18:34",16565000
19.75,0.35,100,"bu","13:18:34",16564600
19.7,0.3,1600,"sd","13:18:18",16564500
19.75,0.35,1200,"bu","13:18:17",16562900
19.75,0.35,100,"bu","13:18:11",16561700
19.7,0.3,1500,"sd","13:17:54",16561600
19.75,0.35,1400,"bu","13:17:54",16560100
19.7,0.3,100,"sd","13:17:53",16558700
19.7,0.3,1700,"sd","13:17:37",16558600
19.75,0.35,200,"bu","13:17:37",16556900
19.75,0.35,600,"bu","13:17:28",16556700
19.75,0.35,4900,"bu","13:17:23",16556100
19.75,0.35,1300,"bu","13:17:17",16551200
19.7,0.3,100,"sd","13:17:03",16549900
19.75,0.35,500,"bu","13:17:01",16549800
19.75,0.35,2100,"bu","13:16:57",16549300
19.75,0.35,5000,"bu","13:16:55",16547200
19.7,0.3,1000,"sd","13:16:55",16542200
19.7,0.3,1600,"sd","13:16:51",16541200
19.75,0.35,500,"bu","13:16:44",16539600
19.75,0.35,900,"bu","13:16:40",16539100
19.75,0.35,2300,"bu","13:16:33",16538200
19.75,0.35,5000,"bu","13:16:29",16535900
19.75,0.35,4600,"bu","13:16:25",16530900
19.7,0.3,5000,"sd","13:16:23",16526300
19.75,0.35,100,"bu","13:16:19",16521300
19.7,0.3,1700,"sd","13:16:09",16521200
19.75,0.35,2000,"bu","13:16:01",16519500
19.75,0.35,900,"bu","13:15:49",16517500
19.75,0.35,1400,"bu","13:15:49",16516600
19.75,0.35,100,"sd","13:15:45",16515200
19.75,0.35,8000,"sd","13:15:42",16515100
19.75,0.35,1900,"bu","13:15:37",16507100
19.75,0.35,8100,"bu","13:15:35",16505200
19.75,0.35,2000,"bu","13:15:35",16497100
19.75,0.35,500,"bu","13:15:34",16495100
19.75,0.35,3500,"bu","13:15:33",16494600
19.75,0.35,11000,"bu","13:15:29",16490400
19.75,0.35,5000,"bu","13:15:28",16479400
19.75,0.35,10000,"bu","13:15:24",16474400
19.7,0.3,1600,"sd","13:15:22",16464400
19.7,0.3,300,"sd","13:15:22",16462800
19.75,0.35,500,"bu","13:15:21",16462500
19.75,0.35,5000,"bu","13:15:20",16462000
19.75,0.35,2500,"bu","13:15:19",16457000
19.75,0.35,100,"bu","13:15:17",16454500
19.75,0.35,3600,"bu","13:15:16",16454400
19.75,0.35,10000,"bu","13:15:14",16450800
19.75,0.35,2300,"bu","13:15:06",16440800
19.75,0.35,200,"bu","13:15:04",16438500
19.75,0.35,10000,"bu","13:14:56",16438300
19.75,0.35,13700,"bu","13:14:43",16428300
19.7,0.3,5000,"sd","13:14:40",16414600
19.7,0.3,1700,"sd","13:14:39",16409600
19.75,0.35,10000,"bu","13:14:38",16407900
19.7,0.3,200,"sd","13:14:37",16397900
19.75,0.35,5000,"bu","13:14:27",16397700
19.7,0.3,5000,"sd","13:14:27",16392700
19.75,0.35,1100,"sd","13:14:24",16387700
19.75,0.35,73700,"sd","13:14:23",16386600
19.75,0.35,100,"sd","13:14:22",16312900
19.75,0.35,1000,"sd","13:14:20",16312800
19.75,0.35,200,"sd","13:14:20",16311800
19.75,0.35,1000,"sd","13:14:18",16311600
19.75,0.35,500,"sd","13:14:11",16310600
19.75,0.35,2000,"sd","13:14:09",16310100
19.75,0.35,300,"sd","13:14:07",16308100
19.75,0.35,200,"sd","13:14:07",16307800
19.75,0.35,4500,"sd","13:14:05",16307600
19.75,0.35,1000,"sd","13:14:00",16303100
19.75,0.35,1600,"sd","13:13:57",16302100
19.75,0.35,200,"sd","13:13:45",16300500
19.75,0.35,200,"sd","13:13:42",16300300
19.75,0.35,99000,"sd","13:13:39",16300100
19.75,0.35,2000,"sd","13:13:37",16201100
19.75,0.35,200,"sd","13:13:30",16199100
19.75,0.35,1200,"sd","13:13:29",16198900
19.75,0.35,2000,"sd","13:13:13",16197700
19.8,0.4,300,"bu","13:13:09",16195700
19.75,0.35,5000,"sd","13:13:07",16195400
19.75,0.35,200,"sd","13:13:04",16190400
19.75,0.35,500,"sd","13:12:37",16190200
19.75,0.35,1000,"sd","13:12:36",16189700
19.8,0.4,1000,"bu","13:12:36",16188700
19.8,0.4,28000,"bu","13:12:28",16187700
19.75,0.35,20000,"sd","13:12:27",16159700
19.75,0.35,12000,"sd","13:12:22",16139700
19.75,0.35,1600,"sd","13:12:21",16127700
19.75,0.35,2000,"sd","13:12:19",16126100
19.75,0.35,200,"sd","13:12:11",16124100
19.8,0.4,2300,"bu","13:12:11",16123900
19.8,0.4,600,"bu","13:12:09",16121600
19.8,0.4,800,"bu","13:11:55",16121000
19.75,0.35,100,"sd","13:11:49",16120200
19.8,0.4,1000,"bu","13:11:40",16120100
19.75,0.35,1800,"sd","13:11:38",16119100
19.75,0.35,500,"sd","13:11:31",16117300
19.8,0.4,2300,"bu","13:11:27",16116800
19.8,0.4,1000,"bu","13:11:13",16114500
19.75,0.35,2000,"sd","13:11:11",16113500
19.8,0.4,100,"bu","13:11:05",16111500
19.8,0.4,500,"bu","13:10:57",16111400
19.8,0.4,1900,"bu","13:10:55",16110900
19.75,0.35,1600,"sd","13:10:50",16109000
19.8,0.4,10200,"bu","13:10:50",16107400
19.8,0.4,1600,"bu","13:10:43",16097200
19.8,0.4,700,"bu","13:10:43",16095600
19.8,0.4,39100,"bu","13:10:36",16094900
19.75,0.35,500,"sd","13:10:29",16055800
19.8,0.4,2000,"bu","13:10:27",16055300
19.8,0.4,30000,"bu","13:10:18",16053300
19.75,0.35,4000,"sd","13:10:07",16023300
19.8,0.4,2300,"bu","13:09:59",16019300
19.8,0.4,10000,"bu","13:09:41",16017000
19.8,0.4,8700,"bu","13:09:33",16007000
19.8,0.4,5000,"bu","13:09:23",15998300
19.75,0.35,2000,"sd","13:09:23",15993300
19.75,0.35,100,"sd","13:09:12",15991300
19.75,0.35,6000,"sd","13:08:59",15991200
19.75,0.35,5000,"sd","13:08:58",15985200
19.75,0.35,12900,"bu","13:08:56",15980200
19.75,0.35,16100,"sd","13:08:52",15967300
19.75,0.35,4100,"bu","13:08:46",15951200
19.75,0.35,15900,"sd","13:08:44",15947100
19.75,0.35,500,"sd","13:08:36",15931200
19.75,0.35,1600,"sd","13:08:30",15930700
19.75,0.35,11400,"bu","13:08:25",15929100
19.75,0.35,1000,"bu","13:08:22",15917700
19.75,0.35,100,"bu","13:08:20",15916700
19.7,0.3,100,"sd","13:08:15",15916600
19.75,0.35,24800,"bu","13:08:13",15916500
19.75,0.35,100,"bu","13:08:12",15891700
19.75,0.35,5000,"bu","13:08:10",15891600
19.75,0.35,2200,"bu","13:08:09",15886600
19.75,0.35,10000,"bu","13:08:07",15884400
19.75,0.35,10000,"bu","13:08:05",15874400
19.75,0.35,1000,"bu","13:07:59",15864400
19.75,0.35,300,"bu","13:07:56",15863400
19.75,0.35,900,"bu","13:07:48",15863100
19.75,0.35,1400,"bu","13:07:48",15862200
19.75,0.35,200,"bu","13:07:47",15860800
19.7,0.3,1700,"sd","13:07:46",15860600
19.75,0.35,10000,"bu","13:07:46",15858900
19.75,0.35,400,"bu","13:07:45",15848900
19.75,0.35,500,"bu","13:07:34",15848500
19.75,0.35,200,"bu","13:07:28",15848000
19.75,0.35,200,"bu","13:07:24",15847800
19.75,0.35,2000,"bu","13:07:15",15847600
19.7,0.3,3000,"sd","13:07:15",15845600
19.75,0.35,3000,"bu","13:07:14",15842600
19.75,0.35,500,"bu","13:07:11",15839600
19.75,0.35,300,"bu","13:07:08",15839100
19.7,0.3,1600,"sd","13:07:02",15838800
19.75,0.35,1100,"bu","13:07:00",15837200
19.75,0.35,2000,"bu","13:06:49",15836100
19.75,0.35,10000,"bu","13:06:45",15834100
19.75,0.35,500,"bu","13:06:44",15824100
19.75,0.35,600,"bu","13:06:32",15823600
19.75,0.35,10000,"bu","13:06:27",15823000
19.75,0.35,1000,"bu","13:06:21",15813000
19.7,0.3,1700,"sd","13:06:19",15812000
19.75,0.35,100,"bu","13:06:16",15810300
19.75,0.35,10000,"bu","13:06:06",15810200
19.75,0.35,100,"bu","13:06:01",15800200
19.7,0.3,200,"sd","13:06:01",15800100
19.75,0.35,10000,"bu","13:05:42",15799900
19.75,0.35,2300,"bu","13:05:37",15789900
19.75,0.35,100,"bu","13:05:35",15787600
19.7,0.3,1600,"sd","13:05:34",15787500
19.75,0.35,5000,"bu","13:05:28",15785900
19.7,0.3,2000,"sd","13:05:18",15780900
19.7,0.3,1000,"sd","13:05:05",15778900
19.7,0.3,1700,"sd","13:04:51",15777900
19.75,0.35,2000,"bu","13:04:44",15776200
19.75,0.35,1000,"bu","13:04:44",15774200
19.75,0.35,300,"bu","13:04:39",15773200
19.75,0.35,700,"bu","13:04:37",15772900
19.75,0.35,200,"bu","13:04:27",15772200
19.75,0.35,1000,"bu","13:04:25",15772000
19.75,0.35,5000,"bu","13:04:24",15771000
19.75,0.35,30000,"bu","13:04:22",15766000
19.75,0.35,700,"sd","13:04:19",15736000
19.75,0.35,300,"bu","13:04:17",15735300
19.75,0.35,1100,"bu","13:04:15",15735000
19.75,0.35,7500,"bu","13:04:10",15733900
19.75,0.35,100,"bu","13:04:09",15726400
19.75,0.35,200,"bu","13:04:08",15726300
19.7,0.3,1600,"sd","13:04:07",15726100
19.75,0.35,100,"bu","13:04:05",15724500
19.75,0.35,900,"bu","13:04:03",15724400
19.75,0.35,2400,"bu","13:04:02",15723500
19.7,0.3,20000,"sd","13:04:02",15721100
19.75,0.35,3500,"bu","13:03:56",15701100
19.75,0.35,200,"bu","13:03:54",15697600
19.75,0.35,1200,"sd","13:03:52",15697400
19.75,0.35,3900,"bu","13:03:51",15696200
19.75,0.35,400,"bu","13:03:48",15692300
19.75,0.35,300,"bu","13:03:46",15691900
19.75,0.35,1500,"bu","13:03:43",15691600
19.75,0.35,2800,"bu","13:03:43",15690100
19.75,0.35,1500,"bu","13:03:40",15687300
19.75,0.35,1700,"bu","13:03:38",15685800
19.75,0.35,10300,"bu","13:03:30",15684100
19.75,0.35,1000,"bu","13:03:30",15673800
19.75,0.35,10000,"bu","13:03:26",15672800
19.7,0.3,100,"sd","13:03:24",15662800
19.7,0.3,1600,"sd","13:03:23",15662700
19.75,0.35,100000,"bu","13:03:22",15661100
19.7,0.3,500,"sd","13:03:19",15561100
19.7,0.3,100,"sd","13:03:09",15560600
19.7,0.3,5000,"sd","13:03:06",15560500
19.7,0.3,3000,"sd","13:03:04",15555500
19.75,0.35,1000,"bu","13:03:01",15552500
19.7,0.3,1000,"sd","13:03:01",15551500
19.7,0.3,500,"sd","13:02:56",15550500
19.7,0.3,900,"sd","13:02:55",15550000
19.7,0.3,800,"sd","13:02:51",15549100
19.7,0.3,2600,"sd","13:02:41",15548300
19.7,0.3,1200,"sd","13:02:29",15545700
19.75,0.35,100,"bu","13:02:24",15544500
19.7,0.3,3000,"sd","13:02:23",15544400
19.7,0.3,900,"sd","13:02:04",15541400
19.7,0.3,1800,"sd","13:01:59",15540500
19.7,0.3,200,"sd","13:01:50",15538700
19.7,0.3,100,"sd","13:01:45",15538500
19.75,0.35,5000,"bu","13:01:40",15538400
19.75,0.35,100,"bu","13:01:40",15533400
19.75,0.35,400,"bu","13:01:38",15533300
19.7,0.3,200,"sd","13:01:31",15532900
19.7,0.3,1000,"sd","13:01:25",15532700
19.75,0.35,10000,"bu","13:01:25",15531700
19.7,0.3,2000,"sd","13:01:24",15521700
19.7,0.3,1700,"sd","13:01:16",15519700
19.75,0.35,2300,"bu","13:01:15",15518000
19.75,0.35,8000,"bu","13:01:13",15515700
19.75,0.35,2000,"bu","13:01:10",15507700
19.7,0.3,300,"sd","13:01:03",15505700
19.7,0.3,1000,"sd","13:00:51",15505400
19.75,0.35,2000,"bu","13:00:34",15504400
19.7,0.3,3000,"sd","13:00:33",15502400
19.7,0.3,10000,"sd","13:00:33",15499400
19.75,0.35,900,"bu","13:00:31",15489400
19.75,0.35,1400,"bu","13:00:31",15488500
19.75,0.35,100,"bu","13:00:26",15487100
19.75,0.35,100,"bu","13:00:25",15487000
19.7,0.3,2000,"sd","13:00:25",15486900
19.75,0.35,4000,"bu","13:00:25",15484900
19.75,0.35,1000,"bu","13:00:23",15480900
19.7,0.3,2500,"sd","13:00:23",15479900
19.7,0.3,2200,"sd","13:00:20",15477400
19.7,0.3,100,"sd","13:00:19",15475200
19.75,0.35,1000,"bu","13:00:17",15475100
19.7,0.3,500,"sd","13:00:16",15474100
19.7,0.3,2000,"sd","13:00:15",15473600
19.75,0.35,300,"bu","13:00:12",15471600
19.7,0.3,3400,"sd","13:00:12",15471300
19.7,0.3,600,"sd","13:00:11",15467900
19.75,0.35,100,"bu","13:00:11",15467300
19.75,0.35,200,"bu","13:00:10",15467200
19.7,0.3,2000,"sd","13:00:06",15467000
19.75,0.35,9800,"bu","13:00:05",15465000
19.75,0.35,100,"bu","13:00:04",15455200
19.7,0.3,200,"sd","13:00:04",15455100
19.75,0.35,200,"bu","13:00:03",15454900
19.7,0.3,200,"sd","13:00:02",15454700
19.7,0.3,2000,"sd","13:00:01",15454500
19.75,0.35,15100,"bu","13:00:01",15452500
19.75,0.35,5500,"bu","13:00:00",15437400
19.7,0.3,10000,"sd","13:00:00",15431900
19.75,0.35,1000,"bu","13:00:00",15421900
19.7,0.3,1000,"sd","13:00:00",15420900
19.75,0.35,600,"bu","13:00:00",15419900
19.7,0.3,700,"sd","13:00:00",15419300
19.75,0.35,400,"bu","13:00:00",15418600
19.75,0.35,2300,"bu","11:29:48",15418200
19.75,0.35,1000,"bu","11:29:28",15415900
19.75,0.35,500,"bu","11:29:27",15414900
19.75,0.35,100,"bu","11:29:25",15414400
19.75,0.35,400,"bu","11:29:22",15414300
19.75,0.35,2100,"sd","11:29:16",15413900
19.75,0.35,8700,"sd","11:29:15",15411800
19.75,0.35,2000,"sd","11:29:06",15403100
19.8,0.4,10000,"bu","11:29:05",15401100
19.75,0.35,900,"sd","11:29:04",15391100
19.75,0.35,3600,"sd","11:29:03",15390200
19.8,0.4,2000,"bu","11:29:03",15386600
19.75,0.35,500,"sd","11:28:57",15384600
19.75,0.35,1000,"sd","11:28:56",15384100
19.75,0.35,500,"sd","11:28:48",15383100
19.75,0.35,1000,"sd","11:28:45",15382600
19.75,0.35,5000,"sd","11:28:41",15381600
19.75,0.35,5000,"sd","11:28:36",15376600
19.75,0.35,1100,"sd","11:28:31",15371600
19.75,0.35,1000,"sd","11:28:26",15370500
19.75,0.35,100,"sd","11:28:25",15369500
19.75,0.35,3500,"sd","11:28:22",15369400
19.75,0.35,17700,"bu","11:28:17",15365900
19.75,0.35,20000,"bu","11:28:11",15348200
19.7,0.3,2000,"sd","11:28:10",15328200
19.75,0.35,2500,"bu","11:28:05",15326200
19.75,0.35,200,"bu","11:27:55",15323700
19.7,0.3,1000,"sd","11:27:55",15323500
19.7,0.3,2000,"sd","11:27:53",15322500
19.7,0.3,1100,"sd","11:27:49",15320500
19.75,0.35,2300,"bu","11:27:37",15319400
19.75,0.35,5000,"bu","11:27:28",15317100
19.7,0.3,3000,"sd","11:27:27",15312100
19.7,0.3,1000,"sd","11:27:26",15309100
19.75,0.35,100,"bu","11:27:17",15308100
19.7,0.3,1000,"sd","11:27:06",15308000
19.75,0.35,7600,"sd","11:27:02",15307000
19.75,0.35,16000,"sd","11:26:56",15299400
19.75,0.35,500,"sd","11:26:52",15283400
19.75,0.35,2000,"sd","11:26:52",15282900
19.75,0.35,16500,"sd","11:26:50",15280900
19.75,0.35,1000,"sd","11:26:45",15264400
19.75,0.35,2500,"sd","11:26:39",15263400
19.75,0.35,2000,"sd","11:26:34",15260900
19.75,0.35,500,"sd","11:26:30",15258900
19.75,0.35,200,"sd","11:26:27",15258400
19.75,0.35,1000,"sd","11:26:25",15258200
19.75,0.35,300,"sd","11:26:25",15257200
19.75,0.35,27500,"bu","11:26:23",15256900
19.75,0.35,53000,"bu","11:26:18",15229400
19.75,0.35,8800,"bu","11:26:15",15176400
19.75,0.35,264800,"sd","11:26:10",15167600
19.75,0.35,100,"sd","11:25:56",14902800
19.75,0.35,1000,"sd","11:25:55",14902700
19.75,0.35,5000,"sd","11:25:48",14901700
19.75,0.35,3000,"sd","11:25:42",14896700
19.75,0.35,1200,"sd","11:25:38",14893700
19.75,0.35,1000,"sd","11:25:34",14892500
19.75,0.35,20000,"sd","11:25:29",14891500
19.75,0.35,2100,"sd","11:25:27",14871500
19.75,0.35,1000,"sd","11:25:25",14869400
19.75,0.35,500,"sd","11:25:20",14868400
19.75,0.35,25700,"sd","11:25:18",14867900
19.75,0.35,400,"sd","11:25:16",14842200
19.75,0.35,10000,"sd","11:25:13",14841800
19.75,0.35,1000,"sd","11:25:10",14831800
19.75,0.35,3000,"sd","11:25:08",14830800
19.8,0.4,500,"bu","11:25:04",14827800
19.75,0.35,100,"sd","11:24:56",14827300
19.75,0.35,1000,"sd","11:24:55",14827200
19.75,0.35,1000,"sd","11:24:54",14826200
19.75,0.35,1000,"sd","11:24:25",14825200
19.75,0.35,1100,"sd","11:24:11",14824200
19.75,0.35,1000,"sd","11:24:10",14823100
19.75,0.35,3000,"sd","11:24:07",14822100
19.75,0.35,1000,"sd","11:24:04",14819100
19.75,0.35,400,"sd","11:24:03",14818100
19.75,0.35,2000,"sd","11:24:02",14817700
19.75,0.35,3000,"sd","11:24:01",14815700
19.75,0.35,200,"sd","11:23:59",14812700
19.75,0.35,2000,"sd","11:23:58",14812500
19.75,0.35,1000,"sd","11:23:55",14810500
19.75,0.35,200,"sd","11:23:47",14809500
19.75,0.35,1200,"sd","11:23:28",14809300
19.75,0.35,4300,"sd","11:23:25",14808100
19.75,0.35,1700,"sd","11:23:25",14803800
19.75,0.35,1200,"sd","11:23:20",14802100
19.75,0.35,100,"sd","11:23:17",14800900
19.75,0.35,3000,"sd","11:23:12",14800800
19.75,0.35,400,"sd","11:23:05",14797800
19.75,0.35,1000,"sd","11:23:03",14797400
19.75,0.35,100,"sd","11:22:59",14796400
19.75,0.35,1000,"sd","11:22:55",14796300
19.75,0.35,100,"sd","11:22:51",14795300
19.75,0.35,1100,"sd","11:22:42",14795200
19.75,0.35,1000,"sd","11:22:37",14794100
19.75,0.35,100,"sd","11:22:31",14793100
19.75,0.35,1000,"sd","11:22:25",14793000
19.75,0.35,10000,"sd","11:22:15",14792000
19.75,0.35,100,"sd","11:22:13",14782000
19.75,0.35,6000,"sd","11:22:10",14781900
19.75,0.35,1000,"sd","11:22:00",14775900
19.75,0.35,200,"sd","11:21:58",14774900
19.8,0.4,1500,"bu","11:21:55",14774700
19.75,0.35,1000,"sd","11:21:54",14773200
19.8,0.4,2300,"bu","11:21:47",14772200
19.8,0.4,600,"bu","11:21:41",14769900
19.75,0.35,200,"sd","11:21:38",14769300
19.75,0.35,1000,"sd","11:21:24",14769100
19.8,0.4,3000,"bu","11:21:17",14768100
19.75,0.35,1300,"sd","11:21:17",14765100
19.75,0.35,3000,"sd","11:21:03",14763800
19.75,0.35,1000,"sd","11:20:55",14760800
19.75,0.35,1100,"sd","11:20:26",14759800
19.75,0.35,1000,"sd","11:20:25",14758700
19.8,0.4,100,"bu","11:20:23",14757700
19.8,0.4,2300,"bu","11:20:19",14757600
19.8,0.4,1500,"bu","11:20:18",14755300
19.75,0.35,1000,"sd","11:19:54",14753800
19.75,0.35,2000,"sd","11:19:53",14752800
19.75,0.35,5000,"sd","11:19:48",14750800
19.75,0.35,1200,"sd","11:19:42",14745800
19.75,0.35,1000,"sd","11:19:24",14744600
19.8,0.4,500,"bu","11:19:13",14743600
19.8,0.4,3300,"bu","11:19:08",14743100
19.8,0.4,500,"bu","11:19:07",14739800
19.8,0.4,10000,"bu","11:19:03",14739300
19.75,0.35,5000,"sd","11:19:03",14729300
19.75,0.35,1100,"sd","11:18:56",14724300
19.75,0.35,1000,"sd","11:18:54",14723200
19.8,0.4,2300,"bu","11:18:52",14722200
19.8,0.4,5000,"bu","11:18:51",14719900
19.8,0.4,400,"bu","11:18:36",14714900
19.75,0.35,1000,"sd","11:18:24",14714500
19.8,0.4,200,"bu","11:18:20",14713500
19.75,0.35,1100,"sd","11:18:12",14713300
19.8,0.4,900,"bu","11:18:09",14712200
19.8,0.4,1400,"bu","11:18:08",14711300
19.8,0.4,5700,"bu","11:18:03",14709900
19.8,0.4,300,"bu","11:18:01",14704200
19.8,0.4,15000,"bu","11:17:55",14703900
19.75,0.35,200,"sd","11:17:55",14688900
19.75,0.35,1000,"sd","11:17:54",14688700
19.8,0.4,500,"bu","11:17:44",14687700
19.75,0.35,3300,"sd","11:17:27",14687200
19.8,0.4,2300,"bu","11:17:24",14683900
19.75,0.35,1000,"sd","11:17:24",14681600
19.8,0.4,500,"bu","11:17:24",14680600
19.8,0.4,100,"bu","11:17:03",14680100
19.75,0.35,1000,"sd","11:16:54",14680000
19.8,0.4,500,"bu","11:16:47",14679000
19.75,0.35,3000,"sd","11:16:39",14678500
19.8,0.4,2000,"bu","11:16:39",14675500
19.75,0.35,1100,"sd","11:16:34",14673500
19.8,0.4,1300,"bu","11:16:32",14672400
19.8,0.4,5900,"bu","11:16:24",14671100
19.75,0.35,1000,"sd","11:16:24",14665200
19.8,0.4,2000,"bu","11:16:03",14664200
19.8,0.4,2100,"bu","11:15:57",14662200
19.8,0.4,5200,"bu","11:15:57",14660100
19.8,0.4,300,"bu","11:15:56",14654900
19.75,0.35,1000,"sd","11:15:53",14654600
19.8,0.4,80300,"bu","11:15:53",14653600
19.75,0.35,1100,"sd","11:15:52",14573300
19.8,0.4,3500,"bu","11:15:52",14572200
19.8,0.4,5000,"bu","11:15:43",14568700
19.8,0.4,500,"bu","11:15:40",14563700
19.8,0.4,2600,"bu","11:15:36",14563200
19.8,0.4,4600,"bu","11:15:35",14560600
19.8,0.4,3000,"bu","11:15:29",14556000
19.8,0.4,1000,"bu","11:15:27",14553000
19.75,0.35,1000,"sd","11:15:23",14552000
19.8,0.4,100,"bu","11:15:16",14551000
19.75,0.35,1100,"sd","11:15:09",14550900
19.8,0.4,1100,"bu","11:15:04",14549800
19.75,0.35,5000,"sd","11:15:03",14548700
19.75,0.35,1000,"sd","11:14:53",14543700
19.8,0.4,2900,"bu","11:14:44",14542700
19.75,0.35,400,"sd","11:14:32",14539800
19.8,0.4,2400,"bu","11:14:29",14539400
19.8,0.4,3000,"bu","11:14:28",14537000
19.75,0.35,1000,"sd","11:14:26",14534000
19.75,0.35,1000,"sd","11:14:23",14533000
19.75,0.35,4000,"sd","11:14:14",14532000
19.8,0.4,3400,"bu","11:14:00",14528000
19.75,0.35,1000,"sd","11:13:53",14524600
19.75,0.35,1100,"sd","11:13:44",14523600
19.75,0.35,3000,"sd","11:13:33",14522500
19.75,0.35,1000,"sd","11:13:23",14519500
19.75,0.35,500,"sd","11:13:20",14518500
19.75,0.35,1100,"sd","11:13:01",14518000
19.75,0.35,2300,"sd","11:12:56",14516900
19.75,0.35,1000,"sd","11:12:53",14514600
19.8,0.4,1000,"bu","11:12:45",14513600
19.75,0.35,1000,"sd","11:12:42",14512600
19.75,0.35,100,"sd","11:12:27",14511600
19.75,0.35,1000,"sd","11:12:23",14511500
19.75,0.35,1100,"sd","11:12:17",14510500
19.75,0.35,500,"sd","11:12:05",14509400
19.75,0.35,1000,"sd","11:11:53",14508900
19.8,0.4,300,"bu","11:11:52",14507900
19.75,0.35,500,"sd","11:11:45",14507600
19.75,0.35,300,"sd","11:11:39",14507100
19.8,0.4,300,"bu","11:11:39",14506800
19.75,0.35,1000,"sd","11:11:36",14506500
19.75,0.35,2000,"sd","11:11:32",14505500
19.75,0.35,1000,"sd","11:11:23",14503500
19.75,0.35,100,"sd","11:11:08",14502500
19.8,0.4,5000,"bu","11:11:04",14502400
19.75,0.35,5000,"sd","11:11:02",14497400
19.8,0.4,1900,"bu","11:11:00",14492400
19.8,0.4,5800,"bu","11:10:54",14490500
19.8,0.4,7000,"bu","11:10:53",14484700
19.8,0.4,200,"bu","11:10:53",14477700
19.75,0.35,4100,"sd","11:10:52",14477500
19.75,0.35,500,"sd","11:10:33",14473400
19.75,0.35,1000,"sd","11:10:22",14472900
19.75,0.35,1200,"sd","11:10:10",14471900
19.75,0.35,1000,"sd","11:09:52",14470700
19.75,0.35,100,"sd","11:09:30",14469700
19.8,0.4,5700,"bu","11:09:29",14469600
19.8,0.4,200,"bu","11:09:28",14463900
19.8,0.4,200,"bu","11:09:27",14463700
19.75,0.35,1100,"sd","11:09:23",14463500
19.75,0.35,1000,"sd","11:09:22",14462400
19.8,0.4,500,"bu","11:09:09",14461400
19.8,0.4,5000,"bu","11:08:56",14460900
19.75,0.35,1000,"sd","11:08:52",14455900
19.75,0.35,900,"sd","11:08:51",14454900
19.75,0.35,4100,"sd","11:08:50",14454000
19.8,0.4,5000,"bu","11:08:39",14449900
19.75,0.35,1200,"sd","11:08:38",14444900
19.75,0.35,2800,"sd","11:08:26",14443700
19.75,0.35,1000,"sd","11:08:22",14440900
19.8,0.4,3000,"bu","11:08:21",14439900
19.75,0.35,100,"sd","11:08:15",14436900
19.8,0.4,2000,"bu","11:08:11",14436800
19.8,0.4,200,"bu","11:08:03",14434800
19.75,0.35,1000,"sd","11:07:53",14434600
19.75,0.35,1000,"sd","11:07:52",14433600
19.75,0.35,500,"sd","11:07:39",14432600
19.75,0.35,1000,"sd","11:07:22",14432100
19.8,0.4,300,"bu","11:07:20",14431100
19.8,0.4,100,"bu","11:07:17",14430800
19.75,0.35,1100,"sd","11:07:11",14430700
19.75,0.35,100,"sd","11:07:02",14429600
19.8,0.4,2000,"bu","11:06:54",14429500
19.75,0.35,1000,"sd","11:06:52",14427500
19.8,0.4,300,"bu","11:06:40",14426500
19.75,0.35,100,"sd","11:06:36",14426200
19.75,0.35,1100,"sd","11:06:29",14426100
19.75,0.35,1000,"sd","11:06:22",14425000
19.8,0.4,6000,"bu","11:06:07",14424000
19.8,0.4,1000,"bu","11:06:05",14418000
19.8,0.4,100,"bu","11:05:53",14417000
19.75,0.35,1000,"sd","11:05:51",14416900
19.8,0.4,15000,"bu","11:05:50",14415900
19.8,0.4,2400,"bu","11:05:44",14400900
19.75,0.35,1200,"sd","11:05:44",14398500
19.8,0.4,2000,"bu","11:05:40",14397300
19.8,0.4,500,"bu","11:05:38",14395300
19.8,0.4,400,"bu","11:05:32",14394800
19.8,0.4,28500,"sd","11:05:31",14394400
19.85,0.45,5000,"bu","11:05:30",14365900
19.8,0.4,500,"sd","11:05:23",14360900
19.8,0.4,1000,"sd","11:05:21",14360400
19.8,0.4,100,"sd","11:05:15",14359400
19.85,0.45,200,"bu","11:05:14",14359300
19.8,0.4,1000,"sd","11:04:58",14359100
19.8,0.4,1100,"sd","11:04:57",14358100
19.8,0.4,1000,"sd","11:04:56",14357000
19.8,0.4,1000,"sd","11:04:51",14356000
19.85,0.45,5000,"bu","11:04:50",14355000
19.8,0.4,500,"sd","11:04:49",14350000
19.8,0.4,3000,"sd","11:04:46",14349500
19.8,0.4,9000,"sd","11:04:39",14346500
19.8,0.4,500,"sd","11:04:34",14337500
19.8,0.4,1000,"sd","11:04:21",14337000
19.85,0.45,1000,"bu","11:04:19",14336000
19.8,0.4,2500,"bu","11:04:15",14335000
19.8,0.4,4000,"bu","11:04:13",14332500
19.75,0.35,1200,"sd","11:04:12",14328500
19.8,0.4,1000,"bu","11:04:10",14327300
19.8,0.4,900,"bu","11:04:08",14326300
19.75,0.35,200,"sd","11:04:04",14325400
19.8,0.4,1000,"bu","11:04:02",14325200
19.8,0.4,5000,"bu","11:03:59",14324200
19.8,0.4,1100,"bu","11:03:54",14319200
19.8,0.4,44800,"bu","11:03:52",14318100
19.8,0.4,200,"bu","11:03:52",14273300
19.75,0.35,1000,"sd","11:03:51",14272900
19.8,0.4,200,"bu","11:03:50",14271900
19.8,0.4,5800,"bu","11:03:46",14271700
19.8,0.4,200,"bu","11:03:38",14265900
19.75,0.35,1100,"sd","11:03:26",14265700
19.8,0.4,5000,"bu","11:03:23",14264600
19.75,0.35,500,"sd","11:03:22",14259600
19.75,0.35,1000,"sd","11:03:21",14259100
19.8,0.4,200,"bu","11:03:17",14258100
19.75,0.35,500,"sd","11:02:54",14257900
19.8,0.4,30000,"bu","11:02:54",14257400
19.8,0.4,200,"bu","11:02:53",14227400
19.75,0.35,1000,"sd","11:02:52",14227200
19.75,0.35,1000,"sd","11:02:51",14226200
19.75,0.35,200,"sd","11:02:44",14225200
19.75,0.35,1100,"sd","11:02:43",14225000
19.75,0.35,3100,"sd","11:02:29",14223900
19.75,0.35,3000,"sd","11:02:28",14220800
19.75,0.35,200,"sd","11:02:22",14217800
19.75,0.35,1000,"sd","11:02:21",14217600
19.75,0.35,1100,"sd","11:01:58",14216600
19.75,0.35,200,"sd","11:01:56",14215500
19.75,0.35,1000,"sd","11:01:51",14215300
19.75,0.35,500,"sd","11:01:49",14214300
19.8,0.4,1500,"bu","11:01:46",14213800
19.75,0.35,20000,"sd","11:01:44",14212300
19.75,0.35,100,"sd","11:01:29",14192300
19.75,0.35,1000,"sd","11:01:21",14192200
19.75,0.35,1000,"sd","11:01:16",14191200
19.75,0.35,1000,"sd","11:01:08",14190200
19.8,0.4,100,"bu","11:01:01",14189200
19.8,0.4,5800,"bu","11:00:55",14189100
19.8,0.4,500,"bu","11:00:54",14183300
19.75,0.35,1000,"sd","11:00:52",14182800
19.75,0.35,1000,"sd","11:00:51",14181800
19.8,0.4,3000,"bu","11:00:41",14180800
19.8,0.4,500,"bu","11:00:38",14177800
19.8,0.4,600,"bu","11:00:37",14177300
19.75,0.35,1200,"sd","11:00:33",14176700
19.75,0.35,1000,"sd","11:00:21",14175500
19.75,0.35,5000,"sd","11:00:12",14174500
19.75,0.35,9000,"sd","11:00:10",14169500
19.75,0.35,3000,"sd","10:59:53",14160500
19.75,0.35,1000,"sd","10:59:50",14157500
19.75,0.35,1100,"sd","10:59:48",14156500
19.8,0.4,900,"bu","10:59:33",14155400
19.75,0.35,1000,"sd","10:59:20",14154500
19.8,0.4,300,"bu","10:59:10",14153500
19.75,0.35,1100,"sd","10:59:04",14153200
19.8,0.4,100,"bu","10:58:51",14152100
19.75,0.35,1000,"sd","10:58:50",14152000
19.75,0.35,1100,"sd","10:58:21",14151000
19.75,0.35,1000,"sd","10:58:20",14149900
19.8,0.4,100,"bu","10:58:15",14148900
19.8,0.4,5000,"bu","10:58:12",14148800
19.75,0.35,1700,"sd","10:58:02",14143800
19.8,0.4,500,"bu","10:57:56",14142100
19.75,0.35,1000,"sd","10:57:50",14141600
19.75,0.35,11000,"sd","10:57:46",14140600
19.75,0.35,1100,"sd","10:57:34",14129600
19.75,0.35,100,"sd","10:57:30",14128500
19.75,0.35,500,"sd","10:57:23",14128400
19.75,0.35,1000,"sd","10:57:22",14127900
19.75,0.35,1000,"sd","10:57:21",14126900
19.75,0.35,100,"sd","10:57:18",14125900
19.75,0.35,1600,"sd","10:56:52",14125800
19.75,0.35,1200,"sd","10:56:51",14124200
19.75,0.35,1000,"sd","10:56:50",14123000
19.75,0.35,2000,"sd","10:56:45",14122000
19.75,0.35,200,"sd","10:56:39",14120000
19.75,0.35,2400,"bu","10:56:24",14119800
19.75,0.35,5000,"bu","10:56:22",14117400
19.75,0.35,5000,"bu","10:56:20",14112400
19.7,0.3,1000,"sd","10:56:20",14107400
19.75,0.35,300,"bu","10:56:20",14106400
19.75,0.35,15000,"bu","10:56:19",14106100
19.75,0.35,26900,"bu","10:56:17",14091100
19.75,0.35,1600,"bu","10:56:16",14064200
19.75,0.35,1000,"bu","10:56:15",14062600
19.75,0.35,600,"bu","10:56:03",14061600
19.7,0.3,1100,"sd","10:56:03",14061000
19.75,0.35,1000,"bu","10:55:58",14059900
19.7,0.3,100,"sd","10:55:54",14058900
19.7,0.3,1000,"sd","10:55:50",14058800
19.7,0.3,5000,"sd","10:55:45",14057800
19.7,0.3,600,"sd","10:55:38",14052800
19.7,0.3,1000,"sd","10:55:29",14052200
19.7,0.3,1000,"sd","10:55:28",14051200
19.75,0.35,900,"bu","10:55:27",14050200
19.7,0.3,100,"sd","10:55:23",14049300
19.7,0.3,1100,"sd","10:55:21",14049200
19.7,0.3,1000,"sd","10:55:19",14048100
19.75,0.35,100,"bu","10:55:16",14047100
19.7,0.3,500,"sd","10:55:04",14047000
19.7,0.3,200,"sd","10:55:02",14046500
19.75,0.35,100,"bu","10:54:59",14046300
19.7,0.3,6000,"sd","10:54:51",14046200
19.7,0.3,1000,"sd","10:54:49",14040200
19.7,0.3,100,"sd","10:54:44",14039200
19.7,0.3,200,"sd","10:54:42",14039100
19.75,0.35,500,"bu","10:54:41",14038900
19.7,0.3,90000,"sd","10:54:40",14038400
19.7,0.3,1200,"sd","10:54:37",13948400
19.75,0.35,5000,"bu","10:54:27",13947200
19.75,0.35,100,"bu","10:54:20",13942200
19.7,0.3,1000,"sd","10:54:19",13942100
19.75,0.35,100,"bu","10:54:18",13941100
19.75,0.35,1400,"bu","10:54:06",13941000
19.75,0.35,500,"bu","10:53:54",13939600
19.75,0.35,200,"bu","10:53:50",13939100
19.7,0.3,1100,"sd","10:53:49",13938900
19.7,0.3,1000,"sd","10:53:49",13937800
19.75,0.35,5800,"bu","10:53:47",13936800
19.75,0.35,20000,"bu","10:53:46",13931000
19.75,0.35,300,"bu","10:53:35",13911000
19.75,0.35,142800,"sd","10:53:30",13910700
19.75,0.35,10000,"sd","10:53:29",13767900
19.75,0.35,5000,"sd","10:53:26",13757900
19.75,0.35,1300,"sd","10:53:19",13752900
19.75,0.35,500,"sd","10:53:15",13751600
19.75,0.35,100,"sd","10:53:12",13751100
19.8,0.4,200,"bu","10:53:10",13751000
19.75,0.35,1100,"sd","10:53:05",13750800
19.75,0.35,25400,"sd","10:53:04",13749700
19.75,0.35,200,"sd","10:53:00",13724300
19.75,0.35,600,"sd","10:52:56",13724100
19.8,0.4,5000,"bu","10:52:52",13723500
19.75,0.35,2000,"sd","10:52:51",13718500
19.75,0.35,1000,"sd","10:52:49",13716500
19.75,0.35,10000,"sd","10:52:41",13715500
19.75,0.35,10000,"sd","10:52:30",13705500
19.8,0.4,500,"bu","10:52:29",13695500
19.75,0.35,1000,"sd","10:52:25",13695000
19.75,0.35,1000,"sd","10:52:25",13694000
19.75,0.35,1000,"sd","10:52:23",13693000
19.75,0.35,1000,"sd","10:52:19",13692000
19.8,0.4,10000,"bu","10:52:08",13691000
19.8,0.4,2000,"bu","10:52:06",13681000
19.8,0.4,500,"bu","10:52:05",13679000
19.8,0.4,25300,"sd","10:52:04",13678500
19.8,0.4,500,"sd","10:52:03",13653200
19.8,0.4,10000,"sd","10:52:00",13652700
19.8,0.4,30000,"sd","10:51:59",13642700
19.8,0.4,270000,"sd","10:51:51",13612700
19.8,0.4,1600,"sd","10:51:50",13342700
19.8,0.4,1000,"sd","10:51:49",13341100
19.85,0.45,200,"bu","10:51:44",13340100
19.8,0.4,1000,"sd","10:51:42",13339900
19.8,0.4,1500,"sd","10:51:41",13338900
19.8,0.4,1800,"sd","10:51:40",13337400
19.8,0.4,100,"sd","10:51:35",13335600
19.8,0.4,50000,"sd","10:51:28",13335500
19.85,0.45,1000,"bu","10:51:28",13285500
19.8,0.4,500,"sd","10:51:28",13284500
19.8,0.4,50000,"sd","10:51:22",13284000
19.8,0.4,1000,"sd","10:51:20",13234000
19.8,0.4,1000,"sd","10:51:19",13233000
19.8,0.4,200,"sd","10:51:17",13232000
19.8,0.4,2000,"sd","10:51:16",13231800
19.8,0.4,3000,"sd","10:51:09",13229800
19.8,0.4,1500,"sd","10:51:04",13226800
19.8,0.4,1100,"sd","10:50:57",13225300
19.85,0.45,7000,"bu","10:50:55",13224200
19.8,0.4,100,"sd","10:50:49",13217200
19.8,0.4,1000,"sd","10:50:49",13217100
19.8,0.4,3400,"sd","10:50:46",13216100
19.8,0.4,100,"sd","10:50:45",13212700
19.8,0.4,900,"sd","10:50:44",13212600
19.85,0.45,100,"bu","10:50:43",13211700
19.8,0.4,2000,"sd","10:50:42",13211600
19.8,0.4,1000,"sd","10:50:19",13209600
19.8,0.4,500,"sd","10:50:16",13208600
19.8,0.4,1200,"sd","10:50:13",13208100
19.8,0.4,1100,"sd","10:50:10",13206900
19.8,0.4,300,"sd","10:50:09",13205800
19.8,0.4,300,"sd","10:50:04",13205500
19.8,0.4,5000,"sd","10:49:55",13205200
19.8,0.4,500,"sd","10:49:55",13200200
19.8,0.4,1000,"sd","10:49:48",13199700
19.8,0.4,200,"sd","10:49:45",13198700
19.85,0.45,300,"bu","10:49:41",13198500
19.8,0.4,1100,"sd","10:49:31",13198200
19.8,0.4,1000,"sd","10:49:18",13197100
19.8,0.4,100,"sd","10:49:15",13196100
19.85,0.45,100,"bu","10:49:12",13196000
19.85,0.45,1000,"bu","10:48:53",13195900
19.8,0.4,1000,"sd","10:48:49",13194900
19.85,0.45,5000,"bu","10:48:47",13193900
19.8,0.4,1200,"sd","10:48:47",13188900
19.85,0.45,400,"bu","10:48:45",13187700
19.8,0.4,10000,"sd","10:48:42",13187300
19.8,0.4,500,"sd","10:48:39",13177300
19.8,0.4,1000,"sd","10:48:35",13176800
19.8,0.4,2200,"sd","10:48:31",13175800
19.8,0.4,500,"sd","10:48:26",13173600
19.8,0.4,500,"sd","10:48:22",13173100
19.8,0.4,2000,"sd","10:48:19",13172600
19.8,0.4,1000,"sd","10:48:18",13170600
19.8,0.4,500,"sd","10:48:14",13169600
19.85,0.45,300,"bu","10:48:01",13169100
19.8,0.4,1100,"sd","10:47:58",13168800
19.8,0.4,1100,"sd","10:47:53",13167700
19.8,0.4,1100,"sd","10:47:52",13166600
19.8,0.4,900,"sd","10:47:48",13165500
19.8,0.4,3000,"sd","10:47:44",13164600
19.8,0.4,100,"sd","10:47:32",13161600
19.8,0.4,300,"sd","10:47:25",13161500
19.8,0.4,1000,"sd","10:47:23",13161200
19.8,0.4,900,"sd","10:47:18",13160200
19.8,0.4,1100,"sd","10:47:16",13159300
19.8,0.4,6600,"sd","10:47:13",13158200
19.8,0.4,3500,"sd","10:47:01",13151600
19.85,0.45,100,"bu","10:46:58",13148100
19.8,0.4,2900,"sd","10:46:48",13148000
19.8,0.4,1100,"sd","10:46:33",13145100
19.85,0.45,10000,"bu","10:46:29",13144000
19.8,0.4,900,"sd","10:46:18",13134000
19.85,0.45,700,"bu","10:46:10",13133100
19.85,0.45,10000,"bu","10:46:05",13132400
19.85,0.45,100,"bu","10:46:02",13122400
19.85,0.45,300,"bu","10:46:01",13122300
19.85,0.45,1200,"bu","10:45:58",13122000
19.85,0.45,500,"bu","10:45:56",13120800
19.85,0.45,300,"bu","10:45:53",13120300
19.8,0.4,1100,"sd","10:45:50",13120000
19.8,0.4,400,"sd","10:45:49",13118900
19.8,0.4,900,"sd","10:45:48",13118500
19.85,0.45,500,"bu","10:45:44",13117600
19.85,0.45,2000,"bu","10:45:42",13117100
19.85,0.45,100,"bu","10:45:41",13115100
19.85,0.45,280000,"sd","10:45:37",13115000
19.85,0.45,100,"sd","10:45:33",12835000
19.9,0.5,200,"bu","10:45:28",12834900
19.85,0.45,900,"sd","10:45:18",12834700
19.9,0.5,500,"bu","10:45:16",12833800
19.9,0.5,300,"bu","10:45:10",12833300
19.85,0.45,200,"sd","10:45:08",12833000
19.85,0.45,900,"sd","10:45:05",12832800
19.85,0.45,1100,"sd","10:45:03",12831900
19.9,0.5,300,"bu","10:45:03",12830800
19.9,0.5,1000,"bu","10:44:58",12830500
19.9,0.5,500,"bu","10:44:50",12829500
19.85,0.45,900,"sd","10:44:48",12829000
19.85,0.45,1100,"sd","10:44:46",12828100
19.9,0.5,2000,"bu","10:44:36",12827000
19.85,0.45,200,"sd","10:44:32",12825000
19.9,0.5,100,"bu","10:44:31",12824800
19.85,0.45,1000,"sd","10:44:22",12824700
19.85,0.45,1100,"sd","10:44:19",12823700
19.85,0.45,900,"sd","10:44:18",12822600
19.9,0.5,500,"bu","10:44:09",12821700
19.9,0.5,500,"bu","10:44:06",12821200
19.85,0.45,1000,"sd","10:43:58",12820700
19.9,0.5,50000,"bu","10:43:48",12819700
19.85,0.45,1400,"sd","10:43:48",12769700
19.85,0.45,1500,"sd","10:43:47",12768300
19.9,0.5,1000,"bu","10:43:42",12766800
19.85,0.45,400,"sd","10:43:37",12765800
19.85,0.45,1200,"sd","10:43:36",12765400
19.85,0.45,200,"sd","10:43:33",12764200
19.85,0.45,100,"sd","10:43:23",12764000
19.85,0.45,1700,"sd","10:43:17",12763900
19.85,0.45,600,"sd","10:43:10",12762200
19.85,0.45,100,"sd","10:43:05",12761600
19.85,0.45,1000,"sd","10:42:51",12761500
19.85,0.45,900,"sd","10:42:47",12760500
19.9,0.5,500,"bu","10:42:38",12759600
19.9,0.5,11000,"bu","10:42:36",12759100
19.9,0.5,3000,"bu","10:42:29",12748100
19.9,0.5,100,"bu","10:42:21",12745100
19.85,0.45,300,"sd","10:42:18",12745000
19.85,0.45,900,"sd","10:42:17",12744200
19.85,0.45,2000,"sd","10:42:16",12743300
19.85,0.45,300,"sd","10:42:13",12741300
19.85,0.45,1000,"sd","10:42:12",12741000
19.85,0.45,1100,"sd","10:42:08",12740000
19.9,0.5,100,"bu","10:41:52",12738900
19.85,0.45,3900,"sd","10:41:47",12738800
19.9,0.5,600,"bu","10:41:36",12734900
19.85,0.45,500,"sd","10:41:36",12734300
19.9,0.5,4700,"bu","10:41:30",12733800
19.85,0.45,1100,"sd","10:41:26",12729100
19.85,0.45,900,"sd","10:41:17",12728000
19.85,0.45,1000,"sd","10:41:14",12727100
19.85,0.45,100,"sd","10:41:12",12726100
19.85,0.45,3600,"sd","10:41:10",12726000
19.85,0.45,900,"sd","10:40:47",12722400
19.85,0.45,1000,"sd","10:40:44",12721500
19.85,0.45,600,"sd","10:40:42",12720500
19.9,0.5,26000,"bu","10:40:32",12719900
19.9,0.5,1300,"bu","10:40:23",12693900
19.85,0.45,2500,"sd","10:40:20",12692600
19.85,0.45,900,"sd","10:40:17",12690100
19.85,0.45,1000,"sd","10:40:15",12689200
19.85,0.45,2000,"sd","10:40:10",12688200
19.85,0.45,1100,"sd","10:40:02",12686200
19.85,0.45,100,"sd","10:40:00",12685100
19.85,0.45,300,"sd","10:39:57",12685000
19.85,0.45,900,"sd","10:39:47",12684700
19.9,0.5,400,"bu","10:39:43",12683800
19.9,0.5,500,"bu","10:39:39",12683400
19.85,0.45,500,"sd","10:39:22",12682900
19.85,0.45,1100,"sd","10:39:19",12682400
19.85,0.45,900,"sd","10:39:17",12681300
19.9,0.5,100,"bu","10:39:02",12680400
19.9,0.5,25000,"bu","10:38:49",12680300
19.9,0.5,2000,"bu","10:38:48",12655300
19.85,0.45,1000,"sd","10:38:47",12653300
19.9,0.5,5000,"bu","10:38:41",12652300
19.9,0.5,100,"bu","10:38:37",12647300
19.85,0.45,1100,"sd","10:38:36",12647200
19.9,0.5,3000,"bu","10:38:29",12646100
19.9,0.5,100,"bu","10:38:26",12643100
19.9,0.5,1100,"bu","10:38:19",12643000
19.9,0.5,3800,"bu","10:38:18",12641900
19.85,0.45,900,"sd","10:38:17",12638100
19.85,0.45,7000,"sd","10:38:15",12637200
19.9,0.5,4000,"bu","10:38:11",12630200
19.9,0.5,2500,"bu","10:38:09",12626200
19.9,0.5,3000,"bu","10:38:01",12623700
19.9,0.5,43900,"sd","10:37:56",12620700
19.9,0.5,1000,"sd","10:37:53",12576800
19.9,0.5,100100,"sd","10:37:52",12575800
19.9,0.5,900,"sd","10:37:46",12475700
19.9,0.5,4000,"sd","10:37:40",12474800
19.9,0.5,3000,"sd","10:37:31",12470800
19.9,0.5,900,"sd","10:37:17",12467800
19.9,0.5,1100,"sd","10:37:10",12466900
19.95,0.55,400,"bu","10:37:09",12465800
19.95,0.55,200,"bu","10:37:08",12465400
19.95,0.55,500,"bu","10:37:06",12465200
19.9,0.5,400,"sd","10:36:56",12464700
19.95,0.55,300,"bu","10:36:55",12464300
19.9,0.5,5000,"sd","10:36:54",12464000
19.95,0.55,400,"bu","10:36:51",12459000
19.9,0.5,1100,"sd","10:36:49",12458600
19.95,0.55,500,"bu","10:36:48",12457500
19.95,0.55,100,"bu","10:36:46",12457000
19.9,0.5,1900,"sd","10:36:46",12456900
19.95,0.55,200,"bu","10:36:45",12455000
19.95,0.55,1700,"bu","10:36:45",12454800
19.95,0.55,600,"bu","10:36:34",12453100
19.9,0.5,5300,"sd","10:36:34",12452500
19.9,0.5,1700,"sd","10:36:33",12447200
19.9,0.5,2500,"sd","10:36:33",12445500
19.95,0.55,500,"bu","10:36:32",12443000
19.9,0.5,1100,"sd","10:36:28",12442500
19.95,0.55,20000,"bu","10:36:27",12441400
19.9,0.5,500,"sd","10:36:24",12421400
19.95,0.55,300,"bu","10:36:23",12420900
19.9,0.5,900,"sd","10:36:16",12420600
19.9,0.5,1800,"sd","10:36:03",12419700
19.95,0.55,200,"bu","10:35:59",12417900
19.9,0.5,9300,"sd","10:35:50",12417700
19.95,0.55,62000,"bu","10:35:48",12408400
19.9,0.5,900,"sd","10:35:46",12346400
19.9,0.5,1100,"sd","10:35:45",12345500
19.9,0.5,300,"sd","10:35:32",12344400
19.9,0.5,900,"sd","10:35:16",12344100
19.9,0.5,800,"sd","10:35:14",12343200
19.95,0.55,100,"bu","10:35:09",12342400
19.9,0.5,500,"sd","10:35:06",12342300
19.9,0.5,1100,"sd","10:35:01",12341800
19.95,0.55,100,"bu","10:34:56",12340700
19.95,0.55,1100,"bu","10:34:54",12340600
19.9,0.5,200,"sd","10:34:52",12339500
19.9,0.5,1000,"sd","10:34:50",12339300
19.9,0.5,900,"sd","10:34:46",12338300
19.9,0.5,1000,"sd","10:34:45",12337400
19.95,0.55,400,"bu","10:34:42",12336400
19.9,0.5,300,"sd","10:34:37",12336000
19.9,0.5,4700,"sd","10:34:36",12335700
19.9,0.5,1100,"sd","10:34:27",12331000
19.9,0.5,1100,"sd","10:34:19",12329900
19.9,0.5,900,"sd","10:34:16",12328800
19.9,0.5,1000,"sd","10:34:15",12327900
19.9,0.5,200,"sd","10:34:09",12326900
19.9,0.5,5800,"sd","10:34:05",12326700
19.9,0.5,300,"sd","10:33:54",12320900
19.9,0.5,9000,"sd","10:33:53",12320600
19.95,0.55,700,"bu","10:33:52",12311600
19.9,0.5,600,"sd","10:33:52",12310900
19.9,0.5,5000,"sd","10:33:48",12310300
19.9,0.5,900,"sd","10:33:46",12305300
19.9,0.5,300,"sd","10:33:45",12304400
19.9,0.5,900,"sd","10:33:41",12304100
19.95,0.55,1000,"bu","10:33:40",12303200
19.95,0.55,1000,"bu","10:33:38",12302200
19.9,0.5,1100,"sd","10:33:35",12301200
19.95,0.55,1300,"bu","10:33:35",12300100
19.9,0.5,1000,"sd","10:33:31",12298800
19.95,0.55,100,"bu","10:33:21",12297800
19.9,0.5,100,"sd","10:33:19",12297700
19.95,0.55,2500,"bu","10:33:16",12297600
19.9,0.5,1000,"sd","10:33:15",12295100
19.9,0.5,1000,"sd","10:33:11",12294100
19.95,0.55,200,"bu","10:33:09",12293100
19.95,0.55,16000,"bu","10:33:07",12292900
19.9,0.5,2000,"sd","10:33:06",12276900
19.9,0.5,2000,"sd","10:33:05",12274900
19.9,0.5,10000,"sd","10:32:50",12272900
19.9,0.5,1100,"sd","10:32:48",12262900
19.9,0.5,900,"sd","10:32:40",12261800
19.95,0.55,200,"bu","10:32:40",12260900
19.9,0.5,100,"sd","10:32:37",12260700
19.9,0.5,200,"sd","10:32:33",12260600
19.95,0.55,5000,"bu","10:32:31",12260400
19.9,0.5,1000,"sd","10:32:29",12255400
19.95,0.55,2000,"bu","10:32:25",12254400
19.9,0.5,200,"sd","10:32:22",12252400
19.9,0.5,10000,"sd","10:32:21",12252200
19.95,0.55,6000,"bu","10:32:20",12242200
19.9,0.5,300,"sd","10:32:18",12236200
19.9,0.5,10000,"sd","10:32:15",12235900
19.95,0.55,2000,"bu","10:32:10",12225900
19.9,0.5,900,"sd","10:32:10",12223900
19.95,0.55,100,"bu","10:32:08",12223000
19.9,0.5,1100,"sd","10:32:06",12222900
19.95,0.55,200,"bu","10:32:05",12221800
19.9,0.5,2000,"sd","10:32:03",12221600
19.95,0.55,3000,"bu","10:32:02",12219600
19.9,0.5,500,"sd","10:31:55",12216600
19.9,0.5,3000,"sd","10:31:52",12216100
19.95,0.55,50000,"bu","10:31:52",12213100
19.95,0.55,300,"bu","10:31:52",12163100
19.95,0.55,1000,"bu","10:31:51",12162800
19.95,0.55,500,"bu","10:31:43",12161800
19.9,0.5,900,"sd","10:31:39",12161300
19.95,0.55,1000,"bu","10:31:37",12160400
19.9,0.5,1200,"sd","10:31:34",12159400
19.95,0.55,100,"bu","10:31:34",12158200
19.95,0.55,200,"bu","10:31:29",12158100
19.9,0.5,1000,"sd","10:31:26",12157900
19.9,0.5,2000,"sd","10:31:24",12156900
19.9,0.5,1200,"sd","10:31:22",12154900
19.95,0.55,100,"bu","10:31:16",12153700
19.9,0.5,30000,"sd","10:31:11",12153600
19.9,0.5,10000,"sd","10:31:10",12123600
19.9,0.5,900,"sd","10:31:09",12113600
19.95,0.55,500,"bu","10:31:07",12112700
19.9,0.5,1000,"sd","10:30:54",12112200
19.95,0.55,100,"bu","10:30:50",12111200
19.95,0.55,2000,"bu","10:30:47",12111100
19.9,0.5,2500,"sd","10:30:46",12109100
19.9,0.5,25000,"sd","10:30:41",12106600
19.9,0.5,900,"sd","10:30:39",12081600
19.95,0.55,100,"bu","10:30:37",12080700
19.95,0.55,500,"bu","10:30:37",12080600
19.9,0.5,1100,"sd","10:30:35",12080100
19.95,0.55,1000,"bu","10:30:32",12079000
19.95,0.55,500,"bu","10:30:31",12078000
19.95,0.55,1000,"bu","10:30:30",12077500
19.95,0.55,500,"bu","10:30:29",12076500
19.95,0.55,100,"bu","10:30:26",12076000
19.95,0.55,100,"bu","10:30:24",12075900
19.95,0.55,100,"bu","10:30:23",12075800
19.95,0.55,132200,"sd","10:30:23",12075700
19.95,0.55,10000,"sd","10:30:20",11943500
20,0.6,100,"bu","10:30:20",11933500
19.95,0.55,49000,"sd","10:30:19",11933400
19.95,0.55,100,"sd","10:30:14",11884400
20,0.6,500,"bu","10:30:14",11884300
19.95,0.55,900,"sd","10:30:09",11883800
20,0.6,1000,"bu","10:30:08",11882900
20,0.6,4500,"bu","10:30:06",11881900
19.95,0.55,3100,"sd","10:29:57",11877400
19.95,0.55,1200,"sd","10:29:51",11874300
20,0.6,200,"bu","10:29:51",11873100
19.95,0.55,5000,"sd","10:29:47",11872900
20,0.6,100,"bu","10:29:46",11867900
20,0.6,1600,"sd","10:29:45",11867800
20,0.6,100,"sd","10:29:44",11866200
20,0.6,3000,"sd","10:29:44",11866100
20,0.6,105100,"sd","10:29:43",11863100
20,0.6,2600,"sd","10:29:42",11758000
20,0.6,26300,"sd","10:29:41",11755400
20,0.6,100,"sd","10:29:40",11729100
20,0.6,900,"sd","10:29:38",11729000
20,0.6,15100,"sd","10:29:37",11728100
20,0.6,1000,"sd","10:29:36",11713000
20,0.6,5500,"sd","10:29:35",11712000
20,0.6,15000,"sd","10:29:31",11706500
20,0.6,600,"sd","10:29:22",11691500
20,0.6,50000,"sd","10:29:19",11690900
20.05,0.65,500,"bu","10:29:18",11640900
20.05,0.65,4500,"bu","10:29:14",11640400
20.05,0.65,200,"bu","10:29:14",11635900
20.05,0.65,500,"bu","10:29:12",11635700
20.05,0.65,5000,"bu","10:29:09",11635200
20,0.6,900,"sd","10:29:09",11630200
20,0.6,1100,"sd","10:29:04",11629300
20.05,0.65,200,"bu","10:29:03",11628200
20.05,0.65,900,"bu","10:29:01",11628000
20,0.6,50000,"sd","10:29:01",11627100
20.05,0.65,1000,"bu","10:28:57",11577100
20.05,0.65,5000,"bu","10:28:56",11576100
20.05,0.65,700,"bu","10:28:56",11571100
20,0.6,5000,"sd","10:28:56",11570400
20.05,0.65,1000,"bu","10:28:55",11565400
20.05,0.65,200,"bu","10:28:54",11564400
20,0.6,2300,"sd","10:28:52",11564200
20.05,0.65,600,"bu","10:28:52",11561900
20.05,0.65,500,"bu","10:28:50",11561300
20.05,0.65,2000,"bu","10:28:49",11560800
20.05,0.65,500,"bu","10:28:46",11558800
20.05,0.65,1000,"bu","10:28:42",11558300
20.05,0.65,18500,"bu","10:28:39",11557300
20,0.6,900,"sd","10:28:39",11538800
20.05,0.65,100,"bu","10:28:38",11537900
20,0.6,2000,"sd","10:28:35",11537800
20.05,0.65,4000,"bu","10:28:33",11535800
20.05,0.65,300,"bu","10:28:32",11531800
20,0.6,10000,"sd","10:28:31",11531500
20.05,0.65,100,"bu","10:28:31",11521500
20,0.6,2000,"sd","10:28:29",11521400
20,0.6,800,"sd","10:28:28",11519400
20,0.6,1500,"sd","10:28:27",11518600
20.05,0.65,5900,"bu","10:28:25",11517100
20.05,0.65,12100,"bu","10:28:25",11511200
20,0.6,500,"sd","10:28:21",11499100
20.05,0.65,200,"bu","10:28:21",11498600
20.05,0.65,300,"bu","10:28:21",11498400
20,0.6,1200,"sd","10:28:20",11498100
20,0.6,5000,"sd","10:28:16",11496900
20.05,0.65,50000,"bu","10:28:16",11491900
20.05,0.65,1000,"bu","10:28:13",11441900
20,0.6,10000,"sd","10:28:12",11440900
20,0.6,100,"sd","10:28:10",11430900
20,0.6,2000,"sd","10:28:09",11430800
20,0.6,1100,"sd","10:28:08",11428800
20,0.6,500,"sd","10:28:07",11427700
20,0.6,2000,"sd","10:28:07",11427200
20,0.6,1000,"sd","10:28:03",11425200
20.05,0.65,2500,"bu","10:28:03",11424200
20,0.6,500,"sd","10:28:00",11421700
20,0.6,100,"sd","10:27:59",11421200
20,0.6,21000,"sd","10:27:57",11421100
20,0.6,500,"sd","10:27:56",11400100
20,0.6,1000,"sd","10:27:56",11399600
20,0.6,200,"sd","10:27:51",11398600
20,0.6,20000,"sd","10:27:49",11398400
20,0.6,100,"sd","10:27:45",11378400
20,0.6,200,"sd","10:27:41",11378300
20,0.6,1000,"sd","10:27:40",11378100
20,0.6,25700,"bu","10:27:38",11377100
19.95,0.55,900,"sd","10:27:38",11351400
20,0.6,9000,"bu","10:27:37",11350500
20,0.6,1000,"bu","10:27:36",11341500
20,0.6,2000,"bu","10:27:36",11340500
20,0.6,8800,"bu","10:27:35",11338500
20,0.6,22200,"bu","10:27:35",11329700
20,0.6,20000,"bu","10:27:34",11307500
20,0.6,10000,"bu","10:27:33",11287500
19.95,0.55,1000,"sd","10:27:33",11277500
20,0.6,12500,"bu","10:27:33",11276500
20,0.6,47800,"bu","10:27:32",11264000
20,0.6,77300,"bu","10:27:31",11216200
20,0.6,34700,"bu","10:27:30",11138900
20,0.6,700,"bu","10:27:29",11104200
20,0.6,4400,"bu","10:27:28",11103500
20,0.6,15100,"bu","10:27:27",11099100
20,0.6,4000,"bu","10:27:26",11084000
20,0.6,500,"bu","10:27:25",11080000
20,0.6,51900,"bu","10:27:25",11079500
20,0.6,8200,"bu","10:27:24",11027600
20,0.6,3100,"bu","10:27:22",11019400
20,0.6,6600,"bu","10:27:21",11016300
20,0.6,1000,"bu","10:27:20",11009700
20,0.6,1000,"bu","10:27:19",11008700
20,0.6,1400,"bu","10:27:18",11007700
20,0.6,30000,"bu","10:27:17",11006300
20,0.6,14500,"bu","10:27:16",10976300
20,0.6,200,"bu","10:27:15",10961800
20,0.6,17500,"bu","10:27:14",10961600
20,0.6,900,"bu","10:27:13",10944100
20,0.6,1600,"bu","10:27:12",10943200
20,0.6,13400,"bu","10:27:11",10941600
20,0.6,1000,"bu","10:27:10",10928200
19.95,0.55,900,"sd","10:27:08",10927200
20,0.6,300,"bu","10:27:07",10926300
20,0.6,1800,"bu","10:27:06",10926000
20,0.6,3000,"bu","10:27:05",10924200
20,0.6,13800,"bu","10:27:05",10921200
20,0.6,1000,"bu","10:27:04",10907400
20,0.6,5000,"bu","10:27:03",10906400
20,0.6,2000,"bu","10:27:02",10901400
20,0.6,1000,"bu","10:27:01",10899400
19.95,0.55,100,"sd","10:27:01",10898400
20,0.6,4100,"bu","10:27:01",10898300
20,0.6,3000,"bu","10:27:00",10894200
20,0.6,3000,"bu","10:26:59",10891200
20,0.6,2700,"bu","10:26:59",10888200
20,0.6,200,"bu","10:26:58",10885500
20,0.6,2900,"bu","10:26:56",10885300
20,0.6,600,"bu","10:26:56",10882400
20,0.6,2000,"bu","10:26:55",10881800
20,0.6,12500,"bu","10:26:54",10879800
20,0.6,500,"bu","10:26:53",10867300
19.95,0.55,200,"sd","10:26:52",10866800
20,0.6,1000,"bu","10:26:51",10866600
19.95,0.55,1100,"sd","10:26:50",10865600
20,0.6,1000,"bu","10:26:50",10864500
20,0.6,500,"bu","10:26:47",10863500
20,0.6,500,"bu","10:26:46",10863000
20,0.6,100,"bu","10:26:45",10862500
20,0.6,1000,"bu","10:26:44",10862400
20,0.6,1300,"bu","10:26:43",10861400
20,0.6,14000,"bu","10:26:43",10860100
20,0.6,500,"bu","10:26:42",10844100
20,0.6,19500,"bu","10:26:41",10843600
20,0.6,2000,"bu","10:26:41",10824100
20,0.6,3500,"bu","10:26:40",10822100
20,0.6,400,"bu","10:26:39",10818600
20,0.6,10000,"bu","10:26:39",10818200
20,0.6,11800,"bu","10:26:38",10808200
19.95,0.55,900,"sd","10:26:38",10796400
20,0.6,2000,"bu","10:26:36",10795500
20,0.6,2500,"bu","10:26:34",10793500
20,0.6,1900,"bu","10:26:33",10791000
20,0.6,6000,"bu","10:26:29",10789100
20,0.6,2000,"bu","10:26:28",10783100
20,0.6,3100,"bu","10:26:26",10781100
20,0.6,3700,"bu","10:26:25",10778000
19.95,0.55,200,"sd","10:26:24",10774300
20,0.6,1000,"bu","10:26:24",10774100
20,0.6,5200,"bu","10:26:23",10773100
20,0.6,2300,"bu","10:26:22",10767900
20,0.6,4000,"bu","10:26:21",10765600
20,0.6,4700,"bu","10:26:20",10761600
20,0.6,1900,"bu","10:26:18",10756900
20,0.6,10000,"bu","10:26:18",10755000
19.95,0.55,1000,"sd","10:26:16",10745000
20,0.6,5500,"bu","10:26:15",10744000
20,0.6,1200,"bu","10:26:15",10738500
20,0.6,3700,"bu","10:26:14",10737300
20,0.6,10000,"bu","10:26:13",10733600
20,0.6,600,"bu","10:26:12",10723600
20,0.6,2000,"bu","10:26:11",10723000
20,0.6,3000,"bu","10:26:10",10721000
20,0.6,100,"bu","10:26:10",10718000
20,0.6,1400,"bu","10:26:08",10717900
19.95,0.55,1300,"sd","10:26:08",10716500
20,0.6,200,"bu","10:26:07",10715200
19.95,0.55,900,"sd","10:26:07",10715000
20,0.6,5000,"bu","10:26:07",10714100
20,0.6,2300,"bu","10:26:06",10709100
20,0.6,10000,"bu","10:26:05",10706800
20,0.6,1500,"bu","10:26:04",10696800
20,0.6,700,"bu","10:26:03",10695300
20,0.6,5000,"bu","10:26:03",10694600
20,0.6,800,"bu","10:26:02",10689600
20,0.6,600,"bu","10:26:01",10688800
20,0.6,1000,"bu","10:26:00",10688200
20,0.6,13300,"bu","10:25:59",10687200
20,0.6,500,"bu","10:25:58",10673900
20,0.6,10000,"bu","10:25:57",10673400
20,0.6,20100,"bu","10:25:56",10663400
20,0.6,2200,"bu","10:25:55",10643300
20,0.6,3500,"bu","10:25:53",10641100
20,0.6,10000,"bu","10:25:52",10637600
20,0.6,100,"bu","10:25:51",10627600
20,0.6,200,"bu","10:25:50",10627500
20,0.6,5000,"bu","10:25:50",10627300
20,0.6,3500,"bu","10:25:49",10622300
20,0.6,1000,"bu","10:25:48",10618800
20,0.6,200,"bu","10:25:47",10617800
20,0.6,10000,"bu","10:25:46",10617600
20,0.6,1300,"bu","10:25:46",10607600
20,0.6,103000,"bu","10:25:45",10606300
20,0.6,500,"bu","10:25:44",10503300
20,0.6,100,"bu","10:25:41",10502800
20,0.6,88800,"bu","10:25:39",10502700
20,0.6,200,"bu","10:25:38",10413900
20,0.6,1400,"bu","10:25:37",10413700
19.95,0.55,900,"sd","10:25:37",10412300
20,0.6,9000,"bu","10:25:35",10409900
20,0.6,4300,"bu","10:25:30",10400900
20,0.6,75000,"bu","10:25:28",10396600
20,0.6,10000,"bu","10:25:28",10321600
20,0.6,100,"bu","10:25:27",10311600
20,0.6,100,"bu","10:25:27",10311500
20,0.6,1300,"bu","10:25:26",10311400
20,0.6,4000,"bu","10:25:25",10310100
19.95,0.55,200,"sd","10:25:25",10306100
20,0.6,400,"bu","10:25:23",10305900
20,0.6,69000,"bu","10:25:20",10305500
19.95,0.55,1100,"sd","10:25:18",10236500
20,0.6,100,"bu","10:25:13",10235400
20,0.6,30000,"bu","10:25:11",10235300
19.95,0.55,900,"sd","10:25:08",10205300
19.95,0.55,2500,"sd","10:25:07",10204400
19.95,0.55,1500,"sd","10:25:04",10201900
20,0.6,30000,"bu","10:24:54",10200400
20,0.6,500,"bu","10:24:51",10170400
20,0.6,500,"bu","10:24:50",10169900
19.95,0.55,2000,"sd","10:24:50",10169400
20,0.6,300,"bu","10:24:50",10167400
20,0.6,100,"bu","10:24:49",10167100
20,0.6,3800,"bu","10:24:45",10167000
20,0.6,52200,"bu","10:24:44",10163200
19.95,0.55,400,"sd","10:24:43",10111000
20,0.6,500,"bu","10:24:43",10110600
19.95,0.55,1000,"sd","10:24:40",10110100
20,0.6,1500,"bu","10:24:40",10109100
19.95,0.55,3400,"sd","10:24:37",10107600
19.95,0.55,1000,"sd","10:24:35",10104200
19.95,0.55,500,"sd","10:24:34",10103200
19.95,0.55,100,"sd","10:24:33",10102700
19.95,0.55,2000,"sd","10:24:31",10102600
19.95,0.55,15000,"sd","10:24:30",10100600
19.95,0.55,200,"sd","10:24:29",10085600
20,0.6,13300,"bu","10:24:28",10085400
20,0.6,100,"bu","10:24:23",10072100
19.95,0.55,4400,"sd","10:24:23",10072000
20,0.6,100,"bu","10:24:22",10067600
19.95,0.55,500,"sd","10:24:19",10067500
19.95,0.55,6000,"sd","10:24:19",10067000
19.95,0.55,100,"sd","10:24:16",10061000
20,0.6,1000,"bu","10:24:12",10060900
19.95,0.55,900,"sd","10:24:07",10059900
19.95,0.55,20000,"sd","10:23:58",10059000
19.95,0.55,200,"sd","10:23:56",10039000
19.95,0.55,30000,"sd","10:23:55",10038800
19.95,0.55,1100,"sd","10:23:52",10008800
19.95,0.55,2000,"sd","10:23:51",10007700
19.95,0.55,300,"sd","10:23:50",10005700
19.95,0.55,100,"sd","10:23:48",10005400
19.95,0.55,400,"sd","10:23:46",10005300
19.95,0.55,2300,"sd","10:23:46",10004900
19.95,0.55,2600,"sd","10:23:42",10002600
19.95,0.55,200,"sd","10:23:41",10000000
19.95,0.55,3100,"bu","10:23:40",9999800
19.95,0.55,11100,"bu","10:23:39",9996700
19.95,0.55,10000,"bu","10:23:39",9985600
19.95,0.55,121100,"bu","10:23:37",9975600
19.95,0.55,11000,"bu","10:23:37",9854500
19.9,0.5,900,"sd","10:23:37",9843500
19.95,0.55,30000,"bu","10:23:35",9842600
19.95,0.55,1200,"bu","10:23:35",9812600
19.95,0.55,15000,"bu","10:23:34",9811400
19.95,0.55,10000,"bu","10:23:33",9796400
19.95,0.55,400,"bu","10:23:33",9786400
19.95,0.55,500,"bu","10:23:31",9786000
19.95,0.55,2900,"bu","10:23:30",9785500
19.95,0.55,2500,"bu","10:23:29",9782600
19.95,0.55,10000,"bu","10:23:28",9780100
19.95,0.55,50000,"bu","10:23:27",9770100
19.95,0.55,21300,"bu","10:23:25",9720100
19.95,0.55,2000,"bu","10:23:25",9698800
19.9,0.5,100,"sd","10:23:23",9696800
19.95,0.55,10300,"bu","10:23:23",9696700
19.95,0.55,2000,"bu","10:23:22",9686400
19.95,0.55,10000,"bu","10:23:22",9684400
19.95,0.55,50000,"bu","10:23:21",9674400
19.95,0.55,100,"bu","10:23:20",9624400
19.95,0.55,300,"bu","10:23:19",9624300
19.95,0.55,1300,"bu","10:23:18",9624000
19.95,0.55,9700,"bu","10:23:17",9622700
19.95,0.55,70000,"bu","10:23:15",9613000
19.95,0.55,5000,"bu","10:23:14",9543000
19.95,0.55,300,"bu","10:23:12",9538000
19.95,0.55,30000,"bu","10:23:11",9537700
19.9,0.5,1100,"sd","10:23:10",9507700
19.95,0.55,1000,"bu","10:23:07",9506600
19.9,0.5,900,"sd","10:23:07",9505600
19.95,0.55,1000,"bu","10:23:05",9504700
19.95,0.55,4000,"bu","10:23:03",9503700
19.95,0.55,2000,"bu","10:23:02",9499700
19.95,0.55,48000,"bu","10:23:01",9497700
19.95,0.55,7800,"bu","10:23:00",9449700
19.9,0.5,200,"sd","10:23:00",9441900
19.95,0.55,5300,"bu","10:22:59",9441700
19.95,0.55,200,"bu","10:22:55",9436400
19.95,0.55,50000,"bu","10:22:54",9436200
19.95,0.55,5000,"bu","10:22:51",9386200
19.95,0.55,60100,"bu","10:22:50",9381200
19.95,0.55,1200,"bu","10:22:46",9321100
19.95,0.55,500,"bu","10:22:45",9319900
19.9,0.5,1500,"sd","10:22:45",9319400
19.95,0.55,1400,"bu","10:22:44",9317900
19.9,0.5,4100,"sd","10:22:44",9316500
19.95,0.55,5100,"bu","10:22:43",9312400
19.95,0.55,100000,"bu","10:22:41",9307300
19.95,0.55,1600,"bu","10:22:40",9207300
19.9,0.5,100,"sd","10:22:38",9205700
19.95,0.55,3900,"bu","10:22:37",9205600
19.9,0.5,900,"sd","10:22:37",9201700
19.95,0.55,200,"bu","10:22:33",9200800
19.95,0.55,11000,"bu","10:22:32",9200600
19.95,0.55,1000,"bu","10:22:29",9189600
19.9,0.5,1100,"sd","10:22:24",9188600
19.9,0.5,300,"sd","10:22:21",9187500
19.9,0.5,200,"sd","10:22:20",9187200
19.95,0.55,1100,"bu","10:22:17",9187000
19.95,0.55,5100,"bu","10:22:13",9185800
19.9,0.5,1000,"sd","10:22:12",9180700
19.95,0.55,2000,"bu","10:22:11",9179700
19.9,0.5,1000,"sd","10:22:09",9177700
19.9,0.5,900,"sd","10:22:06",9176700
19.9,0.5,400,"sd","10:22:04",9175800
19.95,0.55,1000,"bu","10:22:04",9175400
19.9,0.5,6000,"sd","10:22:01",9174400
19.95,0.55,500,"bu","10:22:00",9168400
19.95,0.55,200,"bu","10:21:53",9167900
19.95,0.55,1200,"bu","10:21:50",9167700
19.9,0.5,2000,"sd","10:21:46",9166500
19.95,0.55,1000,"bu","10:21:43",9164500
19.9,0.5,800,"sd","10:21:43",9163500
19.9,0.5,1100,"sd","10:21:41",9162700
19.95,0.55,100,"bu","10:21:37",9161600
19.9,0.5,1900,"sd","10:21:37",9161500
19.95,0.55,100,"bu","10:21:36",9159600
19.95,0.55,300,"bu","10:21:34",9159500
19.95,0.55,1500,"bu","10:21:26",9159200
19.9,0.5,1000,"sd","10:21:23",9157700
19.9,0.5,300,"sd","10:21:19",9156700
19.9,0.5,100,"sd","10:21:18",9156400
19.95,0.55,700,"bu","10:21:16",9156300
19.9,0.5,2500,"sd","10:21:11",9155600
19.95,0.55,100,"bu","10:21:10",9153100
19.9,0.5,900,"sd","10:21:07",9153000
19.95,0.55,1200,"bu","10:21:03",9152100
19.9,0.5,1000,"sd","10:21:00",9150900
19.9,0.5,1100,"sd","10:20:59",9149900
19.95,0.55,100,"bu","10:20:59",9148800
19.95,0.55,300,"bu","10:20:53",9148700
19.95,0.55,6400,"bu","10:20:46",9148400
19.95,0.55,3600,"bu","10:20:45",9142000
19.9,0.5,100,"sd","10:20:45",9138400
19.95,0.55,1000,"bu","10:20:43",9138300
19.95,0.55,300,"bu","10:20:38",9137300
19.9,0.5,900,"sd","10:20:36",9137000
19.95,0.55,300,"bu","10:20:35",9136100
19.95,0.55,300,"bu","10:20:32",9135800
19.95,0.55,500,"bu","10:20:27",9135500
19.95,0.55,1000,"bu","10:20:26",9135000
19.9,0.5,600,"sd","10:20:23",9134000
19.95,0.55,1000,"bu","10:20:16",9133400
19.9,0.5,1100,"sd","10:20:15",9132400
19.9,0.5,1000,"sd","10:20:14",9131300
19.9,0.5,100,"sd","10:20:13",9130300
19.95,0.55,1000,"bu","10:20:12",9130200
19.9,0.5,800,"sd","10:20:11",9129200
19.9,0.5,5000,"sd","10:20:08",9128400
19.9,0.5,900,"sd","10:20:06",9123400
19.9,0.5,500,"sd","10:20:04",9122500
19.95,0.55,700,"bu","10:20:03",9122000
19.95,0.55,800,"bu","10:20:03",9121300
19.95,0.55,700,"bu","10:20:02",9120500
19.95,0.55,1200,"bu","10:19:57",9119800
19.95,0.55,200,"bu","10:19:51",9118600
19.9,0.5,2000,"sd","10:19:50",9118400
19.9,0.5,100,"sd","10:19:43",9116400
19.9,0.5,500,"sd","10:19:41",9116300
19.9,0.5,100,"sd","10:19:40",9115800
19.9,0.5,1900,"sd","10:19:39",9115700
19.95,0.55,200,"bu","10:19:38",9113800
19.9,0.5,900,"sd","10:19:38",9113600
19.9,0.5,4000,"sd","10:19:35",9112700
19.9,0.5,700,"sd","10:19:33",9108700
19.9,0.5,1200,"sd","10:19:32",9108000
19.9,0.5,200,"sd","10:19:26",9106800
19.9,0.5,500,"sd","10:19:21",9106600
19.9,0.5,2000,"sd","10:19:20",9106100
19.9,0.5,2000,"sd","10:19:13",9104100
19.95,0.55,100,"bu","10:19:13",9102100
19.9,0.5,1000,"sd","10:19:11",9102000
19.9,0.5,900,"sd","10:19:06",9101000
19.9,0.5,100,"sd","10:19:01",9100100
19.9,0.5,500,"sd","10:18:57",9100000
19.9,0.5,400,"sd","10:18:56",9099500
19.95,0.55,1200,"bu","10:18:55",9099100
19.9,0.5,1100,"sd","10:18:45",9097900
19.9,0.5,1000,"sd","10:18:43",9096800
19.9,0.5,100,"sd","10:18:37",9095800
19.9,0.5,1000,"sd","10:18:36",9095700
19.9,0.5,900,"sd","10:18:36",9094700
19.9,0.5,100,"sd","10:18:29",9093800
19.9,0.5,3000,"sd","10:18:28",9093700
19.95,0.55,8300,"bu","10:18:27",9090700
19.95,0.55,1700,"bu","10:18:26",9082400
19.9,0.5,200,"sd","10:18:26",9080700
19.9,0.5,5000,"sd","10:18:23",9080500
19.9,0.5,20000,"sd","10:18:22",9075500
19.9,0.5,2800,"sd","10:18:20",9055500
19.9,0.5,1100,"sd","10:18:18",9052700
19.9,0.5,200,"sd","10:18:11",9051600
19.9,0.5,200,"sd","10:18:08",9051400
19.9,0.5,1900,"bu","10:18:08",9051200
19.9,0.5,2600,"bu","10:18:07",9049300
19.9,0.5,13800,"bu","10:18:07",9046700
19.85,0.45,900,"sd","10:18:06",9032900
19.9,0.5,2000,"bu","10:18:05",9032000
19.9,0.5,3000,"bu","10:18:04",9030000
19.9,0.5,2000,"bu","10:18:04",9027000
19.9,0.5,3100,"bu","10:18:03",9025000
19.9,0.5,7100,"bu","10:18:02",9021900
19.9,0.5,3000,"bu","10:18:01",9014800
19.9,0.5,1000,"bu","10:18:01",9011800
19.85,0.45,1100,"sd","10:17:59",9010800
19.9,0.5,3500,"bu","10:17:58",9009700
19.9,0.5,14600,"bu","10:17:56",9006200
19.9,0.5,11900,"bu","10:17:56",8991600
19.9,0.5,103000,"bu","10:17:55",8979700
19.85,0.45,100,"sd","10:17:53",8876700
19.9,0.5,100,"bu","10:17:53",8876600
19.9,0.5,1200,"bu","10:17:52",8876500
19.9,0.5,20000,"bu","10:17:51",8875300
19.9,0.5,2000,"bu","10:17:50",8855300
19.9,0.5,50000,"bu","10:17:50",8853300
19.9,0.5,9600,"bu","10:17:49",8803300
19.9,0.5,12900,"bu","10:17:48",8793700
19.9,0.5,26900,"bu","10:17:46",8780800
19.9,0.5,101000,"bu","10:17:46",8753900
19.9,0.5,8000,"bu","10:17:45",8652900
19.9,0.5,5000,"bu","10:17:42",8644900
19.9,0.5,2000,"bu","10:17:40",8639900
19.9,0.5,1000,"bu","10:17:38",8637900
19.85,0.45,900,"sd","10:17:36",8636900
19.9,0.5,200,"bu","10:17:35",8636000
19.9,0.5,200,"bu","10:17:35",8635800
19.9,0.5,100,"bu","10:17:34",8635600
19.9,0.5,2000,"bu","10:17:33",8635500
19.9,0.5,200,"bu","10:17:30",8633500
19.9,0.5,3000,"bu","10:17:28",8633300
19.9,0.5,15000,"bu","10:17:22",8630300
19.9,0.5,22900,"bu","10:17:21",8615300
19.9,0.5,300,"bu","10:17:18",8592400
19.85,0.45,1100,"sd","10:17:16",8592100
19.9,0.5,100,"bu","10:17:14",8591000
19.9,0.5,5000,"bu","10:17:13",8590900
19.9,0.5,500,"bu","10:17:10",8585900
19.9,0.5,35800,"bu","10:17:07",8585400
19.9,0.5,100,"bu","10:17:06",8549600
19.85,0.45,900,"sd","10:17:06",8549500
19.9,0.5,500,"bu","10:17:01",8548600
19.9,0.5,200,"bu","10:16:56",8548100
19.85,0.45,2000,"sd","10:16:55",8547900
19.9,0.5,1000,"bu","10:16:54",8545900
19.9,0.5,1000,"bu","10:16:49",8544900
19.9,0.5,200,"bu","10:16:44",8543900
19.9,0.5,2900,"bu","10:16:42",8543700
19.85,0.45,2500,"sd","10:16:40",8540800
19.85,0.45,2000,"sd","10:16:39",8538300
19.85,0.45,900,"sd","10:16:36",8536300
19.9,0.5,8000,"bu","10:16:33",8535400
19.85,0.45,1300,"sd","10:16:31",8527400
19.85,0.45,100,"sd","10:16:30",8526100
19.85,0.45,300,"sd","10:16:26",8526000
19.9,0.5,1000,"bu","10:16:25",8525700
19.85,0.45,3000,"sd","10:16:20",8524700
19.9,0.5,4900,"bu","10:16:18",8521700
19.9,0.5,52100,"bu","10:16:17",8516800
19.9,0.5,6000,"bu","10:16:15",8464700
19.85,0.45,3000,"sd","10:16:14",8458700
19.85,0.45,900,"sd","10:16:06",8455700
19.85,0.45,200,"sd","10:16:05",8454800
19.9,0.5,2500,"bu","10:16:00",8454600
19.85,0.45,8000,"sd","10:15:58",8452100
19.85,0.45,200,"sd","10:15:53",8444100
19.85,0.45,1000,"sd","10:15:51",8443900
19.85,0.45,200,"sd","10:15:51",8442900
19.85,0.45,100,"sd","10:15:49",8442700
19.85,0.45,500,"sd","10:15:48",8442600
19.85,0.45,1000,"sd","10:15:43",8442100
19.85,0.45,1100,"sd","10:15:42",8441100
19.85,0.45,100,"sd","10:15:42",8440000
19.85,0.45,1700,"sd","10:15:37",8439900
19.85,0.45,1900,"sd","10:15:36",8438200
19.85,0.45,900,"sd","10:15:35",8436300
19.85,0.45,5000,"sd","10:15:35",8435400
19.85,0.45,100,"sd","10:15:34",8430400
19.85,0.45,100,"sd","10:15:29",8430300
