"price","change","match_qtty","side","time","total_vol"
43.2,-0.65,299500,"","14:45:00",6213200
43.4,-0.45,800,"bu","14:29:58",5913700
43.4,-0.45,200,"sd","14:29:52",5912900
43.4,-0.45,1000,"sd","14:29:37",5912700
43.4,-0.45,400,"sd","14:29:36",5911700
43.45,-0.4,100,"bu","14:29:33",5911300
43.45,-0.4,100,"bu","14:29:29",5911200
43.35,-0.5,100,"sd","14:29:19",5911100
43.4,-0.45,9900,"sd","14:29:19",5911000
43.45,-0.4,100,"bu","14:29:16",5901100
43.4,-0.45,1000,"sd","14:29:16",5901000
43.45,-0.4,43600,"bu","14:29:08",5900000
43.4,-0.45,54300,"bu","14:29:08",5856400
43.4,-0.45,100,"bu","14:28:48",5802100
43.35,-0.5,4000,"sd","14:28:47",5802000
43.35,-0.5,10000,"sd","14:28:32",5798000
43.35,-0.5,100,"sd","14:28:30",5788000
43.4,-0.45,400,"bu","14:28:18",5787900
43.35,-0.5,4000,"sd","14:28:17",5787500
43.4,-0.45,1800,"bu","14:28:06",5783500
43.35,-0.5,500,"sd","14:28:02",5781700
43.35,-0.5,3000,"sd","14:27:58",5781200
43.35,-0.5,100,"sd","14:27:57",5778200
43.35,-0.5,200,"sd","14:27:56",5778100
43.35,-0.5,7000,"sd","14:27:53",5777900
43.35,-0.5,1500,"sd","14:27:52",5770900
43.35,-0.5,8600,"bu","14:27:51",5769400
43.35,-0.5,6400,"sd","14:27:49",5760800
43.35,-0.5,3000,"bu","14:27:39",5754400
43.3,-0.55,4400,"sd","14:27:38",5751400
43.35,-0.5,100,"bu","14:27:32",5747000
43.35,-0.5,200,"bu","14:27:30",5746900
43.35,-0.5,1000,"bu","14:27:28",5746700
43.35,-0.5,500,"bu","14:27:27",5745700
43.35,-0.5,1000,"bu","14:27:26",5745200
43.35,-0.5,800,"sd","14:27:24",5744200
43.35,-0.5,800,"bu","14:27:19",5743400
43.35,-0.5,5000,"bu","14:27:17",5742600
43.35,-0.5,3000,"bu","14:27:16",5737600
43.35,-0.5,2000,"bu","14:27:13",5734600
43.35,-0.5,2000,"bu","14:27:08",5732600
43.3,-0.55,300,"sd","14:27:08",5730600
43.35,-0.5,2000,"bu","14:27:03",5730300
43.3,-0.55,5000,"sd","14:27:00",5728300
43.35,-0.5,100,"bu","14:26:59",5723300
43.35,-0.5,1000,"bu","14:26:58",5723200
43.3,-0.55,5000,"sd","14:26:57",5722200
43.35,-0.5,2000,"bu","14:26:51",5717200
43.35,-0.5,200,"bu","14:26:48",5715200
43.3,-0.55,5000,"sd","14:26:48",5715000
43.35,-0.5,500,"bu","14:26:47",5710000
43.35,-0.5,1000,"bu","14:26:43",5709500
43.3,-0.55,5000,"sd","14:26:41",5708500
43.35,-0.5,400,"bu","14:26:40",5703500
43.35,-0.5,1000,"bu","14:26:39",5703100
43.35,-0.5,500,"bu","14:26:34",5701100
43.35,-0.5,3700,"bu","14:26:33",5700600
43.35,-0.5,300,"bu","14:26:29",5696900
43.35,-0.5,1700,"bu","14:26:28",5696600
43.35,-0.5,200,"bu","14:26:25",5694900
43.35,-0.5,200,"bu","14:26:24",5694700
43.35,-0.5,100,"bu","14:26:21",5694500
43.35,-0.5,100,"bu","14:26:18",5694400
43.35,-0.5,900,"bu","14:26:05",5694300
43.3,-0.55,500,"sd","14:26:01",5693400
43.35,-0.5,900,"bu","14:25:59",5692900
43.35,-0.5,900,"bu","14:25:57",5692000
43.3,-0.55,1000,"sd","14:25:56",5691100
43.35,-0.5,900,"bu","14:25:56",5690100
43.3,-0.55,600,"sd","14:25:55",5689200
43.35,-0.5,200,"bu","14:25:53",5688600
43.3,-0.55,1000,"sd","14:25:53",5688400
43.3,-0.55,500,"sd","14:25:52",5687400
43.3,-0.55,300,"sd","14:25:48",5686900
43.3,-0.55,35300,"sd","14:25:43",5686600
43.3,-0.55,3200,"sd","14:25:32",5651300
43.3,-0.55,1800,"sd","14:25:31",5648100
43.35,-0.5,2000,"bu","14:25:27",5646300
43.35,-0.5,900,"bu","14:25:25",5644300
43.35,-0.5,500,"bu","14:25:22",5643400
43.35,-0.5,400,"bu","14:25:17",5642900
43.35,-0.5,800,"bu","14:25:15",5642500
43.35,-0.5,1400,"bu","14:25:08",5641700
43.35,-0.5,100,"bu","14:25:04",5640300
43.3,-0.55,700,"sd","14:25:02",5640200
43.3,-0.55,2500,"sd","14:25:00",5639500
43.3,-0.55,3000,"sd","14:25:00",5637000
43.3,-0.55,5000,"sd","14:24:54",5634000
43.3,-0.55,6000,"sd","14:24:51",5629000
43.3,-0.55,5000,"sd","14:24:23",5623000
43.35,-0.5,100,"bu","14:24:22",5618000
43.3,-0.55,5000,"sd","14:24:17",5617900
43.3,-0.55,5000,"sd","14:24:16",5612900
43.3,-0.55,5000,"sd","14:24:12",5607900
43.35,-0.5,500,"bu","14:24:12",5602900
43.3,-0.55,1000,"sd","14:24:08",5602400
43.35,-0.5,200,"bu","14:24:05",5601400
43.35,-0.5,100,"bu","14:24:03",5601200
43.3,-0.55,5000,"sd","14:23:59",5601100
43.35,-0.5,2000,"bu","14:23:58",5596100
43.3,-0.55,100,"sd","14:23:54",5594100
43.3,-0.55,100,"sd","14:23:51",5594000
43.3,-0.55,16100,"sd","14:23:48",5593900
43.3,-0.55,4000,"sd","14:23:41",5577800
43.35,-0.5,200,"bu","14:23:39",5573800
43.3,-0.55,10000,"sd","14:23:39",5573600
43.35,-0.5,1000,"bu","14:23:38",5563600
43.3,-0.55,4000,"sd","14:23:33",5562600
43.35,-0.5,100,"bu","14:23:26",5558600
43.3,-0.55,5000,"sd","14:23:23",5558500
43.3,-0.55,300,"sd","14:23:20",5553500
43.35,-0.5,200,"bu","14:23:17",5553200
43.35,-0.5,200,"bu","14:23:12",5553000
43.35,-0.5,2000,"bu","14:23:12",5552800
43.35,-0.5,200,"bu","14:23:09",5550800
43.35,-0.5,500,"bu","14:23:08",5550600
43.3,-0.55,200,"sd","14:23:04",5550100
43.35,-0.5,1000,"bu","14:22:59",5549900
43.3,-0.55,1000,"sd","14:22:53",5548900
43.35,-0.5,200,"bu","14:22:45",5547900
43.35,-0.5,100,"bu","14:22:40",5547700
43.35,-0.5,100,"bu","14:22:38",5547600
43.3,-0.55,1100,"sd","14:22:37",5547500
43.35,-0.5,10000,"bu","14:22:33",5546400
43.35,-0.5,200,"bu","14:22:32",5536400
43.35,-0.5,300,"bu","14:22:23",5536200
43.35,-0.5,1000,"bu","14:22:20",5535900
43.35,-0.5,1000,"bu","14:22:19",5534900
43.35,-0.5,3000,"bu","14:22:15",5533900
43.35,-0.5,100,"bu","14:22:15",5530900
43.35,-0.5,400,"bu","14:22:11",5530800
43.35,-0.5,200,"bu","14:22:05",5530400
43.35,-0.5,2000,"bu","14:21:57",5530200
43.35,-0.5,500,"bu","14:21:56",5528200
43.35,-0.5,300,"bu","14:21:54",5527700
43.35,-0.5,100,"bu","14:21:52",5527400
43.35,-0.5,33100,"sd","14:21:45",5527300
43.35,-0.5,5000,"sd","14:21:41",5494200
43.35,-0.5,600,"sd","14:21:37",5489200
43.35,-0.5,5000,"sd","14:21:21",5488600
43.4,-0.45,100,"bu","14:21:20",5483600
43.35,-0.5,2000,"sd","14:21:00",5483500
43.4,-0.45,200,"bu","14:20:59",5481500
43.4,-0.45,700,"bu","14:20:54",5481300
43.4,-0.45,100,"bu","14:20:50",5480600
43.35,-0.5,100,"sd","14:20:47",5480500
43.35,-0.5,10000,"sd","14:20:39",5480400
43.35,-0.5,6000,"sd","14:20:32",5470400
43.4,-0.45,4000,"sd","14:20:32",5464400
43.4,-0.45,10000,"sd","14:20:29",5460400
43.4,-0.45,100,"sd","14:20:28",5450400
43.4,-0.45,5000,"sd","14:20:24",5450300
43.4,-0.45,5000,"sd","14:20:19",5445300
43.4,-0.45,4700,"bu","14:20:16",5440300
43.4,-0.45,100,"bu","14:20:05",5435600
43.4,-0.45,10000,"bu","14:20:04",5435500
43.4,-0.45,200,"bu","14:19:52",5425500
43.4,-0.45,3500,"bu","14:19:44",5425300
43.4,-0.45,100,"bu","14:19:39",5421800
43.4,-0.45,6500,"bu","14:19:35",5421700
43.35,-0.5,300,"sd","14:19:29",5415200
43.35,-0.5,300,"sd","14:19:25",5414900
43.35,-0.5,1400,"sd","14:19:16",5414600
43.4,-0.45,4100,"bu","14:19:12",5413200
43.4,-0.45,1900,"bu","14:19:12",5409100
43.35,-0.5,4500,"bu","14:18:57",5407200
43.35,-0.5,100,"bu","14:18:54",5402700
43.3,-0.55,4000,"sd","14:18:50",5402600
43.35,-0.5,400,"bu","14:18:45",5398600
43.3,-0.55,2000,"sd","14:18:43",5398200
43.3,-0.55,400,"sd","14:18:38",5396200
43.35,-0.5,1600,"sd","14:18:38",5395800
43.35,-0.5,3400,"bu","14:18:36",5394200
43.35,-0.5,100,"bu","14:18:32",5390800
43.35,-0.5,1000,"bu","14:18:27",5390700
43.35,-0.5,300,"bu","14:18:20",5389700
43.35,-0.5,200,"bu","14:18:18",5389400
43.35,-0.5,1000,"bu","14:18:14",5389200
43.4,-0.45,200,"bu","14:18:09",5388200
43.35,-0.5,4800,"bu","14:18:09",5388000
43.3,-0.55,10000,"sd","14:18:02",5383200
43.35,-0.5,600,"bu","14:18:01",5373200
43.35,-0.5,3300,"sd","14:17:53",5372600
43.35,-0.5,10000,"sd","14:17:51",5369300
43.35,-0.5,2300,"sd","14:17:32",5359300
43.35,-0.5,500,"sd","14:17:19",5357000
43.35,-0.5,1000,"sd","14:17:16",5356500
43.35,-0.5,7000,"sd","14:17:14",5355500
43.35,-0.5,3000,"sd","14:17:06",5348500
43.35,-0.5,100,"sd","14:17:01",5345500
43.35,-0.5,2500,"sd","14:16:59",5345400
43.35,-0.5,7500,"sd","14:16:59",5342900
43.35,-0.5,1000,"sd","14:16:58",5335400
43.35,-0.5,300,"sd","14:16:43",5334400
43.35,-0.5,100,"sd","14:16:40",5334100
43.35,-0.5,2000,"sd","14:16:39",5334000
43.35,-0.5,5700,"sd","14:16:34",5332000
43.35,-0.5,5000,"sd","14:16:32",5326300
43.35,-0.5,300,"sd","14:16:29",5321300
43.35,-0.5,1900,"sd","14:16:27",5321000
43.4,-0.45,1000,"bu","14:16:22",5319100
43.35,-0.5,300,"sd","14:16:18",5318100
43.35,-0.5,200,"sd","14:15:55",5317800
43.4,-0.45,100,"bu","14:15:52",5317600
43.4,-0.45,100,"bu","14:15:51",5317500
43.4,-0.45,200,"bu","14:15:38",5317400
43.4,-0.45,200,"bu","14:15:25",5317200
43.4,-0.45,4700,"bu","14:15:23",5317000
43.35,-0.5,500,"sd","14:15:15",5312300
43.35,-0.5,400,"sd","14:15:09",5311800
43.35,-0.5,2000,"sd","14:15:05",5311400
43.35,-0.5,300,"sd","14:14:57",5309400
43.35,-0.5,600,"sd","14:14:54",5309100
43.35,-0.5,4400,"sd","14:14:54",5308500
43.4,-0.45,200,"bu","14:14:47",5304100
43.35,-0.5,400,"sd","14:14:37",5303900
43.35,-0.5,200,"sd","14:14:35",5303500
43.35,-0.5,800,"sd","14:14:31",5303300
43.35,-0.5,1000,"sd","14:14:15",5302500
43.35,-0.5,5000,"sd","14:14:08",5301500
43.4,-0.45,100,"bu","14:14:05",5296500
43.4,-0.45,700,"bu","14:13:55",5296400
43.4,-0.45,200,"bu","14:13:52",5295700
43.4,-0.45,100,"bu","14:13:38",5295500
43.4,-0.45,1000,"bu","14:13:36",5295400
43.35,-0.5,5200,"sd","14:13:22",5294400
43.4,-0.45,1000,"bu","14:13:20",5289200
43.4,-0.45,200,"bu","14:13:12",5288200
43.4,-0.45,100,"bu","14:13:11",5288000
43.4,-0.45,900,"bu","14:13:10",5287900
43.4,-0.45,7900,"bu","14:13:01",5287000
43.4,-0.45,100,"bu","14:12:58",5279100
43.4,-0.45,1000,"bu","14:12:53",5279000
43.35,-0.5,2000,"sd","14:12:45",5278000
43.4,-0.45,200,"bu","14:12:45",5276000
43.4,-0.45,1000,"bu","14:12:39",5275800
43.4,-0.45,2900,"bu","14:12:35",5274800
43.4,-0.45,100,"bu","14:12:31",5271900
43.4,-0.45,600,"bu","14:12:28",5271800
43.4,-0.45,500,"bu","14:12:27",5271200
43.4,-0.45,200,"bu","14:12:18",5270700
43.4,-0.45,1000,"bu","14:12:10",5270500
43.4,-0.45,200,"bu","14:12:05",5269500
43.4,-0.45,100,"bu","14:11:59",5269300
43.35,-0.5,2000,"sd","14:11:57",5269200
43.4,-0.45,100,"bu","14:11:51",5267200
43.4,-0.45,1000,"bu","14:11:43",5267100
43.4,-0.45,200,"bu","14:11:39",5266100
43.4,-0.45,200,"bu","14:11:38",5265900
43.4,-0.45,6300,"bu","14:11:28",5265700
43.35,-0.5,2000,"sd","14:11:16",5259400
43.4,-0.45,300,"bu","14:11:14",5257400
43.4,-0.45,400,"bu","14:11:11",5257100
43.4,-0.45,500,"bu","14:11:10",5256700
43.4,-0.45,100,"bu","14:11:04",5256200
43.35,-0.5,100,"sd","14:11:01",5256100
43.4,-0.45,200,"bu","14:10:58",5256000
43.4,-0.45,200,"bu","14:10:57",5255800
43.4,-0.45,500,"bu","14:10:53",5255600
43.4,-0.45,1000,"bu","14:10:52",5255100
43.4,-0.45,100,"bu","14:10:46",5254100
43.4,-0.45,100,"bu","14:10:45",5254000
43.4,-0.45,1000,"bu","14:10:44",5253900
43.4,-0.45,1000,"bu","14:10:44",5252900
43.4,-0.45,200,"bu","14:10:31",5251900
43.4,-0.45,1200,"bu","14:10:20",5251700
43.4,-0.45,500,"bu","14:10:19",5250500
43.4,-0.45,100,"bu","14:10:18",5250000
43.4,-0.45,1000,"bu","14:10:06",5249900
43.4,-0.45,200,"bu","14:10:05",5248900
43.4,-0.45,1000,"bu","14:10:00",5248700
43.4,-0.45,3800,"sd","14:09:52",5247700
43.4,-0.45,500,"bu","14:09:48",5243900
43.4,-0.45,100,"bu","14:09:47",5243400
43.4,-0.45,2000,"bu","14:09:40",5243300
43.4,-0.45,200,"bu","14:09:38",5241300
43.4,-0.45,100,"bu","14:09:32",5241100
43.4,-0.45,900,"bu","14:09:30",5241000
43.4,-0.45,200,"bu","14:09:25",5240100
43.4,-0.45,6000,"bu","14:09:24",5239900
43.4,-0.45,100,"bu","14:09:11",5233900
43.4,-0.45,200,"bu","14:08:58",5233800
43.4,-0.45,100,"bu","14:08:45",5233600
43.35,-0.5,100,"sd","14:08:45",5233500
43.4,-0.45,1000,"bu","14:08:43",5233400
43.35,-0.5,3900,"sd","14:08:23",5232400
43.35,-0.5,1600,"sd","14:08:23",5228500
43.4,-0.45,200,"bu","14:08:18",5226900
43.4,-0.45,100,"bu","14:08:05",5226700
43.4,-0.45,300,"bu","14:07:57",5226600
43.4,-0.45,200,"bu","14:07:51",5226300
43.4,-0.45,100,"bu","14:07:44",5226100
43.4,-0.45,900,"bu","14:07:40",5226000
43.4,-0.45,100,"bu","14:07:38",5225100
43.4,-0.45,200,"bu","14:07:31",5225000
43.35,-0.5,500,"sd","14:07:29",5224800
43.4,-0.45,200,"bu","14:07:24",5224300
43.4,-0.45,100,"bu","14:07:24",5224100
43.4,-0.45,300,"bu","14:07:16",5224000
43.35,-0.5,5000,"sd","14:07:14",5223700
43.35,-0.5,400,"sd","14:06:55",5218700
43.4,-0.45,200,"bu","14:06:44",5218300
43.4,-0.45,100,"bu","14:06:38",5218100
43.35,-0.5,1000,"sd","14:06:27",5218000
43.4,-0.45,300,"bu","14:06:23",5217000
43.35,-0.5,100,"sd","14:06:22",5216700
43.35,-0.5,500,"sd","14:06:20",5216600
43.4,-0.45,200,"bu","14:06:18",5216100
43.4,-0.45,200,"bu","14:06:04",5215900
43.4,-0.45,200,"bu","14:06:02",5215700
43.4,-0.45,100,"bu","14:05:51",5215500
43.4,-0.45,900,"bu","14:05:50",5215400
43.4,-0.45,200,"bu","14:05:38",5214500
43.4,-0.45,100,"bu","14:05:29",5214300
43.4,-0.45,100,"bu","14:05:24",5214200
43.4,-0.45,500,"bu","14:05:19",5214100
43.35,-0.5,2100,"sd","14:05:16",5213600
43.4,-0.45,400,"bu","14:05:14",5211500
43.4,-0.45,200,"bu","14:05:11",5211100
43.4,-0.45,100,"bu","14:05:10",5210900
43.4,-0.45,100,"bu","14:05:02",5210800
43.4,-0.45,200,"bu","14:05:00",5210700
43.4,-0.45,700,"bu","14:04:45",5210500
43.35,-0.5,2400,"sd","14:04:33",5209800
43.4,-0.45,200,"bu","14:04:31",5207400
43.4,-0.45,2400,"sd","14:04:25",5207200
43.4,-0.45,200,"bu","14:04:17",5204800
43.4,-0.45,200,"bu","14:04:17",5204600
43.4,-0.45,1100,"sd","14:04:13",5204400
43.4,-0.45,10000,"sd","14:04:07",5203300
43.4,-0.45,1000,"sd","14:04:02",5193300
43.4,-0.45,9000,"sd","14:04:01",5192300
43.45,-0.4,900,"bu","14:04:00",5183300
43.45,-0.4,200,"bu","14:03:51",5182400
43.45,-0.4,5000,"bu","14:03:47",5182200
43.45,-0.4,200,"bu","14:03:40",5177200
43.45,-0.4,100,"bu","14:03:38",5177000
43.45,-0.4,2000,"bu","14:03:31",5176900
43.4,-0.45,2000,"sd","14:03:31",5174900
43.4,-0.45,5000,"sd","14:03:20",5172900
43.45,-0.4,100,"bu","14:03:11",5167900
43.45,-0.4,1200,"sd","14:03:01",5167800
43.45,-0.4,1000,"sd","14:03:01",5166600
43.45,-0.4,5000,"sd","14:02:55",5165600
43.45,-0.4,3000,"sd","14:02:45",5160600
43.5,-0.35,100,"bu","14:02:44",5157600
43.5,-0.35,200,"bu","14:02:35",5157500
43.5,-0.35,10000,"bu","14:02:34",5157300
43.45,-0.4,700,"sd","14:02:32",5147300
43.5,-0.35,200,"bu","14:02:31",5146600
43.5,-0.35,100,"bu","14:02:30",5146400
43.5,-0.35,200,"bu","14:02:18",5146300
43.5,-0.35,900,"bu","14:02:11",5146100
43.5,-0.35,100,"bu","14:02:04",5145200
43.5,-0.35,200,"bu","14:01:52",5145100
43.5,-0.35,200,"bu","14:01:51",5144900
43.5,-0.35,300,"bu","14:01:45",5144700
43.5,-0.35,7400,"sd","14:01:43",5144400
43.5,-0.35,2600,"bu","14:01:39",5137000
43.5,-0.35,100,"bu","14:01:37",5134400
43.5,-0.35,500,"sd","14:01:33",5134300
43.5,-0.35,5000,"sd","14:01:27",5133800
43.5,-0.35,5200,"sd","14:01:23",5128800
43.5,-0.35,11400,"bu","14:01:16",5123600
43.5,-0.35,200,"bu","14:01:11",5112200
43.5,-0.35,1000,"bu","14:01:03",5112000
43.5,-0.35,100,"sd","14:00:58",5111000
43.5,-0.35,11000,"sd","14:00:55",5110900
43.5,-0.35,5000,"sd","14:00:42",5099900
43.5,-0.35,1000,"sd","14:00:41",5094900
43.5,-0.35,43200,"bu","14:00:40",5093900
43.5,-0.35,6400,"bu","14:00:37",5050700
43.45,-0.4,10000,"sd","14:00:36",5044300
43.5,-0.35,400,"bu","14:00:31",5034300
43.5,-0.35,900,"bu","14:00:21",5033900
43.5,-0.35,200,"bu","14:00:17",5033000
43.5,-0.35,100,"bu","14:00:15",5032800
43.5,-0.35,200,"bu","14:00:04",5032700
43.5,-0.35,100,"bu","14:00:03",5032500
43.5,-0.35,200,"bu","14:00:01",5032400
43.5,-0.35,100,"bu","13:59:51",5032200
43.5,-0.35,1700,"bu","13:59:49",5032100
43.45,-0.4,300,"bu","13:59:49",5030400
43.45,-0.4,2000,"bu","13:59:46",5030100
43.45,-0.4,400,"bu","13:59:41",5028100
43.45,-0.4,1000,"bu","13:59:38",5027700
43.45,-0.4,300,"bu","13:59:37",5026700
43.45,-0.4,100,"bu","13:59:34",5026400
43.45,-0.4,500,"bu","13:59:28",5026300
43.45,-0.4,200,"bu","13:59:24",5025800
43.45,-0.4,300,"bu","13:59:22",5025600
43.45,-0.4,5000,"bu","13:59:21",5025300
43.45,-0.4,500,"bu","13:59:20",5020300
43.45,-0.4,1800,"bu","13:59:14",5019800
43.45,-0.4,2200,"bu","13:59:13",5018000
43.45,-0.4,700,"bu","13:59:12",5015800
43.45,-0.4,100,"bu","13:59:11",5015100
43.45,-0.4,1100,"bu","13:59:10",5015000
43.45,-0.4,1000,"bu","13:59:07",5013900
43.45,-0.4,200,"bu","13:59:04",5012900
43.45,-0.4,1800,"bu","13:59:01",5012700
43.45,-0.4,2000,"bu","13:58:58",5010900
43.4,-0.45,1000,"sd","13:58:58",5008900
43.45,-0.4,100,"bu","13:58:57",5007900
43.45,-0.4,400,"bu","13:58:56",5007800
43.45,-0.4,6000,"bu","13:58:53",5007400
43.45,-0.4,1000,"bu","13:58:47",5001400
43.45,-0.4,2000,"bu","13:58:46",5000400
43.45,-0.4,1100,"bu","13:58:44",4998400
43.45,-0.4,3000,"bu","13:58:43",4997300
43.45,-0.4,6000,"bu","13:58:41",4994300
43.45,-0.4,2000,"bu","13:58:40",4988300
43.45,-0.4,300,"bu","13:58:38",4986300
43.45,-0.4,100,"bu","13:58:35",4986000
43.45,-0.4,15100,"bu","13:58:34",4985900
43.45,-0.4,3500,"bu","13:58:33",4970800
43.45,-0.4,900,"bu","13:58:31",4967300
43.45,-0.4,25000,"bu","13:58:23",4966400
43.4,-0.45,3000,"sd","13:58:23",4941400
43.45,-0.4,300,"bu","13:58:18",4938400
43.45,-0.4,100,"bu","13:58:17",4938100
43.45,-0.4,100,"bu","13:58:13",4938000
43.45,-0.4,100,"bu","13:58:04",4937900
43.45,-0.4,300,"bu","13:58:02",4937800
43.45,-0.4,2000,"bu","13:58:00",4937500
43.45,-0.4,2000,"bu","13:57:57",4935500
43.45,-0.4,400,"bu","13:57:53",4933500
43.45,-0.4,100,"bu","13:57:51",4933100
43.45,-0.4,2000,"bu","13:57:46",4933000
43.45,-0.4,300,"bu","13:57:37",4931000
43.45,-0.4,100,"bu","13:57:37",4930700
43.45,-0.4,100,"bu","13:57:24",4930600
43.45,-0.4,800,"bu","13:57:21",4928100
43.45,-0.4,200,"bu","13:57:11",4927300
43.45,-0.4,1000,"bu","13:57:09",4927100
43.4,-0.45,3000,"sd","13:57:03",4926100
43.4,-0.45,30400,"bu","13:56:59",4923100
43.4,-0.45,1500,"bu","13:56:58",4892700
43.4,-0.45,100,"bu","13:56:57",4891200
43.4,-0.45,5000,"bu","13:56:55",4891100
43.4,-0.45,100,"bu","13:56:53",4886100
43.4,-0.45,400,"bu","13:56:50",4886000
43.4,-0.45,500,"bu","13:56:49",4885600
43.4,-0.45,100,"bu","13:56:44",4885100
43.4,-0.45,900,"bu","13:56:41",4885000
43.4,-0.45,1000,"bu","13:56:40",4884100
43.4,-0.45,700,"bu","13:56:36",4883100
43.4,-0.45,2000,"bu","13:56:33",4882400
43.4,-0.45,100,"bu","13:56:31",4880400
43.4,-0.45,7400,"bu","13:56:29",4880300
43.4,-0.45,2500,"bu","13:56:17",4872900
43.4,-0.45,5000,"bu","13:56:09",4870400
43.4,-0.45,100,"bu","13:56:04",4865400
43.4,-0.45,5000,"bu","13:56:00",4865300
43.4,-0.45,100,"bu","13:55:50",4860300
43.4,-0.45,400,"bu","13:55:47",4860200
43.4,-0.45,100,"bu","13:55:37",4859800
43.4,-0.45,100,"bu","13:55:31",4859700
43.35,-0.5,300,"bu","13:55:11",4859600
43.35,-0.5,1100,"bu","13:55:10",4859300
43.35,-0.5,1000,"bu","13:55:06",4858200
43.35,-0.5,1700,"bu","13:55:05",4857200
43.35,-0.5,200,"bu","13:55:00",4855500
43.35,-0.5,1000,"bu","13:54:58",4855300
43.35,-0.5,100,"bu","13:54:57",4854300
43.35,-0.5,10000,"bu","13:54:54",4854200
43.3,-0.55,1000,"sd","13:54:53",4844200
43.35,-0.5,3000,"bu","13:54:52",4843200
43.35,-0.5,900,"bu","13:54:51",4840200
43.35,-0.5,100,"bu","13:54:44",4839300
43.35,-0.5,400,"bu","13:54:43",4839200
43.35,-0.5,100,"bu","13:54:30",4838800
43.35,-0.5,500,"bu","13:54:28",4838700
43.35,-0.5,400,"sd","13:54:22",4838200
43.35,-0.5,3000,"sd","13:54:20",4837800
43.35,-0.5,2200,"sd","13:54:11",4834800
43.35,-0.5,200,"sd","13:54:10",4832600
43.35,-0.5,100,"sd","13:54:06",4832400
43.35,-0.5,200,"sd","13:54:02",4832300
43.35,-0.5,300,"bu","13:53:57",4832100
43.35,-0.5,300,"bu","13:53:55",4831800
43.35,-0.5,2000,"bu","13:53:54",4831500
43.35,-0.5,400,"bu","13:53:52",4829500
43.35,-0.5,300,"bu","13:53:51",4829100
43.35,-0.5,400,"bu","13:53:50",4828800
43.35,-0.5,10000,"bu","13:53:49",4828400
43.35,-0.5,3500,"bu","13:53:47",4818400
43.35,-0.5,500,"bu","13:53:44",4814900
43.35,-0.5,400,"bu","13:53:40",4814400
43.35,-0.5,100,"bu","13:53:37",4814000
43.35,-0.5,100,"bu","13:53:31",4813900
43.35,-0.5,10000,"bu","13:53:26",4813800
43.35,-0.5,1700,"bu","13:53:26",4803800
43.35,-0.5,100,"bu","13:53:24",4802100
43.35,-0.5,1000,"bu","13:53:20",4802000
43.35,-0.5,1000,"bu","13:53:17",4801000
43.35,-0.5,1000,"sd","13:53:16",4800000
43.35,-0.5,200,"sd","13:53:12",4799000
43.35,-0.5,2900,"sd","13:53:08",4798800
43.35,-0.5,5800,"bu","13:53:04",4795900
43.35,-0.5,600,"bu","13:53:03",4790100
43.35,-0.5,1100,"bu","13:53:01",4789500
43.35,-0.5,5100,"bu","13:52:57",4788400
43.35,-0.5,700,"bu","13:52:53",4783300
43.35,-0.5,10000,"bu","13:52:49",4782600
43.35,-0.5,200,"bu","13:52:44",4772600
43.35,-0.5,10000,"bu","13:52:41",4772400
43.35,-0.5,400,"bu","13:52:37",4762400
43.35,-0.5,1000,"bu","13:52:34",4762000
43.35,-0.5,500,"bu","13:52:32",4761000
43.3,-0.55,1000,"sd","13:52:13",4760500
43.3,-0.55,3500,"sd","13:52:00",4759500
43.3,-0.55,2500,"bu","13:51:59",4756000
43.3,-0.55,800,"bu","13:51:58",4753500
43.3,-0.55,200,"bu","13:51:57",4751200
43.3,-0.55,200,"bu","13:51:55",4751000
43.3,-0.55,100,"bu","13:51:55",4750800
43.3,-0.55,3500,"bu","13:51:52",4750700
43.3,-0.55,200,"bu","13:51:50",4747200
43.3,-0.55,1000,"bu","13:51:48",4747000
43.3,-0.55,100,"bu","13:51:47",4746000
43.3,-0.55,1000,"bu","13:51:46",4745900
43.3,-0.55,500,"bu","13:51:45",4744900
43.3,-0.55,900,"bu","13:51:40",4744400
43.3,-0.55,3200,"bu","13:51:39",4743500
43.3,-0.55,5000,"bu","13:51:38",4740300
43.3,-0.55,200,"bu","13:51:37",4735300
43.3,-0.55,1000,"bu","13:51:37",4735100
43.3,-0.55,400,"bu","13:51:34",4734100
43.3,-0.55,11900,"bu","13:51:29",4733700
43.3,-0.55,300,"bu","13:51:24",4721800
43.3,-0.55,2000,"bu","13:51:19",4721500
43.25,-0.6,2000,"sd","13:51:08",4719500
43.25,-0.6,3000,"sd","13:50:55",4717500
43.25,-0.6,1000,"sd","13:50:53",4714500
43.3,-0.55,400,"bu","13:50:52",4713500
43.25,-0.6,100,"sd","13:50:50",4713100
43.3,-0.55,500,"bu","13:50:45",4713000
43.3,-0.55,200,"bu","13:50:43",4712500
43.3,-0.55,300,"bu","13:50:37",4712300
43.3,-0.55,300,"bu","13:50:32",4712000
43.3,-0.55,500,"bu","13:50:31",4711700
43.3,-0.55,300,"bu","13:50:30",4711200
43.3,-0.55,1000,"bu","13:50:19",4710900
43.25,-0.6,100,"sd","13:50:19",4709900
43.3,-0.55,200,"bu","13:50:17",4709800
43.3,-0.55,500,"bu","13:50:09",4709600
43.25,-0.6,300,"sd","13:50:01",4709100
43.3,-0.55,500,"bu","13:49:52",4708800
43.25,-0.6,1000,"sd","13:49:37",4708300
43.3,-0.55,200,"bu","13:49:37",4707300
43.3,-0.55,400,"bu","13:49:28",4707100
43.25,-0.6,200,"sd","13:49:13",4706700
43.25,-0.6,1000,"sd","13:49:10",4706500
43.25,-0.6,100,"sd","13:49:05",4705500
43.25,-0.6,4000,"sd","13:49:02",4705400
43.25,-0.6,300,"sd","13:48:51",4701400
43.3,-0.55,300,"bu","13:48:46",4701100
43.25,-0.6,19700,"bu","13:48:46",4700800
43.25,-0.6,100,"bu","13:48:44",4681100
43.25,-0.6,500,"bu","13:48:44",4681000
43.25,-0.6,200,"bu","13:48:43",4680500
43.25,-0.6,5000,"bu","13:48:39",4680300
43.2,-0.65,2500,"sd","13:48:39",4675300
43.25,-0.6,32600,"sd","13:48:35",4672800
43.3,-0.55,300,"bu","13:48:30",4640200
43.25,-0.6,400,"sd","13:48:30",4639900
43.3,-0.55,4500,"bu","13:48:29",4639500
43.3,-0.55,400,"bu","13:48:24",4635000
43.3,-0.55,200,"bu","13:48:17",4634600
43.3,-0.55,200,"bu","13:48:14",4634400
43.3,-0.55,200,"bu","13:48:05",4634200
43.3,-0.55,300,"bu","13:48:03",4634000
43.3,-0.55,300,"bu","13:48:02",4633700
43.3,-0.55,1000,"bu","13:47:56",4633400
43.3,-0.55,2000,"bu","13:47:53",4632400
43.3,-0.55,1000,"bu","13:47:51",4630400
43.3,-0.55,15000,"sd","13:47:50",4629400
43.3,-0.55,1900,"sd","13:47:48",4614400
43.3,-0.55,1000,"sd","13:47:39",4612500
43.35,-0.5,300,"bu","13:47:37",4611500
43.35,-0.5,800,"bu","13:47:32",4611200
43.35,-0.5,300,"bu","13:47:28",4610400
43.35,-0.5,200,"bu","13:47:23",4610100
43.35,-0.5,400,"bu","13:47:21",4609900
43.35,-0.5,200,"bu","13:47:14",4609500
43.3,-0.55,1500,"sd","13:47:13",4609300
43.3,-0.55,5700,"sd","13:47:11",4607800
43.3,-0.55,3000,"sd","13:47:10",4602100
43.3,-0.55,1900,"sd","13:47:07",4599100
43.35,-0.5,500,"bu","13:47:02",4597200
43.3,-0.55,1500,"sd","13:46:57",4596700
43.35,-0.5,200,"bu","13:46:57",4595200
43.35,-0.5,2000,"bu","13:46:45",4595000
43.35,-0.5,300,"sd","13:46:43",4593000
43.3,-0.55,60700,"sd","13:46:43",4592700
43.35,-0.5,9300,"sd","13:46:43",4532000
43.35,-0.5,1000,"sd","13:46:34",4522700
43.35,-0.5,200,"sd","13:46:32",4521700
43.35,-0.5,9800,"sd","13:46:31",4521500
43.4,-0.45,200,"bu","13:46:30",4511700
43.4,-0.45,500,"bu","13:46:18",4511500
43.35,-0.5,1900,"sd","13:46:09",4511000
43.4,-0.45,200,"bu","13:46:03",4509100
43.4,-0.45,500,"bu","13:45:59",4508900
43.4,-0.45,17300,"sd","13:45:59",4508400
43.4,-0.45,7900,"sd","13:45:57",4491100
43.4,-0.45,5000,"sd","13:45:48",4483200
43.45,-0.4,900,"bu","13:45:42",4478200
43.45,-0.4,500,"bu","13:45:41",4477300
43.4,-0.45,7900,"sd","13:45:37",4476800
43.4,-0.45,1300,"sd","13:45:36",4468900
43.4,-0.45,3000,"sd","13:45:34",4467600
43.4,-0.45,3300,"sd","13:45:27",4464600
43.45,-0.4,400,"bu","13:45:23",4461300
43.45,-0.4,500,"bu","13:45:15",4460900
43.45,-0.4,400,"bu","13:45:11",4460400
43.45,-0.4,200,"bu","13:45:10",4460000
43.45,-0.4,5000,"bu","13:45:07",4459800
43.45,-0.4,300,"bu","13:44:56",4454800
43.45,-0.4,100,"bu","13:44:55",4454500
43.45,-0.4,5000,"bu","13:44:54",4454400
43.45,-0.4,2000,"bu","13:44:53",4449400
43.45,-0.4,5200,"sd","13:44:52",4447400
43.45,-0.4,900,"sd","13:44:44",4442200
43.45,-0.4,400,"sd","13:44:42",4441300
43.45,-0.4,14700,"sd","13:44:28",4440900
43.45,-0.4,1900,"sd","13:44:23",4426200
43.45,-0.4,400,"sd","13:44:22",4424300
43.5,-0.35,700,"bu","13:44:16",4423900
43.5,-0.35,2300,"bu","13:44:15",4423200
43.45,-0.4,11800,"sd","13:44:12",4420900
43.45,-0.4,4000,"bu","13:44:09",4409100
43.45,-0.4,900,"bu","13:44:03",4405100
43.45,-0.4,2000,"bu","13:44:00",4404200
43.45,-0.4,500,"bu","13:43:58",4402200
43.4,-0.45,7900,"sd","13:43:56",4401700
43.4,-0.45,1900,"sd","13:43:53",4393800
43.45,-0.4,900,"bu","13:43:52",4391900
43.45,-0.4,1800,"bu","13:43:51",4391000
43.4,-0.45,1000,"sd","13:43:49",4389200
43.45,-0.4,14400,"bu","13:43:42",4388200
43.4,-0.45,3000,"sd","13:43:40",4373800
43.45,-0.4,300,"bu","13:43:36",4370800
43.45,-0.4,1000,"bu","13:43:26",4370500
43.45,-0.4,300,"bu","13:43:24",4369500
43.45,-0.4,200,"bu","13:43:23",4369200
43.45,-0.4,300,"bu","13:43:21",4369000
43.45,-0.4,1000,"bu","13:43:18",4368700
43.45,-0.4,300,"bu","13:43:10",4367700
43.45,-0.4,400,"bu","13:43:09",4367400
43.45,-0.4,2000,"bu","13:43:04",4367000
43.4,-0.45,7900,"sd","13:43:03",4365000
43.4,-0.45,300,"sd","13:42:55",4357100
43.45,-0.4,100,"bu","13:42:50",4356800
43.45,-0.4,2600,"bu","13:42:47",4356700
43.4,-0.45,3300,"sd","13:42:31",4354100
43.45,-0.4,200,"bu","13:42:30",4350800
43.45,-0.4,2800,"bu","13:42:26",4350600
43.45,-0.4,100,"bu","13:42:24",4347800
43.4,-0.45,7900,"sd","13:42:19",4347700
43.4,-0.45,1700,"sd","13:42:15",4339800
43.45,-0.4,400,"bu","13:42:06",4338100
43.4,-0.45,3000,"sd","13:42:03",4337700
43.45,-0.4,200,"bu","13:42:03",4334700
43.45,-0.4,900,"bu","13:42:02",4334500
43.45,-0.4,1000,"bu","13:41:59",4333600
43.4,-0.45,15000,"sd","13:41:56",4332600
43.45,-0.4,300,"bu","13:41:50",4317600
43.45,-0.4,100,"bu","13:41:47",4317300
43.45,-0.4,2300,"sd","13:41:45",4317200
43.45,-0.4,5000,"sd","13:41:31",4314900
43.45,-0.4,2900,"bu","13:41:28",4309900
43.45,-0.4,200,"bu","13:41:26",4307000
43.45,-0.4,400,"bu","13:41:23",4306800
43.45,-0.4,500,"bu","13:41:20",4306400
43.45,-0.4,1000,"bu","13:41:20",4305900
43.45,-0.4,200,"bu","13:41:19",4304900
43.45,-0.4,2000,"bu","13:41:18",4304700
43.45,-0.4,200,"bu","13:41:10",4302700
43.45,-0.4,500,"bu","13:41:02",4302500
43.45,-0.4,400,"bu","13:40:56",4302000
43.45,-0.4,500,"bu","13:40:53",4301600
43.45,-0.4,1000,"sd","13:40:49",4301100
43.45,-0.4,1100,"sd","13:40:48",4300100
43.45,-0.4,300,"bu","13:40:41",4299000
43.45,-0.4,100,"bu","13:40:38",4298700
43.45,-0.4,300,"bu","13:40:30",4298600
43.45,-0.4,1000,"bu","13:40:29",4298300
43.45,-0.4,400,"bu","13:40:21",4297300
43.45,-0.4,200,"bu","13:40:16",4296900
43.45,-0.4,600,"bu","13:40:14",4296700
43.45,-0.4,3000,"bu","13:40:14",4296100
43.45,-0.4,900,"bu","13:40:12",4293100
43.45,-0.4,600,"bu","13:40:10",4292200
43.45,-0.4,1000,"bu","13:40:06",4291600
43.45,-0.4,2100,"bu","13:40:05",4290600
43.45,-0.4,600,"bu","13:40:04",4288500
43.45,-0.4,300,"bu","13:40:03",4287900
43.45,-0.4,100,"bu","13:40:03",4287600
43.45,-0.4,1000,"bu","13:40:00",4287500
43.45,-0.4,400,"bu","13:39:59",4286500
43.45,-0.4,1300,"bu","13:39:58",4286100
43.45,-0.4,100,"bu","13:39:56",4284800
43.45,-0.4,1000,"bu","13:39:55",4284700
43.45,-0.4,10000,"bu","13:39:53",4283700
43.4,-0.45,2000,"sd","13:39:53",4273700
43.45,-0.4,200,"bu","13:39:50",4271700
43.45,-0.4,200,"bu","13:39:47",4271500
43.45,-0.4,300,"bu","13:39:36",4271300
43.45,-0.4,500,"bu","13:39:35",4271000
43.4,-0.45,2000,"sd","13:39:28",4270500
43.45,-0.4,200,"bu","13:39:23",4268500
43.45,-0.4,5000,"bu","13:39:21",4268300
43.45,-0.4,4000,"bu","13:39:10",4263300
43.45,-0.4,200,"bu","13:39:09",4259300
43.45,-0.4,500,"bu","13:39:06",4259100
43.45,-0.4,100,"bu","13:39:05",4258600
43.45,-0.4,8000,"bu","13:39:01",4258500
43.45,-0.4,1000,"bu","13:39:00",4250500
43.45,-0.4,400,"bu","13:38:56",4249500
43.45,-0.4,300,"bu","13:38:56",4249100
43.45,-0.4,100,"bu","13:38:49",4248800
43.4,-0.45,2000,"sd","13:38:47",4248700
43.45,-0.4,200,"bu","13:38:43",4246700
43.45,-0.4,200,"bu","13:38:41",4246500
43.45,-0.4,10000,"bu","13:38:37",4246300
43.45,-0.4,5000,"bu","13:38:36",4236300
43.45,-0.4,500,"bu","13:38:35",4231300
43.4,-0.45,500,"sd","13:38:32",4230800
43.4,-0.45,200,"sd","13:38:20",4230300
43.4,-0.45,2000,"sd","13:38:00",4230100
43.45,-0.4,100,"bu","13:37:57",4228100
43.45,-0.4,10000,"bu","13:37:55",4228000
43.45,-0.4,400,"bu","13:37:53",4218000
43.45,-0.4,200,"bu","13:37:49",4217600
43.45,-0.4,300,"bu","13:37:36",4217400
43.45,-0.4,100,"bu","13:37:27",4217100
43.4,-0.45,1900,"sd","13:37:27",4217000
43.4,-0.45,1100,"sd","13:37:26",4215100
43.4,-0.45,1700,"sd","13:37:23",4214000
43.45,-0.4,200,"bu","13:37:23",4212300
43.45,-0.4,1000,"bu","13:37:21",4212100
43.4,-0.45,2000,"sd","13:37:14",4211100
43.45,-0.4,200,"bu","13:37:11",4209100
43.45,-0.4,5000,"bu","13:37:11",4208900
43.45,-0.4,400,"bu","13:37:09",4203900
43.4,-0.45,1000,"sd","13:37:08",4203500
43.45,-0.4,1000,"bu","13:37:08",4202500
43.45,-0.4,15000,"bu","13:36:58",4201500
43.45,-0.4,200,"bu","13:36:56",4186500
43.45,-0.4,500,"bu","13:36:56",4186300
43.45,-0.4,400,"bu","13:36:50",4185800
43.45,-0.4,1000,"bu","13:36:49",4185400
43.45,-0.4,300,"bu","13:36:43",4184400
43.45,-0.4,800,"bu","13:36:32",4184100
43.45,-0.4,200,"bu","13:36:29",4183300
43.45,-0.4,500,"bu","13:36:26",4183100
43.4,-0.45,1000,"sd","13:36:15",4182600
43.4,-0.45,2000,"sd","13:36:13",4181600
43.4,-0.45,1900,"sd","13:36:04",4179600
43.4,-0.45,700,"bu","13:36:04",4177700
43.4,-0.45,2200,"bu","13:36:03",4177000
43.4,-0.45,16000,"bu","13:36:02",4174800
43.4,-0.45,400,"bu","13:36:02",4158800
43.4,-0.45,3000,"bu","13:36:01",4158400
43.35,-0.5,500,"sd","13:36:01",4155400
43.4,-0.45,1300,"bu","13:36:01",4154900
43.4,-0.45,1000,"bu","13:36:00",4153600
43.4,-0.45,20000,"bu","13:35:58",4152600
43.4,-0.45,200,"bu","13:35:50",4132600
43.4,-0.45,1000,"bu","13:35:49",4132400
43.4,-0.45,400,"bu","13:35:49",4131400
43.4,-0.45,400,"bu","13:35:47",4131000
43.4,-0.45,300,"bu","13:35:35",4130600
43.35,-0.5,100,"sd","13:35:34",4130300
43.4,-0.45,5000,"bu","13:35:34",4130200
43.4,-0.45,10000,"bu","13:35:29",4125200
43.35,-0.5,3000,"sd","13:35:28",4115200
43.4,-0.45,300,"bu","13:35:23",4112200
43.4,-0.45,10000,"bu","13:35:16",4111900
43.35,-0.5,2100,"sd","13:35:09",4101900
43.35,-0.5,5000,"sd","13:35:09",4099600
43.4,-0.45,400,"bu","13:35:04",4094600
43.4,-0.45,20000,"bu","13:35:01",4094200
43.4,-0.45,300,"bu","13:34:56",4074200
43.4,-0.45,400,"bu","13:34:44",4073900
43.4,-0.45,200,"bu","13:34:43",4073500
43.4,-0.45,900,"bu","13:34:42",4073300
43.4,-0.45,300,"bu","13:34:29",4072400
43.4,-0.45,1000,"bu","13:34:28",4072100
43.35,-0.5,2000,"sd","13:34:12",4071100
43.35,-0.5,200,"sd","13:33:59",4069100
43.35,-0.5,2000,"sd","13:33:44",4068900
43.4,-0.45,400,"bu","13:33:40",4066900
43.35,-0.5,1000,"sd","13:33:37",4066500
43.35,-0.5,500,"sd","13:33:34",4065500
43.35,-0.5,100,"sd","13:33:22",4065000
43.35,-0.5,200,"sd","13:33:21",4064900
43.35,-0.5,600,"sd","13:33:18",4064700
43.35,-0.5,100,"sd","13:33:17",4064100
43.35,-0.5,10000,"sd","13:33:05",4064000
43.35,-0.5,3000,"sd","13:32:59",4054000
43.35,-0.5,14500,"bu","13:32:47",4051000
43.35,-0.5,300,"bu","13:32:42",4036500
43.35,-0.5,100,"bu","13:32:38",4036200
43.35,-0.5,400,"bu","13:32:37",4036100
43.35,-0.5,100,"bu","13:32:36",4035700
43.35,-0.5,200,"bu","13:32:29",4035600
43.35,-0.5,100,"bu","13:32:27",4035400
43.35,-0.5,3000,"bu","13:32:19",4035300
43.3,-0.55,1000,"sd","13:32:15",4032300
43.35,-0.5,200,"bu","13:32:13",4031300
43.35,-0.5,400,"bu","13:32:11",4031100
43.35,-0.5,100,"bu","13:32:08",4030700
43.35,-0.5,100,"bu","13:32:04",4030600
43.35,-0.5,600,"sd","13:32:02",4030500
43.4,-0.45,100,"bu","13:32:02",4029900
43.35,-0.5,5000,"sd","13:31:57",4029800
43.35,-0.5,1000,"sd","13:31:36",4024800
43.4,-0.45,200,"bu","13:31:36",4023800
43.4,-0.45,400,"bu","13:31:34",4023600
43.35,-0.5,1000,"sd","13:31:31",4023200
43.35,-0.5,1000,"sd","13:31:24",4022200
43.35,-0.5,200,"sd","13:31:21",4021200
43.35,-0.5,500,"sd","13:31:20",4021000
43.4,-0.45,300,"bu","13:31:19",4020500
43.35,-0.5,1000,"sd","13:31:19",4020200
43.35,-0.5,2000,"sd","13:31:17",4019200
43.35,-0.5,10000,"sd","13:31:15",4017200
43.35,-0.5,500,"sd","13:31:14",4007200
43.35,-0.5,500,"sd","13:31:12",4006700
43.35,-0.5,900,"sd","13:30:55",4006200
43.35,-0.5,1600,"sd","13:30:40",4005300
43.4,-0.45,100,"bu","13:30:38",4003700
43.4,-0.45,400,"bu","13:30:31",4003600
43.4,-0.45,300,"bu","13:30:29",4003200
43.4,-0.45,200,"bu","13:30:16",4002900
43.4,-0.45,400,"bu","13:30:15",4002700
43.35,-0.5,5000,"sd","13:30:12",4002300
43.4,-0.45,600,"sd","13:30:11",3997300
43.35,-0.5,500,"sd","13:30:05",3996700
43.35,-0.5,72300,"sd","13:29:46",3996200
43.4,-0.45,27700,"sd","13:29:46",3923900
43.4,-0.45,53000,"sd","13:29:41",3896200
43.4,-0.45,500,"sd","13:29:29",3843200
43.45,-0.4,100,"bu","13:29:25",3842700
43.4,-0.45,600,"sd","13:29:21",3842600
43.4,-0.45,1800,"sd","13:29:07",3842000
43.4,-0.45,100,"sd","13:29:02",3840200
43.4,-0.45,3000,"sd","13:28:52",3840100
43.45,-0.4,300,"bu","13:28:52",3837100
43.45,-0.4,1200,"bu","13:28:42",3836800
43.45,-0.4,5000,"bu","13:28:35",3835600
43.45,-0.4,500,"bu","13:28:34",3830600
43.45,-0.4,10000,"bu","13:28:30",3830100
43.4,-0.45,700,"sd","13:28:29",3820100
43.45,-0.4,300,"bu","13:28:29",3819400
43.45,-0.4,100,"bu","13:28:28",3819100
43.45,-0.4,100,"bu","13:28:23",3819000
43.45,-0.4,6000,"bu","13:28:22",3818900
43.45,-0.4,3000,"bu","13:28:18",3812900
43.45,-0.4,200,"bu","13:28:15",3809900
43.45,-0.4,100,"bu","13:28:10",3809700
43.45,-0.4,100,"bu","13:28:07",3809600
43.45,-0.4,300,"bu","13:28:02",3809500
43.45,-0.4,1000,"bu","13:27:58",3809200
43.45,-0.4,100,"bu","13:27:57",3808200
43.45,-0.4,200,"bu","13:27:49",3808100
43.45,-0.4,100,"bu","13:27:48",3807900
43.45,-0.4,1100,"bu","13:27:47",3807800
43.45,-0.4,500,"bu","13:27:40",3806700
43.45,-0.4,300,"bu","13:27:35",3806200
43.45,-0.4,5000,"bu","13:27:31",3805900
43.45,-0.4,200,"bu","13:27:24",3800900
43.45,-0.4,900,"bu","13:27:23",3800700
43.45,-0.4,700,"bu","13:27:22",3799800
43.45,-0.4,1500,"bu","13:27:13",3799100
43.45,-0.4,300,"bu","13:27:09",3797600
43.45,-0.4,17400,"sd","13:27:07",3797300
43.5,-0.35,500,"bu","13:27:04",3779900
43.45,-0.4,10000,"sd","13:27:04",3779400
43.45,-0.4,4000,"sd","13:27:03",3769400
43.45,-0.4,20000,"sd","13:27:02",3765400
43.45,-0.4,10000,"sd","13:27:02",3745400
43.45,-0.4,20000,"sd","13:26:56",3735400
43.45,-0.4,10000,"sd","13:26:55",3715400
43.5,-0.35,200,"bu","13:26:55",3705400
43.5,-0.35,100,"bu","13:26:52",3705200
43.5,-0.35,300,"bu","13:26:42",3705100
43.5,-0.35,300,"bu","13:26:39",3704800
43.5,-0.35,200,"bu","13:26:29",3704500
43.5,-0.35,100,"bu","13:26:16",3704300
43.45,-0.4,2000,"sd","13:26:07",3704200
43.5,-0.35,200,"bu","13:26:02",3702200
43.5,-0.35,2000,"bu","13:25:52",3702000
43.5,-0.35,300,"bu","13:25:49",3700000
43.5,-0.35,300,"bu","13:25:47",3699700
43.5,-0.35,500,"bu","13:25:40",3699400
43.5,-0.35,200,"bu","13:25:35",3698900
43.5,-0.35,800,"bu","13:25:33",3698700
43.5,-0.35,100,"bu","13:25:24",3697900
43.5,-0.35,300,"bu","13:25:22",3697800
43.5,-0.35,100,"bu","13:25:21",3697500
43.5,-0.35,300,"bu","13:25:15",3697400
43.5,-0.35,200,"bu","13:25:09",3697100
43.5,-0.35,100,"bu","13:25:02",3696900
43.5,-0.35,100,"bu","13:24:59",3696800
43.5,-0.35,1300,"bu","13:24:55",3696700
43.5,-0.35,1000,"bu","13:24:48",3695400
43.45,-0.4,3600,"sd","13:24:47",3694400
43.5,-0.35,200,"bu","13:24:42",3690800
43.5,-0.35,1000,"bu","13:24:40",3690600
43.5,-0.35,3100,"bu","13:24:36",3689600
43.5,-0.35,3000,"bu","13:24:33",3686500
43.5,-0.35,300,"bu","13:24:29",3683500
43.5,-0.35,6000,"bu","13:24:27",3683200
43.5,-0.35,100,"bu","13:24:22",3677200
43.45,-0.4,700,"sd","13:24:09",3677100
43.45,-0.4,3000,"sd","13:23:53",3676400
43.5,-0.35,800,"bu","13:23:53",3673400
43.5,-0.35,100,"bu","13:23:52",3672600
43.5,-0.35,200,"bu","13:23:49",3672500
43.5,-0.35,900,"bu","13:23:43",3672300
43.5,-0.35,5000,"bu","13:23:38",3671400
43.45,-0.4,2000,"sd","13:23:34",3666400
43.45,-0.4,4000,"sd","13:23:33",3664400
43.45,-0.4,2000,"sd","13:23:32",3660400
43.5,-0.35,100,"bu","13:23:28",3658400
43.45,-0.4,1000,"sd","13:23:13",3658300
43.45,-0.4,300,"sd","13:23:11",3657300
43.45,-0.4,200,"sd","13:23:09",3657000
43.45,-0.4,2000,"sd","13:23:00",3656800
43.45,-0.4,4000,"sd","13:22:58",3654800
43.5,-0.35,200,"bu","13:22:55",3650800
43.5,-0.35,200,"bu","13:22:54",3650600
43.5,-0.35,3000,"bu","13:22:50",3650400
43.45,-0.4,500,"sd","13:22:44",3647400
43.5,-0.35,300,"bu","13:22:42",3646900
43.5,-0.35,100,"bu","13:22:35",3646600
43.5,-0.35,200,"bu","13:22:28",3646500
43.5,-0.35,900,"bu","13:22:26",3646300
43.5,-0.35,500,"bu","13:22:19",3645400
43.5,-0.35,300,"bu","13:22:15",3644900
43.5,-0.35,200,"bu","13:22:11",3644600
43.45,-0.4,1000,"sd","13:22:10",3644400
43.5,-0.35,1000,"bu","13:22:05",3643400
43.5,-0.35,200,"bu","13:22:02",3642400
43.5,-0.35,5000,"bu","13:21:54",3642200
43.5,-0.35,900,"bu","13:21:53",3637200
43.5,-0.35,300,"bu","13:21:48",3636300
43.5,-0.35,100,"bu","13:21:44",3636000
43.5,-0.35,200,"bu","13:21:35",3635900
43.5,-0.35,13300,"sd","13:21:33",3635700
43.5,-0.35,10000,"sd","13:21:29",3622400
43.5,-0.35,10000,"sd","13:21:27",3612400
43.55,-0.3,200,"bu","13:21:24",3602400
43.5,-0.35,10000,"sd","13:21:24",3602200
43.55,-0.3,400,"bu","13:21:23",3592200
43.55,-0.3,300,"bu","13:21:22",3591800
43.55,-0.3,500,"bu","13:21:09",3591500
43.55,-0.3,1200,"bu","13:21:08",3591000
43.55,-0.3,100,"bu","13:20:57",3589800
43.55,-0.3,300,"bu","13:20:55",3589700
43.55,-0.3,200,"bu","13:20:42",3589400
43.55,-0.3,300,"bu","13:20:28",3589200
43.55,-0.3,10000,"bu","13:20:27",3588900
43.55,-0.3,200,"bu","13:20:15",3578900
43.55,-0.3,900,"bu","13:20:03",3578700
43.5,-0.35,1000,"sd","13:20:03",3577800
43.55,-0.3,300,"bu","13:20:02",3576800
43.55,-0.3,200,"sd","13:20:00",3576500
43.6,-0.25,1800,"bu","13:20:00",3576300
43.6,-0.25,2000,"bu","13:19:59",3574500
43.55,-0.3,7900,"sd","13:19:53",3572500
43.55,-0.3,7900,"sd","13:19:47",3564600
43.55,-0.3,4300,"sd","13:19:42",3556700
43.55,-0.3,500,"sd","13:19:40",3552400
43.55,-0.3,1300,"sd","13:19:36",3551900
43.55,-0.3,4000,"sd","13:19:33",3550600
43.55,-0.3,500,"sd","13:19:26",3546600
43.55,-0.3,4000,"sd","13:19:25",3546100
43.55,-0.3,1000,"sd","13:19:24",3542100
43.55,-0.3,200,"sd","13:19:22",3541100
43.55,-0.3,1400,"sd","13:19:08",3540900
43.55,-0.3,200,"sd","13:19:00",3539500
43.55,-0.3,2000,"sd","13:18:39",3539300
43.55,-0.3,1300,"sd","13:18:39",3537300
43.55,-0.3,1400,"sd","13:18:10",3536000
43.55,-0.3,1000,"sd","13:18:08",3534600
43.55,-0.3,1300,"sd","13:17:42",3533600
43.55,-0.3,26200,"bu","13:17:22",3532300
43.55,-0.3,200,"bu","13:17:21",3506100
43.55,-0.3,1000,"bu","13:17:13",3505900
43.55,-0.3,300,"bu","13:17:08",3504900
43.55,-0.3,5000,"bu","13:17:04",3504600
43.55,-0.3,200,"bu","13:16:55",3499600
43.55,-0.3,500,"bu","13:16:44",3497400
43.55,-0.3,300,"bu","13:16:41",3496900
43.55,-0.3,100,"bu","13:16:36",3496600
43.55,-0.3,1000,"bu","13:16:29",3496500
43.55,-0.3,200,"bu","13:16:28",3495500
43.55,-0.3,100,"bu","13:16:25",3495300
43.5,-0.35,2000,"sd","13:15:24",3495200
43.55,-0.3,100,"bu","13:15:22",3493200
43.5,-0.35,1900,"sd","13:15:19",3493100
43.5,-0.35,200,"sd","13:14:57",3491200
43.5,-0.35,500,"bu","13:14:55",3491000
43.5,-0.35,12700,"bu","13:14:50",3490500
43.5,-0.35,200,"bu","13:14:41",3477800
43.5,-0.35,500,"bu","13:14:37",3477600
43.5,-0.35,800,"bu","13:14:34",3477100
43.5,-0.35,300,"bu","13:14:28",3476300
43.5,-0.35,600,"bu","13:14:20",3476000
43.5,-0.35,200,"bu","13:14:15",3475400
43.5,-0.35,200,"bu","13:14:13",3475200
43.5,-0.35,500,"bu","13:14:12",3475000
43.5,-0.35,200,"bu","13:14:09",3474500
43.5,-0.35,900,"bu","13:14:08",3474300
43.5,-0.35,400,"bu","13:14:07",3473400
43.45,-0.4,300,"sd","13:14:06",3473000
43.45,-0.4,500,"sd","13:13:58",3472700
43.5,-0.35,500,"bu","13:13:57",3472200
43.5,-0.35,1000,"bu","13:13:55",3471700
43.45,-0.4,100,"sd","13:13:52",3470700
43.5,-0.35,200,"bu","13:13:48",3470600
43.5,-0.35,300,"bu","13:13:35",3470400
43.5,-0.35,2000,"bu","13:13:33",3470100
43.5,-0.35,200,"bu","13:13:21",3468100
43.5,-0.35,100,"bu","13:13:19",3467900
43.5,-0.35,300,"sd","13:13:10",3467800
43.5,-0.35,100,"bu","13:13:05",3467500
43.5,-0.35,100,"sd","13:13:03",3467400
43.5,-0.35,3300,"sd","13:12:58",3467300
43.5,-0.35,5000,"sd","13:12:54",3464000
43.5,-0.35,1100,"sd","13:12:51",3459000
43.5,-0.35,2000,"sd","13:12:47",3457900
43.5,-0.35,17100,"sd","13:12:40",3455900
43.5,-0.35,100,"sd","13:12:33",3438800
43.55,-0.3,200,"bu","13:12:28",3438700
43.55,-0.3,100,"bu","13:12:25",3438500
43.5,-0.35,5000,"sd","13:12:23",3438400
43.5,-0.35,1000,"sd","13:12:20",3433400
43.5,-0.35,11400,"sd","13:12:09",3432400
43.55,-0.3,200,"bu","13:12:01",3421000
43.55,-0.3,200,"bu","13:11:57",3420800
43.5,-0.35,2000,"sd","13:11:45",3420600
43.5,-0.35,2000,"sd","13:11:38",3418600
43.55,-0.3,200,"bu","13:11:34",3416600
43.55,-0.3,300,"bu","13:11:21",3416400
43.55,-0.3,200,"bu","13:11:08",3416100
43.55,-0.3,700,"bu","13:10:58",3415900
43.55,-0.3,1200,"bu","13:10:54",3415200
43.5,-0.35,10000,"sd","13:10:54",3414000
43.55,-0.3,200,"bu","13:10:41",3403900
43.55,-0.3,1000,"bu","13:10:40",3403700
43.5,-0.35,1700,"sd","13:10:29",3402700
43.55,-0.3,300,"sd","13:10:29",3401000
43.55,-0.3,3600,"sd","13:10:24",3400700
43.55,-0.3,10100,"bu","13:10:19",3397100
43.5,-0.35,1500,"sd","13:10:17",3387000
43.55,-0.3,5000,"bu","13:10:16",3385500
43.55,-0.3,10000,"bu","13:10:15",3380500
43.55,-0.3,200,"bu","13:10:14",3370500
43.55,-0.3,1200,"bu","13:10:02",3370300
43.5,-0.35,200,"sd","13:09:39",3369100
43.55,-0.3,300,"bu","13:09:34",3368900
43.55,-0.3,2000,"bu","13:09:30",3368600
43.55,-0.3,1000,"bu","13:09:25",3366600
43.55,-0.3,100,"bu","13:09:21",3365600
43.5,-0.35,2000,"sd","13:09:18",3365500
43.5,-0.35,5000,"sd","13:09:15",3363500
43.5,-0.35,3000,"sd","13:09:12",3358500
43.5,-0.35,400,"sd","13:08:46",3355500
43.55,-0.3,300,"bu","13:08:41",3355100
43.55,-0.3,200,"bu","13:08:28",3354800
43.55,-0.3,300,"bu","13:08:14",3354600
43.55,-0.3,300,"bu","13:08:11",3354300
43.55,-0.3,200,"bu","13:08:01",3354000
43.55,-0.3,13100,"sd","13:07:59",3353800
43.6,-0.25,200,"bu","13:07:52",3340700
43.55,-0.3,3000,"sd","13:07:50",3340500
43.6,-0.25,300,"bu","13:07:48",3337500
43.6,-0.25,200,"bu","13:07:34",3337200
43.6,-0.25,900,"bu","13:07:32",3337000
43.6,-0.25,900,"bu","13:07:27",3336100
43.55,-0.3,100,"sd","13:07:24",3335200
43.6,-0.25,200,"bu","13:07:21",3335100
43.55,-0.3,1000,"sd","13:07:21",3334900
43.6,-0.25,900,"bu","13:07:16",3333900
43.6,-0.25,900,"bu","13:07:14",3333000
43.6,-0.25,900,"bu","13:07:09",3332100
43.55,-0.3,600,"bu","13:07:04",3331200
43.55,-0.3,1000,"bu","13:07:04",3330600
43.55,-0.3,100,"bu","13:07:02",3329600
43.55,-0.3,900,"bu","13:07:01",3329500
43.5,-0.35,600,"sd","13:07:00",3328600
43.55,-0.3,1100,"bu","13:06:55",3328000
43.55,-0.3,200,"bu","13:06:54",3326900
43.55,-0.3,100,"bu","13:06:50",3326700
43.55,-0.3,3900,"bu","13:06:48",3326600
43.55,-0.3,2000,"bu","13:06:45",3322700
43.55,-0.3,900,"bu","13:06:43",3320700
43.55,-0.3,300,"bu","13:06:41",3319800
43.55,-0.3,900,"bu","13:06:39",3319500
43.55,-0.3,900,"bu","13:06:35",3318600
43.55,-0.3,200,"bu","13:06:27",3317700
43.55,-0.3,900,"bu","13:06:26",3317500
43.5,-0.35,2000,"sd","13:06:22",3316600
43.55,-0.3,900,"bu","13:06:16",3313700
43.5,-0.35,200,"sd","13:06:14",3312800
43.55,-0.3,300,"bu","13:06:14",3312600
43.55,-0.3,100,"bu","13:06:12",3312300
43.55,-0.3,900,"bu","13:06:10",3312200
43.55,-0.3,900,"bu","13:06:05",3311300
43.55,-0.3,1100,"bu","13:06:01",3310400
43.55,-0.3,900,"bu","13:05:56",3309300
43.55,-0.3,300,"bu","13:05:47",3308400
43.55,-0.3,900,"bu","13:05:47",3308100
43.55,-0.3,900,"bu","13:05:41",3307200
43.55,-0.3,900,"bu","13:05:37",3306300
43.55,-0.3,200,"bu","13:05:34",3305400
43.55,-0.3,900,"bu","13:05:33",3305200
43.55,-0.3,900,"bu","13:05:26",3304300
43.55,-0.3,900,"bu","13:05:24",3303400
43.55,-0.3,300,"bu","13:05:21",3302500
43.55,-0.3,900,"bu","13:05:18",3302200
43.55,-0.3,100,"bu","13:05:08",3301300
43.55,-0.3,200,"bu","13:05:07",3301200
43.55,-0.3,500,"bu","13:04:56",3301000
43.55,-0.3,300,"bu","13:04:54",3300500
43.55,-0.3,200,"bu","13:04:41",3300200
43.55,-0.3,500,"sd","13:04:40",3300000
43.55,-0.3,5300,"sd","13:04:38",3299500
43.55,-0.3,14200,"bu","13:04:37",3294200
43.55,-0.3,300,"bu","13:04:27",3280000
43.55,-0.3,100,"bu","13:04:25",3279700
43.55,-0.3,700,"bu","13:04:23",3279600
43.55,-0.3,1000,"bu","13:04:17",3278900
43.5,-0.35,500,"sd","13:04:15",3277900
43.55,-0.3,200,"bu","13:04:14",3277400
43.55,-0.3,5700,"bu","13:04:13",3277200
43.55,-0.3,900,"bu","13:04:09",3271500
43.55,-0.3,300,"bu","13:04:01",3270600
43.55,-0.3,200,"bu","13:03:47",3270300
43.55,-0.3,1100,"bu","13:03:34",3270100
43.55,-0.3,200,"bu","13:03:21",3269000
43.55,-0.3,300,"bu","13:03:07",3268800
43.55,-0.3,200,"bu","13:02:54",3268500
43.55,-0.3,300,"bu","13:02:41",3268300
43.55,-0.3,100,"bu","13:02:40",3268000
43.55,-0.3,100,"bu","13:02:40",3267900
43.55,-0.3,1200,"sd","13:02:31",3267800
43.55,-0.3,200,"sd","13:02:29",3266600
43.6,-0.25,200,"bu","13:02:27",3266400
43.6,-0.25,900,"bu","13:02:24",3266200
43.55,-0.3,1400,"sd","13:02:24",3265300
43.55,-0.3,2500,"bu","13:02:19",3263900
43.55,-0.3,900,"bu","13:02:18",3261400
43.55,-0.3,1200,"bu","13:02:14",3260500
43.55,-0.3,200,"bu","13:02:09",3259300
43.55,-0.3,900,"bu","13:02:08",3259100
43.55,-0.3,700,"bu","13:02:06",3258200
43.55,-0.3,800,"bu","13:02:06",3257500
43.55,-0.3,200,"bu","13:02:01",3256700
43.55,-0.3,900,"bu","13:02:00",3256500
43.55,-0.3,900,"bu","13:01:56",3255600
43.55,-0.3,100,"bu","13:01:51",3254700
43.5,-0.35,400,"sd","13:01:49",3254600
43.55,-0.3,900,"bu","13:01:49",3254200
43.55,-0.3,300,"bu","13:01:47",3253300
43.55,-0.3,900,"bu","13:01:45",3253000
43.55,-0.3,900,"bu","13:01:44",3252100
43.55,-0.3,900,"bu","13:01:41",3251200
43.55,-0.3,100,"bu","13:01:39",3250300
43.5,-0.35,500,"sd","13:01:37",3250200
43.55,-0.3,900,"bu","13:01:35",3249700
43.55,-0.3,200,"bu","13:01:34",3248800
43.55,-0.3,900,"bu","13:01:28",3248600
43.55,-0.3,900,"bu","13:01:23",3247700
43.5,-0.35,400,"sd","13:01:23",3246800
43.55,-0.3,300,"bu","13:01:21",3246400
43.55,-0.3,900,"bu","13:01:19",3246100
43.55,-0.3,900,"bu","13:01:15",3245200
43.5,-0.35,2000,"sd","13:01:15",3244300
43.5,-0.35,500,"sd","13:01:10",3242300
43.55,-0.3,900,"bu","13:01:07",3241800
43.5,-0.35,3700,"sd","13:01:05",3240900
43.5,-0.35,2000,"sd","13:00:57",3237200
43.5,-0.35,50000,"sd","13:00:57",3235200
43.5,-0.35,2200,"sd","13:00:39",3185200
43.55,-0.3,100,"bu","13:00:33",3183000
43.5,-0.35,1100,"sd","13:00:32",3182900
43.5,-0.35,300,"sd","13:00:24",3181800
43.5,-0.35,4400,"sd","13:00:19",3181500
43.5,-0.35,200,"sd","13:00:18",3177100
43.5,-0.35,4000,"sd","13:00:17",3176900
43.5,-0.35,1000,"sd","13:00:17",3172900
43.5,-0.35,500,"sd","13:00:16",3171900
43.5,-0.35,5600,"sd","13:00:15",3171400
43.5,-0.35,200,"sd","13:00:14",3165800
43.5,-0.35,200,"sd","13:00:14",3165600
43.5,-0.35,100,"sd","13:00:13",3165400
43.5,-0.35,3000,"sd","13:00:12",3165300
43.55,-0.3,200,"bu","13:00:10",3162300
43.5,-0.35,200,"sd","13:00:07",3162100
43.55,-0.3,100,"bu","13:00:07",3161900
43.5,-0.35,100,"sd","13:00:06",3161800
43.5,-0.35,300,"sd","13:00:05",3161700
43.5,-0.35,2100,"sd","13:00:03",3161400
43.5,-0.35,700,"sd","13:00:02",3159300
43.5,-0.35,800,"sd","13:00:02",3158600
43.5,-0.35,1500,"sd","13:00:01",3157800
43.5,-0.35,4500,"sd","13:00:00",3156300
43.55,-0.3,500,"bu","13:00:00",3151800
43.5,-0.35,200,"sd","11:29:48",3151300
43.5,-0.35,14000,"sd","11:29:45",3151100
43.5,-0.35,200,"sd","11:29:39",3137100
43.5,-0.35,500,"sd","11:29:27",3136900
43.55,-0.3,5800,"bu","11:29:25",3136400
43.5,-0.35,2000,"sd","11:29:18",3130600
43.55,-0.3,500,"bu","11:29:13",3128600
43.5,-0.35,5000,"sd","11:29:00",3128100
43.5,-0.35,500,"sd","11:28:55",3123100
43.5,-0.35,3000,"sd","11:28:53",3122600
43.55,-0.3,300,"bu","11:28:41",3119600
43.55,-0.3,100,"bu","11:28:36",3119300
43.5,-0.35,500,"sd","11:28:25",3119200
43.55,-0.3,300,"bu","11:28:15",3118700
43.55,-0.3,900,"bu","11:28:06",3118400
43.55,-0.3,200,"bu","11:28:01",3117500
43.55,-0.3,600,"bu","11:27:59",3117300
43.5,-0.35,500,"sd","11:27:55",3116700
43.55,-0.3,300,"bu","11:27:48",3116200
43.5,-0.35,3000,"sd","11:27:31",3115900
43.5,-0.35,300,"sd","11:27:25",3112900
43.55,-0.3,200,"sd","11:27:25",3112600
43.55,-0.3,100,"bu","11:27:21",3112400
43.55,-0.3,1300,"sd","11:27:09",3112300
43.55,-0.3,500,"sd","11:26:55",3111000
43.55,-0.3,12000,"sd","11:26:52",3110500
43.55,-0.3,1500,"sd","11:26:41",3098500
43.55,-0.3,500,"sd","11:26:24",3097000
43.55,-0.3,3000,"sd","11:26:21",3096500
43.55,-0.3,200,"sd","11:26:14",3093500
43.55,-0.3,600,"sd","11:26:12",3093300
43.55,-0.3,800,"sd","11:26:11",3092700
43.55,-0.3,500,"sd","11:25:54",3091900
43.55,-0.3,1100,"sd","11:25:43",3091400
43.55,-0.3,400,"sd","11:25:42",3090300
43.55,-0.3,500,"sd","11:25:24",3089900
43.55,-0.3,1400,"sd","11:25:15",3089400
43.55,-0.3,3000,"sd","11:25:09",3088000
43.55,-0.3,2000,"sd","11:25:04",3085000
43.55,-0.3,500,"sd","11:24:54",3083000
43.55,-0.3,2000,"sd","11:24:49",3082500
43.55,-0.3,1500,"sd","11:24:45",3080500
43.55,-0.3,500,"sd","11:24:42",3079000
43.55,-0.3,500,"sd","11:24:24",3078500
43.55,-0.3,5000,"sd","11:24:23",3078000
43.55,-0.3,1400,"sd","11:24:16",3073000
43.55,-0.3,2500,"sd","11:24:03",3071600
43.55,-0.3,7600,"sd","11:23:54",3069100
43.55,-0.3,500,"sd","11:23:54",3061500
43.6,-0.25,2000,"bu","11:23:53",3061000
43.55,-0.3,1500,"sd","11:23:48",3059000
43.55,-0.3,2500,"sd","11:23:42",3057500
43.55,-0.3,20000,"sd","11:23:35",3055000
43.55,-0.3,1000,"sd","11:23:27",3035000
43.55,-0.3,500,"sd","11:23:24",3034000
43.55,-0.3,1400,"sd","11:23:20",3033500
43.55,-0.3,3000,"sd","11:23:02",3032100
43.55,-0.3,100,"sd","11:22:57",3029100
43.55,-0.3,500,"sd","11:22:54",3029000
43.55,-0.3,1500,"sd","11:22:51",3028500
43.55,-0.3,10000,"sd","11:22:29",3027000
43.6,-0.25,200,"bu","11:22:28",3017000
43.6,-0.25,200,"bu","11:22:25",3016800
43.55,-0.3,500,"sd","11:22:24",3016600
43.6,-0.25,300,"bu","11:22:14",3016100
43.6,-0.25,1000,"bu","11:22:08",3015800
43.55,-0.3,500,"sd","11:21:54",3014800
43.6,-0.25,100,"sd","11:21:54",3014300
43.6,-0.25,2000,"sd","11:21:53",3014200
43.6,-0.25,10000,"sd","11:21:48",3012200
43.6,-0.25,3200,"sd","11:21:45",3002200
43.6,-0.25,43400,"sd","11:21:40",2999000
43.6,-0.25,500,"sd","11:21:24",2955600
43.6,-0.25,10000,"sd","11:21:17",2955100
43.6,-0.25,500,"sd","11:20:53",2945100
43.6,-0.25,4400,"sd","11:20:48",2944600
43.6,-0.25,1600,"sd","11:20:47",2940200
43.65,-0.2,800,"bu","11:20:46",2938600
43.65,-0.2,200,"bu","11:20:41",2937800
43.65,-0.2,200,"bu","11:20:40",2937600
43.6,-0.25,1000,"sd","11:20:36",2937400
43.65,-0.2,300,"bu","11:20:28",2936400
43.65,-0.2,900,"bu","11:20:25",2936100
43.6,-0.25,500,"sd","11:20:23",2935200
43.6,-0.25,2000,"sd","11:20:17",2934700
43.6,-0.25,4800,"sd","11:20:13",2932700
43.65,-0.2,400,"bu","11:20:07",2927900
43.6,-0.25,500,"sd","11:19:53",2927500
43.65,-0.2,200,"bu","11:19:47",2927000
43.65,-0.2,500,"bu","11:19:41",2926800
43.6,-0.25,500,"sd","11:19:23",2926300
43.6,-0.25,2000,"sd","11:19:12",2925800
43.6,-0.25,10000,"sd","11:19:06",2923800
43.6,-0.25,500,"sd","11:18:53",2913800
43.65,-0.2,2000,"sd","11:18:44",2913300
43.65,-0.2,500,"sd","11:18:23",2911300
43.65,-0.2,2000,"sd","11:18:17",2910800
43.65,-0.2,500,"sd","11:18:03",2908800
43.65,-0.2,500,"sd","11:17:53",2908300
43.65,-0.2,2200,"sd","11:17:37",2907800
43.65,-0.2,5000,"sd","11:17:30",2905600
43.65,-0.2,500,"sd","11:17:22",2900600
43.65,-0.2,2000,"sd","11:17:17",2900100
43.65,-0.2,3000,"sd","11:17:04",2898100
43.7,-0.15,200,"bu","11:17:01",2895100
43.65,-0.2,4600,"sd","11:16:54",2894900
43.65,-0.2,500,"sd","11:16:53",2890300
43.7,-0.15,100,"bu","11:16:41",2889800
43.65,-0.2,500,"bu","11:16:35",2889700
43.65,-0.2,800,"sd","11:16:27",2889200
43.65,-0.2,500,"sd","11:16:23",2888400
43.7,-0.15,100,"bu","11:16:21",2887900
43.65,-0.2,1000,"bu","11:16:16",2887800
43.65,-0.2,4300,"bu","11:16:14",2886800
43.65,-0.2,200,"bu","11:16:01",2882500
43.65,-0.2,200,"bu","11:15:58",2882300
43.6,-0.25,500,"sd","11:15:52",2882100
43.65,-0.2,400,"bu","11:15:47",2881600
43.65,-0.2,200,"sd","11:15:40",2881200
43.65,-0.2,400,"bu","11:15:38",2881000
43.65,-0.2,200,"bu","11:15:34",2880600
43.65,-0.2,100,"bu","11:15:31",2880400
43.6,-0.25,500,"sd","11:15:22",2880300
43.65,-0.2,1400,"bu","11:15:21",2879800
43.65,-0.2,900,"sd","11:15:20",2878400
43.7,-0.15,100,"bu","11:15:18",2877500
43.65,-0.2,100,"bu","11:15:16",2877400
43.65,-0.2,400,"sd","11:15:16",2877300
43.65,-0.2,400,"bu","11:14:58",2876900
43.65,-0.2,100,"bu","11:14:58",2876500
43.6,-0.25,500,"sd","11:14:52",2876400
43.65,-0.2,1500,"sd","11:14:50",2875900
43.7,-0.15,200,"bu","11:14:41",2874400
43.7,-0.15,100,"bu","11:14:37",2874200
43.65,-0.2,10000,"sd","11:14:34",2874100
43.65,-0.2,10000,"sd","11:14:23",2864100
43.65,-0.2,500,"sd","11:14:22",2854100
43.7,-0.15,200,"bu","11:14:16",2853600
43.7,-0.15,200,"bu","11:14:14",2853400
43.7,-0.15,100,"bu","11:14:09",2853200
43.65,-0.2,10000,"sd","11:14:08",2853100
43.65,-0.2,10000,"sd","11:14:07",2843100
43.65,-0.2,10000,"sd","11:14:02",2833100
43.65,-0.2,10000,"sd","11:14:01",2823100
43.7,-0.15,400,"bu","11:14:00",2813100
43.7,-0.15,200,"bu","11:13:54",2812700
43.65,-0.2,500,"sd","11:13:52",2812500
43.7,-0.15,200,"bu","11:13:47",2812000
43.7,-0.15,20000,"bu","11:13:46",2811800
43.65,-0.2,2000,"sd","11:13:45",2791800
43.7,-0.15,100,"bu","11:13:34",2789800
43.65,-0.2,500,"sd","11:13:22",2789700
43.7,-0.15,200,"bu","11:13:20",2789200
43.7,-0.15,200,"bu","11:13:12",2789000
43.65,-0.2,500,"sd","11:12:52",2788800
43.7,-0.15,100,"bu","11:12:49",2788100
43.65,-0.2,1000,"sd","11:12:49",2788000
43.7,-0.15,100,"bu","11:12:42",2787000
43.7,-0.15,300,"bu","11:12:40",2786900
43.7,-0.15,200,"bu","11:12:31",2786600
43.65,-0.2,500,"sd","11:12:22",2786400
43.7,-0.15,1100,"bu","11:12:21",2785900
43.65,-0.2,1500,"sd","11:12:11",2784800
43.7,-0.15,100,"bu","11:12:11",2783300
43.65,-0.2,300,"sd","11:12:10",2783200
43.65,-0.2,500,"sd","11:11:51",2782900
43.7,-0.15,100,"bu","11:11:50",2782400
43.7,-0.15,300,"bu","11:11:47",2782300
43.7,-0.15,900,"bu","11:11:37",2782000
43.7,-0.15,200,"bu","11:11:34",2781100
43.7,-0.15,100,"bu","11:11:30",2780900
43.65,-0.2,2000,"sd","11:11:27",2780800
43.65,-0.2,500,"sd","11:11:22",2778800
43.7,-0.15,300,"bu","11:11:20",2778300
43.7,-0.15,200,"bu","11:11:08",2778000
43.65,-0.2,500,"sd","11:10:52",2777800
43.7,-0.15,100,"bu","11:10:47",2777300
43.65,-0.2,3500,"bu","11:10:37",2777200
43.65,-0.2,3700,"bu","11:10:36",2773700
43.6,-0.25,500,"sd","11:10:33",2770000
43.65,-0.2,300,"bu","11:10:27",2769500
43.65,-0.2,200,"bu","11:10:26",2769200
43.6,-0.25,500,"sd","11:10:21",2769000
43.65,-0.2,200,"bu","11:10:14",2768500
43.65,-0.2,100,"bu","11:10:05",2768300
43.65,-0.2,100,"bu","11:10:04",2768200
43.6,-0.25,500,"sd","11:09:51",2768100
43.65,-0.2,500,"sd","11:09:50",2767600
43.65,-0.2,500,"bu","11:09:47",2767100
43.65,-0.2,200,"bu","11:09:44",2766600
43.65,-0.2,1000,"bu","11:09:43",2766400
43.65,-0.2,300,"bu","11:09:33",2765400
43.65,-0.2,200,"bu","11:09:32",2765100
43.65,-0.2,1300,"sd","11:09:23",2764900
43.7,-0.15,200,"bu","11:09:23",2763600
43.65,-0.2,500,"sd","11:09:21",2763400
43.65,-0.2,5200,"sd","11:09:16",2762900
43.7,-0.15,300,"bu","11:09:07",2757700
43.7,-0.15,100,"bu","11:09:02",2757400
43.65,-0.2,11800,"bu","11:08:57",2757300
43.6,-0.25,1400,"sd","11:08:57",2745500
43.6,-0.25,500,"sd","11:08:51",2744100
43.65,-0.2,200,"bu","11:08:41",2743600
43.6,-0.25,1000,"sd","11:08:33",2743400
43.65,-0.2,100,"bu","11:08:31",2742400
43.65,-0.2,200,"bu","11:08:27",2742300
43.65,-0.2,100,"bu","11:08:21",2742100
43.6,-0.25,500,"sd","11:08:21",2742000
43.6,-0.25,7900,"sd","11:08:07",2741500
43.6,-0.25,300,"sd","11:08:01",2733600
43.7,-0.15,100,"bu","11:08:01",2733300
43.6,-0.25,600,"sd","11:07:59",2733200
43.6,-0.25,200,"sd","11:07:53",2732600
43.6,-0.25,500,"sd","11:07:51",2732400
43.6,-0.25,7900,"sd","11:07:48",2731900
43.6,-0.25,7900,"sd","11:07:41",2724000
43.7,-0.15,100,"bu","11:07:40",2716100
43.6,-0.25,500,"sd","11:07:33",2716000
43.6,-0.25,2000,"sd","11:07:25",2715500
43.6,-0.25,500,"sd","11:07:21",2713500
43.7,-0.15,300,"bu","11:07:20",2713000
43.7,-0.15,200,"bu","11:07:18",2712700
43.7,-0.15,200,"bu","11:07:07",2712500
43.7,-0.15,200,"bu","11:06:56",2712300
43.6,-0.25,500,"sd","11:06:51",2712100
43.6,-0.25,6900,"sd","11:06:50",2711600
43.65,-0.2,1000,"sd","11:06:50",2704700
43.6,-0.25,700,"sd","11:06:47",2703700
43.65,-0.2,1300,"sd","11:06:47",2703000
43.7,-0.15,200,"bu","11:06:40",2701700
43.7,-0.15,200,"bu","11:06:35",2701500
43.65,-0.2,4800,"bu","11:06:27",2701300
43.65,-0.2,3100,"sd","11:06:27",2696500
43.65,-0.2,500,"sd","11:06:21",2693400
43.7,-0.15,200,"bu","11:06:14",2692900
43.7,-0.15,200,"bu","11:06:13",2692700
43.7,-0.15,900,"bu","11:06:07",2692500
43.7,-0.15,300,"bu","11:06:00",2691600
43.7,-0.15,1200,"bu","11:05:57",2691300
43.7,-0.15,200,"bu","11:05:52",2690100
43.65,-0.2,7900,"sd","11:05:52",2689900
43.65,-0.2,500,"sd","11:05:50",2682000
43.65,-0.2,200,"sd","11:05:48",2681500
43.7,-0.15,200,"bu","11:05:47",2681300
43.7,-0.15,2100,"bu","11:05:46",2681100
43.7,-0.15,200,"bu","11:05:33",2679000
43.7,-0.15,100,"bu","11:05:32",2678800
43.7,-0.15,200,"bu","11:05:27",2678700
43.65,-0.2,7900,"sd","11:05:26",2678500
43.65,-0.2,100,"sd","11:05:20",2670600
43.7,-0.15,400,"sd","11:05:20",2670500
43.75,-0.1,300,"bu","11:05:20",2670100
43.75,-0.1,200,"bu","11:05:11",2669800
43.7,-0.15,300,"bu","11:04:53",2669600
43.7,-0.15,100,"bu","11:04:50",2669300
43.65,-0.2,500,"sd","11:04:50",2669200
43.7,-0.15,200,"bu","11:04:46",2668700
43.7,-0.15,100,"bu","11:04:45",2668500
43.7,-0.15,200,"bu","11:04:40",2668400
43.7,-0.15,1100,"sd","11:04:33",2668200
43.8,-0.05,100,"bu","11:04:30",2667100
43.7,-0.15,500,"sd","11:04:20",2667000
43.7,-0.15,1000,"sd","11:04:16",2666500
43.8,-0.05,200,"bu","11:04:13",2665500
43.8,-0.05,200,"bu","11:04:09",2665300
43.7,-0.15,500,"sd","11:03:50",2665100
43.8,-0.05,400,"bu","11:03:47",2664600
43.8,-0.05,300,"bu","11:03:33",2664200
43.8,-0.05,200,"bu","11:03:25",2663900
43.7,-0.15,100,"sd","11:03:20",2663700
43.75,-0.1,100,"bu","11:03:06",2663200
43.75,-0.1,200,"bu","11:03:04",2663100
43.7,-0.15,100,"bu","11:02:58",2662900
43.6,-0.25,400,"sd","11:02:50",2662800
43.65,-0.2,100,"sd","11:02:50",2662400
43.7,-0.15,100,"bu","11:02:44",2662300
43.7,-0.15,100,"bu","11:02:42",2662200
43.6,-0.25,2000,"sd","11:02:30",2662100
43.7,-0.15,900,"bu","11:02:28",2660100
43.7,-0.15,200,"bu","11:02:26",2659200
43.7,-0.15,200,"bu","11:02:23",2659000
43.55,-0.3,200,"sd","11:02:20",2658800
43.6,-0.25,300,"sd","11:02:20",2658600
43.6,-0.25,1700,"bu","11:02:16",2658300
43.6,-0.25,200,"bu","11:02:14",2656600
43.55,-0.3,300,"sd","11:02:10",2656400
43.6,-0.25,40000,"bu","11:02:10",2656100
43.6,-0.25,200,"bu","11:02:02",2616100
43.6,-0.25,200,"bu","11:02:00",2615900
43.6,-0.25,600,"bu","11:01:56",2615700
43.6,-0.25,1000,"bu","11:01:52",2615100
43.55,-0.3,500,"sd","11:01:49",2614100
43.55,-0.3,1000,"sd","11:01:45",2613600
43.6,-0.25,100,"bu","11:01:42",2612600
43.6,-0.25,200,"bu","11:01:40",2612500
43.55,-0.3,100,"sd","11:01:36",2612300
43.55,-0.3,1000,"sd","11:01:35",2612200
43.55,-0.3,2000,"sd","11:01:33",2611200
43.6,-0.25,200,"bu","11:01:33",2609200
43.6,-0.25,500,"bu","11:01:31",2609000
43.6,-0.25,300,"bu","11:01:20",2608500
43.55,-0.3,500,"sd","11:01:20",2608200
43.6,-0.25,200,"bu","11:01:19",2607700
43.6,-0.25,200,"bu","11:01:06",2607500
43.6,-0.25,200,"bu","11:00:58",2607300
43.55,-0.3,1000,"sd","11:00:53",2607100
43.6,-0.25,300,"bu","11:00:52",2606100
43.6,-0.25,2000,"bu","11:00:50",2605800
43.55,-0.3,500,"sd","11:00:50",2603800
43.55,-0.3,2000,"sd","11:00:44",2603300
43.6,-0.25,200,"bu","11:00:40",2601300
43.6,-0.25,300,"bu","11:00:38",2601100
43.55,-0.3,2000,"sd","11:00:37",2600800
43.6,-0.25,200,"bu","11:00:37",2598800
43.55,-0.3,100,"sd","11:00:30",2598600
43.55,-0.3,26600,"sd","11:00:25",2598500
43.55,-0.3,2000,"sd","11:00:21",2571700
43.55,-0.3,500,"sd","11:00:20",2569700
43.6,-0.25,500,"bu","11:00:18",2569200
43.6,-0.25,100,"bu","11:00:16",2568700
43.6,-0.25,100,"bu","11:00:14",2568600
43.6,-0.25,200,"bu","11:00:13",2568500
43.6,-0.25,20000,"bu","11:00:07",2568300
43.6,-0.25,300,"bu","11:00:00",2548300
43.6,-0.25,4900,"sd","10:59:58",2548000
43.7,-0.15,200,"bu","10:59:56",2543100
43.6,-0.25,100,"sd","10:59:53",2542900
43.6,-0.25,500,"sd","10:59:49",2542800
43.6,-0.25,1300,"bu","10:59:40",2542300
43.6,-0.25,100,"bu","10:59:36",2541000
43.6,-0.25,500,"bu","10:59:35",2540900
43.6,-0.25,300,"bu","10:59:33",2540400
43.6,-0.25,1000,"bu","10:59:22",2540100
43.6,-0.25,200,"bu","10:59:21",2539100
43.55,-0.3,500,"sd","10:59:19",2538900
43.6,-0.25,100,"bu","10:59:19",2538400
43.55,-0.3,1000,"sd","10:59:16",2538300
43.6,-0.25,200,"bu","10:59:15",2537300
43.6,-0.25,200,"bu","10:59:14",2537100
43.6,-0.25,300,"bu","10:59:06",2536900
43.6,-0.25,200,"bu","10:58:57",2536600
43.6,-0.25,200,"bu","10:58:55",2536400
43.55,-0.3,500,"sd","10:58:49",2536200
43.6,-0.25,5000,"bu","10:58:49",2535700
43.6,-0.25,800,"bu","10:58:48",2530700
43.6,-0.25,200,"bu","10:58:40",2529900
43.6,-0.25,300,"bu","10:58:40",2529700
43.6,-0.25,200,"bu","10:58:35",2529400
43.6,-0.25,200,"bu","10:58:33",2529200
43.6,-0.25,60700,"sd","10:58:29",2529000
43.65,-0.2,31500,"sd","10:58:29",2468300
43.7,-0.15,1000,"bu","10:58:27",2436800
43.65,-0.2,500,"sd","10:58:19",2435800
43.7,-0.15,500,"bu","10:58:17",2435300
43.7,-0.15,200,"bu","10:58:15",2434800
43.7,-0.15,300,"bu","10:58:13",2434600
43.7,-0.15,200,"bu","10:58:11",2434300
43.65,-0.2,9300,"sd","10:58:08",2434100
43.7,-0.15,200,"bu","10:58:00",2424800
43.7,-0.15,18100,"sd","10:57:59",2424600
43.75,-0.1,500,"bu","10:57:58",2406500
43.75,-0.1,7900,"bu","10:57:56",2406000
43.75,-0.1,100,"bu","10:57:51",2398100
43.7,-0.15,500,"sd","10:57:49",2398000
43.7,-0.15,200,"sd","10:57:48",2397500
43.7,-0.15,5000,"sd","10:57:46",2397300
43.7,-0.15,29000,"sd","10:57:44",2392300
43.75,-0.1,200,"bu","10:57:33",2363300
43.75,-0.1,100,"bu","10:57:31",2363100
43.7,-0.15,1000,"sd","10:57:23",2363000
43.75,-0.1,900,"bu","10:57:19",2362000
43.75,-0.1,300,"bu","10:57:19",2361100
43.7,-0.15,500,"sd","10:57:19",2360800
43.75,-0.1,200,"bu","10:57:09",2360300
43.75,-0.1,200,"bu","10:57:06",2360100
43.75,-0.1,2900,"bu","10:57:03",2359900
43.75,-0.1,900,"bu","10:56:58",2357000
43.75,-0.1,100,"sd","10:56:57",2356100
43.75,-0.1,38400,"sd","10:56:56",2356000
43.8,-0.05,300,"bu","10:56:53",2317600
43.8,-0.05,200,"bu","10:56:49",2317300
43.75,-0.1,500,"sd","10:56:49",2317100
43.75,-0.1,16000,"sd","10:56:39",2316600
43.8,-0.05,200,"bu","10:56:39",2300600
43.8,-0.05,200,"bu","10:56:28",2300400
43.75,-0.1,500,"sd","10:56:19",2300200
43.8,-0.05,200,"bu","10:56:13",2299700
43.8,-0.05,200,"bu","10:56:06",2299500
43.75,-0.1,100,"sd","10:56:06",2299300
43.8,-0.05,2000,"bu","10:56:04",2299200
43.8,-0.05,300,"bu","10:55:59",2297200
43.8,-0.05,400,"bu","10:55:51",2296900
43.8,-0.05,10000,"bu","10:55:49",2296500
43.75,-0.1,500,"sd","10:55:49",2286500
43.8,-0.05,200,"bu","10:55:46",2286000
43.8,-0.05,200,"bu","10:55:45",2285800
43.75,-0.1,1000,"sd","10:55:41",2285600
43.75,-0.1,300,"sd","10:55:29",2284600
43.75,-0.1,2500,"sd","10:55:27",2284300
43.8,-0.05,100,"bu","10:55:25",2281800
43.75,-0.1,100,"sd","10:55:21",2281700
43.8,-0.05,200,"bu","10:55:19",2281600
43.75,-0.1,500,"sd","10:55:18",2281400
43.8,-0.05,900,"bu","10:55:08",2280900
43.8,-0.05,200,"bu","10:55:06",2280000
43.8,-0.05,200,"bu","10:55:03",2279800
43.75,-0.1,500,"sd","10:54:48",2279600
43.75,-0.1,7100,"sd","10:54:46",2279100
43.8,-0.05,200,"bu","10:54:42",2272000
43.8,-0.05,200,"bu","10:54:39",2271800
43.8,-0.05,300,"bu","10:54:26",2271600
43.8,-0.05,200,"bu","10:54:21",2271300
43.75,-0.1,500,"sd","10:54:18",2271100
43.8,-0.05,200,"bu","10:54:13",2270600
43.8,-0.05,300,"sd","10:54:03",2270400
43.8,-0.05,24300,"sd","10:54:00",2270100
43.85,0,200,"bu","10:53:59",2245800
43.8,-0.05,3000,"sd","10:53:57",2245600
43.8,-0.05,6900,"sd","10:53:52",2242600
43.8,-0.05,1000,"sd","10:53:52",2235700
43.8,-0.05,500,"sd","10:53:48",2234700
43.85,0,200,"bu","10:53:46",2234200
43.85,0,100,"bu","10:53:45",2234000
43.8,-0.05,2000,"sd","10:53:42",2233900
43.85,0,200,"bu","10:53:38",2231900
43.8,-0.05,100,"sd","10:53:33",2231700
43.8,-0.05,500,"sd","10:53:18",2231600
43.85,0,900,"bu","10:53:18",2231100
43.85,0,200,"bu","10:53:17",2230200
43.85,0,500,"bu","10:53:16",2230000
43.85,0,300,"bu","10:53:06",2229500
43.85,0,5000,"bu","10:52:56",2229200
43.85,0,200,"bu","10:52:55",2224200
43.8,-0.05,500,"sd","10:52:48",2224000
43.85,0,300,"bu","10:52:39",2223500
43.85,0,100,"bu","10:52:35",2223200
43.85,0,200,"bu","10:52:26",2223100
43.85,0,1200,"bu","10:52:24",2222900
43.8,-0.05,500,"sd","10:52:18",2221700
43.85,0,200,"bu","10:52:13",2221200
43.8,-0.05,1100,"sd","10:52:08",2221000
43.85,0,200,"bu","10:51:59",2219900
43.85,0,200,"bu","10:51:55",2219700
43.85,0,200,"bu","10:51:51",2219500
43.8,-0.05,500,"sd","10:51:48",2219300
43.8,-0.05,300,"sd","10:51:44",2218800
43.85,0,5000,"bu","10:51:39",2218500
43.85,0,200,"bu","10:51:32",2213500
43.85,0,200,"bu","10:51:30",2213300
43.85,0,900,"bu","10:51:28",2213100
43.85,0,10000,"bu","10:51:21",2211900
43.8,-0.05,500,"sd","10:51:17",2201900
43.85,0,200,"bu","10:51:09",2201400
43.85,0,200,"bu","10:51:06",2201200
43.85,0,300,"bu","10:50:52",2201000
43.85,0,200,"bu","10:50:48",2200700
43.8,-0.05,500,"sd","10:50:48",2200500
43.8,-0.05,2000,"sd","10:50:46",2200000
43.8,-0.05,10000,"bu","10:50:31",2198000
43.8,-0.05,200,"bu","10:50:27",2188000
43.75,-0.1,500,"sd","10:50:19",2187800
43.75,-0.1,500,"sd","10:50:17",2187300
43.8,-0.05,200,"bu","10:50:12",2186800
43.8,-0.05,300,"bu","10:50:06",2186600
43.8,-0.05,100,"bu","10:50:01",2186300
43.8,-0.05,300,"bu","10:49:59",2186200
43.8,-0.05,300,"bu","10:49:52",2185900
43.75,-0.1,500,"sd","10:49:47",2185600
43.8,-0.05,200,"bu","10:49:46",2185100
43.8,-0.05,200,"bu","10:49:45",2184900
43.8,-0.05,5000,"bu","10:49:40",2184700
43.75,-0.1,2300,"sd","10:49:29",2179700
43.75,-0.1,7900,"sd","10:49:23",2177400
43.75,-0.1,700,"sd","10:49:17",2169300
43.75,-0.1,2300,"sd","10:49:16",2168600
43.8,-0.05,100,"bu","10:49:09",2166300
43.8,-0.05,300,"bu","10:49:06",2166200
43.8,-0.05,200,"bu","10:49:02",2165900
43.75,-0.1,500,"sd","10:48:47",2165700
43.8,-0.05,5000,"bu","10:48:45",2165200
43.8,-0.05,200,"bu","10:48:42",2160200
43.75,-0.1,1000,"sd","10:48:42",2160000
43.75,-0.1,2000,"sd","10:48:35",2159000
43.8,-0.05,200,"bu","10:48:26",2157000
43.8,-0.05,200,"bu","10:48:21",2156800
43.75,-0.1,500,"sd","10:48:17",2156600
43.75,-0.1,200,"sd","10:48:03",2156100
43.75,-0.1,1000,"sd","10:47:59",2155900
43.8,-0.05,200,"bu","10:47:59",2154900
43.75,-0.1,1900,"sd","10:47:58",2154700
43.75,-0.1,500,"sd","10:47:47",2152800
43.75,-0.1,400,"sd","10:47:45",2152300
43.8,-0.05,200,"bu","10:47:37",2151900
43.75,-0.1,500,"sd","10:47:32",2151700
43.75,-0.1,2300,"bu","10:47:25",2151200
43.75,-0.1,200,"sd","10:47:20",2148900
43.8,-0.05,300,"bu","10:47:19",2148700
43.8,-0.05,200,"bu","10:47:17",2148400
43.7,-0.15,300,"sd","10:47:17",2148200
43.75,-0.1,200,"sd","10:47:17",2147900
43.75,-0.1,700,"sd","10:47:02",2147700
43.75,-0.1,34400,"sd","10:46:59",2147000
43.8,-0.05,700,"sd","10:46:57",2112600
43.85,0,200,"bu","10:46:55",2111900
43.8,-0.05,24000,"sd","10:46:53",2111700
43.8,-0.05,500,"sd","10:46:47",2087700
43.85,0,1000,"bu","10:46:43",2087200
43.85,0,200,"bu","10:46:39",2086200
43.85,0,100,"bu","10:46:35",2086000
43.8,-0.05,10000,"sd","10:46:27",2085900
43.8,-0.05,500,"sd","10:46:17",2075900
43.85,0,200,"bu","10:46:13",2075400
43.85,0,200,"bu","10:46:12",2075200
43.85,0,2000,"bu","10:46:10",2075000
43.85,0,300,"bu","10:46:01",2073000
43.85,0,1200,"bu","10:45:59",2072700
43.85,0,200,"bu","10:45:53",2071500
43.8,-0.05,1000,"sd","10:45:51",2071300
43.8,-0.05,500,"sd","10:45:47",2070300
43.8,-0.05,1000,"sd","10:45:40",2069800
43.85,0,200,"bu","10:45:32",2068800
43.85,0,300,"bu","10:45:32",2068600
43.85,0,3500,"bu","10:45:31",2068300
43.8,-0.05,1000,"sd","10:45:30",2064800
43.8,-0.05,3000,"sd","10:45:25",2063800
43.8,-0.05,600,"sd","10:45:16",2060800
43.85,0,200,"bu","10:45:12",2060200
43.8,-0.05,300,"sd","10:45:05",2060000
43.8,-0.05,5000,"sd","10:45:04",2059700
43.8,-0.05,2300,"sd","10:44:59",2054700
43.85,0,200,"bu","10:44:52",2052400
43.85,0,200,"bu","10:44:50",2052200
43.8,-0.05,200,"sd","10:44:47",2052000
43.8,-0.05,500,"sd","10:44:46",2051800
43.8,-0.05,1000,"sd","10:44:42",2051300
43.8,-0.05,7500,"sd","10:44:40",2050300
43.8,-0.05,200,"sd","10:44:29",2042800
43.85,0,200,"bu","10:44:29",2042600
43.8,-0.05,500,"sd","10:44:17",2042400
43.85,0,200,"bu","10:44:12",2041900
43.85,0,900,"bu","10:44:09",2041700
43.85,0,200,"bu","10:44:07",2040800
43.8,-0.05,100,"sd","10:44:03",2040600
43.8,-0.05,300,"sd","10:44:02",2040500
43.8,-0.05,500,"sd","10:43:47",2040200
43.8,-0.05,500,"sd","10:43:46",2039700
43.85,0,200,"bu","10:43:46",2039200
43.8,-0.05,1000,"sd","10:43:43",2039000
43.8,-0.05,3000,"sd","10:43:35",2038000
43.85,0,1300,"bu","10:43:32",2035000
43.85,0,200,"bu","10:43:25",2033700
43.8,-0.05,500,"sd","10:43:16",2033500
43.85,0,5000,"bu","10:43:11",2033000
43.85,0,5000,"bu","10:43:05",2028000
43.85,0,200,"bu","10:43:05",2023000
43.8,-0.05,5000,"sd","10:43:03",2022800
43.85,0,200,"bu","10:42:58",2017800
43.85,0,200,"bu","10:42:52",2017600
43.85,0,25000,"sd","10:42:46",2017400
43.85,0,500,"sd","10:42:46",1992400
43.9,0.05,200,"bu","10:42:44",1991900
43.9,0.05,1200,"bu","10:42:39",1991700
43.85,0,200,"sd","10:42:37",1990500
43.9,0.05,200,"bu","10:42:25",1990300
43.9,0.05,200,"bu","10:42:24",1990100
43.85,0,3000,"sd","10:42:21",1989900
43.85,0,500,"sd","10:42:16",1986900
43.9,0.05,1000,"bu","10:42:13",1986400
43.85,0,4500,"sd","10:42:12",1985400
43.85,0,500,"sd","10:42:11",1980900
43.9,0.05,200,"bu","10:42:03",1980400
43.85,0,50000,"sd","10:42:00",1980200
43.9,0.05,200,"bu","10:41:59",1930200
43.9,0.05,100,"bu","10:41:47",1930000
43.85,0,500,"sd","10:41:46",1929900
43.9,0.05,300,"bu","10:41:45",1929400
43.9,0.05,200,"bu","10:41:41",1929100
43.85,0,1000,"sd","10:41:39",1928900
43.9,0.05,200,"bu","10:41:32",1927900
43.9,0.05,200,"bu","10:41:21",1927700
43.85,0,2500,"sd","10:41:17",1927500
43.85,0,500,"sd","10:41:16",1925000
43.9,0.05,200,"bu","10:41:05",1924500
43.9,0.05,200,"bu","10:41:04",1924300
43.9,0.05,200,"bu","10:41:00",1924100
43.85,0,500,"sd","10:40:46",1923900
43.9,0.05,400,"bu","10:40:38",1923400
43.9,0.05,900,"bu","10:40:29",1923000
43.9,0.05,300,"bu","10:40:25",1922100
43.9,0.05,200,"bu","10:40:24",1921800
43.9,0.05,200,"bu","10:40:16",1921600
43.85,0,500,"sd","10:40:16",1921400
43.9,0.05,200,"bu","10:40:12",1920900
43.9,0.05,1400,"bu","10:40:09",1920700
43.9,0.05,200,"bu","10:40:00",1919300
43.9,0.05,300,"bu","10:39:58",1919100
43.9,0.05,200,"bu","10:39:55",1918800
43.9,0.05,500,"bu","10:39:47",1918600
43.85,0,500,"sd","10:39:46",1918100
43.9,0.05,200,"bu","10:39:45",1917600
43.9,0.05,500,"bu","10:39:39",1917400
43.9,0.05,800,"bu","10:39:39",1916900
43.9,0.05,200,"bu","10:39:33",1916100
43.9,0.05,300,"bu","10:39:32",1915900
43.9,0.05,300,"bu","10:39:24",1915600
43.85,0,500,"sd","10:39:16",1915300
43.9,0.05,200,"bu","10:39:13",1914800
43.9,0.05,300,"bu","10:39:05",1914600
43.9,0.05,200,"bu","10:38:52",1914300
43.85,0,500,"sd","10:38:46",1914100
43.9,0.05,900,"bu","10:38:39",1913600
43.9,0.05,300,"bu","10:38:38",1912700
43.9,0.05,200,"bu","10:38:31",1912400
43.85,0,500,"sd","10:38:15",1912200
43.9,0.05,300,"bu","10:38:12",1911700
43.9,0.05,200,"bu","10:38:10",1911400
43.85,0,2700,"sd","10:38:04",1911200
43.85,0,100,"sd","10:38:00",1908500
43.85,0,1700,"sd","10:37:51",1908400
43.9,0.05,200,"bu","10:37:48",1906700
43.85,0,500,"sd","10:37:45",1906500
43.9,0.05,300,"bu","10:37:45",1906000
43.9,0.05,100,"bu","10:37:33",1905700
43.9,0.05,200,"bu","10:37:32",1905600
43.9,0.05,200,"bu","10:37:28",1905400
43.85,0,500,"sd","10:37:15",1905200
43.9,0.05,200,"bu","10:37:08",1904700
43.9,0.05,300,"bu","10:37:05",1904500
43.9,0.05,300,"bu","10:36:52",1904200
43.9,0.05,800,"bu","10:36:49",1903900
43.9,0.05,200,"bu","10:36:46",1903100
43.85,0,500,"sd","10:36:45",1902900
43.85,0,10000,"sd","10:36:42",1902400
43.85,0,500,"sd","10:36:40",1892400
43.9,0.05,1300,"bu","10:36:39",1891900
43.9,0.05,200,"bu","10:36:38",1890600
43.9,0.05,200,"bu","10:36:26",1890400
43.85,0,4500,"sd","10:36:17",1890200
43.85,0,500,"sd","10:36:15",1885700
43.9,0.05,2000,"bu","10:36:14",1885200
43.9,0.05,200,"bu","10:36:12",1883200
43.9,0.05,200,"bu","10:36:04",1883000
43.85,0,500,"sd","10:35:45",1882800
43.9,0.05,200,"bu","10:35:44",1882300
43.9,0.05,200,"bu","10:35:43",1882100
43.9,0.05,500,"bu","10:35:32",1881900
43.9,0.05,5000,"bu","10:35:28",1881400
43.9,0.05,5000,"sd","10:35:28",1876400
43.9,0.05,1000,"sd","10:35:25",1871400
43.95,0.1,200,"bu","10:35:23",1870400
43.9,0.05,1700,"sd","10:35:20",1870200
43.9,0.05,500,"sd","10:35:14",1868500
43.9,0.05,7000,"bu","10:35:13",1868000
43.9,0.05,100,"bu","10:35:12",1861000
43.9,0.05,100,"bu","10:35:07",1860900
43.9,0.05,5300,"bu","10:35:05",1860800
43.9,0.05,100,"bu","10:35:02",1855500
43.9,0.05,200,"bu","10:35:01",1855400
43.9,0.05,900,"bu","10:34:59",1855200
43.9,0.05,500,"sd","10:34:53",1854300
43.9,0.05,500,"sd","10:34:45",1853800
43.95,0.1,200,"bu","10:34:40",1853300
43.9,0.05,2600,"bu","10:34:35",1853100
43.9,0.05,1000,"bu","10:34:34",1850500
43.9,0.05,600,"bu","10:34:25",1849500
43.9,0.05,200,"bu","10:34:20",1848900
43.85,0,500,"sd","10:34:15",1848700
43.9,0.05,200,"bu","10:34:11",1848200
43.9,0.05,3000,"bu","10:34:07",1848000
43.9,0.05,200,"bu","10:34:03",1845000
43.9,0.05,200,"bu","10:33:59",1844800
43.9,0.05,300,"bu","10:33:58",1844600
43.9,0.05,2300,"bu","10:33:54",1844300
43.9,0.05,100,"bu","10:33:53",1842000
43.85,0,10000,"sd","10:33:52",1841900
43.9,0.05,200,"bu","10:33:45",1831900
43.85,0,500,"sd","10:33:44",1831700
43.9,0.05,500,"bu","10:33:43",1831200
43.9,0.05,100,"bu","10:33:42",1830700
43.9,0.05,4100,"bu","10:33:41",1830600
43.9,0.05,5000,"bu","10:33:39",1826500
43.9,0.05,200,"bu","10:33:38",1821500
43.9,0.05,300,"bu","10:33:31",1821300
43.9,0.05,100,"bu","10:33:22",1821000
43.9,0.05,400,"bu","10:33:18",1820900
43.85,0,500,"sd","10:33:17",1820500
43.85,0,500,"sd","10:33:14",1820000
43.9,0.05,2000,"bu","10:33:13",1819500
43.9,0.05,1100,"bu","10:33:09",1817500
43.9,0.05,300,"bu","10:33:05",1816400
43.9,0.05,200,"bu","10:32:56",1816100
43.9,0.05,8300,"sd","10:32:53",1815900
43.9,0.05,10000,"sd","10:32:50",1807600
43.9,0.05,29500,"sd","10:32:44",1797600
43.9,0.05,500,"sd","10:32:40",1768100
43.95,0.1,300,"bu","10:32:38",1767600
43.95,0.1,200,"bu","10:32:34",1767300
43.9,0.05,9000,"sd","10:32:26",1767100
43.9,0.05,10000,"sd","10:32:20",1758100
43.95,0.1,21600,"sd","10:32:20",1748100
43.95,0.1,2000,"sd","10:32:16",1726500
43.95,0.1,500,"sd","10:32:14",1724500
44,0.15,200,"bu","10:32:13",1724000
43.95,0.1,41300,"sd","10:32:04",1723800
44,0.15,200,"bu","10:32:00",1682500
44,0.15,200,"bu","10:31:58",1682300
44,0.15,200,"bu","10:31:52",1682100
43.95,0.1,5000,"sd","10:31:48",1681900
43.95,0.1,500,"sd","10:31:44",1676900
44,0.15,700,"bu","10:31:42",1676400
44,0.15,200,"bu","10:31:31",1675700
43.95,0.1,100,"sd","10:31:28",1675500
44,0.15,1000,"bu","10:31:21",1675400
43.95,0.1,400,"sd","10:31:14",1674400
44,0.15,200,"bu","10:31:10",1674000
44,0.15,35000,"sd","10:31:05",1673800
44.05,0.2,100,"bu","10:30:54",1638600
44.05,0.2,300,"bu","10:30:51",1638500
44.05,0.2,200,"bu","10:30:49",1638200
44.05,0.2,100,"bu","10:30:47",1638000
44.05,0.2,600,"bu","10:30:46",1637900
44,0.15,400,"sd","10:30:44",1637300
44.05,0.2,200,"bu","10:30:38",1636900
44.05,0.2,200,"bu","10:30:28",1636700
44,0.15,1000,"sd","10:30:18",1636500
44,0.15,400,"sd","10:30:14",1635500
44.05,0.2,1200,"bu","10:30:13",1635100
44.05,0.2,200,"bu","10:30:11",1633900
44.05,0.2,200,"bu","10:30:08",1633700
44.05,0.2,300,"bu","10:29:58",1633500
44.05,0.2,200,"bu","10:29:48",1633200
44,0.15,400,"sd","10:29:44",1633000
44,0.15,800,"sd","10:29:40",1632600
44.05,0.2,300,"bu","10:29:30",1631800
44.05,0.2,900,"bu","10:29:30",1631500
44.05,0.2,200,"bu","10:29:27",1630600
44,0.15,7900,"sd","10:29:23",1630400
44,0.15,400,"sd","10:29:13",1622500
44.05,0.2,200,"bu","10:29:06",1622100
44,0.15,1500,"bu","10:29:01",1621900
44,0.15,1000,"bu","10:28:57",1620400
44,0.15,200,"bu","10:28:54",1619400
44,0.15,200,"bu","10:28:51",1619200
44,0.15,5000,"bu","10:28:49",1619000
44,0.15,200,"bu","10:28:45",1614000
44,0.15,1500,"bu","10:28:44",1613800
43.95,0.1,400,"sd","10:28:44",1612300
44,0.15,1300,"bu","10:28:38",1611900
44,0.15,1000,"bu","10:28:34",1610600
44,0.15,200,"bu","10:28:24",1609600
43.95,0.1,300,"sd","10:28:18",1609400
43.95,0.1,400,"sd","10:28:13",1609100
44,0.15,300,"bu","10:28:11",1608700
44,0.15,300,"bu","10:28:03",1608400
44,0.15,200,"bu","10:27:58",1608100
44,0.15,100,"bu","10:27:57",1607900
43.95,0.1,7900,"sd","10:27:46",1607800
43.95,0.1,400,"sd","10:27:43",1599900
44,0.15,200,"bu","10:27:43",1599500
44,0.15,3800,"sd","10:27:42",1599300
44,0.15,8100,"bu","10:27:34",1595500
43.95,0.1,500,"sd","10:27:33",1587400
44,0.15,200,"bu","10:27:31",1586900
44,0.15,1200,"bu","10:27:22",1586700
43.95,0.1,400,"sd","10:27:13",1585500
44,0.15,300,"bu","10:27:06",1585100
44,0.15,200,"bu","10:27:04",1584800
44,0.15,200,"bu","10:27:01",1584600
43.95,0.1,7900,"sd","10:26:55",1584400
43.95,0.1,100,"sd","10:26:48",1576500
43.95,0.1,400,"sd","10:26:43",1576400
43.95,0.1,200,"sd","10:26:40",1576000
44,0.15,200,"bu","10:26:39",1575800
43.95,0.1,7900,"sd","10:26:37",1575600
43.95,0.1,300,"sd","10:26:27",1567700
44,0.15,5000,"bu","10:26:25",1567400
44,0.15,300,"bu","10:26:24",1562400
44,0.15,200,"bu","10:26:17",1562100
43.95,0.1,400,"sd","10:26:13",1561900
44,0.15,200,"bu","10:26:11",1561500
44,0.15,300,"bu","10:25:58",1561300
44,0.15,200,"bu","10:25:57",1561000
43.95,0.1,400,"sd","10:25:42",1560800
44,0.15,200,"bu","10:25:37",1560400
44,0.15,500,"bu","10:25:33",1560200
44,0.15,15900,"sd","10:25:31",1559700
44.05,0.2,300,"bu","10:25:31",1543800
44.05,0.2,200,"bu","10:25:18",1543500
44.05,0.2,1000,"bu","10:25:17",1543300
44.05,0.2,200,"bu","10:25:16",1542300
44.05,0.2,100,"bu","10:25:14",1542100
44,0.15,400,"sd","10:25:13",1542000
44.05,0.2,300,"bu","10:25:04",1541600
44.05,0.2,2600,"sd","10:25:01",1541300
44.1,0.25,200,"bu","10:24:55",1538700
44.05,0.2,400,"sd","10:24:43",1538500
44.1,0.25,300,"bu","10:24:38",1538100
44.1,0.25,200,"bu","10:24:35",1537800
44.1,0.25,200,"bu","10:24:24",1537600
44.1,0.25,200,"bu","10:24:13",1537400
44.05,0.2,400,"sd","10:24:13",1537200
44.1,0.25,300,"bu","10:24:11",1536800
44.1,0.25,900,"bu","10:24:00",1536500
44.1,0.25,200,"bu","10:23:57",1535600
44.1,0.25,200,"bu","10:23:51",1535400
44.05,0.2,400,"sd","10:23:42",1535200
44.1,0.25,200,"bu","10:23:30",1534800
44,0.15,5500,"sd","10:23:30",1534600
44,0.15,24600,"sd","10:23:19",1529100
44.05,0.2,5400,"sd","10:23:19",1504500
44.05,0.2,500,"sd","10:23:17",1499100
44.05,0.2,7600,"bu","10:23:13",1498600
44,0.15,400,"sd","10:23:12",1491000
44.05,0.2,200,"bu","10:23:09",1490600
44.05,0.2,200,"bu","10:23:08",1490400
44.05,0.2,10000,"bu","10:23:06",1490200
44.05,0.2,300,"bu","10:23:04",1480200
44.05,0.2,200,"bu","10:22:51",1479900
44.05,0.2,200,"bu","10:22:47",1479700
44,0.15,400,"sd","10:22:44",1479500
44.05,0.2,300,"bu","10:22:37",1479100
44.05,0.2,1000,"bu","10:22:28",1478800
44.05,0.2,200,"bu","10:22:26",1477800
44.05,0.2,200,"bu","10:22:24",1477600
44.05,0.2,1900,"bu","10:22:13",1477400
44.05,0.2,200,"bu","10:22:13",1475500
44.05,0.2,3000,"bu","10:22:12",1475300
44,0.15,400,"sd","10:22:12",1472300
44.05,0.2,300,"bu","10:22:12",1471900
44.05,0.2,300,"bu","10:22:11",1471600
44.05,0.2,900,"bu","10:22:10",1471300
44.05,0.2,200,"bu","10:22:06",1470400
44,0.15,34700,"sd","10:21:54",1470200
44.05,0.2,200,"bu","10:21:43",1435500
44,0.15,400,"sd","10:21:42",1435300
44.05,0.2,8500,"bu","10:21:41",1434900
44.05,0.2,5000,"bu","10:21:36",1426400
44.05,0.2,200,"bu","10:21:31",1421400
44.05,0.2,5000,"bu","10:21:29",1421200
44.05,0.2,200,"bu","10:21:22",1416200
44.05,0.2,300,"bu","10:21:17",1416000
44.05,0.2,1000,"bu","10:21:15",1415700
44,0.15,400,"sd","10:21:12",1414700
44.05,0.2,200,"bu","10:21:04",1414300
44.05,0.2,200,"bu","10:21:02",1414100
44.05,0.2,1900,"bu","10:21:00",1413900
44,0.15,400,"sd","10:20:42",1412000
44.05,0.2,200,"bu","10:20:41",1411600
44.05,0.2,200,"bu","10:20:37",1411400
44.05,0.2,300,"bu","10:20:24",1411200
44.05,0.2,900,"bu","10:20:20",1410900
44.05,0.2,1500,"bu","10:20:19",1410000
44,0.15,400,"sd","10:20:12",1408500
44.05,0.2,200,"bu","10:20:11",1408100
44.05,0.2,10000,"bu","10:20:00",1407900
44.05,0.2,200,"bu","10:19:57",1397900
44.05,0.2,300,"bu","10:19:57",1397700
44.05,0.2,100,"bu","10:19:55",1397400
44.05,0.2,200,"bu","10:19:44",1397300
44.05,0.2,40100,"sd","10:19:43",1397100
44.1,0.25,7800,"sd","10:19:43",1357000
44.1,0.25,400,"sd","10:19:42",1349200
44.15,0.3,200,"bu","10:19:36",1348800
44.1,0.25,1400,"sd","10:19:26",1348600
44.1,0.25,700,"sd","10:19:15",1347200
44.15,0.3,200,"bu","10:19:14",1346500
44.1,0.25,400,"sd","10:19:12",1346300
44.1,0.25,100,"sd","10:19:08",1345900
44.1,0.25,2600,"bu","10:18:59",1345800
44.1,0.25,8500,"bu","10:18:55",1343200
44.05,0.2,1200,"sd","10:18:53",1334700
44.05,0.2,400,"sd","10:18:42",1333300
44.1,0.25,300,"bu","10:18:37",1332900
44.1,0.25,200,"bu","10:18:31",1332600
44.05,0.2,400,"bu","10:18:26",1332400
44,0.15,1600,"sd","10:18:16",1332000
44.05,0.2,400,"sd","10:18:16",1330400
44.05,0.2,1500,"bu","10:18:16",1330000
44,0.15,7900,"sd","10:18:16",1328500
44,0.15,400,"sd","10:18:12",1320600
44.05,0.2,500,"bu","10:18:10",1320200
44.05,0.2,1100,"bu","10:18:09",1319700
44.05,0.2,2500,"bu","10:18:07",1318600
44.05,0.2,2500,"bu","10:18:05",1316100
44.05,0.2,200,"bu","10:17:57",1313600
44.05,0.2,2500,"bu","10:17:56",1313400
44,0.15,300,"sd","10:17:53",1310900
44,0.15,500,"sd","10:17:52",1310600
44.05,0.2,200,"bu","10:17:48",1310100
44,0.15,600,"bu","10:17:42",1309900
44,0.15,2500,"bu","10:17:36",1309300
44,0.15,200,"bu","10:17:30",1306800
44,0.15,200,"bu","10:17:27",1306600
44,0.15,5300,"sd","10:17:25",1306400
44,0.15,7900,"sd","10:17:19",1301100
44,0.15,7900,"sd","10:17:13",1293200
44,0.15,200,"bu","10:17:12",1285300
43.95,0.1,400,"sd","10:17:11",1285100
44,0.15,1000,"bu","10:17:08",1284700
43.95,0.1,7900,"sd","10:17:07",1283700
44,0.15,15400,"bu","10:17:06",1275800
43.95,0.1,400,"sd","10:17:05",1260400
44,0.15,200,"bu","10:17:04",1260000
44,0.15,15200,"bu","10:17:00",1259800
44,0.15,1900,"bu","10:16:57",1244600
44,0.15,3900,"bu","10:16:50",1242700
43.95,0.1,1900,"sd","10:16:49",1238800
44,0.15,3800,"bu","10:16:49",1236900
44,0.15,1200,"bu","10:16:48",1233100
44,0.15,200,"bu","10:16:46",1231900
44,0.15,11400,"bu","10:16:44",1231700
44,0.15,3800,"bu","10:16:43",1220300
44,0.15,32900,"sd","10:16:42",1216500
44.05,0.2,17000,"sd","10:16:42",1183600
44.05,0.2,400,"sd","10:16:41",1166600
44.05,0.2,2000,"sd","10:16:35",1166200
44.1,0.25,200,"bu","10:16:25",1164200
44.05,0.2,3700,"bu","10:16:15",1164000
44.05,0.2,5400,"bu","10:16:11",1160300
44,0.15,400,"sd","10:16:11",1154900
44.05,0.2,200,"bu","10:16:10",1149100
44.05,0.2,15300,"sd","10:16:06",1148900
44.1,0.25,200,"bu","10:16:04",1133600
44.1,0.25,300,"bu","10:15:57",1133400
44.1,0.25,200,"bu","10:15:44",1133100
44.1,0.25,200,"bu","10:15:42",1132900
44.05,0.2,400,"sd","10:15:41",1132700
44.05,0.2,300,"sd","10:15:27",1132300
44.1,0.25,200,"bu","10:15:22",1132000
44.05,0.2,1000,"sd","10:15:21",1131800
44.05,0.2,20000,"sd","10:15:16",1130800
44.05,0.2,200,"sd","10:15:11",1110800
44.1,0.25,200,"sd","10:15:11",1110600
44.1,0.25,5200,"bu","10:15:06",1110400
44.1,0.25,5400,"bu","10:15:05",1105200
44.1,0.25,300,"bu","10:15:04",1099800
44.1,0.25,19100,"sd","10:15:02",1099500
44.15,0.3,200,"bu","10:15:01",1080400
44.1,0.25,100,"sd","10:15:00",1080200
44.1,0.25,500,"sd","10:14:59",1080100
44.1,0.25,300,"sd","10:14:58",1079600
44.1,0.25,100,"sd","10:14:55",1079300
44.1,0.25,100,"sd","10:14:53",1079200
44.1,0.25,300,"sd","10:14:48",1079100
44.1,0.25,400,"sd","10:14:41",1078800
44.15,0.3,200,"bu","10:14:39",1078400
44.1,0.25,2200,"sd","10:14:36",1078200
44.1,0.25,100,"sd","10:14:30",1076000
44.15,0.3,200,"bu","10:14:24",1075900
44.15,0.3,200,"bu","10:14:18",1075700
44.1,0.25,400,"sd","10:14:11",1075500
44.15,0.3,300,"bu","10:14:10",1075100
44.15,0.3,200,"bu","10:13:57",1074800
44.1,0.25,600,"sd","10:13:54",1074600
44.15,0.3,100,"bu","10:13:54",1074000
44.1,0.25,4000,"sd","10:13:53",1073900
44.1,0.25,2000,"sd","10:13:48",1069900
44.1,0.25,400,"sd","10:13:41",1067900
44.15,0.3,200,"bu","10:13:36",1067500
44.15,0.3,3500,"bu","10:13:34",1067300
44.15,0.3,200,"bu","10:13:30",1063800
44.15,0.3,300,"bu","10:13:17",1063600
44.15,0.3,200,"bu","10:13:15",1063300
44.05,0.2,400,"sd","10:13:11",1063100
44.15,0.3,200,"bu","10:13:03",1062700
44.15,0.3,900,"bu","10:13:01",1062500
44.15,0.3,200,"bu","10:12:55",1061600
44.05,0.2,100,"sd","10:12:44",1061400
44.1,0.25,3000,"sd","10:12:42",1060400
44.1,0.25,400,"sd","10:12:41",1057400
44.1,0.25,1100,"sd","10:12:39",1057000
44.15,0.3,300,"bu","10:12:37",1055900
44.15,0.3,200,"bu","10:12:34",1055600
44.05,0.2,400,"sd","10:12:19",1055400
44.1,0.25,4600,"sd","10:12:19",1055000
44.15,0.3,200,"bu","10:12:14",1050400
44.1,0.25,10000,"sd","10:12:13",1050200
44.15,0.3,100,"bu","10:12:13",1040200
44.1,0.25,400,"sd","10:12:10",1040100
44.1,0.25,1800,"sd","10:12:10",1039700
44.1,0.25,2000,"sd","10:12:05",1037900
44.1,0.25,2500,"sd","10:12:02",1035900
44.15,0.3,200,"bu","10:11:57",1033400
44.15,0.3,200,"bu","10:11:53",1033200
44.1,0.25,1500,"sd","10:11:48",1033000
44.1,0.25,500,"sd","10:11:47",1031500
44.1,0.25,4500,"sd","10:11:41",1031000
44.1,0.25,400,"sd","10:11:40",1026500
44.1,0.25,4000,"sd","10:11:34",1026100
44.15,0.3,200,"bu","10:11:31",1022100
44.1,0.25,1000,"sd","10:11:17",1021900
44.1,0.25,400,"sd","10:11:10",1020900
44.15,0.3,200,"bu","10:11:09",1020500
44.15,0.3,200,"bu","10:11:03",1020300
44.15,0.3,300,"bu","10:10:50",1020100
44.15,0.3,200,"bu","10:10:49",1019800
44.15,0.3,3100,"bu","10:10:41",1019600
44.1,0.25,400,"sd","10:10:40",1016500
44.1,0.25,100,"sd","10:10:32",1016100
44.15,0.3,200,"bu","10:10:28",1016000
44.1,0.25,400,"sd","10:10:10",1015800
44.15,0.3,200,"bu","10:10:10",1015400
44.15,0.3,100,"bu","10:10:07",1015200
44.15,0.3,200,"bu","10:10:07",1015100
44.1,0.25,4000,"sd","10:10:04",1014900
44.15,0.3,300,"bu","10:09:57",1010900
44.15,0.3,200,"bu","10:09:46",1010600
44.1,0.25,1000,"sd","10:09:43",1010400
44.1,0.25,400,"sd","10:09:40",1009400
44.1,0.25,2100,"sd","10:09:38",1009000
44.1,0.25,100,"sd","10:09:28",1006900
44.15,0.3,200,"bu","10:09:26",1006800
44.1,0.25,600,"sd","10:09:24",1006600
44.1,0.25,10000,"sd","10:09:22",1006000
44.1,0.25,400,"sd","10:09:11",996000
44.1,0.25,1000,"sd","10:09:06",995600
44.15,0.3,200,"bu","10:09:04",994600
44.1,0.25,100,"sd","10:08:48",994400
44.15,0.3,200,"bu","10:08:44",994300
44.1,0.25,400,"sd","10:08:40",994100
44.1,0.25,4200,"bu","10:08:39",993700
44.1,0.25,800,"bu","10:08:39",989500
44.1,0.25,300,"bu","10:08:37",984300
44.1,0.25,5200,"bu","10:08:35",984000
44.1,0.25,15200,"bu","10:08:30",978800
44.1,0.25,1200,"bu","10:08:24",963600
44.1,0.25,200,"bu","10:08:23",962400
44.1,0.25,200,"bu","10:08:22",962200
44.1,0.25,700,"bu","10:08:21",962000
44.1,0.25,2600,"sd","10:08:19",961300
44.1,0.25,31000,"sd","10:08:18",958700
44.1,0.25,400,"sd","10:08:10",927700
44.1,0.25,1400,"sd","10:08:06",927300
44.1,0.25,200,"sd","10:08:03",925900
44.15,0.3,200,"bu","10:08:00",925700
44.1,0.25,100,"sd","10:07:56",925500
44.1,0.25,5300,"sd","10:07:55",925400
44.1,0.25,400,"sd","10:07:40",920100
44.15,0.3,200,"bu","10:07:38",919700
44.15,0.3,900,"bu","10:07:31",919500
44.15,0.3,200,"bu","10:07:30",918600
44.15,0.3,200,"bu","10:07:27",918400
44.15,0.3,1600,"bu","10:07:22",918200
44.15,0.3,200,"bu","10:07:17",916600
44.1,0.25,400,"sd","10:07:10",916400
44.15,0.3,1300,"bu","10:07:08",916000
44.1,0.25,100,"sd","10:07:05",914700
44.15,0.3,200,"bu","10:07:03",914600
44.15,0.3,200,"bu","10:06:56",914400
44.15,0.3,300,"bu","10:06:50",914200
44.15,0.3,1300,"bu","10:06:46",913900
44.1,0.25,600,"sd","10:06:43",912600
44.1,0.25,400,"sd","10:06:40",912000
44.15,0.3,200,"bu","10:06:36",911600
44.15,0.3,200,"bu","10:06:35",911400
44.1,0.25,200,"sd","10:06:31",911200
44.15,0.3,300,"bu","10:06:23",911000
44.15,0.3,200,"bu","10:06:15",910700
44.15,0.3,200,"bu","10:06:10",910500
44.1,0.25,400,"sd","10:06:09",910300
44.15,0.3,300,"bu","10:05:56",909900
44.15,0.3,200,"bu","10:05:53",909600
44.1,0.25,400,"sd","10:05:40",909400
44.15,0.3,200,"bu","10:05:33",909000
44.15,0.3,300,"bu","10:05:30",908800
44.15,0.3,200,"bu","10:05:16",908500
44.15,0.3,200,"bu","10:05:12",908300
44.1,0.25,400,"sd","10:05:09",908100
44.15,0.3,300,"bu","10:05:03",907700
44.15,0.3,200,"bu","10:04:52",907400
44.1,0.25,400,"sd","10:04:39",907200
44.15,0.3,300,"bu","10:04:36",906800
44.15,0.3,300,"bu","10:04:32",906500
44.1,0.25,3000,"sd","10:04:31",906200
44.15,0.3,200,"bu","10:04:30",903200
44.1,0.25,400,"sd","10:04:09",903000
44.15,0.3,200,"bu","10:04:08",902600
44.15,0.3,200,"bu","10:03:56",902400
44.15,0.3,10000,"bu","10:03:53",902200
44.15,0.3,800,"bu","10:03:51",892200
44.15,0.3,200,"bu","10:03:47",891400
44.15,0.3,200,"bu","10:03:44",891200
44.1,0.25,100,"sd","10:03:42",891000
44.1,0.25,400,"sd","10:03:40",890900
44.1,0.25,500,"sd","10:03:28",890500
44.15,0.3,200,"bu","10:03:26",890000
44.1,0.25,400,"sd","10:03:09",889800
44.15,0.3,200,"bu","10:03:06",889400
44.1,0.25,200,"sd","10:03:05",889200
44.1,0.25,1500,"sd","10:02:49",889000
44.15,0.3,200,"bu","10:02:45",887500
44.1,0.25,1000,"sd","10:02:42",887300
44.1,0.25,400,"sd","10:02:40",886300
44.1,0.25,3200,"sd","10:02:35",885900
44.1,0.25,1000,"sd","10:02:33",882700
44.1,0.25,2000,"sd","10:02:29",881700
44.15,0.3,10200,"bu","10:02:24",879700
44.1,0.25,400,"sd","10:02:09",869500
44.1,0.25,500,"sd","10:02:08",869100
44.15,0.3,1000,"bu","10:02:08",868600
44.15,0.3,200,"bu","10:02:04",867600
44.15,0.3,900,"bu","10:02:02",867400
44.15,0.3,200,"bu","10:01:56",866500
44.15,0.3,200,"bu","10:01:43",866300
44.1,0.25,400,"sd","10:01:39",866100
44.1,0.25,5000,"sd","10:01:25",865700
44.15,0.3,200,"bu","10:01:23",860700
44.1,0.25,5000,"sd","10:01:19",860500
44.1,0.25,400,"sd","10:01:09",855500
44.15,0.3,200,"bu","10:01:03",855100
44.15,0.3,200,"bu","10:01:02",854900
44.1,0.25,5000,"sd","10:00:45",854700
44.15,0.3,200,"bu","10:00:42",849700
44.1,0.25,400,"sd","10:00:40",849500
44.1,0.25,500,"sd","10:00:37",849100
44.15,0.3,200,"bu","10:00:36",848600
44.15,0.3,300,"bu","10:00:23",848400
44.15,0.3,200,"bu","10:00:21",848100
44.15,0.3,900,"bu","10:00:12",847900
44.15,0.3,300,"bu","10:00:11",847000
44.15,0.3,200,"bu","10:00:09",846700
44.15,0.3,200,"bu","09:59:59",846100
44.1,0.25,1400,"sd","09:59:39",845900
44.15,0.3,200,"bu","09:59:38",844500
44.1,0.25,1000,"sd","09:59:22",844300
44.15,0.3,200,"bu","09:59:18",843300
44.1,0.25,1500,"sd","09:59:14",843100
44.1,0.25,400,"sd","09:59:08",841600
44.15,0.3,300,"bu","09:59:03",841200
44.15,0.3,200,"bu","09:58:57",840900
44.1,0.25,1200,"sd","09:58:50",840700
44.1,0.25,5000,"sd","09:58:46",839500
44.15,0.3,5000,"bu","09:58:39",834500
44.1,0.25,400,"sd","09:58:38",829500
44.15,0.3,300,"bu","09:58:36",829100
44.15,0.3,200,"bu","09:58:35",828800
44.1,0.25,5800,"sd","09:58:20",828600
44.1,0.25,1000,"sd","09:58:18",822800
44.15,0.3,200,"bu","09:58:14",821800
44.1,0.25,400,"sd","09:58:08",821600
44.15,0.3,200,"bu","09:57:56",821200
44.15,0.3,200,"bu","09:57:53",821000
44.1,0.25,400,"sd","09:57:38",820800
44.15,0.3,200,"bu","09:57:33",820400
44.15,0.3,300,"bu","09:57:29",820200
44.15,0.3,100,"bu","09:57:22",819900
44.15,0.3,300,"bu","09:57:16",819800
44.15,0.3,200,"bu","09:57:11",819500
44.1,0.25,400,"sd","09:57:08",819300
44.15,0.3,1400,"bu","09:57:06",818900
44.15,0.3,200,"bu","09:57:03",817500
44.15,0.3,200,"bu","09:56:49",817300
44.1,0.25,23700,"bu","09:56:43",817100
44.05,0.2,400,"sd","09:56:37",793400
44.1,0.25,10200,"bu","09:56:36",793000
44.1,0.25,10000,"bu","09:56:36",782800
44.1,0.25,900,"bu","09:56:32",772800
44.1,0.25,200,"bu","09:56:28",771900
44.05,0.2,500,"sd","09:56:22",771700
44.05,0.2,500,"sd","09:56:13",771200
44.1,0.25,1900,"bu","09:56:10",770700
44.05,0.2,400,"sd","09:56:07",768800
44.1,0.25,200,"bu","09:56:06",768400
44.1,0.25,300,"bu","09:55:56",768200
44.1,0.25,200,"bu","09:55:45",767900
44.05,0.2,500,"sd","09:55:37",767700
44.05,0.2,1900,"sd","09:55:34",767200
44.05,0.2,2600,"bu","09:55:27",765300
44.05,0.2,200,"bu","09:55:24",762700
44,0.15,300,"sd","09:55:20",762500
44.05,0.2,2500,"bu","09:55:16",762200
44,0.15,400,"sd","09:55:08",759700
44.05,0.2,4000,"bu","09:55:07",759300
44.05,0.2,700,"bu","09:55:03",755300
44.05,0.2,300,"bu","09:55:02",754600
44.05,0.2,200,"bu","09:54:49",754300
44.05,0.2,1000,"bu","09:54:47",754100
44.05,0.2,200,"bu","09:54:42",753100
44,0.15,400,"sd","09:54:37",752900
44,0.15,2000,"sd","09:54:23",752500
44.05,0.2,200,"bu","09:54:22",750500
44.05,0.2,200,"bu","09:54:21",750300
44.05,0.2,1000,"bu","09:54:14",750100
44,0.15,10000,"sd","09:54:14",749100
44,0.15,400,"sd","09:54:07",739100
44.05,0.2,1300,"bu","09:54:06",738700
44.05,0.2,200,"bu","09:53:59",737400
44.05,0.2,200,"bu","09:53:56",737200
44.05,0.2,300,"bu","09:53:42",737000
44.05,0.2,200,"bu","09:53:39",736700
44,0.15,400,"sd","09:53:37",736500
44.05,0.2,100,"bu","09:53:37",736100
44.05,0.2,200,"bu","09:53:29",736000
44.1,0.25,200,"bu","09:53:18",735800
44.1,0.25,300,"bu","09:53:16",735600
44.1,0.25,700,"bu","09:53:08",735300
44.05,0.2,800,"bu","09:53:08",734600
44,0.15,400,"sd","09:53:07",733800
44,0.15,1000,"sd","09:53:03",733400
44.05,0.2,200,"bu","09:53:02",732400
44.05,0.2,100,"bu","09:53:00",732200
44.05,0.2,200,"bu","09:52:57",732100
44.05,0.2,7000,"bu","09:52:55",731900
44,0.15,100,"sd","09:52:53",724900
44.05,0.2,300,"bu","09:52:49",724800
44.05,0.2,100,"bu","09:52:45",724500
44.05,0.2,200,"bu","09:52:37",724400
44,0.15,400,"sd","09:52:37",724200
44.05,0.2,200,"bu","09:52:36",723800
44.05,0.2,1900,"bu","09:52:30",723600
44,0.15,5000,"sd","09:52:22",721700
44.05,0.2,300,"bu","09:52:22",716700
44.05,0.2,200,"bu","09:52:15",716400
44,0.15,400,"sd","09:52:07",716200
44.05,0.2,200,"bu","09:51:56",715800
44.05,0.2,200,"bu","09:51:54",715600
44.05,0.2,200,"bu","09:51:52",715400
44.05,0.2,3000,"bu","09:51:41",715200
44,0.15,100,"sd","09:51:40",712200
44,0.15,400,"sd","09:51:37",712100
44.05,0.2,200,"bu","09:51:34",711700
44,0.15,300,"bu","09:51:31",711500
43.95,0.1,1200,"sd","09:51:27",711200
44,0.15,700,"bu","09:51:21",710000
44,0.15,300,"bu","09:51:16",709300
44,0.15,200,"bu","09:51:12",709000
44,0.15,1900,"bu","09:51:08",708800
43.95,0.1,400,"sd","09:51:07",706900
44,0.15,200,"bu","09:51:02",706500
44,0.15,200,"bu","09:50:52",706300
43.95,0.1,200,"sd","09:50:50",706100
43.95,0.1,400,"sd","09:50:36",705900
44,0.15,200,"bu","09:50:35",705500
44,0.15,1900,"bu","09:50:33",705300
44,0.15,200,"bu","09:50:30",703400
44,0.15,1000,"sd","09:50:27",703200
44.05,0.2,300,"bu","09:50:22",702200
44.05,0.2,200,"bu","09:50:10",701900
44,0.15,400,"sd","09:50:06",701700
44.05,0.2,300,"bu","09:49:55",701300
44.05,0.2,200,"bu","09:49:50",701000
44,0.15,300,"sd","09:49:44",700800
44.05,0.2,200,"bu","09:49:42",700500
44.05,0.2,100,"bu","09:49:41",700300
44.05,0.2,500,"bu","09:49:40",700200
44,0.15,400,"sd","09:49:37",699700
44.05,0.2,1900,"bu","09:49:33",699300
44.05,0.2,500,"bu","09:49:29",697400
44.05,0.2,200,"bu","09:49:15",696900
44.05,0.2,200,"bu","09:49:08",696700
44,0.15,400,"sd","09:49:06",696500
44,0.15,100,"sd","09:49:05",696100
44,0.15,300,"bu","09:49:02",696000
44,0.15,300,"bu","09:49:01",695700
44,0.15,500,"bu","09:49:01",695400
44,0.15,400,"bu","09:48:55",694900
44,0.15,200,"bu","09:48:49",694500
44,0.15,200,"bu","09:48:46",694300
44,0.15,200,"sd","09:48:37",694100
44,0.15,400,"sd","09:48:36",693900
44,0.15,1600,"bu","09:48:30",693500
44,0.15,200,"bu","09:48:24",691900
43.95,0.1,4900,"sd","09:48:21",691700
43.95,0.1,400,"sd","09:48:06",686800
44,0.15,200,"bu","09:48:04",686400
44,0.15,700,"sd","09:47:55",686200
44,0.15,500,"sd","09:47:54",685500
44,0.15,1000,"sd","09:47:50",685000
44,0.15,1100,"sd","09:47:49",684000
44,0.15,3000,"sd","09:47:45",682900
44,0.15,10000,"sd","09:47:43",679900
44.05,0.2,200,"bu","09:47:43",669900
44,0.15,2200,"sd","09:47:37",669700
44,0.15,400,"sd","09:47:36",667500
44.05,0.2,1300,"bu","09:47:34",667100
44,0.15,1000,"sd","09:47:24",665800
44,0.15,100,"sd","09:47:23",664800
44.05,0.2,200,"bu","09:47:22",664700
44,0.15,200,"sd","09:47:20",664500
44,0.15,400,"sd","09:47:06",664300
44.05,0.2,200,"bu","09:47:02",663900
44.05,0.2,200,"bu","09:47:01",663700
44.05,0.2,1900,"bu","09:46:57",663500
44.05,0.2,300,"bu","09:46:49",661600
44.05,0.2,200,"bu","09:46:41",661300
44,0.15,400,"sd","09:46:36",661100
44,0.15,1000,"sd","09:46:27",660700
44.05,0.2,300,"bu","09:46:22",659700
44.05,0.2,200,"bu","09:46:20",659400
44,0.15,2500,"sd","09:46:09",659200
44,0.15,400,"sd","09:46:06",656700
44.05,0.2,200,"bu","09:46:00",656300
44,0.15,200,"sd","09:45:53",656100
44.05,0.2,100,"bu","09:45:43",655900
44.05,0.2,200,"bu","09:45:42",655800
44.05,0.2,200,"bu","09:45:39",655600
44,0.15,400,"sd","09:45:36",655400
44.05,0.2,500,"bu","09:45:32",655000
44.05,0.2,300,"bu","09:45:28",654500
44.05,0.2,200,"bu","09:45:18",654200
44.05,0.2,500,"bu","09:45:17",654000
44.05,0.2,200,"bu","09:45:15",653500
44.05,0.2,500,"bu","09:45:10",653300
44,0.15,400,"sd","09:45:06",652800
44.05,0.2,300,"bu","09:45:02",652400
44.05,0.2,200,"bu","09:44:58",652100
44.05,0.2,200,"bu","09:44:48",651900
44.05,0.2,100,"bu","09:44:47",651700
44.05,0.2,200,"bu","09:44:37",651600
44,0.15,400,"sd","09:44:36",651400
44.05,0.2,300,"bu","09:44:35",651000
44.05,0.2,3300,"bu","09:44:33",650700
44.05,0.2,200,"bu","09:44:22",647400
44.05,0.2,200,"bu","09:44:16",647200
44.05,0.2,1300,"sd","09:44:10",647000
44.05,0.2,400,"sd","09:44:06",645700
44.05,0.2,100,"sd","09:44:02",645300
44.1,0.25,400,"bu","09:44:01",645200
44.1,0.25,200,"bu","09:43:55",644800
44,0.15,8500,"sd","09:43:48",644600
44.05,0.2,3500,"bu","09:43:46",634600
44.05,0.2,10000,"bu","09:43:45",631100
44.05,0.2,300,"bu","09:43:42",621100
44.05,0.2,100,"bu","09:43:36",620800
44,0.15,400,"sd","09:43:36",620700
44.05,0.2,100,"bu","09:43:35",620300
44.05,0.2,200,"bu","09:43:35",620200
44.05,0.2,200,"bu","09:43:28",620000
44.05,0.2,100,"bu","09:43:24",619800
44.05,0.2,5300,"bu","09:43:15",619700
44.05,0.2,200,"bu","09:43:14",614400
44,0.15,400,"sd","09:43:05",614200
44.05,0.2,200,"bu","09:43:02",613800
44.05,0.2,200,"bu","09:42:52",613600
44,0.15,400,"sd","09:42:35",613400
44.05,0.2,200,"bu","09:42:35",613000
44.05,0.2,200,"bu","09:42:32",612800
44,0.15,300,"sd","09:42:14",612600
44,0.15,100,"sd","09:42:10",612300
44.05,0.2,200,"bu","09:42:10",612200
44,0.15,400,"sd","09:42:05",612000
44,0.15,300,"sd","09:41:57",611600
44,0.15,2500,"sd","09:41:52",611300
44.05,0.2,1000,"bu","09:41:51",608800
44.05,0.2,200,"bu","09:41:49",607800
44,0.15,400,"sd","09:41:35",607600
44.05,0.2,1400,"bu","09:41:34",607200
44.05,0.2,200,"bu","09:41:28",605800
44.05,0.2,200,"bu","09:41:28",605600
44.05,0.2,300,"bu","09:41:15",605400
44.05,0.2,200,"bu","09:41:07",605100
44,0.15,400,"sd","09:41:05",604900
44,0.15,200,"sd","09:41:03",604500
44,0.15,7700,"bu","09:41:02",604300
44,0.15,15000,"bu","09:40:49",596600
44,0.15,300,"bu","09:40:48",581600
44,0.15,200,"bu","09:40:47",581300
43.95,0.1,400,"sd","09:40:35",581100
44,0.15,200,"bu","09:40:35",580700
44,0.15,2300,"bu","09:40:32",580500
44,0.15,4100,"bu","09:40:28",578200
44,0.15,15900,"bu","09:40:27",574100
44,0.15,200,"bu","09:40:26",558200
44,0.15,300,"bu","09:40:22",558000
44,0.15,30000,"bu","09:40:14",557700
