"price","change","match_qtty","side","time","total_vol"
34.1,-0.05,790300,"","14:45:00",20729000
34.15,0,2500,"bu","14:29:59",19938700
34.15,0,5000,"bu","14:29:58",19936200
34.15,0,100,"bu","14:29:51",19931200
34.15,0,100,"bu","14:29:50",19931100
34.15,0,7500,"bu","14:29:48",19931000
34.1,-0.05,300,"sd","14:29:47",19923500
34.15,0,30000,"bu","14:29:45",19923200
34.1,-0.05,1200,"sd","14:29:45",19893200
34.1,-0.05,100,"sd","14:29:44",19892000
34.15,0,500,"bu","14:29:44",19891900
34.1,-0.05,1300,"sd","14:29:40",19891400
34.15,0,800,"bu","14:29:40",19890100
34.15,0,1000,"bu","14:29:37",19889300
34.1,-0.05,100,"sd","14:29:34",19888300
34.15,0,21000,"bu","14:29:30",19888200
34.1,-0.05,1000,"sd","14:29:28",19867200
34.15,0,100,"bu","14:29:27",19866200
34.1,-0.05,100,"sd","14:29:27",19866100
34.15,0,30000,"bu","14:29:26",19866000
34.15,0,2000,"bu","14:29:25",19836000
34.15,0,500,"bu","14:29:23",19834000
34.1,-0.05,500,"sd","14:29:23",19833500
34.1,-0.05,1000,"sd","14:29:22",19833000
34.15,0,4000,"bu","14:29:18",19832000
34.15,0,1000,"bu","14:29:10",19828000
34.15,0,200,"bu","14:29:10",19827000
34.15,0,200,"bu","14:29:03",19826800
34.1,-0.05,2200,"sd","14:29:03",19826600
34.15,0,4300,"bu","14:28:58",19824400
34.1,-0.05,1300,"sd","14:28:56",19820100
34.15,0,300,"bu","14:28:47",19818800
34.15,0,2000,"bu","14:28:46",19818500
34.15,0,500,"bu","14:28:45",19816500
34.15,0,1000,"bu","14:28:44",19816000
34.15,0,600,"bu","14:28:41",19815000
34.1,-0.05,200,"sd","14:28:37",19814400
34.15,0,500,"bu","14:28:37",19814200
34.15,0,500,"bu","14:28:29",19813700
34.15,0,2000,"bu","14:28:28",19813200
34.15,0,200,"bu","14:28:23",19811200
34.1,-0.05,600,"sd","14:28:22",19811000
34.15,0,500,"bu","14:28:22",19810400
34.15,0,1000,"bu","14:28:19",19809900
34.1,-0.05,1100,"sd","14:28:18",19808900
34.15,0,5000,"bu","14:28:16",19807800
34.15,0,500,"bu","14:28:15",19802800
34.15,0,100,"bu","14:28:14",19802300
34.1,-0.05,1500,"sd","14:28:14",19802200
34.15,0,5000,"bu","14:28:12",19800700
34.15,0,1000,"bu","14:28:08",19795700
34.15,0,6000,"bu","14:28:05",19794700
34.1,-0.05,1000,"sd","14:28:05",19788700
34.1,-0.05,2000,"sd","14:28:02",19787700
34.15,0,300,"bu","14:28:02",19785700
34.15,0,100,"bu","14:28:01",19785400
34.15,0,500,"bu","14:27:59",19785300
34.15,0,100,"bu","14:27:58",19784800
34.15,0,700,"bu","14:27:53",19784700
34.15,0,200,"bu","14:27:44",19784000
34.15,0,500,"bu","14:27:44",19783800
34.1,-0.05,500,"sd","14:27:39",19783300
34.15,0,37000,"bu","14:27:32",19782800
34.15,0,900,"bu","14:27:30",19745800
34.15,0,2000,"bu","14:27:29",19744900
34.15,0,8000,"bu","14:27:29",19742900
34.15,0,100,"bu","14:27:28",19734900
34.1,-0.05,200000,"sd","14:27:26",19734800
34.15,0,12600,"bu","14:27:25",19534800
34.1,-0.05,600,"sd","14:27:23",19522200
34.1,-0.05,1400,"sd","14:27:21",19521600
34.15,0,400,"bu","14:27:11",19520200
34.15,0,8000,"bu","14:27:09",19519800
34.1,-0.05,2000,"sd","14:27:07",19511800
34.15,0,5000,"bu","14:27:03",19509800
34.1,-0.05,2500,"sd","14:26:58",19504800
34.15,0,2000,"bu","14:26:56",19502300
34.1,-0.05,5000,"sd","14:26:55",19500300
34.15,0,4000,"bu","14:26:52",19495300
34.15,0,3000,"bu","14:26:47",19491300
34.1,-0.05,500,"sd","14:26:47",19488300
34.1,-0.05,2000,"sd","14:26:39",19487800
34.15,0,1000,"bu","14:26:39",19485800
34.15,0,300,"bu","14:26:39",19484800
34.15,0,2000,"bu","14:26:37",19484500
34.1,-0.05,1300,"sd","14:26:33",19482500
34.15,0,2000,"bu","14:26:33",19481200
34.15,0,1100,"bu","14:26:31",19479200
34.1,-0.05,2000,"sd","14:26:30",19478100
34.1,-0.05,400,"sd","14:26:29",19476100
34.15,0,100000,"bu","14:26:28",19475700
34.15,0,400,"bu","14:26:22",19375700
34.1,-0.05,500,"sd","14:26:21",19375300
34.1,-0.05,100,"sd","14:26:06",19374800
34.1,-0.05,5000,"sd","14:26:04",19374700
34.15,0,800,"bu","14:26:04",19369700
34.15,0,1800,"bu","14:26:02",19368900
34.1,-0.05,30000,"sd","14:26:01",19367100
34.1,-0.05,500,"sd","14:25:58",19337100
34.15,0,800,"bu","14:25:57",19336600
34.15,0,3000,"bu","14:25:54",19335800
34.15,0,800,"bu","14:25:52",19332800
34.1,-0.05,100,"sd","14:25:51",19332000
34.1,-0.05,1200,"sd","14:25:48",19331900
34.1,-0.05,600,"sd","14:25:47",19330700
34.15,0,2100,"bu","14:25:47",19330100
34.15,0,6000,"bu","14:25:40",19328000
34.15,0,168000,"bu","14:25:38",19322000
34.1,-0.05,100000,"sd","14:25:35",19154000
34.15,0,500,"bu","14:25:34",19054000
34.15,0,400,"bu","14:25:33",19053500
34.15,0,300,"bu","14:25:29",19053100
34.15,0,500,"bu","14:25:29",19052800
34.15,0,2000,"bu","14:25:27",19052300
34.1,-0.05,1300,"sd","14:25:24",19050300
34.15,0,300,"bu","14:25:23",19049000
34.15,0,7500,"bu","14:25:21",19048700
34.15,0,12500,"bu","14:25:20",19041200
34.1,-0.05,100000,"sd","14:25:18",19028700
34.15,0,100000,"bu","14:25:11",18928700
34.15,0,40000,"bu","14:25:10",18828700
34.1,-0.05,1400,"sd","14:25:05",18788700
34.15,0,2000,"bu","14:25:04",18787300
34.15,0,3000,"bu","14:24:47",18785300
34.15,0,42500,"sd","14:24:46",18782300
34.2,0.05,400,"bu","14:24:45",18739800
34.15,0,30000,"sd","14:24:34",18739400
34.15,0,1000,"sd","14:24:22",18709400
34.15,0,1400,"sd","14:24:20",18708400
34.15,0,3400,"bu","14:24:15",18707000
34.15,0,3000,"bu","14:24:14",18703600
34.15,0,100,"bu","14:24:13",18700600
34.15,0,300,"bu","14:24:10",18700500
34.15,0,1000,"bu","14:24:08",18700200
34.15,0,5700,"bu","14:24:06",18699200
34.15,0,1500,"bu","14:24:05",18693500
34.15,0,100,"bu","14:24:04",18692000
34.15,0,100,"bu","14:24:03",18691900
34.15,0,2000,"bu","14:23:58",18691800
34.15,0,2000,"bu","14:23:58",18689800
34.15,0,600,"bu","14:23:57",18687800
34.15,0,200,"bu","14:23:54",18687200
34.15,0,20000,"bu","14:23:53",18687000
34.15,0,500,"bu","14:23:51",18667000
34.15,0,23000,"bu","14:23:46",18666500
34.15,0,100,"bu","14:23:45",18643500
34.15,0,100,"bu","14:23:41",18643400
34.15,0,700,"bu","14:23:39",18643300
34.15,0,2000,"bu","14:23:35",18642600
34.15,0,2000,"bu","14:23:32",18640600
34.1,-0.05,30000,"sd","14:23:30",18637400
34.15,0,40000,"bu","14:23:25",18607400
34.15,0,100,"bu","14:23:23",18567400
34.15,0,11500,"bu","14:23:21",18567300
34.15,0,58500,"bu","14:23:21",18555800
34.15,0,4700,"bu","14:23:18",18497300
34.15,0,3300,"bu","14:23:18",18492600
34.1,-0.05,68000,"sd","14:23:17",18489300
34.15,0,500,"bu","14:23:09",18421300
34.1,-0.05,200,"sd","14:23:07",18420800
34.15,0,2000,"bu","14:23:07",18420600
34.15,0,200,"bu","14:23:04",18418600
34.1,-0.05,3800,"sd","14:23:03",18418400
34.1,-0.05,1900,"sd","14:23:01",18414600
34.1,-0.05,300,"sd","14:22:59",18412700
34.1,-0.05,500,"sd","14:22:58",18412400
34.1,-0.05,200,"sd","14:22:57",18411900
34.15,0,6500,"bu","14:22:53",18411700
34.1,-0.05,1300,"sd","14:22:48",18405200
34.15,0,3000,"bu","14:22:47",18403900
34.15,0,300,"bu","14:22:44",18400900
34.15,0,2000,"bu","14:22:41",18400600
34.15,0,200,"bu","14:22:38",18398600
34.15,0,2700,"bu","14:22:21",18398400
34.15,0,5500,"bu","14:22:17",18395700
34.15,0,500,"bu","14:22:11",18390200
34.1,-0.05,1000,"sd","14:22:09",18389700
34.1,-0.05,200,"sd","14:22:04",18388700
34.1,-0.05,2000,"sd","14:22:03",18388500
34.15,0,100,"bu","14:22:00",18386500
34.15,0,25000,"bu","14:21:53",18386400
34.15,0,100,"bu","14:21:47",18361400
34.15,0,8400,"bu","14:21:46",18361300
34.15,0,500,"bu","14:21:32",18352900
34.1,-0.05,300,"sd","14:21:31",18352400
34.15,0,200,"bu","14:21:25",18352100
34.15,0,1700,"bu","14:21:24",18351900
34.15,0,100,"bu","14:21:19",18350200
34.1,-0.05,4500,"sd","14:21:17",18350100
34.1,-0.05,200,"sd","14:21:05",18345600
34.1,-0.05,200,"sd","14:20:58",18345400
34.1,-0.05,1000,"sd","14:20:56",18345200
34.1,-0.05,11200,"sd","14:20:54",18344200
34.1,-0.05,3000,"sd","14:20:53",18333000
34.15,0,500,"bu","14:20:51",18330000
34.15,0,100,"bu","14:20:50",18329500
34.1,-0.05,10000,"sd","14:20:48",18329400
34.15,0,500,"bu","14:20:43",18319400
34.1,-0.05,900,"sd","14:20:41",18318900
34.1,-0.05,13200,"sd","14:20:40",18318000
34.1,-0.05,6800,"sd","14:20:39",18304800
34.1,-0.05,2500,"sd","14:20:36",18298000
34.1,-0.05,1000,"sd","14:20:33",18295500
34.1,-0.05,1900,"sd","14:20:27",18294500
34.1,-0.05,3500,"sd","14:20:16",18292600
34.1,-0.05,1000,"sd","14:20:07",18289100
34.1,-0.05,100,"sd","14:19:55",18288100
34.15,0,400,"bu","14:19:55",18288000
34.15,0,300,"bu","14:19:50",18287600
34.15,0,21400,"sd","14:19:45",18287300
34.15,0,1000,"sd","14:19:43",18265900
34.15,0,3000,"sd","14:19:40",18264900
34.15,0,2200,"sd","14:19:39",18261900
34.15,0,2000,"sd","14:19:35",18259700
34.15,0,31800,"bu","14:19:30",18257700
34.15,0,13000,"bu","14:19:19",18225900
34.15,0,700,"bu","14:19:19",18212900
34.15,0,100,"bu","14:19:16",18212200
34.15,0,1500,"bu","14:19:13",18212100
34.15,0,700,"bu","14:19:08",18210600
34.15,0,20600,"bu","14:19:06",18209900
34.15,0,22000,"bu","14:18:59",18189300
34.15,0,500,"bu","14:18:59",18167300
34.15,0,22600,"bu","14:18:52",18166800
34.15,0,100,"bu","14:18:48",18144200
34.15,0,1000,"bu","14:18:45",18144100
34.15,0,100,"bu","14:18:40",18143100
34.15,0,5400,"sd","14:18:38",18143000
34.15,0,8100,"sd","14:18:37",18137600
34.15,0,10000,"sd","14:18:36",18129500
34.15,0,500,"sd","14:18:32",18119500
34.15,0,200,"sd","14:18:26",18119000
34.15,0,200,"sd","14:18:24",18118800
34.15,0,100,"sd","14:18:24",18118600
34.15,0,1500,"sd","14:18:19",18118500
34.15,0,10000,"sd","14:18:13",18117000
34.15,0,100,"sd","14:18:12",18107000
34.15,0,200,"sd","14:18:06",18106900
34.15,0,500,"sd","14:17:51",18106700
34.15,0,3000,"sd","14:17:49",18105200
34.15,0,500,"sd","14:17:48",18102200
34.15,0,3000,"sd","14:17:46",18101700
34.2,0.05,1000,"bu","14:17:46",18098700
34.2,0.05,1000,"bu","14:17:43",18097700
34.15,0,500,"sd","14:17:42",18096700
34.15,0,100,"sd","14:17:40",18096200
34.15,0,17100,"bu","14:17:26",18096100
34.15,0,800,"bu","14:17:24",18079000
34.15,0,1000,"bu","14:17:22",18078200
34.15,0,2700,"bu","14:17:21",18077200
34.15,0,500,"bu","14:17:20",18074500
34.15,0,5500,"bu","14:17:19",18074000
34.15,0,700,"bu","14:17:18",18068500
34.15,0,1000,"bu","14:17:16",18063800
34.15,0,1000,"bu","14:17:14",18062800
34.15,0,900,"bu","14:17:13",18061800
34.15,0,2400,"bu","14:17:09",18060900
34.15,0,600,"bu","14:17:09",18058500
34.15,0,200,"bu","14:17:08",18057900
34.15,0,2000,"bu","14:17:06",18057700
34.15,0,4400,"bu","14:17:06",18055700
34.15,0,500,"bu","14:17:04",18051300
34.15,0,7700,"bu","14:17:03",18050800
34.15,0,7600,"bu","14:17:01",18043100
34.15,0,2100,"bu","14:17:01",18035500
34.15,0,2000,"bu","14:17:00",18033400
34.15,0,600,"bu","14:16:56",18031400
34.15,0,100,"bu","14:16:54",18030800
34.15,0,300,"bu","14:16:52",18030700
34.15,0,10000,"bu","14:16:51",18030400
34.15,0,62900,"bu","14:16:49",18020400
34.15,0,20000,"bu","14:16:47",17957500
34.15,0,20000,"bu","14:16:43",17937500
34.15,0,100,"bu","14:16:39",17917500
34.15,0,500,"bu","14:16:39",17917400
34.15,0,1000,"bu","14:16:36",17916900
34.15,0,1000,"bu","14:16:34",17915900
34.1,-0.05,5100,"sd","14:16:34",17914900
34.15,0,500,"bu","14:16:32",17909800
34.1,-0.05,1700,"sd","14:16:27",17909300
34.15,0,500,"bu","14:16:22",17907600
34.15,0,200,"bu","14:16:15",17907100
34.15,0,300,"bu","14:16:08",17906900
34.15,0,1000,"bu","14:16:06",17906600
34.15,0,2000,"bu","14:16:03",17905600
34.1,-0.05,8500,"sd","14:15:58",17903600
34.15,0,1700,"bu","14:15:56",17895100
34.1,-0.05,300,"sd","14:15:49",17893400
34.1,-0.05,100,"sd","14:15:40",17893100
34.1,-0.05,4400,"sd","14:15:40",17893000
34.1,-0.05,2000,"sd","14:15:38",17888600
34.1,-0.05,100,"sd","14:15:33",17886600
34.1,-0.05,2000,"sd","14:15:32",17886500
34.1,-0.05,1000,"sd","14:15:25",17884500
34.15,0,2400,"bu","14:15:24",17883500
34.1,-0.05,700,"sd","14:15:22",17881100
34.1,-0.05,1000,"sd","14:15:21",17880400
34.15,0,55700,"bu","14:15:21",17879400
34.1,-0.05,5000,"sd","14:15:20",17823700
34.15,0,100,"bu","14:15:11",17818700
34.1,-0.05,10000,"sd","14:15:10",17818600
34.1,-0.05,200,"sd","14:15:08",17808600
34.1,-0.05,10000,"sd","14:15:04",17808400
34.1,-0.05,4000,"sd","14:14:51",17798400
34.1,-0.05,3300,"sd","14:14:46",17794400
34.1,-0.05,30000,"sd","14:14:43",17791100
34.1,-0.05,100,"sd","14:14:40",17761100
34.15,0,300,"bu","14:14:39",17761000
34.15,0,1000,"bu","14:14:38",17760700
34.15,0,200,"bu","14:14:37",17759700
34.1,-0.05,100,"sd","14:14:35",17759500
34.1,-0.05,200,"sd","14:14:32",17759400
34.1,-0.05,100,"sd","14:14:25",17759200
34.1,-0.05,1200,"sd","14:14:09",17759100
34.1,-0.05,5700,"sd","14:14:08",17757900
34.1,-0.05,100,"sd","14:14:02",17752200
34.15,0,400,"bu","14:13:55",17752100
34.15,0,1000,"bu","14:13:52",17751700
34.1,-0.05,1600,"sd","14:13:46",17750700
34.15,0,800,"bu","14:13:44",17749100
34.1,-0.05,4900,"sd","14:13:33",17748300
34.15,0,100,"bu","14:13:33",17743400
34.15,0,400,"bu","14:13:19",17743300
34.15,0,4900,"bu","14:13:18",17742900
34.15,0,300,"bu","14:13:10",17738000
34.15,0,300,"bu","14:13:03",17737700
34.15,0,1700,"bu","14:12:57",17737400
34.15,0,100,"bu","14:12:55",17735700
34.1,-0.05,100,"sd","14:12:52",17735600
34.15,0,2100,"bu","14:12:51",17735500
34.15,0,200,"bu","14:12:46",17733400
34.15,0,400,"bu","14:12:35",17733200
34.15,0,10000,"bu","14:12:33",17732800
34.15,0,300,"bu","14:12:31",17722800
34.1,-0.05,5000,"sd","14:12:28",17722500
34.1,-0.05,500,"sd","14:12:24",17717500
34.15,0,10000,"bu","14:12:23",17717000
34.1,-0.05,900,"sd","14:12:19",17707000
34.15,0,100,"bu","14:12:10",17706100
34.1,-0.05,3000,"sd","14:12:06",17706000
34.1,-0.05,300,"sd","14:12:00",17703000
34.1,-0.05,100,"sd","14:11:59",17702700
34.1,-0.05,5500,"sd","14:11:56",17702600
34.15,0,7000,"bu","14:11:56",17697100
34.1,-0.05,1400,"sd","14:11:55",17690100
34.15,0,13000,"bu","14:11:53",17688700
34.1,-0.05,200,"sd","14:11:50",17675700
34.1,-0.05,2100,"sd","14:11:47",17675500
34.15,0,1700,"bu","14:11:44",17673400
34.1,-0.05,3700,"sd","14:11:44",17671700
34.1,-0.05,100,"sd","14:11:40",17668000
34.1,-0.05,1100,"sd","14:11:32",17667900
34.15,0,5000,"bu","14:11:29",17666800
34.15,0,600,"bu","14:11:28",17661800
34.15,0,100,"bu","14:11:27",17661100
34.1,-0.05,3000,"sd","14:11:26",17661000
34.1,-0.05,200,"sd","14:11:14",17658000
34.1,-0.05,5000,"sd","14:11:02",17657800
34.1,-0.05,5000,"sd","14:10:51",17652800
34.1,-0.05,10000,"sd","14:10:49",17647800
34.15,0,1000,"bu","14:10:49",17637800
34.15,0,1000,"bu","14:10:45",17636800
34.1,-0.05,100,"sd","14:10:42",17635800
34.15,0,1000,"bu","14:10:42",17635700
34.15,0,1000,"bu","14:10:40",17634700
34.1,-0.05,800,"sd","14:10:35",17633700
34.1,-0.05,6000,"sd","14:10:31",17632900
34.15,0,5500,"bu","14:10:31",17626900
34.15,0,500,"bu","14:10:30",17621400
34.15,0,7100,"bu","14:10:26",17620900
34.15,0,100,"bu","14:10:23",17613800
34.15,0,900,"bu","14:10:18",17613700
34.15,0,500,"bu","14:10:17",17612800
34.15,0,500,"bu","14:10:15",17612300
34.15,0,300,"bu","14:10:13",17611800
34.15,0,1000,"bu","14:10:11",17611500
34.15,0,600,"bu","14:10:10",17610500
34.15,0,500,"bu","14:09:51",17609900
34.1,-0.05,900,"sd","14:09:48",17609400
34.15,0,100,"bu","14:09:48",17608500
34.1,-0.05,1000,"sd","14:09:41",17608400
34.15,0,2800,"bu","14:09:40",17607400
34.1,-0.05,1900,"sd","14:09:38",17604600
34.15,0,600,"bu","14:09:36",17602700
34.15,0,2000,"bu","14:09:35",17602100
34.15,0,400,"bu","14:09:28",17600100
34.15,0,3000,"bu","14:09:23",17599700
34.15,0,600,"bu","14:09:20",17596700
34.1,-0.05,600,"sd","14:09:13",17596100
34.1,-0.05,500,"sd","14:09:12",17595500
34.1,-0.05,800,"sd","14:09:04",17595000
34.15,0,300,"bu","14:09:00",17594200
34.1,-0.05,10000,"sd","14:08:57",17593900
34.15,0,500,"bu","14:08:56",17583900
34.15,0,100,"bu","14:08:51",17583400
34.15,0,2000,"bu","14:08:50",17583300
34.15,0,300,"bu","14:08:44",17581300
34.15,0,5100,"bu","14:08:43",17581000
34.15,0,1000,"bu","14:08:39",17575900
34.15,0,300,"bu","14:08:25",17574900
34.1,-0.05,500,"sd","14:08:23",17574600
34.15,0,1000,"bu","14:08:22",17574100
34.1,-0.05,800,"sd","14:08:21",17573100
34.15,0,10000,"bu","14:08:20",17572300
34.1,-0.05,1000,"sd","14:08:16",17562300
34.15,0,10000,"bu","14:08:11",17561300
34.15,0,100,"bu","14:08:05",17551300
34.15,0,500,"bu","14:08:02",17551200
34.1,-0.05,1000,"sd","14:08:01",17550700
34.15,0,100,"bu","14:08:01",17549700
34.15,0,400,"bu","14:07:59",17549600
34.15,0,2000,"bu","14:07:49",17549200
34.1,-0.05,10000,"sd","14:07:48",17547200
34.15,0,1000,"bu","14:07:45",17537200
34.15,0,1000,"bu","14:07:43",17536200
34.1,-0.05,800,"sd","14:07:37",17535200
34.15,0,2500,"bu","14:07:35",17534400
34.15,0,900,"bu","14:07:35",17531900
34.15,0,300,"bu","14:07:34",17531000
34.15,0,1900,"bu","14:07:33",17530700
34.15,0,100,"bu","14:07:28",17528800
34.15,0,500,"bu","14:07:24",17528700
34.15,0,200,"bu","14:07:23",17528200
34.15,0,1200,"bu","14:07:19",17528000
34.15,0,100,"bu","14:07:17",17526800
34.15,0,100,"bu","14:07:16",17526700
34.15,0,300,"bu","14:07:15",17526600
34.15,0,5000,"bu","14:07:12",17526300
34.15,0,100,"bu","14:07:06",17521300
34.15,0,5000,"bu","14:07:04",17521200
34.15,0,100,"bu","14:07:02",17516200
34.15,0,3100,"bu","14:07:01",17516100
34.15,0,200,"bu","14:07:00",17513000
34.15,0,100,"bu","14:06:57",17512800
34.15,0,500,"bu","14:06:55",17512700
34.1,-0.05,800,"sd","14:06:53",17512200
34.15,0,500,"bu","14:06:49",17511400
34.15,0,1000,"bu","14:06:43",17510900
34.15,0,46700,"sd","14:06:41",17509900
34.15,0,400,"sd","14:06:28",17463200
34.15,0,1000,"sd","14:06:19",17462800
34.15,0,200,"sd","14:06:13",17461800
34.15,0,5000,"sd","14:06:06",17461600
34.15,0,33400,"bu","14:06:00",17456600
34.15,0,7000,"bu","14:05:57",17423200
34.15,0,1000,"bu","14:05:56",17416200
34.15,0,100000,"bu","14:05:50",17415200
34.15,0,1000,"bu","14:05:46",17315200
34.15,0,800,"bu","14:05:46",17314200
34.15,0,400,"bu","14:05:44",17313400
34.15,0,3600,"bu","14:05:43",17313000
34.15,0,500,"bu","14:05:41",17309400
34.15,0,22500,"bu","14:05:33",17308900
34.15,0,1500,"bu","14:05:32",17286400
34.15,0,1000,"bu","14:05:29",17284900
34.1,-0.05,10000,"sd","14:05:28",17283900
34.1,-0.05,800,"sd","14:05:26",17273900
34.15,0,900,"bu","14:05:26",17273100
34.15,0,2000,"bu","14:05:24",17272200
34.15,0,200,"bu","14:05:18",17270200
34.1,-0.05,500,"sd","14:05:17",17270000
34.1,-0.05,5000,"sd","14:05:15",17269500
34.15,0,2000,"bu","14:05:15",17264500
34.15,0,100,"bu","14:05:09",17262500
34.15,0,400,"bu","14:05:07",17262400
34.15,0,3000,"bu","14:05:04",17262000
34.15,0,400,"bu","14:05:02",17259000
34.15,0,6000,"bu","14:04:57",17258600
34.1,-0.05,700,"sd","14:04:44",17252600
34.15,0,200,"bu","14:04:44",17251900
34.15,0,1000,"bu","14:04:40",17251700
34.15,0,30100,"bu","14:04:38",17250700
34.15,0,9200,"bu","14:04:34",17220600
34.15,0,2700,"sd","14:04:34",17211400
34.15,0,5000,"sd","14:04:31",17208700
34.15,0,162800,"sd","14:04:29",17203700
34.15,0,6600,"sd","14:04:27",17040900
34.15,0,5800,"sd","14:04:26",17034300
34.15,0,1000,"sd","14:04:22",17028500
34.2,0.05,600,"bu","14:04:22",17027500
34.15,0,20000,"sd","14:04:21",17026900
34.15,0,1000,"sd","14:04:18",17006900
34.15,0,100,"sd","14:04:08",17005900
34.2,0.05,300,"bu","14:04:03",17005800
34.15,0,900,"sd","14:04:03",17005500
34.15,0,600,"sd","14:04:01",17004600
34.2,0.05,500,"bu","14:03:57",17004000
34.15,0,600,"sd","14:03:45",17003500
34.2,0.05,100,"bu","14:03:38",17002900
34.15,0,5300,"sd","14:03:29",17002800
34.15,0,800,"sd","14:03:18",16997500
34.15,0,100,"sd","14:03:04",16996700
34.15,0,100,"sd","14:03:01",16996600
34.15,0,500,"sd","14:02:52",16996500
34.2,0.05,300,"bu","14:02:48",16996000
34.2,0.05,2900,"bu","14:02:39",16995700
34.15,0,800,"sd","14:02:35",16992800
34.15,0,5100,"sd","14:02:13",16992000
34.2,0.05,1000,"bu","14:02:11",16986900
34.15,0,800,"sd","14:01:54",16985900
34.2,0.05,17700,"sd","14:01:52",16985100
34.2,0.05,34800,"sd","14:01:52",16967400
34.2,0.05,1000,"sd","14:01:51",16932600
34.2,0.05,200,"sd","14:01:50",16931600
34.2,0.05,4000,"sd","14:01:49",16931400
34.25,0.1,1000,"bu","14:01:43",16927400
34.25,0.1,3000,"bu","14:01:41",16926400
34.25,0.1,1200,"bu","14:01:40",16923400
34.2,0.05,40000,"sd","14:01:40",16922200
34.25,0.1,300,"bu","14:01:19",16882200
34.25,0.1,500,"bu","14:01:11",16881900
34.2,0.05,800,"sd","14:01:09",16881400
34.2,0.05,7000,"sd","14:01:05",16880600
34.25,0.1,1000,"bu","14:00:56",16873600
34.2,0.05,200,"sd","14:00:44",16872600
34.25,0.1,700,"bu","14:00:40",16872400
34.25,0.1,400,"bu","14:00:35",16871700
34.25,0.1,100,"bu","14:00:32",16871300
34.25,0.1,3000,"bu","14:00:28",16871200
34.25,0.1,100,"bu","14:00:27",16868200
34.2,0.05,900,"sd","14:00:25",16868100
34.25,0.1,100,"bu","14:00:23",16867200
34.25,0.1,1000,"bu","14:00:22",16867100
34.25,0.1,2100,"bu","14:00:13",16866100
34.25,0.1,100,"bu","14:00:13",16864000
34.25,0.1,100,"bu","14:00:04",16863900
34.25,0.1,300,"bu","14:00:01",16863800
34.25,0.1,600,"bu","14:00:00",16863500
34.25,0.1,300,"bu","13:59:50",16862900
34.25,0.1,5000,"bu","13:59:49",16862600
34.2,0.05,15600,"bu","13:59:48",16857600
34.2,0.05,2400,"bu","13:59:46",16842000
34.2,0.05,100,"bu","13:59:45",16839600
34.2,0.05,3600,"bu","13:59:44",16839500
34.2,0.05,5300,"bu","13:59:42",16835900
34.2,0.05,100,"bu","13:59:41",16830600
34.2,0.05,300,"bu","13:59:40",16830500
34.2,0.05,1400,"bu","13:59:39",16830200
34.2,0.05,5000,"bu","13:59:38",16828800
34.2,0.05,2000,"bu","13:59:36",16823800
34.2,0.05,1000,"bu","13:59:34",16821800
34.2,0.05,1400,"bu","13:59:33",16820800
34.2,0.05,800,"bu","13:59:32",16819400
34.2,0.05,4000,"bu","13:59:31",16818600
34.2,0.05,9900,"bu","13:59:30",16814600
34.2,0.05,500,"bu","13:59:26",16804700
34.2,0.05,1900,"bu","13:59:23",16804200
34.2,0.05,5000,"bu","13:59:22",16802300
34.2,0.05,108000,"bu","13:59:20",16797300
34.2,0.05,6000,"bu","13:59:17",16689300
34.2,0.05,5000,"bu","13:59:13",16683300
34.2,0.05,1400,"bu","13:59:10",16678300
34.15,0,18000,"sd","13:59:07",16676900
34.2,0.05,10300,"bu","13:59:06",16658900
34.2,0.05,500,"bu","13:58:58",16648600
34.15,0,100,"sd","13:58:54",16648100
34.15,0,100,"sd","13:58:51",16648000
34.2,0.05,400,"bu","13:58:49",16647900
34.15,0,800,"sd","13:58:49",16647500
34.2,0.05,100,"bu","13:58:45",16646700
34.2,0.05,400,"bu","13:58:44",16646600
34.2,0.05,1000,"bu","13:58:43",16646200
34.2,0.05,200,"bu","13:58:43",16645200
34.2,0.05,200,"bu","13:58:41",16645000
34.2,0.05,200,"bu","13:58:31",16644800
34.2,0.05,1000,"bu","13:58:29",16644600
34.15,0,1700,"sd","13:58:29",16643600
34.15,0,10000,"sd","13:58:27",16641900
34.2,0.05,5000,"bu","13:58:24",16631900
34.15,0,200,"sd","13:58:19",16626900
34.2,0.05,3400,"bu","13:58:17",16626700
34.2,0.05,6000,"bu","13:58:12",16623300
34.2,0.05,70000,"bu","13:58:03",16617300
34.15,0,900,"sd","13:58:03",16547300
34.2,0.05,2300,"bu","13:58:00",16546400
34.2,0.05,2000,"bu","13:57:59",16544100
34.2,0.05,400,"bu","13:57:55",16542100
34.2,0.05,1100,"bu","13:57:51",16541700
34.15,0,1600,"sd","13:57:49",16540600
34.2,0.05,3000,"bu","13:57:49",16539000
34.2,0.05,10000,"bu","13:57:47",16536000
34.2,0.05,1700,"bu","13:57:44",16526000
34.2,0.05,5200,"bu","13:57:43",16524300
34.2,0.05,800,"bu","13:57:43",16519100
34.2,0.05,600,"bu","13:57:41",16518300
34.2,0.05,6000,"bu","13:57:39",16517700
34.2,0.05,300,"bu","13:57:37",16511700
34.2,0.05,1000,"bu","13:57:32",16511400
34.2,0.05,500,"bu","13:57:28",16510400
34.2,0.05,100,"bu","13:57:19",16509900
34.15,0,800,"sd","13:57:18",16509800
34.2,0.05,3000,"bu","13:57:10",16509000
34.2,0.05,500,"bu","13:57:08",16506000
34.2,0.05,9000,"bu","13:57:06",16505500
34.15,0,2300,"sd","13:57:04",16496500
34.2,0.05,1000,"bu","13:56:58",16494200
34.2,0.05,500,"bu","13:56:57",16493200
34.2,0.05,300,"bu","13:56:53",16492700
34.2,0.05,400,"bu","13:56:51",16492400
34.15,0,3900,"sd","13:56:49",16492000
34.2,0.05,1000,"bu","13:56:44",16488100
34.15,0,1500,"sd","13:56:43",16487100
34.2,0.05,3000,"bu","13:56:39",16485600
34.15,0,800,"sd","13:56:36",16482600
34.2,0.05,200,"bu","13:56:28",16481800
34.2,0.05,2000,"bu","13:56:24",16481600
34.2,0.05,500,"bu","13:56:24",16479600
34.2,0.05,700,"bu","13:56:23",16479100
34.15,0,5000,"sd","13:56:22",16478400
34.15,0,100,"sd","13:56:17",16473400
34.2,0.05,25100,"bu","13:56:17",16473300
34.2,0.05,300,"bu","13:56:08",16448200
34.2,0.05,1000,"bu","13:55:58",16447900
34.15,0,1400,"sd","13:55:54",16446900
34.15,0,100,"sd","13:55:53",16445500
34.15,0,900,"sd","13:55:52",16445400
34.15,0,6500,"sd","13:55:49",16444500
34.15,0,1000,"sd","13:55:37",16438000
34.2,0.05,9000,"bu","13:55:35",16437000
34.15,0,1000,"sd","13:54:45",16428000
34.15,0,20200,"sd","13:54:42",16427000
34.15,0,25800,"bu","13:54:30",16406800
34.15,0,1000,"bu","13:54:27",16381000
34.15,0,100,"bu","13:54:25",16380000
34.15,0,600,"bu","13:54:24",16379900
34.15,0,100,"bu","13:54:23",16379300
34.15,0,8200,"bu","13:54:21",16379200
34.15,0,300,"bu","13:54:20",16371000
34.15,0,3500,"bu","13:54:15",16370700
34.15,0,300,"bu","13:54:13",16367200
34.15,0,900,"bu","13:54:07",16366900
34.15,0,5000,"bu","13:54:05",16366000
34.15,0,3700,"bu","13:54:04",16361000
34.15,0,5000,"bu","13:54:03",16357300
34.15,0,1700,"bu","13:53:55",16352300
34.15,0,3500,"bu","13:53:52",16350600
34.15,0,5100,"bu","13:53:49",16347100
34.15,0,1000,"bu","13:53:47",16342000
34.15,0,300,"bu","13:53:45",16341000
34.15,0,10300,"bu","13:53:44",16340700
34.15,0,100000,"bu","13:53:40",16330400
34.15,0,100,"bu","13:53:37",16230400
34.1,-0.05,1000,"sd","13:53:37",16230300
34.1,-0.05,800,"sd","13:53:35",16229300
34.1,-0.05,1500,"sd","13:53:34",16228500
34.15,0,2000,"bu","13:53:33",16227000
34.1,-0.05,100,"sd","13:53:28",16225000
34.1,-0.05,400,"sd","13:53:16",16224900
34.15,0,300,"bu","13:53:11",16224500
34.15,0,200,"bu","13:53:01",16224200
34.1,-0.05,5000,"sd","13:52:57",16224000
34.15,0,1000,"bu","13:52:57",16219000
34.1,-0.05,800,"sd","13:52:51",16218000
34.15,0,1000,"bu","13:52:50",16217200
34.15,0,500,"bu","13:52:48",16216200
34.1,-0.05,1700,"sd","13:52:45",16215700
34.15,0,2000,"bu","13:52:43",16214000
34.1,-0.05,500,"sd","13:52:36",16212000
34.1,-0.05,100,"sd","13:52:31",16211500
34.1,-0.05,100,"sd","13:52:30",16211400
34.1,-0.05,300,"sd","13:52:25",16211300
34.1,-0.05,500,"sd","13:52:22",16211000
34.1,-0.05,500,"sd","13:52:16",16210500
34.1,-0.05,900,"sd","13:52:07",16210000
34.15,0,300,"bu","13:52:01",16209100
34.1,-0.05,1000,"sd","13:52:01",16208800
34.15,0,700,"bu","13:51:57",16207800
34.15,0,300,"bu","13:51:42",16207100
34.15,0,1000,"bu","13:51:37",16206800
34.1,-0.05,2000,"sd","13:51:36",16205800
34.1,-0.05,5000,"sd","13:51:35",16203800
34.1,-0.05,100,"sd","13:51:31",16198800
34.1,-0.05,1500,"sd","13:51:23",16198700
34.1,-0.05,800,"sd","13:51:21",16197200
34.1,-0.05,1700,"sd","13:51:13",16196400
34.1,-0.05,20000,"sd","13:51:12",16194700
34.1,-0.05,8500,"sd","13:51:09",16174700
34.1,-0.05,500,"sd","13:51:06",16166200
34.1,-0.05,5000,"sd","13:51:02",16165700
34.1,-0.05,5000,"sd","13:50:59",16160700
34.1,-0.05,18600,"bu","13:50:42",16155700
34.1,-0.05,600,"bu","13:50:41",16137100
34.05,-0.1,600,"sd","13:50:40",16136500
34.05,-0.1,800,"sd","13:50:40",16135900
34.1,-0.05,5000,"bu","13:50:37",16135100
34.1,-0.05,200,"bu","13:50:33",16130100
34.1,-0.05,3000,"bu","13:50:32",16129900
34.1,-0.05,2000,"bu","13:50:31",16126900
34.1,-0.05,1100,"bu","13:50:28",16124900
34.1,-0.05,5000,"bu","13:50:26",16123800
34.1,-0.05,100,"bu","13:50:23",16118800
34.1,-0.05,500,"bu","13:50:22",16118700
34.1,-0.05,3900,"bu","13:50:20",16118200
34.1,-0.05,2000,"bu","13:50:18",16114300
34.1,-0.05,3000,"bu","13:50:16",16112300
34.1,-0.05,200,"bu","13:50:14",16109300
34.1,-0.05,300,"bu","13:50:13",16109100
34.1,-0.05,500,"bu","13:50:13",16108800
34.1,-0.05,6000,"bu","13:50:12",16108300
34.1,-0.05,1000,"bu","13:50:10",16102300
34.1,-0.05,500,"bu","13:50:08",16101300
34.1,-0.05,200,"bu","13:50:06",16100800
34.1,-0.05,10000,"bu","13:50:00",16100600
34.1,-0.05,1200,"bu","13:49:59",16090600
34.1,-0.05,1000,"bu","13:49:56",16089400
34.1,-0.05,1200,"bu","13:49:54",16088400
34.05,-0.1,900,"sd","13:49:54",16087200
34.1,-0.05,1000,"bu","13:49:43",16086300
34.1,-0.05,8000,"bu","13:49:42",16085300
34.1,-0.05,300,"bu","13:49:34",16077300
34.1,-0.05,2200,"bu","13:49:32",16077000
34.1,-0.05,400,"bu","13:49:32",16074800
34.1,-0.05,1000,"bu","13:49:30",16074400
34.1,-0.05,800,"bu","13:49:28",16073400
34.1,-0.05,700,"bu","13:49:27",16072600
34.1,-0.05,100,"bu","13:49:23",16071900
34.1,-0.05,45200,"sd","13:49:16",16071800
34.1,-0.05,5000,"sd","13:49:15",16026600
34.1,-0.05,2300,"sd","13:49:14",16021600
34.15,0,100,"bu","13:49:11",16019300
34.1,-0.05,800,"sd","13:49:09",16019200
34.1,-0.05,92500,"sd","13:49:08",16018400
34.1,-0.05,800,"sd","13:49:07",15925900
34.1,-0.05,500,"sd","13:49:04",15925100
34.1,-0.05,3000,"sd","13:49:02",15924600
34.1,-0.05,1000,"sd","13:48:56",15921600
34.1,-0.05,500,"sd","13:48:52",15920600
34.1,-0.05,20000,"sd","13:48:50",15920100
34.1,-0.05,1100,"sd","13:48:42",15900100
34.1,-0.05,10000,"sd","13:48:37",15899000
34.1,-0.05,3000,"sd","13:48:32",15889000
34.1,-0.05,100,"sd","13:48:32",15886000
34.1,-0.05,200,"sd","13:48:31",15885900
34.1,-0.05,800,"sd","13:48:25",15885700
34.1,-0.05,200,"sd","13:48:23",15884900
34.1,-0.05,2500,"sd","13:48:17",15884700
34.1,-0.05,200,"sd","13:48:15",15882200
34.1,-0.05,2000,"sd","13:48:06",15882000
34.1,-0.05,2000,"sd","13:47:57",15880000
34.1,-0.05,50000,"sd","13:47:56",15878000
34.1,-0.05,5100,"sd","13:47:51",15828000
34.1,-0.05,1000,"sd","13:47:43",15822900
34.1,-0.05,900,"sd","13:47:42",15821900
34.15,0,1200,"bu","13:47:37",15821000
34.1,-0.05,30000,"sd","13:47:34",15819800
34.15,0,500,"bu","13:47:30",15789800
34.1,-0.05,2000,"sd","13:47:30",15789300
34.1,-0.05,30000,"sd","13:47:19",15787300
34.15,0,300,"bu","13:47:15",15757300
34.15,0,700,"bu","13:47:14",15757000
34.1,-0.05,500,"sd","13:47:14",15756300
34.1,-0.05,5200,"sd","13:47:11",15755800
34.1,-0.05,2000,"sd","13:47:09",15750600
34.1,-0.05,1700,"sd","13:47:07",15748600
34.1,-0.05,7700,"sd","13:47:01",15746900
34.1,-0.05,2000,"sd","13:46:57",15739200
34.1,-0.05,900,"sd","13:46:53",15737200
34.15,0,200,"bu","13:46:43",15736300
34.15,0,200,"bu","13:46:41",15736100
34.1,-0.05,500,"sd","13:46:39",15735900
34.15,0,4800,"bu","13:46:37",15735400
34.15,0,400,"bu","13:46:31",15730600
34.15,0,4300,"bu","13:46:31",15730200
34.15,0,9000,"bu","13:46:28",15725900
34.1,-0.05,16700,"sd","13:46:27",15716900
34.15,0,700,"bu","13:46:24",15700200
34.1,-0.05,2000,"sd","13:46:22",15699500
34.1,-0.05,5000,"sd","13:46:14",15697500
34.15,0,200,"bu","13:46:12",15692500
34.1,-0.05,2500,"sd","13:46:09",15692300
34.15,0,1000,"bu","13:46:07",15689800
34.1,-0.05,5000,"sd","13:46:05",15688800
34.15,0,100,"bu","13:45:59",15683800
34.15,0,1000,"bu","13:45:58",15683700
34.1,-0.05,2000,"sd","13:45:57",15682700
34.1,-0.05,10000,"sd","13:45:55",15680700
34.15,0,14000,"bu","13:45:50",15670700
34.15,0,10000,"bu","13:45:47",15656700
34.15,0,300,"bu","13:45:46",15646700
34.15,0,1900,"bu","13:45:43",15646400
34.15,0,226700,"sd","13:45:39",15644500
34.15,0,30000,"sd","13:45:37",15417800
34.15,0,1200,"sd","13:45:35",15387800
34.15,0,100,"sd","13:45:34",15386600
34.15,0,4000,"sd","13:45:26",15386500
34.15,0,1000,"sd","13:45:20",15382500
34.15,0,100,"sd","13:45:15",15381500
34.2,0.05,300,"bu","13:45:13",15381400
34.15,0,100,"sd","13:45:12",15381100
34.15,0,100,"sd","13:45:11",15381000
34.15,0,100,"sd","13:45:09",15380900
34.15,0,100,"sd","13:44:54",15380800
34.15,0,800,"sd","13:44:42",15380700
34.2,0.05,200,"bu","13:44:40",15379900
34.15,0,100,"sd","13:44:30",15379700
34.15,0,1700,"sd","13:44:22",15379600
34.15,0,100,"sd","13:44:12",15377900
34.15,0,1100,"sd","13:44:00",15377800
34.2,0.05,3000,"bu","13:43:54",15376700
34.15,0,1700,"sd","13:43:53",15373700
34.2,0.05,500,"bu","13:43:43",15372000
34.15,0,200,"sd","13:43:37",15371500
34.15,0,100,"sd","13:43:31",15371300
34.15,0,100,"sd","13:43:26",15371200
34.15,0,2000,"sd","13:43:14",15371100
34.2,0.05,4000,"bu","13:43:06",15369100
34.2,0.05,800,"bu","13:43:01",15365100
34.15,0,900,"sd","13:42:59",15364300
34.2,0.05,300,"bu","13:42:48",15363400
34.2,0.05,1200,"bu","13:42:44",15363100
34.2,0.05,100,"bu","13:42:25",15361900
34.15,0,100,"sd","13:42:22",15361800
34.2,0.05,300,"bu","13:42:17",15361700
34.15,0,1000,"sd","13:42:11",15361400
34.2,0.05,2400,"bu","13:42:09",15360400
34.15,0,2500,"sd","13:42:06",15358000
34.2,0.05,400,"bu","13:42:04",15355500
34.2,0.05,5400,"bu","13:42:01",15355100
34.15,0,200,"sd","13:41:55",15349700
34.15,0,1600,"sd","13:41:53",15349500
34.15,0,15000,"sd","13:41:37",15347900
34.2,0.05,100,"bu","13:41:37",15332900
34.2,0.05,2500,"bu","13:41:30",15332800
34.15,0,2000,"sd","13:41:21",15330300
34.15,0,800,"sd","13:41:21",15328300
34.2,0.05,300,"bu","13:41:20",15327500
34.2,0.05,4000,"bu","13:41:13",15327200
34.15,0,20000,"sd","13:41:12",15323200
34.2,0.05,4000,"bu","13:40:56",15303200
34.2,0.05,5000,"bu","13:40:54",15299200
34.2,0.05,100,"bu","13:40:51",15294200
34.2,0.05,100,"bu","13:40:37",15294100
34.2,0.05,300,"bu","13:40:35",15294000
34.2,0.05,200,"bu","13:40:24",15293700
34.15,0,5000,"sd","13:40:23",15293500
34.2,0.05,900,"bu","13:40:20",15288500
34.2,0.05,1000,"bu","13:40:13",15287600
34.15,0,200,"sd","13:40:05",15286600
34.15,0,2500,"bu","13:40:00",15286400
34.15,0,3000,"bu","13:39:58",15283900
34.15,0,10000,"bu","13:39:58",15280900
34.15,0,5800,"bu","13:39:57",15270900
34.15,0,2100,"bu","13:39:57",15265100
34.15,0,12800,"bu","13:39:56",15263000
34.15,0,5800,"bu","13:39:56",15250200
34.15,0,25400,"bu","13:39:55",15244400
34.15,0,1000,"bu","13:39:55",15219000
34.15,0,3000,"bu","13:39:54",15218000
34.15,0,21900,"bu","13:39:53",15215000
34.15,0,7000,"bu","13:39:52",15193100
34.15,0,300,"bu","13:39:51",15186100
34.15,0,700,"bu","13:39:51",15185800
34.15,0,9300,"bu","13:39:50",15185100
34.15,0,500,"bu","13:39:49",15175800
34.15,0,5000,"bu","13:39:48",15175300
34.15,0,400,"bu","13:39:47",15170300
34.15,0,12500,"bu","13:39:46",15169900
34.15,0,10500,"bu","13:39:45",15157400
34.15,0,1000,"bu","13:39:44",15146900
34.15,0,13600,"bu","13:39:43",15145900
34.15,0,100,"bu","13:39:42",15132300
34.15,0,6000,"bu","13:39:41",15132200
34.15,0,100,"bu","13:39:40",15126200
34.15,0,3000,"bu","13:39:38",15126100
34.15,0,1000,"bu","13:39:37",15123100
34.15,0,5500,"bu","13:39:34",15122100
34.15,0,1500,"bu","13:39:32",15116600
34.15,0,100,"bu","13:39:28",15115100
34.15,0,31500,"bu","13:39:27",15115000
34.15,0,6300,"bu","13:39:23",15083500
34.15,0,200,"bu","13:39:17",15077200
34.1,-0.05,800,"sd","13:39:08",15077000
34.15,0,800,"bu","13:39:06",15076200
34.15,0,10000,"bu","13:39:05",15075400
34.15,0,100,"bu","13:39:03",15065400
34.15,0,900,"bu","13:39:02",15065300
34.15,0,20000,"bu","13:39:01",15064400
34.15,0,1000,"bu","13:38:59",15044400
34.15,0,1000,"bu","13:38:57",15043400
34.15,0,1000,"bu","13:38:54",15042400
34.15,0,100,"bu","13:38:45",15041400
34.15,0,500,"bu","13:38:45",15041300
34.15,0,10000,"bu","13:38:44",15040800
34.15,0,1300,"bu","13:38:42",15030800
34.1,-0.05,300,"sd","13:38:25",15029500
34.1,-0.05,900,"sd","13:38:23",15029200
34.15,0,300,"bu","13:38:22",15028300
34.15,0,1000,"bu","13:38:18",15028000
34.1,-0.05,1000,"sd","13:38:16",15027000
34.1,-0.05,1000,"sd","13:38:15",15026000
34.1,-0.05,2500,"sd","13:38:12",15025000
34.1,-0.05,1500,"sd","13:38:03",15022500
34.1,-0.05,10100,"sd","13:37:58",15021000
34.1,-0.05,300,"sd","13:37:54",15010900
34.1,-0.05,700,"sd","13:37:50",15010600
34.1,-0.05,400,"sd","13:37:45",15009900
34.1,-0.05,100,"sd","13:37:42",15009500
34.1,-0.05,5000,"sd","13:37:39",15009400
34.1,-0.05,100,"sd","13:37:38",15004400
34.1,-0.05,20000,"sd","13:37:36",15004300
34.1,-0.05,900,"sd","13:37:35",14984300
34.1,-0.05,1600,"sd","13:37:32",14983400
34.15,0,300,"bu","13:37:31",14981800
34.1,-0.05,7900,"sd","13:37:25",14981500
34.1,-0.05,400,"sd","13:37:22",14973600
34.1,-0.05,4100,"sd","13:37:13",14973200
34.1,-0.05,1000,"sd","13:37:09",14969100
34.1,-0.05,2800,"sd","13:37:01",14968100
34.1,-0.05,10000,"sd","13:36:58",14965300
34.1,-0.05,200,"sd","13:36:54",14955300
34.1,-0.05,900,"sd","13:36:51",14955100
34.1,-0.05,900,"sd","13:36:50",14954200
34.15,0,2200,"bu","13:36:49",14953300
34.1,-0.05,500,"sd","13:36:43",14951100
34.1,-0.05,100,"sd","13:36:40",14950600
34.15,0,1000,"bu","13:36:39",14950500
34.1,-0.05,1000,"sd","13:36:35",14949500
34.1,-0.05,100,"sd","13:36:33",14948500
34.1,-0.05,1000,"sd","13:36:31",14948400
34.1,-0.05,3500,"sd","13:36:30",14947400
34.1,-0.05,500,"sd","13:36:28",14943900
34.1,-0.05,400,"sd","13:36:25",14943400
34.1,-0.05,10000,"sd","13:36:19",14943000
34.1,-0.05,300,"sd","13:36:16",14933000
34.1,-0.05,5200,"sd","13:36:13",14932700
34.1,-0.05,800,"sd","13:36:03",14927500
34.15,0,4300,"bu","13:36:03",14926700
34.1,-0.05,300,"sd","13:35:54",14922400
34.1,-0.05,300,"sd","13:35:42",14922100
34.15,0,1000,"bu","13:35:40",14921800
34.1,-0.05,200,"sd","13:35:36",14920800
34.1,-0.05,500,"sd","13:35:27",14920600
34.1,-0.05,100,"sd","13:35:23",14920100
34.1,-0.05,1000,"sd","13:35:22",14920000
34.1,-0.05,1200,"sd","13:35:19",14919000
34.1,-0.05,100,"sd","13:35:17",14917800
34.1,-0.05,1800,"bu","13:35:13",14917700
34.1,-0.05,3200,"bu","13:35:12",14915900
34.1,-0.05,1500,"bu","13:35:10",14912700
34.1,-0.05,1000,"bu","13:35:10",14911200
34.1,-0.05,5500,"bu","13:35:07",14910200
34.1,-0.05,100,"bu","13:35:05",14904700
34.05,-0.1,4000,"sd","13:35:05",14904600
34.1,-0.05,2500,"bu","13:35:05",14900600
34.1,-0.05,6000,"bu","13:35:04",14898100
34.1,-0.05,1000,"bu","13:35:03",14892100
34.05,-0.1,500,"sd","13:35:03",14891100
34.1,-0.05,2000,"bu","13:35:03",14890600
34.1,-0.05,5000,"bu","13:35:01",14888600
34.05,-0.1,6500,"sd","13:35:00",14883600
34.1,-0.05,1500,"bu","13:34:57",14877100
34.1,-0.05,200,"bu","13:34:57",14875600
34.1,-0.05,30000,"bu","13:34:53",14875400
34.1,-0.05,1000,"bu","13:34:51",14845400
34.1,-0.05,2000,"bu","13:34:47",14844400
34.05,-0.1,200,"sd","13:34:40",14842400
34.1,-0.05,300,"bu","13:34:40",14842200
34.1,-0.05,1000,"bu","13:34:33",14841900
34.1,-0.05,300,"bu","13:34:33",14840900
34.05,-0.1,1000,"sd","13:34:31",14840600
34.1,-0.05,3000,"bu","13:34:30",14839600
34.1,-0.05,100,"bu","13:34:30",14836600
34.1,-0.05,100,"bu","13:34:28",14836500
34.1,-0.05,1000,"sd","13:34:27",14836400
34.05,-0.1,3400,"sd","13:34:27",14835400
34.1,-0.05,3600,"sd","13:34:27",14832000
34.1,-0.05,2000,"sd","13:34:22",14828400
34.1,-0.05,100,"bu","13:34:13",14826400
34.1,-0.05,5100,"sd","13:34:13",14826300
34.1,-0.05,100,"sd","13:34:12",14821200
34.1,-0.05,17200,"bu","13:34:07",14821100
34.1,-0.05,1000,"bu","13:34:05",14803900
34.1,-0.05,10000,"bu","13:34:05",14802900
34.1,-0.05,19000,"bu","13:34:04",14792900
34.1,-0.05,500,"bu","13:34:01",14773900
34.1,-0.05,6100,"bu","13:34:00",14773400
34.05,-0.1,300,"sd","13:33:58",14767300
34.05,-0.1,100,"sd","13:33:56",14767000
34.1,-0.05,300,"bu","13:33:55",14766900
34.1,-0.05,10000,"bu","13:33:54",14766600
34.1,-0.05,100,"bu","13:33:47",14756600
34.1,-0.05,5000,"bu","13:33:41",14756500
34.05,-0.1,500,"sd","13:33:40",14751500
34.1,-0.05,1900,"bu","13:33:40",14751000
34.05,-0.1,900,"sd","13:33:38",14749100
34.1,-0.05,400,"bu","13:33:36",14748200
34.1,-0.05,1000,"bu","13:33:34",14747800
34.1,-0.05,100,"bu","13:33:30",14746800
34.1,-0.05,100,"bu","13:33:25",14746700
34.1,-0.05,1500,"bu","13:33:24",14746600
34.05,-0.1,2000,"sd","13:33:19",14745100
34.1,-0.05,400,"bu","13:33:14",14743100
34.1,-0.05,400,"bu","13:33:11",14742700
34.1,-0.05,500,"bu","13:33:03",14742300
34.05,-0.1,300,"sd","13:33:01",14741800
34.1,-0.05,200,"bu","13:32:57",14741500
34.1,-0.05,1000,"bu","13:32:56",14741300
34.1,-0.05,100,"bu","13:32:53",14740300
34.05,-0.1,900,"sd","13:32:53",14740200
34.1,-0.05,1000,"bu","13:32:52",14739300
34.1,-0.05,500,"bu","13:32:50",14738300
34.1,-0.05,5000,"bu","13:32:45",14737800
34.1,-0.05,100,"bu","13:32:44",14732800
34.1,-0.05,1000,"sd","13:32:37",14732700
34.1,-0.05,7300,"sd","13:32:33",14731700
34.1,-0.05,500,"sd","13:32:32",14724400
34.1,-0.05,1000,"sd","13:32:31",14723900
34.1,-0.05,2000,"sd","13:32:30",14722900
34.1,-0.05,7000,"sd","13:32:29",14720900
34.1,-0.05,4000,"sd","13:32:27",14713900
34.1,-0.05,500,"sd","13:32:26",14709900
34.1,-0.05,4900,"sd","13:32:25",14709400
34.1,-0.05,3000,"sd","13:32:20",14704500
34.1,-0.05,100,"sd","13:32:19",14701500
34.1,-0.05,18000,"sd","13:32:14",14701400
34.15,0,1000,"bu","13:32:13",14683400
34.1,-0.05,100,"sd","13:32:13",14682400
34.1,-0.05,100,"sd","13:32:06",14682300
34.1,-0.05,1000,"sd","13:32:05",14682200
34.1,-0.05,1000,"sd","13:32:04",14681200
34.1,-0.05,1500,"bu","13:32:03",14680200
34.1,-0.05,700,"bu","13:32:02",14678700
34.1,-0.05,5600,"bu","13:32:01",14678000
34.1,-0.05,4100,"bu","13:32:00",14672400
34.1,-0.05,19600,"bu","13:32:00",14668300
34.1,-0.05,1500,"bu","13:31:59",14648700
34.1,-0.05,100,"bu","13:31:58",14647200
34.1,-0.05,2100,"bu","13:31:58",14647100
34.1,-0.05,100,"bu","13:31:56",14645000
34.1,-0.05,1000,"bu","13:31:54",14644900
34.1,-0.05,50000,"bu","13:31:54",14643900
34.1,-0.05,2400,"bu","13:31:52",14593900
34.1,-0.05,200,"bu","13:31:51",14591500
34.1,-0.05,3000,"bu","13:31:49",14591300
34.1,-0.05,1000,"bu","13:31:47",14588300
34.1,-0.05,1000,"bu","13:31:46",14587300
34.1,-0.05,3000,"bu","13:31:46",14586300
34.1,-0.05,300,"bu","13:31:42",14583300
34.1,-0.05,1000,"bu","13:31:38",14583000
34.1,-0.05,1100,"bu","13:31:35",14582000
34.05,-0.1,1000,"sd","13:31:24",14580900
34.05,-0.1,1000,"sd","13:31:23",14579900
34.05,-0.1,5100,"sd","13:31:21",14578900
34.1,-0.05,1500,"bu","13:31:21",14573800
34.05,-0.1,100,"sd","13:31:19",14572300
34.1,-0.05,200,"bu","13:31:19",14572200
34.05,-0.1,18400,"bu","13:31:19",14572000
34.05,-0.1,12200,"bu","13:31:19",14553600
34.05,-0.1,7000,"bu","13:31:18",14541400
34.05,-0.1,2000,"bu","13:31:18",14534400
34.05,-0.1,29700,"bu","13:31:17",14532400
34.05,-0.1,5000,"bu","13:31:17",14502700
34.05,-0.1,100,"bu","13:31:16",14497700
34.05,-0.1,11100,"bu","13:31:15",14497600
34.05,-0.1,1500,"bu","13:31:13",14486500
34,-0.15,1000,"sd","13:31:11",14485000
34,-0.15,100,"sd","13:31:10",14484000
34.05,-0.1,1000,"bu","13:31:09",14483900
34.05,-0.1,1200,"bu","13:31:08",14482900
34.05,-0.1,600,"bu","13:31:07",14481700
34.05,-0.1,2000,"bu","13:31:05",14481100
34.05,-0.1,10000,"bu","13:31:02",14479100
34.05,-0.1,500,"bu","13:31:00",14469100
34.05,-0.1,300,"bu","13:30:58",14468600
34.05,-0.1,1000,"bu","13:30:58",14468300
34,-0.15,500,"sd","13:30:57",14467300
34,-0.15,200,"sd","13:30:55",14466800
34,-0.15,2000,"sd","13:30:54",14466600
34,-0.15,1000,"sd","13:30:51",14464600
34,-0.15,500,"sd","13:30:45",14463600
34.05,-0.1,1000,"bu","13:30:43",14463100
34.05,-0.1,1000,"bu","13:30:38",14462100
34,-0.15,3000,"sd","13:30:37",14461100
34.05,-0.1,300,"bu","13:30:35",14458100
34.05,-0.1,500,"bu","13:30:30",14457800
34.05,-0.1,500,"bu","13:30:27",14457300
34,-0.15,1500,"sd","13:30:24",14456800
34.05,-0.1,1000,"bu","13:30:23",14455300
34,-0.15,7800,"sd","13:30:20",14454300
34.05,-0.1,100,"bu","13:30:19",14446500
34,-0.15,800,"sd","13:30:18",14446400
34,-0.15,7700,"sd","13:30:16",14445600
34.05,-0.1,400,"bu","13:30:14",14437900
34,-0.15,300,"sd","13:30:12",14437500
34,-0.15,10000,"sd","13:30:12",14437200
34.05,-0.1,2000,"bu","13:30:12",14427200
34,-0.15,4000,"sd","13:30:10",14425200
34.05,-0.1,200,"bu","13:30:09",14421200
34.05,-0.1,16400,"bu","13:30:08",14421000
34.05,-0.1,200,"bu","13:30:06",14404600
34.05,-0.1,2000,"bu","13:30:01",14404400
34.05,-0.1,300,"bu","13:30:01",14402400
34,-0.15,800,"sd","13:30:00",14402100
34,-0.15,8900,"sd","13:30:00",14401300
34.05,-0.1,500,"bu","13:30:00",14392400
34,-0.15,600,"sd","13:29:59",14391900
34.05,-0.1,500,"bu","13:29:58",14391300
34.05,-0.1,3300,"bu","13:29:57",14390800
34.05,-0.1,500,"bu","13:29:56",14387500
34.05,-0.1,300,"bu","13:29:54",14387000
34.05,-0.1,100,"bu","13:29:53",14386700
34.05,-0.1,59000,"sd","13:29:52",14386600
34.05,-0.1,5500,"sd","13:29:51",14327600
34.05,-0.1,6400,"sd","13:29:51",14322100
34.05,-0.1,79500,"sd","13:29:50",14315700
34.05,-0.1,50000,"sd","13:29:48",14236200
34.05,-0.1,3100,"sd","13:29:47",14186200
34.05,-0.1,11300,"sd","13:29:46",14183100
34.05,-0.1,8800,"sd","13:29:46",14171800
34.05,-0.1,5000,"sd","13:29:44",14163000
34.05,-0.1,3000,"sd","13:29:43",14158000
34.05,-0.1,3600,"sd","13:29:42",14155000
34.05,-0.1,400,"sd","13:29:41",14151400
34.05,-0.1,20000,"sd","13:29:39",14151000
34.05,-0.1,3500,"sd","13:29:35",14131000
34.05,-0.1,2800,"sd","13:29:34",14127500
34.05,-0.1,1800,"sd","13:29:34",14124700
34.05,-0.1,1000,"sd","13:29:33",14122900
34.1,-0.05,3000,"bu","13:29:32",14121900
34.05,-0.1,4300,"sd","13:29:32",14118900
34.05,-0.1,6000,"sd","13:29:31",14114600
34.05,-0.1,2500,"sd","13:29:30",14108600
34.05,-0.1,5000,"sd","13:29:28",14106100
34.05,-0.1,10000,"sd","13:29:27",14101100
34.05,-0.1,100,"sd","13:29:24",14091100
34.05,-0.1,13900,"sd","13:29:23",14091000
34.05,-0.1,900,"sd","13:29:22",14076600
34.1,-0.05,2000,"bu","13:29:21",14075700
34.05,-0.1,2000,"sd","13:29:21",14073700
34.05,-0.1,100,"sd","13:29:20",14071700
34.05,-0.1,23300,"sd","13:29:19",14071600
34.05,-0.1,10100,"sd","13:29:17",14048300
34.05,-0.1,500,"sd","13:29:15",14038200
34.05,-0.1,5000,"sd","13:29:13",14037700
34.05,-0.1,53100,"sd","13:29:11",14032700
34.05,-0.1,9400,"sd","13:29:07",13979600
34.05,-0.1,11000,"sd","13:29:06",13970200
34.05,-0.1,6000,"sd","13:29:03",13959200
34.05,-0.1,30000,"sd","13:28:56",13953200
34.05,-0.1,1000,"sd","13:28:55",13923200
34.05,-0.1,3300,"sd","13:28:52",13922200
34.05,-0.1,400,"sd","13:28:49",13918900
34.05,-0.1,1500,"sd","13:28:47",13918500
34.1,-0.05,400,"bu","13:28:44",13917000
34.1,-0.05,1000,"bu","13:28:42",13916600
34.05,-0.1,200000,"sd","13:28:42",13915600
34.05,-0.1,30200,"sd","13:28:41",13715600
34.05,-0.1,10600,"sd","13:28:41",13685400
34.1,-0.05,600,"bu","13:28:38",13674800
34.1,-0.05,2000,"bu","13:28:33",13674200
34.1,-0.05,100,"bu","13:28:32",13672200
34.1,-0.05,200,"bu","13:28:29",13672100
34.1,-0.05,500,"bu","13:28:26",13671900
34.1,-0.05,200,"bu","13:28:14",13671400
34.1,-0.05,400,"bu","13:28:14",13671200
34.05,-0.1,500,"sd","13:28:11",13670800
34.05,-0.1,100,"sd","13:28:10",13670300
34.1,-0.05,2800,"bu","13:28:07",13670200
34.1,-0.05,3000,"bu","13:28:01",13667400
34.1,-0.05,500,"bu","13:28:00",13664400
34.05,-0.1,800,"sd","13:27:59",13663900
34.1,-0.05,1000,"bu","13:27:58",13663100
34.1,-0.05,1000,"bu","13:27:52",13662100
34.1,-0.05,500,"bu","13:27:51",13661100
34.1,-0.05,2000,"bu","13:27:50",13660600
34.1,-0.05,10000,"bu","13:27:48",13658600
34.1,-0.05,50300,"sd","13:27:45",13648600
34.1,-0.05,10600,"sd","13:27:44",13598300
34.1,-0.05,45900,"sd","13:27:44",13587700
34.1,-0.05,32500,"sd","13:27:42",13541800
34.1,-0.05,10900,"sd","13:27:39",13509300
34.1,-0.05,1000,"sd","13:27:36",13498400
34.1,-0.05,89300,"sd","13:27:36",13497400
34.15,0,300,"bu","13:27:28",13408100
34.1,-0.05,1400,"sd","13:27:24",13407800
34.15,0,12000,"bu","13:27:24",13406400
34.1,-0.05,5000,"sd","13:27:23",13394400
34.1,-0.05,3000,"sd","13:27:22",13389400
34.1,-0.05,6000,"sd","13:27:20",13386400
34.1,-0.05,2000,"sd","13:27:20",13380400
34.1,-0.05,1300,"sd","13:27:19",13378400
34.1,-0.05,14000,"sd","13:27:18",13377100
34.1,-0.05,1000,"sd","13:27:16",13363100
34.1,-0.05,5800,"sd","13:27:15",13362100
34.1,-0.05,40000,"sd","13:27:14",13356300
34.15,0,100000,"bu","13:27:14",13316300
34.1,-0.05,100000,"sd","13:27:12",13216300
34.1,-0.05,100,"sd","13:26:58",13116300
34.1,-0.05,68000,"sd","13:26:57",13116200
34.1,-0.05,200,"sd","13:26:56",13048200
34.1,-0.05,2000,"sd","13:26:51",13048000
34.15,0,400,"bu","13:26:48",13046000
34.1,-0.05,7200,"sd","13:26:41",13045600
34.1,-0.05,400,"sd","13:26:40",13038400
34.1,-0.05,2600,"sd","13:26:37",13038000
34.1,-0.05,800,"sd","13:26:33",13035400
34.1,-0.05,14000,"sd","13:26:29",13034600
34.1,-0.05,67000,"sd","13:26:28",13020600
34.1,-0.05,21100,"sd","13:26:28",12953600
34.1,-0.05,1000,"sd","13:26:19",12932500
34.1,-0.05,3000,"sd","13:26:09",12931500
34.15,0,1000,"bu","13:26:00",12928500
34.15,0,2000,"bu","13:25:59",12927500
34.15,0,10000,"bu","13:25:52",12925500
34.1,-0.05,800,"sd","13:25:51",12915500
34.15,0,300,"bu","13:25:46",12914700
34.15,0,200,"bu","13:25:43",12914400
34.15,0,300,"bu","13:25:41",12914200
34.15,0,700,"bu","13:25:40",12913900
34.15,0,3000,"bu","13:25:39",12913200
34.15,0,200,"bu","13:25:32",12910200
34.15,0,1000,"bu","13:25:17",12910000
34.15,0,2000,"bu","13:25:12",12909000
34.1,-0.05,800,"sd","13:25:08",12907000
34.1,-0.05,10000,"sd","13:25:07",12906200
34.15,0,500,"bu","13:25:03",12896200
34.1,-0.05,10000,"sd","13:24:57",12895700
34.1,-0.05,1200,"sd","13:24:51",12885700
34.15,0,9000,"bu","13:24:50",12884500
34.15,0,100,"bu","13:24:48",12875500
34.1,-0.05,19900,"sd","13:24:40",12875400
34.1,-0.05,3000,"sd","13:24:34",12855500
34.1,-0.05,2000,"sd","13:24:34",12852500
34.15,0,500,"bu","13:24:30",12850500
34.1,-0.05,10000,"sd","13:24:28",12850000
34.1,-0.05,1000,"sd","13:24:25",12840000
34.1,-0.05,10000,"sd","13:24:08",12839000
34.15,0,100,"bu","13:24:08",12829000
34.1,-0.05,1000,"sd","13:24:06",12828900
34.15,0,1900,"bu","13:24:06",12827900
34.1,-0.05,8200,"sd","13:24:02",12826000
34.15,0,500,"bu","13:23:59",12817800
34.15,0,6000,"bu","13:23:52",12817300
34.15,0,100,"bu","13:23:47",12811300
34.15,0,1000,"bu","13:23:41",12811200
34.1,-0.05,300,"sd","13:23:39",12810200
34.1,-0.05,300,"sd","13:23:31",12809900
34.15,0,1000,"bu","13:23:31",12809600
34.15,0,31000,"bu","13:23:26",12808600
34.15,0,100,"bu","13:23:24",12777600
34.15,0,100,"bu","13:23:24",12777500
34.15,0,1000,"bu","13:23:23",12777400
34.15,0,100,"bu","13:23:13",12776400
34.15,0,200,"bu","13:23:11",12776300
34.1,-0.05,100,"sd","13:23:08",12776100
34.15,0,200,"bu","13:23:07",12776000
34.15,0,2500,"bu","13:23:05",12775800
34.15,0,5000,"bu","13:23:00",12773300
34.15,0,500,"bu","13:22:59",12768300
34.15,0,10000,"bu","13:22:55",12767800
34.15,0,400,"bu","13:22:53",12757800
34.1,-0.05,1000,"sd","13:22:53",12757400
34.15,0,1000,"bu","13:22:53",12756400
34.15,0,300,"bu","13:22:49",12755400
34.15,0,500,"bu","13:22:45",12755100
34.15,0,300,"bu","13:22:34",12754600
34.15,0,900,"bu","13:22:33",12754300
34.15,0,1500,"bu","13:22:25",12753400
34.15,0,100,"bu","13:22:20",12751900
34.15,0,1000,"bu","13:22:14",12751800
34.1,-0.05,200,"sd","13:22:08",12750800
34.1,-0.05,1000,"sd","13:22:06",12750600
34.1,-0.05,200,"sd","13:22:05",12749600
34.15,0,1600,"bu","13:22:04",12749400
34.15,0,100,"bu","13:22:00",12747800
34.1,-0.05,900,"sd","13:21:59",12747700
34.15,0,3000,"bu","13:21:59",12746800
34.15,0,100,"bu","13:21:57",12743800
34.1,-0.05,300,"sd","13:21:48",12743700
34.1,-0.05,1700,"sd","13:21:47",12743400
34.15,0,1000,"bu","13:21:47",12741700
34.15,0,3100,"bu","13:21:41",12740700
34.15,0,500,"bu","13:21:30",12737600
34.15,0,2000,"bu","13:21:29",12737100
34.15,0,100,"bu","13:21:22",12735100
34.1,-0.05,200,"sd","13:21:21",12735000
34.1,-0.05,200,"sd","13:21:20",12734800
34.1,-0.05,900,"sd","13:21:18",12734600
34.1,-0.05,500,"sd","13:21:05",12733700
34.15,0,500,"bu","13:21:02",12733200
34.15,0,2000,"bu","13:20:58",12732700
34.15,0,1000,"bu","13:20:56",12730700
34.1,-0.05,100,"sd","13:20:49",12729700
34.15,0,400,"bu","13:20:48",12729600
34.15,0,2000,"bu","13:20:39",12729200
34.1,-0.05,900,"sd","13:20:34",12727200
34.15,0,100,"bu","13:20:33",12726300
34.1,-0.05,100,"sd","13:20:29",12726200
34.15,0,100,"bu","13:20:28",12726100
34.15,0,100,"bu","13:20:18",12726000
34.1,-0.05,300,"sd","13:20:09",12725900
34.15,0,1000,"bu","13:20:09",12725600
34.1,-0.05,1000,"sd","13:19:56",12724600
34.1,-0.05,200,"sd","13:19:55",12723600
34.1,-0.05,800,"sd","13:19:43",12723400
34.15,0,1100,"bu","13:19:43",12722600
34.15,0,2000,"bu","13:19:40",12721500
34.15,0,200,"bu","13:19:39",12719500
34.15,0,400,"bu","13:19:38",12719300
34.15,0,1000,"bu","13:19:26",12718900
34.15,0,400,"bu","13:19:25",12717900
34.1,-0.05,5000,"sd","13:19:24",12717500
34.15,0,5000,"bu","13:19:23",12712500
34.1,-0.05,100,"sd","13:19:20",12707500
34.15,0,200,"bu","13:19:17",12707400
34.15,0,1000,"bu","13:19:14",12707200
34.15,0,300,"bu","13:19:11",12706200
34.1,-0.05,6500,"sd","13:19:08",12705900
34.15,0,300,"bu","13:19:07",12699400
34.1,-0.05,400,"sd","13:19:07",12699100
34.15,0,500,"bu","13:19:04",12698700
34.1,-0.05,800,"sd","13:19:01",12698200
34.15,0,5700,"bu","13:19:01",12697400
34.15,0,1100,"bu","13:18:58",12691700
34.1,-0.05,10000,"sd","13:18:55",12690600
34.15,0,2000,"bu","13:18:55",12680600
34.15,0,300,"bu","13:18:52",12678600
34.15,0,100,"bu","13:18:42",12678300
34.15,0,6800,"bu","13:18:42",12678200
34.15,0,1600,"bu","13:18:40",12671400
34.15,0,2000,"bu","13:18:38",12669800
34.15,0,2900,"bu","13:18:38",12667800
34.15,0,45800,"sd","13:18:37",12664900
34.15,0,3000,"sd","13:18:33",12619100
34.15,0,500,"sd","13:18:32",12616100
34.15,0,1000,"sd","13:18:30",12615600
34.15,0,5100,"bu","13:18:26",12614600
34.15,0,300,"bu","13:18:24",12609500
34.15,0,5500,"bu","13:18:24",12609200
34.15,0,500,"bu","13:18:23",12603700
34.15,0,5000,"bu","13:18:23",12603200
34.15,0,1300,"bu","13:18:22",12598200
34.15,0,200,"bu","13:18:21",12596900
34.15,0,2000,"bu","13:18:20",12596700
34.15,0,800,"bu","13:18:19",12594700
34.1,-0.05,800,"sd","13:18:19",12593900
34.15,0,400,"bu","13:18:19",12593100
34.15,0,300,"bu","13:18:17",12592700
34.15,0,5000,"bu","13:18:16",12592400
34.15,0,10000,"bu","13:18:15",12587400
34.15,0,2000,"bu","13:18:14",12577400
34.15,0,500,"bu","13:18:13",12575400
34.15,0,500,"bu","13:18:12",12574900
34.15,0,5500,"bu","13:18:08",12574400
34.15,0,100,"bu","13:18:06",12568900
34.15,0,27500,"bu","13:18:04",12568800
34.15,0,5000,"bu","13:18:00",12541300
34.1,-0.05,1000,"sd","13:17:59",12536300
34.15,0,2500,"bu","13:17:53",12535300
34.15,0,1500,"bu","13:17:51",12532800
34.1,-0.05,2700,"sd","13:17:50",12531300
34.15,0,13000,"bu","13:17:50",12528600
34.15,0,3000,"bu","13:17:49",12515600
34.1,-0.05,300,"sd","13:17:46",12512600
34.15,0,2000,"bu","13:17:46",12512300
34.15,0,100,"bu","13:17:42",12510300
34.1,-0.05,900,"sd","13:17:37",12510200
34.15,0,500,"bu","13:17:36",12509300
34.1,-0.05,6200,"sd","13:17:26",12508800
34.15,0,100,"bu","13:17:24",12502600
34.15,0,3000,"bu","13:17:14",12502500
34.15,0,800,"bu","13:17:12",12499500
34.1,-0.05,100,"sd","13:17:10",12498700
34.15,0,200,"bu","13:17:08",12498600
34.1,-0.05,1000,"sd","13:17:05",12498400
34.1,-0.05,5000,"sd","13:17:02",12497400
34.15,0,1000,"bu","13:16:57",12492400
34.15,0,1000,"bu","13:16:56",12491400
34.1,-0.05,100,"sd","13:16:56",12490400
34.1,-0.05,800,"sd","13:16:51",12490300
34.15,0,1000,"bu","13:16:43",12489500
34.15,0,100,"bu","13:16:38",12488500
34.1,-0.05,3000,"sd","13:16:34",12488400
34.15,0,500,"bu","13:16:32",12485400
34.15,0,2600,"bu","13:16:26",12484900
34.15,0,600,"bu","13:16:24",12482300
34.15,0,600,"sd","13:16:23",12481700
34.15,0,1600,"sd","13:16:22",12481100
34.15,0,400,"sd","13:16:21",12479500
34.15,0,5000,"sd","13:16:19",12479100
34.15,0,500000,"sd","13:16:14",12474100
34.15,0,18000,"sd","13:16:11",11974100
34.15,0,100,"sd","13:16:10",11956100
34.15,0,800,"sd","13:16:08",11956000
34.15,0,5000,"sd","13:16:00",11955200
34.15,0,10000,"sd","13:15:40",11950200
34.15,0,300,"sd","13:15:39",11940200
34.2,0.05,200,"bu","13:15:35",11939900
34.15,0,600,"sd","13:15:31",11939700
34.2,0.05,400,"bu","13:15:24",11939100
34.15,0,3000,"sd","13:15:24",11938700
34.2,0.05,3000,"bu","13:15:23",11935700
34.15,0,800,"sd","13:15:22",11932700
34.2,0.05,500,"bu","13:15:16",11931900
34.2,0.05,38800,"bu","13:15:13",11931400
34.2,0.05,4000,"bu","13:14:57",11892600
34.2,0.05,500,"bu","13:14:48",11888600
34.2,0.05,1700,"bu","13:14:44",11888100
34.15,0,900,"sd","13:14:39",11886400
34.2,0.05,2000,"bu","13:14:23",11885500
34.2,0.05,100,"bu","13:14:19",11883500
34.2,0.05,1500,"bu","13:14:18",11883400
34.2,0.05,1500,"bu","13:14:12",11881900
34.2,0.05,1000,"bu","13:14:08",11880400
34.2,0.05,4000,"bu","13:14:07",11879400
34.2,0.05,1100,"bu","13:14:00",11875400
34.2,0.05,200,"bu","13:13:59",11874300
34.2,0.05,300,"bu","13:13:56",11874100
34.2,0.05,9700,"bu","13:13:54",11873800
34.15,0,7000,"sd","13:13:46",11864100
34.2,0.05,3000,"bu","13:13:45",11857100
34.2,0.05,100,"bu","13:13:42",11854100
34.15,0,100,"sd","13:13:40",11854000
34.2,0.05,1500,"bu","13:13:40",11853900
34.2,0.05,32900,"bu","13:13:39",11852400
34.2,0.05,600,"bu","13:13:35",11819500
34.2,0.05,2000,"bu","13:13:34",11818900
34.2,0.05,1400,"bu","13:13:31",11816900
34.2,0.05,40000,"bu","13:13:30",11815500
34.2,0.05,300,"bu","13:13:29",11775500
34.2,0.05,5000,"bu","13:13:26",11775200
34.2,0.05,5000,"bu","13:13:23",11770200
34.2,0.05,2000,"bu","13:13:21",11765200
34.15,0,3200,"sd","13:13:14",11763200
34.15,0,1000,"sd","13:13:13",11760000
34.2,0.05,1100,"bu","13:13:12",11759000
34.2,0.05,10300,"bu","13:13:11",11757900
34.2,0.05,3900,"bu","13:13:06",11747600
34.2,0.05,1000,"bu","13:13:05",11743700
34.2,0.05,2000,"bu","13:12:59",11742700
34.2,0.05,200,"bu","13:12:57",11740700
34.15,0,100,"sd","13:12:54",11740500
34.2,0.05,2000,"bu","13:12:54",11740400
34.2,0.05,25000,"bu","13:12:54",11738400
34.2,0.05,3200,"bu","13:12:51",11713400
34.15,0,500,"sd","13:12:45",11710200
34.2,0.05,1400,"bu","13:12:44",11709700
34.15,0,2000,"sd","13:12:38",11708300
34.15,0,100,"sd","13:12:27",11706300
34.15,0,5000,"sd","13:12:24",11706200
34.15,0,800,"sd","13:12:21",11701200
34.15,0,400,"sd","13:12:19",11700400
34.15,0,1100,"sd","13:12:13",11700000
34.2,0.05,5000,"bu","13:12:11",11698900
34.15,0,100,"sd","13:12:11",11693900
34.2,0.05,100,"bu","13:12:09",11693800
34.2,0.05,10000,"bu","13:12:04",11693700
34.2,0.05,600,"bu","13:11:54",11683700
34.15,0,100,"sd","13:11:52",11683100
34.2,0.05,100,"bu","13:11:48",11683000
34.2,0.05,2700,"bu","13:11:48",11682900
34.2,0.05,300,"bu","13:11:42",11680200
34.2,0.05,7000,"bu","13:11:39",11679900
34.15,0,900,"sd","13:11:38",11672900
34.15,0,200,"sd","13:11:35",11672000
34.2,0.05,500,"bu","13:11:31",11671800
34.2,0.05,9000,"bu","13:11:23",11671300
34.2,0.05,3500,"bu","13:11:18",11662300
34.2,0.05,100,"bu","13:11:17",11658800
34.2,0.05,100,"bu","13:11:17",11658700
34.15,0,20000,"sd","13:11:11",11658600
34.2,0.05,100,"bu","13:11:09",11638600
34.15,0,31000,"sd","13:11:07",11638500
34.2,0.05,200,"bu","13:11:04",11607500
34.2,0.05,400,"bu","13:10:59",11607300
34.2,0.05,10000,"bu","13:10:58",11606900
34.2,0.05,3000,"bu","13:10:54",11596900
34.15,0,800,"sd","13:10:50",11593900
34.15,0,1000,"sd","13:10:49",11593100
34.15,0,6600,"sd","13:10:46",11592100
34.2,0.05,10000,"bu","13:10:43",11585500
34.2,0.05,2000,"bu","13:10:42",11575500
34.2,0.05,300,"bu","13:10:37",11573500
34.2,0.05,300,"bu","13:10:30",11573200
34.2,0.05,2000,"bu","13:10:28",11572900
34.2,0.05,100,"bu","13:10:25",11570900
34.2,0.05,1500,"bu","13:10:22",11570800
34.2,0.05,1900,"bu","13:10:20",11569300
34.15,0,300,"sd","13:10:19",11567400
34.2,0.05,100,"bu","13:10:17",11567100
34.2,0.05,10000,"bu","13:10:16",11567000
34.2,0.05,700,"bu","13:10:14",11557000
34.2,0.05,25300,"bu","13:10:13",11556300
34.2,0.05,5000,"bu","13:10:11",11531000
34.2,0.05,14000,"bu","13:10:10",11526000
34.2,0.05,25000,"bu","13:10:07",11512000
34.15,0,800,"sd","13:10:06",11487000
34.2,0.05,1000,"bu","13:10:03",11486200
34.2,0.05,200,"bu","13:09:57",11485200
34.2,0.05,2000,"bu","13:09:47",11485000
34.15,0,100,"sd","13:09:32",11483000
34.2,0.05,400,"bu","13:09:32",11482900
34.2,0.05,300,"bu","13:09:29",11482500
34.2,0.05,100,"bu","13:09:28",11482200
34.2,0.05,2300,"bu","13:09:23",11482100
34.15,0,1000,"sd","13:09:22",11479800
34.2,0.05,1600,"bu","13:09:21",11478800
34.2,0.05,200,"bu","13:09:20",11477200
34.2,0.05,2000,"bu","13:09:08",11477000
34.2,0.05,6500,"bu","13:09:07",11475000
34.2,0.05,500,"bu","13:09:03",11468500
34.2,0.05,5000,"bu","13:09:02",11468000
34.2,0.05,2000,"bu","13:09:02",11463000
34.2,0.05,25200,"bu","13:08:58",11461000
34.2,0.05,100,"bu","13:08:57",11435800
34.2,0.05,1300,"bu","13:08:53",11435700
34.2,0.05,200,"bu","13:08:53",11434400
34.2,0.05,1400,"bu","13:08:52",11434200
34.2,0.05,400,"bu","13:08:50",11432800
34.2,0.05,900,"bu","13:08:45",11432400
34.2,0.05,600,"bu","13:08:45",11431500
34.2,0.05,4300,"bu","13:08:44",11430900
34.2,0.05,2000,"bu","13:08:42",11426600
34.2,0.05,200,"bu","13:08:41",11424600
34.15,0,50000,"sd","13:08:41",11424400
34.2,0.05,2600,"bu","13:08:41",11374400
34.2,0.05,500,"bu","13:08:39",11371800
34.2,0.05,1000,"bu","13:08:35",11371300
34.2,0.05,7500,"bu","13:08:34",11370300
34.2,0.05,300,"bu","13:08:34",11362800
34.2,0.05,2400,"bu","13:08:30",11362500
34.2,0.05,11000,"bu","13:08:28",11360100
34.2,0.05,19000,"sd","13:08:27",11349100
34.2,0.05,3600,"bu","13:08:25",11330100
34.2,0.05,10700,"bu","13:08:24",11326500
34.2,0.05,500,"bu","13:08:23",11315800
34.2,0.05,1500,"bu","13:08:22",11315300
34.2,0.05,2000,"bu","13:08:21",11313800
34.2,0.05,13000,"bu","13:08:20",11311800
34.2,0.05,7500,"bu","13:08:19",11298800
34.2,0.05,1200,"bu","13:08:17",11291300
34.2,0.05,10000,"bu","13:08:16",11290100
34.2,0.05,600,"bu","13:08:13",11280100
34.2,0.05,6600,"bu","13:08:10",11279500
34.2,0.05,2000,"bu","13:08:09",11272900
34.2,0.05,5000,"bu","13:08:08",11270900
34.2,0.05,10000,"bu","13:08:06",11265900
34.2,0.05,100000,"bu","13:08:05",11255900
34.2,0.05,1500,"bu","13:08:02",11155900
34.2,0.05,200000,"bu","13:08:02",11154400
34.2,0.05,300,"bu","13:08:00",10954400
34.2,0.05,100,"bu","13:07:59",10954100
34.2,0.05,100,"bu","13:07:58",10954000
34.2,0.05,4300,"bu","13:07:51",10953900
34.15,0,200,"sd","13:07:51",10949600
34.15,0,900,"sd","13:07:46",10949400
34.15,0,500,"sd","13:07:45",10948500
34.2,0.05,500,"bu","13:07:42",10948000
34.2,0.05,10000,"bu","13:07:36",10947500
34.2,0.05,800,"bu","13:07:32",10937500
34.2,0.05,2000,"bu","13:07:28",10936700
34.2,0.05,100,"bu","13:07:27",10934700
34.15,0,200,"sd","13:07:27",10934600
34.15,0,500,"sd","13:07:23",10934400
34.2,0.05,300,"bu","13:07:16",10933900
34.2,0.05,800,"bu","13:07:14",10933600
34.2,0.05,3000,"bu","13:07:10",10932800
34.2,0.05,800,"bu","13:07:09",10929800
34.2,0.05,20000,"bu","13:07:06",10929000
34.15,0,200,"sd","13:07:05",10909000
34.2,0.05,800,"bu","13:07:04",10908800
34.2,0.05,800,"bu","13:06:58",10908000
34.2,0.05,800,"bu","13:06:56",10907200
34.2,0.05,1100,"bu","13:06:49",10906400
34.2,0.05,800,"bu","13:06:45",10905300
34.2,0.05,800,"bu","13:06:38",10904500
34.15,0,200,"sd","13:06:37",10903700
34.15,0,13000,"sd","13:06:35",10903500
34.2,0.05,800,"bu","13:06:34",10890500
34.2,0.05,2000,"bu","13:06:33",10889700
34.15,0,700,"sd","13:06:31",10887700
34.15,0,3000,"sd","13:06:30",10887000
34.15,0,100,"sd","13:06:27",10884000
34.15,0,9900,"bu","13:06:26",10883900
34.15,0,800,"bu","13:06:26",10874000
34.15,0,3100,"bu","13:06:25",10873200
34.15,0,100,"bu","13:06:24",10870100
34.15,0,90000,"bu","13:06:22",10870000
34.15,0,800,"bu","13:06:20",10780000
34.15,0,1400,"bu","13:06:19",10779200
34.15,0,500,"bu","13:06:18",10777800
34.15,0,200,"bu","13:06:18",10777300
34.15,0,10000,"bu","13:06:17",10777100
34.15,0,800,"bu","13:06:16",10767100
34.1,-0.05,200,"sd","13:06:13",10766300
34.15,0,800,"bu","13:06:11",10766100
34.1,-0.05,10900,"sd","13:06:11",10765300
34.15,0,100500,"bu","13:06:10",10754400
34.15,0,800,"bu","13:06:06",10653900
34.1,-0.05,1000,"sd","13:06:06",10653100
34.15,0,100,"bu","13:06:06",10652100
34.15,0,9000,"bu","13:06:04",10652000
34.15,0,100,"bu","13:06:01",10643000
34.15,0,5500,"bu","13:06:01",10642900
34.15,0,1000,"bu","13:06:00",10637400
34.1,-0.05,300,"sd","13:05:58",10636400
34.15,0,800,"bu","13:05:55",10636100
34.15,0,150000,"bu","13:05:53",10635300
34.15,0,500,"bu","13:05:50",10485300
34.15,0,100,"bu","13:05:49",10484800
34.1,-0.05,100000,"sd","13:05:49",10484700
34.15,0,800,"bu","13:05:49",10384700
34.15,0,500,"bu","13:05:48",10383900
34.15,0,300,"bu","13:05:47",10383400
34.15,0,50900,"bu","13:05:43",10383100
34.15,0,200,"bu","13:05:41",10332200
34.15,0,2000,"bu","13:05:40",10332000
34.15,0,10000,"bu","13:05:37",10330000
34.15,0,800,"bu","13:05:36",10320000
34.15,0,300,"bu","13:05:34",10319200
34.1,-0.05,1000,"sd","13:05:33",10318900
34.15,0,800,"bu","13:05:32",10317900
34.15,0,800,"bu","13:05:26",10317100
34.15,0,5000,"bu","13:05:25",10316300
34.15,0,6000,"bu","13:05:22",10311300
34.15,0,200,"bu","13:05:21",10305300
34.15,0,1300,"bu","13:05:20",10305100
34.15,0,8300,"sd","13:05:19",10303800
34.15,0,2000,"bu","13:05:16",10295500
34.15,0,20000,"bu","13:05:15",10293500
34.15,0,700,"bu","13:05:14",10273500
34.15,0,3000,"bu","13:05:13",10272800
34.15,0,500,"bu","13:05:12",10269800
34.15,0,5500,"bu","13:05:11",10269300
34.15,0,1000,"bu","13:05:10",10263800
34.15,0,3800,"bu","13:05:09",10262800
34.15,0,300,"bu","13:05:08",10259000
34.15,0,20200,"sd","13:05:04",10258700
34.15,0,2000,"sd","13:05:04",10238500
34.1,-0.05,16800,"sd","13:05:02",10236500
34.15,0,48200,"sd","13:05:02",10219700
34.15,0,3000,"sd","13:05:01",10171500
34.15,0,1000,"sd","13:05:00",10168500
34.15,0,17500,"bu","13:04:56",10167500
34.15,0,30000,"bu","13:04:55",10150000
34.15,0,6000,"bu","13:04:54",10120000
34.15,0,15500,"bu","13:04:54",10114000
34.15,0,100000,"bu","13:04:53",10098500
34.15,0,6200,"bu","13:04:53",9998500
34.15,0,10000,"bu","13:04:52",9992300
34.15,0,1000,"bu","13:04:52",9982300
34.15,0,5000,"bu","13:04:51",9981300
34.15,0,25000,"bu","13:04:50",9976300
34.15,0,7400,"bu","13:04:50",9951300
34.15,0,3000,"bu","13:04:49",9943900
34.15,0,8000,"bu","13:04:48",9940900
34.15,0,100,"bu","13:04:42",9932900
34.15,0,500,"bu","13:04:42",9932800
34.15,0,25000,"bu","13:04:39",9932300
34.15,0,5000,"bu","13:04:37",9907300
34.1,-0.05,1200,"sd","13:04:34",9902300
34.15,0,100,"bu","13:04:32",9901100
34.15,0,500,"bu","13:04:26",9901000
34.15,0,1300,"bu","13:04:25",9900500
34.15,0,5000,"bu","13:04:22",9899200
34.15,0,5000,"bu","13:04:21",9894200
34.1,-0.05,700,"sd","13:04:21",9889200
34.1,-0.05,700,"sd","13:04:20",9888500
34.1,-0.05,2000,"sd","13:04:17",9887800
34.15,0,20000,"bu","13:04:17",9885800
34.1,-0.05,5000,"sd","13:04:15",9865800
34.15,0,5100,"bu","13:04:13",9860800
34.15,0,800,"bu","13:04:10",9855700
34.1,-0.05,800,"sd","13:04:08",9854900
34.15,0,200,"bu","13:04:07",9854100
34.1,-0.05,13800,"sd","13:04:04",9853900
34.15,0,5000,"bu","13:04:03",9840100
34.15,0,1000,"bu","13:04:02",9835100
34.15,0,3000,"bu","13:04:00",9834100
34.15,0,3000,"bu","13:03:58",9831100
34.15,0,5000,"bu","13:03:54",9828100
34.15,0,1000,"bu","13:03:48",9823100
34.15,0,4800,"bu","13:03:42",9822100
34.1,-0.05,2000,"sd","13:03:42",9817300
34.15,0,2900,"bu","13:03:40",9815300
34.15,0,2400,"bu","13:03:34",9812400
34.15,0,300,"bu","13:03:33",9810000
34.15,0,2900,"bu","13:03:28",9809700
34.15,0,500,"bu","13:03:28",9806800
34.1,-0.05,6500,"sd","13:03:28",9806300
34.15,0,3000,"bu","13:03:25",9799800
34.1,-0.05,800,"sd","13:03:24",9796800
34.1,-0.05,1000,"sd","13:03:23",9796000
34.15,0,400,"bu","13:03:22",9795000
34.15,0,100,"bu","13:03:21",9794600
34.15,0,7000,"bu","13:03:17",9794500
34.15,0,600,"bu","13:03:16",9787500
34.1,-0.05,400,"sd","13:03:14",9786900
34.15,0,100,"bu","13:03:14",9786500
34.1,-0.05,300,"sd","13:03:13",9786400
34.15,0,3800,"bu","13:03:12",9786100
34.15,0,1000,"bu","13:03:08",9782300
34.15,0,1000,"bu","13:03:06",9781300
34.15,0,500,"bu","13:03:00",9780300
34.15,0,3000,"bu","13:03:00",9779800
34.15,0,100,"bu","13:02:58",9776800
34.1,-0.05,200,"sd","13:02:55",9776700
34.1,-0.05,500,"sd","13:02:54",9776500
34.15,0,500,"bu","13:02:50",9776000
34.15,0,500,"bu","13:02:45",9775200
34.15,0,8500,"bu","13:02:43",9774700
34.1,-0.05,800,"sd","13:02:42",9766200
34.15,0,30900,"bu","13:02:40",9765400
34.15,0,800,"bu","13:02:22",9734500
34.15,0,1000,"bu","13:02:22",9733700
34.15,0,800,"bu","13:02:18",9732700
34.15,0,800,"bu","13:02:14",9731900
34.15,0,800,"bu","13:02:09",9731100
34.15,0,300,"bu","13:02:05",9730300
34.15,0,800,"bu","13:02:01",9730000
34.15,0,700,"bu","13:02:00",9729200
34.1,-0.05,800,"sd","13:01:59",9728500
34.15,0,500,"bu","13:01:59",9727700
34.15,0,800,"bu","13:01:55",9727200
34.15,0,1800,"bu","13:01:51",9726400
34.15,0,100,"bu","13:01:48",9724600
34.15,0,800,"bu","13:01:47",9724500
34.15,0,800,"bu","13:01:39",9723700
34.15,0,800,"bu","13:01:35",9722900
34.15,0,800,"bu","13:01:29",9722100
34.1,-0.05,4500,"sd","13:01:28",9721300
34.15,0,500,"bu","13:01:26",9716800
34.1,-0.05,1000,"sd","13:01:26",9716300
34.15,0,800,"bu","13:01:26",9715300
34.1,-0.05,1000,"sd","13:01:25",9714500
34.15,0,800,"bu","13:01:21",9713500
34.15,0,400,"bu","13:01:20",9712700
34.15,0,700,"bu","13:01:17",9712300
34.1,-0.05,800,"sd","13:01:16",9711600
34.15,0,800,"bu","13:01:13",9710800
34.15,0,1000,"bu","13:01:09",9710000
34.15,0,800,"bu","13:01:08",9709000
34.1,-0.05,3500,"sd","13:01:01",9708200
34.1,-0.05,3000,"sd","13:00:58",9704700
34.15,0,60000,"bu","13:00:52",9701700
34.1,-0.05,12400,"sd","13:00:49",9641700
34.15,0,1000,"bu","13:00:44",9629300
34.15,0,1000,"bu","13:00:42",9628300
34.1,-0.05,39200,"sd","13:00:40",9627300
34.15,0,300,"bu","13:00:37",9588100
34.15,0,400,"bu","13:00:33",9587800
34.15,0,500,"bu","13:00:32",9587400
34.1,-0.05,2800,"sd","13:00:29",9586900
34.1,-0.05,200,"sd","13:00:29",9584100
34.15,0,500,"bu","13:00:28",9583900
34.15,0,1000,"bu","13:00:25",9583400
34.15,0,15100,"sd","13:00:24",9582400
34.15,0,7000,"sd","13:00:23",9567300
34.15,0,1300,"sd","13:00:22",9560300
34.2,0.05,100,"bu","13:00:22",9559000
34.15,0,300,"sd","13:00:22",9558900
34.15,0,100,"sd","13:00:19",9558600
34.15,0,10000,"sd","13:00:18",9558500
34.15,0,2600,"sd","13:00:17",9548500
34.2,0.05,500,"bu","13:00:16",9545900
34.15,0,400,"sd","13:00:14",9545400
34.15,0,200,"sd","13:00:13",9545000
34.2,0.05,300,"bu","13:00:11",9544800
34.15,0,4200,"sd","13:00:11",9544500
34.15,0,300,"sd","13:00:10",9540300
34.15,0,100,"sd","13:00:08",9540000
34.2,0.05,200,"bu","13:00:08",9539900
34.2,0.05,200,"bu","13:00:07",9539700
34.15,0,800,"sd","13:00:07",9539500
34.15,0,24000,"sd","13:00:07",9538700
34.15,0,10200,"sd","13:00:06",9514700
34.15,0,1200,"sd","13:00:06",9504500
34.15,0,12000,"sd","13:00:05",9503300
34.15,0,1000,"sd","13:00:05",9491300
34.15,0,2500,"sd","13:00:04",9490300
34.15,0,700,"sd","13:00:04",9487800
34.15,0,5700,"sd","13:00:03",9487100
34.15,0,8800,"sd","13:00:02",9481400
34.15,0,100,"sd","13:00:02",9472600
34.15,0,119100,"sd","13:00:01",9472500
34.15,0,13300,"sd","13:00:01",9353400
34.2,0.05,100,"bu","13:00:01",9340100
34.15,0,100,"sd","13:00:00",9330800
34.2,0.05,4000,"bu","13:00:00",9330700
34.15,0,11000,"sd","13:00:00",9326700
34.15,0,5000,"sd","11:29:57",9315700
34.15,0,15000,"sd","11:29:51",9310700
34.15,0,300,"sd","11:29:49",9295700
34.2,0.05,100,"bu","11:29:35",9295400
34.15,0,2000,"sd","11:29:16",9295300
34.15,0,4500,"sd","11:29:13",9293300
34.15,0,5000,"sd","11:29:06",9288800
34.15,0,400,"sd","11:29:03",9283800
34.2,0.05,500,"bu","11:28:57",9283400
34.15,0,500,"sd","11:28:51",9282900
34.2,0.05,2000,"bu","11:28:49",9282400
34.15,0,6500,"sd","11:28:40",9280400
34.15,0,600,"sd","11:28:31",9273900
34.2,0.05,1000,"bu","11:28:29",9273300
34.2,0.05,3000,"bu","11:28:23",9272300
34.15,0,1000,"sd","11:28:16",9269300
34.2,0.05,2100,"bu","11:28:09",9268300
34.15,0,1000,"sd","11:28:06",9266200
34.15,0,500,"sd","11:27:58",9265200
34.15,0,500,"sd","11:27:48",9264700
34.15,0,8000,"sd","11:27:21",9264200
34.15,0,1400,"sd","11:27:11",9256200
34.15,0,500,"sd","11:27:06",9254800
34.15,0,7000,"sd","11:27:01",9254300
34.15,0,4100,"sd","11:26:53",9247300
34.15,0,2900,"sd","11:26:50",9243200
34.15,0,2000,"sd","11:26:47",9240300
34.15,0,5000,"sd","11:26:43",9238300
34.15,0,1600,"sd","11:26:36",9233300
34.2,0.05,1000,"bu","11:26:33",9231700
34.15,0,100,"sd","11:26:27",9230700
34.15,0,600,"sd","11:26:23",9230600
34.15,0,500,"sd","11:26:07",9230000
34.15,0,100,"sd","11:26:01",9229500
34.15,0,200,"sd","11:26:00",9229400
34.15,0,300,"sd","11:26:00",9229200
34.15,0,2000,"sd","11:25:56",9228900
34.15,0,600,"sd","11:25:39",9226900
34.15,0,1000,"sd","11:25:17",9226300
34.15,0,7100,"sd","11:25:14",9225300
34.15,0,5000,"sd","11:24:59",9218200
34.15,0,5000,"sd","11:24:58",9213200
34.15,0,500,"sd","11:24:54",9208200
34.15,0,500,"sd","11:24:48",9207700
34.15,0,1000,"sd","11:24:42",9207200
34.15,0,500,"sd","11:24:30",9206200
34.15,0,500,"sd","11:24:11",9205700
34.15,0,100,"sd","11:24:04",9205200
34.15,0,500,"sd","11:23:47",9205100
34.2,0.05,500,"bu","11:23:46",9204600
34.2,0.05,1000,"bu","11:23:42",9204100
34.2,0.05,1000,"bu","11:23:42",9203100
34.2,0.05,100,"bu","11:23:28",9202100
34.15,0,600,"sd","11:23:28",9202000
34.2,0.05,200,"bu","11:23:24",9201400
34.2,0.05,200,"bu","11:23:17",9201200
34.2,0.05,300,"bu","11:23:12",9201000
34.2,0.05,1000,"bu","11:23:03",9200700
34.15,0,600,"sd","11:22:41",9199700
34.2,0.05,100,"bu","11:22:29",9199100
34.15,0,1000,"sd","11:22:27",9199000
34.2,0.05,100,"bu","11:22:23",9198000
34.15,0,800,"sd","11:22:18",9197900
34.15,0,500,"sd","11:21:59",9197100
34.15,0,1000,"sd","11:21:30",9196600
34.2,0.05,100,"bu","11:21:28",9195600
34.2,0.05,300,"sd","11:21:24",9195500
34.2,0.05,2300,"bu","11:21:23",9195200
34.2,0.05,33600,"sd","11:21:03",9192900
34.2,0.05,800,"sd","11:21:02",9159300
34.2,0.05,5000,"sd","11:20:59",9158500
34.2,0.05,13000,"sd","11:20:51",9153500
34.2,0.05,5000,"sd","11:20:48",9140500
34.2,0.05,50000,"sd","11:20:42",9135500
34.2,0.05,2000,"sd","11:20:32",9085500
34.2,0.05,9000,"sd","11:20:31",9083500
34.2,0.05,600,"sd","11:20:26",9074500
34.2,0.05,200,"sd","11:20:02",9073900
34.2,0.05,600,"sd","11:19:43",9073700
34.25,0.1,100,"bu","11:19:40",9073100
34.2,0.05,1500,"sd","11:19:37",9073000
34.2,0.05,1400,"sd","11:19:25",9071500
34.2,0.05,2000,"sd","11:19:21",9070100
34.25,0.1,300,"bu","11:19:21",9068100
34.2,0.05,1000,"sd","11:19:17",9067800
34.2,0.05,100,"sd","11:19:06",9066800
34.2,0.05,500,"sd","11:18:55",9066700
34.2,0.05,200,"sd","11:18:24",9066200
34.2,0.05,2000,"sd","11:18:15",9066000
34.2,0.05,600,"sd","11:18:12",9064000
34.2,0.05,1000,"sd","11:17:54",9063400
34.2,0.05,200,"sd","11:17:46",9062400
34.2,0.05,1000,"sd","11:17:31",9062200
34.2,0.05,600,"sd","11:17:27",9061200
34.2,0.05,10000,"sd","11:17:16",9060600
34.2,0.05,500,"sd","11:16:56",9050600
34.25,0.1,2000,"bu","11:16:55",9050100
34.25,0.1,300,"bu","11:16:34",9048100
34.2,0.05,600,"sd","11:16:34",9047800
34.2,0.05,4000,"sd","11:16:32",9047200
34.2,0.05,6500,"sd","11:16:20",9043200
34.2,0.05,3000,"sd","11:16:04",9036700
34.2,0.05,500,"sd","11:15:52",9033700
34.2,0.05,3000,"sd","11:15:51",9033200
34.2,0.05,300,"sd","11:15:40",9030200
34.2,0.05,53000,"sd","11:15:13",9029900
34.25,0.1,100,"bu","11:15:11",8976900
34.2,0.05,600,"sd","11:15:10",8976800
34.25,0.1,600,"bu","11:15:09",8976200
34.2,0.05,1000,"sd","11:14:34",8975600
34.2,0.05,500,"sd","11:14:26",8974600
34.25,0.1,2000,"bu","11:14:20",8974100
34.25,0.1,300,"bu","11:14:19",8972100
34.25,0.1,1200,"bu","11:14:16",8971800
34.2,0.05,500,"sd","11:13:52",8970600
34.2,0.05,500,"sd","11:13:44",8970100
34.25,0.1,200,"bu","11:13:42",8969600
34.2,0.05,1000,"sd","11:13:40",8969400
34.2,0.05,4000,"sd","11:13:40",8968400
34.2,0.05,100,"sd","11:13:35",8964400
34.2,0.05,2000,"sd","11:13:25",8964300
34.25,0.1,1400,"bu","11:13:25",8962300
34.2,0.05,2500,"sd","11:13:06",8960900
34.2,0.05,600,"sd","11:13:02",8958400
34.2,0.05,900,"sd","11:13:00",8957800
34.2,0.05,600,"sd","11:12:59",8956900
34.2,0.05,100,"sd","11:12:48",8956300
34.2,0.05,600,"sd","11:12:41",8956200
34.2,0.05,100,"sd","11:12:34",8955600
34.2,0.05,400,"sd","11:12:22",8955500
34.2,0.05,500,"sd","11:12:20",8955100
34.2,0.05,1000,"sd","11:12:19",8954600
34.2,0.05,500,"sd","11:12:17",8953600
34.2,0.05,100,"sd","11:12:17",8953100
34.25,0.1,5000,"bu","11:12:09",8953000
34.25,0.1,300,"bu","11:12:06",8948000
34.25,0.1,300,"bu","11:12:00",8947700
34.2,0.05,400,"sd","11:11:51",8947400
34.2,0.05,3000,"sd","11:11:46",8947000
34.2,0.05,1000,"sd","11:11:45",8944000
34.2,0.05,500,"sd","11:11:35",8943000
34.2,0.05,1000,"sd","11:11:26",8942500
34.2,0.05,10000,"sd","11:11:25",8941500
34.2,0.05,5500,"sd","11:11:12",8931500
34.25,0.1,200,"bu","11:11:07",8926000
34.2,0.05,600,"sd","11:10:52",8925800
34.2,0.05,800,"sd","11:10:48",8925200
34.2,0.05,600,"sd","11:10:37",8924400
34.25,0.1,300,"bu","11:10:37",8923800
34.25,0.1,5000,"bu","11:10:30",8923500
34.2,0.05,600,"sd","11:10:10",8918500
34.2,0.05,400,"sd","11:10:07",8917900
34.2,0.05,3000,"sd","11:10:05",8917500
34.2,0.05,1300,"sd","11:09:59",8914500
34.2,0.05,200,"sd","11:09:52",8913200
34.2,0.05,4300,"sd","11:09:45",8913000
34.2,0.05,400,"sd","11:09:43",8908700
34.2,0.05,3500,"sd","11:09:41",8908300
34.2,0.05,500,"sd","11:09:24",8904800
34.25,0.1,10000,"bu","11:09:18",8904300
34.25,0.1,300,"bu","11:09:17",8894300
34.25,0.1,400,"bu","11:09:08",8894000
34.25,0.1,1000,"bu","11:09:05",8893600
34.2,0.05,5000,"sd","11:08:58",8892600
34.2,0.05,3000,"sd","11:08:39",8887600
34.2,0.05,600,"sd","11:08:38",8884600
34.2,0.05,15000,"sd","11:08:36",8884000
34.2,0.05,2000,"sd","11:08:26",8869000
34.25,0.1,300,"bu","11:08:24",8867000
34.25,0.1,1000,"bu","11:08:18",8866700
34.2,0.05,2300,"sd","11:08:06",8865700
34.2,0.05,3000,"sd","11:08:03",8863400
34.2,0.05,4000,"sd","11:07:59",8860400
34.2,0.05,500,"sd","11:07:54",8856400
34.2,0.05,2900,"sd","11:07:35",8855900
34.2,0.05,2000,"sd","11:07:26",8853000
34.2,0.05,700,"sd","11:07:25",8851000
34.2,0.05,300,"sd","11:07:24",8850300
34.2,0.05,5000,"sd","11:07:16",8850000
34.2,0.05,2000,"sd","11:07:12",8845000
34.2,0.05,600,"sd","11:07:11",8843000
34.2,0.05,2000,"sd","11:07:02",8842400
34.2,0.05,500,"sd","11:06:29",8840400
34.25,0.1,100,"bu","11:06:23",8839900
34.25,0.1,4700,"sd","11:06:13",8838800
34.3,0.15,100,"bu","11:06:11",8834100
34.25,0.1,400,"sd","11:06:08",8834000
34.25,0.1,400,"sd","11:06:08",8833600
34.25,0.1,20000,"sd","11:06:01",8833200
34.25,0.1,5000,"sd","11:05:53",8813200
34.25,0.1,10000,"sd","11:05:51",8808200
34.3,0.15,300,"bu","11:05:48",8798200
34.3,0.15,100,"bu","11:05:44",8797900
34.25,0.1,600,"sd","11:05:44",8797800
34.3,0.15,400,"bu","11:05:43",8797200
34.3,0.15,200,"bu","11:05:35",8796800
34.3,0.15,100,"bu","11:05:29",8796600
34.25,0.1,300,"sd","11:05:20",8796500
34.25,0.1,100,"sd","11:05:15",8796200
34.25,0.1,600,"sd","11:05:10",8796100
34.25,0.1,4300,"sd","11:05:06",8795500
34.25,0.1,600,"sd","11:04:57",8791200
34.25,0.1,1000,"sd","11:04:46",8790600
34.25,0.1,100,"sd","11:04:20",8789600
34.3,0.15,25000,"bu","11:04:19",8789500
34.25,0.1,2000,"sd","11:04:12",8764500
34.25,0.1,600,"sd","11:04:11",8762500
34.3,0.15,200,"bu","11:04:07",8761900
34.3,0.15,600,"bu","11:04:04",8761700
34.3,0.15,1000,"bu","11:03:59",8761100
34.3,0.15,300,"bu","11:03:57",8760100
34.25,0.1,200,"sd","11:03:57",8759800
34.3,0.15,400,"bu","11:03:55",8759600
34.25,0.1,10000,"sd","11:03:53",8759200
34.3,0.15,2900,"bu","11:03:51",8749200
34.3,0.15,500,"bu","11:03:39",8746300
34.25,0.1,9000,"sd","11:03:35",8745800
34.3,0.15,200,"bu","11:03:31",8736800
34.25,0.1,500,"sd","11:03:25",8736600
34.25,0.1,100,"sd","11:03:05",8736100
34.25,0.1,600,"sd","11:02:43",8736000
34.25,0.1,100,"sd","11:02:39",8735400
34.25,0.1,300,"sd","11:02:34",8735300
34.25,0.1,100,"sd","11:02:28",8735000
34.25,0.1,1000,"sd","11:02:19",8734900
34.25,0.1,100,"sd","11:02:18",8733900
34.25,0.1,500,"sd","11:02:08",8733800
34.25,0.1,1500,"sd","11:02:04",8733300
34.25,0.1,3000,"sd","11:02:02",8731800
34.3,0.15,300,"bu","11:02:00",8728800
34.25,0.1,500,"sd","11:01:58",8728500
34.25,0.1,700,"sd","11:01:56",8728000
34.25,0.1,500,"sd","11:01:27",8727300
34.25,0.1,10000,"sd","11:01:24",8726800
34.25,0.1,500,"sd","11:01:15",8716800
34.25,0.1,500,"sd","11:01:10",8716300
34.25,0.1,1000,"sd","11:01:05",8715800
34.25,0.1,400,"sd","11:00:48",8714800
34.3,0.15,100,"bu","11:00:43",8714400
34.25,0.1,600,"sd","11:00:34",8714300
34.25,0.1,3200,"sd","11:00:27",8713700
34.25,0.1,200,"sd","11:00:23",8710500
34.25,0.1,800,"sd","11:00:18",8710300
34.25,0.1,4500,"sd","11:00:18",8709500
34.25,0.1,2000,"sd","11:00:17",8705000
34.25,0.1,5900,"sd","11:00:05",8703000
34.25,0.1,600,"sd","10:59:47",8697100
34.25,0.1,100,"sd","10:59:39",8696500
34.25,0.1,5000,"sd","10:59:26",8696400
34.25,0.1,500,"sd","10:59:05",8691400
34.25,0.1,500,"sd","10:58:58",8690900
34.3,0.15,200,"bu","10:58:51",8690400
34.25,0.1,1500,"sd","10:58:46",8690200
34.25,0.1,2000,"sd","10:58:42",8688700
34.3,0.15,200,"bu","10:58:38",8686700
34.25,0.1,600,"sd","10:58:21",8686500
34.25,0.1,1000,"sd","10:58:15",8685900
34.25,0.1,4500,"sd","10:58:14",8684900
34.25,0.1,1000,"sd","10:58:06",8680400
34.25,0.1,100,"sd","10:57:58",8679400
34.25,0.1,100,"sd","10:57:43",8679300
34.25,0.1,1000,"sd","10:57:37",8679200
34.25,0.1,500,"sd","10:57:34",8678200
34.25,0.1,1200,"bu","10:57:32",8677700
34.25,0.1,200,"bu","10:57:31",8676500
34.25,0.1,600,"sd","10:57:29",8676300
34.25,0.1,10500,"bu","10:57:23",8675700
34.25,0.1,300,"bu","10:57:17",8665200
34.25,0.1,6000,"bu","10:57:09",8664900
34.25,0.1,12200,"sd","10:57:04",8658900
34.25,0.1,100,"sd","10:56:59",8646700
34.25,0.1,600,"sd","10:56:51",8646600
34.25,0.1,9500,"bu","10:56:44",8646000
34.25,0.1,100,"bu","10:56:44",8636500
34.25,0.1,300,"bu","10:56:43",8636400
34.25,0.1,1000,"bu","10:56:42",8636100
34.25,0.1,8000,"bu","10:56:39",8635100
34.25,0.1,500,"bu","10:56:38",8627100
34.25,0.1,500,"bu","10:56:36",8626600
34.25,0.1,300,"bu","10:56:33",8626100
34.25,0.1,200,"bu","10:56:29",8625800
34.25,0.1,30000,"bu","10:56:29",8625600
34.25,0.1,1000,"bu","10:56:25",8595600
34.2,0.05,100,"sd","10:56:05",8594600
34.2,0.05,600,"sd","10:56:03",8594500
34.2,0.05,900,"sd","10:55:25",8593900
34.2,0.05,6100,"bu","10:55:22",8593000
34.15,0,500,"sd","10:55:20",8586900
34.2,0.05,1000,"bu","10:55:20",8586400
34.2,0.05,5100,"bu","10:55:18",8585400
34.2,0.05,1000,"bu","10:55:17",8580300
34.15,0,5000,"sd","10:55:16",8579300
34.2,0.05,800,"bu","10:55:12",8574300
34.15,0,100,"sd","10:55:12",8573500
34.2,0.05,200,"bu","10:55:12",8573400
34.2,0.05,800,"bu","10:55:11",8573200
34.15,0,100,"sd","10:55:08",8572400
34.2,0.05,500,"bu","10:55:08",8572300
34.2,0.05,34500,"bu","10:55:07",8571800
34.15,0,100,"sd","10:55:06",8537300
34.15,0,200,"sd","10:55:01",8537200
34.15,0,100,"sd","10:55:00",8537000
34.15,0,500,"sd","10:55:00",8536900
34.2,0.05,300,"bu","10:54:56",8536400
34.2,0.05,5000,"bu","10:54:52",8536100
34.15,0,200,"sd","10:54:49",8531100
34.2,0.05,100,"bu","10:54:48",8530900
34.15,0,500,"sd","10:54:43",8530800
34.15,0,600,"sd","10:54:37",8530300
34.15,0,200,"sd","10:54:36",8529700
34.15,0,500,"sd","10:54:31",8529500
34.15,0,800,"sd","10:54:22",8529000
34.15,0,300,"sd","10:54:18",8528200
34.15,0,100,"sd","10:54:15",8527900
34.15,0,700,"sd","10:54:07",8527800
34.15,0,5000,"sd","10:53:59",8527100
34.15,0,3900,"bu","10:53:58",8522100
34.15,0,15100,"sd","10:53:56",8518200
34.15,0,10600,"sd","10:53:49",8503100
34.15,0,20000,"sd","10:53:38",8492500
34.15,0,300,"sd","10:53:36",8472500
34.15,0,1000,"sd","10:53:31",8472200
34.15,0,6000,"sd","10:53:13",8471200
34.15,0,5000,"sd","10:53:09",8465200
34.15,0,500,"sd","10:53:06",8460200
34.2,0.05,100,"bu","10:53:04",8459700
34.2,0.05,200,"bu","10:53:01",8459600
34.2,0.05,100,"sd","10:52:53",8459400
34.2,0.05,900,"bu","10:52:52",8459300
34.2,0.05,300,"bu","10:52:51",8458400
34.2,0.05,500,"bu","10:52:49",8458100
34.15,0,200,"sd","10:52:48",8457600
34.15,0,323100,"sd","10:52:47",8457400
34.15,0,9100,"sd","10:52:47",8134300
34.2,0.05,145800,"sd","10:52:47",8125200
34.25,0.1,20000,"sd","10:52:47",7979400
34.3,0.15,2000,"bu","10:52:44",7959400
34.3,0.15,3000,"bu","10:52:42",7957400
34.3,0.15,1500,"sd","10:52:29",7954400
34.3,0.15,500,"sd","10:52:23",7952900
34.3,0.15,1000,"bu","10:52:23",7952400
34.2,0.05,76200,"sd","10:52:19",7951400
34.25,0.1,228900,"sd","10:52:19",7875200
34.3,0.15,21300,"sd","10:52:19",7646300
34.3,0.15,173600,"sd","10:52:19",7625000
34.3,0.15,15000,"sd","10:52:13",7451400
34.3,0.15,300,"sd","10:52:12",7436400
34.3,0.15,2000,"sd","10:52:07",7436100
34.35,0.2,300,"bu","10:52:06",7434100
34.3,0.15,1000,"sd","10:51:59",7433800
34.3,0.15,1600,"sd","10:51:56",7432800
34.3,0.15,7000,"sd","10:51:45",7431200
34.3,0.15,600,"sd","10:51:40",7424200
34.3,0.15,600,"sd","10:51:34",7423600
34.3,0.15,1000,"sd","10:51:27",7423000
34.3,0.15,83700,"sd","10:51:14",7422000
34.3,0.15,3000,"sd","10:51:14",7338300
34.3,0.15,4000,"sd","10:51:08",7335300
34.3,0.15,500,"sd","10:50:57",7331300
34.3,0.15,5000,"sd","10:50:55",7330800
34.3,0.15,500,"sd","10:50:44",7325800
34.3,0.15,50000,"sd","10:50:34",7325300
34.3,0.15,500,"sd","10:50:34",7275300
34.35,0.2,100,"bu","10:50:26",7274800
34.3,0.15,800,"sd","10:50:22",7274700
34.3,0.15,1000,"sd","10:50:18",7273900
34.3,0.15,600,"sd","10:50:13",7272900
34.3,0.15,900,"sd","10:50:05",7272300
34.3,0.15,300,"sd","10:49:47",7271400
34.3,0.15,1000,"sd","10:49:46",7271100
34.3,0.15,500,"sd","10:49:31",7270100
34.35,0.2,300,"bu","10:49:08",7269600
34.35,0.2,400,"bu","10:49:08",7269300
34.35,0.2,300,"bu","10:48:48",7268900
34.3,0.15,600,"sd","10:48:47",7268600
34.35,0.2,300,"bu","10:48:24",7268000
34.35,0.2,1000,"bu","10:48:22",7267700
34.3,0.15,500,"sd","10:48:05",7266700
34.3,0.15,600,"sd","10:47:58",7266200
34.35,0.2,800,"sd","10:47:53",7265600
34.35,0.2,800,"sd","10:47:51",7264800
34.35,0.2,300,"sd","10:47:49",7264000
34.35,0.2,100,"sd","10:47:46",7263700
34.35,0.2,2100,"sd","10:47:45",7263600
34.35,0.2,100,"sd","10:47:45",7261500
34.35,0.2,400,"sd","10:47:40",7261400
34.35,0.2,500,"sd","10:47:39",7261000
34.35,0.2,1000,"sd","10:47:30",7260500
34.35,0.2,3300,"sd","10:47:26",7259500
34.35,0.2,1000,"sd","10:47:18",7256200
34.35,0.2,500,"sd","10:47:10",7255200
34.35,0.2,200,"bu","10:47:06",7254700
34.35,0.2,100,"bu","10:47:02",7254500
34.35,0.2,5000,"bu","10:47:00",7254400
34.35,0.2,400,"bu","10:46:55",7249400
34.35,0.2,5000,"bu","10:46:51",7249000
34.35,0.2,5000,"bu","10:46:45",7244000
34.35,0.2,5000,"bu","10:46:43",7239000
34.35,0.2,900,"sd","10:46:38",7234000
34.35,0.2,9100,"bu","10:46:33",7233100
34.3,0.15,6500,"sd","10:46:14",7224000
34.35,0.2,300,"bu","10:46:11",7217500
34.35,0.2,200,"bu","10:46:08",7217200
34.3,0.15,100,"sd","10:45:58",7217000
34.35,0.2,5200,"bu","10:45:52",7216900
34.3,0.15,500,"sd","10:45:50",7211700
34.3,0.15,700,"sd","10:45:04",7211200
34.35,0.2,800,"bu","10:45:03",7210500
34.35,0.2,100,"bu","10:44:50",7209700
34.35,0.2,300,"bu","10:44:42",7209600
34.35,0.2,1000,"bu","10:44:40",7209300
34.35,0.2,10000,"bu","10:44:38",7208300
34.35,0.2,3000,"bu","10:44:25",7198300
34.3,0.15,500,"sd","10:44:20",7195300
34.3,0.15,200,"sd","10:44:17",7194800
34.3,0.15,20000,"sd","10:44:06",7194600
34.3,0.15,200,"sd","10:44:03",7174600
34.3,0.15,1000,"sd","10:43:53",7174400
34.35,0.2,100,"bu","10:43:45",7173300
34.35,0.2,5000,"bu","10:43:43",7173200
34.3,0.15,600,"sd","10:43:37",7168200
34.35,0.2,500,"bu","10:43:37",7167600
34.35,0.2,4500,"bu","10:43:36",7167100
34.3,0.15,2500,"sd","10:43:36",7162600
34.35,0.2,5000,"bu","10:43:24",7160100
34.3,0.15,500,"sd","10:43:19",7155100
34.35,0.2,400,"bu","10:43:15",7154600
34.35,0.2,3000,"bu","10:43:13",7154200
34.3,0.15,500,"sd","10:42:51",7151200
34.3,0.15,100,"sd","10:42:33",7150700
34.3,0.15,100,"sd","10:42:23",7150600
34.3,0.15,600,"sd","10:42:08",7150500
34.35,0.2,300,"bu","10:42:07",7149900
34.35,0.2,700,"bu","10:42:06",7149600
34.35,0.2,100,"bu","10:42:00",7148900
34.35,0.2,200,"bu","10:41:58",7148800
34.35,0.2,100,"bu","10:41:57",7148600
34.35,0.2,100,"bu","10:41:55",7148500
34.35,0.2,300,"bu","10:41:44",7148400
34.35,0.2,500,"sd","10:41:40",7148100
34.35,0.2,100,"sd","10:41:38",7147600
34.35,0.2,4800,"sd","10:41:32",7147500
34.35,0.2,1000,"sd","10:41:31",7142700
34.35,0.2,10600,"bu","10:41:12",7141700
34.35,0.2,300,"bu","10:41:11",7131100
34.35,0.2,1000,"bu","10:41:07",7130800
34.35,0.2,1000,"bu","10:41:00",7129800
34.35,0.2,300,"bu","10:41:00",7128800
34.35,0.2,100,"bu","10:40:49",7128500
34.35,0.2,7000,"bu","10:40:47",7128400
34.35,0.2,3900,"bu","10:40:45",7121400
34.3,0.15,500,"sd","10:40:44",7117500
34.35,0.2,500,"bu","10:40:36",7117000
34.35,0.2,10000,"bu","10:40:29",7116500
34.3,0.15,2000,"sd","10:40:28",7106500
34.35,0.2,7500,"bu","10:40:22",7104500
34.35,0.2,300,"bu","10:40:15",7097000
34.35,0.2,100,"bu","10:40:02",7096700
34.3,0.15,600,"sd","10:40:02",7096600
34.35,0.2,500,"bu","10:39:53",7096000
34.35,0.2,500,"bu","10:39:52",7095500
34.3,0.15,1100,"sd","10:39:42",7095000
34.3,0.15,200,"sd","10:39:33",7093900
34.3,0.15,200,"sd","10:39:28",7093700
34.3,0.15,500,"sd","10:39:20",7093500
34.3,0.15,300,"sd","10:39:18",7093000
34.35,0.2,600,"bu","10:39:16",7092700
34.3,0.15,1000,"sd","10:39:04",7092100
34.3,0.15,500,"sd","10:39:02",7091100
34.3,0.15,700,"sd","10:38:59",7090600
34.3,0.15,600,"sd","10:38:36",7089900
34.35,0.2,100,"bu","10:38:36",7089300
34.35,0.2,2100,"sd","10:38:18",7089200
34.35,0.2,3700,"sd","10:38:18",7087100
34.35,0.2,1000,"sd","10:38:10",7083400
34.35,0.2,100,"sd","10:38:10",7082400
34.35,0.2,100,"sd","10:38:05",7082300
34.35,0.2,6400,"bu","10:37:54",7082200
34.3,0.15,500,"sd","10:37:53",7075800
34.35,0.2,200,"bu","10:37:47",7075300
34.4,0.25,2800,"bu","10:37:41",7075100
34.35,0.2,27100,"bu","10:37:41",7072300
34.35,0.2,1000,"bu","10:37:28",7045200
34.35,0.2,1300,"bu","10:37:27",7044200
34.35,0.2,2700,"bu","10:37:26",7042900
34.35,0.2,100,"bu","10:37:25",7040200
34.35,0.2,200,"bu","10:37:18",7040100
34.35,0.2,1000,"bu","10:37:17",7039900
34.3,0.15,500,"sd","10:37:10",7038900
34.35,0.2,200,"bu","10:37:07",7038400
34.35,0.2,100,"bu","10:37:05",7037700
34.35,0.2,8000,"sd","10:36:45",7037600
34.35,0.2,15000,"sd","10:36:38",7029600
34.4,0.25,200,"bu","10:36:33",7014600
34.35,0.2,20000,"sd","10:36:29",7014400
34.35,0.2,600,"sd","10:36:28",6994400
34.35,0.2,600,"sd","10:36:28",6993800
34.35,0.2,100,"sd","10:36:26",6993200
34.35,0.2,6200,"bu","10:36:18",6993100
34.35,0.2,200,"bu","10:36:16",6986900
34.35,0.2,1000,"bu","10:36:09",6986700
34.35,0.2,1000,"bu","10:36:07",6985700
34.3,0.15,2500,"sd","10:36:02",6984700
34.3,0.15,3700,"sd","10:35:51",6982200
34.35,0.2,3000,"bu","10:35:49",6978500
34.3,0.15,500,"sd","10:35:46",6975500
34.35,0.2,7900,"sd","10:35:45",6975000
34.35,0.2,100,"sd","10:35:44",6967100
34.35,0.2,100000,"sd","10:35:43",6967000
34.35,0.2,1000,"sd","10:35:41",6867000
34.35,0.2,10600,"sd","10:35:23",6866000
34.35,0.2,600,"sd","10:35:01",6855400
34.35,0.2,100,"sd","10:34:54",6854800
34.35,0.2,2000,"sd","10:34:46",6854700
34.4,0.25,500,"bu","10:34:24",6852700
34.35,0.2,500,"sd","10:34:19",6852200
34.35,0.2,10000,"sd","10:34:18",6851700
34.4,0.25,100,"bu","10:34:06",6841700
34.35,0.2,200,"sd","10:33:51",6841600
34.35,0.2,500,"sd","10:33:37",6841400
34.35,0.2,27800,"sd","10:33:37",6840900
34.4,0.25,300,"bu","10:33:35",6813100
34.35,0.2,600,"sd","10:33:35",6812800
34.4,0.25,100,"bu","10:33:34",6812200
34.35,0.2,2000,"sd","10:33:27",6812100
34.4,0.25,2000,"bu","10:32:57",6810100
34.35,0.2,100,"sd","10:32:55",6808100
34.35,0.2,500,"sd","10:32:49",6808000
34.35,0.2,5000,"sd","10:32:34",6807500
34.35,0.2,100,"sd","10:32:29",6802500
34.35,0.2,600,"sd","10:32:06",6802400
34.35,0.2,300,"sd","10:31:57",6801800
34.35,0.2,2000,"sd","10:31:45",6801500
34.35,0.2,500,"sd","10:31:38",6799500
34.35,0.2,400,"sd","10:31:32",6799000
34.35,0.2,700,"sd","10:31:22",6798600
34.35,0.2,500,"sd","10:31:13",6797900
34.35,0.2,6500,"sd","10:31:10",6797400
34.4,0.25,100,"bu","10:31:07",6790900
34.35,0.2,100,"sd","10:31:06",6790800
34.35,0.2,100,"sd","10:30:59",6790700
34.35,0.2,1500,"sd","10:30:56",6790600
34.35,0.2,500,"sd","10:30:35",6789100
34.4,0.25,100,"bu","10:30:31",6788600
34.4,0.25,1700,"bu","10:30:26",6788500
34.35,0.2,2000,"sd","10:30:20",6786800
34.35,0.2,1500,"sd","10:30:13",6784800
34.35,0.2,7500,"sd","10:30:11",6783300
34.35,0.2,1000,"sd","10:29:57",6775800
34.35,0.2,600,"sd","10:29:51",6774800
34.35,0.2,3000,"sd","10:29:30",6774200
34.35,0.2,2000,"sd","10:29:22",6771200
34.4,0.25,100,"bu","10:29:16",6769200
34.35,0.2,600,"sd","10:29:05",6769100
34.4,0.25,500,"bu","10:28:59",6768500
34.4,0.25,500,"bu","10:28:55",6768000
34.35,0.2,2000,"sd","10:28:30",6767500
34.35,0.2,600,"sd","10:28:20",6765500
34.4,0.25,10000,"bu","10:27:56",6764900
34.4,0.25,1000,"bu","10:27:54",6754900
34.35,0.2,3000,"sd","10:27:53",6753900
34.35,0.2,400,"sd","10:27:52",6750900
34.4,0.25,300,"bu","10:27:40",6750500
34.4,0.25,100,"bu","10:27:38",6750200
34.35,0.2,2000,"sd","10:27:36",6750100
34.35,0.2,400,"sd","10:27:22",6748100
34.35,0.2,1000,"sd","10:27:19",6747700
34.35,0.2,3000,"sd","10:27:14",6746700
34.35,0.2,300,"sd","10:27:12",6743700
34.35,0.2,500,"sd","10:27:11",6743400
34.35,0.2,100,"sd","10:27:06",6742900
34.35,0.2,7400,"sd","10:27:02",6742800
34.35,0.2,400,"sd","10:27:00",6735400
34.35,0.2,3800,"bu","10:26:55",6735000
34.35,0.2,100,"bu","10:26:55",6731200
34.35,0.2,26000,"bu","10:26:53",6731100
34.3,0.15,7000,"sd","10:26:51",6705100
34.3,0.15,500,"sd","10:26:50",6698100
34.35,0.2,32000,"bu","10:26:50",6697600
34.35,0.2,3000,"bu","10:26:48",6665600
34.35,0.2,3400,"bu","10:26:47",6662600
34.35,0.2,2000,"bu","10:26:46",6659200
34.35,0.2,500,"bu","10:26:41",6657200
34.35,0.2,100,"bu","10:26:40",6656700
34.35,0.2,200,"bu","10:26:40",6656600
34.35,0.2,200,"bu","10:26:38",6656400
34.35,0.2,4500,"bu","10:26:37",6656200
34.35,0.2,1000,"bu","10:26:35",6651700
34.35,0.2,700,"bu","10:26:33",6650700
34.35,0.2,5800,"bu","10:26:30",6650000
34.35,0.2,300,"bu","10:26:26",6644200
34.35,0.2,100,"bu","10:26:24",6643900
34.35,0.2,200,"bu","10:26:17",6643800
34.35,0.2,1000,"bu","10:26:16",6643600
34.35,0.2,100,"bu","10:26:16",6642600
34.35,0.2,1000,"bu","10:26:15",6642500
34.35,0.2,100,"bu","10:26:12",6641500
34.35,0.2,300,"bu","10:26:11",6641400
34.35,0.2,100,"bu","10:26:11",6641100
34.35,0.2,900,"bu","10:26:08",6641000
34.35,0.2,2600,"bu","10:26:05",6640100
34.35,0.2,300,"bu","10:26:03",6637500
34.35,0.2,500,"bu","10:26:00",6637200
34.35,0.2,5000,"bu","10:25:57",6636700
34.35,0.2,500,"bu","10:25:49",6631700
34.35,0.2,300,"bu","10:25:43",6631200
34.35,0.2,600,"bu","10:25:42",6630900
34.3,0.15,100,"sd","10:25:40",6630300
34.35,0.2,1000,"bu","10:25:32",6630200
34.35,0.2,50000,"bu","10:25:30",6629200
34.35,0.2,500,"bu","10:25:28",6579200
34.35,0.2,300,"bu","10:25:26",6578700
34.35,0.2,500,"bu","10:25:22",6578400
34.3,0.15,500,"sd","10:25:19",6577900
34.35,0.2,1000,"bu","10:25:03",6577400
34.3,0.15,100,"sd","10:24:49",6576400
34.35,0.2,100,"bu","10:24:46",6576300
34.35,0.2,200,"bu","10:24:44",6576200
34.3,0.15,500,"sd","10:24:35",6576000
34.35,0.2,800,"bu","10:24:29",6575500
34.35,0.2,6200,"bu","10:24:28",6574700
34.35,0.2,10000,"bu","10:24:27",6568500
34.35,0.2,1400,"bu","10:24:08",6558500
34.3,0.15,500,"sd","10:24:05",6557100
34.3,0.15,600,"sd","10:23:53",6556600
34.35,0.2,2000,"bu","10:23:44",6556000
34.35,0.2,800,"bu","10:23:38",6554000
34.35,0.2,5000,"bu","10:23:35",6553200
34.35,0.2,100,"bu","10:23:30",6548200
34.35,0.2,500,"bu","10:23:29",6548100
34.35,0.2,500,"bu","10:23:26",6547600
34.35,0.2,2000,"bu","10:23:22",6547100
34.35,0.2,700,"bu","10:23:17",6545100
34.35,0.2,300,"bu","10:23:13",6544400
34.35,0.2,11500,"bu","10:23:10",6544100
34.3,0.15,500,"sd","10:23:10",6532600
34.35,0.2,200,"bu","10:22:59",6532100
34.35,0.2,1500,"bu","10:22:57",6531900
34.35,0.2,12000,"bu","10:22:54",6530400
34.35,0.2,400,"bu","10:22:41",6518400
34.35,0.2,1000,"bu","10:22:36",6518000
34.35,0.2,8000,"bu","10:22:35",6517000
34.35,0.2,300,"bu","10:22:34",6509000
34.3,0.15,5000,"sd","10:22:34",6508700
34.35,0.2,100,"bu","10:22:32",6503700
34.35,0.2,300,"bu","10:22:29",6503600
34.35,0.2,300,"bu","10:22:29",6503300
34.3,0.15,1000,"sd","10:22:29",6503000
34.35,0.2,900,"bu","10:22:27",6502000
34.3,0.15,600,"sd","10:22:24",6501100
34.35,0.2,1700,"bu","10:22:13",6500500
34.35,0.2,100,"bu","10:22:12",6498800
34.3,0.15,2200,"sd","10:22:05",6498700
34.35,0.2,500,"bu","10:21:59",6496500
34.3,0.15,500,"sd","10:21:42",6496000
34.35,0.2,1600,"bu","10:21:42",6495500
34.3,0.15,300,"sd","10:21:40",6493900
34.35,0.2,500,"bu","10:21:30",6493600
34.35,0.2,100,"bu","10:21:29",6493100
34.35,0.2,100,"bu","10:21:16",6493000
34.35,0.2,4500,"bu","10:21:12",6492900
34.35,0.2,2300,"bu","10:21:00",6488400
34.3,0.15,600,"sd","10:20:59",6486100
34.35,0.2,30000,"bu","10:20:49",6485500
34.35,0.2,5000,"bu","10:20:44",6455500
34.3,0.15,3000,"sd","10:20:41",6450500
34.35,0.2,1000,"bu","10:20:41",6447500
34.3,0.15,500,"sd","10:20:40",6446500
34.3,0.15,900,"sd","10:20:31",6446000
34.3,0.15,500,"sd","10:20:16",6445100
34.3,0.15,1000,"sd","10:20:11",6444600
34.35,0.2,500,"bu","10:20:07",6443600
34.3,0.15,1000,"sd","10:20:06",6443100
34.3,0.15,30000,"sd","10:19:59",6442100
34.3,0.15,1000,"sd","10:19:57",6412100
34.35,0.2,400,"bu","10:19:54",6411100
34.35,0.2,1000,"bu","10:19:47",6410700
34.3,0.15,600,"sd","10:19:33",6409700
34.35,0.2,400,"bu","10:19:31",6409100
34.35,0.2,10000,"bu","10:19:29",6408700
34.35,0.2,26000,"bu","10:19:12",6398700
34.35,0.2,1000,"bu","10:19:05",6372700
34.35,0.2,2600,"bu","10:18:47",6371700
34.35,0.2,100,"bu","10:18:38",6369100
34.35,0.2,1700,"bu","10:18:32",6369000
34.3,0.15,10000,"sd","10:18:30",6367300
34.3,0.15,1000,"sd","10:18:23",6357300
34.3,0.15,2000,"sd","10:18:19",6356300
34.3,0.15,22200,"bu","10:18:18",6354300
34.3,0.15,1000,"bu","10:18:17",6332100
34.3,0.15,2900,"bu","10:18:16",6331100
34.3,0.15,3000,"bu","10:18:14",6328200
34.3,0.15,600,"bu","10:18:10",6325200
34.3,0.15,10000,"bu","10:18:06",6324600
34.3,0.15,600,"bu","10:18:04",6314600
34.3,0.15,10000,"bu","10:18:03",6314000
34.3,0.15,300,"bu","10:18:02",6304000
34.3,0.15,200,"bu","10:18:02",6303700
34.3,0.15,100,"bu","10:18:00",6303500
34.25,0.1,500,"sd","10:17:58",6303400
34.3,0.15,4100,"bu","10:17:47",6302900
34.25,0.1,2900,"sd","10:17:43",6298800
34.25,0.1,200,"sd","10:17:42",6295900
34.3,0.15,500,"bu","10:17:42",6295700
34.3,0.15,500,"bu","10:17:40",6295200
34.3,0.15,500,"bu","10:17:38",6294700
34.3,0.15,100,"bu","10:17:37",6294200
34.3,0.15,24500,"sd","10:17:23",6294100
34.3,0.15,50600,"sd","10:17:22",6269600
34.3,0.15,600,"sd","10:17:15",6219000
34.3,0.15,20000,"sd","10:17:01",6218400
34.35,0.2,1700,"bu","10:16:57",6198400
34.3,0.15,500,"sd","10:16:43",6196700
34.3,0.15,2000,"sd","10:16:42",6196200
34.3,0.15,2000,"sd","10:16:32",6194200
34.3,0.15,600,"sd","10:16:31",6192200
34.3,0.15,100,"sd","10:16:30",6191600
34.3,0.15,2100,"bu","10:16:26",6191500
34.3,0.15,100,"bu","10:16:24",6189400
34.3,0.15,900,"bu","10:16:19",6189300
34.3,0.15,500,"bu","10:16:13",6188400
34.3,0.15,1400,"sd","10:16:12",6187900
34.3,0.15,3700,"sd","10:16:09",6186500
34.3,0.15,30000,"sd","10:16:05",6182800
34.3,0.15,7700,"sd","10:15:55",6152800
34.3,0.15,2000,"sd","10:15:47",6145100
34.3,0.15,600,"sd","10:15:42",6143100
34.3,0.15,5000,"sd","10:15:39",6142500
34.3,0.15,200,"sd","10:15:35",6137500
34.35,0.2,500,"bu","10:15:25",6137300
34.3,0.15,1500,"sd","10:15:24",6136800
34.3,0.15,11900,"sd","10:15:24",6135300
34.3,0.15,4900,"sd","10:15:23",6123400
34.35,0.2,3000,"bu","10:15:23",6118500
34.3,0.15,500,"sd","10:15:20",6115500
34.3,0.15,3000,"sd","10:15:17",6115000
34.3,0.15,600,"sd","10:15:03",6112000
34.3,0.15,600,"sd","10:15:02",6111400
34.3,0.15,200,"sd","10:15:00",6110800
34.3,0.15,500,"sd","10:14:59",6110600
34.3,0.15,5200,"sd","10:14:58",6110100
34.3,0.15,800,"sd","10:14:57",6104900
34.3,0.15,1000,"sd","10:14:44",6104100
34.3,0.15,1100,"sd","10:14:41",6103100
34.3,0.15,100,"bu","10:14:36",6102000
34.25,0.1,1400,"sd","10:14:34",6101900
34.3,0.15,3600,"sd","10:14:34",6100500
34.3,0.15,100,"sd","10:14:26",6096900
34.3,0.15,7000,"bu","10:14:25",6096800
34.25,0.1,600,"sd","10:14:12",6089800
34.3,0.15,100,"bu","10:14:09",6089200
34.3,0.15,500,"bu","10:14:07",6089100
34.3,0.15,400,"bu","10:14:01",6088600
34.3,0.15,600,"sd","10:13:55",6088200
34.3,0.15,3000,"sd","10:13:53",6087600
34.3,0.15,300,"sd","10:13:52",6084600
34.3,0.15,1600,"sd","10:13:51",6084300
34.3,0.15,100000,"sd","10:13:38",6082700
34.3,0.15,8000,"sd","10:13:37",5982700
34.3,0.15,500,"sd","10:13:29",5974700
34.3,0.15,500,"sd","10:13:08",5974200
34.3,0.15,20000,"sd","10:12:54",5973700
34.3,0.15,600,"sd","10:12:44",5953700
34.4,0.25,100,"bu","10:12:23",5953100
34.4,0.25,900,"bu","10:12:22",5953000
34.35,0.2,800,"bu","10:12:22",5952100
34.35,0.2,400,"bu","10:12:21",5951300
34.35,0.2,98800,"sd","10:12:20",5950900
34.35,0.2,900,"sd","10:12:12",5852100
34.35,0.2,6000,"sd","10:12:05",5851200
34.35,0.2,500,"sd","10:12:01",5845200
34.35,0.2,1000,"sd","10:11:58",5844700
34.35,0.2,200,"sd","10:11:53",5843700
34.35,0.2,100,"sd","10:11:37",5843500
34.35,0.2,600,"sd","10:11:20",5843400
34.35,0.2,100,"sd","10:11:17",5842800
34.35,0.2,100,"sd","10:11:16",5842700
34.35,0.2,900,"sd","10:11:02",5842600
34.35,0.2,500,"sd","10:10:58",5841700
34.35,0.2,500,"sd","10:10:49",5841200
34.35,0.2,100,"sd","10:10:47",5840700
34.35,0.2,100,"sd","10:10:34",5840600
34.35,0.2,700,"sd","10:10:30",5840500
34.35,0.2,100,"sd","10:10:18",5839800
34.4,0.25,1500,"bu","10:10:15",5839700
34.4,0.25,800,"bu","10:10:14",5838200
34.35,0.2,5000,"sd","10:10:04",5837400
34.35,0.2,2000,"sd","10:09:47",5832400
34.35,0.2,500,"sd","10:09:38",5830400
34.4,0.25,100,"bu","10:09:37",5829900
34.4,0.25,500,"bu","10:09:26",5829800
34.4,0.25,600,"bu","10:09:11",5829300
34.4,0.25,300,"bu","10:09:09",5828700
34.4,0.25,500,"bu","10:09:03",5828400
34.35,0.2,5400,"sd","10:09:03",5827900
34.35,0.2,1000,"sd","10:08:59",5822500
