"price","change","match_qtty","side","time","total_vol"
65.6,0.2,1200,"sd","14:59:02",220500
65.6,0.2,100,"sd","14:59:01",219300
65.6,0.2,900,"sd","14:58:58",219200
65.6,0.2,100,"sd","14:58:43",218300
65.6,0.2,1000,"sd","14:58:18",218200
65.6,0.2,200,"sd","14:58:02",217200
65.7,0.3,900,"sd","14:57:33",217000
65.6,0.2,100,"sd","14:57:19",216100
65.6,0.2,1000,"sd","14:56:52",216000
65.6,0.2,200,"sd","14:56:34",215000
65.6,0.2,1000,"sd","14:56:11",214800
65.6,0.2,100,"sd","14:55:51",213800
65.6,0.2,1000,"sd","14:55:25",213700
65.6,0.2,200,"sd","14:55:08",212700
65.5,0.1,900,"sd","14:54:39",212500
65.5,0.1,100,"sd","14:54:27",211600
65.5,0.1,1000,"sd","14:53:59",211500
65.5,0.1,100,"sd","14:53:46",210500
65.5,0.1,1000,"sd","14:53:15",210400
65.5,0.1,200,"sd","14:53:04",209400
65.5,0.1,900,"sd","14:52:33",209200
65.5,0.1,100,"sd","14:52:22",208300
65.5,0.1,900,"sd","14:51:51",208200
65.6,0.2,100,"sd","14:51:41",207300
65.6,0.2,1000,"sd","14:51:09",207200
65.6,0.2,200,"sd","14:51:00",206200
65.6,0.2,900,"sd","14:50:27",206000
65.6,0.2,100,"sd","14:50:18",205100
65.6,0.2,1000,"sd","14:49:47",205000
65.7,0.3,100,"","14:49:37",204000
65.6,0.2,900,"sd","14:49:03",203900
65.6,0.2,200,"sd","14:48:55",203000
65.7,0.3,900,"sd","14:48:22",202800
65.7,0.3,100,"sd","14:48:14",201900
65.7,0.3,1000,"sd","14:47:40",201800
65.8,0.4,200,"sd","14:47:33",200800
65.8,0.4,900,"sd","14:46:59",200600
65.8,0.4,100,"sd","14:46:50",199700
65.8,0.4,900,"sd","14:46:17",199600
65.9,0.5,100,"sd","14:46:09",198700
65.9,0.5,1000,"sd","14:45:36",198600
65.9,0.5,200,"sd","14:45:24",197600
65.9,0.5,900,"sd","14:44:52",197400
65.9,0.5,100,"sd","14:44:42",196500
65.9,0.5,200,"sd","14:44:25",196400
65.9,0.5,1000,"sd","14:44:12",196200
65.9,0.5,100,"sd","14:44:01",195200
65.9,0.5,1000,"sd","14:43:28",195100
65.9,0.5,200,"sd","14:43:18",194100
65.9,0.5,1100,"sd","14:42:43",193900
65.9,0.5,100,"sd","14:42:37",192800
65.9,0.5,200,"sd","14:41:55",192700
65.9,0.5,900,"sd","14:41:53",192500
65.9,0.5,1000,"sd","14:41:13",191600
65.9,0.5,100,"sd","14:40:32",190600
65.9,0.5,1000,"sd","14:40:31",190500
65.9,0.5,1000,"sd","14:39:49",189500
66,0.6,200,"sd","14:39:46",188500
65.9,0.5,1000,"sd","14:39:03",188300
65.9,0.5,100,"sd","14:39:00",187300
65.9,0.5,900,"sd","14:38:21",187200
65.9,0.5,200,"sd","14:38:19",186300
65.9,0.5,1000,"sd","14:37:39",186100
65.9,0.5,100,"sd","14:37:37",185100
65.9,0.5,900,"sd","14:36:56",185000
65.9,0.5,100,"sd","14:36:54",184100
65.9,0.5,1100,"sd","14:36:13",184000
66,0.6,100,"sd","14:35:40",182900
66,0.6,1100,"sd","14:35:32",182800
66,0.6,900,"sd","14:34:51",181700
66,0.6,200,"sd","14:34:50",180800
66,0.6,1000,"sd","14:34:09",180600
66,0.6,100,"sd","14:34:05",179600
66,0.6,900,"sd","14:33:24",179500
66,0.6,100,"sd","14:33:21",178600
66,0.6,1100,"sd","14:32:43",178500
66,0.6,200,"sd","14:32:40",177400
66,0.6,100,"sd","14:31:56",177200
66,0.6,1000,"sd","14:31:54",177100
66.1,0.7,1200,"sd","14:31:12",176100
66.1,0.7,100,"sd","14:30:30",174900
66.1,0.7,900,"sd","14:30:27",174800
66.1,0.7,100,"sd","14:29:50",173900
66.1,0.7,900,"sd","14:29:47",173800
66.1,0.7,100,"sd","14:29:45",172900
66.1,0.7,200,"sd","14:29:08",172800
66.1,0.7,900,"sd","14:29:06",172600
66.1,0.7,100,"sd","14:28:26",171700
66.2,0.8,1000,"","14:28:24",171600
66.1,0.7,200,"sd","14:27:45",170600
66.1,0.7,900,"sd","14:27:43",170400
66.2,0.8,100,"sd","14:27:02",169500
66.3,0.9,1000,"","14:27:01",169400
66.2,0.8,100,"sd","14:26:21",168400
66.2,0.8,1000,"sd","14:26:17",168300
66.2,0.8,200,"sd","14:25:38",167300
66.2,0.8,1000,"sd","14:25:32",167100
66.2,0.8,100,"sd","14:24:57",166100
66.2,0.8,900,"sd","14:24:48",166000
66.2,0.8,100,"sd","14:24:14",165100
66.2,0.8,1000,"sd","14:24:05",165000
66.3,0.9,200,"sd","14:23:32",164000
66.3,0.9,100,"sd","14:22:51",163800
66.3,0.9,900,"sd","14:22:35",163700
66.3,0.9,500,"sd","14:22:26",162800
66.3,0.9,200,"sd","14:22:09",162300
66.3,0.9,100,"sd","14:21:51",162100
66.3,0.9,100,"sd","14:21:25",162000
66.5,1.1,100,"sd","14:20:43",161900
66.5,1.1,200,"sd","14:20:40",161800
66.5,1.1,800,"sd","14:20:07",161600
66.5,1.1,100,"sd","14:19:57",160800
66.5,1.1,100,"sd","14:19:11",160700
66.5,1.1,200,"sd","14:18:27",160600
66.5,1.1,100,"sd","14:17:46",160400
66.6,1.2,600,"sd","14:17:09",160300
66.6,1.2,200,"sd","14:17:05",159700
66.6,1.2,100,"sd","14:16:23",159500
66.6,1.2,100,"sd","14:16:00",159400
66.6,1.2,100,"sd","14:15:42",159300
66.6,1.2,200,"sd","14:15:00",159200
66.6,1.2,100,"sd","14:14:35",159000
66.6,1.2,100,"sd","14:14:17",158900
66.6,1.2,200,"sd","14:13:33",158800
66.6,1.2,100,"sd","14:12:51",158600
66.6,1.2,100,"sd","14:12:10",158500
66.7,1.3,1000,"bu","14:11:32",158400
66.6,1.2,200,"sd","14:11:27",157400
66.6,1.2,100,"sd","14:11:10",157200
66.6,1.2,200,"sd","14:10:58",157100
66.6,1.2,100,"sd","14:10:44",156900
66.6,1.2,1500,"sd","14:10:35",156800
66.6,1.2,200,"sd","14:10:04",155300
66.6,1.2,100,"sd","14:10:02",155100
66.6,1.2,200,"sd","14:09:20",155000
66.7,1.3,2000,"","14:09:17",154800
66.6,1.2,100,"sd","14:08:38",152800
66.5,1.1,200,"sd","14:07:58",152700
66.5,1.1,100,"sd","14:07:14",152500
66.5,1.1,100,"sd","14:06:33",152400
66.8,1.4,5100,"bu","14:06:13",152300
66.5,1.1,200,"sd","14:05:52",147200
66.5,1.1,100,"sd","14:05:44",147000
66.5,1.1,100,"sd","14:05:08",146900
66.6,1.2,300,"bu","14:04:48",146800
66.5,1.1,200,"sd","14:04:25",146500
66.5,1.1,100,"sd","14:03:44",146300
66.5,1.1,100,"sd","14:03:42",146200
66.5,1.1,100,"sd","14:03:01",146100
66.6,1.2,500,"bu","14:02:57",146000
66.5,1.1,100,"sd","14:02:22",145500
66.5,1.1,900,"sd","14:02:19",145400
66.3,0.9,200,"sd","14:02:18",144500
66.3,0.9,100,"sd","14:01:38",144300
66.3,0.9,200,"sd","14:00:55",144200
66.5,1.1,1600,"sd","14:00:49",144000
66.5,1.1,100,"sd","14:00:36",142400
66.5,1.1,700,"sd","14:00:20",142300
66.5,1.1,100,"sd","14:00:08",141600
66.5,1.1,100,"sd","13:59:36",141500
66.5,1.1,200,"sd","13:59:19",141400
66.5,1.1,200,"sd","13:58:52",141200
66.5,1.1,100,"sd","13:58:37",141000
66.5,1.1,100,"sd","13:58:36",140900
66.5,1.1,200,"sd","13:57:54",140800
66.6,1.2,400,"","13:57:05",140600
66.7,1.3,500,"bu","13:56:24",140200
66.7,1.3,100,"bu","13:55:23",139700
66.6,1.2,100,"sd","13:55:02",139600
66.6,1.2,3000,"sd","13:54:11",139500
66.6,1.2,100,"sd","13:53:20",136500
66.7,1.3,1400,"bu","13:53:17",136400
66.6,1.2,200,"sd","13:52:09",135000
66.6,1.2,300,"sd","13:51:40",134800
66.6,1.2,400,"bu","13:51:33",134500
66.6,1.2,100,"sd","13:51:24",134100
66.6,1.2,100,"sd","13:51:12",134000
66.7,1.3,200,"sd","13:50:10",133900
66.7,1.3,100,"sd","13:49:59",133700
66.7,1.3,200,"sd","13:49:57",133600
66.8,1.4,400,"bu","13:49:50",133400
66.7,1.3,200,"sd","13:49:26",133000
66.7,1.3,1000,"bu","13:49:20",132800
66.5,1.1,100,"sd","13:49:16",131800
66.6,1.2,100,"","13:49:02",131700
66.6,1.2,300,"bu","13:48:45",131600
66.6,1.2,300,"","13:48:22",131300
66.5,1.1,100,"bu","13:48:08",131000
66.5,1.1,6800,"","13:47:55",130900
66.3,0.9,100,"sd","13:47:51",124100
66.3,0.9,200,"sd","13:47:11",124000
66.4,1,800,"","13:47:07",123800
66.3,0.9,100,"sd","13:46:55",123000
66.3,0.9,300,"bu","13:46:45",122900
66.3,0.9,200,"bu","13:46:21",122600
66.3,0.9,2000,"bu","13:46:09",122400
66.2,0.8,100,"sd","13:45:49",120400
66.3,0.9,1000,"bu","13:45:38",120300
66.3,0.9,2000,"bu","13:45:26",119300
66.2,0.8,200,"","13:45:08",117300
66.3,0.9,2000,"bu","13:44:58",117100
66.2,0.8,800,"sd","13:44:44",115100
66.1,0.7,200,"","13:44:40",114300
66.1,0.7,100,"sd","13:44:26",114100
66.1,0.7,100,"sd","13:44:24",114000
66.2,0.8,4000,"bu","13:44:23",113900
66.1,0.7,100,"sd","13:43:35",109900
66.1,0.7,200,"sd","13:43:33",109800
66.1,0.7,100,"sd","13:43:22",109600
66.2,0.8,4200,"","13:43:21",109500
66.1,0.7,2300,"sd","13:42:49",105300
66,0.6,200,"sd","13:42:41",103000
66,0.6,100,"sd","13:41:52",102800
66,0.6,200,"sd","13:41:07",102700
66,0.6,100,"sd","13:40:40",102500
66,0.6,200,"sd","13:40:31",102400
66,0.6,100,"sd","13:40:25",102200
66,0.6,100,"sd","13:39:40",102100
66,0.6,1000,"sd","13:39:02",102000
66,0.6,200,"sd","13:38:57",101000
66,0.6,2000,"sd","13:38:38",100800
66,0.6,700,"sd","13:38:32",98800
66,0.6,100,"sd","13:38:14",98100
66,0.6,200,"sd","13:37:29",98000
66,0.6,100,"sd","13:36:47",97800
66,0.6,200,"sd","13:36:13",97700
66,0.6,100,"sd","13:36:06",97500
66,0.6,200,"sd","13:35:24",97400
66,0.6,100,"sd","13:34:33",97200
66,0.6,700,"sd","13:34:26",97100
66,0.6,200,"sd","13:33:51",96400
66,0.6,100,"sd","13:33:08",96200
66,0.6,200,"sd","13:32:26",96100
66,0.6,400,"sd","13:32:15",95900
66,0.6,100,"sd","13:31:16",95500
66,0.6,300,"sd","13:30:02",95400
66.2,0.8,15000,"bu","13:28:27",95100
66,0.6,200,"sd","13:28:23",80100
66,0.6,200,"sd","13:28:10",79900
66,0.6,100,"sd","13:28:07",79700
66,0.6,600,"","13:27:44",79600
65.9,0.5,100,"sd","13:27:38",79000
66,0.6,4000,"","13:26:23",78900
65.9,0.5,100,"sd","13:26:11",74900
66,0.6,500,"bu","13:25:31",74800
65.9,0.5,100,"sd","13:25:30",74300
65.9,0.5,1400,"sd","13:25:08",74200
65.9,0.5,700,"sd","13:25:01",72800
66,0.6,2000,"bu","13:24:56",72100
65.9,0.5,200,"sd","13:24:47",70100
65.9,0.5,100,"sd","13:24:30",69900
66,0.6,100,"bu","13:24:08",69800
65.9,0.5,100,"sd","13:24:05",69700
66,0.6,1000,"bu","13:23:52",69600
66,0.6,400,"bu","13:23:34",68600
65.9,0.5,100,"sd","13:23:23",68200
66,0.6,2000,"bu","13:23:04",68100
65.9,0.5,100,"sd","13:22:53",66100
65.9,0.5,200,"sd","13:22:42",66000
65.9,0.5,100,"sd","13:21:59",65800
65.9,0.5,200,"sd","13:21:17",65700
65.9,0.5,100,"sd","13:20:33",65500
65.9,0.5,300,"sd","13:20:28",65400
65.8,0.4,300,"sd","13:19:55",65100
65.8,0.4,200,"sd","13:19:51",64800
65.8,0.4,100,"sd","13:19:05",64600
65.8,0.4,100,"sd","13:18:24",64500
65.8,0.4,200,"sd","13:17:42",64400
65.8,0.4,100,"sd","13:17:00",64200
65.8,0.4,200,"sd","13:16:11",64100
65.8,0.4,100,"sd","13:15:28",63900
65.8,0.4,200,"sd","13:14:06",63800
65.8,0.4,100,"sd","13:13:24",63600
65.8,0.4,200,"sd","13:12:42",63500
65.8,0.4,100,"sd","13:12:01",63300
65.8,0.4,100,"sd","13:11:18",63200
65.9,0.5,100,"","13:11:12",63100
65.8,0.4,200,"sd","13:10:37",63000
65.8,0.4,100,"sd","13:09:55",62800
65.8,0.4,100,"sd","13:09:14",62700
65.7,0.3,200,"sd","13:08:31",62600
65.7,0.3,100,"sd","13:07:47",62400
65.7,0.3,200,"sd","13:07:05",62300
65.8,0.4,400,"sd","13:06:25",62100
65.7,0.3,100,"sd","13:06:21",61700
65.8,0.4,200,"bu","13:05:04",61600
65.7,0.3,100,"sd","13:04:48",61400
65.8,0.4,100,"bu","13:04:36",61300
65.8,0.4,200,"sd","13:04:05",61200
65.8,0.4,100,"sd","13:04:04",61000
65.8,0.4,600,"sd","13:03:56",60900
65.7,0.3,100,"sd","13:03:23",60300
65.7,0.3,100,"sd","13:02:41",60200
65.7,0.3,100,"sd","13:02:40",60100
65.7,0.3,200,"sd","13:01:58",60000
65.7,0.3,100,"sd","13:01:15",59800
65.8,0.4,100,"bu","13:01:13",59700
65.7,0.3,500,"sd","13:00:06",59600
65.7,0.3,100,"sd","11:29:20",59100
65.7,0.3,100,"sd","11:28:36",59000
65.7,0.3,200,"sd","11:27:55",58900
65.7,0.3,2000,"sd","11:27:52",58700
65.7,0.3,100,"sd","11:27:13",56700
65.7,0.3,100,"sd","11:26:32",56600
65.7,0.3,200,"sd","11:25:51",56500
65.7,0.3,100,"sd","11:25:09",56300
65.7,0.3,200,"sd","11:24:28",56200
65.7,0.3,100,"sd","11:23:45",56000
65.7,0.3,100,"sd","11:23:04",55900
65.7,0.3,200,"sd","11:22:21",55800
65.7,0.3,100,"sd","11:21:38",55600
65.7,0.3,200,"sd","11:20:56",55500
65.7,0.3,100,"sd","11:20:08",55300
65.7,0.3,100,"sd","11:19:27",55200
65.8,0.4,200,"","11:18:45",55100
65.8,0.4,100,"sd","11:18:02",54900
65.8,0.4,200,"sd","11:17:21",54800
65.8,0.4,200,"bu","11:17:07",54600
65.7,0.3,100,"sd","11:15:57",54400
65.9,0.5,500,"","11:15:46",54300
65.7,0.3,200,"sd","11:15:16",53800
65.7,0.3,100,"sd","11:14:34",53600
65.7,0.3,200,"sd","11:13:46",53500
65.7,0.3,500,"sd","11:13:21",53300
65.7,0.3,100,"sd","11:13:03",52800
65.6,0.2,100,"sd","11:12:22",52700
65.6,0.2,200,"sd","11:11:41",52600
65.6,0.2,100,"sd","11:10:59",52400
65.6,0.2,200,"sd","11:10:17",52300
65.6,0.2,100,"sd","11:09:34",52100
65.6,0.2,500,"sd","11:09:14",52000
65.6,0.2,100,"sd","11:08:53",51500
65.7,0.3,2000,"","11:08:13",51400
65.7,0.3,200,"sd","11:08:08",49400
65.7,0.3,100,"sd","11:07:27",49200
65.7,0.3,500,"sd","11:07:11",49100
65.7,0.3,100,"sd","11:06:43",48600
65.7,0.3,1000,"sd","11:06:21",48500
65.7,0.3,200,"sd","11:06:03",47500
65.8,0.4,100,"sd","11:05:21",47300
65.8,0.4,200,"sd","11:04:42",47200
65.8,0.4,200,"sd","11:04:39",47000
65.8,0.4,100,"sd","11:03:59",46800
65.8,0.4,100,"sd","11:03:17",46700
65.8,0.4,200,"sd","11:02:34",46600
65.7,0.3,100,"sd","11:01:53",46400
65.7,0.3,200,"sd","11:01:10",46300
65.7,0.3,100,"sd","11:00:25",46100
66,0.6,1000,"bu","10:59:36",46000
66,0.6,3000,"bu","10:59:32",45000
65.7,0.3,200,"sd","10:58:57",42000
65.7,0.3,100,"sd","10:58:13",41800
65.7,0.3,300,"sd","10:57:41",41700
65.6,0.2,200,"sd","10:57:30",41400
65.6,0.2,100,"sd","10:56:45",41200
65.6,0.2,200,"sd","10:56:01",41100
65.6,0.2,100,"sd","10:55:18",40900
65.6,0.2,200,"sd","10:54:36",40800
65.6,0.2,100,"sd","10:53:51",40600
65.6,0.2,100,"sd","10:53:08",40500
65.6,0.2,200,"sd","10:52:28",40400
65.6,0.2,100,"sd","10:51:46",40200
65.6,0.2,100,"sd","10:51:05",40100
65.6,0.2,200,"sd","10:50:20",40000
65.6,0.2,100,"sd","10:49:36",39800
65.6,0.2,200,"sd","10:48:54",39700
65.6,0.2,100,"sd","10:48:07",39500
65.6,0.2,200,"sd","10:47:25",39400
65.6,0.2,100,"sd","10:46:40",39200
65.6,0.2,200,"sd","10:45:59",39100
65.6,0.2,100,"sd","10:45:14",38900
65.6,0.2,100,"sd","10:44:32",38800
65.6,0.2,200,"sd","10:43:44",38700
65.6,0.2,100,"sd","10:43:00",38500
65.6,0.2,200,"sd","10:42:18",38400
65.6,0.2,300,"sd","10:41:46",38200
65.6,0.2,100,"sd","10:41:37",37900
65.6,0.2,100,"sd","10:40:55",37800
65.6,0.2,200,"sd","10:40:14",37700
65.6,0.2,100,"sd","10:39:31",37500
65.6,0.2,200,"sd","10:38:51",37400
65.6,0.2,100,"sd","10:38:09",37200
65.6,0.2,100,"sd","10:37:27",37100
65.6,0.2,200,"sd","10:36:42",37000
65.6,0.2,100,"sd","10:35:59",36800
65.6,0.2,100,"sd","10:35:18",36700
65.6,0.2,200,"sd","10:34:37",36600
65.6,0.2,100,"sd","10:33:53",36400
65.6,0.2,200,"sd","10:33:12",36300
65.6,0.2,100,"sd","10:32:26",36100
65.6,0.2,200,"sd","10:31:45",36000
65.6,0.2,100,"sd","10:31:01",35800
65.6,0.2,100,"sd","10:30:20",35700
65.6,0.2,200,"sd","10:29:39",35600
65.6,0.2,100,"sd","10:28:58",35400
65.6,0.2,100,"sd","10:28:15",35300
65.6,0.2,200,"sd","10:27:33",35200
65.6,0.2,100,"sd","10:26:51",35000
65.6,0.2,100,"sd","10:25:27",34900
65.6,0.2,4100,"sd","10:25:02",34800
65.5,0.1,100,"sd","10:24:43",30700
65.5,0.1,200,"sd","10:24:02",30600
65.5,0.1,100,"sd","10:23:20",30400
65.6,0.2,800,"bu","10:23:13",30300
65.6,0.2,2000,"sd","10:22:58",29500
65.6,0.2,100,"sd","10:22:40",27500
65.6,0.2,100,"sd","10:21:17",27400
65.6,0.2,200,"sd","10:20:34",27300
65.6,0.2,100,"sd","10:19:53",27100
65.6,0.2,100,"sd","10:19:11",27000
65.6,0.2,200,"sd","10:18:27",26900
65.6,0.2,100,"sd","10:17:46",26700
65.6,0.2,100,"sd","10:17:26",26600
65.6,0.2,200,"sd","10:17:04",26500
65.6,0.2,100,"sd","10:16:20",26300
65.6,0.2,100,"sd","10:15:39",26200
65.5,0.1,200,"sd","10:14:58",26100
65.5,0.1,100,"sd","10:14:17",25900
65.5,0.1,100,"sd","10:13:36",25800
65.6,0.2,200,"","10:12:55",25700
65.5,0.1,100,"sd","10:12:14",25500
65.5,0.1,100,"sd","10:11:30",25400
65.5,0.1,200,"sd","10:10:49",25300
65.5,0.1,100,"sd","10:10:07",25100
66,0.6,6000,"bu","10:09:38",25000
65.5,0.1,200,"sd","10:09:24",19000
65.5,0.1,100,"sd","10:08:42",18800
65.6,0.2,100,"","10:08:33",18700
65.6,0.2,100,"sd","10:08:01",18600
65.6,0.2,300,"sd","10:07:33",18500
65.5,0.1,200,"sd","10:07:20",18200
65.5,0.1,100,"sd","10:06:39",18000
65.5,0.1,100,"sd","10:05:55",17900
65.5,0.1,200,"sd","10:05:14",17800
65.5,0.1,100,"sd","10:04:31",17600
65.5,0.1,100,"sd","10:02:59",17500
65.7,0.3,200,"sd","10:02:58",17400
65.7,0.3,800,"bu","10:02:40",17200
65.5,0.1,100,"sd","10:01:35",16400
65.7,0.3,1000,"bu","10:01:04",16300
65.5,0.1,100,"sd","10:00:53",15300
65.5,0.1,200,"sd","10:00:12",15200
65.5,0.1,100,"sd","09:59:31",15000
65.5,0.1,100,"sd","09:58:47",14900
65.5,0.1,200,"sd","09:58:06",14800
65.5,0.1,100,"sd","09:57:47",14600
65.5,0.1,100,"sd","09:57:24",14500
65.5,0.1,200,"sd","09:56:39",14400
65.5,0.1,500,"sd","09:55:58",14200
65.5,0.1,1000,"bu","09:55:57",13700
65.4,0,100,"sd","09:55:56",12700
65.4,0,200,"sd","09:55:13",12600
65.4,0,100,"sd","09:54:32",12400
65.4,0,100,"sd","09:53:51",12300
65.4,0,200,"sd","09:53:04",12200
65.4,0,100,"sd","09:52:22",12000
65.4,0,200,"sd","09:51:40",11900
65.4,0,100,"sd","09:50:58",11700
65.4,0,100,"sd","09:50:57",11600
65.3,-0.1,100,"sd","09:50:15",11500
65.3,-0.1,200,"sd","09:49:34",11400
65.3,-0.1,100,"sd","09:48:52",11200
65.3,-0.1,100,"sd","09:48:47",11100
65.3,-0.1,200,"sd","09:48:08",11000
65.3,-0.1,100,"sd","09:46:45",10800
65.3,-0.1,200,"sd","09:46:01",10700
65.3,-0.1,100,"sd","09:45:20",10500
65.3,-0.1,200,"sd","09:44:36",10400
65.2,-0.2,100,"sd","09:43:50",10200
65.2,-0.2,100,"sd","09:43:09",10100
65.2,-0.2,200,"sd","09:42:28",10000
65.2,-0.2,100,"sd","09:41:46",9800
65.2,-0.2,100,"sd","09:41:05",9700
65.2,-0.2,200,"sd","09:40:23",9600
65.2,-0.2,100,"sd","09:39:43",9400
65.2,-0.2,200,"sd","09:39:00",9300
65.2,-0.2,100,"sd","09:38:20",9100
65.3,-0.1,1300,"","09:38:00",9000
65.2,-0.2,600,"bu","09:37:42",7700
65.2,-0.2,100,"sd","09:37:39",7100
65.2,-0.2,200,"sd","09:36:57",7000
65.2,-0.2,100,"sd","09:36:15",6800
65.2,-0.2,200,"sd","09:35:31",6700
65.2,-0.2,100,"sd","09:34:40",6500
65.2,-0.2,100,"sd","09:33:59",6400
65.2,-0.2,200,"sd","09:33:16",6300
65.2,-0.2,100,"sd","09:32:33",6100
65.3,-0.1,800,"sd","09:31:52",6000
65.3,-0.1,200,"sd","09:31:50",5200
65.3,-0.1,100,"sd","09:31:07",5000
65.3,-0.1,200,"sd","09:30:25",4900
65.3,-0.1,100,"sd","09:29:41",4700
65.3,-0.1,100,"sd","09:29:26",4600
65.3,-0.1,100,"sd","09:28:58",4500
65.3,-0.1,200,"sd","09:28:17",4400
65.3,-0.1,100,"sd","09:27:34",4200
65.3,-0.1,100,"sd","09:26:52",4100
65.3,-0.1,200,"sd","09:26:11",4000
65.3,-0.1,100,"sd","09:25:31",3800
65.3,-0.1,100,"sd","09:24:00",3700
65.4,0,200,"sd","09:23:19",3600
65.5,0.1,100,"sd","09:22:36",3400
65.5,0.1,100,"sd","09:21:55",3300
65.4,0,200,"sd","09:21:12",3200
65.4,0,500,"sd","09:20:56",3000
65.4,0,100,"sd","09:20:50",2500
65.4,0,100,"sd","09:20:30",2400
65.4,0,100,"sd","09:19:51",2300
65.4,0,100,"sd","09:19:48",2200
65.4,0,200,"sd","09:19:05",2100
65.4,0,400,"sd","09:18:48",1900
65.4,0,1100,"sd","09:18:20",1500
65.4,0,200,"sd","09:17:38",400
65.4,0,100,"sd","09:16:57",200
65.4,0,100,"sd","09:16:11",100
