"price","change","match_qtty","side","time","total_vol"
93.9,-0.2,49700,"","14:45:02",2335700
94,-0.1,300,"sd","14:29:55",2286000
94.1,0,1800,"bu","14:29:54",2285700
94,-0.1,700,"sd","14:29:26",2283900
94.1,0,400,"bu","14:29:25",2283200
94.1,0,500,"bu","14:29:24",2282800
94,-0.1,2100,"sd","14:29:22",2282300
94,-0.1,8600,"sd","14:29:21",2280200
94.1,0,100,"bu","14:29:20",2271600
94,-0.1,200,"sd","14:29:00",2271500
94,-0.1,7000,"sd","14:28:54",2271300
94.1,0,300,"bu","14:28:44",2264300
94,-0.1,500,"sd","14:28:43",2264000
94,-0.1,500,"sd","14:28:41",2263500
94,-0.1,1200,"sd","14:28:37",2263000
94,-0.1,1000,"sd","14:28:09",2261800
94,-0.1,300,"sd","14:28:02",2260800
94,-0.1,400,"sd","14:27:59",2260500
94.1,0,2000,"bu","14:27:36",2260100
94.1,0,6000,"sd","14:27:25",2258100
94.1,0,5200,"sd","14:26:56",2252100
94.2,0.1,200,"bu","14:26:44",2246900
94.2,0.1,2100,"sd","14:26:42",2246700
94.2,0.1,200,"sd","14:26:38",2244600
94.3,0.2,100,"bu","14:26:38",2244400
94.2,0.1,100,"sd","14:26:38",2244300
94.2,0.1,500,"sd","14:26:27",2244200
94.2,0.1,100,"sd","14:26:24",2243700
94.2,0.1,300,"sd","14:26:19",2243600
94.2,0.1,1000,"sd","14:26:13",2243300
94.2,0.1,100,"sd","14:26:08",2242300
94.2,0.1,200,"sd","14:26:01",2242200
94.2,0.1,2600,"bu","14:25:51",2242000
94.2,0.1,100,"bu","14:25:49",2239400
94.2,0.1,700,"bu","14:25:26",2239300
94.2,0.1,1000,"bu","14:25:23",2238600
94.2,0.1,900,"bu","14:25:02",2237600
94.2,0.1,1600,"bu","14:24:54",2236700
94.2,0.1,500,"bu","14:24:42",2235100
94.1,0,100,"sd","14:24:40",2234600
94.1,0,5000,"sd","14:23:20",2234500
94.1,0,100,"sd","14:23:06",2229500
94,-0.1,1000,"sd","14:22:25",2229400
94,-0.1,2900,"sd","14:22:14",2228400
94.1,0,100,"sd","14:22:14",2225500
94.1,0,900,"bu","14:22:08",2225400
94.1,0,1200,"sd","14:21:38",2224500
94.1,0,200,"sd","14:21:35",2223300
94.1,0,100,"sd","14:21:02",2223100
94.2,0.1,1000,"bu","14:21:01",2223000
94.2,0.1,100,"bu","14:20:54",2222000
94.1,0,1000,"sd","14:20:40",2221900
94.1,0,1100,"bu","14:20:33",2220900
94.1,0,300,"bu","14:20:21",2219800
94.1,0,100,"bu","14:20:12",2219500
94.1,0,200,"sd","14:19:44",2219400
94.1,0,200,"sd","14:19:37",2219200
94.1,0,200,"sd","14:19:28",2219000
94.1,0,500,"sd","14:19:24",2218800
94.1,0,1000,"sd","14:19:14",2218300
94.1,0,400,"sd","14:19:07",2217300
94.1,0,200,"sd","14:19:02",2216900
94.1,0,400,"sd","14:18:41",2216700
94.1,0,1000,"sd","14:18:17",2216300
94.1,0,1000,"sd","14:18:01",2215300
94.1,0,1200,"sd","14:17:54",2214300
94.1,0,500,"sd","14:17:51",2213100
94.1,0,600,"sd","14:17:28",2212600
94.1,0,200,"sd","14:16:59",2212000
94.1,0,100,"sd","14:16:42",2211800
94.1,0,300,"sd","14:16:20",2211700
94.1,0,200,"sd","14:16:16",2211400
94.1,0,200,"sd","14:16:15",2211200
94.1,0,1000,"sd","14:16:09",2211000
94.1,0,200,"sd","14:15:50",2210000
94.1,0,3000,"sd","14:15:48",2209800
94.1,0,200,"sd","14:15:24",2206800
94.2,0.1,11100,"sd","14:15:17",2206600
94.2,0.1,300,"sd","14:15:12",2195500
94.2,0.1,500,"sd","14:15:11",2195200
94.3,0.2,100,"bu","14:15:11",2194700
94.2,0.1,500,"sd","14:15:03",2194600
94.2,0.1,200,"sd","14:14:44",2194100
94.3,0.2,500,"bu","14:14:40",2193900
94.2,0.1,100,"sd","14:14:37",2193400
94.2,0.1,500,"sd","14:14:36",2193300
94.3,0.2,200,"bu","14:14:27",2192800
94.3,0.2,1000,"bu","14:14:22",2192600
94.2,0.1,300,"sd","14:14:19",2191600
94.3,0.2,6800,"sd","14:14:17",2191300
94.3,0.2,400,"sd","14:14:11",2184500
94.3,0.2,500,"sd","14:13:42",2184100
94.4,0.3,100,"bu","14:13:37",2183600
94.3,0.2,100,"sd","14:13:28",2183500
94.3,0.2,300,"sd","14:13:24",2183400
94.3,0.2,300,"sd","14:13:19",2183100
94.3,0.2,1800,"sd","14:13:18",2182800
94.3,0.2,300,"sd","14:13:18",2181000
94.4,0.3,1000,"bu","14:13:15",2180700
94.4,0.3,200,"bu","14:12:18",2179700
94.4,0.3,1400,"sd","14:12:12",2179500
94.4,0.3,300,"sd","14:12:10",2178100
94.4,0.3,1500,"sd","14:12:06",2177800
94.5,0.4,100,"bu","14:12:03",2176300
94.5,0.4,100,"bu","14:12:01",2176200
94.5,0.4,100,"bu","14:11:31",2176100
94.4,0.3,300,"sd","14:11:02",2176000
94.4,0.3,1000,"sd","14:10:58",2175700
94.4,0.3,100,"sd","14:10:56",2174700
94.4,0.3,100,"sd","14:10:47",2174600
94.4,0.3,500,"sd","14:10:16",2174500
94.5,0.4,100,"bu","14:10:06",2174000
94.4,0.3,12100,"bu","14:10:01",2173900
94.3,0.2,300,"sd","14:09:54",2161800
94.3,0.2,100,"sd","14:09:50",2161500
94.3,0.2,500,"sd","14:09:44",2161400
94.3,0.2,300,"sd","14:09:40",2160900
94.3,0.2,3000,"bu","14:09:38",2160600
94.3,0.2,2100,"sd","14:09:25",2157600
94.3,0.2,600,"bu","14:09:09",2155500
94.3,0.2,2600,"bu","14:09:06",2154900
94.3,0.2,500,"bu","14:08:58",2152300
94.3,0.2,200,"bu","14:08:50",2151800
94.2,0.1,300,"sd","14:08:47",2151600
94.3,0.2,300,"bu","14:08:46",2151300
94.3,0.2,500,"bu","14:08:24",2151000
94.3,0.2,300,"bu","14:08:10",2150500
94.3,0.2,200,"bu","14:08:01",2150200
94.2,0.1,300,"sd","14:07:39",2150000
94.3,0.2,1300,"bu","14:07:39",2149700
94.2,0.1,5000,"sd","14:07:38",2148400
94.3,0.2,300,"bu","14:07:38",2143400
94.3,0.2,100,"bu","14:07:31",2143100
94.3,0.2,1000,"bu","14:07:17",2143000
94.3,0.2,500,"bu","14:07:14",2142000
94.3,0.2,100,"bu","14:07:13",2141500
94.3,0.2,100,"bu","14:07:09",2141400
94.2,0.1,100,"sd","14:07:08",2141300
94.2,0.1,300,"sd","14:06:31",2141200
94.3,0.2,1000,"bu","14:06:29",2140900
94.3,0.2,100,"bu","14:06:15",2139900
94.2,0.1,200,"sd","14:06:03",2139800
94.2,0.1,3900,"bu","14:05:59",2139600
94.1,0,200,"sd","14:05:16",2135700
94.1,0,500,"sd","14:05:03",2135500
94.2,0.1,1300,"bu","14:04:54",2135000
94.1,0,500,"sd","14:04:33",2133700
94.2,0.1,100,"bu","14:04:33",2133200
94.2,0.1,1000,"bu","14:04:26",2133100
94.2,0.1,500,"bu","14:04:20",2132100
94.1,0,100,"bu","14:04:03",2131600
94.1,0,700,"bu","14:04:02",2131500
94.1,0,1000,"bu","14:04:02",2130800
94,-0.1,100,"sd","14:04:01",2129800
94.1,0,200,"bu","14:03:58",2129700
94.1,0,100,"bu","14:03:51",2129500
94.1,0,200,"bu","14:03:45",2129400
94,-0.1,100,"sd","14:03:25",2129200
94,-0.1,600,"bu","14:03:22",2129100
94,-0.1,200,"bu","14:03:21",2128500
94,-0.1,200,"bu","14:03:20",2128300
94,-0.1,1000,"bu","14:03:19",2128100
94,-0.1,300,"bu","14:03:14",2127100
94,-0.1,500,"bu","14:03:00",2126800
94,-0.1,1000,"bu","14:02:53",2126300
94,-0.1,500,"bu","14:02:44",2125300
94,-0.1,300,"bu","14:02:28",2124800
93.9,-0.2,200,"bu","14:02:28",2124500
93.9,-0.2,100,"bu","14:02:24",2124300
93.9,-0.2,100,"bu","14:02:22",2124200
93.9,-0.2,200,"bu","14:02:15",2124100
93.9,-0.2,900,"sd","14:02:09",2123900
93.9,-0.2,2000,"sd","14:02:02",2123000
93.9,-0.2,200,"sd","14:01:21",2121000
93.9,-0.2,1000,"sd","14:01:02",2120800
93.9,-0.2,700,"sd","14:00:51",2119800
94,-0.1,400,"sd","14:00:32",2119100
94,-0.1,1000,"sd","14:00:24",2118700
94,-0.1,3700,"sd","14:00:18",2117700
94.1,0,2000,"bu","14:00:07",2114000
94,-0.1,1000,"sd","14:00:05",2112000
94,-0.1,500,"sd","13:59:57",2111000
94.1,0,2900,"bu","13:59:55",2110500
94,-0.1,200,"sd","13:59:49",2107600
94,-0.1,200,"sd","13:59:36",2107400
94,-0.1,300,"sd","13:59:21",2107200
94,-0.1,100,"sd","13:59:17",2106900
94,-0.1,2000,"sd","13:59:05",2106800
94,-0.1,300,"sd","13:58:59",2104800
94,-0.1,1000,"sd","13:58:55",2104500
94,-0.1,1200,"sd","13:58:52",2103500
94,-0.1,100,"sd","13:58:49",2102300
94,-0.1,100,"sd","13:58:10",2102200
94.1,0,700,"sd","13:57:20",2102100
94.1,0,10300,"sd","13:57:12",2101400
94.1,0,20000,"sd","13:57:09",2091100
94.2,0.1,2000,"bu","13:57:07",2071100
94.2,0.1,100,"bu","13:56:43",2069100
94.1,0,100,"sd","13:56:42",2069000
94.1,0,100,"sd","13:56:36",2068900
94.1,0,2000,"sd","13:56:09",2068800
94.1,0,1000,"sd","13:56:07",2066800
94.1,0,500,"sd","13:55:59",2065800
94.1,0,300,"sd","13:55:56",2065300
94.2,0.1,1800,"sd","13:55:56",2065000
94.2,0.1,1000,"sd","13:55:52",2063200
94.2,0.1,1400,"sd","13:55:50",2062200
94.2,0.1,100,"sd","13:55:44",2060800
94.2,0.1,500,"sd","13:55:39",2060700
94.2,0.1,1000,"sd","13:55:38",2060200
94.2,0.1,100,"sd","13:55:36",2059200
94.2,0.1,300,"sd","13:55:13",2059100
94.3,0.2,100,"bu","13:55:04",2058800
94.3,0.2,500,"bu","13:54:57",2058700
94.2,0.1,1000,"sd","13:54:46",2058200
94.3,0.2,500,"bu","13:54:39",2057200
94.3,0.2,900,"bu","13:54:27",2056700
94.2,0.1,700,"sd","13:53:57",2055800
94.3,0.2,200,"bu","13:53:31",2055100
94.3,0.2,500,"bu","13:52:52",2054900
94.3,0.2,100,"bu","13:52:21",2054400
94.3,0.2,600,"bu","13:52:13",2054300
94.3,0.2,1200,"bu","13:52:04",2053700
94.2,0.1,1100,"sd","13:52:04",2052500
94.2,0.1,900,"sd","13:52:03",2051400
94.2,0.1,500,"sd","13:51:28",2050500
94.2,0.1,100,"sd","13:51:16",2050000
94.2,0.1,1000,"sd","13:51:13",2049900
94.2,0.1,500,"sd","13:50:54",2048900
94.2,0.1,500,"sd","13:50:23",2048400
94.3,0.2,1000,"bu","13:50:20",2047900
94.3,0.2,3400,"sd","13:49:38",2046900
94.4,0.3,100,"bu","13:49:33",2043500
94.3,0.2,4000,"sd","13:49:33",2043400
94.4,0.3,300,"bu","13:49:15",2039400
94.3,0.2,1000,"sd","13:49:10",2039100
94.3,0.2,1900,"sd","13:49:07",2038100
94.3,0.2,400,"sd","13:49:04",2036200
94.3,0.2,100,"sd","13:48:32",2035800
94.4,0.3,100,"bu","13:48:25",2035700
94.4,0.3,2200,"bu","13:48:08",2035600
94.4,0.3,200,"bu","13:47:32",2033400
94.4,0.3,2700,"sd","13:47:00",2033200
94.4,0.3,1700,"sd","13:46:59",2030500
94.4,0.3,1500,"sd","13:46:57",2028800
94.4,0.3,100,"sd","13:46:56",2027300
94.4,0.3,1000,"sd","13:46:42",2027200
94.4,0.3,100,"sd","13:46:05",2026200
94.4,0.3,1000,"sd","13:45:50",2026100
94.5,0.4,100,"bu","13:45:48",2025100
94.5,0.4,5500,"sd","13:45:28",2025000
94.5,0.4,1000,"sd","13:45:25",2019500
94.5,0.4,2000,"sd","13:45:13",2018500
94.5,0.4,1000,"sd","13:44:57",2016500
94.5,0.4,500,"sd","13:44:54",2015500
94.5,0.4,500,"sd","13:44:46",2015000
94.6,0.5,100,"bu","13:44:44",2014500
94.5,0.4,300,"sd","13:44:34",2014400
94.5,0.4,100,"sd","13:44:26",2014100
94.5,0.4,200,"sd","13:44:19",2014000
94.5,0.4,500,"sd","13:44:14",2013800
94.5,0.4,1000,"sd","13:43:56",2013300
94.5,0.4,2000,"bu","13:43:54",2012300
94.5,0.4,100,"bu","13:43:27",2010300
94.5,0.4,900,"sd","13:43:15",2010200
94.5,0.4,200,"sd","13:43:15",2009300
94.5,0.4,500,"sd","13:43:12",2009100
94.5,0.4,100,"sd","13:43:06",2008600
94.5,0.4,2000,"sd","13:43:00",2008500
94.5,0.4,3800,"bu","13:42:55",2006500
94.5,0.4,700,"sd","13:42:52",2002700
94.5,0.4,200,"bu","13:42:44",2002000
94.5,0.4,2800,"sd","13:42:43",2001800
94.5,0.4,100,"sd","13:42:42",1999000
94.5,0.4,2900,"sd","13:42:41",1998900
94.5,0.4,100,"sd","13:42:35",1996000
94.5,0.4,500,"sd","13:42:34",1995900
94.5,0.4,200,"sd","13:42:25",1995400
94.5,0.4,2000,"sd","13:42:24",1995200
94.5,0.4,2000,"sd","13:42:06",1993200
94.5,0.4,300,"sd","13:42:03",1991200
94.6,0.5,2400,"sd","13:41:52",1990900
94.6,0.5,500,"sd","13:41:48",1988500
94.6,0.5,2000,"sd","13:41:43",1988000
94.6,0.5,400,"sd","13:41:41",1986000
94.6,0.5,500,"sd","13:41:39",1985600
94.6,0.5,400,"sd","13:41:38",1985100
94.6,0.5,500,"sd","13:41:22",1984700
94.7,0.6,100,"bu","13:41:20",1984200
94.6,0.5,100,"sd","13:41:06",1984100
94.7,0.6,1700,"bu","13:41:06",1984000
94.6,0.5,400,"sd","13:40:55",1982300
94.7,0.6,100,"bu","13:40:53",1981900
94.7,0.6,10000,"bu","13:40:50",1981800
94.7,0.6,10000,"bu","13:40:29",1971800
94.6,0.5,1500,"bu","13:40:21",1961800
94.6,0.5,100,"bu","13:40:17",1960300
94.6,0.5,700,"bu","13:40:04",1960200
94.6,0.5,100,"bu","13:40:00",1959500
94.5,0.4,200,"sd","13:39:58",1959400
94.6,0.5,1700,"sd","13:39:57",1959200
94.6,0.5,100,"sd","13:39:54",1957500
94.6,0.5,2000,"sd","13:39:52",1957400
94.6,0.5,6700,"bu","13:39:38",1955400
94.5,0.4,100,"sd","13:39:26",1948700
94.5,0.4,3900,"bu","13:39:15",1948600
94.5,0.4,600,"bu","13:39:00",1944700
94.4,0.3,900,"bu","13:38:53",1944100
94.4,0.3,100,"bu","13:38:51",1943200
94.5,0.4,5800,"bu","13:38:24",1943100
94.4,0.3,2200,"bu","13:38:24",1937300
94.3,0.2,1400,"bu","13:38:24",1935100
94.3,0.2,800,"sd","13:37:24",1933700
94.3,0.2,1000,"sd","13:36:33",1932900
94.3,0.2,100,"sd","13:36:31",1931900
94.3,0.2,1200,"sd","13:36:26",1931800
94.3,0.2,200,"sd","13:35:55",1930600
94.5,0.4,6900,"bu","13:35:52",1930400
94.4,0.3,3600,"bu","13:35:52",1923500
94.4,0.3,300,"bu","13:35:29",1919900
94.4,0.3,100,"bu","13:35:28",1919600
94.4,0.3,400,"bu","13:35:15",1919500
94.4,0.3,700,"bu","13:35:15",1919100
94.4,0.3,1300,"bu","13:35:05",1918400
94.3,0.2,100,"bu","13:34:38",1917100
94.3,0.2,100,"bu","13:34:27",1917000
94.3,0.2,1000,"bu","13:34:26",1916900
94.3,0.2,1100,"bu","13:34:21",1915900
94.3,0.2,200,"bu","13:34:18",1914800
94.3,0.2,200,"bu","13:34:16",1914600
94.3,0.2,10000,"bu","13:34:11",1914400
94.2,0.1,100,"bu","13:33:50",1904400
94.2,0.1,100,"bu","13:33:47",1904300
94.2,0.1,100,"bu","13:33:34",1904200
94.1,0,200,"sd","13:33:33",1904100
94.2,0.1,500,"bu","13:33:30",1903900
94.1,0,100,"sd","13:33:20",1903400
94.1,0,1200,"bu","13:33:04",1903300
94.1,0,500,"bu","13:32:53",1902100
94.1,0,400,"bu","13:32:35",1901600
94.1,0,300,"bu","13:32:24",1901200
94.1,0,500,"bu","13:32:22",1900900
94.1,0,800,"bu","13:32:19",1900400
94.1,0,800,"bu","13:32:14",1899600
94.1,0,100,"bu","13:31:55",1898800
94.1,0,100,"bu","13:31:51",1898700
94.1,0,300,"bu","13:31:18",1898600
94,-0.1,400,"sd","13:31:02",1898300
94.1,0,100,"bu","13:30:53",1897900
94.1,0,400,"bu","13:30:47",1897800
94.1,0,1000,"bu","13:30:40",1897400
94.1,0,600,"sd","13:30:33",1896400
94.1,0,400,"bu","13:30:29",1895800
94.1,0,500,"bu","13:30:26",1895400
94.1,0,500,"bu","13:30:23",1894900
94.1,0,2600,"bu","13:30:17",1894400
94.1,0,300,"bu","13:30:03",1891800
94,-0.1,100,"sd","13:29:53",1891500
94.1,0,500,"bu","13:29:48",1891400
94.1,0,5000,"bu","13:29:41",1890900
94,-0.1,500,"sd","13:29:37",1885900
94.1,0,100,"bu","13:29:31",1885400
94,-0.1,1200,"sd","13:28:56",1885300
94.1,0,300,"bu","13:28:49",1884100
94,-0.1,100,"sd","13:28:42",1883800
94,-0.1,1200,"sd","13:28:38",1883700
94,-0.1,1000,"sd","13:28:30",1882500
94.1,0,100,"bu","13:28:24",1881500
94,-0.1,500,"sd","13:28:23",1881400
94,-0.1,500,"sd","13:28:22",1880900
94.1,0,3600,"sd","13:28:21",1880400
94.1,0,1000,"sd","13:28:17",1876800
94.1,0,100,"sd","13:28:15",1875800
94.2,0.1,7400,"sd","13:28:09",1875700
94.3,0.2,200,"bu","13:27:32",1868300
94.3,0.2,200,"bu","13:27:00",1868100
94.3,0.2,700,"bu","13:26:52",1867900
94.3,0.2,100,"bu","13:26:50",1867200
94.3,0.2,2000,"bu","13:26:47",1867100
94.3,0.2,200,"bu","13:26:45",1865100
94.3,0.2,1000,"bu","13:26:24",1864900
94.3,0.2,2200,"bu","13:26:06",1863900
94.3,0.2,200,"bu","13:25:41",1861700
94.2,0.1,100,"sd","13:25:40",1861500
94.3,0.2,200,"bu","13:25:36",1861400
94.2,0.1,300,"sd","13:25:36",1861200
94.3,0.2,100,"bu","13:25:35",1860900
94.2,0.1,5000,"sd","13:25:21",1860800
94.3,0.2,600,"bu","13:25:14",1855800
94.3,0.2,100,"sd","13:25:05",1855200
94.3,0.2,200,"bu","13:25:03",1855100
94.3,0.2,1700,"bu","13:24:59",1854900
94.3,0.2,4500,"sd","13:24:35",1853200
94.4,0.3,100,"bu","13:24:35",1848700
94.4,0.3,500,"bu","13:24:32",1848600
94.4,0.3,100,"bu","13:23:48",1848100
94.4,0.3,100,"bu","13:23:46",1848000
94.4,0.3,1300,"bu","13:23:34",1847900
94.4,0.3,600,"bu","13:23:34",1846600
94.4,0.3,600,"bu","13:23:18",1846000
94.4,0.3,500,"bu","13:23:14",1845400
94.3,0.2,100,"sd","13:22:51",1844900
94.3,0.2,100,"sd","13:22:39",1844800
94.3,0.2,2000,"sd","13:22:30",1844700
94.3,0.2,800,"sd","13:22:19",1842700
94.2,0.1,1100,"sd","13:22:00",1841900
94.3,0.2,500,"sd","13:22:00",1840800
94.3,0.2,100,"bu","13:21:58",1840300
94.2,0.1,700,"sd","13:21:53",1840200
94.4,0.3,600,"bu","13:21:53",1839500
94.3,0.2,600,"bu","13:21:53",1838900
94.2,0.1,3000,"sd","13:21:52",1838300
94.3,0.2,300,"bu","13:21:43",1835300
94.3,0.2,200,"sd","13:21:41",1835000
94.3,0.2,200,"sd","13:21:38",1834800
94.3,0.2,100,"bu","13:21:36",1834600
94.3,0.2,200,"sd","13:21:35",1834500
94.3,0.2,200,"sd","13:21:16",1834300
94.3,0.2,400,"sd","13:21:15",1834100
94.3,0.2,200,"sd","13:21:12",1833700
94.3,0.2,1000,"sd","13:21:07",1833500
94.3,0.2,400,"sd","13:21:04",1832500
94.3,0.2,500,"bu","13:21:03",1832100
94.3,0.2,100,"bu","13:20:54",1831600
94.3,0.2,500,"bu","13:20:50",1831500
94.3,0.2,300,"bu","13:20:42",1831000
94.3,0.2,2600,"sd","13:20:41",1830700
94.4,0.3,100,"bu","13:20:41",1828100
94.4,0.3,200,"bu","13:20:33",1828000
94.4,0.3,300,"sd","13:20:14",1827800
94.4,0.3,100,"sd","13:20:11",1827500
94.5,0.4,500,"bu","13:20:04",1827400
94.4,0.3,100,"sd","13:20:04",1826900
94.4,0.3,500,"sd","13:20:01",1826800
94.4,0.3,400,"sd","13:19:58",1826300
94.5,0.4,400,"bu","13:19:55",1825900
94.5,0.4,2000,"bu","13:19:51",1825500
94.5,0.4,300,"bu","13:19:47",1823500
94.5,0.4,300,"bu","13:19:44",1823200
94.5,0.4,1300,"bu","13:19:35",1822900
94.4,0.3,200,"sd","13:19:17",1821600
94.4,0.3,600,"bu","13:19:14",1821400
94.3,0.2,100,"sd","13:19:13",1820800
94.3,0.2,100,"sd","13:19:05",1820700
94.5,0.4,100,"bu","13:19:05",1820600
94.3,0.2,1000,"sd","13:19:01",1820500
94.4,0.3,3000,"bu","13:18:58",1819500
94.3,0.2,100,"sd","13:18:58",1816500
94.3,0.2,100,"sd","13:18:55",1816400
94.3,0.2,300,"sd","13:18:49",1816300
94.4,0.3,2000,"bu","13:18:46",1816000
94.4,0.3,4400,"sd","13:18:41",1814000
94.5,0.4,3000,"bu","13:18:36",1809600
94.5,0.4,200,"sd","13:18:32",1806600
94.6,0.5,1000,"bu","13:18:30",1806400
94.5,0.4,7500,"sd","13:18:29",1805400
94.6,0.5,1000,"sd","13:18:22",1797900
94.7,0.6,5000,"bu","13:18:22",1796900
94.6,0.5,2000,"sd","13:18:20",1791900
94.6,0.5,100,"sd","13:18:20",1789900
94.7,0.6,200,"bu","13:18:19",1789800
94.6,0.5,100,"sd","13:18:18",1789600
94.6,0.5,3000,"sd","13:18:16",1789500
94.7,0.6,900,"bu","13:18:11",1786500
94.6,0.5,600,"sd","13:18:10",1785600
94.7,0.6,500,"bu","13:18:06",1785000
94.6,0.5,2000,"sd","13:18:05",1784500
94.7,0.6,2900,"sd","13:18:00",1782500
94.8,0.7,1600,"sd","13:17:58",1779600
94.8,0.7,100,"sd","13:17:58",1778000
94.8,0.7,300,"sd","13:17:56",1777900
94.8,0.7,100,"sd","13:17:52",1777600
94.8,0.7,1000,"bu","13:17:49",1777500
94.8,0.7,7200,"bu","13:17:48",1776500
94.7,0.6,100,"sd","13:17:48",1769300
94.8,0.7,700,"bu","13:17:48",1769200
94.8,0.7,4200,"bu","13:17:46",1768500
94.8,0.7,10000,"bu","13:17:44",1764300
94.8,0.7,700,"bu","13:17:44",1754300
94.8,0.7,100,"bu","13:17:43",1753600
94.8,0.7,500,"bu","13:17:39",1753500
94.7,0.6,100,"sd","13:17:39",1753000
94.8,0.7,300,"bu","13:17:37",1752900
94.8,0.7,600,"bu","13:17:36",1752600
94.7,0.6,200,"sd","13:17:34",1752000
94.8,0.7,5000,"bu","13:17:34",1751800
94.8,0.7,1200,"bu","13:17:32",1746800
94.8,0.7,100,"bu","13:17:29",1745600
94.7,0.6,500,"sd","13:17:29",1745500
94.7,0.6,3000,"sd","13:17:28",1745000
94.8,0.7,200,"bu","13:17:27",1742000
94.8,0.7,300,"bu","13:17:20",1741800
94.7,0.6,13600,"bu","13:17:19",1741300
94.7,0.6,500,"bu","13:17:16",1727700
94.7,0.6,100,"bu","13:17:15",1727200
94.7,0.6,1000,"bu","13:17:12",1727100
94.6,0.5,100,"sd","13:17:11",1726100
94.6,0.5,100,"sd","13:17:10",1726000
94.6,0.5,1100,"sd","13:17:07",1725900
94.6,0.5,2200,"bu","13:17:03",1724800
94.6,0.5,1200,"bu","13:17:03",1722600
94.6,0.5,1100,"bu","13:17:01",1721400
94.6,0.5,100,"bu","13:17:00",1720300
94.6,0.5,100,"bu","13:16:58",1720200
94.6,0.5,500,"bu","13:16:57",1720100
94.5,0.4,600,"bu","13:16:50",1719600
94.5,0.4,500,"bu","13:16:50",1719000
94.5,0.4,100,"bu","13:16:49",1718500
94.5,0.4,18200,"bu","13:16:44",1718400
94.4,0.3,1800,"bu","13:16:44",1700200
94.4,0.3,5300,"bu","13:16:43",1698400
94.4,0.3,1000,"bu","13:16:42",1693100
94.4,0.3,1000,"bu","13:16:41",1692100
94.4,0.3,1000,"bu","13:16:36",1691100
94.3,0.2,1000,"sd","13:16:33",1690100
94.3,0.2,2300,"bu","13:16:27",1689100
94.2,0.1,1100,"sd","13:16:26",1686800
94.2,0.1,1000,"sd","13:16:19",1685700
94.2,0.1,2100,"bu","13:16:18",1684700
94.2,0.1,200,"bu","13:16:16",1682600
94.2,0.1,600,"bu","13:16:15",1682400
94.2,0.1,100,"bu","13:16:12",1681800
94.2,0.1,600,"bu","13:16:10",1681700
94.1,0,500,"sd","13:16:07",1681100
94.1,0,7900,"bu","13:16:05",1680600
94.1,0,700,"bu","13:16:04",1672700
94.1,0,100,"bu","13:16:03",1672000
94.1,0,300,"bu","13:16:00",1671900
94,-0.1,500,"sd","13:15:55",1671600
94.1,0,2000,"bu","13:15:55",1671100
94,-0.1,200,"sd","13:15:53",1669100
94,-0.1,400,"sd","13:15:48",1668900
94,-0.1,5100,"bu","13:15:42",1668500
94,-0.1,5000,"bu","13:15:41",1663400
94,-0.1,100,"bu","13:15:40",1658400
93.9,-0.2,1000,"sd","13:15:39",1658300
94,-0.1,2200,"bu","13:15:35",1657300
94,-0.1,100,"bu","13:15:34",1655100
93.9,-0.2,300,"sd","13:15:32",1655000
93.9,-0.2,700,"bu","13:15:30",1654700
93.9,-0.2,300,"bu","13:15:29",1654000
93.9,-0.2,500,"bu","13:15:27",1653700
93.9,-0.2,200,"bu","13:15:27",1653200
93.9,-0.2,500,"bu","13:15:23",1653000
93.9,-0.2,3000,"bu","13:15:19",1652500
93.9,-0.2,7000,"bu","13:15:09",1649500
93.8,-0.3,2100,"bu","13:15:08",1642500
93.8,-0.3,800,"bu","13:15:05",1640400
93.8,-0.3,3700,"bu","13:15:00",1639600
93.8,-0.3,100,"bu","13:15:00",1635900
93.7,-0.4,2000,"sd","13:14:59",1635800
93.8,-0.3,5000,"bu","13:14:49",1633800
93.8,-0.3,100,"bu","13:14:46",1628800
93.7,-0.4,300,"bu","13:14:41",1628700
93.7,-0.4,1000,"bu","13:14:37",1628400
93.7,-0.4,100,"bu","13:14:35",1627400
93.7,-0.4,100,"bu","13:14:33",1627300
93.7,-0.4,100,"bu","13:14:29",1627200
93.7,-0.4,1000,"bu","13:14:28",1627100
93.6,-0.5,2900,"bu","13:14:23",1626100
93.6,-0.5,10000,"bu","13:14:22",1623200
93.5,-0.6,1000,"sd","13:13:59",1613200
93.5,-0.6,200,"sd","13:13:42",1612200
93.5,-0.6,3500,"bu","13:13:21",1612000
93.5,-0.6,1000,"bu","13:13:18",1608500
93.4,-0.7,100,"sd","13:13:09",1607500
93.5,-0.6,6200,"bu","13:12:54",1607400
93.5,-0.6,1200,"bu","13:12:51",1601200
93.4,-0.7,200,"sd","13:12:47",1600000
93.4,-0.7,400,"sd","13:12:23",1599800
93.4,-0.7,700,"bu","13:12:07",1599400
93.4,-0.7,200,"bu","13:12:02",1598700
93.4,-0.7,400,"bu","13:11:57",1598500
93.4,-0.7,300,"bu","13:11:50",1598100
93.4,-0.7,100,"bu","13:11:46",1597800
93.4,-0.7,500,"bu","13:11:45",1597700
93.4,-0.7,5000,"bu","13:11:43",1597200
93.4,-0.7,100,"bu","13:11:37",1592200
93.4,-0.7,200,"bu","13:11:33",1592100
93.4,-0.7,800,"bu","13:11:31",1591900
93.4,-0.7,700,"bu","13:11:28",1591100
93.3,-0.8,1000,"sd","13:11:28",1590400
93.4,-0.7,300,"bu","13:11:27",1589400
93.4,-0.7,1000,"bu","13:11:24",1589100
93.4,-0.7,100,"bu","13:11:10",1588100
93.4,-0.7,100,"bu","13:10:49",1588000
93.4,-0.7,400,"bu","13:10:25",1587900
93.4,-0.7,600,"bu","13:10:17",1587500
93.4,-0.7,500,"bu","13:10:16",1586900
93.3,-0.8,700,"sd","13:10:09",1586400
93.4,-0.7,3000,"bu","13:09:58",1585700
93.3,-0.8,100,"sd","13:09:48",1582700
93.4,-0.7,100,"bu","13:09:44",1582600
93.4,-0.7,100,"bu","13:09:40",1582500
93.3,-0.8,10400,"sd","13:09:36",1582400
93.3,-0.8,200,"sd","13:08:37",1572000
93.3,-0.8,200,"sd","13:08:21",1571800
93.3,-0.8,6600,"sd","13:08:10",1571600
93.3,-0.8,1000,"sd","13:08:09",1565000
93.3,-0.8,500,"sd","13:08:01",1564000
93.4,-0.7,100,"bu","13:07:55",1563500
93.4,-0.7,2000,"bu","13:07:52",1563400
93.3,-0.8,200,"sd","13:07:48",1561400
93.3,-0.8,4000,"sd","13:07:09",1561200
93.4,-0.7,200,"bu","13:07:07",1557200
93.4,-0.7,100,"bu","13:07:06",1557000
93.3,-0.8,400,"sd","13:06:59",1556900
93.3,-0.8,1000,"sd","13:06:41",1556500
93.3,-0.8,2000,"sd","13:06:40",1555500
93.4,-0.7,200,"bu","13:06:36",1553500
93.4,-0.7,100,"bu","13:06:27",1553300
93.4,-0.7,100,"bu","13:06:09",1553200
93.4,-0.7,1000,"bu","13:06:01",1553100
93.4,-0.7,1000,"bu","13:06:00",1552100
93.4,-0.7,2000,"bu","13:05:30",1551100
93.3,-0.8,500,"sd","13:05:30",1549100
93.4,-0.7,100,"bu","13:05:09",1548600
93.4,-0.7,300,"bu","13:05:01",1548500
93.3,-0.8,1000,"sd","13:05:01",1548200
93.4,-0.7,100,"bu","13:05:01",1547200
93.4,-0.7,100,"bu","13:04:57",1547100
93.4,-0.7,100,"bu","13:04:30",1547000
93.4,-0.7,1000,"bu","13:04:25",1546900
93.3,-0.8,200,"sd","13:04:08",1545900
93.3,-0.8,100,"sd","13:04:06",1545700
93.3,-0.8,100,"sd","13:03:45",1545600
93.3,-0.8,400,"bu","13:03:32",1545500
93.3,-0.8,100,"bu","13:03:31",1545100
93.3,-0.8,200,"bu","13:03:12",1545000
93.3,-0.8,100,"bu","13:02:59",1544800
93.3,-0.8,100,"bu","13:02:47",1544700
93.3,-0.8,100,"bu","13:02:42",1544600
93.3,-0.8,400,"bu","13:02:38",1544500
93.2,-0.9,200,"sd","13:02:37",1544100
93.3,-0.8,600,"bu","13:02:33",1543900
93.3,-0.8,100,"bu","13:02:30",1543300
93.3,-0.8,300,"bu","13:02:24",1543200
93.3,-0.8,200,"bu","13:02:17",1542900
93.3,-0.8,300,"bu","13:02:11",1542700
93.3,-0.8,200,"bu","13:02:06",1542400
93.3,-0.8,700,"bu","13:02:03",1542200
93.2,-0.9,200,"sd","13:01:59",1541500
93.2,-0.9,1000,"sd","13:01:57",1541300
93.2,-0.9,9000,"sd","13:01:51",1540300
93.3,-0.8,300,"bu","13:01:42",1531300
93.2,-0.9,1000,"sd","13:01:26",1531000
93.2,-0.9,400,"sd","13:01:05",1530000
93.3,-0.8,200,"bu","13:01:05",1529600
93.3,-0.8,1500,"bu","13:01:02",1529400
93.3,-0.8,500,"bu","13:00:48",1527900
93.3,-0.8,300,"bu","13:00:48",1527400
93.3,-0.8,400,"bu","13:00:47",1527100
93.3,-0.8,1000,"bu","13:00:40",1526700
93.3,-0.8,300,"bu","13:00:27",1525700
93.2,-0.9,100,"sd","13:00:26",1525400
93.2,-0.9,800,"sd","13:00:23",1525300
93.2,-0.9,800,"sd","13:00:20",1524500
93.2,-0.9,500,"sd","13:00:19",1523700
93.2,-0.9,5500,"sd","13:00:17",1523200
93.2,-0.9,200,"sd","13:00:14",1517700
93.3,-0.8,100,"sd","13:00:14",1517500
93.2,-0.9,400,"sd","13:00:11",1517400
93.2,-0.9,5600,"sd","13:00:11",1517000
93.3,-0.8,2900,"sd","13:00:10",1511400
93.3,-0.8,1000,"sd","13:00:08",1508500
93.4,-0.7,2000,"bu","13:00:03",1507500
93.3,-0.8,6900,"sd","13:00:02",1505500
93.3,-0.8,100,"sd","13:00:02",1498600
93.3,-0.8,100,"sd","13:00:01",1498500
93.3,-0.8,100,"sd","13:00:00",1498400
93.3,-0.8,11000,"bu","13:00:00",1498300
93.2,-0.9,300,"sd","13:00:00",1487300
93.2,-0.9,2000,"sd","11:29:55",1487000
93.3,-0.8,500,"bu","11:29:54",1485000
93.2,-0.9,500,"sd","11:29:52",1484500
93.3,-0.8,100,"bu","11:29:44",1484000
93.2,-0.9,10000,"sd","11:29:28",1483900
93.2,-0.9,3000,"sd","11:29:09",1473900
93.3,-0.8,100,"bu","11:28:58",1470900
93.3,-0.8,100,"bu","11:28:46",1470800
93.3,-0.8,100,"bu","11:28:41",1470700
93.3,-0.8,300,"bu","11:28:38",1470600
93.3,-0.8,300,"bu","11:28:23",1470300
93.3,-0.8,100,"bu","11:28:21",1470000
93.3,-0.8,500,"bu","11:28:20",1469900
93.3,-0.8,1000,"bu","11:28:18",1469400
93.3,-0.8,1000,"bu","11:27:58",1468400
93.2,-0.9,2000,"sd","11:27:48",1467400
93.3,-0.8,100,"bu","11:27:45",1465400
93.3,-0.8,100,"bu","11:27:43",1465300
93.3,-0.8,100,"bu","11:27:31",1465200
93.3,-0.8,100,"bu","11:27:21",1465100
93.3,-0.8,100,"bu","11:27:14",1465000
93.3,-0.8,3000,"sd","11:26:58",1464900
93.3,-0.8,300,"sd","11:26:56",1461900
93.3,-0.8,300,"sd","11:26:46",1461600
93.3,-0.8,700,"sd","11:26:26",1461300
93.3,-0.8,100,"sd","11:26:22",1460600
93.3,-0.8,3100,"sd","11:26:09",1460500
93.3,-0.8,1000,"sd","11:25:54",1457400
93.3,-0.8,100,"sd","11:25:49",1456400
93.3,-0.8,100,"sd","11:25:29",1456300
93.3,-0.8,1500,"bu","11:25:28",1456200
93.3,-0.8,8200,"sd","11:25:27",1454400
93.3,-0.8,600,"sd","11:25:03",1446200
93.4,-0.7,400,"bu","11:25:00",1445600
93.3,-0.8,500,"sd","11:24:29",1445200
93.3,-0.8,300,"sd","11:24:09",1444700
93.3,-0.8,1800,"sd","11:24:07",1444400
93.3,-0.8,100,"sd","11:24:06",1442600
93.4,-0.7,7000,"bu","11:24:06",1442500
93.3,-0.8,2000,"sd","11:23:58",1435500
93.3,-0.8,2000,"sd","11:23:52",1433500
93.3,-0.8,2000,"sd","11:23:47",1431500
93.3,-0.8,300,"sd","11:23:37",1429500
93.3,-0.8,500,"sd","11:23:36",1429200
93.3,-0.8,300,"sd","11:23:07",1428700
93.3,-0.8,1200,"sd","11:23:05",1428400
93.3,-0.8,700,"sd","11:22:54",1427200
93.3,-0.8,200,"sd","11:22:45",1426500
93.3,-0.8,11600,"bu","11:22:18",1426300
93.2,-0.9,200,"sd","11:22:12",1414700
93.3,-0.8,200,"bu","11:22:10",1414500
93.2,-0.9,100,"sd","11:21:51",1414300
93.2,-0.9,2000,"sd","11:21:45",1414200
93.3,-0.8,300,"bu","11:21:44",1412200
93.2,-0.9,100,"sd","11:21:42",1411900
93.3,-0.8,900,"bu","11:21:42",1411800
93.3,-0.8,100,"bu","11:21:40",1410900
93.3,-0.8,100,"bu","11:21:39",1410800
93.3,-0.8,100,"bu","11:21:33",1410700
93.2,-0.9,400,"sd","11:21:32",1410600
93.2,-0.9,1000,"sd","11:21:31",1410200
93.3,-0.8,1000,"bu","11:21:29",1409200
93.3,-0.8,400,"bu","11:21:26",1408200
93.3,-0.8,400,"bu","11:21:23",1407800
93.3,-0.8,100,"bu","11:21:21",1407400
93.3,-0.8,5000,"bu","11:21:09",1407300
93.3,-0.8,300,"bu","11:21:08",1402300
93.3,-0.8,100,"bu","11:21:05",1402000
93.3,-0.8,500,"bu","11:21:04",1401900
93.3,-0.8,300,"bu","11:20:59",1401400
93.3,-0.8,100,"bu","11:20:50",1401100
93.3,-0.8,400,"bu","11:20:49",1401000
93.3,-0.8,900,"bu","11:20:41",1400600
93.3,-0.8,900,"bu","11:20:40",1399700
93.3,-0.8,18900,"sd","11:20:34",1398800
93.3,-0.8,5400,"sd","11:20:28",1379900
93.4,-0.7,600,"bu","11:20:25",1374500
93.4,-0.7,300,"bu","11:20:13",1373900
93.4,-0.7,500,"bu","11:20:12",1373600
93.3,-0.8,3400,"sd","11:20:06",1373100
93.3,-0.8,100,"sd","11:20:00",1369700
93.3,-0.8,10000,"sd","11:19:54",1369600
93.4,-0.7,1100,"bu","11:19:52",1359600
93.3,-0.8,1000,"sd","11:19:51",1358500
93.4,-0.7,2000,"bu","11:19:45",1357500
93.3,-0.8,500,"sd","11:19:41",1355500
93.3,-0.8,9500,"sd","11:19:40",1355000
93.4,-0.7,200,"bu","11:19:36",1345500
93.4,-0.7,100,"bu","11:19:30",1345300
93.4,-0.7,300,"bu","11:19:24",1345200
93.4,-0.7,300,"bu","11:19:23",1344900
93.4,-0.7,300,"sd","11:19:23",1344600
93.4,-0.7,300,"bu","11:19:20",1344300
93.3,-0.8,10000,"sd","11:19:17",1344000
93.4,-0.7,1000,"bu","11:19:14",1334000
93.4,-0.7,200,"bu","11:19:12",1333000
93.4,-0.7,500,"bu","11:19:10",1332800
93.3,-0.8,8000,"sd","11:19:09",1332300
93.4,-0.7,300,"bu","11:19:05",1324300
93.3,-0.8,8000,"sd","11:19:04",1324000
93.4,-0.7,300,"bu","11:19:01",1316000
93.4,-0.7,100,"bu","11:18:58",1315700
93.4,-0.7,100,"bu","11:18:50",1315600
93.4,-0.7,500,"bu","11:18:40",1315500
93.4,-0.7,2700,"sd","11:18:37",1315000
93.4,-0.7,200,"bu","11:18:22",1312300
93.4,-0.7,500,"bu","11:18:21",1312100
93.4,-0.7,100,"bu","11:18:20",1311600
93.4,-0.7,100,"bu","11:18:16",1311500
93.4,-0.7,100,"bu","11:18:13",1311400
93.4,-0.7,500,"bu","11:18:12",1311300
93.4,-0.7,2000,"bu","11:18:11",1310800
93.4,-0.7,100,"bu","11:18:10",1308800
93.4,-0.7,6000,"bu","11:18:06",1308700
93.4,-0.7,100,"bu","11:18:00",1302700
93.4,-0.7,1500,"bu","11:17:55",1302600
93.4,-0.7,100,"bu","11:17:49",1301100
93.3,-0.8,200,"sd","11:17:30",1301000
93.3,-0.8,1000,"sd","11:17:21",1300800
93.4,-0.7,200,"bu","11:17:16",1299800
93.4,-0.7,100,"bu","11:17:08",1299600
93.4,-0.7,600,"bu","11:16:58",1299500
93.4,-0.7,100,"bu","11:16:56",1298900
93.4,-0.7,200,"bu","11:16:51",1298800
93.4,-0.7,100,"bu","11:16:43",1298600
93.4,-0.7,500,"bu","11:16:40",1298500
93.4,-0.7,100,"bu","11:16:37",1298000
93.4,-0.7,100,"bu","11:16:30",1297900
93.4,-0.7,200,"bu","11:16:28",1297800
93.4,-0.7,900,"bu","11:16:26",1297600
93.4,-0.7,100,"bu","11:16:22",1296700
93.4,-0.7,3000,"bu","11:16:18",1296600
93.4,-0.7,200,"bu","11:16:16",1293600
93.4,-0.7,1000,"bu","11:16:15",1293400
93.4,-0.7,100,"bu","11:15:59",1292400
93.4,-0.7,500,"bu","11:15:56",1292300
93.4,-0.7,1000,"bu","11:15:54",1291800
93.4,-0.7,2000,"bu","11:15:49",1290800
93.4,-0.7,100,"bu","11:15:47",1288800
93.4,-0.7,500,"bu","11:15:45",1288700
93.4,-0.7,300,"bu","11:15:44",1288200
93.4,-0.7,800,"bu","11:15:44",1287900
93.4,-0.7,1000,"bu","11:15:43",1287100
93.4,-0.7,400,"bu","11:15:41",1286100
93.4,-0.7,100,"bu","11:15:40",1285700
93.4,-0.7,500,"bu","11:15:39",1285600
93.4,-0.7,10000,"bu","11:15:36",1285100
93.4,-0.7,300,"bu","11:15:31",1275100
93.4,-0.7,200,"bu","11:15:30",1274800
93.4,-0.7,1000,"bu","11:15:28",1274600
93.4,-0.7,300,"bu","11:15:26",1273600
93.4,-0.7,2000,"bu","11:15:26",1273300
93.4,-0.7,100,"bu","11:15:22",1271300
93.4,-0.7,100,"bu","11:15:20",1271200
93.4,-0.7,200,"bu","11:15:20",1271100
93.4,-0.7,1000,"bu","11:15:18",1270900
93.4,-0.7,800,"bu","11:15:18",1269900
93.4,-0.7,4600,"bu","11:15:14",1269100
93.4,-0.7,500,"bu","11:15:14",1264500
93.4,-0.7,100,"bu","11:15:12",1264000
93.4,-0.7,100,"bu","11:15:10",1263900
93.4,-0.7,300,"bu","11:15:03",1263800
93.4,-0.7,100,"bu","11:15:00",1263500
93.4,-0.7,200,"bu","11:14:53",1263400
93.4,-0.7,1000,"bu","11:14:52",1263200
93.4,-0.7,1000,"bu","11:14:50",1262200
93.4,-0.7,200,"bu","11:14:48",1261200
93.4,-0.7,100,"bu","11:14:41",1261000
93.3,-0.8,1000,"sd","11:14:41",1260900
93.4,-0.7,500,"bu","11:14:41",1259900
93.4,-0.7,200,"bu","11:14:40",1259400
93.4,-0.7,200,"bu","11:14:40",1259200
93.4,-0.7,100,"bu","11:14:39",1259000
93.4,-0.7,400,"bu","11:14:36",1258900
93.4,-0.7,900,"bu","11:14:18",1258500
93.4,-0.7,1000,"bu","11:14:06",1257600
93.3,-0.8,100,"sd","11:14:02",1256600
93.3,-0.8,1000,"sd","11:13:55",1256500
93.3,-0.8,6000,"sd","11:13:53",1255500
93.3,-0.8,1500,"sd","11:13:37",1249500
93.3,-0.8,300,"sd","11:13:36",1248000
93.3,-0.8,7400,"sd","11:13:28",1247700
93.3,-0.8,400,"sd","11:13:03",1240300
93.4,-0.7,600,"bu","11:12:58",1239900
93.3,-0.8,100,"sd","11:12:55",1239300
93.3,-0.8,1000,"sd","11:12:52",1239200
93.4,-0.7,1000,"bu","11:12:34",1238200
93.4,-0.7,2000,"bu","11:12:29",1237200
93.4,-0.7,1000,"bu","11:12:16",1235200
93.4,-0.7,900,"bu","11:12:11",1234200
93.4,-0.7,300,"bu","11:12:10",1233300
93.4,-0.7,1300,"bu","11:11:55",1233000
93.4,-0.7,400,"bu","11:11:54",1231700
93.4,-0.7,4100,"sd","11:11:40",1231300
93.4,-0.7,1000,"sd","11:11:32",1227200
93.4,-0.7,40000,"sd","11:11:29",1226200
93.4,-0.7,100,"sd","11:10:55",1186200
93.4,-0.7,1000,"sd","11:10:36",1186100
93.4,-0.7,1000,"sd","11:10:15",1185100
93.4,-0.7,300,"sd","11:09:20",1184100
93.5,-0.6,100,"bu","11:09:20",1183800
93.5,-0.6,100,"bu","11:09:12",1183700
93.5,-0.6,100,"bu","11:09:04",1183600
93.4,-0.7,2000,"sd","11:09:02",1183500
93.5,-0.6,100,"bu","11:08:59",1181500
93.5,-0.6,100,"bu","11:08:48",1181400
93.5,-0.6,2000,"bu","11:08:41",1181300
93.5,-0.6,1300,"bu","11:08:32",1179300
93.5,-0.6,500,"bu","11:08:21",1178000
93.5,-0.6,900,"bu","11:08:11",1177500
93.5,-0.6,300,"bu","11:08:02",1176600
93.4,-0.7,5000,"sd","11:08:00",1176300
93.5,-0.6,100,"bu","11:07:56",1171300
93.5,-0.6,900,"bu","11:07:55",1171200
93.5,-0.6,2000,"bu","11:07:39",1170300
93.5,-0.6,100,"bu","11:07:25",1168300
93.5,-0.6,600,"sd","11:07:12",1168200
93.5,-0.6,500,"sd","11:07:11",1167600
93.5,-0.6,9100,"sd","11:07:08",1167100
93.5,-0.6,900,"sd","11:07:08",1158000
93.5,-0.6,900,"sd","11:07:07",1157100
93.5,-0.6,1000,"sd","11:07:06",1156200
93.5,-0.6,1000,"sd","11:07:04",1155200
93.5,-0.6,3800,"sd","11:07:02",1154200
93.5,-0.6,2500,"sd","11:07:01",1150400
93.5,-0.6,2500,"sd","11:06:58",1147900
93.5,-0.6,100,"sd","11:06:54",1145400
93.5,-0.6,1000,"sd","11:06:42",1145300
93.5,-0.6,1500,"sd","11:06:36",1144300
93.5,-0.6,2000,"sd","11:06:20",1142800
93.5,-0.6,3000,"sd","11:06:13",1140800
93.6,-0.5,100,"bu","11:06:00",1137800
93.6,-0.5,900,"bu","11:05:48",1137700
93.6,-0.5,300,"bu","11:05:39",1136800
93.5,-0.6,1000,"sd","11:05:25",1136500
93.5,-0.6,100,"sd","11:05:10",1135500
93.5,-0.6,200,"sd","11:05:10",1135400
93.5,-0.6,1000,"sd","11:05:06",1135200
93.5,-0.6,700,"sd","11:05:00",1134200
93.5,-0.6,500,"sd","11:04:53",1133500
93.5,-0.6,3000,"sd","11:04:46",1133000
93.5,-0.6,1000,"sd","11:04:44",1130000
93.5,-0.6,5000,"sd","11:04:19",1129000
93.5,-0.6,2000,"sd","11:04:08",1124000
93.6,-0.5,900,"bu","11:03:40",1122000
93.6,-0.5,2100,"sd","11:02:25",1121100
93.6,-0.5,5000,"sd","11:02:24",1119000
93.6,-0.5,5000,"sd","11:02:20",1114000
93.6,-0.5,2500,"sd","11:02:18",1109000
93.6,-0.5,3000,"sd","11:02:17",1106500
93.6,-0.5,5000,"sd","11:02:17",1103500
93.6,-0.5,1500,"sd","11:02:10",1098500
93.6,-0.5,1500,"sd","11:02:06",1097000
93.6,-0.5,3000,"sd","11:02:05",1095500
93.6,-0.5,2000,"sd","11:01:50",1092500
93.7,-0.4,2000,"bu","11:01:41",1090500
93.6,-0.5,2000,"sd","11:01:03",1088500
93.6,-0.5,2000,"sd","11:01:00",1086500
93.7,-0.4,500,"bu","11:00:56",1084500
93.7,-0.4,100,"bu","11:00:53",1084000
93.6,-0.5,300,"sd","11:00:37",1083900
93.6,-0.5,500,"sd","11:00:29",1083600
93.6,-0.5,1000,"sd","11:00:00",1083100
93.7,-0.4,1000,"bu","10:59:36",1082100
93.7,-0.4,900,"bu","10:59:25",1081100
93.7,-0.4,200,"bu","10:58:53",1080200
93.7,-0.4,100,"bu","10:58:43",1080000
93.7,-0.4,1000,"bu","10:58:30",1079900
93.7,-0.4,100,"bu","10:58:17",1078900
93.6,-0.5,1600,"sd","10:57:49",1078800
93.6,-0.5,1000,"sd","10:56:58",1077200
93.7,-0.4,30700,"sd","10:55:39",1076200
93.8,-0.3,500,"bu","10:55:18",1045500
93.7,-0.4,1000,"sd","10:55:09",1045000
93.7,-0.4,400,"sd","10:55:05",1044000
93.7,-0.4,600,"sd","10:54:19",1043600
93.7,-0.4,9800,"bu","10:53:53",1043000
93.7,-0.4,200,"sd","10:53:31",1033200
93.7,-0.4,500,"sd","10:53:30",1033000
93.7,-0.4,2900,"bu","10:53:18",1032500
93.7,-0.4,300,"bu","10:53:17",1029600
93.7,-0.4,5000,"bu","10:53:16",1029300
93.7,-0.4,300,"bu","10:53:11",1024300
93.7,-0.4,1000,"bu","10:53:08",1024000
93.7,-0.4,900,"bu","10:53:02",1023000
93.7,-0.4,100,"bu","10:52:52",1022100
93.7,-0.4,600,"bu","10:52:13",1022000
93.7,-0.4,900,"bu","10:52:12",1021400
93.6,-0.5,700,"sd","10:52:12",1020500
93.7,-0.4,200,"bu","10:52:11",1019800
93.7,-0.4,200,"bu","10:52:04",1019600
93.6,-0.5,500,"sd","10:52:04",1019400
93.7,-0.4,100,"bu","10:51:59",1018900
93.7,-0.4,200,"bu","10:51:30",1018800
93.6,-0.5,1000,"sd","10:51:12",1018600
93.6,-0.5,1000,"sd","10:50:49",1017600
93.7,-0.4,100,"bu","10:50:10",1016600
93.6,-0.5,1000,"sd","10:50:09",1016500
93.7,-0.4,100,"bu","10:49:46",1015500
93.7,-0.4,100,"bu","10:49:28",1015400
93.7,-0.4,1000,"bu","10:49:27",1015300
93.7,-0.4,100,"bu","10:49:15",1014300
93.7,-0.4,100,"bu","10:49:08",1014200
93.6,-0.5,1000,"sd","10:49:07",1014100
93.7,-0.4,300,"bu","10:48:55",1013100
93.7,-0.4,300,"bu","10:48:54",1012800
93.7,-0.4,900,"bu","10:48:47",1012500
93.7,-0.4,100,"bu","10:48:41",1011600
93.7,-0.4,100,"bu","10:48:35",1011500
93.7,-0.4,1000,"bu","10:48:33",1011400
93.7,-0.4,4600,"sd","10:48:29",1010400
93.7,-0.4,5500,"sd","10:48:16",1005800
93.8,-0.3,100,"bu","10:48:03",995800
93.8,-0.3,200,"bu","10:47:53",995700
93.8,-0.3,1000,"bu","10:47:41",995500
93.8,-0.3,100,"bu","10:47:30",994500
93.8,-0.3,300,"bu","10:47:26",994400
93.8,-0.3,100,"sd","10:47:17",994100
93.9,-0.2,1000,"bu","10:47:00",994000
93.8,-0.3,1000,"sd","10:46:44",993000
93.8,-0.3,100,"sd","10:46:40",992000
93.8,-0.3,700,"bu","10:46:39",991900
93.8,-0.3,200,"bu","10:46:29",991200
93.8,-0.3,1100,"sd","10:46:10",991000
93.8,-0.3,3000,"sd","10:45:54",989900
93.8,-0.3,1000,"sd","10:45:46",986900
93.8,-0.3,4000,"sd","10:45:43",985900
93.9,-0.2,500,"bu","10:45:38",981900
93.8,-0.3,500,"sd","10:44:19",981400
93.8,-0.3,1300,"bu","10:43:54",980900
93.7,-0.4,100,"sd","10:43:42",979600
93.8,-0.3,200,"bu","10:43:13",979500
93.7,-0.4,1000,"sd","10:43:11",979300
93.8,-0.3,200,"bu","10:43:11",978300
93.8,-0.3,8000,"bu","10:43:05",978100
93.7,-0.4,500,"sd","10:43:00",970100
93.8,-0.3,100,"bu","10:42:33",969600
93.8,-0.3,900,"bu","10:42:24",969500
93.8,-0.3,1000,"bu","10:42:13",968600
93.7,-0.4,200,"sd","10:42:04",967600
93.8,-0.3,1000,"bu","10:41:54",967400
93.7,-0.4,1000,"sd","10:41:29",966400
93.8,-0.3,100,"bu","10:41:16",965400
93.8,-0.3,100,"bu","10:41:01",965300
93.8,-0.3,1000,"bu","10:40:54",965200
93.8,-0.3,100,"bu","10:40:51",964200
93.8,-0.3,200,"bu","10:40:47",964100
93.8,-0.3,500,"bu","10:40:42",963900
93.8,-0.3,200,"bu","10:40:22",963400
93.8,-0.3,900,"bu","10:40:17",963200
93.8,-0.3,100,"bu","10:40:01",962300
93.8,-0.3,300,"bu","10:39:38",962200
93.8,-0.3,1000,"bu","10:39:32",961900
93.8,-0.3,1000,"bu","10:39:26",960900
93.7,-0.4,1500,"sd","10:39:01",959900
93.8,-0.3,900,"bu","10:38:09",958400
93.8,-0.3,1000,"bu","10:38:03",957500
93.8,-0.3,100,"bu","10:37:32",956500
93.8,-0.3,1000,"bu","10:37:08",956400
93.7,-0.4,2000,"sd","10:37:06",955400
93.7,-0.4,5000,"sd","10:36:18",953400
93.7,-0.4,200,"sd","10:35:41",948400
93.7,-0.4,4000,"sd","10:35:30",948200
93.8,-0.3,1000,"bu","10:35:27",944200
93.7,-0.4,1000,"sd","10:35:26",943200
93.7,-0.4,7900,"bu","10:35:10",942200
93.7,-0.4,100,"bu","10:35:08",934300
93.7,-0.4,100,"bu","10:35:07",934200
93.7,-0.4,200,"bu","10:35:04",934100
93.7,-0.4,1200,"bu","10:35:03",933900
93.7,-0.4,500,"bu","10:35:00",932700
93.7,-0.4,100,"bu","10:34:55",932200
93.7,-0.4,500,"bu","10:34:50",932100
93.7,-0.4,2500,"bu","10:34:41",931600
93.7,-0.4,1000,"bu","10:34:21",929100
93.7,-0.4,900,"bu","10:33:54",928100
93.7,-0.4,500,"bu","10:33:46",927200
93.6,-0.5,100,"sd","10:33:40",926700
93.7,-0.4,100,"bu","10:33:25",926600
93.6,-0.5,600,"sd","10:33:19",926500
93.7,-0.4,1000,"bu","10:33:18",925900
93.7,-0.4,500,"bu","10:33:16",924900
93.7,-0.4,100,"bu","10:33:05",924400
93.7,-0.4,500,"bu","10:32:50",924300
93.6,-0.5,1000,"sd","10:32:10",923800
93.7,-0.4,100,"bu","10:32:00",922800
93.7,-0.4,200,"bu","10:31:56",922700
93.7,-0.4,600,"bu","10:31:54",922500
93.7,-0.4,500,"bu","10:31:50",921900
93.7,-0.4,900,"bu","10:31:46",921400
93.7,-0.4,200,"bu","10:30:57",920500
93.7,-0.4,400,"bu","10:30:49",920300
93.7,-0.4,1000,"bu","10:30:40",919900
93.7,-0.4,500,"bu","10:30:36",918900
93.6,-0.5,1900,"sd","10:30:33",918400
93.7,-0.4,5000,"bu","10:30:32",916500
93.6,-0.5,400,"sd","10:29:53",911500
93.6,-0.5,1000,"sd","10:29:46",911100
93.6,-0.5,4700,"sd","10:28:51",910100
93.6,-0.5,1000,"sd","10:28:30",905400
93.6,-0.5,3500,"bu","10:27:31",904400
93.6,-0.5,800,"bu","10:27:28",900900
93.6,-0.5,100,"bu","10:27:15",900100
93.6,-0.5,100,"bu","10:27:13",900000
93.6,-0.5,100,"bu","10:27:02",899900
93.6,-0.5,100,"bu","10:27:00",899800
93.6,-0.5,100,"bu","10:26:59",899700
93.6,-0.5,400,"bu","10:26:42",899600
93.6,-0.5,300,"bu","10:26:20",899200
93.6,-0.5,100,"bu","10:26:09",898900
93.6,-0.5,500,"bu","10:25:32",898800
93.6,-0.5,100,"bu","10:25:31",898300
93.6,-0.5,100,"bu","10:25:29",898200
93.6,-0.5,900,"bu","10:25:24",898100
93.6,-0.5,500,"sd","10:25:02",897200
93.7,-0.4,100,"bu","10:24:26",896700
93.6,-0.5,5300,"sd","10:24:18",896600
93.7,-0.4,600,"sd","10:23:55",891300
93.8,-0.3,900,"bu","10:23:16",890700
93.8,-0.3,1000,"bu","10:22:50",889800
93.8,-0.3,100,"bu","10:22:34",888800
93.8,-0.3,300,"sd","10:22:14",888700
93.8,-0.3,700,"sd","10:21:59",888400
93.8,-0.3,200,"sd","10:21:46",887700
93.8,-0.3,300,"sd","10:21:43",887500
93.8,-0.3,1000,"sd","10:21:26",887200
93.8,-0.3,1000,"sd","10:21:15",886200
93.8,-0.3,200,"sd","10:20:45",885200
93.8,-0.3,4600,"bu","10:20:44",885000
93.7,-0.4,1000,"sd","10:20:39",880400
93.8,-0.3,100,"bu","10:20:27",879400
93.8,-0.3,300,"bu","10:20:22",879300
93.8,-0.3,100,"bu","10:20:06",879000
93.8,-0.3,1000,"bu","10:19:55",878900
93.7,-0.4,1000,"bu","10:19:07",877900
93.6,-0.5,400,"bu","10:17:32",876900
93.6,-0.5,600,"bu","10:17:27",876500
93.6,-0.5,100,"bu","10:17:22",875900
93.6,-0.5,9000,"bu","10:17:16",875800
93.6,-0.5,100,"bu","10:17:00",866800
93.6,-0.5,1000,"bu","10:16:58",866700
93.6,-0.5,100,"bu","10:16:54",865700
93.6,-0.5,900,"bu","10:16:53",865600
93.6,-0.5,800,"bu","10:16:33",864700
93.6,-0.5,100,"bu","10:16:12",863900
93.5,-0.6,700,"sd","10:16:06",863800
93.6,-0.5,1000,"bu","10:16:02",863100
93.5,-0.6,2000,"sd","10:15:40",862100
93.6,-0.5,200,"bu","10:15:27",860100
93.5,-0.6,2000,"sd","10:15:15",859900
93.5,-0.6,200,"sd","10:14:09",857900
93.6,-0.5,200,"bu","10:14:08",857700
93.5,-0.6,100,"bu","10:13:47",857500
93.4,-0.7,3000,"sd","10:13:42",857400
93.5,-0.6,900,"sd","10:13:41",854400
93.6,-0.5,100,"bu","10:13:39",853500
93.5,-0.6,100,"bu","10:13:37",853400
93.5,-0.6,2000,"bu","10:13:36",853300
93.5,-0.6,200,"bu","10:13:12",851300
93.5,-0.6,300,"bu","10:13:00",851100
93.5,-0.6,2700,"sd","10:12:57",850800
93.5,-0.6,200,"sd","10:12:54",848100
93.5,-0.6,1500,"sd","10:12:03",847900
93.5,-0.6,500,"sd","10:11:55",846400
93.5,-0.6,1000,"sd","10:11:53",845900
93.5,-0.6,100,"sd","10:11:39",844900
93.5,-0.6,300,"sd","10:11:33",844800
93.5,-0.6,1800,"sd","10:11:19",844500
93.6,-0.5,1000,"bu","10:10:52",842700
93.5,-0.6,200,"bu","10:10:44",841700
93.6,-0.5,9700,"bu","10:10:31",841500
93.5,-0.6,300,"bu","10:10:31",831800
93.4,-0.7,1000,"sd","10:10:28",831500
93.5,-0.6,31700,"sd","10:10:20",830500
93.5,-0.6,2000,"sd","10:10:12",798800
93.5,-0.6,1000,"sd","10:09:59",796800
93.5,-0.6,1500,"sd","10:09:58",795800
93.6,-0.5,300,"bu","10:09:45",794300
93.5,-0.6,100,"sd","10:09:45",794000
93.5,-0.6,300,"sd","10:09:37",793900
93.5,-0.6,5000,"sd","10:09:16",793600
93.6,-0.5,1000,"bu","10:09:16",788600
93.6,-0.5,500,"bu","10:09:07",787600
93.6,-0.5,1000,"bu","10:09:02",787100
93.6,-0.5,500,"bu","10:08:50",786100
93.6,-0.5,11600,"sd","10:08:48",785600
93.6,-0.5,500,"sd","10:08:47",774000
93.7,-0.4,300,"bu","10:08:46",773500
93.6,-0.5,100,"sd","10:08:37",773200
93.7,-0.4,100,"bu","10:08:35",773100
93.7,-0.4,900,"bu","10:08:23",773000
93.7,-0.4,2000,"bu","10:08:04",772100
93.7,-0.4,1000,"bu","10:07:58",770100
93.6,-0.5,5000,"sd","10:07:48",769100
93.7,-0.4,100,"bu","10:07:38",764100
93.7,-0.4,100,"bu","10:07:36",764000
93.7,-0.4,300,"bu","10:07:18",763900
93.6,-0.5,1000,"sd","10:07:13",763600
93.7,-0.4,500,"bu","10:07:10",762600
93.7,-0.4,700,"bu","10:06:54",762100
93.7,-0.4,100,"sd","10:06:37",761400
93.7,-0.4,800,"sd","10:06:31",761300
93.8,-0.3,100,"bu","10:06:31",760500
93.8,-0.3,600,"bu","10:06:25",760400
93.6,-0.5,1600,"sd","10:06:11",759800
93.7,-0.4,6200,"sd","10:06:11",758200
93.8,-0.3,2200,"sd","10:06:11",752000
93.9,-0.2,100,"bu","10:06:03",749800
93.8,-0.3,5000,"sd","10:06:00",749700
93.9,-0.2,3100,"sd","10:05:44",744700
93.9,-0.2,700,"sd","10:05:42",741600
93.9,-0.2,3000,"sd","10:05:33",740900
94,-0.1,100,"bu","10:05:19",737900
94,-0.1,100,"bu","10:05:02",737800
93.9,-0.2,1100,"sd","10:04:42",737700
94,-0.1,400,"sd","10:04:42",736600
94,-0.1,600,"bu","10:04:39",736200
94,-0.1,2200,"bu","10:04:38",735600
94,-0.1,100,"bu","10:04:33",733400
94,-0.1,900,"bu","10:04:08",733300
94,-0.1,1000,"bu","10:03:40",732400
94,-0.1,5000,"bu","10:03:30",731400
94,-0.1,1100,"bu","10:03:16",726400
94,-0.1,1000,"bu","10:03:12",725300
94,-0.1,100,"bu","10:02:40",724300
94,-0.1,500,"bu","10:02:38",724200
93.9,-0.2,3000,"sd","10:02:27",723700
94,-0.1,500,"bu","10:02:22",720700
94,-0.1,500,"bu","10:02:21",720200
93.9,-0.2,3000,"sd","10:02:14",719700
94,-0.1,500,"bu","10:02:09",716700
93.9,-0.2,200,"sd","10:02:07",716200
93.9,-0.2,3000,"sd","10:02:03",716000
94,-0.1,200,"bu","10:02:02",713000
93.9,-0.2,1000,"sd","10:01:19",712800
93.9,-0.2,100,"sd","10:00:45",711800
94,-0.1,100,"bu","10:00:43",711700
93.9,-0.2,300,"sd","10:00:29",711600
94,-0.1,100,"bu","10:00:27",711300
94,-0.1,500,"bu","10:00:21",711200
94,-0.1,900,"bu","09:59:52",710700
94,-0.1,400,"bu","09:59:27",709800
93.9,-0.2,500,"sd","09:59:10",709400
93.9,-0.2,1000,"sd","09:58:49",708900
94,-0.1,400,"bu","09:58:14",707900
93.9,-0.2,100,"sd","09:57:56",707500
93.9,-0.2,200,"sd","09:57:44",707400
93.9,-0.2,1000,"sd","09:57:43",707200
93.9,-0.2,400,"sd","09:57:28",706200
93.9,-0.2,700,"bu","09:57:23",705800
93.9,-0.2,100,"sd","09:57:21",705100
93.9,-0.2,200,"sd","09:57:20",705000
93.9,-0.2,1300,"bu","09:57:16",704800
93.9,-0.2,700,"sd","09:57:01",703500
93.9,-0.2,1000,"sd","09:56:34",702800
93.9,-0.2,300,"sd","09:56:32",701800
93.9,-0.2,500,"sd","09:56:28",701500
93.9,-0.2,1000,"sd","09:56:03",701000
93.9,-0.2,1000,"sd","09:56:01",700000
94,-0.1,200,"bu","09:55:51",699000
94,-0.1,400,"bu","09:55:38",698800
94,-0.1,900,"bu","09:55:37",698400
94,-0.1,1500,"bu","09:55:33",697500
94,-0.1,100,"bu","09:55:29",696000
94,-0.1,1000,"bu","09:55:10",695900
94,-0.1,100,"bu","09:54:45",694900
94,-0.1,1000,"bu","09:54:41",694800
93.9,-0.2,4200,"bu","09:54:26",693800
93.8,-0.3,500,"sd","09:54:24",689600
93.9,-0.2,200,"bu","09:54:21",689100
93.8,-0.3,1000,"sd","09:54:21",688900
93.9,-0.2,200,"bu","09:54:00",687900
93.9,-0.2,3100,"bu","09:53:53",687700
93.9,-0.2,100,"bu","09:53:48",684600
93.8,-0.3,500,"sd","09:53:42",684500
93.8,-0.3,100,"sd","09:53:40",684000
93.8,-0.3,100,"sd","09:53:39",683900
93.8,-0.3,400,"bu","09:53:31",683800
93.8,-0.3,900,"bu","09:53:30",683400
93.8,-0.3,1900,"bu","09:53:28",682500
93.8,-0.3,2000,"bu","09:53:23",680600
93.8,-0.3,100,"bu","09:52:58",678600
93.7,-0.4,100,"sd","09:52:51",678500
93.8,-0.3,1000,"bu","09:52:23",678400
93.7,-0.4,300,"bu","09:52:07",677400
93.6,-0.5,1000,"sd","09:52:05",677100
93.7,-0.4,300,"bu","09:52:05",676100
93.7,-0.4,500,"bu","09:52:02",675800
93.7,-0.4,100,"bu","09:52:01",675300
93.7,-0.4,200,"bu","09:51:55",675200
93.7,-0.4,1000,"bu","09:51:53",675000
93.7,-0.4,2000,"bu","09:51:51",674000
93.7,-0.4,100,"bu","09:51:49",672000
93.7,-0.4,500,"bu","09:51:43",671900
93.7,-0.4,900,"bu","09:51:40",671400
93.7,-0.4,600,"bu","09:51:36",670500
93.7,-0.4,1000,"bu","09:51:25",669900
93.7,-0.4,900,"bu","09:51:23",668900
93.7,-0.4,500,"bu","09:51:09",668000
93.7,-0.4,300,"bu","09:50:42",667500
93.6,-0.5,1000,"sd","09:49:41",667200
93.6,-0.5,200,"sd","09:49:39",666200
93.6,-0.5,3000,"sd","09:49:09",666000
93.6,-0.5,1000,"sd","09:49:03",663000
93.6,-0.5,1500,"sd","09:48:55",662000
93.6,-0.5,3000,"sd","09:48:53",660500
93.6,-0.5,300,"sd","09:48:41",657500
93.6,-0.5,700,"sd","09:48:28",657200
93.6,-0.5,100,"sd","09:48:13",656500
93.6,-0.5,2700,"sd","09:48:07",656400
93.6,-0.5,500,"sd","09:48:06",653700
93.6,-0.5,1800,"sd","09:48:05",653200
93.6,-0.5,2000,"sd","09:48:02",651400
93.6,-0.5,200,"sd","09:47:49",649400
93.6,-0.5,1000,"sd","09:47:43",649200
93.6,-0.5,400,"bu","09:47:42",648200
93.6,-0.5,100,"bu","09:47:41",647800
93.6,-0.5,100,"bu","09:47:41",647700
93.6,-0.5,200,"bu","09:47:40",647600
93.6,-0.5,300,"bu","09:47:37",647400
93.6,-0.5,100,"bu","09:47:30",647100
93.6,-0.5,1000,"bu","09:47:28",647000
93.6,-0.5,200,"bu","09:47:25",646000
93.6,-0.5,1300,"bu","09:47:21",645800
93.6,-0.5,100,"bu","09:47:21",644500
93.6,-0.5,200,"bu","09:47:18",644400
93.6,-0.5,200,"bu","09:47:11",644200
93.5,-0.6,100,"sd","09:47:08",644000
93.5,-0.6,500,"sd","09:47:07",643900
93.5,-0.6,200,"bu","09:46:51",643400
93.5,-0.6,2800,"sd","09:46:48",643200
93.5,-0.6,3000,"sd","09:46:45",640400
93.5,-0.6,1000,"sd","09:46:44",637400
93.5,-0.6,500,"sd","09:46:41",636400
93.5,-0.6,1400,"bu","09:46:40",635900
93.5,-0.6,500,"bu","09:46:39",634500
93.5,-0.6,900,"bu","09:46:37",634000
93.5,-0.6,300,"bu","09:46:36",633100
93.5,-0.6,100,"bu","09:46:33",632800
93.5,-0.6,900,"bu","09:46:32",632700
93.5,-0.6,2000,"bu","09:46:30",631800
93.5,-0.6,1000,"bu","09:46:29",629800
93.5,-0.6,300,"bu","09:46:28",628800
93.5,-0.6,100,"bu","09:46:26",628500
93.5,-0.6,300,"bu","09:46:17",628400
93.5,-0.6,1000,"bu","09:46:08",628100
93.5,-0.6,100,"bu","09:46:01",627100
93.4,-0.7,500,"bu","09:45:56",627000
93.4,-0.7,200,"bu","09:45:54",626500
93.4,-0.7,5000,"bu","09:45:54",626300
93.4,-0.7,100,"bu","09:45:53",621300
93.4,-0.7,100,"bu","09:45:47",621200
93.4,-0.7,300,"bu","09:45:43",621100
93.4,-0.7,100,"bu","09:45:40",620800
93.4,-0.7,500,"bu","09:45:37",620700
93.3,-0.8,1000,"sd","09:45:36",620200
93.4,-0.7,200,"bu","09:45:35",619200
93.4,-0.7,200,"bu","09:45:33",619000
93.4,-0.7,100,"bu","09:45:30",618800
93.4,-0.7,300,"bu","09:45:30",618700
93.4,-0.7,200,"bu","09:45:28",618400
93.4,-0.7,200,"bu","09:45:28",618200
93.4,-0.7,100,"bu","09:45:25",618000
93.4,-0.7,100,"bu","09:45:23",617900
93.4,-0.7,300,"bu","09:45:20",617800
93.4,-0.7,1800,"sd","09:45:19",617500
93.4,-0.7,100,"sd","09:45:15",615700
93.4,-0.7,5000,"sd","09:45:11",615600
93.4,-0.7,500,"sd","09:45:03",610600
93.3,-0.8,2400,"sd","09:44:34",610100
93.4,-0.7,2600,"sd","09:44:34",607700
93.4,-0.7,1000,"sd","09:44:31",605100
93.4,-0.7,100,"bu","09:44:26",604100
93.4,-0.7,4600,"bu","09:44:24",604000
93.4,-0.7,1000,"bu","09:44:23",599400
93.4,-0.7,100,"bu","09:44:16",598400
93.4,-0.7,500,"bu","09:44:13",598300
93.4,-0.7,100,"bu","09:44:10",597800
93.4,-0.7,500,"bu","09:44:07",597700
93.4,-0.7,400,"bu","09:44:01",597200
93.4,-0.7,1000,"bu","09:44:01",596800
93.4,-0.7,100,"bu","09:43:59",595800
93.4,-0.7,2000,"bu","09:43:56",595700
93.4,-0.7,300,"bu","09:43:56",593700
93.4,-0.7,500,"bu","09:43:52",593400
93.4,-0.7,100,"bu","09:43:52",592900
93.4,-0.7,500,"bu","09:43:51",592800
93.4,-0.7,500,"bu","09:43:49",592300
93.4,-0.7,2000,"bu","09:43:49",591800
93.4,-0.7,100,"bu","09:43:44",589800
93.4,-0.7,200,"bu","09:43:42",589700
93.4,-0.7,500,"bu","09:43:41",589500
93.4,-0.7,300,"bu","09:43:40",589000
93.4,-0.7,300,"bu","09:43:38",588700
93.4,-0.7,5200,"bu","09:43:35",588400
93.4,-0.7,100,"bu","09:43:34",583200
93.4,-0.7,500,"bu","09:43:33",583100
93.4,-0.7,200,"bu","09:43:32",582600
93.4,-0.7,600,"bu","09:43:31",582400
93.4,-0.7,400,"bu","09:43:30",581800
93.4,-0.7,200,"bu","09:43:28",581400
93.3,-0.8,600,"sd","09:43:28",581200
93.4,-0.7,800,"bu","09:43:26",575600
93.4,-0.7,500,"bu","09:43:24",574800
93.4,-0.7,300,"bu","09:43:19",574300
93.4,-0.7,700,"bu","09:43:18",574000
93.4,-0.7,2000,"bu","09:43:15",573300
93.4,-0.7,200,"bu","09:43:14",571300
93.3,-0.8,600,"sd","09:43:14",571100
93.4,-0.7,100,"bu","09:43:13",570500
93.4,-0.7,200,"bu","09:43:12",570400
93.4,-0.7,500,"bu","09:43:06",570200
93.4,-0.7,300,"bu","09:43:05",569700
93.4,-0.7,2000,"bu","09:43:04",569400
93.4,-0.7,100,"bu","09:43:04",567400
93.4,-0.7,100,"bu","09:43:03",567300
93.4,-0.7,100,"bu","09:43:01",567200
93.4,-0.7,100,"bu","09:42:59",567100
93.4,-0.7,2400,"bu","09:42:57",567000
93.4,-0.7,900,"bu","09:42:52",564600
93.4,-0.7,1300,"bu","09:42:49",563700
93.4,-0.7,600,"bu","09:42:48",562400
93.4,-0.7,200,"bu","09:42:47",561800
93.4,-0.7,100,"bu","09:42:45",561600
93.4,-0.7,500,"bu","09:42:43",561500
93.4,-0.7,500,"bu","09:42:38",561000
93.4,-0.7,100,"bu","09:42:36",560500
93.4,-0.7,500,"bu","09:42:29",560400
93.4,-0.7,500,"bu","09:42:26",559900
93.4,-0.7,100,"bu","09:42:17",559400
93.3,-0.8,800,"sd","09:42:14",559300
93.3,-0.8,100,"sd","09:42:10",558500
93.3,-0.8,600,"sd","09:41:51",558400
93.3,-0.8,1400,"sd","09:41:48",557800
93.3,-0.8,1800,"sd","09:41:42",556400
93.3,-0.8,300,"sd","09:41:39",554600
93.2,-0.9,4600,"sd","09:41:29",554300
93.3,-0.8,10400,"sd","09:41:29",549700
93.3,-0.8,5000,"sd","09:41:23",539300
93.3,-0.8,3000,"sd","09:41:19",534300
93.4,-0.7,500,"bu","09:41:13",531300
93.3,-0.8,3000,"sd","09:41:06",530800
93.4,-0.7,200,"bu","09:41:06",527800
93.4,-0.7,1000,"bu","09:41:01",527600
93.3,-0.8,100,"sd","09:40:59",526600
93.4,-0.7,100,"bu","09:40:58",526500
93.4,-0.7,300,"bu","09:40:46",526400
93.4,-0.7,900,"bu","09:40:44",526100
93.3,-0.8,2000,"sd","09:40:44",525200
93.4,-0.7,200,"bu","09:40:42",523200
93.3,-0.8,1900,"sd","09:40:42",523000
93.3,-0.8,1400,"sd","09:40:41",521100
93.3,-0.8,5100,"sd","09:40:36",519700
93.4,-0.7,1500,"bu","09:40:33",514600
93.4,-0.7,200,"bu","09:40:29",513100
93.4,-0.7,300,"bu","09:40:25",512900
93.4,-0.7,100,"bu","09:40:24",512600
93.4,-0.7,72400,"sd","09:40:22",512500
93.5,-0.6,500,"bu","09:40:15",440100
93.5,-0.6,200,"bu","09:40:12",439600
93.5,-0.6,100,"bu","09:40:12",439400
93.5,-0.6,200,"bu","09:40:10",439300
93.5,-0.6,300,"bu","09:40:07",439100
93.5,-0.6,100,"bu","09:40:07",438800
93.5,-0.6,100,"bu","09:40:03",438700
93.5,-0.6,200,"bu","09:39:59",438600
93.5,-0.6,400,"bu","09:39:57",438400
93.5,-0.6,100,"bu","09:39:56",438000
93.5,-0.6,500,"bu","09:39:54",437900
93.5,-0.6,1000,"bu","09:39:52",437400
93.4,-0.7,1000,"sd","09:39:43",436400
93.4,-0.7,500,"sd","09:39:36",435400
93.5,-0.6,200,"bu","09:39:36",434900
93.4,-0.7,300,"sd","09:39:34",434700
93.5,-0.6,100,"bu","09:39:31",434400
93.5,-0.6,100,"bu","09:39:21",434300
93.5,-0.6,100,"bu","09:39:19",434200
93.5,-0.6,100,"bu","09:39:15",434100
93.4,-0.7,1300,"sd","09:39:05",434000
93.5,-0.6,3700,"sd","09:39:05",432700
93.5,-0.6,1000,"sd","09:39:00",429000
93.5,-0.6,1000,"sd","09:38:48",428000
93.5,-0.6,100,"sd","09:38:46",427000
93.5,-0.6,100,"sd","09:38:32",426900
93.5,-0.6,100,"sd","09:38:18",426800
93.5,-0.6,800,"sd","09:38:17",426700
93.4,-0.7,300,"sd","09:38:03",425900
93.5,-0.6,700,"sd","09:38:03",425600
93.5,-0.6,5100,"sd","09:38:02",424900
93.5,-0.6,1000,"sd","09:37:58",419800
93.5,-0.6,2000,"sd","09:37:49",418800
93.6,-0.5,2000,"bu","09:37:45",416800
93.5,-0.6,1000,"sd","09:37:34",414800
93.5,-0.6,200,"sd","09:37:32",413800
93.5,-0.6,5500,"bu","09:37:21",413600
93.5,-0.6,1000,"bu","09:37:18",408100
93.5,-0.6,100,"bu","09:37:14",407100
93.5,-0.6,100,"bu","09:37:12",407000
93.5,-0.6,4100,"sd","09:37:10",406900
93.5,-0.6,200,"sd","09:37:06",402800
93.5,-0.6,800,"sd","09:37:03",402600
93.5,-0.6,600,"sd","09:37:00",401800
93.5,-0.6,400,"sd","09:37:00",401200
93.5,-0.6,10000,"sd","09:36:58",400800
93.5,-0.6,6000,"sd","09:36:50",390800
93.5,-0.6,100,"sd","09:36:32",384800
93.5,-0.6,1000,"sd","09:36:18",384700
93.5,-0.6,100,"sd","09:36:14",383700
93.5,-0.6,1000,"sd","09:36:10",383600
93.5,-0.6,1000,"sd","09:36:09",382600
93.5,-0.6,1500,"sd","09:36:04",381600
93.5,-0.6,1000,"sd","09:35:49",380100
93.5,-0.6,3200,"bu","09:35:33",379100
93.5,-0.6,100,"bu","09:35:25",375900
93.5,-0.6,1800,"sd","09:35:24",375800
93.5,-0.6,300,"sd","09:35:21",374000
93.5,-0.6,1600,"sd","09:35:18",373700
93.5,-0.6,100,"sd","09:35:14",372100
93.5,-0.6,600,"sd","09:35:04",372000
93.5,-0.6,500,"sd","09:34:56",371400
93.5,-0.6,1000,"sd","09:34:48",370900
93.5,-0.6,500,"sd","09:34:41",369900
93.5,-0.6,100,"sd","09:34:39",369400
93.5,-0.6,1000,"sd","09:34:23",369300
93.5,-0.6,500,"sd","09:34:22",368300
93.5,-0.6,100,"sd","09:34:18",367800
93.5,-0.6,1000,"sd","09:34:11",367700
93.5,-0.6,1000,"sd","09:34:04",366700
93.5,-0.6,1000,"sd","09:33:52",365700
93.5,-0.6,100,"sd","09:33:49",364700
93.5,-0.6,100,"bu","09:33:38",364600
93.5,-0.6,200,"bu","09:33:37",364500
93.5,-0.6,100,"bu","09:33:35",364300
93.5,-0.6,300,"bu","09:33:33",364200
93.4,-0.7,200,"sd","09:33:30",363900
93.5,-0.6,300,"sd","09:33:29",363700
93.5,-0.6,900,"bu","09:33:28",363400
93.5,-0.6,100,"bu","09:33:23",362500
93.5,-0.6,100,"bu","09:33:22",362400
93.5,-0.6,100,"bu","09:33:19",362300
93.5,-0.6,700,"bu","09:33:17",362200
93.5,-0.6,100,"bu","09:33:15",361500
93.5,-0.6,100,"bu","09:33:06",361400
93.5,-0.6,200,"bu","09:33:04",361300
93.5,-0.6,1100,"bu","09:33:04",361100
93.5,-0.6,800,"bu","09:33:00",360000
93.5,-0.6,500,"bu","09:32:53",359200
93.4,-0.7,500,"sd","09:32:32",358700
93.5,-0.6,800,"sd","09:32:29",358200
93.5,-0.6,200,"sd","09:32:23",357400
93.4,-0.7,1000,"sd","09:32:10",357200
93.5,-0.6,200,"bu","09:32:08",356200
93.5,-0.6,200,"bu","09:32:06",356000
93.5,-0.6,200,"bu","09:32:02",355800
93.5,-0.6,200,"bu","09:31:56",355600
93.5,-0.6,500,"bu","09:31:51",355400
93.5,-0.6,700,"bu","09:31:48",354900
93.5,-0.6,100,"bu","09:31:47",354200
93.6,-0.5,900,"bu","09:31:33",354100
93.5,-0.6,4100,"bu","09:31:33",353200
93.5,-0.6,400,"bu","09:31:32",349100
93.5,-0.6,100,"bu","09:31:28",348700
93.5,-0.6,100,"bu","09:31:22",348600
93.5,-0.6,400,"bu","09:31:21",348500
93.4,-0.7,1000,"sd","09:31:21",348100
93.5,-0.6,14900,"sd","09:31:21",347100
93.6,-0.5,100,"bu","09:31:13",332200
93.5,-0.6,2000,"sd","09:31:08",332100
93.6,-0.5,100,"bu","09:31:04",330100
93.5,-0.6,9800,"sd","09:31:03",330000
93.6,-0.5,200,"bu","09:31:00",320200
93.6,-0.5,1000,"bu","09:30:59",320000
93.6,-0.5,300,"bu","09:30:52",319000
93.6,-0.5,100,"bu","09:30:41",318700
93.6,-0.5,200,"bu","09:30:37",318600
93.5,-0.6,8800,"sd","09:30:36",318400
93.6,-0.5,1000,"bu","09:30:33",309600
93.6,-0.5,500,"bu","09:30:33",308600
93.6,-0.5,100,"bu","09:30:31",308100
93.5,-0.6,20000,"sd","09:30:30",308000
93.6,-0.5,1200,"sd","09:30:23",288000
93.6,-0.5,200,"sd","09:30:22",286800
93.6,-0.5,55200,"sd","09:30:19",286600
93.6,-0.5,1000,"sd","09:29:56",231400
93.7,-0.4,100,"bu","09:29:55",230400
93.7,-0.4,100,"sd","09:29:53",230300
93.6,-0.5,1900,"sd","09:29:51",230200
93.7,-0.4,100,"sd","09:29:51",228300
93.7,-0.4,100,"bu","09:29:42",228200
93.7,-0.4,200,"bu","09:29:41",228100
93.7,-0.4,200,"bu","09:29:37",227900
93.7,-0.4,200,"bu","09:29:34",227700
93.7,-0.4,200,"bu","09:29:33",227500
93.7,-0.4,3300,"sd","09:29:32",227300
93.7,-0.4,3800,"bu","09:29:20",224000
93.7,-0.4,300,"bu","09:29:19",220200
93.7,-0.4,100,"bu","09:29:07",219900
93.7,-0.4,1000,"bu","09:29:06",219800
93.6,-0.5,1000,"sd","09:29:03",218800
93.7,-0.4,2000,"bu","09:28:42",217800
93.7,-0.4,1000,"bu","09:28:39",215800
93.7,-0.4,100,"bu","09:28:35",214800
93.6,-0.5,500,"sd","09:28:26",214700
93.7,-0.4,100,"bu","09:28:11",214200
93.7,-0.4,700,"sd","09:28:07",214100
93.7,-0.4,1200,"sd","09:28:02",213400
93.7,-0.4,5000,"sd","09:27:46",212200
93.8,-0.3,1200,"sd","09:27:27",207200
93.8,-0.3,800,"sd","09:27:22",206000
93.9,-0.2,300,"bu","09:27:15",205200
93.7,-0.4,900,"sd","09:27:11",204900
93.8,-0.3,1100,"sd","09:27:11",204000
93.8,-0.3,200,"sd","09:27:05",202900
93.8,-0.3,3800,"bu","09:27:04",202700
93.7,-0.4,1000,"sd","09:27:02",198900
93.7,-0.4,2500,"sd","09:26:59",197900
93.7,-0.4,200,"sd","09:26:38",195400
93.7,-0.4,100,"sd","09:26:22",195200
93.7,-0.4,700,"bu","09:26:03",195100
93.7,-0.4,100,"bu","09:26:03",194400
93.7,-0.4,500,"bu","09:26:01",194300
93.6,-0.5,1000,"sd","09:25:59",193800
93.7,-0.4,100,"bu","09:25:58",192800
93.7,-0.4,100,"bu","09:25:52",192700
93.7,-0.4,900,"bu","09:25:51",192600
93.7,-0.4,100,"bu","09:25:47",191700
93.7,-0.4,400,"bu","09:25:46",191600
93.7,-0.4,500,"bu","09:25:38",191200
93.6,-0.5,500,"sd","09:25:32",190700
93.6,-0.5,700,"sd","09:25:31",190200
93.7,-0.4,1000,"bu","09:25:27",189500
93.6,-0.5,2000,"sd","09:25:26",188500
93.7,-0.4,200,"bu","09:25:24",186500
93.7,-0.4,1000,"bu","09:25:21",186300
93.7,-0.4,1000,"bu","09:25:20",185300
93.7,-0.4,1000,"bu","09:25:18",184300
93.7,-0.4,500,"bu","09:25:18",183300
93.7,-0.4,1000,"bu","09:25:12",182800
93.7,-0.4,1900,"sd","09:25:11",181800
93.8,-0.3,200,"sd","09:25:11",179900
93.8,-0.3,300,"bu","09:25:00",179700
93.6,-0.5,200,"sd","09:24:50",179400
93.7,-0.4,800,"sd","09:24:50",179200
93.7,-0.4,1200,"bu","09:24:47",178400
93.7,-0.4,200,"bu","09:24:44",177200
93.7,-0.4,1000,"bu","09:24:42",177000
93.7,-0.4,100,"bu","09:24:38",176000
93.6,-0.5,1600,"sd","09:24:18",175900
93.7,-0.4,100,"bu","09:24:14",174300
93.7,-0.4,5000,"bu","09:23:58",174200
93.6,-0.5,100,"bu","09:23:55",169200
93.6,-0.5,200,"bu","09:23:49",169100
93.5,-0.6,300,"sd","09:23:48",168900
93.6,-0.5,700,"sd","09:23:48",168600
93.6,-0.5,700,"sd","09:23:45",167900
93.6,-0.5,600,"bu","09:23:43",167200
93.6,-0.5,300,"bu","09:23:41",166600
93.6,-0.5,1000,"bu","09:23:40",166300
93.6,-0.5,500,"bu","09:23:37",165300
93.6,-0.5,100,"bu","09:23:35",164800
93.6,-0.5,5000,"bu","09:23:34",164700
93.6,-0.5,300,"bu","09:23:32",159700
93.6,-0.5,200,"sd","09:23:31",159400
93.6,-0.5,5000,"sd","09:23:31",159200
93.6,-0.5,1200,"bu","09:23:26",154200
93.6,-0.5,100,"bu","09:23:23",153000
93.6,-0.5,1000,"bu","09:23:21",152900
93.6,-0.5,500,"bu","09:23:21",151900
93.6,-0.5,500,"bu","09:23:20",151400
93.6,-0.5,400,"bu","09:23:19",150900
93.6,-0.5,100,"bu","09:23:12",150500
93.6,-0.5,1000,"bu","09:23:09",150400
93.6,-0.5,900,"sd","09:23:05",149400
93.6,-0.5,1500,"sd","09:23:04",148500
93.6,-0.5,500,"sd","09:23:01",147000
93.6,-0.5,1000,"sd","09:22:57",146500
93.6,-0.5,1800,"bu","09:22:52",145500
93.6,-0.5,200,"bu","09:22:50",143700
93.6,-0.5,200,"bu","09:22:49",143500
93.5,-0.6,100,"sd","09:22:46",143300
93.6,-0.5,2000,"bu","09:22:45",143200
93.5,-0.6,2000,"sd","09:22:39",141200
93.6,-0.5,500,"bu","09:22:38",139200
93.6,-0.5,100,"bu","09:22:38",138700
93.6,-0.5,100,"bu","09:22:34",138600
93.6,-0.5,1500,"sd","09:22:33",138500
93.7,-0.4,100,"bu","09:22:31",137000
93.6,-0.5,500,"sd","09:22:30",136900
93.6,-0.5,400,"bu","09:22:27",136400
93.6,-0.5,100,"bu","09:22:23",136000
93.6,-0.5,100,"bu","09:22:22",135900
93.6,-0.5,1000,"bu","09:22:21",135800
93.5,-0.6,6600,"sd","09:22:20",134800
93.6,-0.5,1000,"bu","09:22:20",128200
93.6,-0.5,1100,"sd","09:22:20",127200
93.6,-0.5,800,"bu","09:22:12",126100
93.6,-0.5,1000,"bu","09:22:10",125300
93.5,-0.6,600,"sd","09:22:09",124300
93.6,-0.5,1200,"bu","09:22:09",123700
93.6,-0.5,6000,"sd","09:22:08",122500
93.6,-0.5,1500,"sd","09:22:06",116500
93.6,-0.5,1000,"sd","09:22:03",115000
93.6,-0.5,5000,"sd","09:21:58",114000
93.7,-0.4,200,"bu","09:21:57",109000
93.7,-0.4,500,"bu","09:21:54",108800
93.7,-0.4,300,"bu","09:21:52",108300
93.7,-0.4,300,"bu","09:21:51",108000
93.7,-0.4,100,"bu","09:21:50",107700
93.7,-0.4,5000,"sd","09:21:42",107600
93.7,-0.4,2200,"sd","09:21:40",102600
93.8,-0.3,500,"bu","09:21:37",100400
93.8,-0.3,400,"bu","09:21:36",99900
93.7,-0.4,100,"sd","09:21:36",99500
93.8,-0.3,200,"bu","09:21:35",99400
93.7,-0.4,300,"sd","09:21:33",99200
93.7,-0.4,4000,"sd","09:21:29",98900
93.8,-0.3,200,"bu","09:21:28",94900
93.8,-0.3,500,"bu","09:21:27",94700
93.8,-0.3,100,"bu","09:21:23",94200
93.8,-0.3,100,"bu","09:21:22",94100
93.8,-0.3,2000,"bu","09:21:18",94000
93.8,-0.3,400,"bu","09:21:16",92000
93.8,-0.3,100,"bu","09:21:14",91600
93.8,-0.3,2000,"bu","09:21:13",91500
93.8,-0.3,100,"bu","09:21:11",89500
93.7,-0.4,300,"sd","09:21:10",89400
93.8,-0.3,100,"bu","09:21:08",89100
93.8,-0.3,5300,"bu","09:21:04",89000
93.8,-0.3,100,"bu","09:20:59",83700
93.8,-0.3,1500,"bu","09:20:54",83600
93.7,-0.4,200,"sd","09:20:52",82100
93.8,-0.3,1200,"bu","09:20:52",81900
93.8,-0.3,100,"bu","09:20:42",80700
93.8,-0.3,100,"bu","09:20:41",80600
93.8,-0.3,200,"bu","09:20:39",80500
93.8,-0.3,500,"bu","09:20:38",80300
93.8,-0.3,400,"bu","09:20:35",79800
93.8,-0.3,200,"bu","09:20:34",79400
93.7,-0.4,1000,"sd","09:20:33",79200
93.8,-0.3,2200,"bu","09:20:32",78200
93.8,-0.3,100,"bu","09:20:31",76000
93.8,-0.3,300,"bu","09:20:27",75900
93.8,-0.3,200,"bu","09:20:23",75600
93.8,-0.3,100,"bu","09:20:22",75400
93.8,-0.3,1000,"bu","09:20:21",75300
93.8,-0.3,200,"bu","09:20:20",74300
93.8,-0.3,100,"bu","09:20:19",74100
93.8,-0.3,2300,"sd","09:20:18",74000
93.8,-0.3,6000,"sd","09:20:17",71700
93.8,-0.3,100,"sd","09:20:16",65700
93.9,-0.2,100,"bu","09:20:10",65600
93.8,-0.3,1000,"sd","09:20:10",65500
93.8,-0.3,1000,"sd","09:20:08",64500
93.8,-0.3,4600,"sd","09:20:05",63500
93.9,-0.2,200,"bu","09:20:04",58900
93.8,-0.3,100,"sd","09:20:01",58700
93.9,-0.2,300,"bu","09:19:55",58600
93.8,-0.3,300,"sd","09:19:55",58300
93.8,-0.3,600,"sd","09:19:48",58000
93.9,-0.2,200,"bu","09:19:47",57400
93.9,-0.2,300,"bu","09:19:46",57200
93.9,-0.2,100,"bu","09:19:44",56900
93.9,-0.2,100,"bu","09:19:40",56800
93.9,-0.2,2200,"sd","09:19:32",56700
94,-0.1,900,"bu","09:19:28",54500
94,-0.1,100,"bu","09:19:25",53600
94,-0.1,200,"bu","09:19:13",53500
94,-0.1,500,"bu","09:19:06",53300
94,-0.1,100,"bu","09:19:00",52800
94,-0.1,1900,"sd","09:18:59",52700
94,-0.1,3100,"bu","09:18:54",50800
94,-0.1,100,"bu","09:18:43",47700
94,-0.1,500,"sd","09:18:37",47600
94,-0.1,7000,"sd","09:18:34",47100
94,-0.1,100,"sd","09:18:11",40100
94,-0.1,1600,"sd","09:18:10",40000
94.1,0,500,"bu","09:18:04",38400
94.1,0,500,"bu","09:17:58",37900
94.1,0,600,"sd","09:17:54",37400
94.1,0,100,"sd","09:17:40",36800
94,-0.1,1900,"sd","09:17:38",36700
94,-0.1,500,"sd","09:17:38",34800
94.1,0,2600,"sd","09:17:38",34300
94.1,0,300,"sd","09:17:23",31700
94.1,0,1000,"sd","09:17:21",31400
94.1,0,800,"bu","09:17:06",30400
94.1,0,5000,"bu","09:17:04",29600
94.1,0,200,"bu","09:17:01",24600
94.1,0,1000,"bu","09:16:57",24400
94.1,0,200,"bu","09:16:53",23400
94.1,0,500,"bu","09:16:40",23200
94,-0.1,900,"sd","09:16:31",22700
94,-0.1,200,"sd","09:16:20",21800
94,-0.1,300,"sd","09:16:16",21600
94,-0.1,2000,"sd","09:16:08",21300
94,-0.1,3400,"bu","09:15:54",19300
94,-0.1,500,"bu","09:15:52",15900
94,-0.1,100,"bu","09:15:39",15400
94,-0.1,100,"bu","09:15:39",15300
94,-0.1,100,"bu","09:15:32",15200
94,-0.1,100,"bu","09:15:30",15100
94,-0.1,3900,"sd","09:15:29",15000
94,-0.1,1000,"sd","09:15:23",11100
94,-0.1,1000,"sd","09:15:23",10100
94,-0.1,9100,"","09:15:00",9100
