"price","change","match_qtty","side","time","total_vol"
18.65,-0.2,628500,"","14:45:01",8244700
18.7,-0.15,200,"bu","14:29:55",7616200
18.7,-0.15,300,"bu","14:29:47",7616000
18.7,-0.15,5000,"bu","14:29:46",7615700
18.7,-0.15,1000,"bu","14:29:44",7610700
18.7,-0.15,1000,"bu","14:29:39",7609700
18.7,-0.15,10000,"bu","14:29:36",7608700
18.7,-0.15,500,"bu","14:29:35",7598700
18.7,-0.15,300,"bu","14:29:32",7598200
18.7,-0.15,1000,"bu","14:29:28",7597900
18.7,-0.15,500,"bu","14:29:26",7596900
18.7,-0.15,2000,"sd","14:29:25",7596400
18.75,-0.1,3300,"bu","14:29:24",7594400
18.7,-0.15,20000,"sd","14:29:19",7591100
18.7,-0.15,4800,"bu","14:28:57",7571100
18.7,-0.15,1000,"bu","14:28:55",7566300
18.7,-0.15,10000,"bu","14:28:55",7565300
18.7,-0.15,2500,"bu","14:28:52",7555300
18.7,-0.15,1500,"bu","14:28:49",7552800
18.7,-0.15,100,"bu","14:28:29",7551300
18.65,-0.2,300,"sd","14:28:22",7551200
18.7,-0.15,800,"bu","14:28:13",7550900
18.7,-0.15,1000,"bu","14:28:06",7550100
18.7,-0.15,200,"bu","14:28:05",7549100
18.7,-0.15,100,"bu","14:27:53",7548900
18.7,-0.15,300,"bu","14:27:47",7548800
18.7,-0.15,3100,"bu","14:27:39",7548500
18.7,-0.15,100,"bu","14:27:38",7545400
18.7,-0.15,3300,"sd","14:27:36",7545300
18.7,-0.15,500,"sd","14:27:34",7542000
18.7,-0.15,53800,"sd","14:27:32",7541500
18.7,-0.15,100000,"sd","14:27:17",7487700
18.7,-0.15,100,"sd","14:27:17",7387700
18.75,-0.1,500,"bu","14:27:16",7387600
18.7,-0.15,300,"sd","14:27:06",7387100
18.75,-0.1,8000,"bu","14:26:55",7386800
18.7,-0.15,1000,"sd","14:26:31",7378800
18.7,-0.15,2200,"sd","14:26:18",7377800
18.7,-0.15,600,"sd","14:26:17",7375600
18.75,-0.1,2500,"bu","14:26:17",7375000
18.7,-0.15,300,"sd","14:25:31",7372500
18.75,-0.1,200,"bu","14:25:26",7372200
18.75,-0.1,100,"bu","14:25:15",7372000
18.75,-0.1,100,"bu","14:25:09",7371900
18.75,-0.1,5200,"sd","14:24:57",7371800
18.75,-0.1,1000,"bu","14:24:48",7366600
18.75,-0.1,3300,"bu","14:24:42",7365600
18.75,-0.1,900,"sd","14:24:20",7362300
18.75,-0.1,7300,"bu","14:24:06",7361400
18.7,-0.15,1500,"sd","14:24:03",7354100
18.75,-0.1,3000,"bu","14:23:40",7352600
18.75,-0.1,3400,"sd","14:23:23",7349600
18.75,-0.1,2600,"sd","14:23:15",7346200
18.75,-0.1,1200,"bu","14:23:15",7343600
18.75,-0.1,8800,"sd","14:23:12",7342400
18.75,-0.1,1500,"sd","14:23:09",7333600
18.75,-0.1,500,"sd","14:23:00",7332100
18.75,-0.1,5500,"sd","14:22:59",7331600
18.75,-0.1,1000,"sd","14:22:55",7326100
18.75,-0.1,5000,"sd","14:22:51",7325100
18.75,-0.1,500,"sd","14:22:50",7320100
18.75,-0.1,6900,"sd","14:22:48",7319600
18.75,-0.1,300,"sd","14:22:40",7312700
18.75,-0.1,1000,"sd","14:22:40",7312400
18.75,-0.1,30000,"sd","14:22:27",7311400
18.75,-0.1,100,"sd","14:22:24",7281400
18.8,-0.05,100,"bu","14:22:16",7281300
18.75,-0.1,300,"sd","14:22:09",7281200
18.75,-0.1,600,"sd","14:22:01",7280900
18.75,-0.1,2000,"sd","14:21:58",7280300
18.75,-0.1,1000,"sd","14:21:57",7278300
18.75,-0.1,5000,"sd","14:21:51",7277300
18.75,-0.1,10000,"sd","14:21:47",7272300
18.75,-0.1,1000,"sd","14:21:37",7262300
18.75,-0.1,200,"sd","14:21:24",7261300
18.75,-0.1,700,"sd","14:21:15",7261100
18.8,-0.05,300,"bu","14:20:55",7260400
18.8,-0.05,1000,"bu","14:20:54",7260100
18.75,-0.1,2000,"sd","14:20:43",7259100
18.75,-0.1,800,"sd","14:20:20",7257100
18.8,-0.05,500,"bu","14:20:07",7256300
18.8,-0.05,15000,"bu","14:19:17",7255800
18.75,-0.1,10000,"sd","14:18:58",7240800
18.75,-0.1,1500,"sd","14:18:47",7230800
18.75,-0.1,4000,"sd","14:18:41",7229300
18.75,-0.1,3600,"sd","14:18:40",7225300
18.75,-0.1,1000,"bu","14:18:11",7221700
18.75,-0.1,100,"bu","14:18:04",7220700
18.75,-0.1,1700,"bu","14:17:56",7220600
18.75,-0.1,500,"bu","14:17:51",7218900
18.75,-0.1,400,"bu","14:17:49",7218400
18.75,-0.1,700,"bu","14:17:36",7218000
18.75,-0.1,10000,"bu","14:17:30",7217300
18.75,-0.1,2000,"bu","14:17:12",7207300
18.75,-0.1,5000,"bu","14:17:09",7205300
18.75,-0.1,1000,"bu","14:17:08",7200300
18.75,-0.1,1000,"bu","14:17:00",7199300
18.75,-0.1,300,"bu","14:16:56",7198300
18.75,-0.1,3000,"bu","14:16:50",7198000
18.75,-0.1,200,"bu","14:16:48",7195000
18.75,-0.1,3000,"bu","14:16:44",7194800
18.75,-0.1,10800,"sd","14:16:29",7191800
18.75,-0.1,2400,"sd","14:16:24",7181000
18.75,-0.1,100,"sd","14:16:22",7178600
18.75,-0.1,2800,"bu","14:16:04",7178500
18.75,-0.1,1600,"bu","14:16:03",7175700
18.75,-0.1,3000,"bu","14:16:00",7174100
18.75,-0.1,1500,"bu","14:15:58",7171100
18.75,-0.1,300,"bu","14:15:38",7169600
18.75,-0.1,50000,"bu","14:15:37",7168300
18.75,-0.1,200,"bu","14:15:28",7118300
18.75,-0.1,100,"bu","14:15:22",7118100
18.75,-0.1,500,"bu","14:15:19",7118000
18.75,-0.1,600,"bu","14:15:12",7117500
18.75,-0.1,500,"bu","14:15:04",7116900
18.75,-0.1,500,"bu","14:14:55",7116400
18.75,-0.1,3300,"bu","14:14:40",7115900
18.75,-0.1,20000,"bu","14:14:36",7112600
18.75,-0.1,3000,"bu","14:14:35",7092600
18.75,-0.1,20000,"bu","14:14:27",7089600
18.75,-0.1,20000,"bu","14:14:22",7069600
18.75,-0.1,4700,"bu","14:14:09",7049600
18.75,-0.1,200,"bu","14:14:05",7044900
18.75,-0.1,6600,"sd","14:14:01",7044700
18.75,-0.1,1200,"sd","14:13:57",7038100
18.8,-0.05,2000,"bu","14:13:47",7036900
18.75,-0.1,3000,"sd","14:13:43",7034900
18.75,-0.1,17000,"sd","14:13:32",7031900
18.75,-0.1,2900,"bu","14:13:24",7014900
18.75,-0.1,10000,"bu","14:13:23",7012000
18.75,-0.1,100,"bu","14:13:22",7002000
18.75,-0.1,3000,"bu","14:13:20",7001900
18.75,-0.1,3500,"bu","14:13:08",6998900
18.75,-0.1,100,"sd","14:13:07",6995400
18.75,-0.1,12400,"sd","14:12:38",6995300
18.75,-0.1,20000,"sd","14:12:35",6982900
18.75,-0.1,10900,"bu","14:12:20",6962900
18.75,-0.1,5000,"bu","14:12:18",6952000
18.75,-0.1,142000,"bu","14:12:15",6947000
18.7,-0.15,19000,"sd","14:12:13",6805000
18.75,-0.1,200,"bu","14:11:50",6786000
18.7,-0.15,300,"sd","14:11:38",6785800
18.7,-0.15,2000,"sd","14:11:32",6785500
18.7,-0.15,1000,"sd","14:11:23",6783500
18.7,-0.15,500,"sd","14:11:10",6782500
18.7,-0.15,200,"sd","14:11:06",6782000
18.7,-0.15,10000,"sd","14:10:53",6781800
18.75,-0.1,200,"bu","14:10:37",6771800
18.7,-0.15,1000,"sd","14:10:33",6771600
18.75,-0.1,5000,"bu","14:10:31",6770600
18.7,-0.15,10000,"sd","14:10:23",6765600
18.75,-0.1,5000,"bu","14:09:50",6755600
18.7,-0.15,20000,"sd","14:09:47",6750600
18.7,-0.15,16500,"sd","14:09:40",6730600
18.75,-0.1,200,"bu","14:09:11",6714100
18.75,-0.1,2000,"bu","14:09:08",6713900
18.75,-0.1,100,"bu","14:08:57",6711900
18.75,-0.1,5000,"bu","14:08:56",6711800
18.7,-0.15,1700,"bu","14:08:38",6706800
18.7,-0.15,5000,"bu","14:08:37",6705100
18.7,-0.15,1000,"bu","14:08:36",6700100
18.7,-0.15,1000,"bu","14:08:36",6699100
18.7,-0.15,500,"bu","14:08:35",6698100
18.7,-0.15,1500,"bu","14:08:34",6697600
18.7,-0.15,500,"bu","14:08:30",6696100
18.7,-0.15,10000,"bu","14:08:28",6695600
18.7,-0.15,1000,"bu","14:08:27",6685600
18.7,-0.15,7800,"sd","14:08:22",6684600
18.7,-0.15,20000,"sd","14:08:09",6676800
18.7,-0.15,500,"sd","14:07:54",6656800
18.7,-0.15,8400,"bu","14:07:51",6656300
18.7,-0.15,40000,"bu","14:07:48",6647900
18.7,-0.15,100,"bu","14:07:47",6607900
18.7,-0.15,1200,"bu","14:07:44",6607800
18.7,-0.15,1000,"bu","14:07:43",6606600
18.7,-0.15,5000,"bu","14:07:34",6605600
18.7,-0.15,1000,"bu","14:07:32",6600600
18.7,-0.15,500,"bu","14:07:24",6599600
18.7,-0.15,1000,"bu","14:07:22",6599100
18.7,-0.15,1000,"bu","14:07:21",6598100
18.7,-0.15,500,"bu","14:07:19",6597100
18.7,-0.15,100,"bu","14:07:06",6596600
18.7,-0.15,1000,"bu","14:06:59",6596500
18.7,-0.15,1000,"bu","14:06:50",6595500
18.7,-0.15,8200,"sd","14:06:48",6594500
18.7,-0.15,20000,"sd","14:06:42",6586300
18.7,-0.15,23800,"bu","14:06:41",6566300
18.7,-0.15,200,"bu","14:06:32",6542500
18.7,-0.15,100,"bu","14:06:29",6542300
18.7,-0.15,100,"bu","14:06:27",6542200
18.7,-0.15,200,"bu","14:06:19",6542100
18.7,-0.15,1900,"sd","14:06:12",6541900
18.7,-0.15,600,"bu","14:06:04",6540000
18.7,-0.15,800,"bu","14:06:02",6539400
18.7,-0.15,18600,"sd","14:05:52",6538600
18.7,-0.15,10000,"sd","14:05:43",6520000
18.75,-0.1,1000,"bu","14:05:41",6510000
18.7,-0.15,10000,"sd","14:05:34",6509000
18.7,-0.15,3000,"sd","14:05:30",6499000
18.7,-0.15,4200,"bu","14:05:21",6496000
18.7,-0.15,1000,"bu","14:05:09",6491800
18.7,-0.15,500,"bu","14:05:03",6490800
18.7,-0.15,100,"bu","14:05:00",6490300
18.7,-0.15,1000,"bu","14:04:58",6490200
18.7,-0.15,4800,"bu","14:04:55",6489200
18.7,-0.15,5800,"sd","14:04:45",6484400
18.7,-0.15,2200,"bu","14:04:45",6478600
18.7,-0.15,7800,"sd","14:04:41",6476400
18.7,-0.15,1000,"sd","14:04:21",6468600
18.7,-0.15,40000,"sd","14:04:19",6467600
18.7,-0.15,500,"sd","14:04:15",6427600
18.7,-0.15,60000,"sd","14:03:56",6427100
18.7,-0.15,300,"sd","14:03:51",6367100
18.7,-0.15,2700,"sd","14:03:33",6366800
18.7,-0.15,30500,"bu","14:03:29",6364100
18.7,-0.15,11500,"bu","14:03:28",6333600
18.65,-0.2,10000,"sd","14:03:26",6322100
18.7,-0.15,100,"bu","14:03:22",6312100
18.7,-0.15,20000,"bu","14:03:21",6312000
18.7,-0.15,4800,"bu","14:03:18",6292000
18.7,-0.15,200,"bu","14:03:15",6287200
18.7,-0.15,1000,"bu","14:03:14",6287000
18.7,-0.15,10000,"bu","14:03:11",6286000
18.7,-0.15,500,"bu","14:03:10",6276000
18.7,-0.15,1400,"bu","14:03:09",6275500
18.7,-0.15,20000,"bu","14:03:05",6274100
18.7,-0.15,300,"bu","14:03:01",6254100
18.7,-0.15,20000,"bu","14:03:00",6253800
18.65,-0.2,2000,"sd","14:02:41",6233800
18.7,-0.15,9600,"bu","14:02:35",6231800
18.7,-0.15,3300,"bu","14:02:32",6222200
18.65,-0.2,3000,"sd","14:02:26",6218900
18.7,-0.15,500,"bu","14:02:20",6215900
18.7,-0.15,300,"bu","14:02:16",6215400
18.7,-0.15,2000,"bu","14:02:14",6215100
18.7,-0.15,2000,"bu","14:01:39",6213100
18.65,-0.2,5500,"sd","14:01:39",6211100
18.65,-0.2,100,"sd","14:01:28",6205600
18.65,-0.2,100,"sd","14:01:23",6205500
18.65,-0.2,6000,"sd","14:01:21",6205400
18.65,-0.2,800,"bu","14:01:13",6199400
18.65,-0.2,200,"bu","14:01:12",6198600
18.65,-0.2,10000,"bu","14:01:12",6198400
18.65,-0.2,1000,"bu","14:01:11",6188400
18.65,-0.2,5000,"bu","14:01:09",6187400
18.65,-0.2,2000,"bu","14:01:06",6182400
18.65,-0.2,50000,"bu","14:01:03",6180400
18.6,-0.25,600,"sd","14:00:55",6130400
18.6,-0.25,10000,"sd","14:00:55",6129800
18.65,-0.2,100,"bu","14:00:51",6119800
18.65,-0.2,400,"bu","14:00:49",6119700
18.65,-0.2,37500,"sd","14:00:42",6119300
18.7,-0.15,500,"bu","14:00:37",6081800
18.65,-0.2,200000,"sd","14:00:34",6081300
18.65,-0.2,2000,"sd","14:00:28",5881300
18.65,-0.2,2000,"sd","14:00:20",5879300
18.65,-0.2,150000,"sd","14:00:06",5877300
18.65,-0.2,15000,"sd","13:59:59",5727300
18.65,-0.2,1000,"sd","13:59:56",5712300
18.65,-0.2,1000,"sd","13:59:54",5711300
18.65,-0.2,2000,"sd","13:59:45",5710300
18.65,-0.2,1000,"sd","13:59:33",5708300
18.65,-0.2,5500,"sd","13:59:22",5707300
18.65,-0.2,1000,"sd","13:59:20",5701800
18.65,-0.2,1000,"sd","13:59:12",5700800
18.65,-0.2,2000,"sd","13:58:55",5699800
18.65,-0.2,500,"sd","13:58:52",5697800
18.65,-0.2,2000,"sd","13:58:48",5697300
18.65,-0.2,5000,"sd","13:58:42",5695300
18.65,-0.2,6600,"sd","13:58:35",5690300
18.65,-0.2,1000,"sd","13:58:25",5683700
18.65,-0.2,500,"sd","13:58:13",5682700
18.65,-0.2,500,"sd","13:58:07",5682200
18.65,-0.2,1700,"sd","13:58:06",5681700
18.65,-0.2,1000,"sd","13:57:50",5680000
18.65,-0.2,2000,"sd","13:57:48",5679000
18.65,-0.2,11600,"sd","13:57:38",5677000
18.65,-0.2,1800,"sd","13:57:33",5665400
18.65,-0.2,1200,"sd","13:57:28",5663600
18.65,-0.2,600,"sd","13:57:18",5662400
18.65,-0.2,2000,"sd","13:57:10",5661800
18.65,-0.2,3700,"sd","13:56:36",5659800
18.65,-0.2,400,"sd","13:56:06",5656100
18.65,-0.2,3000,"sd","13:56:03",5655700
18.7,-0.15,1000,"bu","13:55:35",5652700
18.7,-0.15,300,"bu","13:55:27",5651700
18.65,-0.2,1000,"sd","13:55:11",5651400
18.65,-0.2,100,"sd","13:55:10",5650400
18.7,-0.15,3300,"bu","13:54:57",5650300
18.7,-0.15,100,"bu","13:54:56",5647000
18.7,-0.15,500,"bu","13:54:52",5646900
18.7,-0.15,1000,"bu","13:54:35",5646400
18.7,-0.15,100,"bu","13:54:24",5645400
18.7,-0.15,200,"bu","13:54:22",5645300
18.7,-0.15,5000,"bu","13:54:17",5645100
18.7,-0.15,2100,"bu","13:54:10",5640100
18.7,-0.15,300,"bu","13:54:01",5638000
18.7,-0.15,300,"bu","13:53:56",5637700
18.7,-0.15,500,"bu","13:53:55",5637400
18.7,-0.15,500,"bu","13:53:50",5636900
18.7,-0.15,1000,"bu","13:53:49",5636400
18.7,-0.15,5000,"bu","13:53:42",5635400
18.7,-0.15,900,"bu","13:53:27",5630400
18.7,-0.15,25000,"bu","13:53:22",5629500
18.7,-0.15,200,"bu","13:53:18",5604500
18.7,-0.15,500,"bu","13:53:07",5604300
18.7,-0.15,1500,"bu","13:53:05",5603800
18.7,-0.15,2000,"bu","13:52:37",5602300
18.7,-0.15,600,"bu","13:52:20",5600300
18.7,-0.15,200,"bu","13:52:11",5599700
18.7,-0.15,500,"bu","13:52:08",5599500
18.7,-0.15,4000,"bu","13:52:03",5599000
18.7,-0.15,4000,"bu","13:51:54",5595000
18.7,-0.15,20000,"bu","13:51:49",5591000
18.7,-0.15,100,"bu","13:51:26",5571000
18.7,-0.15,100,"bu","13:51:10",5570900
18.7,-0.15,200,"bu","13:51:02",5570800
18.7,-0.15,3000,"bu","13:51:00",5570600
18.7,-0.15,100,"bu","13:50:59",5567600
18.7,-0.15,100,"bu","13:50:56",5567500
18.7,-0.15,1000,"bu","13:50:56",5567400
18.7,-0.15,100,"bu","13:50:52",5566400
18.7,-0.15,500,"bu","13:50:47",5566300
18.7,-0.15,5000,"bu","13:50:35",5565800
18.7,-0.15,2000,"bu","13:50:32",5560800
18.7,-0.15,100,"bu","13:50:30",5558800
18.7,-0.15,53000,"sd","13:50:30",5558700
18.7,-0.15,14000,"sd","13:50:12",5505700
18.7,-0.15,500,"bu","13:49:49",5491700
18.7,-0.15,20000,"bu","13:49:45",5491200
18.7,-0.15,1000,"bu","13:49:44",5471200
18.7,-0.15,100,"bu","13:49:41",5470200
18.7,-0.15,8300,"sd","13:49:36",5470100
18.7,-0.15,1700,"bu","13:49:24",5461800
18.7,-0.15,20000,"bu","13:49:23",5460100
18.7,-0.15,10000,"bu","13:49:18",5440100
18.7,-0.15,200,"bu","13:49:17",5430100
18.7,-0.15,4100,"sd","13:49:11",5429900
18.7,-0.15,6000,"bu","13:49:09",5425800
18.7,-0.15,55200,"sd","13:48:54",5419800
18.7,-0.15,700,"sd","13:48:54",5364600
18.7,-0.15,100,"sd","13:48:53",5363900
18.7,-0.15,2000,"sd","13:48:49",5363800
18.7,-0.15,90000,"sd","13:48:42",5361800
18.7,-0.15,3000,"sd","13:48:37",5271800
18.7,-0.15,3000,"sd","13:48:34",5268800
18.7,-0.15,5000,"sd","13:48:22",5265800
18.7,-0.15,10000,"sd","13:48:12",5260800
18.7,-0.15,10000,"sd","13:48:07",5250800
18.7,-0.15,2900,"sd","13:47:43",5240800
18.7,-0.15,3000,"sd","13:47:42",5237900
18.7,-0.15,10000,"sd","13:47:36",5234900
18.7,-0.15,500,"sd","13:47:29",5224900
18.7,-0.15,6000,"sd","13:47:19",5224400
18.7,-0.15,20000,"sd","13:47:13",5218400
18.7,-0.15,3400,"sd","13:47:05",5198400
18.75,-0.1,1100,"bu","13:46:49",5195000
18.7,-0.15,10000,"sd","13:46:39",5193900
18.7,-0.15,1000,"sd","13:46:02",5183900
18.75,-0.1,2000,"bu","13:45:19",5182900
18.7,-0.15,7000,"sd","13:45:12",5180900
18.75,-0.1,2000,"bu","13:45:07",5173900
18.75,-0.1,5000,"bu","13:45:03",5171900
18.7,-0.15,100,"sd","13:44:41",5166900
18.75,-0.1,500,"bu","13:44:37",5166800
18.75,-0.1,200,"bu","13:44:30",5166300
18.7,-0.15,1000,"sd","13:44:08",5166100
18.7,-0.15,1000,"sd","13:44:04",5165100
18.7,-0.15,500,"sd","13:44:03",5164100
18.7,-0.15,2900,"sd","13:43:56",5163600
18.7,-0.15,50000,"sd","13:43:25",5160700
18.7,-0.15,500,"sd","13:43:22",5110700
18.7,-0.15,4000,"sd","13:43:17",5110200
18.7,-0.15,10000,"sd","13:43:10",5106200
18.7,-0.15,7500,"sd","13:42:44",5096200
18.7,-0.15,10000,"sd","13:42:43",5088700
18.7,-0.15,1000,"sd","13:42:42",5078700
18.75,-0.1,1000,"bu","13:42:33",5077700
18.7,-0.15,20700,"sd","13:42:24",5076700
18.7,-0.15,100,"sd","13:42:03",5056000
18.7,-0.15,600,"sd","13:41:59",5055900
18.75,-0.1,100,"bu","13:41:25",5055300
18.7,-0.15,200,"sd","13:41:21",5055200
18.7,-0.15,10000,"sd","13:41:01",5055000
18.7,-0.15,10000,"sd","13:40:52",5045000
18.7,-0.15,600,"sd","13:40:48",5035000
18.7,-0.15,10000,"sd","13:40:38",5034400
18.7,-0.15,10000,"sd","13:40:28",5024400
18.7,-0.15,6000,"sd","13:40:15",5014400
18.7,-0.15,10000,"sd","13:39:59",5008400
18.7,-0.15,10000,"sd","13:39:54",4998400
18.7,-0.15,10000,"sd","13:39:49",4988400
18.75,-0.1,500,"bu","13:39:47",4978400
18.75,-0.1,500,"bu","13:39:42",4977900
18.75,-0.1,200,"bu","13:39:34",4977400
18.7,-0.15,10000,"sd","13:39:32",4977200
18.75,-0.1,1000,"bu","13:39:24",4967200
18.75,-0.1,500,"bu","13:38:16",4966200
18.75,-0.1,4000,"bu","13:38:15",4965700
18.7,-0.15,2000,"sd","13:38:14",4961700
18.75,-0.1,600,"bu","13:38:14",4959700
18.75,-0.1,30000,"bu","13:38:01",4959100
18.7,-0.15,2000,"sd","13:37:58",4929100
18.75,-0.1,1000,"bu","13:37:56",4927100
18.75,-0.1,200,"bu","13:37:49",4926100
18.7,-0.15,2100,"sd","13:37:44",4925900
18.75,-0.1,100,"bu","13:37:04",4923800
18.75,-0.1,100,"bu","13:36:36",4923700
18.75,-0.1,500,"bu","13:35:51",4923600
18.75,-0.1,200,"bu","13:35:50",4923100
18.75,-0.1,1400,"bu","13:35:41",4922900
18.75,-0.1,100,"bu","13:35:35",4921500
18.75,-0.1,500,"bu","13:35:18",4921400
18.75,-0.1,7000,"bu","13:35:00",4920900
18.75,-0.1,200,"bu","13:34:53",4913900
18.75,-0.1,3100,"bu","13:34:35",4913700
18.75,-0.1,700,"bu","13:34:15",4910600
18.75,-0.1,1000,"bu","13:33:57",4909900
18.75,-0.1,24700,"bu","13:33:52",4908900
18.75,-0.1,1000,"bu","13:33:22",4884200
18.75,-0.1,2000,"bu","13:32:49",4883200
18.75,-0.1,15400,"bu","13:32:33",4881200
18.75,-0.1,3300,"bu","13:32:22",4865800
18.75,-0.1,200,"bu","13:32:14",4862500
18.7,-0.15,8000,"sd","13:31:43",4862300
18.7,-0.15,30000,"sd","13:31:35",4854300
18.7,-0.15,50000,"sd","13:31:19",4824300
18.7,-0.15,1500,"sd","13:31:18",4774300
18.75,-0.1,4300,"bu","13:30:49",4772800
18.7,-0.15,46000,"sd","13:30:47",4768500
18.7,-0.15,1000,"sd","13:30:35",4722500
18.7,-0.15,100,"sd","13:30:35",4721500
18.75,-0.1,100,"bu","13:30:31",4721400
18.75,-0.1,3300,"bu","13:30:23",4721300
18.75,-0.1,100,"bu","13:29:50",4718000
18.75,-0.1,3300,"bu","13:29:47",4717900
18.75,-0.1,2000,"bu","13:29:38",4714600
18.75,-0.1,5000,"bu","13:29:29",4712600
18.75,-0.1,100,"bu","13:29:16",4707600
18.75,-0.1,1000,"bu","13:29:15",4707500
18.75,-0.1,300,"bu","13:29:08",4706500
18.75,-0.1,4000,"bu","13:28:50",4706200
18.75,-0.1,1000,"bu","13:28:42",4702200
18.75,-0.1,100,"bu","13:28:32",4701200
18.75,-0.1,100,"bu","13:28:26",4701100
18.75,-0.1,1300,"bu","13:28:01",4701000
18.75,-0.1,3000,"bu","13:27:55",4699700
18.75,-0.1,200,"bu","13:27:49",4696700
18.75,-0.1,500,"bu","13:27:40",4696500
18.75,-0.1,5000,"bu","13:27:31",4696000
18.75,-0.1,200,"bu","13:27:21",4691000
18.75,-0.1,1000,"bu","13:27:11",4690800
18.75,-0.1,500,"bu","13:27:05",4689800
18.75,-0.1,5000,"bu","13:26:54",4689300
18.75,-0.1,200,"bu","13:26:43",4684300
18.75,-0.1,2000,"bu","13:26:22",4684100
18.75,-0.1,1700,"bu","13:26:19",4682100
18.75,-0.1,2000,"bu","13:26:12",4680400
18.75,-0.1,1000,"bu","13:25:56",4678400
18.75,-0.1,3000,"bu","13:25:47",4677400
18.75,-0.1,1000,"bu","13:25:42",4674400
18.75,-0.1,500,"bu","13:25:37",4673400
18.75,-0.1,500,"bu","13:25:28",4672900
18.75,-0.1,2000,"bu","13:25:22",4672400
18.75,-0.1,5000,"bu","13:25:15",4670400
18.75,-0.1,1000,"bu","13:25:03",4665400
18.75,-0.1,2000,"bu","13:24:54",4664400
18.75,-0.1,100,"bu","13:24:25",4662400
18.75,-0.1,200,"bu","13:23:54",4662300
18.75,-0.1,1000,"bu","13:23:48",4662100
18.75,-0.1,1000,"bu","13:23:15",4661100
18.75,-0.1,3300,"bu","13:23:14",4660100
18.7,-0.15,1200,"sd","13:23:14",4656800
18.75,-0.1,100,"bu","13:22:40",4655600
18.75,-0.1,1000,"bu","13:22:33",4655500
18.75,-0.1,5000,"bu","13:22:18",4654500
18.75,-0.1,5000,"bu","13:21:34",4649500
18.75,-0.1,400,"bu","13:21:32",4644500
18.75,-0.1,2000,"bu","13:21:19",4644100
18.7,-0.15,10000,"sd","13:21:18",4642100
18.75,-0.1,200,"bu","13:21:07",4632100
18.75,-0.1,1000,"bu","13:21:01",4631900
18.75,-0.1,1000,"bu","13:20:25",4630900
18.75,-0.1,300,"bu","13:20:02",4629900
18.75,-0.1,500,"bu","13:19:56",4629600
18.75,-0.1,5000,"bu","13:19:48",4629100
18.75,-0.1,100,"bu","13:19:46",4624100
18.75,-0.1,1000,"bu","13:19:42",4624000
18.75,-0.1,100,"bu","13:19:31",4623000
18.75,-0.1,100,"bu","13:19:28",4622900
18.75,-0.1,9000,"bu","13:19:19",4622800
18.75,-0.1,100,"bu","13:19:03",4613800
18.75,-0.1,600,"bu","13:18:56",4613700
18.75,-0.1,500,"bu","13:18:23",4613100
18.75,-0.1,3200,"bu","13:18:20",4612600
18.75,-0.1,100,"bu","13:18:18",4609400
18.75,-0.1,1000,"bu","13:18:08",4609300
18.75,-0.1,900,"bu","13:18:05",4608300
18.75,-0.1,200,"bu","13:18:03",4607400
18.75,-0.1,100,"bu","13:17:57",4607200
18.75,-0.1,1000,"bu","13:17:56",4607100
18.75,-0.1,1000,"bu","13:17:55",4606100
18.7,-0.15,200,"sd","13:17:55",4605100
18.75,-0.1,500,"bu","13:17:52",4604900
18.75,-0.1,600,"bu","13:17:51",4604400
18.75,-0.1,1500,"bu","13:17:50",4603800
18.75,-0.1,500,"bu","13:17:48",4602300
18.75,-0.1,1100,"bu","13:17:46",4601800
18.75,-0.1,30000,"bu","13:17:43",4600700
18.7,-0.15,10000,"sd","13:17:41",4570700
18.75,-0.1,3000,"bu","13:17:40",4560700
18.75,-0.1,1000,"bu","13:17:39",4557700
18.75,-0.1,200,"bu","13:17:38",4556700
18.75,-0.1,11000,"bu","13:17:31",4556500
18.75,-0.1,700,"bu","13:17:23",4545500
18.75,-0.1,1000,"bu","13:17:18",4544800
18.75,-0.1,5000,"bu","13:17:12",4543800
18.75,-0.1,1000,"bu","13:17:05",4538800
18.75,-0.1,100,"bu","13:17:04",4537800
18.75,-0.1,4300,"bu","13:16:57",4537700
18.75,-0.1,100,"bu","13:16:55",4533400
18.75,-0.1,1000,"bu","13:16:44",4533300
18.75,-0.1,1000,"bu","13:16:41",4532300
18.75,-0.1,200,"bu","13:16:40",4531300
18.75,-0.1,100,"bu","13:16:38",4531100
18.75,-0.1,100,"bu","13:16:37",4531000
18.75,-0.1,1700,"bu","13:16:36",4530900
18.75,-0.1,300,"bu","13:16:33",4529200
18.75,-0.1,500,"bu","13:16:29",4528900
18.75,-0.1,500,"bu","13:16:28",4528400
18.75,-0.1,100,"bu","13:16:12",4527900
18.75,-0.1,100,"bu","13:16:07",4527800
18.75,-0.1,100,"bu","13:16:04",4527700
18.75,-0.1,200,"bu","13:15:58",4527600
18.75,-0.1,1800,"bu","13:15:58",4527400
18.75,-0.1,3000,"bu","13:15:53",4525600
18.75,-0.1,600,"bu","13:15:38",4522600
18.75,-0.1,1000,"bu","13:15:37",4522000
18.75,-0.1,1700,"bu","13:15:30",4521000
18.75,-0.1,300,"bu","13:14:56",4519300
18.75,-0.1,1000,"bu","13:14:55",4519000
18.7,-0.15,14000,"sd","13:14:47",4518000
18.75,-0.1,100,"bu","13:14:46",4504000
18.75,-0.1,1300,"bu","13:14:44",4503900
18.75,-0.1,700,"bu","13:14:43",4502600
18.75,-0.1,100,"bu","13:14:39",4501900
18.7,-0.15,18800,"sd","13:14:37",4501800
18.7,-0.15,200,"sd","13:14:37",4483000
18.75,-0.1,100,"bu","13:14:37",4482800
18.75,-0.1,300,"bu","13:14:15",4482700
18.75,-0.1,500,"bu","13:14:14",4482400
18.75,-0.1,1500,"bu","13:14:13",4481900
18.75,-0.1,200,"bu","13:13:57",4480400
18.75,-0.1,5000,"bu","13:13:57",4480200
18.75,-0.1,100,"bu","13:13:54",4475200
18.75,-0.1,200,"bu","13:13:50",4475100
18.75,-0.1,20000,"bu","13:13:42",4474900
18.75,-0.1,600,"bu","13:13:39",4454900
18.75,-0.1,200,"bu","13:13:28",4454300
18.75,-0.1,500,"bu","13:13:23",4454100
18.75,-0.1,500,"bu","13:13:20",4453600
18.75,-0.1,1000,"bu","13:13:18",4453100
18.75,-0.1,1000,"bu","13:13:16",4452100
18.75,-0.1,100,"bu","13:13:13",4451100
18.75,-0.1,5000,"bu","13:13:11",4451000
18.75,-0.1,600,"bu","13:13:08",4446000
18.75,-0.1,50000,"bu","13:13:04",4445400
18.75,-0.1,1000,"bu","13:13:01",4395400
18.75,-0.1,200,"bu","13:12:55",4394400
18.75,-0.1,200,"bu","13:12:53",4394200
18.75,-0.1,4000,"bu","13:12:48",4394000
18.75,-0.1,5000,"bu","13:12:47",4390000
18.75,-0.1,200,"bu","13:12:47",4385000
18.75,-0.1,700,"bu","13:12:35",4384800
18.75,-0.1,10000,"bu","13:12:26",4384100
18.75,-0.1,100,"bu","13:12:12",4374100
18.75,-0.1,100,"bu","13:11:54",4374000
18.7,-0.15,1600,"sd","13:11:47",4373900
18.75,-0.1,800,"bu","13:11:44",4372300
18.7,-0.15,1700,"sd","13:11:37",4371500
18.75,-0.1,100,"bu","13:11:15",4369800
18.7,-0.15,200,"sd","13:10:46",4369700
18.75,-0.1,2200,"bu","13:10:43",4369500
18.75,-0.1,500,"bu","13:10:41",4367300
18.75,-0.1,1000,"bu","13:10:38",4366800
18.75,-0.1,200,"bu","13:10:34",4365800
18.75,-0.1,1000,"bu","13:10:04",4365600
18.75,-0.1,1000,"bu","13:10:01",4364600
18.75,-0.1,500,"bu","13:09:56",4363600
18.75,-0.1,2000,"bu","13:09:42",4363100
18.75,-0.1,1000,"bu","13:09:41",4361100
18.75,-0.1,7400,"bu","13:09:37",4360100
18.75,-0.1,100,"bu","13:08:40",4352700
18.75,-0.1,400,"bu","13:08:38",4352600
18.75,-0.1,300,"bu","13:08:18",4352200
18.75,-0.1,2000,"bu","13:07:52",4351900
18.75,-0.1,5000,"bu","13:07:44",4349900
18.75,-0.1,100,"bu","13:07:41",4344900
18.75,-0.1,6700,"sd","13:07:34",4344800
18.75,-0.1,6000,"sd","13:07:14",4338100
18.75,-0.1,1000,"sd","13:07:11",4332100
18.75,-0.1,200,"sd","13:07:07",4331100
18.75,-0.1,94700,"bu","13:06:51",4330900
18.75,-0.1,200,"bu","13:06:50",4236200
18.75,-0.1,400,"bu","13:06:45",4236000
18.75,-0.1,24200,"sd","13:06:21",4235600
18.75,-0.1,3500,"sd","13:05:15",4211400
18.75,-0.1,3000,"sd","13:04:54",4207900
18.75,-0.1,1500,"sd","13:04:49",4204900
18.75,-0.1,6500,"bu","13:04:37",4203400
18.75,-0.1,5000,"bu","13:04:33",4196900
18.75,-0.1,500,"bu","13:04:30",4191900
18.75,-0.1,10000,"bu","13:04:28",4191400
18.75,-0.1,500,"bu","13:04:27",4181400
18.75,-0.1,1000,"bu","13:04:24",4180900
18.75,-0.1,10000,"bu","13:04:21",4179900
18.75,-0.1,500,"bu","13:04:17",4169900
18.7,-0.15,1000,"sd","13:04:12",4169400
18.75,-0.1,20000,"bu","13:04:11",4168400
18.75,-0.1,100,"bu","13:04:08",4148400
18.7,-0.15,1200,"sd","13:04:07",4148300
18.75,-0.1,10000,"bu","13:04:04",4147100
18.75,-0.1,2000,"bu","13:04:01",4137100
18.75,-0.1,600,"bu","13:03:44",4135100
18.75,-0.1,500,"bu","13:03:42",4134500
18.75,-0.1,200,"bu","13:03:25",4134000
18.75,-0.1,1700,"bu","13:03:10",4133800
18.7,-0.15,1000,"sd","13:03:06",4132100
18.7,-0.15,8900,"sd","13:02:47",4131100
18.7,-0.15,1100,"sd","13:02:46",4122200
18.75,-0.1,100,"bu","13:02:46",4121100
18.75,-0.1,5000,"bu","13:02:36",4121000
18.75,-0.1,100,"bu","13:02:35",4116000
18.75,-0.1,1000,"bu","13:02:29",4115900
18.75,-0.1,100,"bu","13:01:55",4114900
18.75,-0.1,1000,"bu","13:01:42",4114800
18.75,-0.1,200,"bu","13:01:21",4113800
18.7,-0.15,200,"sd","13:01:18",4113600
18.75,-0.1,1000,"bu","13:00:53",4113400
18.75,-0.1,300,"bu","13:00:26",4112400
18.75,-0.1,500,"bu","13:00:21",4112100
18.75,-0.1,300,"bu","13:00:14",4111600
18.75,-0.1,500,"bu","13:00:12",4111300
18.75,-0.1,13000,"bu","13:00:07",4110800
18.75,-0.1,500,"bu","13:00:04",4097800
18.75,-0.1,7000,"bu","13:00:02",4097300
18.75,-0.1,3600,"sd","13:00:01",4090300
18.75,-0.1,2000,"sd","13:00:00",4086700
18.75,-0.1,200,"bu","11:29:22",4084700
18.75,-0.1,1000,"bu","11:29:13",4084500
18.75,-0.1,500,"bu","11:29:10",4083500
18.75,-0.1,100,"bu","11:29:04",4083000
18.75,-0.1,3000,"bu","11:28:58",4082900
18.75,-0.1,1000,"bu","11:28:46",4079900
18.75,-0.1,100,"bu","11:28:44",4078900
18.75,-0.1,9900,"bu","11:28:38",4078800
18.75,-0.1,500,"bu","11:28:32",4068900
18.75,-0.1,500,"bu","11:28:31",4068400
18.75,-0.1,5000,"bu","11:28:29",4067900
18.75,-0.1,600,"bu","11:28:12",4062900
18.75,-0.1,200,"bu","11:27:59",4062300
18.75,-0.1,1000,"bu","11:27:35",4062100
18.75,-0.1,200,"bu","11:27:18",4061100
18.75,-0.1,10800,"sd","11:27:15",4060900
18.75,-0.1,500,"sd","11:27:14",4050100
18.75,-0.1,200,"sd","11:26:59",4049600
18.75,-0.1,30000,"sd","11:26:59",4049400
18.75,-0.1,15000,"sd","11:26:56",4019400
18.75,-0.1,30000,"sd","11:26:47",4004400
18.75,-0.1,100000,"sd","11:26:38",3974400
18.75,-0.1,1000,"sd","11:26:35",3874400
18.75,-0.1,16300,"sd","11:26:33",3873400
18.75,-0.1,11700,"sd","11:26:32",3857100
18.75,-0.1,7000,"sd","11:26:31",3845400
18.75,-0.1,1000,"sd","11:25:36",3838400
18.8,-0.05,500,"bu","11:25:03",3837400
18.8,-0.05,5000,"bu","11:24:06",3836900
18.8,-0.05,300,"bu","11:23:55",3831900
18.8,-0.05,700,"bu","11:23:51",3831600
18.8,-0.05,1100,"bu","11:23:28",3830900
18.8,-0.05,5000,"bu","11:23:19",3829800
18.8,-0.05,100,"bu","11:22:44",3824800
18.75,-0.1,500,"sd","11:22:19",3824700
18.75,-0.1,20000,"sd","11:22:04",3824200
18.75,-0.1,1000,"sd","11:21:46",3804200
18.75,-0.1,100,"sd","11:21:32",3803200
18.75,-0.1,5000,"sd","11:21:23",3803100
18.75,-0.1,5000,"sd","11:21:06",3798100
18.75,-0.1,5000,"sd","11:19:46",3793100
18.75,-0.1,10000,"sd","11:19:39",3788100
18.75,-0.1,10000,"sd","11:19:36",3778100
18.75,-0.1,10000,"sd","11:18:44",3768100
18.75,-0.1,1000,"sd","11:18:19",3758100
18.75,-0.1,300,"sd","11:18:10",3757100
18.75,-0.1,3500,"sd","11:18:09",3756800
18.75,-0.1,2000,"sd","11:17:27",3753300
18.8,-0.05,100,"bu","11:17:07",3751300
18.75,-0.1,10000,"sd","11:16:51",3751200
18.75,-0.1,10900,"sd","11:16:46",3741200
18.75,-0.1,2000,"sd","11:16:18",3730300
18.8,-0.05,2000,"bu","11:15:25",3728300
18.8,-0.05,5000,"bu","11:15:03",3726300
18.75,-0.1,100,"sd","11:14:46",3721300
18.75,-0.1,100,"sd","11:13:55",3721200
18.8,-0.05,200,"bu","11:13:46",3721100
18.75,-0.1,5000,"sd","11:13:22",3720900
18.75,-0.1,100,"sd","11:12:37",3715900
18.75,-0.1,200,"sd","11:12:28",3715800
18.75,-0.1,500,"sd","11:12:17",3715600
18.75,-0.1,100,"sd","11:12:11",3715100
18.75,-0.1,10000,"sd","11:11:54",3715000
18.75,-0.1,2100,"sd","11:10:52",3705000
18.75,-0.1,5000,"sd","11:10:31",3702900
18.8,-0.05,5000,"bu","11:10:21",3697900
18.8,-0.05,500,"bu","11:09:56",3692900
18.8,-0.05,900,"bu","11:09:14",3692400
18.8,-0.05,64500,"sd","11:08:38",3691500
18.8,-0.05,30000,"sd","11:08:37",3627000
18.8,-0.05,4600,"sd","11:08:35",3597000
18.8,-0.05,40000,"sd","11:08:28",3592400
18.8,-0.05,150000,"sd","11:08:26",3552400
18.8,-0.05,5000,"sd","11:08:13",3402400
18.8,-0.05,10000,"sd","11:08:11",3397400
18.85,0,5000,"bu","11:08:04",3387400
18.8,-0.05,400,"sd","11:07:56",3382400
18.8,-0.05,20000,"sd","11:07:37",3382000
18.8,-0.05,2000,"sd","11:07:18",3362000
18.8,-0.05,20000,"sd","11:06:46",3360000
18.8,-0.05,2000,"sd","11:06:06",3340000
18.8,-0.05,5000,"sd","11:05:44",3338000
18.85,0,100,"bu","11:05:12",3333000
18.8,-0.05,100,"sd","11:05:07",3332900
18.85,0,1400,"bu","11:05:01",3332800
18.85,0,3600,"bu","11:05:01",3331400
18.8,-0.05,400,"sd","11:05:00",3327800
18.8,-0.05,15000,"sd","11:04:43",3327400
18.85,0,500,"bu","11:04:32",3312400
18.85,0,100,"bu","11:04:15",3311900
18.85,0,700,"bu","11:04:01",3311800
18.85,0,500,"bu","11:03:55",3311100
18.85,0,5000,"bu","11:03:29",3310600
18.85,0,33000,"bu","11:03:08",3305600
18.85,0,1000,"bu","11:02:50",3272600
18.85,0,5000,"bu","11:02:35",3271600
18.85,0,2000,"bu","11:01:48",3266600
18.85,0,10000,"bu","10:59:42",3264600
18.85,0,10000,"bu","10:59:12",3254600
18.8,-0.05,1600,"sd","10:58:50",3244600
18.85,0,10000,"bu","10:58:49",3243000
18.85,0,10000,"bu","10:58:47",3233000
18.85,0,20700,"sd","10:58:35",3223000
18.85,0,50000,"sd","10:58:30",3202300
18.85,0,100,"sd","10:58:24",3152300
18.85,0,7500,"sd","10:58:10",3152200
18.85,0,100,"sd","10:58:10",3144700
18.85,0,5000,"sd","10:57:31",3144600
18.85,0,20000,"sd","10:57:15",3139600
18.85,0,5400,"sd","10:57:12",3119600
18.85,0,20000,"sd","10:57:09",3114200
18.85,0,100,"sd","10:55:50",3094200
18.85,0,39000,"sd","10:55:50",3094100
18.85,0,100,"sd","10:55:29",3055100
18.85,0,1000,"sd","10:55:06",3055000
18.9,0.05,3500,"bu","10:54:52",3054000
18.85,0,20000,"sd","10:54:27",3050500
18.85,0,10000,"sd","10:54:03",3030500
18.85,0,200,"sd","10:53:53",3020500
18.85,0,900,"sd","10:53:37",3020300
18.85,0,20000,"sd","10:53:19",3019400
18.9,0.05,1000,"bu","10:53:11",2999400
18.9,0.05,4000,"bu","10:53:07",2998400
18.9,0.05,2500,"bu","10:52:53",2994400
18.85,0,500,"sd","10:52:39",2991900
18.85,0,20000,"sd","10:52:30",2991400
18.85,0,8300,"sd","10:52:07",2971400
18.85,0,10000,"sd","10:51:49",2963100
18.85,0,700,"bu","10:51:34",2953100
18.85,0,300,"bu","10:51:32",2952400
18.9,0.05,5100,"bu","10:51:25",2952100
18.9,0.05,17700,"bu","10:51:25",2947000
18.85,0,7200,"bu","10:51:25",2929300
18.85,0,5000,"bu","10:51:24",2922100
18.85,0,700,"bu","10:51:22",2917100
18.85,0,2000,"bu","10:51:20",2916400
18.85,0,8800,"sd","10:51:14",2914400
18.85,0,64300,"sd","10:51:14",2905600
18.9,0.05,6000,"bu","10:51:13",2841300
18.9,0.05,1500,"bu","10:50:40",2835300
18.9,0.05,300,"bu","10:50:03",2833800
18.85,0,25300,"bu","10:49:50",2833500
18.85,0,37000,"bu","10:49:50",2808200
18.85,0,1000,"bu","10:49:49",2771200
18.85,0,5000,"bu","10:49:47",2770200
18.85,0,2000,"bu","10:49:45",2765200
18.85,0,30000,"bu","10:49:38",2763200
18.85,0,100,"bu","10:49:33",2733200
18.85,0,10000,"bu","10:49:31",2733100
18.85,0,1000,"bu","10:49:28",2723100
18.85,0,1000,"bu","10:49:17",2722100
18.85,0,2000,"bu","10:49:16",2721100
18.85,0,900,"bu","10:49:14",2719100
18.85,0,3000,"bu","10:49:03",2718200
18.85,0,500,"bu","10:49:02",2715200
18.85,0,2000,"bu","10:48:59",2714700
18.85,0,3300,"bu","10:48:58",2712700
18.85,0,30000,"bu","10:48:44",2709400
18.85,0,100,"bu","10:48:19",2679400
18.85,0,5500,"bu","10:48:03",2679300
18.8,-0.05,2000,"sd","10:46:48",2673800
18.8,-0.05,2000,"sd","10:46:00",2671800
18.8,-0.05,2000,"sd","10:45:50",2669800
18.85,0,100000,"bu","10:45:49",2667800
18.8,-0.05,10000,"sd","10:45:35",2567800
18.8,-0.05,2000,"sd","10:45:22",2557800
18.8,-0.05,1000,"sd","10:45:16",2555800
18.8,-0.05,5000,"sd","10:45:05",2554800
18.8,-0.05,10000,"sd","10:44:30",2549800
18.8,-0.05,2000,"sd","10:44:28",2539800
18.8,-0.05,10000,"sd","10:44:24",2537800
18.8,-0.05,10000,"sd","10:43:36",2527800
18.8,-0.05,200,"sd","10:43:17",2517800
18.85,0,5000,"bu","10:43:07",2517600
18.85,0,2500,"bu","10:42:37",2512600
18.8,-0.05,10000,"sd","10:42:35",2510100
18.8,-0.05,20000,"sd","10:42:10",2500100
18.8,-0.05,500,"sd","10:41:56",2480100
18.85,0,1000,"bu","10:41:35",2479600
18.8,-0.05,600,"sd","10:41:31",2478600
18.85,0,10000,"bu","10:41:11",2478000
18.85,0,200,"bu","10:41:10",2468000
18.85,0,300,"bu","10:41:03",2467800
18.85,0,500,"bu","10:40:51",2467500
18.85,0,10000,"bu","10:40:46",2467000
18.85,0,2000,"bu","10:40:44",2457000
18.85,0,1000,"bu","10:39:59",2455000
18.85,0,500,"bu","10:39:39",2454000
18.85,0,500,"bu","10:39:18",2453500
18.8,-0.05,1000,"sd","10:39:03",2453000
18.85,0,100,"bu","10:38:31",2452000
18.85,0,15000,"bu","10:38:04",2451900
18.8,-0.05,9900,"sd","10:38:01",2436900
18.8,-0.05,10000,"sd","10:37:36",2427000
18.8,-0.05,25000,"sd","10:37:03",2417000
18.8,-0.05,9000,"sd","10:36:47",2392000
18.85,0,10000,"bu","10:36:44",2383000
18.85,0,5000,"bu","10:34:46",2373000
18.85,0,500,"bu","10:34:31",2368000
18.8,-0.05,2200,"sd","10:34:21",2367500
18.85,0,5000,"bu","10:34:15",2365300
18.85,0,200,"bu","10:34:03",2360300
18.85,0,10000,"bu","10:34:02",2360100
18.85,0,200,"bu","10:34:01",2350100
18.85,0,82500,"sd","10:34:00",2349900
18.85,0,25500,"bu","10:33:58",2267400
18.85,0,1000,"bu","10:33:57",2241900
18.85,0,600,"bu","10:33:55",2240900
18.85,0,5300,"bu","10:33:54",2240300
18.85,0,5000,"bu","10:33:52",2235000
18.85,0,500,"bu","10:33:14",2230000
18.85,0,200000,"bu","10:33:03",2229500
18.8,-0.05,200,"sd","10:32:58",2029500
18.8,-0.05,20000,"sd","10:32:06",2029300
18.85,0,4000,"bu","10:31:45",2009300
18.85,0,1000,"bu","10:31:10",2005300
18.8,-0.05,1000,"sd","10:31:01",2004300
18.8,-0.05,500,"sd","10:30:54",2003300
18.8,-0.05,300,"sd","10:30:51",2002800
18.8,-0.05,30300,"sd","10:30:28",2002500
18.8,-0.05,900,"sd","10:30:21",1972200
18.8,-0.05,2000,"sd","10:30:20",1971300
18.8,-0.05,9000,"sd","10:30:16",1969300
18.8,-0.05,200,"sd","10:29:57",1960300
18.8,-0.05,100,"sd","10:29:13",1960100
18.8,-0.05,200,"sd","10:28:26",1960000
18.8,-0.05,8900,"sd","10:28:21",1959800
18.8,-0.05,100,"sd","10:27:45",1950900
18.8,-0.05,500,"sd","10:27:26",1950800
18.8,-0.05,900,"sd","10:27:00",1950300
18.8,-0.05,8200,"bu","10:26:44",1949400
18.8,-0.05,21800,"sd","10:26:42",1941200
18.8,-0.05,10800,"sd","10:26:39",1919400
18.8,-0.05,16300,"bu","10:26:22",1908600
18.8,-0.05,2000,"bu","10:26:21",1892300
18.8,-0.05,1200,"bu","10:26:13",1890300
18.8,-0.05,100,"bu","10:26:07",1889100
18.8,-0.05,1300,"bu","10:25:42",1889000
18.8,-0.05,100,"bu","10:25:38",1887700
18.85,0,4700,"bu","10:25:27",1887600
18.8,-0.05,1500,"bu","10:25:03",1882900
18.8,-0.05,500,"bu","10:25:02",1881400
18.8,-0.05,8000,"sd","10:24:47",1880900
18.8,-0.05,10000,"sd","10:24:42",1872900
18.8,-0.05,10000,"sd","10:24:32",1862900
18.8,-0.05,7200,"sd","10:23:48",1852900
18.8,-0.05,10000,"sd","10:23:34",1845700
18.8,-0.05,2200,"bu","10:23:22",1835700
18.8,-0.05,5000,"bu","10:23:14",1833500
18.8,-0.05,5000,"bu","10:23:10",1828500
18.8,-0.05,2800,"sd","10:23:05",1823500
18.8,-0.05,1300,"sd","10:22:58",1820700
18.8,-0.05,17200,"bu","10:22:50",1819400
18.8,-0.05,5000,"bu","10:22:46",1802200
18.8,-0.05,1600,"bu","10:22:34",1797200
18.8,-0.05,200,"sd","10:22:19",1795600
18.8,-0.05,11500,"bu","10:22:04",1795400
18.75,-0.1,100,"sd","10:21:33",1783900
18.8,-0.05,8500,"sd","10:21:32",1783800
18.8,-0.05,100000,"sd","10:21:26",1775300
18.8,-0.05,10000,"sd","10:21:16",1675300
18.8,-0.05,10000,"sd","10:20:43",1665300
18.8,-0.05,10000,"sd","10:20:37",1655300
18.85,0,200,"bu","10:20:08",1645300
18.8,-0.05,10000,"sd","10:18:06",1645100
18.85,0,1000,"bu","10:17:16",1635100
18.8,-0.05,3000,"sd","10:15:43",1634100
18.85,0,100,"bu","10:15:20",1631100
18.85,0,4000,"bu","10:14:12",1631000
18.8,-0.05,1000,"sd","10:13:58",1627000
18.85,0,100,"bu","10:13:55",1626000
18.85,0,100,"bu","10:13:50",1625900
18.85,0,500,"bu","10:13:40",1625800
18.8,-0.05,1000,"sd","10:13:38",1625300
18.85,0,1000,"bu","10:13:05",1624300
18.8,-0.05,58000,"sd","10:13:01",1623300
18.8,-0.05,1000,"sd","10:12:57",1565300
18.8,-0.05,1000,"sd","10:12:53",1564300
18.85,0,200,"bu","10:12:45",1563300
18.85,0,1100,"bu","10:10:44",1563100
18.85,0,11300,"sd","10:10:33",1562000
18.85,0,2000,"sd","10:10:25",1550700
18.85,0,10000,"sd","10:10:11",1548700
18.85,0,300,"sd","10:10:05",1538700
18.85,0,5000,"sd","10:10:02",1538400
18.85,0,10000,"sd","10:10:00",1533400
18.85,0,10000,"sd","10:09:56",1523400
18.85,0,10000,"sd","10:09:42",1513400
18.85,0,200,"sd","10:09:35",1503400
18.85,0,5000,"sd","10:09:27",1503200
18.85,0,500,"sd","10:09:26",1498200
18.85,0,500,"sd","10:08:57",1497700
18.85,0,10000,"sd","10:08:50",1497200
18.85,0,10000,"sd","10:08:36",1487200
18.85,0,500,"sd","10:08:36",1477200
18.85,0,10000,"sd","10:08:30",1476700
18.85,0,1000,"sd","10:08:22",1466700
18.85,0,10000,"sd","10:08:15",1465700
18.85,0,3100,"sd","10:08:02",1455700
18.85,0,1600,"sd","10:07:17",1452600
18.85,0,2400,"sd","10:07:16",1451000
18.85,0,1000,"sd","10:07:15",1448600
18.85,0,1100,"sd","10:07:11",1447600
18.85,0,10000,"sd","10:07:01",1446500
18.85,0,500,"sd","10:06:48",1436500
18.85,0,5000,"sd","10:06:43",1436000
18.85,0,1000,"sd","10:06:32",1431000
18.85,0,5000,"sd","10:06:26",1430000
18.85,0,500,"sd","10:06:17",1425000
18.85,0,200,"sd","10:05:41",1424500
18.85,0,5000,"sd","10:05:02",1424300
18.9,0.05,200,"bu","10:04:22",1419300
18.85,0,500,"sd","10:04:14",1419100
18.85,0,200,"sd","10:04:10",1418600
18.85,0,100,"sd","10:04:07",1418400
18.85,0,27000,"sd","10:03:48",1418300
18.85,0,500,"sd","10:03:45",1391300
18.85,0,5000,"sd","10:03:29",1390800
18.85,0,5000,"sd","10:03:07",1385800
18.85,0,2100,"sd","10:02:23",1380800
18.85,0,1000,"sd","10:02:00",1378700
18.85,0,5000,"sd","10:01:39",1377700
18.85,0,1000,"sd","10:01:05",1372700
18.85,0,50000,"sd","10:00:57",1371700
18.85,0,500,"sd","09:59:29",1321700
18.85,0,20000,"sd","09:59:12",1321200
18.85,0,10000,"sd","09:59:00",1301200
18.85,0,10000,"sd","09:58:54",1291200
18.85,0,6100,"sd","09:58:41",1281200
18.85,0,35000,"sd","09:58:18",1275100
18.85,0,1000,"sd","09:58:05",1240100
18.85,0,100,"sd","09:57:51",1239100
18.85,0,25000,"sd","09:57:46",1239000
18.85,0,3000,"sd","09:56:55",1214000
18.85,0,10000,"sd","09:56:21",1211000
18.85,0,49800,"sd","09:56:14",1201000
18.85,0,10000,"sd","09:55:04",1151200
18.85,0,27200,"bu","09:54:22",1141200
18.85,0,2800,"sd","09:54:15",1114000
18.85,0,1000,"sd","09:54:01",1111200
18.85,0,1600,"bu","09:53:10",1110200
18.85,0,1000,"bu","09:52:40",1108600
18.85,0,500,"bu","09:52:33",1107600
18.85,0,500,"bu","09:52:25",1107100
18.85,0,500,"bu","09:52:20",1106600
18.85,0,5000,"bu","09:52:05",1106100
18.85,0,4000,"bu","09:51:24",1101100
18.85,0,200,"bu","09:51:23",1097100
18.85,0,13600,"sd","09:51:22",1096900
18.85,0,1000,"sd","09:51:08",1083300
18.85,0,1000,"sd","09:51:07",1082300
18.85,0,1000,"sd","09:50:36",1081300
18.85,0,1000,"sd","09:50:18",1080300
18.9,0.05,1000,"bu","09:49:48",1079300
18.9,0.05,500,"bu","09:49:17",1078300
18.85,0,2000,"bu","09:48:59",1077800
18.85,0,2000,"bu","09:48:54",1075800
18.8,-0.05,1000,"sd","09:48:45",1073800
18.85,0,200,"bu","09:48:42",1072800
18.85,0,300,"bu","09:48:19",1072600
18.8,-0.05,300,"sd","09:48:15",1072300
18.8,-0.05,2000,"sd","09:48:12",1072000
18.85,0,800,"sd","09:48:09",1070000
18.85,0,5000,"sd","09:48:07",1069200
18.85,0,24200,"bu","09:48:06",1064200
18.8,-0.05,1000,"sd","09:47:56",1040000
18.85,0,500,"bu","09:47:27",1039000
18.85,0,200,"bu","09:47:25",1038500
18.85,0,3000,"bu","09:47:10",1038300
18.8,-0.05,1000,"sd","09:46:51",1035300
18.85,0,200,"bu","09:46:21",1034300
18.8,-0.05,1000,"sd","09:46:10",1034100
18.85,0,2000,"bu","09:45:18",1033100
18.85,0,600,"bu","09:45:13",1031100
18.85,0,200,"bu","09:45:03",1030500
18.85,0,100,"bu","09:44:57",1030300
18.85,0,28200,"sd","09:44:50",1030200
18.85,0,1000,"sd","09:44:26",1002000
18.85,0,300,"sd","09:44:16",1001000
18.85,0,400,"sd","09:43:56",1000700
18.85,0,600,"sd","09:43:35",1000300
18.85,0,500,"sd","09:43:31",999700
18.85,0,3000,"sd","09:43:09",999200
18.85,0,5200,"sd","09:43:03",996200
18.85,0,1400,"sd","09:42:46",991000
18.85,0,2800,"sd","09:42:37",989600
18.85,0,600,"sd","09:42:33",986800
18.85,0,200,"sd","09:42:32",986200
18.85,0,700,"sd","09:41:48",986000
18.85,0,7800,"bu","09:41:34",985300
18.85,0,30000,"bu","09:41:28",977500
18.85,0,1400,"bu","09:41:25",947500
18.85,0,30000,"bu","09:41:24",946100
18.85,0,1000,"bu","09:41:19",916100
18.85,0,30000,"bu","09:41:13",915100
18.8,-0.05,30000,"sd","09:40:47",885100
18.8,-0.05,300,"sd","09:40:43",855100
18.85,0,1000,"bu","09:40:39",854800
18.85,0,1000,"bu","09:40:13",853800
18.8,-0.05,500,"sd","09:40:12",852800
18.8,-0.05,300,"sd","09:39:30",852300
18.8,-0.05,400,"sd","09:39:27",852000
18.8,-0.05,16800,"bu","09:39:24",851600
18.8,-0.05,900,"bu","09:39:20",834800
18.8,-0.05,100,"bu","09:39:04",833900
18.75,-0.1,200,"sd","09:38:58",833800
18.8,-0.05,1000,"bu","09:38:48",833600
18.8,-0.05,200,"bu","09:38:46",832600
18.8,-0.05,40000,"bu","09:38:14",832400
18.8,-0.05,1000,"bu","09:38:11",792400
18.75,-0.1,200,"sd","09:38:03",791400
18.8,-0.05,1100,"bu","09:37:57",791200
18.8,-0.05,3000,"bu","09:37:53",790100
18.8,-0.05,22000,"bu","09:37:43",787100
18.75,-0.1,14000,"sd","09:37:34",765100
18.8,-0.05,100,"bu","09:37:24",751100
18.8,-0.05,600,"bu","09:37:10",751000
18.75,-0.1,500,"sd","09:37:06",750400
18.75,-0.1,100,"sd","09:37:04",749900
18.8,-0.05,500,"bu","09:37:04",749800
18.8,-0.05,1000,"bu","09:36:58",749300
18.75,-0.1,1000,"sd","09:36:58",748300
18.75,-0.1,1000,"sd","09:36:55",747300
18.75,-0.1,500,"sd","09:36:54",746300
18.75,-0.1,1000,"sd","09:36:29",745800
18.75,-0.1,2000,"sd","09:36:13",744800
18.75,-0.1,10000,"sd","09:36:04",742800
18.8,-0.05,20000,"bu","09:35:40",732800
18.75,-0.1,4200,"sd","09:35:24",712800
18.75,-0.1,3000,"sd","09:35:13",708600
18.75,-0.1,52000,"sd","09:35:00",705600
18.75,-0.1,5400,"sd","09:34:33",653600
18.75,-0.1,500,"sd","09:34:13",648200
18.8,-0.05,100,"bu","09:33:53",647700
18.8,-0.05,38000,"sd","09:33:41",647600
18.8,-0.05,1400,"sd","09:33:40",609600
18.8,-0.05,100,"sd","09:33:38",608200
18.8,-0.05,5000,"sd","09:33:37",608100
18.8,-0.05,2000,"sd","09:33:35",603100
18.8,-0.05,100,"sd","09:33:24",601100
18.8,-0.05,2000,"sd","09:33:23",601000
18.8,-0.05,100,"sd","09:33:21",599000
18.8,-0.05,200,"sd","09:33:13",598900
18.8,-0.05,10000,"sd","09:33:11",598700
18.8,-0.05,2000,"sd","09:33:10",588700
18.8,-0.05,500,"sd","09:33:05",586700
18.8,-0.05,200,"sd","09:32:22",586200
18.8,-0.05,5000,"sd","09:32:11",586000
18.8,-0.05,5900,"sd","09:32:10",581000
18.8,-0.05,200,"sd","09:32:07",575100
18.8,-0.05,5000,"sd","09:31:31",574900
18.8,-0.05,1900,"sd","09:31:22",569900
18.8,-0.05,15400,"sd","09:31:16",568000
18.85,0,1000,"bu","09:31:05",552600
18.8,-0.05,600,"sd","09:31:03",551600
18.8,-0.05,300,"sd","09:30:52",551000
18.8,-0.05,10000,"sd","09:30:47",550700
18.8,-0.05,500,"sd","09:30:42",540700
18.8,-0.05,500,"sd","09:30:24",540200
18.8,-0.05,100,"sd","09:30:23",539700
18.8,-0.05,20000,"sd","09:30:15",539600
18.8,-0.05,3500,"sd","09:30:15",519600
18.8,-0.05,6000,"sd","09:30:12",516100
18.8,-0.05,100,"sd","09:30:11",510100
18.8,-0.05,11400,"sd","09:30:10",510000
18.8,-0.05,23600,"sd","09:30:09",498600
18.8,-0.05,800,"sd","09:30:06",475000
18.8,-0.05,20000,"sd","09:29:59",474200
18.8,-0.05,20000,"sd","09:29:52",454200
18.8,-0.05,1000,"sd","09:29:43",434200
18.8,-0.05,2000,"sd","09:29:36",433200
18.8,-0.05,8000,"sd","09:29:34",431200
18.8,-0.05,3000,"sd","09:29:25",423200
18.8,-0.05,10000,"sd","09:29:12",420200
18.85,0,100,"bu","09:27:08",410200
18.85,0,3800,"sd","09:26:46",410100
18.85,0,1000,"sd","09:26:34",406300
18.85,0,1000,"sd","09:26:22",405300
18.85,0,5000,"sd","09:26:06",404300
18.85,0,2000,"sd","09:25:49",399300
18.85,0,1700,"sd","09:25:42",397300
18.9,0.05,30000,"bu","09:25:07",395600
18.9,0.05,2000,"bu","09:24:56",365600
18.9,0.05,100,"bu","09:24:50",363600
18.85,0,30000,"sd","09:24:49",363500
18.85,0,100,"sd","09:24:34",333500
18.85,0,1000,"sd","09:24:31",333400
18.85,0,200,"sd","09:24:26",332400
18.85,0,200,"sd","09:24:21",332200
18.85,0,20000,"sd","09:24:08",332000
18.85,0,3000,"sd","09:24:07",312000
18.85,0,2000,"sd","09:24:05",309000
18.85,0,5000,"sd","09:23:25",307000
18.9,0.05,500,"bu","09:23:02",302000
18.9,0.05,200,"bu","09:22:29",301500
18.9,0.05,500,"bu","09:22:25",301300
18.9,0.05,1300,"sd","09:22:22",300800
18.9,0.05,31000,"sd","09:22:19",299500
18.9,0.05,19400,"sd","09:22:18",268500
18.9,0.05,500,"sd","09:22:18",249100
18.9,0.05,10200,"sd","09:22:17",248600
18.9,0.05,10000,"sd","09:22:06",238400
18.9,0.05,1900,"sd","09:21:45",228400
18.9,0.05,100,"sd","09:21:43",226500
18.9,0.05,100,"sd","09:21:34",226400
18.9,0.05,5400,"sd","09:21:33",226300
18.9,0.05,5000,"sd","09:21:14",220900
18.9,0.05,500,"sd","09:20:45",215900
18.9,0.05,1000,"sd","09:20:44",215400
18.9,0.05,20000,"sd","09:20:28",214400
18.9,0.05,9100,"sd","09:20:11",194400
18.9,0.05,300,"sd","09:20:01",185300
18.9,0.05,2000,"sd","09:19:55",185000
18.95,0.1,10500,"bu","09:19:37",183000
18.9,0.05,1000,"sd","09:19:22",172500
18.9,0.05,300,"sd","09:18:55",171500
18.9,0.05,5000,"sd","09:18:51",171200
18.9,0.05,50000,"sd","09:18:36",166200
18.9,0.05,3000,"sd","09:18:03",116200
18.95,0.1,10500,"bu","09:17:58",113200
18.95,0.1,400,"bu","09:17:36",102700
18.95,0.1,100,"bu","09:16:26",102300
18.95,0.1,300,"bu","09:16:23",102200
18.9,0.05,10000,"sd","09:15:40",101900
18.95,0.1,2200,"sd","09:15:37",91900
18.95,0.1,50000,"sd","09:15:02",89700
18.95,0.1,39700,"","09:15:00",39700
