"price","change","match_qtty","side","time","total_vol"
17.8,-0.35,121200,"","14:45:04",3065500
17.8,-0.35,58400,"sd","14:29:53",2944300
17.8,-0.35,2000,"sd","14:29:52",2885900
17.85,-0.3,10000,"bu","14:29:43",2883900
17.85,-0.3,1000,"bu","14:29:42",2873900
17.85,-0.3,1000,"bu","14:29:39",2872900
17.85,-0.3,1000,"bu","14:29:32",2871900
17.85,-0.3,4000,"bu","14:29:30",2870900
17.85,-0.3,5000,"bu","14:29:27",2866900
17.85,-0.3,900,"bu","14:29:20",2861900
17.85,-0.3,300,"bu","14:29:16",2861000
17.85,-0.3,9600,"sd","14:29:15",2860700
17.85,-0.3,2000,"sd","14:29:06",2851100
17.9,-0.25,200,"bu","14:29:00",2849100
17.85,-0.3,10000,"sd","14:28:57",2848900
17.85,-0.3,2000,"sd","14:28:23",2838900
17.85,-0.3,8200,"bu","14:28:22",2836900
17.85,-0.3,300,"bu","14:28:20",2828700
17.85,-0.3,11500,"sd","14:28:15",2828400
17.85,-0.3,1500,"bu","14:27:39",2816900
17.85,-0.3,1000,"bu","14:27:36",2815400
17.85,-0.3,3000,"bu","14:27:34",2814400
17.85,-0.3,100,"bu","14:27:33",2811400
17.85,-0.3,100,"bu","14:27:25",2811300
17.85,-0.3,900,"bu","14:27:24",2811200
17.85,-0.3,5500,"sd","14:27:21",2810300
17.85,-0.3,3000,"sd","14:27:14",2804800
17.85,-0.3,2000,"bu","14:26:34",2801800
17.85,-0.3,300,"bu","14:26:22",2799800
17.85,-0.3,47700,"sd","14:26:09",2799500
17.9,-0.25,500,"bu","14:25:54",2751800
17.9,-0.25,2000,"bu","14:25:06",2751300
17.85,-0.3,200,"sd","14:24:56",2749300
17.9,-0.25,700,"bu","14:24:29",2749100
17.9,-0.25,500,"bu","14:24:09",2748400
17.9,-0.25,500,"bu","14:23:46",2747900
17.9,-0.25,2400,"bu","14:23:22",2747400
17.85,-0.3,200,"sd","14:23:07",2745000
17.85,-0.3,100,"sd","14:22:56",2744800
17.85,-0.3,2000,"sd","14:22:45",2744700
17.85,-0.3,700,"sd","14:22:12",2742700
17.85,-0.3,900,"sd","14:21:51",2742000
17.9,-0.25,4200,"bu","14:21:38",2741100
17.9,-0.25,100,"bu","14:21:16",2736900
17.9,-0.25,1000,"bu","14:21:07",2736800
17.9,-0.25,100,"bu","14:21:01",2735800
17.9,-0.25,100,"bu","14:20:40",2735700
17.9,-0.25,12500,"sd","14:20:34",2735600
17.9,-0.25,20000,"sd","14:19:23",2723100
17.95,-0.2,1000,"bu","14:19:05",2703100
17.95,-0.2,200,"bu","14:18:07",2702100
17.95,-0.2,400,"bu","14:17:11",2701900
17.9,-0.25,13000,"sd","14:17:10",2701500
17.95,-0.2,1000,"bu","14:16:48",2688500
17.95,-0.2,13000,"sd","14:16:41",2687500
17.95,-0.2,10100,"bu","14:16:20",2674500
17.95,-0.2,9900,"sd","14:16:15",2664400
18,-0.15,100,"bu","14:15:50",2654500
18,-0.15,5000,"bu","14:15:45",2654400
18,-0.15,5000,"bu","14:15:40",2649400
18,-0.15,1000,"bu","14:15:38",2644400
18,-0.15,700,"bu","14:15:36",2643400
18,-0.15,1000,"bu","14:15:29",2642700
18,-0.15,100,"bu","14:15:11",2641700
18,-0.15,100,"bu","14:15:06",2641600
18,-0.15,2200,"sd","14:14:26",2641500
18,-0.15,3000,"sd","14:14:18",2639300
18.05,-0.1,1300,"bu","14:14:12",2636300
18.05,-0.1,500,"bu","14:13:49",2635000
18.05,-0.1,1000,"bu","14:13:32",2634500
18,-0.15,5200,"bu","14:13:15",2633500
18,-0.15,200,"bu","14:13:08",2628300
18,-0.15,2800,"bu","14:13:05",2628100
18,-0.15,1000,"bu","14:13:04",2625300
18,-0.15,500,"bu","14:13:02",2624300
18,-0.15,52600,"bu","14:12:52",2623800
18,-0.15,700,"bu","14:12:34",2571200
17.95,-0.2,700,"bu","14:11:54",2570500
17.95,-0.2,500,"bu","14:11:53",2569800
17.95,-0.2,6400,"bu","14:11:50",2569300
17.95,-0.2,100,"bu","14:11:49",2562900
17.95,-0.2,13800,"bu","14:11:48",2562800
17.95,-0.2,1000,"bu","14:11:47",2549000
17.95,-0.2,500,"bu","14:11:44",2548000
17.95,-0.2,1000,"bu","14:11:43",2547500
17.95,-0.2,20000,"bu","14:11:42",2546500
17.95,-0.2,1000,"bu","14:11:41",2526500
17.95,-0.2,67000,"bu","14:11:38",2525500
17.9,-0.25,1000,"sd","14:11:33",2458500
17.95,-0.2,2000,"bu","14:11:22",2457500
17.95,-0.2,100,"bu","14:10:45",2455500
17.95,-0.2,2000,"bu","14:10:44",2455400
17.95,-0.2,100,"bu","14:10:42",2453400
17.95,-0.2,300,"bu","14:10:21",2453300
17.95,-0.2,200,"bu","14:10:12",2453000
17.95,-0.2,5000,"bu","14:09:52",2452800
17.95,-0.2,200,"bu","14:09:44",2447800
17.95,-0.2,500,"bu","14:09:36",2447600
17.95,-0.2,10000,"bu","14:09:24",2447100
17.95,-0.2,100,"bu","14:09:17",2437100
17.9,-0.25,2200,"bu","14:09:00",2437000
17.9,-0.25,200,"bu","14:08:59",2434800
17.9,-0.25,1300,"bu","14:08:56",2434600
17.9,-0.25,100,"bu","14:08:51",2433300
17.9,-0.25,2200,"bu","14:08:49",2433200
17.9,-0.25,2800,"bu","14:08:49",2431000
17.9,-0.25,21400,"bu","14:08:46",2428200
17.9,-0.25,500,"bu","14:08:44",2406800
17.9,-0.25,100,"bu","14:08:38",2406300
17.9,-0.25,100,"bu","14:08:35",2406200
17.9,-0.25,30000,"bu","14:08:34",2406100
17.9,-0.25,500,"bu","14:08:20",2376100
17.9,-0.25,300,"bu","14:08:18",2375600
17.9,-0.25,10000,"bu","14:08:13",2375300
17.85,-0.3,1700,"bu","14:08:00",2365300
17.85,-0.3,1000,"bu","14:07:58",2363600
17.85,-0.3,4000,"bu","14:07:56",2362600
17.85,-0.3,2000,"bu","14:07:55",2358600
17.85,-0.3,600,"bu","14:07:53",2356600
17.85,-0.3,3000,"bu","14:07:48",2356000
17.85,-0.3,7000,"bu","14:07:47",2353000
17.85,-0.3,100,"bu","14:07:35",2346000
17.85,-0.3,32900,"sd","14:07:27",2345900
17.85,-0.3,200,"sd","14:06:51",2313000
17.85,-0.3,100,"sd","14:06:47",2312800
17.85,-0.3,3300,"bu","14:06:44",2312700
17.85,-0.3,2000,"bu","14:06:42",2309400
17.85,-0.3,2000,"bu","14:06:41",2307400
17.85,-0.3,2000,"bu","14:06:41",2305400
17.85,-0.3,10000,"bu","14:06:38",2303400
17.85,-0.3,100,"bu","14:06:36",2293400
17.85,-0.3,500,"bu","14:06:32",2293300
17.85,-0.3,2000,"bu","14:06:30",2292800
17.85,-0.3,100,"bu","14:06:26",2290800
17.85,-0.3,100,"bu","14:06:24",2290700
17.85,-0.3,1000,"bu","14:06:13",2290600
17.85,-0.3,100,"bu","14:06:00",2289600
17.85,-0.3,2000,"bu","14:06:00",2289500
17.85,-0.3,1800,"bu","14:05:55",2287500
17.85,-0.3,100,"bu","14:05:32",2285700
17.85,-0.3,1000,"bu","14:05:25",2285600
17.85,-0.3,31900,"sd","14:05:24",2284600
17.9,-0.25,2000,"bu","14:05:18",2252700
17.9,-0.25,100,"bu","14:05:17",2250700
17.9,-0.25,10000,"bu","14:05:03",2250600
17.9,-0.25,400,"bu","14:04:54",2240600
17.9,-0.25,1000,"bu","14:04:41",2240200
17.9,-0.25,1000,"bu","14:04:36",2239200
17.85,-0.3,100,"sd","14:04:29",2238200
17.85,-0.3,1000,"sd","14:04:18",2238100
17.85,-0.3,100,"sd","14:03:53",2237100
17.85,-0.3,2500,"sd","14:03:39",2237000
17.9,-0.25,100,"bu","14:03:31",2234500
17.9,-0.25,100,"bu","14:03:24",2234400
17.9,-0.25,1500,"bu","14:03:13",2234300
17.9,-0.25,500,"bu","14:03:03",2232800
17.85,-0.3,500,"sd","14:02:28",2232300
17.85,-0.3,700,"bu","14:02:05",2231800
17.8,-0.35,5000,"sd","14:02:02",2231100
17.85,-0.3,500,"bu","14:02:00",2226100
17.85,-0.3,200,"bu","14:01:59",2225600
17.85,-0.3,500,"bu","14:01:52",2225400
17.85,-0.3,200,"bu","14:01:47",2224900
17.85,-0.3,500,"bu","14:01:46",2224700
17.85,-0.3,200,"bu","14:01:31",2224200
17.85,-0.3,200,"bu","14:01:30",2224000
17.85,-0.3,600,"bu","14:01:21",2223800
17.85,-0.3,800,"bu","14:01:12",2223200
17.8,-0.35,300,"sd","14:00:46",2222400
17.8,-0.35,6900,"sd","14:00:27",2222100
17.8,-0.35,1000,"bu","14:00:16",2215200
17.8,-0.35,500,"bu","14:00:16",2214200
17.8,-0.35,1000,"bu","14:00:15",2213700
17.8,-0.35,2000,"bu","14:00:06",2212700
17.8,-0.35,100,"bu","14:00:03",2210700
17.8,-0.35,2000,"bu","14:00:02",2210600
17.8,-0.35,900,"bu","14:00:02",2208600
17.8,-0.35,5000,"bu","13:59:59",2207700
17.8,-0.35,1000,"bu","13:59:58",2202700
17.8,-0.35,4800,"bu","13:59:56",2201700
17.8,-0.35,300,"bu","13:59:54",2196900
17.8,-0.35,1000,"bu","13:59:54",2196600
17.8,-0.35,300,"bu","13:59:52",2195600
17.8,-0.35,200,"bu","13:59:49",2195300
17.75,-0.4,1000,"sd","13:59:47",2195100
17.8,-0.35,1900,"bu","13:59:46",2194100
17.75,-0.4,1000,"sd","13:59:38",2192200
17.75,-0.4,1500,"sd","13:59:34",2191200
17.8,-0.35,100,"bu","13:59:31",2189700
17.75,-0.4,100,"sd","13:59:25",2189600
17.75,-0.4,5500,"sd","13:59:23",2189500
17.8,-0.35,900,"bu","13:59:16",2184000
17.8,-0.35,10100,"bu","13:59:13",2183100
17.75,-0.4,5000,"sd","13:59:08",2173000
17.8,-0.35,500,"bu","13:59:03",2168000
17.75,-0.4,500,"sd","13:58:39",2167500
17.8,-0.35,1000,"bu","13:58:30",2167000
17.8,-0.35,100,"bu","13:58:25",2166000
17.8,-0.35,200,"bu","13:58:00",2165900
17.8,-0.35,100,"bu","13:57:45",2165700
17.8,-0.35,500,"bu","13:57:40",2165600
17.75,-0.4,500,"sd","13:57:25",2165100
17.8,-0.35,5000,"bu","13:57:19",2164600
17.8,-0.35,69400,"sd","13:57:13",2159600
17.8,-0.35,31100,"sd","13:57:05",2090200
17.8,-0.35,68900,"sd","13:57:05",2059100
17.85,-0.3,7600,"sd","13:56:53",1990200
17.85,-0.3,1000,"sd","13:56:51",1982600
17.85,-0.3,50000,"sd","13:56:49",1981600
17.85,-0.3,32000,"sd","13:56:44",1931600
17.85,-0.3,1100,"sd","13:56:39",1899600
17.85,-0.3,500,"sd","13:56:36",1898500
17.9,-0.25,400,"bu","13:56:04",1898000
17.9,-0.25,4000,"sd","13:55:58",1897600
17.9,-0.25,1000,"bu","13:55:52",1893600
17.9,-0.25,27600,"sd","13:55:50",1892600
17.9,-0.25,1000,"sd","13:55:48",1865000
17.9,-0.25,9800,"sd","13:55:45",1864000
17.9,-0.25,1000,"sd","13:55:44",1854200
17.9,-0.25,10000,"sd","13:55:42",1853200
17.9,-0.25,10000,"sd","13:55:41",1843200
17.9,-0.25,10000,"sd","13:55:34",1833200
17.95,-0.2,100,"bu","13:55:08",1823200
17.9,-0.25,1200,"sd","13:55:06",1823100
17.9,-0.25,3000,"sd","13:54:42",1821900
17.9,-0.25,1000,"sd","13:54:27",1818900
17.9,-0.25,100,"sd","13:53:56",1817900
17.95,-0.2,10000,"bu","13:53:55",1817800
17.95,-0.2,1000,"bu","13:53:40",1807800
17.9,-0.25,5000,"sd","13:53:37",1806800
17.95,-0.2,1000,"bu","13:51:32",1801800
17.95,-0.2,500,"bu","13:50:32",1800800
17.95,-0.2,1300,"sd","13:50:14",1800300
17.95,-0.2,3000,"sd","13:50:10",1799000
17.95,-0.2,500,"bu","13:49:57",1796000
17.95,-0.2,200,"bu","13:49:42",1795500
17.95,-0.2,100,"bu","13:49:42",1795300
17.95,-0.2,5000,"bu","13:49:40",1795200
17.95,-0.2,500,"bu","13:49:25",1790200
17.95,-0.2,100,"bu","13:48:45",1789700
17.95,-0.2,500,"bu","13:48:35",1789600
17.9,-0.25,1000,"sd","13:48:23",1789100
17.95,-0.2,300,"bu","13:47:40",1788100
17.95,-0.2,7800,"sd","13:47:34",1787800
17.95,-0.2,1100,"sd","13:47:31",1780000
17.95,-0.2,10000,"sd","13:47:08",1778900
17.95,-0.2,500,"sd","13:46:45",1768900
17.95,-0.2,500,"sd","13:46:34",1768400
17.95,-0.2,500,"sd","13:46:28",1767900
17.95,-0.2,3000,"sd","13:45:25",1767400
17.95,-0.2,300,"sd","13:45:13",1764400
18,-0.15,100,"bu","13:45:10",1764100
17.95,-0.2,200,"sd","13:45:06",1764000
18,-0.15,200,"bu","13:45:04",1763800
18,-0.15,500,"bu","13:44:35",1763600
17.95,-0.2,2100,"sd","13:44:26",1763100
17.95,-0.2,2700,"sd","13:44:14",1761000
17.95,-0.2,400,"sd","13:42:46",1758300
17.95,-0.2,500,"sd","13:42:03",1757900
18,-0.15,600,"bu","13:41:27",1757400
18,-0.15,200,"bu","13:40:54",1756800
18,-0.15,6300,"sd","13:40:42",1756600
18,-0.15,1000,"sd","13:40:07",1750300
18,-0.15,400,"bu","13:39:42",1749300
18,-0.15,1000,"bu","13:39:35",1748900
18,-0.15,7000,"bu","13:39:24",1747900
18,-0.15,700,"bu","13:39:18",1740900
18,-0.15,300,"bu","13:39:18",1740200
18,-0.15,500,"bu","13:39:00",1739900
18,-0.15,3000,"bu","13:38:02",1739400
18,-0.15,500,"bu","13:37:48",1736400
18,-0.15,2400,"bu","13:37:45",1735900
18,-0.15,1000,"bu","13:37:38",1733500
18,-0.15,1200,"bu","13:36:36",1732500
18,-0.15,500,"bu","13:36:03",1731300
18,-0.15,100,"bu","13:35:52",1730800
18,-0.15,1600,"bu","13:35:40",1730700
18,-0.15,400,"bu","13:35:36",1729100
17.95,-0.2,300,"sd","13:35:12",1728700
17.95,-0.2,100,"sd","13:34:32",1728400
17.95,-0.2,1800,"sd","13:34:27",1728300
17.95,-0.2,2900,"bu","13:31:42",1726500
17.95,-0.2,1000,"bu","13:31:31",1723600
17.95,-0.2,100,"bu","13:31:30",1722600
17.95,-0.2,1000,"bu","13:31:13",1722500
17.95,-0.2,100,"bu","13:31:07",1721500
17.95,-0.2,100,"bu","13:30:53",1721400
17.95,-0.2,100,"bu","13:30:39",1721300
17.95,-0.2,16200,"sd","13:30:32",1721200
17.95,-0.2,200,"sd","13:30:10",1705000
17.95,-0.2,100,"sd","13:29:54",1704800
17.95,-0.2,3000,"sd","13:29:18",1704700
17.95,-0.2,100,"sd","13:29:08",1701700
17.95,-0.2,5400,"bu","13:28:52",1701600
17.95,-0.2,100,"bu","13:28:47",1696200
17.95,-0.2,3000,"bu","13:28:19",1696100
17.95,-0.2,1000,"bu","13:27:35",1693100
17.95,-0.2,6600,"sd","13:27:33",1692100
17.95,-0.2,2000,"sd","13:27:30",1685500
17.95,-0.2,2000,"sd","13:26:38",1683500
17.95,-0.2,200,"sd","13:26:27",1681500
17.95,-0.2,10000,"sd","13:26:07",1681300
17.95,-0.2,500,"sd","13:26:05",1671300
17.95,-0.2,1800,"sd","13:25:46",1670800
17.95,-0.2,5800,"sd","13:25:15",1669000
18,-0.15,1000,"bu","13:24:02",1663200
17.95,-0.2,2000,"sd","13:23:55",1662200
17.95,-0.2,14000,"sd","13:23:01",1660200
17.95,-0.2,1100,"bu","13:22:36",1646200
17.95,-0.2,1000,"bu","13:22:33",1645100
17.95,-0.2,2000,"bu","13:22:30",1644100
17.95,-0.2,1000,"bu","13:22:26",1642100
17.95,-0.2,1000,"bu","13:22:10",1641100
17.95,-0.2,1000,"bu","13:22:02",1640100
17.95,-0.2,1000,"bu","13:21:44",1639100
17.95,-0.2,1000,"bu","13:21:36",1638100
17.95,-0.2,300,"bu","13:21:29",1637100
17.95,-0.2,100,"bu","13:20:39",1636800
17.95,-0.2,100,"bu","13:20:28",1636700
17.95,-0.2,900,"bu","13:20:24",1636600
17.95,-0.2,2000,"bu","13:20:15",1635700
17.95,-0.2,3400,"bu","13:20:00",1633700
17.95,-0.2,500,"bu","13:19:59",1630300
17.95,-0.2,100,"bu","13:19:47",1629800
17.95,-0.2,100,"sd","13:19:33",1629700
17.95,-0.2,1900,"bu","13:19:07",1629600
17.95,-0.2,9400,"bu","13:18:48",1627700
17.95,-0.2,1000,"bu","13:18:44",1618300
17.95,-0.2,100,"bu","13:18:24",1617300
17.95,-0.2,5000,"bu","13:18:09",1617200
17.9,-0.25,100,"sd","13:17:44",1612200
17.9,-0.25,300,"bu","13:16:56",1612100
17.9,-0.25,2000,"bu","13:16:55",1611800
17.9,-0.25,1000,"bu","13:16:52",1609800
17.9,-0.25,1000,"bu","13:16:50",1608800
17.9,-0.25,500,"bu","13:16:44",1607800
17.9,-0.25,800,"bu","13:16:40",1607300
17.9,-0.25,1000,"bu","13:16:37",1606500
17.9,-0.25,25000,"bu","13:16:35",1605500
17.85,-0.3,10000,"sd","13:15:39",1580500
17.9,-0.25,500,"bu","13:15:32",1570500
17.9,-0.25,2000,"bu","13:15:17",1570000
17.9,-0.25,500,"bu","13:15:06",1568000
17.9,-0.25,500,"bu","13:14:57",1567500
17.9,-0.25,100,"bu","13:14:50",1567000
17.9,-0.25,100,"bu","13:14:47",1566900
17.9,-0.25,100,"bu","13:14:18",1566800
17.9,-0.25,1000,"bu","13:13:53",1566700
17.9,-0.25,100,"bu","13:13:47",1565700
17.9,-0.25,200,"bu","13:13:42",1565600
17.9,-0.25,100,"bu","13:13:25",1565400
17.9,-0.25,23500,"sd","13:13:06",1565300
17.95,-0.2,300,"bu","13:12:39",1541800
17.95,-0.2,1000,"bu","13:12:37",1541500
17.95,-0.2,2000,"bu","13:12:26",1540500
17.95,-0.2,200,"bu","13:12:01",1538500
17.95,-0.2,3000,"bu","13:12:00",1538300
17.9,-0.25,300,"sd","13:11:38",1535300
17.9,-0.25,200,"sd","13:10:40",1535000
17.9,-0.25,2000,"sd","13:10:23",1534800
17.9,-0.25,1000,"sd","13:08:55",1532800
17.9,-0.25,500,"sd","13:08:43",1531800
17.9,-0.25,8700,"bu","13:08:38",1531300
17.9,-0.25,5000,"bu","13:08:36",1522600
17.9,-0.25,200,"bu","13:08:35",1517600
17.9,-0.25,1000,"bu","13:08:30",1517400
17.9,-0.25,600,"bu","13:08:27",1516400
17.9,-0.25,2000,"bu","13:08:26",1515800
17.9,-0.25,100,"bu","13:08:25",1513800
17.9,-0.25,4500,"sd","13:08:20",1513700
17.9,-0.25,200,"bu","13:07:35",1509200
17.9,-0.25,100,"sd","13:07:26",1509000
17.9,-0.25,200,"bu","13:07:10",1508900
17.9,-0.25,300,"bu","13:06:54",1508700
17.9,-0.25,200,"bu","13:06:52",1508400
17.9,-0.25,100,"bu","13:06:47",1508200
17.9,-0.25,400,"bu","13:06:44",1508100
17.9,-0.25,700,"bu","13:06:29",1507700
17.9,-0.25,100,"sd","13:06:23",1507000
17.9,-0.25,9900,"bu","13:06:06",1506900
17.9,-0.25,200,"bu","13:06:04",1497000
17.9,-0.25,1700,"bu","13:05:59",1496800
17.9,-0.25,600,"bu","13:05:29",1495100
17.9,-0.25,1000,"bu","13:05:15",1494500
17.9,-0.25,500,"bu","13:05:03",1493500
17.9,-0.25,1000,"bu","13:04:51",1493000
17.9,-0.25,2300,"bu","13:04:48",1492000
17.9,-0.25,1000,"bu","13:04:47",1489700
17.9,-0.25,300,"bu","13:04:04",1488700
17.9,-0.25,2000,"bu","13:04:03",1488400
17.9,-0.25,900,"sd","13:03:53",1486400
17.9,-0.25,4400,"bu","13:02:28",1485500
17.9,-0.25,200,"bu","13:02:24",1481100
17.9,-0.25,200,"bu","13:02:11",1480900
17.85,-0.3,300,"sd","13:01:07",1480700
17.85,-0.3,400,"sd","13:00:22",1480400
17.85,-0.3,600,"sd","13:00:18",1480000
17.85,-0.3,1100,"sd","13:00:18",1479400
17.9,-0.25,7900,"sd","13:00:14",1478300
17.9,-0.25,700,"sd","13:00:14",1470400
17.9,-0.25,300,"sd","13:00:12",1469700
17.9,-0.25,1600,"sd","13:00:11",1469400
17.9,-0.25,300,"sd","13:00:05",1467800
17.9,-0.25,400,"sd","13:00:04",1467500
17.95,-0.2,100,"bu","13:00:02",1467100
17.9,-0.25,6900,"sd","13:00:02",1467000
17.9,-0.25,100,"sd","13:00:01",1460100
17.9,-0.25,2000,"sd","11:29:50",1460000
17.9,-0.25,7000,"sd","11:29:42",1458000
17.95,-0.2,2000,"bu","11:29:20",1451000
17.95,-0.2,900,"bu","11:28:46",1449000
17.9,-0.25,2000,"sd","11:27:00",1448100
17.9,-0.25,4000,"sd","11:26:38",1446100
17.9,-0.25,300,"sd","11:26:37",1442100
17.9,-0.25,2300,"sd","11:26:09",1441800
17.9,-0.25,100,"sd","11:26:04",1439500
17.9,-0.25,100,"sd","11:25:27",1439400
17.9,-0.25,1400,"bu","11:21:35",1439300
17.9,-0.25,1000,"bu","11:21:28",1437900
17.9,-0.25,100,"bu","11:21:23",1436900
17.9,-0.25,100,"bu","11:21:19",1436800
17.9,-0.25,200,"bu","11:21:12",1436700
17.9,-0.25,5000,"bu","11:21:05",1436500
17.9,-0.25,5000,"bu","11:20:58",1431500
17.9,-0.25,200,"bu","11:20:56",1426500
17.9,-0.25,100,"bu","11:20:43",1426300
17.9,-0.25,100,"bu","11:20:30",1426200
17.9,-0.25,800,"sd","11:20:25",1426100
17.9,-0.25,800,"bu","11:20:08",1425300
17.9,-0.25,100,"bu","11:20:08",1424500
17.9,-0.25,48000,"sd","11:20:00",1424400
17.95,-0.2,100,"sd","11:20:00",1376400
17.95,-0.2,11900,"bu","11:19:59",1376300
17.95,-0.2,6300,"bu","11:19:56",1364400
17.95,-0.2,500,"bu","11:19:54",1358100
17.95,-0.2,500,"bu","11:19:51",1357600
17.95,-0.2,1000,"bu","11:19:35",1357100
17.95,-0.2,300,"bu","11:19:14",1356100
17.95,-0.2,100,"bu","11:19:00",1355800
17.95,-0.2,100,"bu","11:18:33",1355700
17.95,-0.2,500,"bu","11:17:46",1355600
17.95,-0.2,3000,"bu","11:17:37",1355100
17.95,-0.2,1000,"bu","11:17:14",1352100
17.95,-0.2,5000,"bu","11:17:13",1351100
17.95,-0.2,500,"bu","11:17:10",1346100
17.95,-0.2,500,"bu","11:17:07",1345600
17.95,-0.2,5000,"bu","11:16:54",1345100
17.95,-0.2,300,"bu","11:16:44",1340100
17.9,-0.25,500,"sd","11:16:38",1339800
17.95,-0.2,1000,"bu","11:16:29",1339300
17.95,-0.2,11700,"sd","11:15:45",1338300
18,-0.15,5000,"bu","11:14:17",1326600
18,-0.15,700,"bu","11:13:42",1321600
18,-0.15,100,"bu","11:13:31",1320900
17.95,-0.2,1500,"sd","11:12:58",1320800
17.95,-0.2,900,"sd","11:12:54",1319300
17.95,-0.2,2500,"sd","11:12:52",1318400
17.95,-0.2,2500,"sd","11:12:51",1315900
17.95,-0.2,16000,"sd","11:12:12",1313400
17.95,-0.2,4500,"sd","11:12:09",1297400
17.95,-0.2,1000,"sd","11:11:54",1292900
17.95,-0.2,4300,"sd","11:11:53",1291900
17.95,-0.2,500,"sd","11:11:12",1287600
18,-0.15,200,"bu","11:10:48",1287100
18,-0.15,100,"bu","11:10:36",1286900
18,-0.15,5000,"bu","11:10:35",1286800
18,-0.15,1500,"sd","11:10:24",1281800
18,-0.15,21000,"sd","11:10:16",1280300
18,-0.15,800,"sd","11:10:13",1259300
18,-0.15,20900,"sd","11:10:10",1258500
18,-0.15,6000,"sd","11:09:57",1237600
18,-0.15,1000,"sd","11:09:55",1231600
18,-0.15,7200,"sd","11:09:41",1230600
18,-0.15,20000,"sd","11:09:38",1223400
18,-0.15,100,"sd","11:09:16",1203400
18,-0.15,5000,"sd","11:08:12",1203300
18.05,-0.1,300,"bu","11:08:06",1198300
18,-0.15,6000,"sd","11:07:44",1198000
18,-0.15,1500,"sd","11:07:35",1192000
18.05,-0.1,100,"bu","11:07:32",1190500
18,-0.15,800,"sd","11:07:31",1190400
18,-0.15,16100,"sd","11:07:30",1189600
18.05,-0.1,3200,"sd","11:07:24",1173500
18.05,-0.1,43300,"sd","11:07:21",1170300
18.05,-0.1,11000,"sd","11:07:19",1127000
18.05,-0.1,1100,"sd","11:07:18",1116000
18.05,-0.1,1000,"sd","11:07:15",1114900
18.1,-0.05,100,"bu","11:07:06",1113900
18.05,-0.1,3400,"sd","11:06:59",1113800
18.05,-0.1,1000,"sd","11:06:47",1110400
18.05,-0.1,15100,"sd","11:06:45",1109400
18.05,-0.1,2000,"sd","11:06:32",1094300
18.05,-0.1,200,"sd","11:06:11",1092300
18.05,-0.1,400,"sd","11:05:12",1092100
18.05,-0.1,2500,"sd","11:04:18",1091700
18.1,-0.05,1000,"sd","11:03:29",1089200
18.1,-0.05,100,"sd","11:02:59",1088200
18.1,-0.05,100,"sd","11:02:42",1088100
18.1,-0.05,100,"sd","11:02:29",1088000
18.1,-0.05,100,"sd","11:02:15",1087900
18.1,-0.05,100,"sd","11:02:04",1087800
18.1,-0.05,300,"sd","11:01:25",1087700
18.1,-0.05,700,"bu","11:01:16",1087400
18.1,-0.05,100,"bu","11:00:44",1086700
18.1,-0.05,100,"bu","11:00:09",1086600
18.1,-0.05,9100,"sd","11:00:00",1086500
18.1,-0.05,300,"sd","10:57:42",1077400
18.1,-0.05,100,"sd","10:57:31",1077100
18.1,-0.05,10000,"sd","10:55:14",1077000
18.15,0,300,"bu","10:54:13",1067000
18.15,0,1000,"bu","10:54:12",1066700
18.15,0,400,"bu","10:53:01",1065700
18.15,0,27500,"bu","10:51:21",1065300
18.1,-0.05,1000,"sd","10:49:57",1037800
18.1,-0.05,500,"sd","10:46:33",1036800
18.1,-0.05,9300,"sd","10:46:23",1036300
18.1,-0.05,7000,"sd","10:45:15",1027000
18.15,0,100,"bu","10:42:47",1020000
18.1,-0.05,20000,"sd","10:41:20",1019900
18.15,0,1000,"bu","10:39:19",999900
18.15,0,200,"bu","10:35:32",998900
18.15,0,1100,"bu","10:35:15",998700
18.15,0,100,"bu","10:35:03",997600
18.15,0,4000,"bu","10:33:50",997500
18.15,0,1000,"bu","10:32:10",993500
18.15,0,1900,"bu","10:28:18",992500
18.15,0,500,"bu","10:26:01",990600
18.1,-0.05,800,"sd","10:26:00",990100
18.1,-0.05,200,"sd","10:24:27",989300
18.1,-0.05,3100,"sd","10:24:26",989100
18.1,-0.05,100,"sd","10:24:05",986000
18.1,-0.05,5000,"sd","10:23:46",985900
18.1,-0.05,100,"sd","10:21:53",980900
18.1,-0.05,600,"sd","10:21:23",980800
18.1,-0.05,1000,"bu","10:19:55",980200
18.1,-0.05,400,"bu","10:19:45",979200
18.1,-0.05,1000,"bu","10:19:30",978800
18.1,-0.05,200,"bu","10:18:47",977800
18.1,-0.05,7400,"sd","10:18:44",977600
18.1,-0.05,1000,"sd","10:18:31",970200
18.1,-0.05,10000,"sd","10:18:11",969200
18.1,-0.05,800,"sd","10:17:53",959200
18.1,-0.05,2000,"sd","10:16:53",958400
18.15,0,1500,"bu","10:15:56",956400
18.1,-0.05,500,"sd","10:12:52",954900
18.15,0,700,"bu","10:12:11",954400
18.15,0,600,"bu","10:11:50",953700
18.1,-0.05,9400,"bu","10:11:13",953100
18.1,-0.05,200,"bu","10:11:12",943700
18.1,-0.05,2000,"bu","10:11:08",943500
18.1,-0.05,5000,"bu","10:10:33",941500
18.1,-0.05,10000,"bu","10:09:33",936500
18.05,-0.1,2000,"sd","10:09:16",926500
18.05,-0.1,300,"sd","10:09:01",924500
18.1,-0.05,100,"bu","10:08:57",924200
18.05,-0.1,1800,"sd","10:08:42",924100
18.05,-0.1,500,"sd","10:08:37",922300
18.05,-0.1,1200,"sd","10:08:34",921800
18.05,-0.1,700,"sd","10:07:56",920600
18.05,-0.1,300,"sd","10:07:55",919900
18.1,-0.05,300,"bu","10:07:10",919600
18.1,-0.05,100,"bu","10:06:17",919300
18.1,-0.05,300,"bu","10:05:37",919200
18.1,-0.05,200,"bu","10:05:18",918900
18.1,-0.05,700,"sd","10:05:11",918700
18.1,-0.05,100,"bu","10:04:34",918000
18.1,-0.05,4000,"bu","10:04:24",917900
18.1,-0.05,100,"bu","10:04:20",913900
18.1,-0.05,8700,"bu","10:04:09",913800
18.1,-0.05,1000,"bu","10:03:56",905100
18.1,-0.05,20100,"sd","10:03:45",904100
18.15,0,700,"bu","10:03:40",884000
18.1,-0.05,2000,"sd","10:02:51",883300
18.1,-0.05,2700,"sd","10:02:24",881300
18.1,-0.05,300,"sd","10:02:22",878600
18.15,0,5000,"bu","10:01:50",878300
18.15,0,48100,"sd","10:01:47",873300
18.15,0,4000,"sd","10:01:31",825200
18.2,0.05,2000,"bu","10:01:31",821200
18.15,0,200,"sd","09:59:41",819200
18.15,0,100,"sd","09:59:36",819000
18.15,0,9300,"bu","09:57:33",818900
18.1,-0.05,200,"sd","09:57:26",809600
18.15,0,600,"bu","09:57:18",809400
18.15,0,1900,"bu","09:57:17",808800
18.15,0,100,"bu","09:56:48",806900
18.15,0,100,"bu","09:56:41",806800
18.15,0,1000,"bu","09:56:39",806700
18.15,0,500,"bu","09:56:27",805700
18.15,0,700,"bu","09:55:55",805200
18.15,0,1000,"bu","09:55:37",804500
18.15,0,100,"bu","09:55:33",803500
18.15,0,100,"bu","09:55:28",803400
18.1,-0.05,1000,"sd","09:53:40",803300
18.1,-0.05,94000,"sd","09:53:12",802300
18.15,0,5100,"sd","09:51:44",708300
18.15,0,700,"sd","09:51:31",703200
18.15,0,30000,"sd","09:51:14",702500
18.2,0.05,3000,"bu","09:50:08",672500
18.15,0,200,"sd","09:48:41",669500
18.15,0,2900,"sd","09:48:10",669300
18.15,0,34300,"sd","09:48:09",666400
18.2,0.05,1500,"sd","09:48:00",632100
18.2,0.05,100,"sd","09:47:51",630600
18.2,0.05,40800,"sd","09:47:43",630500
18.25,0.1,300,"bu","09:46:45",589700
18.25,0.1,500,"bu","09:46:10",589400
18.25,0.1,2000,"bu","09:46:08",588900
18.2,0.05,20000,"sd","09:46:00",586900
18.25,0.1,3700,"bu","09:45:58",566900
18.25,0.1,100,"bu","09:45:55",563200
18.25,0.1,10000,"bu","09:45:54",563100
18.25,0.1,1000,"bu","09:45:48",553100
18.25,0.1,1600,"bu","09:45:44",552100
18.25,0.1,5000,"bu","09:45:35",550500
18.2,0.05,1000,"sd","09:45:24",545500
18.25,0.1,5000,"bu","09:45:08",544500
18.25,0.1,3000,"bu","09:45:06",539500
18.25,0.1,15000,"bu","09:45:03",536500
18.25,0.1,10000,"bu","09:44:49",521500
18.25,0.1,2200,"bu","09:44:47",511500
18.25,0.1,5000,"bu","09:44:26",509300
18.25,0.1,500,"bu","09:44:20",504300
18.2,0.05,200,"sd","09:43:53",503800
18.25,0.1,1000,"bu","09:43:43",503600
18.2,0.05,200,"sd","09:42:58",502600
18.2,0.05,15000,"sd","09:42:57",502400
18.2,0.05,1000,"sd","09:42:33",487400
18.2,0.05,6000,"sd","09:41:53",486400
18.2,0.05,400,"bu","09:41:37",480400
18.2,0.05,4500,"bu","09:41:35",480000
18.2,0.05,200,"bu","09:41:31",475500
18.2,0.05,500,"bu","09:41:30",475300
18.2,0.05,1000,"bu","09:41:28",474800
18.2,0.05,1500,"bu","09:41:25",473800
18.2,0.05,2000,"bu","09:41:19",472300
18.2,0.05,1000,"bu","09:41:17",470300
18.2,0.05,300,"bu","09:41:04",469300
18.2,0.05,2000,"bu","09:40:59",469000
18.2,0.05,2000,"bu","09:40:57",467000
18.2,0.05,500,"bu","09:40:47",465000
18.2,0.05,1000,"bu","09:40:42",464500
18.2,0.05,5000,"bu","09:40:37",463500
18.15,0,200,"sd","09:39:27",458500
18.15,0,100,"sd","09:39:26",458300
18.2,0.05,300,"bu","09:39:12",458200
18.2,0.05,200,"bu","09:39:05",457900
18.2,0.05,8000,"bu","09:38:10",457700
18.2,0.05,10000,"bu","09:38:02",449700
18.15,0,100,"sd","09:37:18",439700
18.15,0,29400,"bu","09:37:12",439600
18.15,0,5100,"bu","09:37:05",410200
18.15,0,100,"bu","09:37:00",405100
18.15,0,500,"bu","09:36:47",405000
18.15,0,2000,"bu","09:36:44",404500
18.15,0,5000,"bu","09:36:07",402500
18.1,-0.05,1500,"sd","09:36:00",397500
18.15,0,1700,"sd","09:35:33",396000
18.15,0,100,"sd","09:34:54",394300
18.15,0,48700,"bu","09:34:39",394200
18.15,0,100,"bu","09:34:16",345500
18.15,0,100,"bu","09:34:09",345400
18.15,0,70000,"bu","09:33:49",345300
18.1,-0.05,1800,"sd","09:33:48",275300
18.15,0,6900,"sd","09:33:48",273500
18.15,0,5400,"sd","09:33:42",266600
18.15,0,3000,"sd","09:33:40",261200
18.15,0,500,"sd","09:33:38",258200
18.15,0,5000,"sd","09:33:36",257700
18.15,0,200,"sd","09:33:32",252700
18.15,0,1000,"sd","09:33:28",252500
18.15,0,500,"sd","09:33:25",251500
18.15,0,500,"sd","09:33:24",251000
18.15,0,500,"sd","09:33:20",250500
18.15,0,2600,"sd","09:33:15",250000
18.15,0,2000,"sd","09:33:12",247400
18.15,0,2000,"sd","09:33:10",245400
18.15,0,3400,"sd","09:33:06",243400
18.15,0,7500,"sd","09:33:03",240000
18.15,0,100,"sd","09:32:32",232500
18.15,0,100,"sd","09:32:27",232400
18.15,0,1000,"sd","09:32:21",232300
18.15,0,1300,"sd","09:31:44",231300
18.2,0.05,500,"bu","09:31:34",230000
18.15,0,100,"sd","09:31:16",229500
18.15,0,500,"sd","09:31:00",229400
18.15,0,200,"sd","09:30:20",228900
18.15,0,1100,"sd","09:30:01",228700
18.15,0,10000,"bu","09:29:46",227600
18.15,0,100,"bu","09:29:15",217600
18.15,0,62100,"sd","09:28:43",217500
18.15,0,100,"sd","09:28:41",155400
18.15,0,2000,"sd","09:28:38",155300
18.15,0,500,"sd","09:28:26",153300
18.15,0,500,"sd","09:28:21",152800
18.15,0,3000,"sd","09:28:13",152300
18.15,0,1000,"sd","09:28:11",149300
18.15,0,1000,"sd","09:28:00",148300
18.15,0,1000,"sd","09:27:10",147300
18.15,0,5500,"sd","09:26:19",146300
18.15,0,10000,"sd","09:25:14",140800
18.15,0,500,"sd","09:25:12",130800
18.15,0,500,"sd","09:25:06",130300
18.15,0,4000,"sd","09:24:39",129800
18.15,0,200,"sd","09:24:22",125800
18.15,0,700,"sd","09:23:40",125600
18.2,0.05,300,"sd","09:23:05",124900
18.25,0.1,200,"bu","09:21:29",124600
18.25,0.1,1500,"bu","09:21:20",124400
18.2,0.05,3300,"bu","09:21:20",122900
18.2,0.05,1000,"bu","09:20:16",119600
18.2,0.05,500,"sd","09:20:07",118600
18.2,0.05,100,"sd","09:20:03",118100
18.2,0.05,500,"sd","09:19:48",118000
18.2,0.05,900,"bu","09:19:44",117500
18.2,0.05,2000,"bu","09:19:33",116600
18.2,0.05,300,"sd","09:19:06",114600
18.2,0.05,400,"sd","09:18:57",114300
18.2,0.05,2000,"sd","09:18:55",113900
18.2,0.05,800,"sd","09:18:51",111900
18.2,0.05,2500,"sd","09:18:48",111100
18.2,0.05,1000,"sd","09:18:47",108600
18.2,0.05,14500,"bu","09:18:39",107600
18.15,0,600,"sd","09:18:28",93100
18.15,0,10000,"sd","09:18:06",92500
18.2,0.05,1000,"bu","09:17:32",82500
18.2,0.05,200,"bu","09:17:16",81500
18.2,0.05,1400,"sd","09:17:14",81300
18.2,0.05,5000,"sd","09:17:12",79900
18.2,0.05,100,"sd","09:16:51",74900
18.2,0.05,2500,"sd","09:16:47",74800
18.2,0.05,3000,"sd","09:16:46",72300
18.2,0.05,5000,"sd","09:16:44",69300
18.2,0.05,5000,"sd","09:16:38",64300
18.2,0.05,1000,"sd","09:16:15",59300
18.2,0.05,5000,"sd","09:16:06",58300
18.2,0.05,400,"sd","09:15:31",53300
18.25,0.1,600,"bu","09:15:31",52900
18.25,0.1,100,"bu","09:15:30",52300
18.25,0.1,2200,"bu","09:15:17",52200
18.25,0.1,50000,"","09:15:01",50000
