"price","change","match_qtty","side","time","total_vol"
11.7,0,2843200,"","14:45:04",29818900
11.55,-0.15,2000,"sd","14:29:54",26975700
11.55,-0.15,10000,"sd","14:29:53",26973700
11.6,-0.1,10000,"bu","14:29:51",26963700
11.6,-0.1,4000,"bu","14:29:42",26953700
11.6,-0.1,100,"bu","14:29:39",26949700
11.6,-0.1,400,"bu","14:29:38",26949600
11.55,-0.15,200,"sd","14:29:36",26949200
11.6,-0.1,5000,"bu","14:29:36",26949000
11.6,-0.1,5000,"bu","14:29:26",26944000
11.6,-0.1,13000,"bu","14:29:23",26939000
11.6,-0.1,2000,"bu","14:29:22",26926000
11.55,-0.15,2000,"sd","14:29:21",26924000
11.6,-0.1,3000,"bu","14:29:16",26922000
11.6,-0.1,100,"bu","14:29:10",26919000
11.55,-0.15,4700,"sd","14:29:07",26918900
11.6,-0.1,10000,"bu","14:29:04",26914200
11.55,-0.15,200,"sd","14:29:04",26904200
11.6,-0.1,2300,"bu","14:29:02",26904000
11.6,-0.1,2300,"bu","14:28:57",26901700
11.6,-0.1,500,"bu","14:28:57",26899400
11.6,-0.1,10000,"bu","14:28:52",26898900
11.6,-0.1,2300,"bu","14:28:49",26888900
11.6,-0.1,2300,"bu","14:28:47",26886600
11.6,-0.1,2000,"bu","14:28:46",26884300
11.6,-0.1,100,"bu","14:28:44",26882300
11.6,-0.1,100,"bu","14:28:36",26882200
11.6,-0.1,500,"bu","14:28:33",26882100
11.6,-0.1,500,"bu","14:28:25",26881600
11.6,-0.1,15100,"bu","14:28:23",26881100
11.6,-0.1,4900,"bu","14:28:22",26866000
11.6,-0.1,400,"bu","14:28:20",26861100
11.6,-0.1,10000,"bu","14:28:19",26860700
11.6,-0.1,100,"bu","14:28:14",26850700
11.6,-0.1,14400,"bu","14:28:13",26850600
11.6,-0.1,200,"bu","14:28:05",26836200
11.6,-0.1,78600,"sd","14:28:03",26836000
11.6,-0.1,500000,"sd","14:28:01",26757400
11.6,-0.1,50000,"sd","14:27:58",26257400
11.6,-0.1,100000,"sd","14:27:57",26207400
11.65,-0.05,600,"bu","14:27:57",26107400
11.6,-0.1,900,"sd","14:27:56",26106800
11.6,-0.1,1100,"sd","14:27:52",26105900
11.6,-0.1,201000,"sd","14:27:50",26104800
11.65,-0.05,500,"bu","14:27:47",25903800
11.6,-0.1,100000,"sd","14:27:39",25903300
11.6,-0.1,100,"sd","14:27:37",25803300
11.6,-0.1,1000,"sd","14:27:36",25803200
11.65,-0.05,5000,"bu","14:27:34",25802200
11.6,-0.1,4000,"sd","14:27:34",25797200
11.65,-0.05,1000,"bu","14:27:34",25793200
11.65,-0.05,30000,"bu","14:27:31",25792200
11.65,-0.05,3000,"bu","14:27:27",25762200
11.6,-0.1,1900,"sd","14:27:25",25759200
11.65,-0.05,2000,"bu","14:27:09",25757300
11.65,-0.05,1000,"bu","14:27:07",25755300
11.65,-0.05,100,"bu","14:27:05",25754300
11.65,-0.05,300,"bu","14:26:50",25754200
11.6,-0.1,20000,"sd","14:26:49",25753900
11.65,-0.05,500,"bu","14:26:48",25733900
11.65,-0.05,12800,"bu","14:26:47",25733400
11.65,-0.05,14400,"bu","14:26:37",25720600
11.65,-0.05,100,"bu","14:26:30",25706200
11.6,-0.1,7600,"sd","14:26:21",25706100
11.65,-0.05,1500,"bu","14:26:20",25698500
11.65,-0.05,4000,"bu","14:26:18",25697000
11.6,-0.1,100,"sd","14:26:12",25693000
11.65,-0.05,100,"bu","14:26:09",25692900
11.6,-0.1,1000,"sd","14:26:07",25692800
11.65,-0.05,14400,"bu","14:26:02",25691800
11.6,-0.1,1000,"sd","14:26:01",25677400
11.65,-0.05,100,"bu","14:26:01",25676400
11.65,-0.05,1000,"bu","14:25:58",25676300
11.6,-0.1,10000,"sd","14:25:55",25675300
11.65,-0.05,100,"bu","14:25:51",25665300
11.65,-0.05,5000,"bu","14:25:43",25665200
11.6,-0.1,200,"sd","14:25:40",25660200
11.65,-0.05,2300,"bu","14:25:39",25660000
11.6,-0.1,200,"sd","14:25:38",25657700
11.65,-0.05,2300,"bu","14:25:36",25657500
11.65,-0.05,100,"bu","14:25:33",25655200
11.65,-0.05,2300,"bu","14:25:28",25655100
11.65,-0.05,2300,"bu","14:25:22",25652800
11.65,-0.05,2300,"bu","14:25:19",25650500
11.65,-0.05,80000,"bu","14:25:17",25648200
11.65,-0.05,2300,"bu","14:25:15",25568200
11.65,-0.05,4800,"bu","14:25:13",25565900
11.65,-0.05,100,"bu","14:25:10",25561100
11.65,-0.05,2300,"bu","14:25:09",25561000
11.65,-0.05,2000,"bu","14:25:02",25558700
11.65,-0.05,2300,"bu","14:25:01",25556700
11.65,-0.05,100,"bu","14:25:00",25554400
11.6,-0.1,1000,"sd","14:25:00",25554300
11.65,-0.05,2300,"bu","14:24:58",25553300
11.6,-0.1,2000,"sd","14:24:54",25551000
11.65,-0.05,2300,"bu","14:24:54",25549000
11.65,-0.05,2300,"bu","14:24:49",25546700
11.65,-0.05,2300,"bu","14:24:41",25544400
11.65,-0.05,3300,"bu","14:24:36",25542100
11.65,-0.05,1000,"bu","14:24:36",25538800
11.65,-0.05,100,"bu","14:24:29",25537800
11.6,-0.1,1700,"sd","14:24:29",25537700
11.65,-0.05,7300,"bu","14:24:25",25536000
11.6,-0.1,500,"sd","14:24:21",25528700
11.6,-0.1,1000,"sd","14:24:19",25528200
11.6,-0.1,5000,"sd","14:24:09",25527200
11.65,-0.05,2000,"bu","14:24:08",25522200
11.6,-0.1,100000,"sd","14:24:01",25520200
11.65,-0.05,100,"bu","14:23:48",25420200
11.6,-0.1,5000,"sd","14:23:46",25420100
11.6,-0.1,100,"sd","14:23:45",25415100
11.65,-0.05,200,"bu","14:23:37",25415000
11.65,-0.05,110000,"bu","14:23:36",25414800
11.6,-0.1,5000,"sd","14:23:25",25304800
11.6,-0.1,100,"sd","14:23:24",25299800
11.65,-0.05,900,"bu","14:23:18",25299700
11.6,-0.1,7000,"sd","14:23:14",25298800
11.6,-0.1,1300,"sd","14:23:13",25291800
11.65,-0.05,14000,"bu","14:23:11",25290500
11.6,-0.1,100,"sd","14:23:11",25276500
11.65,-0.05,500,"bu","14:23:09",25276400
11.65,-0.05,3000,"bu","14:23:08",25275900
11.65,-0.05,400,"bu","14:23:07",25272900
11.6,-0.1,1000,"sd","14:23:07",25272500
11.65,-0.05,1000,"bu","14:23:00",25271500
11.6,-0.1,200,"sd","14:22:57",25270500
11.65,-0.05,10000,"bu","14:22:52",25270300
11.65,-0.05,5100,"bu","14:22:52",25260300
11.65,-0.05,300,"bu","14:22:50",25255200
11.65,-0.05,2000,"bu","14:22:49",25254900
11.65,-0.05,6500,"bu","14:22:45",25252900
11.65,-0.05,5500,"bu","14:22:44",25246400
11.65,-0.05,3000,"bu","14:22:43",25240900
11.65,-0.05,5000,"bu","14:22:42",25237900
11.65,-0.05,10000,"bu","14:22:35",25232900
11.65,-0.05,159000,"bu","14:22:19",25222900
11.65,-0.05,100,"bu","14:22:16",25063900
11.65,-0.05,5000,"bu","14:22:14",25063800
11.65,-0.05,200,"bu","14:22:13",25058800
11.65,-0.05,1800,"bu","14:22:04",25058600
11.65,-0.05,1000,"bu","14:22:03",25056800
11.65,-0.05,500,"bu","14:21:45",25055800
11.65,-0.05,100,"bu","14:21:45",25055300
11.65,-0.05,3000,"bu","14:21:41",25055200
11.65,-0.05,10000,"bu","14:21:33",25052200
11.6,-0.1,3500,"sd","14:21:18",25042200
11.65,-0.05,2000,"bu","14:21:17",25038700
11.65,-0.05,600,"bu","14:21:15",25036700
11.65,-0.05,2000,"bu","14:21:08",25036100
11.6,-0.1,1500,"sd","14:21:03",25034100
11.65,-0.05,200,"bu","14:20:49",25032600
11.65,-0.05,100,"bu","14:20:32",25032400
11.6,-0.1,400,"sd","14:20:30",25032300
11.65,-0.05,300,"bu","14:20:16",25031900
11.6,-0.1,5400,"sd","14:20:02",25031600
11.65,-0.05,3000,"bu","14:19:56",25026200
11.6,-0.1,4000,"sd","14:19:49",25023200
11.65,-0.05,600,"bu","14:19:47",25019200
11.65,-0.05,100,"bu","14:19:45",25018600
11.65,-0.05,10000,"bu","14:19:38",25018500
11.65,-0.05,1500,"bu","14:19:33",25008500
11.65,-0.05,100,"bu","14:19:30",25007000
11.6,-0.1,100,"sd","14:19:30",25006900
11.6,-0.1,1000,"sd","14:19:28",25006800
11.65,-0.05,200,"bu","14:19:27",25005800
11.65,-0.05,13000,"bu","14:19:25",25005600
11.65,-0.05,1000,"bu","14:19:12",24992600
11.6,-0.1,100,"sd","14:19:10",24991600
11.65,-0.05,3200,"bu","14:19:10",24991500
11.65,-0.05,500,"bu","14:19:02",24988300
11.6,-0.1,2000,"sd","14:18:56",24987800
11.65,-0.05,100,"bu","14:18:52",24985800
11.65,-0.05,1000,"bu","14:18:30",24985700
11.65,-0.05,1100,"bu","14:18:29",24984700
11.6,-0.1,800,"sd","14:18:27",24983600
11.65,-0.05,300,"bu","14:18:20",24982800
11.65,-0.05,18200,"bu","14:18:18",24982500
11.6,-0.1,100,"sd","14:17:59",24964300
11.6,-0.1,3000,"sd","14:17:44",24964200
11.6,-0.1,100,"sd","14:17:31",24961200
11.65,-0.05,2000,"bu","14:17:25",24961100
11.6,-0.1,100,"sd","14:17:22",24959100
11.6,-0.1,1700,"sd","14:17:19",24959000
11.65,-0.05,2000,"bu","14:17:19",24957300
11.65,-0.05,500,"bu","14:17:18",24955300
11.65,-0.05,20000,"bu","14:17:14",24954800
11.65,-0.05,900,"bu","14:17:11",24934800
11.6,-0.1,5000,"sd","14:17:04",24933900
11.65,-0.05,2000,"bu","14:16:55",24928900
11.6,-0.1,100,"sd","14:16:54",24926900
11.65,-0.05,5000,"bu","14:16:47",24926800
11.65,-0.05,2100,"bu","14:16:45",24921800
11.65,-0.05,1000,"bu","14:16:41",24919700
11.65,-0.05,100,"bu","14:16:35",24918700
11.65,-0.05,1000,"bu","14:16:30",24918600
11.65,-0.05,100,"bu","14:16:21",24917600
11.6,-0.1,6000,"sd","14:16:18",24917500
11.65,-0.05,1300,"bu","14:16:10",24911500
11.6,-0.1,1400,"sd","14:16:10",24910200
11.65,-0.05,100,"bu","14:16:06",24908800
11.65,-0.05,100,"bu","14:15:53",24908700
11.6,-0.1,3100,"sd","14:15:52",24908600
11.65,-0.05,600,"bu","14:15:45",24905500
11.65,-0.05,1000,"bu","14:15:45",24904900
11.65,-0.05,100,"bu","14:15:39",24903900
11.65,-0.05,2000,"bu","14:15:38",24903800
11.65,-0.05,500,"bu","14:15:35",24901800
11.6,-0.1,2000,"sd","14:15:34",24901300
11.65,-0.05,2300,"bu","14:15:29",24899300
11.65,-0.05,200,"bu","14:15:29",24897000
11.65,-0.05,2300,"bu","14:15:22",24896800
11.65,-0.05,500,"bu","14:15:19",24894500
11.65,-0.05,2000,"bu","14:15:07",24894000
11.65,-0.05,2000,"bu","14:15:06",24892000
11.65,-0.05,21000,"bu","14:14:59",24890000
11.65,-0.05,1000,"bu","14:14:46",24869000
11.65,-0.05,1000,"bu","14:14:46",24868000
11.6,-0.1,5000,"sd","14:14:42",24867000
11.65,-0.05,1000,"bu","14:14:36",24862000
11.6,-0.1,100,"sd","14:14:30",24861000
11.6,-0.1,1000,"sd","14:14:18",24860900
11.65,-0.05,3000,"bu","14:14:13",24854900
11.6,-0.1,3800,"sd","14:14:13",24851900
11.65,-0.05,300,"bu","14:14:04",24848100
11.6,-0.1,10000,"sd","14:13:51",24847800
11.65,-0.05,3000,"bu","14:13:41",24837800
11.6,-0.1,1000,"sd","14:13:37",24834800
11.65,-0.05,10000,"bu","14:13:29",24833800
11.65,-0.05,100,"bu","14:13:28",24823800
11.65,-0.05,1500,"bu","14:13:22",24823700
11.65,-0.05,200,"bu","14:13:21",24822200
11.6,-0.1,5000,"sd","14:13:12",24822000
11.65,-0.05,100,"bu","14:13:09",24817000
11.65,-0.05,100,"bu","14:13:05",24816900
11.65,-0.05,15000,"bu","14:13:03",24816800
11.65,-0.05,100,"bu","14:13:02",24801800
11.65,-0.05,11000,"bu","14:13:00",24801700
11.65,-0.05,11000,"bu","14:12:55",24790700
11.65,-0.05,10000,"bu","14:12:48",24779700
11.65,-0.05,2000,"bu","14:12:43",24769700
11.65,-0.05,400,"bu","14:12:42",24767700
11.6,-0.1,10000,"sd","14:12:41",24767300
11.65,-0.05,25000,"bu","14:12:39",24757300
11.65,-0.05,46000,"bu","14:12:33",24732300
11.65,-0.05,5000,"bu","14:12:29",24686300
11.65,-0.05,5000,"bu","14:12:27",24681300
11.65,-0.05,600,"bu","14:12:26",24676300
11.65,-0.05,800,"bu","14:12:23",24675700
11.65,-0.05,1000,"bu","14:12:20",24674900
11.65,-0.05,500,"bu","14:12:14",24673900
11.65,-0.05,1000,"bu","14:12:14",24673400
11.65,-0.05,200,"bu","14:12:12",24672400
11.65,-0.05,500,"bu","14:12:11",24672200
11.65,-0.05,45000,"bu","14:11:56",24671700
11.65,-0.05,4000,"bu","14:11:52",24626700
11.65,-0.05,4000,"bu","14:11:51",24622700
11.6,-0.1,500,"sd","14:11:50",24618700
11.65,-0.05,1000,"bu","14:11:47",24618200
11.6,-0.1,200,"sd","14:11:46",24617200
11.65,-0.05,8000,"bu","14:11:44",24617000
11.6,-0.1,7000,"sd","14:11:41",24609000
11.65,-0.05,5000,"bu","14:11:38",24602000
11.65,-0.05,600,"bu","14:11:36",24597000
11.65,-0.05,500,"bu","14:11:29",24596400
11.65,-0.05,3000,"bu","14:11:26",24595900
11.65,-0.05,2300,"bu","14:11:24",24592900
11.65,-0.05,10000,"bu","14:11:23",24590600
11.65,-0.05,500,"bu","14:11:21",24580600
11.65,-0.05,2300,"bu","14:11:19",24580100
11.65,-0.05,300,"bu","14:11:17",24577800
11.65,-0.05,2300,"bu","14:11:13",24577500
11.65,-0.05,20000,"bu","14:11:12",24575200
11.65,-0.05,2800,"bu","14:11:08",24555200
11.65,-0.05,500,"bu","14:11:06",24552400
11.65,-0.05,2300,"bu","14:11:04",24551900
11.65,-0.05,100,"bu","14:11:01",24549600
11.65,-0.05,2300,"bu","14:10:58",24549500
11.65,-0.05,500,"bu","14:10:57",24547200
11.6,-0.1,5500,"sd","14:10:57",24546700
11.65,-0.05,1000,"bu","14:10:54",24541200
11.65,-0.05,2300,"bu","14:10:52",24540200
11.6,-0.1,100,"sd","14:10:51",24537900
11.6,-0.1,500,"sd","14:10:48",24537800
11.65,-0.05,4000,"bu","14:10:48",24537300
11.65,-0.05,2300,"bu","14:10:38",24533300
11.65,-0.05,2300,"bu","14:10:33",24531000
11.6,-0.1,20000,"sd","14:10:32",24528700
11.65,-0.05,5000,"bu","14:10:29",24508700
11.65,-0.05,2300,"bu","14:10:28",24503700
11.65,-0.05,2300,"bu","14:10:17",24501400
11.6,-0.1,2000,"sd","14:10:08",24499100
11.65,-0.05,5000,"bu","14:10:07",24497100
11.65,-0.05,1900,"bu","14:10:03",24492100
11.6,-0.1,10000,"sd","14:09:57",24490200
11.65,-0.05,2300,"bu","14:09:54",24480200
11.65,-0.05,2300,"bu","14:09:50",24477900
11.6,-0.1,200,"sd","14:09:46",24475600
11.65,-0.05,400,"bu","14:09:44",24475400
11.65,-0.05,4300,"bu","14:09:43",24475000
11.65,-0.05,2300,"bu","14:09:39",24470700
11.6,-0.1,40000,"sd","14:09:38",24468400
11.65,-0.05,2300,"bu","14:09:36",24428400
11.65,-0.05,1000,"bu","14:09:34",24426100
11.65,-0.05,4300,"bu","14:09:29",24425100
11.65,-0.05,2300,"bu","14:09:23",24420800
11.65,-0.05,2300,"bu","14:09:17",24418500
11.6,-0.1,300,"sd","14:09:16",24416200
11.65,-0.05,2300,"bu","14:09:13",24415900
11.65,-0.05,50000,"bu","14:09:10",24413600
11.6,-0.1,10000,"sd","14:09:08",24363600
11.6,-0.1,3200,"bu","14:08:54",24353600
11.6,-0.1,100,"bu","14:08:54",24350400
11.6,-0.1,94400,"bu","14:08:53",24350300
11.6,-0.1,104000,"bu","14:08:52",24255900
11.6,-0.1,15700,"bu","14:08:51",24151900
11.6,-0.1,14600,"bu","14:08:49",24136200
11.6,-0.1,80700,"bu","14:08:49",24121600
11.6,-0.1,100000,"bu","14:08:48",24040900
11.6,-0.1,5100,"bu","14:08:48",23940900
11.6,-0.1,2000,"bu","14:08:47",23935800
11.6,-0.1,50000,"bu","14:08:47",23933800
11.6,-0.1,4000,"bu","14:08:46",23883800
11.6,-0.1,1000,"bu","14:08:46",23879800
11.6,-0.1,50400,"bu","14:08:45",23878800
11.6,-0.1,100000,"bu","14:08:43",23828400
11.6,-0.1,36600,"bu","14:08:42",23728400
11.6,-0.1,152500,"bu","14:08:42",23691800
11.6,-0.1,5000,"bu","14:08:41",23539300
11.6,-0.1,1000,"bu","14:08:40",23534300
11.6,-0.1,9700,"bu","14:08:40",23533300
11.6,-0.1,3800,"bu","14:08:39",23523600
11.6,-0.1,1000,"bu","14:08:37",23519800
11.6,-0.1,101000,"bu","14:08:34",23518800
11.6,-0.1,12000,"bu","14:08:34",23417800
11.6,-0.1,8700,"bu","14:08:32",23405800
11.6,-0.1,5000,"bu","14:08:31",23397100
11.6,-0.1,300,"bu","14:08:30",23392100
11.6,-0.1,1000,"bu","14:08:29",23391800
11.6,-0.1,2000,"bu","14:08:28",23390800
11.6,-0.1,1000,"bu","14:08:24",23388800
11.6,-0.1,200,"bu","14:08:24",23387800
11.6,-0.1,5000,"bu","14:08:23",23387600
11.6,-0.1,2000,"bu","14:08:22",23382600
11.6,-0.1,1000,"bu","14:08:22",23380600
11.6,-0.1,20000,"bu","14:08:21",23379600
11.6,-0.1,2300,"bu","14:08:19",23359600
11.6,-0.1,700,"bu","14:08:18",23357300
11.55,-0.15,2800,"sd","14:08:17",23356600
11.6,-0.1,150000,"bu","14:08:15",23353800
11.6,-0.1,1000,"bu","14:08:13",23203800
11.6,-0.1,5000,"bu","14:08:10",23202800
11.6,-0.1,10000,"bu","14:08:10",23197800
11.6,-0.1,500,"bu","14:08:07",23182800
11.6,-0.1,2000,"bu","14:08:04",23182300
11.6,-0.1,1100,"bu","14:07:58",23180300
11.6,-0.1,50000,"bu","14:07:54",23179200
11.6,-0.1,5000,"bu","14:07:52",23129200
11.6,-0.1,1000,"bu","14:07:50",23124200
11.6,-0.1,2300,"bu","14:07:47",23123200
11.6,-0.1,100000,"bu","14:07:46",23120900
11.6,-0.1,800,"bu","14:07:44",23020900
11.6,-0.1,2300,"bu","14:07:41",23020100
11.6,-0.1,5000,"bu","14:07:38",23017800
11.6,-0.1,4300,"bu","14:07:37",23012800
11.6,-0.1,1000,"bu","14:07:31",23008500
11.6,-0.1,8000,"bu","14:07:29",23007500
11.6,-0.1,2300,"bu","14:07:28",22999500
11.6,-0.1,40000,"bu","14:07:25",22997200
11.6,-0.1,2000,"bu","14:07:25",22957200
11.6,-0.1,1000,"bu","14:07:24",22955200
11.6,-0.1,2300,"bu","14:07:23",22954200
11.6,-0.1,13000,"bu","14:07:22",22951900
11.6,-0.1,500,"bu","14:07:21",22938900
11.6,-0.1,2300,"bu","14:07:20",22938400
11.6,-0.1,200,"bu","14:07:17",22936100
11.6,-0.1,400,"bu","14:07:17",22935900
11.6,-0.1,900,"bu","14:07:16",22935500
11.6,-0.1,2300,"bu","14:07:14",22934600
11.6,-0.1,200,"bu","14:07:14",22932300
11.55,-0.15,900,"sd","14:07:13",22932100
11.6,-0.1,4300,"bu","14:07:09",22931200
11.6,-0.1,10000,"bu","14:07:09",22926900
11.6,-0.1,500,"bu","14:07:05",22916900
11.6,-0.1,50000,"bu","14:06:59",22916400
11.55,-0.15,100,"sd","14:06:56",22866400
11.6,-0.1,3100,"bu","14:06:53",22866300
11.6,-0.1,2000,"bu","14:06:50",22863200
11.6,-0.1,1000,"bu","14:06:48",22861200
11.55,-0.15,5000,"sd","14:06:44",22860200
11.6,-0.1,1100,"bu","14:06:40",22855200
11.6,-0.1,100,"bu","14:06:33",22854100
11.6,-0.1,1000,"bu","14:06:30",22854000
11.6,-0.1,2000,"bu","14:06:18",22853000
11.6,-0.1,3000,"bu","14:06:16",22851000
11.6,-0.1,100,"bu","14:06:07",22848000
11.55,-0.15,4000,"sd","14:05:52",22847900
11.6,-0.1,8000,"bu","14:05:51",22843900
11.55,-0.15,600,"sd","14:05:49",22835900
11.6,-0.1,3200,"bu","14:05:48",22835300
11.6,-0.1,5000,"bu","14:05:27",22832100
11.6,-0.1,50000,"bu","14:05:10",22827100
11.6,-0.1,100,"bu","14:05:03",22777100
11.55,-0.15,30000,"sd","14:05:00",22777000
11.6,-0.1,800,"bu","14:04:55",22747000
11.55,-0.15,1000,"sd","14:04:52",22746200
11.6,-0.1,4800,"bu","14:04:52",22745200
11.55,-0.15,5000,"sd","14:04:50",22740400
11.6,-0.1,4000,"bu","14:04:49",22735400
11.6,-0.1,1000,"bu","14:04:45",22731400
11.55,-0.15,100,"sd","14:04:44",22730400
11.55,-0.15,5500,"sd","14:04:43",22730300
11.55,-0.15,1000,"sd","14:04:42",22724800
11.55,-0.15,20000,"sd","14:04:39",22723800
11.55,-0.15,100,"sd","14:04:31",22703800
11.6,-0.1,2000,"bu","14:04:29",22703700
11.55,-0.15,500000,"sd","14:04:26",22701700
11.55,-0.15,50000,"sd","14:04:23",22201700
11.55,-0.15,200,"sd","14:04:21",22151700
11.6,-0.1,100,"bu","14:04:20",22151500
11.55,-0.15,500,"sd","14:04:20",22151400
11.55,-0.15,1500,"sd","14:04:07",22150900
11.6,-0.1,1000,"bu","14:03:52",22149400
11.6,-0.1,5000,"bu","14:03:42",22148400
11.6,-0.1,500,"bu","14:03:37",22143400
11.6,-0.1,900,"bu","14:03:30",22142900
11.6,-0.1,600,"bu","14:03:29",22142000
11.6,-0.1,4000,"bu","14:03:16",22141400
11.6,-0.1,10000,"bu","14:03:14",22137400
11.6,-0.1,100,"bu","14:03:13",22127400
11.6,-0.1,10000,"bu","14:03:09",22127300
11.6,-0.1,10000,"bu","14:03:05",22117300
11.6,-0.1,30000,"bu","14:03:00",22107300
11.55,-0.15,4000,"sd","14:02:59",22077300
11.55,-0.15,10700,"sd","14:02:52",22073300
11.55,-0.15,9300,"sd","14:02:52",22062600
11.55,-0.15,200,"sd","14:02:48",22053300
11.55,-0.15,100,"sd","14:02:46",22053100
11.55,-0.15,600,"sd","14:02:42",22053000
11.55,-0.15,3000,"sd","14:02:37",22052400
11.55,-0.15,5000,"sd","14:02:35",22049400
11.6,-0.1,1000,"bu","14:02:35",22044400
11.55,-0.15,100,"sd","14:02:34",22043400
11.55,-0.15,4400,"sd","14:02:17",22043300
11.55,-0.15,3000,"sd","14:02:16",22038900
11.55,-0.15,10000,"sd","14:02:14",22035900
11.55,-0.15,8000,"sd","14:02:10",22025900
11.55,-0.15,300,"sd","14:02:01",22017900
11.55,-0.15,3900,"sd","14:01:55",22017600
11.55,-0.15,3000,"sd","14:01:54",22013700
11.55,-0.15,2000,"sd","14:01:52",22010700
11.55,-0.15,200,"sd","14:01:48",22008700
11.55,-0.15,20000,"sd","14:01:44",22008500
11.55,-0.15,700,"sd","14:01:40",21988500
11.55,-0.15,5000,"sd","14:01:38",21987800
11.55,-0.15,50000,"sd","14:01:36",21982800
11.55,-0.15,2000,"sd","14:01:35",21932800
11.55,-0.15,100,"sd","14:01:31",21930800
11.55,-0.15,300,"sd","14:01:29",21930700
11.55,-0.15,200,"sd","14:01:29",21930400
11.55,-0.15,1000,"sd","14:01:27",21930200
11.55,-0.15,2500,"sd","14:01:26",21929200
11.55,-0.15,5000,"sd","14:01:23",21926700
11.55,-0.15,80000,"sd","14:01:21",21921700
11.55,-0.15,1000,"sd","14:01:19",21841700
11.55,-0.15,20000,"sd","14:01:19",21840700
11.55,-0.15,100,"sd","14:01:17",21820700
11.55,-0.15,100,"sd","14:01:13",21820600
11.55,-0.15,1000,"sd","14:01:09",21820500
11.55,-0.15,4000,"sd","14:01:07",21819500
11.55,-0.15,10000,"sd","14:01:07",21815500
11.55,-0.15,100,"sd","14:01:06",21805500
11.55,-0.15,2000,"sd","14:01:00",21805400
11.55,-0.15,5000,"sd","14:00:57",21803400
11.55,-0.15,1000,"sd","14:00:56",21798400
11.55,-0.15,2000,"sd","14:00:51",21797400
11.55,-0.15,10000,"sd","14:00:48",21795400
11.55,-0.15,2000,"sd","14:00:45",21785400
11.55,-0.15,8000,"sd","14:00:37",21783400
11.55,-0.15,100,"sd","14:00:33",21775400
11.55,-0.15,23000,"sd","14:00:31",21775300
11.55,-0.15,105000,"sd","14:00:30",21752300
11.55,-0.15,600,"sd","14:00:27",21647300
11.55,-0.15,1000,"sd","14:00:21",21646700
11.55,-0.15,800,"sd","14:00:19",21645700
11.55,-0.15,1500,"sd","14:00:17",21644900
11.55,-0.15,84000,"bu","14:00:13",21643400
11.55,-0.15,100,"bu","14:00:13",21559400
11.55,-0.15,2000,"bu","14:00:11",21559300
11.55,-0.15,5600,"bu","14:00:10",21557300
11.55,-0.15,800,"bu","14:00:08",21551700
11.55,-0.15,5000,"bu","14:00:07",21550900
11.55,-0.15,20200,"sd","14:00:06",21545900
11.55,-0.15,85300,"bu","14:00:05",21525700
11.55,-0.15,7000,"bu","14:00:04",21440400
11.55,-0.15,400,"bu","14:00:02",21433400
11.55,-0.15,5000,"bu","14:00:01",21433000
11.55,-0.15,26000,"bu","14:00:00",21428000
11.55,-0.15,13600,"bu","14:00:00",21402000
11.55,-0.15,5000,"bu","13:59:54",21388400
11.55,-0.15,15000,"bu","13:59:52",21383400
11.55,-0.15,800,"bu","13:59:50",21368400
11.55,-0.15,7000,"bu","13:59:49",21367600
11.55,-0.15,5000,"bu","13:59:48",21360600
11.55,-0.15,1500,"bu","13:59:47",21355600
11.55,-0.15,33000,"bu","13:59:46",21354100
11.55,-0.15,200,"bu","13:59:41",21321100
11.55,-0.15,1300,"bu","13:59:41",21320900
11.55,-0.15,100,"bu","13:59:37",21319600
11.55,-0.15,115000,"sd","13:59:32",21319500
11.55,-0.15,10000,"sd","13:59:31",21204500
11.55,-0.15,530000,"sd","13:59:29",21194500
11.55,-0.15,3400,"sd","13:59:27",20664500
11.55,-0.15,200,"sd","13:59:26",20661100
11.55,-0.15,29700,"sd","13:59:25",20660900
11.55,-0.15,5000,"sd","13:59:24",20631200
11.55,-0.15,18000,"sd","13:59:24",20626200
11.55,-0.15,10000,"sd","13:59:23",20608200
11.55,-0.15,27900,"sd","13:59:23",20598200
11.55,-0.15,4500,"sd","13:59:22",20570300
11.55,-0.15,1000,"sd","13:59:21",20565800
11.55,-0.15,10500,"sd","13:59:21",20564800
11.55,-0.15,1500,"sd","13:59:20",20554300
11.55,-0.15,100,"sd","13:59:18",20547800
11.55,-0.15,5900,"sd","13:59:17",20547700
11.55,-0.15,97000,"sd","13:59:17",20541800
11.55,-0.15,50500,"sd","13:59:16",20444800
11.55,-0.15,16400,"sd","13:59:15",20394300
11.55,-0.15,270000,"sd","13:59:14",20377900
11.55,-0.15,25000,"sd","13:59:11",20107900
11.55,-0.15,1000,"sd","13:59:07",20082900
11.55,-0.15,5000,"sd","13:59:06",20081900
11.55,-0.15,40000,"sd","13:59:05",20076900
11.55,-0.15,1000,"sd","13:59:02",20036900
11.55,-0.15,13000,"sd","13:59:01",20035900
11.55,-0.15,2500,"sd","13:59:00",20022900
11.55,-0.15,77700,"sd","13:58:59",20020400
11.55,-0.15,171300,"sd","13:58:58",19942700
11.55,-0.15,3000,"sd","13:58:50",19771400
11.55,-0.15,1000,"sd","13:58:49",19768400
11.55,-0.15,200,"sd","13:58:42",19767400
11.55,-0.15,100,"sd","13:58:41",19767200
11.55,-0.15,13000,"sd","13:58:36",19767100
11.6,-0.1,4800,"bu","13:58:30",19754100
11.55,-0.15,2000,"sd","13:58:30",19749300
11.55,-0.15,1000,"sd","13:58:29",19747300
11.55,-0.15,1000,"sd","13:58:28",19746300
11.55,-0.15,23000,"sd","13:58:27",19745300
11.55,-0.15,1200,"sd","13:58:21",19722300
11.55,-0.15,2000,"sd","13:58:20",19721100
11.6,-0.1,100,"bu","13:58:17",19719100
11.55,-0.15,100,"sd","13:58:13",19719000
11.55,-0.15,8900,"sd","13:58:12",19718900
11.55,-0.15,200,"sd","13:58:09",19710000
11.55,-0.15,300,"sd","13:58:07",19709800
11.6,-0.1,2000,"bu","13:58:07",19709500
11.6,-0.1,500,"bu","13:58:05",19707500
11.55,-0.15,2400,"sd","13:58:00",19707000
11.55,-0.15,2000,"sd","13:57:58",19704600
11.6,-0.1,500,"bu","13:57:57",19702600
11.55,-0.15,25000,"sd","13:57:57",19702100
11.55,-0.15,15000,"sd","13:57:56",19677100
11.55,-0.15,100,"sd","13:57:55",19662100
11.55,-0.15,100,"sd","13:57:53",19662000
11.55,-0.15,60000,"sd","13:57:52",19661900
11.55,-0.15,500,"sd","13:57:52",19601900
11.55,-0.15,2000,"sd","13:57:49",19601400
11.55,-0.15,500,"sd","13:57:44",19599400
11.55,-0.15,30000,"sd","13:57:43",19598900
11.55,-0.15,5000,"sd","13:57:41",19568900
11.55,-0.15,800,"sd","13:57:39",19563900
11.55,-0.15,4000,"sd","13:57:32",19563100
11.55,-0.15,13200,"sd","13:57:27",19559100
11.55,-0.15,45000,"sd","13:57:25",19545900
11.55,-0.15,500,"sd","13:57:23",19500900
11.55,-0.15,100,"sd","13:57:21",19500400
11.55,-0.15,5000,"sd","13:57:19",19500300
11.55,-0.15,6000,"sd","13:57:17",19495300
11.55,-0.15,40000,"sd","13:57:00",19489300
11.55,-0.15,50000,"sd","13:56:59",19449300
11.55,-0.15,1000,"sd","13:56:52",19399300
11.55,-0.15,40000,"sd","13:56:50",19398300
11.55,-0.15,5000,"sd","13:56:46",19358300
11.6,-0.1,300,"bu","13:56:41",19353300
11.55,-0.15,50000,"sd","13:56:39",19353000
11.55,-0.15,6900,"sd","13:56:33",19303000
11.55,-0.15,1000,"sd","13:56:32",19296100
11.55,-0.15,300,"sd","13:56:28",19295100
11.6,-0.1,1000,"bu","13:56:20",19294800
11.6,-0.1,6000,"bu","13:56:07",19293800
11.55,-0.15,10000,"sd","13:55:56",19287800
11.6,-0.1,1600,"bu","13:55:53",19277800
11.6,-0.1,4800,"bu","13:55:43",19276200
11.55,-0.15,2000,"sd","13:55:43",19271400
11.55,-0.15,8000,"sd","13:55:40",19269400
11.55,-0.15,1000,"sd","13:55:36",19261400
11.6,-0.1,1000,"bu","13:55:34",19260400
11.55,-0.15,300,"sd","13:55:31",19259400
11.55,-0.15,50000,"sd","13:55:16",19259100
11.55,-0.15,10000,"sd","13:55:14",19209100
11.6,-0.1,3900,"bu","13:55:08",19199100
11.6,-0.1,200,"bu","13:55:08",19195200
11.6,-0.1,1000,"bu","13:55:06",19195000
11.6,-0.1,5000,"bu","13:55:03",19194000
11.55,-0.15,6000,"sd","13:55:03",19189000
11.6,-0.1,2000,"bu","13:54:46",19183000
11.6,-0.1,2000,"bu","13:54:45",19181000
11.6,-0.1,1600,"bu","13:54:28",19179000
11.6,-0.1,500,"bu","13:54:27",19177400
11.6,-0.1,5000,"bu","13:54:19",19176900
11.55,-0.15,10000,"sd","13:54:19",19171900
11.6,-0.1,100,"bu","13:54:12",19161900
11.6,-0.1,800,"bu","13:54:10",19161800
11.6,-0.1,11000,"bu","13:54:09",19161000
11.6,-0.1,100,"bu","13:54:04",19150000
11.6,-0.1,61000,"bu","13:53:58",19149900
11.6,-0.1,2300,"bu","13:53:40",19088900
11.6,-0.1,10000,"bu","13:53:36",19086600
11.6,-0.1,2300,"bu","13:53:34",19076600
11.6,-0.1,1000,"bu","13:53:32",19074300
11.6,-0.1,800,"bu","13:53:32",19073300
11.6,-0.1,50000,"bu","13:53:30",19072500
11.6,-0.1,2000,"bu","13:53:28",19022500
11.6,-0.1,2000,"bu","13:53:24",19020500
11.6,-0.1,100,"bu","13:53:20",19018500
11.6,-0.1,5000,"bu","13:53:18",19018400
11.6,-0.1,2000,"bu","13:53:15",19013400
11.6,-0.1,2300,"bu","13:53:08",19011400
11.6,-0.1,2300,"bu","13:53:01",19009100
11.55,-0.15,20000,"sd","13:53:01",19006800
11.55,-0.15,7000,"sd","13:52:59",18986800
11.55,-0.15,64200,"sd","13:52:58",18979800
11.6,-0.1,15800,"sd","13:52:58",18915600
11.6,-0.1,26000,"sd","13:52:57",18899800
11.6,-0.1,10000,"sd","13:52:56",18873800
11.6,-0.1,9100,"sd","13:52:55",18863800
11.6,-0.1,500000,"sd","13:52:54",18854700
11.6,-0.1,10000,"sd","13:52:51",18354700
11.6,-0.1,40000,"sd","13:52:50",18344700
11.6,-0.1,25000,"sd","13:52:48",18304700
11.6,-0.1,2000,"sd","13:52:47",18279700
11.6,-0.1,700,"sd","13:52:45",18277700
11.6,-0.1,99500,"sd","13:52:44",18277000
11.6,-0.1,382000,"sd","13:52:42",18177500
11.6,-0.1,118000,"sd","13:52:41",17795500
11.6,-0.1,10000,"sd","13:52:40",17677500
11.6,-0.1,2000,"sd","13:52:36",17667500
11.6,-0.1,43000,"sd","13:52:34",17665500
11.6,-0.1,30000,"sd","13:52:23",17622500
11.65,-0.05,1500,"bu","13:52:22",17592500
11.6,-0.1,25400,"sd","13:52:19",17591000
11.6,-0.1,60000,"sd","13:52:18",17565600
11.65,-0.05,300,"bu","13:52:09",17505600
11.6,-0.1,900,"sd","13:52:03",17505200
11.6,-0.1,14000,"sd","13:52:01",17504300
11.6,-0.1,30000,"sd","13:52:00",17490300
11.6,-0.1,5000,"sd","13:51:57",17460300
11.6,-0.1,20000,"sd","13:51:56",17455300
11.6,-0.1,700,"sd","13:51:53",17435300
11.6,-0.1,3000,"sd","13:51:51",17434600
11.6,-0.1,10000,"sd","13:51:46",17431600
11.6,-0.1,6900,"sd","13:51:45",17421600
11.6,-0.1,2000,"sd","13:51:30",17414700
11.6,-0.1,1000,"sd","13:51:28",17412700
11.6,-0.1,96300,"sd","13:51:24",17411700
11.6,-0.1,5000,"sd","13:51:16",17315400
11.6,-0.1,3000,"sd","13:51:15",17310400
11.6,-0.1,1600,"sd","13:51:08",17307400
11.6,-0.1,500,"sd","13:51:08",17305800
11.6,-0.1,26000,"sd","13:51:06",17305300
11.6,-0.1,100000,"sd","13:51:05",17279300
11.6,-0.1,5000,"sd","13:51:02",17179300
11.6,-0.1,6000,"sd","13:51:01",17174300
11.6,-0.1,1000,"sd","13:50:59",17168300
11.6,-0.1,50000,"sd","13:50:59",17167300
11.6,-0.1,100,"sd","13:50:56",17117300
11.65,-0.05,400,"bu","13:50:56",17117200
11.6,-0.1,90000,"sd","13:50:45",17116800
11.6,-0.1,500,"sd","13:50:40",17026800
11.6,-0.1,300,"sd","13:50:33",17026300
11.6,-0.1,1700,"sd","13:50:30",17026000
11.6,-0.1,100,"sd","13:50:28",17024300
11.6,-0.1,3000,"sd","13:50:26",17024200
11.6,-0.1,30000,"sd","13:50:21",17021200
11.6,-0.1,5000,"sd","13:50:02",16991200
11.6,-0.1,2000,"sd","13:49:51",16986200
11.6,-0.1,400,"sd","13:49:44",16984200
11.6,-0.1,100,"sd","13:49:33",16983800
11.6,-0.1,5800,"sd","13:49:24",16983700
11.6,-0.1,5300,"sd","13:49:20",16977900
11.6,-0.1,1400,"sd","13:49:17",16972600
11.65,-0.05,1000,"bu","13:49:15",16971200
11.6,-0.1,30000,"sd","13:49:14",16970200
11.6,-0.1,5000,"sd","13:49:09",16940200
11.65,-0.05,100,"bu","13:49:00",16935200
11.6,-0.1,7300,"sd","13:48:55",16935100
11.6,-0.1,10000,"sd","13:48:52",16927800
11.6,-0.1,3000,"sd","13:48:51",16917800
11.6,-0.1,500,"sd","13:48:51",16914800
11.6,-0.1,2000,"sd","13:48:40",16914300
11.6,-0.1,500,"sd","13:48:38",16912300
11.6,-0.1,200,"sd","13:48:18",16911800
11.6,-0.1,1800,"sd","13:48:17",16911600
11.6,-0.1,100,"sd","13:48:09",16909800
11.6,-0.1,5000,"sd","13:47:59",16909700
11.65,-0.05,100,"bu","13:47:45",16904700
11.6,-0.1,1000,"sd","13:47:45",16904600
11.6,-0.1,5000,"sd","13:47:41",16903600
11.65,-0.05,100,"bu","13:47:37",16898600
11.6,-0.1,8800,"sd","13:47:22",16898500
11.6,-0.1,500,"sd","13:47:11",16889700
11.6,-0.1,2500,"sd","13:47:08",16889200
11.6,-0.1,40000,"sd","13:47:02",16886700
11.6,-0.1,1000,"sd","13:46:52",16846700
11.65,-0.05,3800,"bu","13:46:50",16845700
11.6,-0.1,2500,"sd","13:46:48",16841900
11.6,-0.1,500,"sd","13:46:47",16839400
11.65,-0.05,300,"bu","13:46:42",16838900
11.6,-0.1,1000,"sd","13:46:38",16838600
11.6,-0.1,1000,"sd","13:46:37",16837600
11.6,-0.1,200,"sd","13:46:36",16836600
11.65,-0.05,100,"bu","13:46:29",16836400
11.6,-0.1,900,"sd","13:46:27",16836300
11.65,-0.05,4900,"bu","13:46:24",16835400
11.6,-0.1,13500,"sd","13:46:19",16830500
11.6,-0.1,25500,"sd","13:46:11",16817000
11.6,-0.1,206400,"sd","13:46:11",16791500
11.6,-0.1,2000,"sd","13:46:02",16585100
11.65,-0.05,1000,"bu","13:45:49",16583100
11.6,-0.1,5000,"sd","13:45:37",16582100
11.6,-0.1,3600,"sd","13:45:27",16577100
11.6,-0.1,1100,"sd","13:45:23",16573500
11.6,-0.1,200,"sd","13:45:13",16572400
11.65,-0.05,200,"bu","13:44:54",16572200
11.6,-0.1,6000,"sd","13:44:51",16572000
11.6,-0.1,1000,"sd","13:44:33",16566000
11.6,-0.1,900,"sd","13:44:28",16565000
11.6,-0.1,400,"sd","13:44:07",16564100
11.6,-0.1,1300,"sd","13:44:02",16563700
11.65,-0.05,30000,"bu","13:43:44",16562400
11.6,-0.1,3000,"sd","13:43:13",16532400
11.65,-0.05,2000,"bu","13:43:00",16529400
11.65,-0.05,2000,"bu","13:42:52",16527400
11.65,-0.05,400,"bu","13:42:50",16525400
11.6,-0.1,100,"sd","13:42:41",16525000
11.65,-0.05,500,"bu","13:42:29",16524900
11.6,-0.1,10000,"sd","13:42:24",16524400
11.65,-0.05,500,"bu","13:42:23",16514400
11.65,-0.05,500,"bu","13:42:13",16513900
11.6,-0.1,2600,"sd","13:42:05",16513400
11.6,-0.1,7400,"sd","13:42:05",16510800
11.6,-0.1,200,"sd","13:42:04",16503400
11.6,-0.1,1000,"sd","13:42:03",16503200
11.6,-0.1,45000,"sd","13:41:53",16502200
11.6,-0.1,50000,"sd","13:41:47",16457200
11.6,-0.1,3800,"sd","13:41:43",16407200
11.6,-0.1,10000,"sd","13:41:39",16403400
11.65,-0.05,10000,"bu","13:41:37",16393400
11.6,-0.1,2000,"sd","13:41:35",16383400
11.6,-0.1,100,"sd","13:41:34",16381400
11.6,-0.1,900,"sd","13:41:24",16381300
11.6,-0.1,4200,"sd","13:41:20",16380400
11.6,-0.1,100,"sd","13:41:17",16376200
11.6,-0.1,100,"sd","13:41:16",16376100
11.6,-0.1,2900,"sd","13:41:12",16376000
11.6,-0.1,10000,"sd","13:41:01",16373100
11.6,-0.1,10000,"sd","13:40:49",16363100
11.6,-0.1,500,"sd","13:40:43",16353100
11.6,-0.1,12200,"sd","13:40:34",16352600
11.6,-0.1,600,"sd","13:40:30",16340400
11.6,-0.1,1000,"sd","13:40:28",16339800
11.6,-0.1,15500,"sd","13:40:24",16338800
11.65,-0.05,100,"bu","13:40:20",16323300
11.6,-0.1,100,"sd","13:40:17",16323200
11.6,-0.1,200,"sd","13:40:00",16323100
11.6,-0.1,300,"sd","13:39:54",16322900
11.6,-0.1,2000,"sd","13:39:47",16322600
11.6,-0.1,100,"sd","13:39:38",16320600
11.6,-0.1,3800,"sd","13:39:37",16320500
11.6,-0.1,100,"sd","13:39:30",16316700
11.6,-0.1,1000,"sd","13:39:28",16316600
11.6,-0.1,500,"sd","13:39:26",16315600
11.6,-0.1,10000,"sd","13:39:03",16315100
11.65,-0.05,1000,"bu","13:38:26",16305100
11.6,-0.1,600,"sd","13:38:12",16304100
11.65,-0.05,1000,"bu","13:38:12",16303500
11.6,-0.1,1500,"sd","13:38:02",16302500
11.65,-0.05,100,"bu","13:38:00",16301000
11.6,-0.1,500,"sd","13:37:58",16300900
11.65,-0.05,200,"bu","13:37:51",16300400
11.65,-0.05,1100,"bu","13:37:49",16300200
11.6,-0.1,400,"sd","13:37:32",16299100
11.6,-0.1,2000,"sd","13:37:29",16298700
11.6,-0.1,1000,"sd","13:37:10",16296700
11.65,-0.05,2100,"bu","13:36:53",16295700
11.6,-0.1,200,"sd","13:36:52",16293600
11.65,-0.05,300,"bu","13:36:32",16293400
11.6,-0.1,1800,"sd","13:36:28",16293100
11.6,-0.1,200,"sd","13:36:05",16291300
11.65,-0.05,300,"bu","13:36:00",16291100
11.6,-0.1,150000,"sd","13:35:37",16290800
11.6,-0.1,15000,"sd","13:35:35",16140800
11.65,-0.05,30000,"bu","13:35:22",16125700
11.65,-0.05,2000,"bu","13:35:16",16095700
11.65,-0.05,1600,"bu","13:34:49",16093700
11.65,-0.05,500,"bu","13:34:35",16092100
11.65,-0.05,5000,"bu","13:34:34",16089900
11.65,-0.05,2000,"bu","13:34:31",16084900
11.65,-0.05,9000,"bu","13:34:31",16082900
11.65,-0.05,1000,"bu","13:34:26",16073900
11.65,-0.05,4000,"bu","13:34:19",16072900
11.65,-0.05,2900,"bu","13:33:59",16068900
11.6,-0.1,100,"sd","13:33:50",16066000
11.65,-0.05,200,"bu","13:33:33",16065900
11.6,-0.1,500,"sd","13:33:19",16065700
11.65,-0.05,500,"bu","13:33:13",16065200
11.65,-0.05,5000,"bu","13:33:08",16064700
11.6,-0.1,5000,"sd","13:33:06",16059700
11.6,-0.1,1000,"sd","13:32:59",16054700
11.65,-0.05,9000,"bu","13:32:47",16053700
11.65,-0.05,9000,"bu","13:32:31",16044700
11.6,-0.1,100,"sd","13:32:21",16035700
11.65,-0.05,500,"bu","13:32:00",16035600
11.6,-0.1,600,"sd","13:31:51",16035100
11.6,-0.1,50000,"sd","13:31:51",16034500
11.6,-0.1,8000,"sd","13:31:42",15983500
11.65,-0.05,2300,"bu","13:31:42",15975500
11.6,-0.1,1800,"sd","13:31:36",15973200
11.65,-0.05,2300,"bu","13:31:36",15971400
11.65,-0.05,2400,"bu","13:31:29",15969100
11.65,-0.05,2500,"bu","13:31:28",15966700
11.6,-0.1,5000,"sd","13:31:23",15964200
11.65,-0.05,2300,"bu","13:31:23",15959200
11.65,-0.05,2300,"bu","13:31:18",15956900
11.6,-0.1,2400,"sd","13:31:16",15954600
11.65,-0.05,2300,"bu","13:31:13",15952200
11.65,-0.05,2300,"bu","13:31:08",15949900
11.65,-0.05,2300,"bu","13:31:02",15947600
11.65,-0.05,2300,"bu","13:30:58",15945300
11.65,-0.05,9100,"bu","13:30:49",15943000
11.6,-0.1,7000,"sd","13:30:47",15933900
11.6,-0.1,1000,"sd","13:30:46",15926900
11.6,-0.1,4000,"sd","13:30:43",15925900
11.6,-0.1,1000,"sd","13:30:41",15921200
11.6,-0.1,50000,"sd","13:30:18",15920200
11.6,-0.1,100,"sd","13:29:56",15870200
11.65,-0.05,10000,"bu","13:29:50",15870100
11.6,-0.1,100,"sd","13:29:45",15860100
11.6,-0.1,7000,"sd","13:29:43",15860000
11.6,-0.1,1000,"sd","13:29:33",15853000
11.6,-0.1,100,"sd","13:29:33",15852000
11.6,-0.1,5000,"sd","13:29:20",15851900
11.6,-0.1,10000,"sd","13:29:15",15846900
11.65,-0.05,500,"bu","13:28:59",15836900
11.6,-0.1,1000,"sd","13:28:59",15836400
11.65,-0.05,100,"bu","13:28:53",15835400
11.6,-0.1,3000,"sd","13:28:48",15835300
11.6,-0.1,2300,"sd","13:28:47",15832300
11.65,-0.05,2000,"bu","13:28:47",15830000
11.65,-0.05,10000,"bu","13:28:31",15828000
11.6,-0.1,2000,"sd","13:28:31",15818000
11.65,-0.05,900,"bu","13:28:29",15816000
11.65,-0.05,10000,"bu","13:28:17",15815100
11.65,-0.05,15000,"bu","13:27:57",15805100
11.6,-0.1,1000,"sd","13:27:38",15790100
11.65,-0.05,900,"bu","13:27:32",15789100
11.65,-0.05,1000,"bu","13:27:20",15788200
11.65,-0.05,1000,"bu","13:27:10",15787200
11.65,-0.05,1000,"bu","13:27:07",15786200
11.65,-0.05,2000,"bu","13:27:02",15785200
11.65,-0.05,2000,"bu","13:26:26",15783200
11.6,-0.1,400,"sd","13:26:26",15781200
11.65,-0.05,500,"bu","13:26:08",15780800
11.6,-0.1,200,"sd","13:25:54",15780300
11.6,-0.1,100,"sd","13:25:39",15780100
11.65,-0.05,500,"bu","13:25:34",15780000
11.6,-0.1,300,"sd","13:25:25",15779500
11.65,-0.05,10000,"bu","13:25:24",15779200
11.65,-0.05,1000,"bu","13:25:17",15769200
11.65,-0.05,800,"bu","13:25:10",15768200
11.65,-0.05,200,"bu","13:25:03",15767400
11.65,-0.05,1000,"bu","13:24:33",15767200
11.6,-0.1,1000,"sd","13:24:22",15766200
11.65,-0.05,10000,"bu","13:24:16",15765200
11.6,-0.1,200,"sd","13:24:12",15755200
11.65,-0.05,5000,"bu","13:24:09",15755000
11.6,-0.1,200,"sd","13:23:59",15750000
11.65,-0.05,200,"bu","13:23:58",15749800
11.65,-0.05,1000,"bu","13:23:54",15749600
11.65,-0.05,10000,"bu","13:23:45",15748600
11.6,-0.1,100,"sd","13:23:33",15738600
11.65,-0.05,900,"bu","13:23:30",15738500
11.65,-0.05,5000,"bu","13:23:03",15737600
11.65,-0.05,2000,"bu","13:22:54",15732600
11.65,-0.05,5000,"bu","13:22:46",15730600
11.65,-0.05,2000,"bu","13:22:42",15725600
11.65,-0.05,5000,"bu","13:22:36",15723600
11.6,-0.1,1000,"sd","13:22:29",15718600
11.65,-0.05,20000,"bu","13:22:25",15717600
11.65,-0.05,100,"bu","13:22:14",15697600
11.65,-0.05,10000,"bu","13:22:14",15697500
11.65,-0.05,5000,"bu","13:22:13",15687500
11.6,-0.1,100,"sd","13:22:06",15682500
11.65,-0.05,50000,"bu","13:22:05",15682400
11.65,-0.05,100,"bu","13:21:57",15632400
11.65,-0.05,100,"bu","13:21:49",15632300
11.65,-0.05,100,"bu","13:21:37",15632200
11.65,-0.05,100,"bu","13:21:33",15632100
11.65,-0.05,5000,"bu","13:21:28",15632000
11.6,-0.1,7500,"sd","13:21:23",15627000
11.65,-0.05,100,"bu","13:21:23",15619500
11.6,-0.1,500,"sd","13:21:13",15619400
11.65,-0.05,400,"bu","13:21:05",15618900
11.65,-0.05,1000,"bu","13:21:03",15618500
11.65,-0.05,500,"bu","13:20:56",15617500
11.65,-0.05,100,"bu","13:20:54",15617000
11.65,-0.05,5000,"bu","13:20:53",15616900
11.65,-0.05,500,"bu","13:20:50",15611900
11.65,-0.05,6000,"bu","13:20:46",15611400
11.65,-0.05,2000,"bu","13:20:44",15605400
11.65,-0.05,1900,"bu","13:20:25",15603400
11.65,-0.05,200,"bu","13:20:18",15601500
11.65,-0.05,2200,"bu","13:20:15",15601300
11.65,-0.05,5000,"bu","13:19:55",15599100
11.65,-0.05,3000,"bu","13:19:54",15594100
11.65,-0.05,20000,"bu","13:19:50",15591100
11.65,-0.05,300,"bu","13:19:24",15571100
11.65,-0.05,1000,"bu","13:19:15",15570800
11.65,-0.05,1000,"bu","13:19:15",15569800
11.65,-0.05,500,"bu","13:19:10",15568800
11.65,-0.05,10000,"bu","13:19:09",15568300
11.65,-0.05,700,"bu","13:18:59",15558300
11.65,-0.05,300,"bu","13:18:48",15557600
11.65,-0.05,3400,"bu","13:18:42",15557300
11.65,-0.05,10100,"bu","13:18:35",15553900
11.65,-0.05,100,"bu","13:18:34",15543800
11.65,-0.05,10000,"bu","13:18:29",15543700
11.65,-0.05,20000,"bu","13:18:24",15533700
11.65,-0.05,200,"bu","13:18:17",15513700
11.65,-0.05,500,"bu","13:18:07",15513500
11.65,-0.05,600,"bu","13:18:02",15513000
11.65,-0.05,4700,"bu","13:17:53",15512400
11.6,-0.1,200,"sd","13:17:48",15507700
11.65,-0.05,1000,"bu","13:17:48",15507500
11.65,-0.05,800,"bu","13:17:43",15506500
11.65,-0.05,70000,"bu","13:17:42",15505700
11.65,-0.05,10000,"bu","13:17:35",15435700
11.6,-0.1,3900,"sd","13:17:32",15425700
11.65,-0.05,10000,"bu","13:17:31",15421800
11.65,-0.05,30000,"bu","13:17:26",15411800
11.65,-0.05,500,"bu","13:17:20",15381800
11.65,-0.05,2500,"bu","13:17:09",15381300
11.65,-0.05,300,"bu","13:17:05",15378800
11.65,-0.05,98700,"sd","13:17:04",15378500
11.65,-0.05,10000,"bu","13:16:55",15279800
11.65,-0.05,5300,"sd","13:16:54",15269800
11.65,-0.05,50000,"sd","13:16:51",15264500
11.65,-0.05,1000,"sd","13:16:51",15214500
11.65,-0.05,200,"sd","13:16:50",15213500
11.65,-0.05,1700,"sd","13:16:45",15213300
11.65,-0.05,800,"sd","13:16:35",15211600
11.65,-0.05,700,"sd","13:16:31",15210800
11.65,-0.05,100,"sd","13:16:29",15210100
11.65,-0.05,500,"sd","13:16:29",15210000
11.65,-0.05,2100,"sd","13:16:28",15209500
11.65,-0.05,2900,"bu","13:16:21",15207400
11.65,-0.05,19500,"bu","13:16:20",15204500
11.65,-0.05,21400,"bu","13:16:19",15185000
11.65,-0.05,2000,"bu","13:16:18",15163600
11.65,-0.05,100,"bu","13:16:16",15161600
11.65,-0.05,29000,"bu","13:16:15",15161500
11.65,-0.05,10000,"bu","13:16:14",15132500
11.65,-0.05,1500,"bu","13:16:13",15122500
11.65,-0.05,62500,"bu","13:16:12",15121000
11.65,-0.05,3000,"bu","13:16:11",15058500
11.65,-0.05,7000,"bu","13:16:10",15055500
11.65,-0.05,50000,"bu","13:16:09",15048500
11.65,-0.05,300000,"bu","13:16:08",14998500
11.65,-0.05,6000,"bu","13:16:07",14698500
11.65,-0.05,5000,"bu","13:16:06",14692500
11.65,-0.05,1000,"bu","13:16:04",14687500
11.65,-0.05,15600,"bu","13:16:03",14686500
11.65,-0.05,800,"bu","13:16:02",14670900
11.65,-0.05,2000,"bu","13:15:59",14670100
11.65,-0.05,9000,"bu","13:15:59",14668100
11.65,-0.05,100,"bu","13:15:58",14659100
11.65,-0.05,200,"bu","13:15:54",14659000
11.65,-0.05,9500,"bu","13:15:52",14658800
11.65,-0.05,50000,"bu","13:15:51",14649300
11.65,-0.05,5000,"bu","13:15:49",14599300
11.65,-0.05,5000,"bu","13:15:47",14594300
11.65,-0.05,3000,"bu","13:15:47",14589300
11.65,-0.05,19000,"bu","13:15:46",14586300
11.65,-0.05,10000,"bu","13:15:45",14567300
11.65,-0.05,300,"bu","13:15:43",14557300
11.65,-0.05,900,"bu","13:15:41",14557000
11.65,-0.05,200,"bu","13:15:40",14556100
11.65,-0.05,1500,"bu","13:15:38",14555900
11.65,-0.05,2000,"bu","13:15:37",14554400
11.65,-0.05,1000,"bu","13:15:32",14552400
11.65,-0.05,2000,"bu","13:15:32",14551400
11.65,-0.05,500,"bu","13:15:29",14549400
11.65,-0.05,500000,"bu","13:15:17",14548900
11.65,-0.05,100,"bu","13:15:16",14048900
11.65,-0.05,1300,"bu","13:15:00",14048800
11.6,-0.1,300,"sd","13:14:57",14047500
11.65,-0.05,2300,"bu","13:14:49",14047200
11.65,-0.05,3200,"bu","13:14:48",14044900
11.65,-0.05,2000,"bu","13:14:45",14041700
11.65,-0.05,100,"bu","13:14:44",14039700
11.65,-0.05,2300,"bu","13:14:42",14039600
11.6,-0.1,100,"sd","13:14:32",14037300
11.6,-0.1,500,"sd","13:14:29",14037200
11.6,-0.1,1200,"sd","13:14:29",14036700
11.65,-0.05,25000,"bu","13:14:27",14035500
11.6,-0.1,900,"sd","13:14:22",14010500
11.65,-0.05,3500,"bu","13:14:14",14009600
11.65,-0.05,42900,"bu","13:14:11",14006100
11.65,-0.05,1300,"bu","13:14:01",13963200
11.65,-0.05,200,"bu","13:13:57",13961900
11.6,-0.1,500,"sd","13:13:44",13961700
11.6,-0.1,100,"sd","13:13:43",13961200
11.6,-0.1,800,"sd","13:13:40",13961100
11.6,-0.1,300,"sd","13:13:34",13960300
11.6,-0.1,300,"sd","13:13:31",13960000
11.6,-0.1,500,"sd","13:13:25",13959700
11.6,-0.1,50000,"sd","13:13:22",13959200
11.6,-0.1,42000,"sd","13:13:20",13909200
11.6,-0.1,200,"sd","13:13:11",13867200
11.6,-0.1,5000,"sd","13:13:06",13867000
11.6,-0.1,1000,"sd","13:12:45",13862000
11.65,-0.05,100,"bu","13:12:24",13861000
11.6,-0.1,100,"sd","13:12:09",13860900
11.6,-0.1,1700,"sd","13:11:49",13860800
11.6,-0.1,1200,"sd","13:11:30",13859100
11.6,-0.1,100,"sd","13:11:22",13857900
11.65,-0.05,300,"bu","13:11:17",13857800
11.6,-0.1,100,"sd","13:11:11",13857500
11.65,-0.05,300,"bu","13:10:31",13857400
11.65,-0.05,1000,"bu","13:10:30",13857100
11.65,-0.05,600,"bu","13:10:21",13856100
11.6,-0.1,900,"sd","13:10:17",13855500
11.65,-0.05,700,"bu","13:10:12",13854600
11.6,-0.1,200,"sd","13:10:10",13853900
11.6,-0.1,4000,"sd","13:10:07",13853700
11.65,-0.05,1000,"bu","13:09:58",13849700
11.6,-0.1,500,"sd","13:09:58",13848700
11.6,-0.1,200,"sd","13:09:49",13848200
11.65,-0.05,200,"bu","13:09:48",13848000
11.6,-0.1,1500,"sd","13:09:46",13847800
11.6,-0.1,300,"sd","13:09:23",13846300
11.65,-0.05,8000,"bu","13:09:22",13846000
11.65,-0.05,100,"bu","13:09:10",13838000
11.6,-0.1,4900,"sd","13:09:06",13837900
11.6,-0.1,100,"sd","13:08:59",13832800
11.6,-0.1,2000,"sd","13:08:59",13832700
11.6,-0.1,2000,"sd","13:08:50",13830700
11.6,-0.1,10000,"sd","13:08:39",13828700
11.6,-0.1,2000,"sd","13:08:38",13818700
11.6,-0.1,1000,"sd","13:08:27",13816700
11.6,-0.1,100,"sd","13:08:14",13815700
11.6,-0.1,10000,"sd","13:08:05",13815600
11.6,-0.1,5000,"sd","13:07:55",13805600
11.6,-0.1,1100,"sd","13:07:51",13800600
11.6,-0.1,100,"sd","13:07:50",13799500
11.6,-0.1,20000,"sd","13:07:47",13799400
11.6,-0.1,100,"sd","13:07:38",13779400
11.6,-0.1,3500,"sd","13:07:36",13779300
11.6,-0.1,30000,"sd","13:07:25",13775800
11.6,-0.1,9000,"sd","13:07:15",13745800
11.6,-0.1,600,"sd","13:06:56",13736800
11.65,-0.05,100,"bu","13:06:45",13736200
11.6,-0.1,2000,"sd","13:06:44",13735900
11.65,-0.05,20000,"bu","13:06:41",13733900
11.6,-0.1,100,"sd","13:06:38",13713900
11.6,-0.1,5000,"sd","13:06:37",13713800
11.6,-0.1,5000,"sd","13:06:12",13708800
11.65,-0.05,10000,"bu","13:06:06",13703800
11.65,-0.05,100,"bu","13:06:00",13693800
11.65,-0.05,2300,"bu","13:05:19",13693700
11.6,-0.1,600,"sd","13:05:17",13691400
11.6,-0.1,13000,"sd","13:05:09",13690800
11.6,-0.1,2000,"sd","13:04:59",13677800
11.6,-0.1,2900,"sd","13:04:56",13675800
11.6,-0.1,1000,"sd","13:04:47",13672900
11.65,-0.05,9600,"bu","13:04:45",13671900
11.65,-0.05,9600,"bu","13:04:44",13662300
11.6,-0.1,10000,"sd","13:04:40",13652700
11.6,-0.1,4000,"sd","13:04:36",13642700
11.6,-0.1,100,"sd","13:04:35",13638700
11.6,-0.1,300,"sd","13:04:32",13638600
11.6,-0.1,5000,"sd","13:04:20",13638300
11.65,-0.05,1000,"bu","13:04:14",13633300
11.6,-0.1,200,"sd","13:04:02",13632300
11.6,-0.1,500,"sd","13:04:01",13632100
11.6,-0.1,500,"sd","13:03:43",13631600
11.6,-0.1,3000,"sd","13:03:36",13631100
11.6,-0.1,4900,"sd","13:03:35",13628100
11.6,-0.1,5000,"sd","13:03:34",13623200
11.6,-0.1,200,"sd","13:03:24",13618200
11.6,-0.1,100,"sd","13:03:15",13618000
11.6,-0.1,500,"sd","13:03:10",13617900
11.6,-0.1,200,"sd","13:03:07",13617400
11.6,-0.1,5000,"sd","13:02:54",13617200
11.6,-0.1,600,"sd","13:02:40",13612200
11.6,-0.1,1000,"sd","13:02:37",13611600
11.6,-0.1,1000,"sd","13:02:32",13610600
11.6,-0.1,100,"sd","13:02:21",13609600
11.6,-0.1,5000,"sd","13:02:18",13609500
11.6,-0.1,27500,"sd","13:02:09",13604500
11.6,-0.1,2100,"sd","13:02:06",13577000
11.6,-0.1,300,"sd","13:01:50",13574900
11.6,-0.1,10000,"sd","13:01:26",13574600
11.65,-0.05,4800,"bu","13:01:21",13564600
11.65,-0.05,100,"bu","13:01:01",13559800
11.6,-0.1,3700,"sd","13:00:51",13559700
11.6,-0.1,5000,"sd","13:00:41",13556000
11.6,-0.1,3000,"sd","13:00:40",13551000
11.6,-0.1,300,"sd","13:00:28",13548000
11.65,-0.05,800,"bu","13:00:28",13547700
11.65,-0.05,5000,"bu","13:00:28",13546900
11.6,-0.1,11000,"sd","13:00:25",13541900
11.6,-0.1,8000,"sd","13:00:24",13530900
11.6,-0.1,3400,"sd","13:00:21",13522900
11.65,-0.05,1500,"bu","13:00:21",13519500
11.6,-0.1,2200,"sd","13:00:20",13518000
11.6,-0.1,100,"sd","13:00:18",13515800
11.6,-0.1,55000,"sd","13:00:18",13515700
11.65,-0.05,1200,"bu","13:00:18",13460700
11.6,-0.1,10000,"sd","13:00:17",13459500
11.6,-0.1,5000,"sd","13:00:16",13449500
11.6,-0.1,1000,"sd","13:00:15",13444500
11.6,-0.1,2500,"sd","13:00:14",13443500
11.6,-0.1,200,"sd","13:00:11",13441000
11.6,-0.1,2000,"sd","13:00:09",13440800
11.6,-0.1,1000,"sd","13:00:09",13438800
11.6,-0.1,600,"sd","13:00:07",13437800
11.6,-0.1,200,"sd","13:00:07",13437200
11.6,-0.1,600,"sd","13:00:06",13437000
11.6,-0.1,8400,"sd","13:00:06",13436400
11.65,-0.05,100,"bu","13:00:05",13428000
11.6,-0.1,5000,"sd","13:00:05",13427900
11.6,-0.1,9600,"sd","13:00:04",13422900
11.65,-0.05,2000,"bu","13:00:04",13413300
11.6,-0.1,600,"sd","13:00:03",13407300
11.65,-0.05,700,"bu","13:00:03",13406700
11.6,-0.1,10000,"sd","13:00:03",13406000
11.6,-0.1,100,"sd","13:00:02",13396000
11.65,-0.05,2000,"bu","13:00:02",13395900
11.65,-0.05,600,"bu","13:00:02",13393500
11.6,-0.1,5000,"sd","13:00:02",13392900
11.6,-0.1,3800,"sd","13:00:02",13387900
11.6,-0.1,4400,"sd","13:00:01",13384100
11.6,-0.1,4200,"sd","13:00:01",13379700
11.6,-0.1,5000,"sd","11:29:54",13375500
11.6,-0.1,300,"sd","11:29:49",13370500
11.6,-0.1,35000,"sd","11:29:47",13370200
11.6,-0.1,3000,"sd","11:29:44",13335200
11.6,-0.1,1000,"sd","11:29:33",13332200
11.6,-0.1,200,"sd","11:29:30",13331200
11.65,-0.05,145800,"bu","11:29:30",13331000
11.65,-0.05,54200,"bu","11:29:30",13185200
11.6,-0.1,2000,"sd","11:29:28",13131000
11.65,-0.05,100,"bu","11:29:23",13129000
11.6,-0.1,100,"sd","11:29:15",13128900
11.6,-0.1,9000,"sd","11:29:14",13128800
11.6,-0.1,45000,"sd","11:29:04",13119800
11.65,-0.05,600,"bu","11:29:03",13074800
11.6,-0.1,13000,"sd","11:29:02",13074200
11.6,-0.1,100,"sd","11:28:47",13061200
11.6,-0.1,300,"sd","11:28:35",13061100
11.6,-0.1,5500,"sd","11:28:34",13060800
11.6,-0.1,300,"sd","11:28:32",13055300
11.6,-0.1,200,"sd","11:28:23",13055000
11.6,-0.1,1500,"sd","11:27:44",13054800
11.65,-0.05,3000,"bu","11:27:36",13053300
11.65,-0.05,600,"bu","11:27:24",13050300
11.65,-0.05,100,"bu","11:27:22",13049700
11.6,-0.1,8000,"sd","11:27:21",13049600
11.65,-0.05,12900,"bu","11:26:59",13041600
11.65,-0.05,500,"bu","11:26:51",13028700
11.6,-0.1,15000,"sd","11:26:51",13028200
11.65,-0.05,2900,"bu","11:26:49",13013200
11.6,-0.1,100,"sd","11:26:18",13010300
11.6,-0.1,600,"sd","11:26:15",13010200
11.65,-0.05,200,"bu","11:26:13",13009600
11.6,-0.1,1700,"sd","11:26:09",13009400
11.6,-0.1,5000,"sd","11:26:06",13007700
11.6,-0.1,5000,"sd","11:25:45",13002700
11.6,-0.1,5000,"sd","11:25:40",12997700
11.6,-0.1,5000,"sd","11:25:39",12992700
11.6,-0.1,6000,"sd","11:25:29",12987700
11.6,-0.1,500,"sd","11:25:21",12981700
11.65,-0.05,100,"bu","11:25:14",12981200
11.6,-0.1,5000,"sd","11:24:44",12981100
11.6,-0.1,1000,"sd","11:24:28",12976100
11.6,-0.1,1000,"sd","11:24:20",12975100
11.6,-0.1,5000,"sd","11:24:14",12974100
11.6,-0.1,3000,"sd","11:24:11",12969100
11.6,-0.1,10000,"sd","11:24:08",12966100
11.6,-0.1,800,"sd","11:24:01",12956100
11.6,-0.1,2000,"sd","11:23:58",12955300
11.6,-0.1,3000,"sd","11:23:57",12953300
11.6,-0.1,200,"sd","11:23:32",12950300
11.6,-0.1,5000,"sd","11:23:02",12950100
11.6,-0.1,800,"sd","11:22:57",12945100
11.65,-0.05,100,"bu","11:22:46",12944300
11.6,-0.1,100,"sd","11:22:43",12944200
11.65,-0.05,5200,"bu","11:22:40",12944100
11.6,-0.1,1500,"sd","11:22:26",12938900
11.65,-0.05,500,"bu","11:22:17",12937400
11.6,-0.1,200,"sd","11:22:11",12936900
11.65,-0.05,2200,"bu","11:21:57",12936700
11.6,-0.1,1000,"sd","11:21:55",12934500
11.65,-0.05,5000,"bu","11:21:49",12933500
11.6,-0.1,2000,"sd","11:21:30",12928500
11.65,-0.05,800,"bu","11:21:27",12926500
11.65,-0.05,100,"bu","11:21:23",12925700
11.65,-0.05,300,"bu","11:21:16",12925600
11.65,-0.05,3300,"bu","11:21:04",12925300
11.65,-0.05,200,"bu","11:21:03",12922000
11.65,-0.05,100,"bu","11:21:01",12921800
11.65,-0.05,700,"bu","11:20:50",12921700
11.65,-0.05,500,"bu","11:20:49",12921000
11.6,-0.1,2000,"sd","11:20:48",12920500
11.65,-0.05,100,"bu","11:20:14",12918500
11.65,-0.05,50000,"bu","11:20:07",12918400
11.65,-0.05,100,"bu","11:19:58",12868400
11.65,-0.05,200,"bu","11:19:50",12868300
11.6,-0.1,24000,"sd","11:19:46",12868100
11.65,-0.05,1900,"bu","11:19:41",12844100
11.65,-0.05,1000,"bu","11:19:32",12842200
11.65,-0.05,1000,"bu","11:19:32",12841200
11.65,-0.05,1000,"bu","11:19:09",12840200
11.65,-0.05,10000,"bu","11:18:58",12839200
11.65,-0.05,500,"bu","11:18:44",12829200
11.65,-0.05,600,"bu","11:18:37",12828700
11.6,-0.1,4000,"sd","11:18:14",12828100
11.6,-0.1,1000,"sd","11:18:08",12824100
11.6,-0.1,100,"sd","11:18:04",12823100
11.6,-0.1,1900,"sd","11:17:47",12823000
11.6,-0.1,4000,"sd","11:17:41",12821100
11.6,-0.1,300,"sd","11:17:39",12817100
11.6,-0.1,100,"sd","11:17:35",12816800
11.6,-0.1,100,"sd","11:17:19",12816700
11.6,-0.1,3000,"sd","11:17:18",12816600
11.6,-0.1,13000,"sd","11:17:06",12813600
11.6,-0.1,19500,"sd","11:16:48",12800600
11.6,-0.1,7900,"sd","11:16:41",12781100
11.6,-0.1,200,"sd","11:16:40",12773200
11.6,-0.1,2000,"sd","11:16:26",12773000
11.6,-0.1,500,"sd","11:16:24",12771000
11.6,-0.1,4000,"sd","11:16:18",12770500
11.6,-0.1,2000,"sd","11:15:30",12766500
11.65,-0.05,100,"bu","11:15:28",12764500
11.65,-0.05,200,"bu","11:15:15",12764400
11.6,-0.1,3100,"sd","11:15:03",12764200
11.6,-0.1,600,"sd","11:14:47",12761100
11.6,-0.1,4000,"sd","11:14:41",12760500
11.6,-0.1,700,"sd","11:14:24",12756500
11.65,-0.05,5000,"bu","11:14:11",12755800
11.6,-0.1,500,"sd","11:13:56",12750800
11.65,-0.05,6600,"bu","11:13:51",12750300
11.65,-0.05,200,"bu","11:13:48",12743700
11.6,-0.1,500,"sd","11:13:24",12743500
11.6,-0.1,600,"sd","11:12:59",12743000
11.65,-0.05,4800,"bu","11:12:59",12742400
11.65,-0.05,4800,"bu","11:12:58",12737600
11.65,-0.05,4800,"bu","11:12:57",12732800
11.6,-0.1,5400,"sd","11:12:39",12728000
11.6,-0.1,200,"sd","11:12:16",12722600
11.6,-0.1,500,"sd","11:12:15",12722400
11.6,-0.1,2000,"sd","11:12:13",12721900
11.6,-0.1,200,"sd","11:12:05",12719900
11.6,-0.1,15000,"sd","11:12:03",12719700
11.6,-0.1,100,"sd","11:12:01",12704700
11.6,-0.1,500,"sd","11:12:00",12704600
11.6,-0.1,1000,"sd","11:11:55",12704100
11.6,-0.1,15000,"sd","11:11:44",12703100
11.6,-0.1,500,"sd","11:11:41",12688100
11.6,-0.1,30000,"sd","11:11:29",12687500
11.65,-0.05,400,"bu","11:11:25",12657500
11.6,-0.1,1000,"sd","11:10:40",12657100
11.65,-0.05,200,"bu","11:10:40",12656100
11.65,-0.05,15000,"bu","11:10:25",12655900
11.65,-0.05,5000,"bu","11:09:59",12640900
11.65,-0.05,10000,"bu","11:09:55",12635900
11.65,-0.05,100000,"bu","11:08:50",12625900
11.6,-0.1,600,"sd","11:08:49",12525900
11.65,-0.05,2000,"bu","11:08:46",12525300
11.65,-0.05,10000,"bu","11:08:43",12523300
11.65,-0.05,10000,"bu","11:08:24",12513300
11.6,-0.1,100,"sd","11:08:02",12503300
11.65,-0.05,100,"bu","11:08:01",12503200
11.65,-0.05,100,"bu","11:07:56",12503100
11.65,-0.05,3000,"bu","11:07:52",12503000
11.65,-0.05,100,"bu","11:07:47",12500000
11.65,-0.05,4300,"bu","11:07:22",12499900
11.65,-0.05,107100,"sd","11:06:52",12495600
11.65,-0.05,2000,"sd","11:06:50",12388500
11.65,-0.05,8200,"sd","11:06:45",12386500
11.65,-0.05,5000,"sd","11:06:40",12378300
11.65,-0.05,48000,"sd","11:06:35",12373300
11.65,-0.05,100,"sd","11:06:34",12325300
11.65,-0.05,2300,"sd","11:06:26",12325200
11.65,-0.05,500,"sd","11:06:19",12322900
11.65,-0.05,28800,"bu","11:06:18",12322400
11.65,-0.05,5000,"bu","11:05:52",12293600
11.65,-0.05,22600,"sd","11:05:51",12288600
11.65,-0.05,500,"sd","11:05:50",12266000
11.65,-0.05,50000,"sd","11:05:49",12265500
11.65,-0.05,20000,"sd","11:05:48",12215500
11.65,-0.05,14800,"sd","11:05:45",12195500
11.65,-0.05,500,"sd","11:05:41",12180700
11.65,-0.05,5000,"sd","11:05:38",12180200
11.65,-0.05,10000,"sd","11:05:24",12175200
11.65,-0.05,200,"sd","11:05:23",12165200
11.65,-0.05,1000,"sd","11:05:22",12165000
11.65,-0.05,80400,"bu","11:05:15",12164000
11.65,-0.05,185400,"bu","11:05:15",12083600
11.65,-0.05,5600,"bu","11:05:13",11898200
11.65,-0.05,5100,"bu","11:05:12",11892600
11.65,-0.05,100,"bu","11:05:03",11887500
11.65,-0.05,500,"bu","11:04:57",11887400
11.65,-0.05,100,"bu","11:04:56",11886900
11.65,-0.05,100,"bu","11:04:51",11886800
11.65,-0.05,100,"bu","11:04:47",11886700
11.65,-0.05,100,"bu","11:04:43",11886600
11.65,-0.05,100,"bu","11:04:40",11886500
11.65,-0.05,100,"bu","11:04:32",11886400
11.65,-0.05,8300,"bu","11:04:30",11886300
11.65,-0.05,5000,"bu","11:04:04",11878000
11.65,-0.05,16900,"sd","11:04:03",11873000
11.65,-0.05,28000,"sd","11:04:00",11856100
11.65,-0.05,400,"sd","11:03:58",11828100
11.65,-0.05,60000,"sd","11:03:47",11827700
11.65,-0.05,200,"sd","11:03:44",11767700
11.65,-0.05,100,"sd","11:03:42",11767500
11.65,-0.05,10400,"sd","11:03:41",11767400
11.65,-0.05,164600,"sd","11:03:40",11757000
11.65,-0.05,30000,"sd","11:03:24",11592400
11.65,-0.05,12000,"sd","11:03:23",11562400
11.65,-0.05,2000,"sd","11:03:16",11550400
11.65,-0.05,20000,"sd","11:03:14",11548400
11.65,-0.05,4000,"sd","11:03:13",11528400
11.65,-0.05,50000,"sd","11:03:08",11524400
11.65,-0.05,10000,"sd","11:03:07",11474400
11.65,-0.05,67300,"sd","11:03:06",11464400
11.65,-0.05,1600,"sd","11:03:05",11397100
11.65,-0.05,800,"sd","11:03:04",11395500
11.65,-0.05,65800,"sd","11:03:02",11394700
11.65,-0.05,200,"sd","11:02:58",11328900
11.65,-0.05,100,"sd","11:02:55",11328700
11.65,-0.05,200,"sd","11:02:54",11328600
11.65,-0.05,5400,"sd","11:02:51",11328400
11.65,-0.05,400000,"sd","11:02:50",11323000
11.65,-0.05,500,"sd","11:02:48",10923000
11.65,-0.05,2000,"sd","11:01:58",10922500
11.65,-0.05,2000,"sd","11:01:54",10920500
11.65,-0.05,60000,"sd","11:01:53",10918500
11.65,-0.05,40000,"sd","11:01:45",10858500
11.65,-0.05,2000,"sd","11:01:39",10802700
11.65,-0.05,2200,"sd","11:01:37",10800700
11.65,-0.05,5000,"sd","11:01:30",10798500
11.65,-0.05,40000,"sd","11:01:10",10793500
11.65,-0.05,100,"sd","11:01:05",10753500
11.65,-0.05,5000,"sd","11:01:02",10753400
11.7,0,1300,"bu","11:00:34",10748400
11.65,-0.05,95000,"sd","11:00:21",10747100
11.7,0,200,"bu","11:00:20",10652100
11.7,0,100,"bu","10:59:56",10651900
11.7,0,700,"bu","10:59:39",10651800
11.65,-0.05,300,"sd","10:59:35",10651100
11.7,0,1000,"bu","10:59:33",10650800
11.65,-0.05,3000,"sd","10:59:26",10649800
11.65,-0.05,890000,"sd","10:59:21",10646800
11.65,-0.05,1000,"sd","10:58:56",9756800
11.65,-0.05,100,"sd","10:58:46",9755800
11.65,-0.05,1000,"sd","10:58:31",9755700
11.65,-0.05,2500,"sd","10:58:11",9754700
11.65,-0.05,1000,"sd","10:58:05",9752200
11.65,-0.05,4000,"sd","10:57:50",9751200
11.7,0,4700,"bu","10:57:35",9747200
11.65,-0.05,4000,"sd","10:57:24",9742500
11.7,0,20000,"bu","10:57:21",9738500
11.65,-0.05,100,"sd","10:57:20",9718500
11.65,-0.05,500,"sd","10:57:12",9718400
11.7,0,100,"bu","10:57:09",9717900
11.65,-0.05,100,"sd","10:57:04",9717800
11.7,0,5000,"bu","10:56:58",9717700
11.7,0,2000,"bu","10:56:40",9712700
11.65,-0.05,2500,"sd","10:56:38",9710700
11.65,-0.05,4500,"sd","10:56:36",9708200
11.65,-0.05,500,"sd","10:56:19",9703700
11.65,-0.05,200,"sd","10:56:11",9703200
11.65,-0.05,10000,"sd","10:56:04",9703000
11.65,-0.05,800,"sd","10:56:01",9693000
11.65,-0.05,200,"sd","10:55:51",9692200
11.65,-0.05,900,"sd","10:55:36",9692000
11.65,-0.05,1500,"sd","10:55:34",9691100
11.65,-0.05,5000,"sd","10:55:12",9689600
11.65,-0.05,3000,"sd","10:55:09",9684600
11.7,0,100,"bu","10:54:57",9681600
11.65,-0.05,5000,"sd","10:54:56",9681500
11.7,0,15400,"bu","10:54:54",9676500
11.65,-0.05,600,"sd","10:54:52",9661000
11.65,-0.05,100,"sd","10:54:40",9660400
11.65,-0.05,9300,"sd","10:54:11",9660300
11.65,-0.05,300,"sd","10:54:06",9651000
11.65,-0.05,100,"sd","10:53:59",9650700
11.65,-0.05,1000,"sd","10:53:57",9650600
11.65,-0.05,382100,"bu","10:53:34",9649600
11.65,-0.05,1000,"bu","10:53:33",9267500
11.65,-0.05,2000,"bu","10:53:30",9266500
11.65,-0.05,300,"bu","10:53:28",9264500
11.65,-0.05,200,"bu","10:53:26",9264200
11.6,-0.1,2100,"sd","10:53:23",9264000
11.6,-0.1,8000,"sd","10:53:10",9261900
11.65,-0.05,1300,"bu","10:53:06",9253900
11.65,-0.05,20000,"bu","10:52:57",9252600
11.65,-0.05,100,"bu","10:52:55",9232600
11.65,-0.05,35800,"bu","10:52:53",9232500
11.65,-0.05,164200,"bu","10:52:52",9196700
11.65,-0.05,1000,"bu","10:52:48",9032500
11.65,-0.05,1500,"bu","10:52:44",9031500
11.65,-0.05,5700,"bu","10:52:35",9030000
11.65,-0.05,1000,"bu","10:52:28",9024300
11.65,-0.05,500,"bu","10:51:52",9023300
11.6,-0.1,1000,"sd","10:51:50",9022800
11.6,-0.1,5000,"sd","10:51:43",9021800
11.6,-0.1,100000,"sd","10:51:28",9016800
11.65,-0.05,10000,"bu","10:51:28",8916800
11.65,-0.05,200,"bu","10:51:18",8906800
11.65,-0.05,300,"bu","10:51:00",8906600
11.6,-0.1,300,"sd","10:50:58",8906300
11.65,-0.05,300,"bu","10:50:28",8906000
11.65,-0.05,20000,"bu","10:50:25",8905700
11.65,-0.05,1000,"bu","10:50:13",8885700
11.65,-0.05,100,"bu","10:50:02",8884700
11.65,-0.05,3000,"bu","10:49:27",8884600
11.65,-0.05,1000,"bu","10:48:57",8881600
11.65,-0.05,100,"bu","10:48:48",8880600
11.65,-0.05,100,"bu","10:48:32",8880500
11.65,-0.05,800,"bu","10:48:06",8880400
11.65,-0.05,1000,"bu","10:48:00",8879600
11.6,-0.1,11200,"sd","10:47:58",8878600
11.6,-0.1,100,"sd","10:47:45",8867400
11.65,-0.05,6100,"bu","10:47:23",8867300
11.65,-0.05,1000,"bu","10:47:21",8861200
11.65,-0.05,300,"bu","10:47:19",8860200
11.65,-0.05,20000,"bu","10:47:18",8859900
11.65,-0.05,3500,"bu","10:47:14",8839900
11.65,-0.05,100,"bu","10:47:04",8836400
11.65,-0.05,4500,"bu","10:47:03",8836300
11.65,-0.05,2000,"bu","10:46:43",8831800
11.65,-0.05,14000,"bu","10:46:41",8829800
11.6,-0.1,14000,"sd","10:46:09",8815800
11.65,-0.05,5000,"bu","10:46:03",8801800
11.6,-0.1,3200,"sd","10:45:47",8796800
11.6,-0.1,600,"sd","10:45:39",8793600
11.65,-0.05,100,"bu","10:45:08",8793000
11.65,-0.05,400,"bu","10:45:07",8792900
11.65,-0.05,300,"bu","10:45:05",8792500
11.65,-0.05,800,"bu","10:45:04",8792200
11.65,-0.05,8200,"bu","10:45:04",8791400
11.65,-0.05,200,"bu","10:44:49",8783200
11.6,-0.1,100,"sd","10:44:45",8783000
11.65,-0.05,100,"bu","10:44:45",8782900
11.65,-0.05,100,"bu","10:44:37",8782800
11.65,-0.05,500,"bu","10:44:36",8782700
11.65,-0.05,15000,"bu","10:44:09",8782200
11.65,-0.05,5000,"bu","10:44:05",8767200
11.65,-0.05,600,"bu","10:43:49",8762200
11.65,-0.05,3000,"bu","10:43:34",8761600
11.6,-0.1,100,"sd","10:43:27",8758600
11.65,-0.05,300,"bu","10:43:21",8758500
11.65,-0.05,4000,"bu","10:43:15",8758200
11.65,-0.05,200,"bu","10:43:12",8754200
11.65,-0.05,3000,"bu","10:43:08",8754000
11.65,-0.05,1000,"bu","10:42:26",8751000
11.6,-0.1,100,"sd","10:42:26",8750000
11.6,-0.1,200,"sd","10:42:23",8746500
11.65,-0.05,1300,"bu","10:42:06",8746300
11.65,-0.05,10000,"bu","10:41:43",8745000
11.65,-0.05,7000,"bu","10:41:31",8735000
11.6,-0.1,100,"sd","10:41:24",8728000
11.65,-0.05,800,"bu","10:41:08",8727900
11.65,-0.05,5000,"bu","10:41:06",8727100
11.65,-0.05,3000,"bu","10:41:04",8722100
11.65,-0.05,2000,"bu","10:40:52",8719100
11.65,-0.05,500,"bu","10:40:48",8717100
11.65,-0.05,500,"bu","10:40:34",8716600
11.65,-0.05,100,"bu","10:40:32",8716100
11.65,-0.05,4200,"bu","10:40:28",8716000
11.65,-0.05,1000,"bu","10:40:21",8711800
11.65,-0.05,1200,"bu","10:40:18",8710800
11.65,-0.05,2000,"bu","10:39:57",8709600
11.65,-0.05,1000,"bu","10:39:54",8707600
11.6,-0.1,500,"sd","10:39:53",8706600
11.65,-0.05,1000,"bu","10:39:08",8706100
11.65,-0.05,1800,"bu","10:39:05",8705100
11.65,-0.05,20000,"bu","10:38:43",8703300
11.65,-0.05,100,"bu","10:37:56",8683300
11.6,-0.1,38300,"sd","10:37:53",8683200
11.65,-0.05,200,"bu","10:37:51",8644900
11.65,-0.05,9700,"bu","10:37:39",8644700
11.65,-0.05,1000,"bu","10:37:27",8635000
11.65,-0.05,15000,"bu","10:37:23",8634000
11.6,-0.1,100,"sd","10:37:01",8619000
11.6,-0.1,10000,"sd","10:36:52",8618900
11.6,-0.1,100,"sd","10:36:39",8608900
11.65,-0.05,100,"bu","10:36:38",8608800
11.65,-0.05,100,"bu","10:36:24",8608700
11.65,-0.05,50000,"bu","10:36:16",8608600
11.65,-0.05,1000,"bu","10:36:11",8558600
11.6,-0.1,3000,"sd","10:36:09",8557600
11.65,-0.05,2000,"bu","10:36:04",8554600
11.65,-0.05,1000,"bu","10:36:02",8552600
11.6,-0.1,700,"sd","10:35:54",8551600
11.65,-0.05,1000,"bu","10:35:54",8550900
11.6,-0.1,700,"sd","10:35:43",8549900
11.65,-0.05,5000,"bu","10:35:26",8549200
11.6,-0.1,100,"sd","10:35:17",8544200
11.65,-0.05,100,"bu","10:35:16",8544100
11.6,-0.1,2000,"sd","10:35:12",8544000
11.6,-0.1,900,"sd","10:35:02",8542000
11.65,-0.05,100,"bu","10:34:50",8541100
11.65,-0.05,100,"bu","10:34:37",8541000
11.65,-0.05,400,"bu","10:34:32",8540900
11.65,-0.05,500,"bu","10:34:28",8540500
11.65,-0.05,500,"bu","10:34:22",8540000
11.65,-0.05,100,"bu","10:34:19",8539500
11.6,-0.1,5500,"sd","10:34:16",8539400
11.65,-0.05,1000,"bu","10:34:15",8533900
11.65,-0.05,2400,"bu","10:34:12",8532900
11.65,-0.05,7700,"bu","10:34:08",8530500
11.65,-0.05,1000,"bu","10:34:07",8522800
11.65,-0.05,5000,"bu","10:34:05",8521800
11.65,-0.05,6000,"bu","10:33:58",8516800
11.65,-0.05,1000,"bu","10:33:56",8510800
11.65,-0.05,3000,"bu","10:33:52",8509800
11.65,-0.05,2800,"bu","10:33:43",8506800
11.65,-0.05,1000,"bu","10:33:33",8504000
11.65,-0.05,100,"bu","10:33:10",8503000
11.65,-0.05,2000,"bu","10:33:05",8502900
11.65,-0.05,5000,"bu","10:32:40",8500900
11.65,-0.05,1000,"bu","10:32:30",8495900
11.65,-0.05,1000,"bu","10:32:20",8494900
11.65,-0.05,12000,"bu","10:32:18",8493900
11.65,-0.05,100,"bu","10:32:11",8481900
11.65,-0.05,1000,"bu","10:31:49",8481800
11.65,-0.05,100,"bu","10:31:44",8480800
11.65,-0.05,1000,"bu","10:31:44",8480700
11.65,-0.05,18000,"bu","10:31:38",8479700
11.65,-0.05,200,"bu","10:31:27",8461700
11.65,-0.05,500,"bu","10:31:19",8461500
11.65,-0.05,500,"bu","10:31:15",8461000
11.65,-0.05,50000,"bu","10:31:11",8460500
11.65,-0.05,5000,"bu","10:30:56",8410500
11.65,-0.05,900,"bu","10:30:47",8405500
11.65,-0.05,600,"bu","10:30:45",8404600
11.65,-0.05,500,"bu","10:30:41",8404000
11.65,-0.05,3000,"bu","10:30:34",8403500
11.6,-0.1,600,"sd","10:30:19",8400500
11.65,-0.05,100,"bu","10:30:18",8399900
11.65,-0.05,100,"bu","10:30:00",8399800
11.65,-0.05,1000,"bu","10:29:58",8399700
11.65,-0.05,300,"bu","10:29:58",8398700
11.65,-0.05,3000,"bu","10:29:54",8398400
11.65,-0.05,500,"bu","10:29:40",8395400
11.65,-0.05,200,"bu","10:29:32",8394900
11.65,-0.05,1700,"bu","10:29:23",8394700
11.65,-0.05,200,"bu","10:29:20",8393000
11.65,-0.05,300,"bu","10:29:08",8392800
11.65,-0.05,300,"bu","10:29:01",8392500
11.65,-0.05,400,"bu","10:28:31",8392200
11.65,-0.05,4000,"bu","10:28:30",8391800
11.65,-0.05,9000,"bu","10:28:27",8387800
11.65,-0.05,30000,"bu","10:28:10",8378800
11.65,-0.05,10000,"bu","10:27:49",8348800
11.65,-0.05,10000,"bu","10:27:48",8338800
11.65,-0.05,20000,"bu","10:27:37",8328800
11.65,-0.05,10000,"bu","10:27:28",8308800
11.65,-0.05,200,"bu","10:27:23",8298800
11.65,-0.05,900,"bu","10:27:22",8298600
11.65,-0.05,5000,"bu","10:27:16",8297700
11.65,-0.05,100,"bu","10:27:09",8292700
11.65,-0.05,10000,"bu","10:26:52",8292600
11.65,-0.05,900,"bu","10:26:49",8282600
11.6,-0.1,100,"sd","10:26:38",8281700
11.65,-0.05,900,"bu","10:26:27",8281600
11.65,-0.05,200,"bu","10:26:18",8280700
11.65,-0.05,700,"bu","10:26:12",8280500
11.65,-0.05,4000,"bu","10:26:05",8279800
11.65,-0.05,100,"bu","10:25:50",8275800
11.65,-0.05,200,"bu","10:25:45",8275700
11.6,-0.1,5000,"sd","10:25:37",8275500
11.65,-0.05,200,"bu","10:25:35",8270500
11.6,-0.1,100,"sd","10:25:05",8270300
11.65,-0.05,100,"bu","10:25:03",8270200
11.65,-0.05,2500,"bu","10:25:02",8270100
11.65,-0.05,100,"bu","10:24:59",8267600
11.65,-0.05,5000,"bu","10:24:49",8267500
11.65,-0.05,700,"bu","10:24:43",8262500
11.65,-0.05,200,"bu","10:24:42",8261800
11.65,-0.05,100,"bu","10:24:35",8261600
11.65,-0.05,100,"bu","10:24:32",8261500
11.65,-0.05,100,"bu","10:24:29",8261400
11.65,-0.05,200,"bu","10:24:28",8261300
11.65,-0.05,100,"bu","10:24:25",8261100
11.65,-0.05,5000,"bu","10:24:25",8261000
11.65,-0.05,3000,"sd","10:24:18",8256000
11.65,-0.05,2000,"sd","10:24:15",8252900
11.65,-0.05,37800,"bu","10:24:14",8250900
11.65,-0.05,10000,"bu","10:24:13",8213100
11.65,-0.05,72500,"sd","10:24:02",8203100
11.65,-0.05,8000,"sd","10:24:01",8130600
11.65,-0.05,1000,"sd","10:24:00",8122600
11.65,-0.05,400,"sd","10:24:00",8121600
11.65,-0.05,34700,"sd","10:23:59",8121200
11.65,-0.05,5200,"sd","10:23:53",8086500
11.65,-0.05,1000,"sd","10:23:51",8081300
11.65,-0.05,300,"sd","10:23:50",8080300
11.65,-0.05,200,"sd","10:23:48",8080000
11.65,-0.05,2100,"sd","10:23:38",8079800
11.65,-0.05,100,"sd","10:23:37",8077700
11.65,-0.05,20000,"sd","10:23:22",8077600
11.65,-0.05,2000,"sd","10:23:14",8057600
11.65,-0.05,1000,"sd","10:23:11",8055600
11.65,-0.05,5000,"sd","10:23:10",8054600
11.65,-0.05,75800,"sd","10:23:09",8049600
11.65,-0.05,2000,"sd","10:23:08",7973800
11.65,-0.05,2000,"sd","10:23:04",7971800
11.65,-0.05,4400,"sd","10:23:02",7969800
11.65,-0.05,500,"sd","10:22:54",7965400
11.65,-0.05,1000,"sd","10:22:44",7964900
11.65,-0.05,1500,"sd","10:22:42",7963900
11.65,-0.05,100,"sd","10:22:36",7962400
11.65,-0.05,4200,"sd","10:22:33",7962300
11.65,-0.05,1100,"sd","10:22:31",7958100
11.65,-0.05,500,"sd","10:22:24",7957000
11.65,-0.05,500,"sd","10:22:15",7956500
11.65,-0.05,100,"sd","10:22:13",7956000
11.65,-0.05,5000,"sd","10:22:12",7955900
11.65,-0.05,500,"sd","10:22:07",7950900
11.65,-0.05,1000,"sd","10:22:06",7950400
11.65,-0.05,6500,"sd","10:21:55",7949400
11.65,-0.05,17100,"sd","10:21:53",7942900
11.65,-0.05,8000,"sd","10:21:45",7925800
11.65,-0.05,200,"sd","10:21:33",7917800
11.65,-0.05,3000,"sd","10:21:29",7917600
11.65,-0.05,5000,"sd","10:21:23",7914600
11.65,-0.05,500,"sd","10:21:22",7909600
11.65,-0.05,100,"sd","10:21:17",7909100
11.65,-0.05,1000,"sd","10:21:11",7909000
11.65,-0.05,5900,"sd","10:21:09",7908000
11.65,-0.05,9000,"sd","10:21:07",7902100
11.65,-0.05,4000,"sd","10:21:05",7893100
11.65,-0.05,1000,"sd","10:21:04",7889100
11.65,-0.05,100,"sd","10:20:58",7888100
11.65,-0.05,10000,"sd","10:20:54",7888000
11.65,-0.05,15000,"sd","10:20:36",7878000
11.65,-0.05,200,"sd","10:20:32",7863000
11.65,-0.05,30000,"sd","10:20:23",7862800
11.65,-0.05,55000,"sd","10:20:21",7832800
11.65,-0.05,20000,"sd","10:20:17",7777800
11.65,-0.05,1400,"sd","10:20:12",7757800
11.65,-0.05,1000,"sd","10:20:09",7756400
11.65,-0.05,10000,"sd","10:20:01",7755400
11.65,-0.05,4000,"sd","10:20:00",7745400
11.65,-0.05,1500,"sd","10:19:58",7741400
11.65,-0.05,800,"sd","10:19:55",7739900
11.65,-0.05,6400,"sd","10:19:52",7739100
11.65,-0.05,3000,"sd","10:19:50",7732700
11.65,-0.05,500,"sd","10:19:44",7729700
11.65,-0.05,500,"sd","10:19:29",7729200
11.65,-0.05,1000,"sd","10:19:27",7728700
11.65,-0.05,100,"sd","10:19:08",7727700
11.65,-0.05,5000,"sd","10:18:56",7727600
11.65,-0.05,20000,"sd","10:18:55",7722600
11.65,-0.05,6000,"sd","10:18:55",7702600
11.65,-0.05,58800,"bu","10:18:50",7696600
11.6,-0.1,200,"sd","10:18:42",7637800
11.65,-0.05,100,"bu","10:18:41",7637600
11.65,-0.05,60000,"bu","10:18:30",7637500
11.65,-0.05,10000,"bu","10:18:27",7577500
11.65,-0.05,200,"bu","10:18:24",7567500
11.65,-0.05,195000,"bu","10:18:21",7567300
11.6,-0.1,500,"sd","10:18:19",7372300
11.6,-0.1,900,"sd","10:18:13",7371800
11.6,-0.1,8000,"sd","10:18:02",7370900
11.65,-0.05,45000,"bu","10:17:44",7362900
11.6,-0.1,100,"sd","10:17:42",7317900
11.65,-0.05,1000,"bu","10:17:42",7317800
11.65,-0.05,2000,"bu","10:17:39",7316800
11.65,-0.05,5000,"bu","10:17:37",7314800
11.65,-0.05,100,"bu","10:17:34",7309800
11.65,-0.05,200,"bu","10:17:32",7309700
11.65,-0.05,400,"bu","10:17:31",7309500
11.65,-0.05,200,"bu","10:17:26",7309100
11.65,-0.05,400,"bu","10:17:20",7308900
11.65,-0.05,10000,"bu","10:17:19",7308500
11.65,-0.05,100,"bu","10:17:18",7298500
11.6,-0.1,100,"sd","10:17:17",7298400
11.65,-0.05,15000,"bu","10:17:10",7298300
11.65,-0.05,5000,"bu","10:17:09",7283300
11.65,-0.05,500,"bu","10:17:03",7278300
11.65,-0.05,3000,"bu","10:16:58",7277800
11.65,-0.05,200,"bu","10:16:50",7274800
11.65,-0.05,8000,"bu","10:16:44",7274600
11.65,-0.05,200,"bu","10:16:44",7266600
11.65,-0.05,300,"bu","10:16:28",7266400
11.65,-0.05,200,"bu","10:16:26",7266100
11.65,-0.05,11000,"bu","10:16:23",7265900
11.65,-0.05,50000,"bu","10:16:21",7254900
11.6,-0.1,4500,"sd","10:16:19",7204900
11.65,-0.05,10000,"bu","10:16:17",7200400
11.65,-0.05,400,"bu","10:16:16",7190400
11.65,-0.05,5000,"bu","10:16:11",7190000
11.65,-0.05,300,"bu","10:16:09",7185000
11.65,-0.05,100,"bu","10:16:05",7184700
11.65,-0.05,240600,"bu","10:15:59",7184600
11.65,-0.05,59400,"bu","10:15:59",6944000
11.65,-0.05,100,"bu","10:15:50",6884600
11.65,-0.05,20000,"bu","10:15:41",6884500
11.65,-0.05,100,"bu","10:15:30",6864500
11.65,-0.05,5000,"bu","10:15:22",6864400
11.65,-0.05,5000,"bu","10:15:17",6859400
11.6,-0.1,1600,"sd","10:15:07",6854400
11.65,-0.05,5000,"bu","10:14:56",6852800
11.65,-0.05,200,"bu","10:14:54",6847800
11.6,-0.1,10000,"sd","10:14:31",6847600
11.65,-0.05,5000,"bu","10:14:30",6837600
11.65,-0.05,21400,"sd","10:14:25",6832600
11.65,-0.05,15700,"sd","10:14:25",6811200
11.65,-0.05,1800,"sd","10:14:23",6795500
11.65,-0.05,73800,"sd","10:14:22",6793700
11.65,-0.05,5300,"sd","10:14:21",6719900
11.65,-0.05,10000,"sd","10:14:21",6714600
11.65,-0.05,10000,"sd","10:14:20",6704600
11.65,-0.05,20000,"sd","10:14:19",6694600
11.65,-0.05,20000,"sd","10:14:18",6674600
11.65,-0.05,3000,"sd","10:14:16",6654600
11.65,-0.05,68000,"sd","10:14:12",6651600
11.65,-0.05,5000,"sd","10:14:12",6583600
11.65,-0.05,10000,"sd","10:14:09",6578600
11.65,-0.05,16500,"sd","10:14:06",6568600
11.65,-0.05,200,"sd","10:14:05",6552100
11.65,-0.05,34000,"sd","10:14:05",6551900
11.65,-0.05,4100,"sd","10:14:01",6517900
11.65,-0.05,28000,"sd","10:13:59",6513800
11.65,-0.05,4800,"sd","10:13:57",6485800
11.65,-0.05,10000,"sd","10:13:53",6481000
11.65,-0.05,20000,"sd","10:13:50",6471000
11.65,-0.05,1000,"sd","10:13:47",6451000
11.65,-0.05,4000,"sd","10:13:47",6450000
11.65,-0.05,600,"sd","10:13:46",6446000
11.65,-0.05,5000,"sd","10:13:44",6445400
11.65,-0.05,50000,"sd","10:13:43",6440400
11.65,-0.05,1200,"sd","10:13:41",6390400
11.65,-0.05,100,"sd","10:13:40",6389200
11.7,0,25500,"bu","10:13:39",6389100
11.65,-0.05,4000,"sd","10:13:38",6363600
11.65,-0.05,1500,"sd","10:13:37",6359600
11.65,-0.05,50000,"sd","10:13:33",6358100
11.65,-0.05,1000,"sd","10:13:30",6308100
11.65,-0.05,40000,"sd","10:13:28",6307100
11.65,-0.05,3000,"sd","10:13:27",6267100
11.65,-0.05,300,"sd","10:13:26",6264100
11.65,-0.05,5000,"sd","10:13:24",6263800
11.7,0,600,"bu","10:13:23",6258800
11.65,-0.05,5000,"sd","10:13:22",6258200
11.65,-0.05,169500,"sd","10:13:20",6253200
11.65,-0.05,2000,"sd","10:13:17",6083700
11.65,-0.05,100,"sd","10:13:13",6081700
11.65,-0.05,6000,"sd","10:13:11",6081600
11.65,-0.05,100,"sd","10:13:10",6075600
11.65,-0.05,3000,"sd","10:13:09",6075500
11.65,-0.05,10000,"sd","10:13:06",6072500
11.65,-0.05,5000,"sd","10:13:00",6062500
11.65,-0.05,2000,"sd","10:12:59",6057500
11.65,-0.05,2100,"sd","10:12:57",6055500
11.65,-0.05,1000,"sd","10:12:54",6053400
11.65,-0.05,15000,"sd","10:12:51",6052400
11.65,-0.05,191000,"sd","10:12:50",6037400
11.65,-0.05,100,"sd","10:12:50",5846400
11.65,-0.05,1000,"sd","10:12:49",5846300
11.65,-0.05,10000,"sd","10:12:42",5845300
11.65,-0.05,600,"sd","10:12:37",5835300
11.65,-0.05,5000,"sd","10:12:32",5834700
11.65,-0.05,3100,"sd","10:12:31",5829700
11.65,-0.05,50000,"sd","10:12:29",5826600
11.65,-0.05,9000,"sd","10:12:21",5776600
11.65,-0.05,50100,"sd","10:12:14",5767600
11.65,-0.05,95800,"sd","10:12:13",5717500
11.65,-0.05,1000,"sd","10:12:09",5621700
11.7,0,50000,"bu","10:12:00",5620700
11.65,-0.05,1000,"sd","10:11:50",5570700
11.65,-0.05,1000,"sd","10:11:47",5569700
11.65,-0.05,3100,"sd","10:11:46",5568700
11.65,-0.05,5900,"sd","10:11:39",5565600
11.65,-0.05,5000,"sd","10:11:31",5559700
11.65,-0.05,1000,"sd","10:11:23",5554700
11.65,-0.05,100,"sd","10:11:22",5553700
11.65,-0.05,16000,"sd","10:11:20",5553600
11.65,-0.05,1000,"sd","10:11:08",5537600
11.65,-0.05,20000,"sd","10:11:04",5536600
11.65,-0.05,100,"sd","10:11:00",5516600
11.65,-0.05,9000,"sd","10:10:59",5516500
11.65,-0.05,5000,"sd","10:10:40",5507500
11.65,-0.05,300,"sd","10:10:37",5502500
11.65,-0.05,100000,"sd","10:10:33",5502200
11.65,-0.05,7000,"sd","10:10:32",5402200
11.65,-0.05,10000,"sd","10:10:29",5395200
11.65,-0.05,75000,"sd","10:10:28",5385200
11.65,-0.05,9000,"sd","10:10:25",5310200
11.65,-0.05,7000,"sd","10:10:20",5301200
11.65,-0.05,2000,"sd","10:10:19",5294200
11.65,-0.05,1600,"sd","10:10:18",5292200
11.65,-0.05,3600,"sd","10:10:17",5290600
11.7,0,800,"bu","10:10:13",5287000
11.65,-0.05,5000,"sd","10:10:10",5286200
11.65,-0.05,5000,"sd","10:10:04",5281200
11.65,-0.05,20000,"sd","10:10:01",5276200
11.65,-0.05,15100,"sd","10:09:43",5256200
11.65,-0.05,18000,"sd","10:09:35",5241100
11.65,-0.05,2000,"sd","10:09:33",5223100
11.65,-0.05,10000,"sd","10:09:23",5221100
11.65,-0.05,800,"sd","10:09:22",5211100
11.65,-0.05,12000,"sd","10:09:20",5210300
11.65,-0.05,1000,"sd","10:09:19",5198300
11.65,-0.05,1300,"sd","10:09:16",5197300
11.65,-0.05,600,"sd","10:09:12",5196000
11.65,-0.05,30000,"sd","10:09:02",5195400
11.65,-0.05,6000,"sd","10:09:01",5165400
11.65,-0.05,1000,"sd","10:08:50",5159400
11.65,-0.05,6500,"sd","10:08:39",5158400
11.65,-0.05,20000,"sd","10:08:39",5151900
11.7,0,2000,"bu","10:08:38",5131900
11.7,0,100,"bu","10:08:32",5129900
11.7,0,1500,"bu","10:08:29",5129800
11.65,-0.05,2000,"sd","10:08:25",5128300
11.65,-0.05,20000,"sd","10:08:24",5126300
11.7,0,100,"bu","10:08:22",5106300
11.7,0,100,"bu","10:08:19",5106200
11.65,-0.05,1000,"sd","10:08:16",5106100
11.7,0,2100,"bu","10:08:14",5105100
11.65,-0.05,1000,"sd","10:08:09",5103000
11.65,-0.05,1500,"sd","10:07:49",5102000
11.65,-0.05,500,"sd","10:07:45",5100500
11.65,-0.05,7000,"sd","10:07:42",5100000
11.7,0,500,"bu","10:07:42",5093000
11.65,-0.05,8000,"sd","10:07:38",5092500
11.65,-0.05,2000,"sd","10:07:37",5084500
11.65,-0.05,3000,"sd","10:07:29",5082500
11.65,-0.05,30000,"sd","10:07:19",5079500
11.65,-0.05,1000,"sd","10:07:17",5049500
11.65,-0.05,3800,"sd","10:07:11",5048500
11.65,-0.05,800,"sd","10:06:53",5044700
11.65,-0.05,500,"sd","10:06:40",5043900
11.65,-0.05,1000,"sd","10:06:37",5043400
11.65,-0.05,700,"sd","10:06:36",5042400
11.65,-0.05,300,"sd","10:06:34",5041700
11.65,-0.05,500,"sd","10:06:32",5041400
11.65,-0.05,1000,"sd","10:06:08",5040900
11.65,-0.05,300,"sd","10:06:05",5039900
11.7,0,900,"bu","10:06:02",5039600
11.65,-0.05,6000,"sd","10:05:50",5038700
11.65,-0.05,200,"sd","10:05:47",5032700
11.7,0,5000,"bu","10:05:40",5032500
11.65,-0.05,1900,"sd","10:05:32",5027500
11.65,-0.05,2000,"sd","10:05:24",5025600
11.65,-0.05,1100,"sd","10:05:22",5023600
11.65,-0.05,50000,"sd","10:05:14",5022500
11.7,0,4400,"bu","10:05:10",4972500
11.7,0,100,"bu","10:05:02",4968100
11.7,0,300,"bu","10:05:01",4968000
11.65,-0.05,1700,"sd","10:04:59",4967700
11.65,-0.05,2000,"sd","10:04:49",4966000
11.65,-0.05,10000,"sd","10:04:39",4964000
11.7,0,30000,"bu","10:04:33",4954000
11.65,-0.05,500,"sd","10:04:19",4924000
11.65,-0.05,17900,"sd","10:04:08",4923500
11.65,-0.05,400,"sd","10:03:31",4905600
11.65,-0.05,2000,"sd","10:03:24",4905200
11.7,0,10000,"bu","10:03:23",4903200
11.65,-0.05,20000,"sd","10:03:19",4893200
11.7,0,100,"bu","10:03:16",4873200
11.7,0,3000,"bu","10:03:11",4873100
11.65,-0.05,9100,"sd","10:03:08",4870100
11.7,0,100,"bu","10:03:06",4861000
11.65,-0.05,20000,"sd","10:03:03",4860900
11.7,0,10000,"bu","10:03:03",4840900
11.65,-0.05,1300,"sd","10:02:58",4830900
11.65,-0.05,20300,"sd","10:02:54",4829600
11.65,-0.05,20000,"sd","10:02:39",4809300
11.65,-0.05,6900,"sd","10:02:38",4789300
11.7,0,1000,"bu","10:02:30",4782400
11.65,-0.05,500,"sd","10:02:21",4781400
11.7,0,600,"bu","10:02:16",4780900
11.65,-0.05,10000,"sd","10:02:14",4780300
11.65,-0.05,1500,"sd","10:02:11",4770300
11.65,-0.05,500,"sd","10:02:01",4768800
11.65,-0.05,100,"sd","10:01:59",4768300
11.65,-0.05,20000,"sd","10:01:56",4768200
11.7,0,500,"bu","10:01:38",4748200
11.65,-0.05,5000,"sd","10:01:36",4747700
11.65,-0.05,500,"sd","10:01:24",4742700
11.65,-0.05,10000,"sd","10:00:57",4742200
11.7,0,900,"bu","10:00:46",4732200
11.65,-0.05,1000,"sd","10:00:44",4731300
11.65,-0.05,200,"sd","10:00:37",4730300
11.65,-0.05,6000,"sd","10:00:37",4730100
11.65,-0.05,10000,"sd","09:59:51",4724100
11.65,-0.05,1000,"sd","09:59:44",4714100
11.7,0,300,"bu","09:59:34",4713100
11.65,-0.05,103200,"sd","09:59:29",4712800
11.65,-0.05,5000,"sd","09:59:21",4609600
11.65,-0.05,10000,"sd","09:59:16",4604600
11.65,-0.05,11000,"sd","09:59:06",4594600
11.65,-0.05,1000,"sd","09:58:53",4583600
11.65,-0.05,900,"sd","09:58:49",4582600
11.65,-0.05,1000,"sd","09:58:38",4581700
11.65,-0.05,3100,"sd","09:58:37",4580700
11.7,0,100,"bu","09:58:30",4577600
11.65,-0.05,2000,"sd","09:58:25",4577500
11.7,0,4000,"bu","09:58:22",4575500
11.7,0,4200,"bu","09:58:20",4571500
11.7,0,1000,"bu","09:58:08",4567300
11.65,-0.05,200,"sd","09:58:02",4566300
11.65,-0.05,40000,"sd","09:58:01",4566100
11.65,-0.05,1100,"sd","09:57:58",4526100
11.7,0,100,"bu","09:57:55",4525000
11.65,-0.05,20000,"sd","09:57:51",4524900
11.7,0,200,"bu","09:57:45",4504900
11.7,0,5000,"bu","09:57:43",4504700
11.65,-0.05,3000,"sd","09:57:35",4499700
11.65,-0.05,1800,"sd","09:56:54",4496700
11.7,0,100,"bu","09:56:45",4494900
11.65,-0.05,10000,"sd","09:56:35",4494800
11.7,0,100,"bu","09:56:29",4484800
11.65,-0.05,1000,"sd","09:56:08",4484700
11.7,0,500,"bu","09:56:06",4483700
11.7,0,1000,"bu","09:55:58",4483200
11.7,0,5000,"bu","09:55:46",4482200
11.7,0,100,"bu","09:55:20",4477200
11.7,0,1000,"bu","09:55:13",4477100
11.7,0,10000,"bu","09:55:12",4476100
11.7,0,2000,"bu","09:54:57",4466100
11.7,0,1000,"bu","09:54:24",4464100
11.7,0,1200,"bu","09:54:19",4463100
11.7,0,800,"bu","09:54:19",4461900
11.7,0,2000,"bu","09:54:07",4461100
11.7,0,500,"bu","09:54:02",4459100
11.7,0,2000,"bu","09:53:26",4458600
11.65,-0.05,1000,"sd","09:53:22",4456600
11.65,-0.05,2000,"sd","09:53:11",4455600
11.65,-0.05,4700,"sd","09:53:06",4453600
11.65,-0.05,1500,"sd","09:53:00",4448900
11.65,-0.05,4500,"sd","09:52:58",4447200
11.7,0,3300,"bu","09:52:44",4442700
11.65,-0.05,10000,"sd","09:52:41",4439400
11.7,0,30000,"bu","09:52:30",4429400
11.7,0,5000,"bu","09:52:07",4399400
11.7,0,1000,"bu","09:52:04",4394400
11.7,0,20000,"bu","09:51:35",4393400
11.7,0,1900,"bu","09:51:30",4373400
11.65,-0.05,500,"sd","09:51:26",4371500
11.7,0,600,"bu","09:51:18",4371000
11.7,0,10000,"bu","09:51:16",4370400
11.7,0,6000,"bu","09:51:06",4360400
11.7,0,100,"bu","09:50:56",4354400
11.7,0,10000,"bu","09:50:27",4354300
11.7,0,300,"bu","09:50:09",4344300
11.7,0,500,"bu","09:50:06",4344000
11.7,0,100,"bu","09:49:52",4343500
11.7,0,15000,"bu","09:49:33",4343400
11.7,0,1000,"bu","09:49:32",4328400
11.7,0,4000,"bu","09:49:15",4327400
11.7,0,5000,"bu","09:49:13",4323400
11.7,0,3000,"bu","09:49:10",4318400
11.7,0,5000,"bu","09:49:08",4315400
11.7,0,500,"bu","09:49:05",4310400
11.7,0,119000,"bu","09:48:42",4309900
11.7,0,3000,"bu","09:48:32",4190900
11.7,0,5000,"bu","09:48:04",4187900
11.7,0,200,"bu","09:47:53",4182900
11.7,0,4800,"bu","09:47:40",4182700
11.7,0,2000,"bu","09:47:32",4177900
11.7,0,200,"bu","09:47:16",4175900
11.7,0,3000,"bu","09:47:10",4175700
11.7,0,100,"bu","09:47:06",4172700
11.7,0,1000,"bu","09:46:46",4172600
11.7,0,5000,"bu","09:46:43",4171600
11.7,0,200,"bu","09:46:28",4166600
11.7,0,500,"bu","09:46:27",4166400
11.65,-0.05,3500,"sd","09:46:24",4165900
11.7,0,1000,"bu","09:46:05",4162400
11.65,-0.05,1000,"sd","09:46:05",4161400
11.7,0,100,"bu","09:46:04",4160400
11.7,0,200,"bu","09:45:53",4160300
11.7,0,1500,"bu","09:45:48",4160100
11.7,0,1500,"bu","09:45:40",4158600
11.65,-0.05,500,"sd","09:45:39",4157100
11.7,0,400,"bu","09:45:30",4156600
11.65,-0.05,2000,"sd","09:45:23",4156200
11.65,-0.05,5000,"sd","09:45:22",4154200
11.65,-0.05,5400,"sd","09:45:13",4149200
11.65,-0.05,500,"sd","09:45:03",4143800
11.65,-0.05,500,"sd","09:45:01",4143300
11.7,0,300,"bu","09:44:48",4142800
11.65,-0.05,1100,"sd","09:44:39",4142500
11.65,-0.05,6400,"bu","09:44:39",4141400
11.65,-0.05,2000,"bu","09:44:38",4135000
11.65,-0.05,100,"bu","09:44:30",4133000
11.65,-0.05,100,"bu","09:44:29",4132900
11.65,-0.05,26500,"sd","09:44:23",4132800
11.65,-0.05,4500,"sd","09:44:14",4106300
11.65,-0.05,1400,"sd","09:44:12",4101800
11.65,-0.05,300,"sd","09:44:08",4100400
11.65,-0.05,700,"sd","09:44:06",4100100
11.65,-0.05,4200,"sd","09:44:04",4099400
11.65,-0.05,3600,"bu","09:44:03",4095200
11.65,-0.05,10000,"bu","09:43:59",4091600
11.65,-0.05,10000,"bu","09:43:54",4081600
11.65,-0.05,8600,"sd","09:43:53",4071600
11.65,-0.05,5000,"sd","09:43:50",4063000
11.65,-0.05,300,"sd","09:43:48",4058000
11.7,0,200,"bu","09:43:48",4057700
11.65,-0.05,100,"sd","09:43:48",4057500
11.65,-0.05,3500,"bu","09:43:46",4057400
11.6,-0.1,100,"sd","09:43:43",4053900
11.65,-0.05,8500,"sd","09:43:40",4053800
11.65,-0.05,1000,"sd","09:43:39",4045300
11.6,-0.1,38000,"sd","09:43:30",4044300
11.65,-0.05,48500,"sd","09:43:30",4006300
11.65,-0.05,19500,"sd","09:43:29",3957800
11.65,-0.05,400,"sd","09:43:27",3938300
11.65,-0.05,1000,"bu","09:43:05",3937900
11.65,-0.05,400,"bu","09:43:05",3936900
11.65,-0.05,5600,"bu","09:43:04",3936500
11.65,-0.05,500,"bu","09:43:04",3930900
11.65,-0.05,2500,"bu","09:43:01",3930400
11.65,-0.05,1000,"bu","09:42:57",3927900
11.65,-0.05,5000,"bu","09:42:56",3926900
11.65,-0.05,1000,"bu","09:42:54",3921900
11.65,-0.05,2000,"bu","09:42:53",3920900
11.6,-0.1,400,"sd","09:42:53",3918900
11.65,-0.05,100,"bu","09:42:50",3918500
11.65,-0.05,100,"bu","09:42:49",3918400
11.6,-0.1,1000,"sd","09:42:37",3918300
11.65,-0.05,5200,"sd","09:42:36",3917300
11.65,-0.05,100,"sd","09:42:35",3912100
11.65,-0.05,15700,"bu","09:42:34",3912000
11.65,-0.05,10000,"bu","09:42:29",3896300
11.65,-0.05,1100,"bu","09:42:26",3886300
11.65,-0.05,200,"bu","09:42:21",3885200
11.6,-0.1,800,"sd","09:42:19",3885000
11.65,-0.05,500,"bu","09:42:18",3884200
11.6,-0.1,5000,"sd","09:42:17",3883700
11.65,-0.05,1000,"bu","09:42:15",3878700
11.65,-0.05,1100,"bu","09:42:14",3877700
11.65,-0.05,500,"bu","09:42:13",3876600
11.65,-0.05,5000,"bu","09:42:08",3876100
11.65,-0.05,12700,"sd","09:42:06",3871100
11.65,-0.05,10000,"sd","09:42:02",3858400
11.65,-0.05,2000,"sd","09:41:57",3848400
11.65,-0.05,1300,"sd","09:41:49",3846400
11.65,-0.05,100,"sd","09:41:36",3845100
11.65,-0.05,1000,"sd","09:41:30",3845000
11.65,-0.05,3000,"sd","09:41:27",3844000
11.65,-0.05,11000,"bu","09:41:22",3841000
11.65,-0.05,5000,"bu","09:41:18",3830000
11.65,-0.05,500,"bu","09:41:16",3825000
11.65,-0.05,10000,"bu","09:41:11",3824500
11.65,-0.05,100,"bu","09:41:11",3814500
11.65,-0.05,2300,"bu","09:41:08",3814400
11.65,-0.05,100,"bu","09:41:07",3812100
11.65,-0.05,500,"bu","09:41:06",3812000
11.65,-0.05,200,"bu","09:41:04",3811500
11.65,-0.05,100,"bu","09:41:03",3811300
11.6,-0.1,200,"sd","09:41:02",3811200
11.65,-0.05,600,"bu","09:41:01",3811000
11.65,-0.05,2000,"bu","09:40:55",3810400
11.65,-0.05,20000,"bu","09:40:53",3808400
11.65,-0.05,18000,"bu","09:40:51",3788400
11.65,-0.05,25000,"bu","09:40:50",3770400
11.6,-0.1,1000,"sd","09:40:45",3745400
11.65,-0.05,500,"bu","09:40:45",3744400
11.65,-0.05,1000,"bu","09:40:44",3743900
11.65,-0.05,5000,"bu","09:40:39",3742900
11.65,-0.05,27700,"bu","09:40:38",3737900
11.65,-0.05,50000,"bu","09:40:37",3710200
11.65,-0.05,1000,"bu","09:40:36",3660200
11.65,-0.05,20000,"bu","09:40:30",3659200
11.65,-0.05,100,"bu","09:40:29",3639200
11.65,-0.05,18400,"bu","09:40:28",3639100
11.6,-0.1,3000,"sd","09:40:28",3620700
11.65,-0.05,200,"bu","09:40:26",3617700
11.65,-0.05,1000,"bu","09:40:23",3617500
11.65,-0.05,1000,"bu","09:40:21",3616500
11.65,-0.05,50000,"bu","09:40:18",3615500
11.65,-0.05,50000,"bu","09:40:14",3565500
11.65,-0.05,3500,"bu","09:40:13",3515500
11.65,-0.05,5000,"bu","09:40:09",3512000
11.65,-0.05,40000,"bu","09:40:07",3507000
11.65,-0.05,1000,"bu","09:40:00",3467000
11.6,-0.1,2000,"sd","09:39:55",3466000
11.65,-0.05,50000,"bu","09:39:55",3464000
11.65,-0.05,5000,"bu","09:39:51",3414000
11.6,-0.1,200,"sd","09:39:51",3409000
11.65,-0.05,2000,"bu","09:39:44",3408800
11.65,-0.05,5000,"bu","09:39:43",3406800
11.65,-0.05,300,"bu","09:39:39",3401800
11.65,-0.05,10000,"bu","09:39:38",3401500
11.65,-0.05,10000,"bu","09:39:35",3391500
11.65,-0.05,1000,"bu","09:39:34",3381500
11.65,-0.05,100,"bu","09:39:33",3380500
11.65,-0.05,300,"bu","09:39:30",3380400
11.65,-0.05,3200,"bu","09:39:28",3380100
11.65,-0.05,5000,"bu","09:39:21",3376900
11.65,-0.05,800,"bu","09:39:20",3371900
11.6,-0.1,1000,"sd","09:39:18",3371100
11.65,-0.05,1000,"bu","09:39:16",3370100
11.65,-0.05,10000,"bu","09:39:10",3369100
11.65,-0.05,5000,"bu","09:39:07",3359100
11.65,-0.05,500,"bu","09:39:06",3354100
11.65,-0.05,4200,"bu","09:39:05",3353600
11.65,-0.05,300,"bu","09:39:04",3349400
11.65,-0.05,20000,"bu","09:39:01",3349100
11.65,-0.05,800,"bu","09:38:56",3329100
11.65,-0.05,10700,"bu","09:38:55",3328300
11.65,-0.05,14400,"bu","09:38:49",3317600
11.6,-0.1,100,"sd","09:38:46",3303200
11.65,-0.05,2000,"bu","09:38:41",3303100
11.6,-0.1,1900,"sd","09:38:41",3301100
11.6,-0.1,100,"sd","09:38:33",3299200
11.65,-0.05,100,"bu","09:38:28",3299100
11.6,-0.1,500,"sd","09:38:26",3299000
11.6,-0.1,18000,"sd","09:38:15",3298500
11.65,-0.05,1000,"bu","09:38:13",3280500
11.65,-0.05,500,"bu","09:38:05",3279500
11.6,-0.1,200,"sd","09:38:02",3279000
11.6,-0.1,10000,"sd","09:37:57",3278800
11.65,-0.05,1700,"bu","09:37:54",3268800
11.6,-0.1,500,"sd","09:37:53",3267100
11.65,-0.05,100,"bu","09:37:52",3266600
11.65,-0.05,100,"bu","09:37:47",3266500
11.65,-0.05,1000,"bu","09:37:43",3266400
11.65,-0.05,2600,"bu","09:37:43",3265400
11.65,-0.05,600,"bu","09:37:41",3262800
11.65,-0.05,2000,"bu","09:37:39",3262200
11.65,-0.05,13000,"bu","09:37:30",3260200
11.65,-0.05,4500,"bu","09:37:20",3247200
11.65,-0.05,5000,"bu","09:37:19",3242700
11.65,-0.05,100,"bu","09:37:11",3237700
11.6,-0.1,3400,"sd","09:37:00",3237600
11.65,-0.05,1000,"bu","09:36:51",3234200
11.6,-0.1,9000,"sd","09:36:46",3233200
11.65,-0.05,50000,"bu","09:36:44",3224200
11.65,-0.05,5000,"bu","09:36:42",3174200
11.6,-0.1,2000,"sd","09:36:38",3169200
11.6,-0.1,900,"sd","09:36:35",3167200
11.6,-0.1,5000,"sd","09:36:33",3166300
11.6,-0.1,200,"sd","09:36:26",3161300
11.65,-0.05,5000,"bu","09:36:26",3161100
11.6,-0.1,1900,"sd","09:36:26",3156100
11.6,-0.1,500,"sd","09:36:19",3154200
11.6,-0.1,1500,"sd","09:36:18",3153700
11.65,-0.05,4000,"bu","09:36:17",3152200
11.6,-0.1,500,"sd","09:36:15",3148200
11.65,-0.05,800,"bu","09:36:10",3147700
11.6,-0.1,1400,"sd","09:36:08",3146900
11.6,-0.1,600,"sd","09:36:08",3145500
11.6,-0.1,1100,"sd","09:36:03",3144900
11.6,-0.1,20000,"sd","09:36:01",3143800
11.6,-0.1,400,"sd","09:35:56",3123800
11.6,-0.1,20000,"sd","09:35:53",3123400
11.6,-0.1,500,"sd","09:35:53",3103400
11.6,-0.1,5000,"sd","09:35:46",3102900
11.65,-0.05,100,"bu","09:35:43",3097900
11.6,-0.1,2000,"sd","09:35:41",3097800
11.6,-0.1,100,"sd","09:35:39",3095800
11.6,-0.1,1500,"sd","09:35:37",3095700
11.65,-0.05,50000,"bu","09:35:35",3094200
11.6,-0.1,600,"sd","09:35:34",3044200
11.65,-0.05,500,"bu","09:35:34",3043600
11.6,-0.1,1200,"sd","09:35:13",3043100
11.65,-0.05,900,"bu","09:35:01",3041900
11.6,-0.1,100,"sd","09:34:58",3041000
11.65,-0.05,1000,"bu","09:34:48",3040800
11.65,-0.05,51400,"sd","09:34:39",3039800
11.65,-0.05,500,"sd","09:34:39",2988400
11.65,-0.05,1000,"sd","09:34:37",2987900
11.65,-0.05,2800,"sd","09:34:36",2986900
11.65,-0.05,8500,"sd","09:34:35",2984100
11.65,-0.05,40000,"sd","09:34:33",2975600
11.65,-0.05,300,"sd","09:34:31",2935600
11.65,-0.05,6000,"sd","09:34:31",2935300
11.65,-0.05,19200,"sd","09:34:30",2929300
11.65,-0.05,22800,"sd","09:34:30",2910100
11.65,-0.05,1200,"sd","09:34:28",2887300
11.65,-0.05,2000,"sd","09:34:28",2886100
11.65,-0.05,100,"sd","09:34:26",2884100
11.65,-0.05,20000,"sd","09:34:25",2884000
11.65,-0.05,1100,"sd","09:34:24",2864000
11.65,-0.05,100,"sd","09:34:23",2862900
11.65,-0.05,1000,"sd","09:34:22",2862800
11.65,-0.05,10000,"sd","09:34:21",2861800
11.65,-0.05,36900,"sd","09:34:19",2851800
11.65,-0.05,50200,"sd","09:34:18",2814900
11.65,-0.05,13200,"sd","09:34:16",2764700
11.65,-0.05,267900,"sd","09:34:15",2751500
11.65,-0.05,39700,"sd","09:34:15",2483600
11.65,-0.05,15000,"sd","09:34:13",2443900
11.65,-0.05,3000,"sd","09:34:13",2428900
11.65,-0.05,2000,"sd","09:34:09",2425900
11.65,-0.05,20000,"sd","09:34:07",2423900
11.65,-0.05,500,"sd","09:34:06",2403900
11.65,-0.05,70400,"sd","09:34:03",2403400
11.65,-0.05,7000,"sd","09:33:59",2333000
11.65,-0.05,300,"sd","09:33:58",2326000
11.65,-0.05,10000,"sd","09:33:56",2325700
11.65,-0.05,6000,"sd","09:33:55",2315700
11.65,-0.05,10000,"sd","09:33:49",2309700
11.65,-0.05,6200,"sd","09:33:48",2294700
11.65,-0.05,23900,"sd","09:33:47",2288500
11.65,-0.05,500,"sd","09:33:46",2264600
11.65,-0.05,1000,"sd","09:33:46",2264100
11.65,-0.05,1000,"sd","09:33:44",2263100
11.65,-0.05,1000,"sd","09:33:42",2262100
11.65,-0.05,500,"sd","09:33:41",2261100
11.65,-0.05,3100,"sd","09:33:39",2260600
11.65,-0.05,1200,"sd","09:33:38",2257500
11.65,-0.05,21000,"sd","09:33:37",2256300
11.65,-0.05,50000,"sd","09:33:34",2235300
11.65,-0.05,20700,"sd","09:33:33",2185300
11.65,-0.05,1400,"sd","09:33:31",2164600
11.65,-0.05,13000,"sd","09:33:30",2163200
11.65,-0.05,10000,"sd","09:33:29",2150200
11.65,-0.05,20000,"sd","09:33:27",2140200
11.65,-0.05,1000,"sd","09:33:26",2120200
11.65,-0.05,6000,"sd","09:33:25",2119200
11.65,-0.05,10000,"sd","09:33:23",2113200
11.65,-0.05,600,"sd","09:33:23",2103200
11.65,-0.05,5000,"sd","09:33:21",2102600
11.65,-0.05,300,"sd","09:33:19",2097600
11.65,-0.05,2000,"sd","09:33:18",2097300
11.65,-0.05,5000,"sd","09:33:16",2095300
11.65,-0.05,49900,"sd","09:33:16",2090300
11.65,-0.05,13600,"sd","09:33:13",2040400
11.65,-0.05,100,"sd","09:33:12",2026800
11.65,-0.05,4000,"sd","09:33:11",2026700
11.65,-0.05,2000,"sd","09:33:09",2022700
11.65,-0.05,100,"sd","09:33:09",2020700
11.65,-0.05,55000,"sd","09:33:08",2020600
11.65,-0.05,1000,"sd","09:33:07",1965600
11.65,-0.05,600,"sd","09:33:06",1964600
11.65,-0.05,1600,"sd","09:33:05",1964000
11.65,-0.05,11000,"sd","09:33:04",1962400
11.65,-0.05,100,"sd","09:33:03",1951400
11.65,-0.05,10000,"sd","09:32:55",1951300
11.7,0,300,"bu","09:32:52",1941300
11.65,-0.05,300,"sd","09:32:49",1941000
11.65,-0.05,200,"sd","09:32:47",1940700
11.65,-0.05,15900,"sd","09:32:44",1940500
11.7,0,100,"bu","09:32:43",1924600
11.65,-0.05,5000,"sd","09:32:42",1924500
11.65,-0.05,2000,"sd","09:32:37",1919500
11.65,-0.05,31500,"sd","09:32:35",1917500
11.65,-0.05,1000,"sd","09:32:31",1886000
11.65,-0.05,1000,"sd","09:32:27",1885000
11.65,-0.05,600,"sd","09:32:25",1884000
11.65,-0.05,1900,"sd","09:32:25",1883400
11.65,-0.05,1000,"sd","09:32:23",1881500
11.65,-0.05,3000,"sd","09:32:18",1880500
11.65,-0.05,200,"sd","09:32:17",1877500
11.65,-0.05,2000,"sd","09:32:16",1877300
11.65,-0.05,22000,"sd","09:32:15",1875300
11.65,-0.05,5500,"sd","09:32:14",1853300
11.65,-0.05,13500,"sd","09:32:13",1847800
11.65,-0.05,200,"sd","09:32:13",1834300
11.65,-0.05,200,"sd","09:32:12",1834100
11.65,-0.05,200,"sd","09:32:08",1833900
11.65,-0.05,200,"sd","09:32:01",1833700
11.65,-0.05,4000,"sd","09:31:55",1833500
11.65,-0.05,1000,"sd","09:31:51",1829500
11.65,-0.05,5000,"sd","09:31:50",1828500
11.65,-0.05,5000,"sd","09:31:49",1823500
11.65,-0.05,4500,"sd","09:31:49",1818500
11.65,-0.05,100,"sd","09:31:48",1814000
11.65,-0.05,100,"sd","09:31:41",1813900
11.65,-0.05,1700,"sd","09:31:40",1813800
11.65,-0.05,1500,"sd","09:31:36",1812100
11.65,-0.05,500,"sd","09:31:36",1810600
11.65,-0.05,200,"sd","09:31:30",1807100
11.65,-0.05,600,"sd","09:31:20",1806900
11.65,-0.05,4600,"sd","09:31:19",1806300
11.7,0,100,"bu","09:31:16",1801700
11.65,-0.05,1000,"sd","09:31:12",1801600
11.65,-0.05,2000,"sd","09:31:09",1800600
11.65,-0.05,500,"sd","09:31:07",1798600
11.65,-0.05,500,"sd","09:31:03",1798100
11.65,-0.05,10000,"sd","09:31:02",1797600
11.7,0,500,"bu","09:30:44",1787600
11.7,0,1000,"bu","09:30:44",1787100
11.65,-0.05,100,"sd","09:30:40",1786100
11.65,-0.05,1000,"sd","09:30:36",1786000
11.7,0,200,"bu","09:30:27",1785000
11.65,-0.05,5700,"sd","09:30:26",1784800
11.65,-0.05,200,"sd","09:30:25",1779100
11.65,-0.05,5000,"sd","09:30:13",1778900
11.7,0,500,"bu","09:30:01",1773900
11.65,-0.05,500,"sd","09:30:00",1773400
11.65,-0.05,17000,"sd","09:29:58",1772900
11.65,-0.05,6000,"sd","09:29:56",1755900
11.65,-0.05,500,"sd","09:29:54",1749900
11.65,-0.05,500,"sd","09:29:51",1749400
11.65,-0.05,2200,"sd","09:29:49",1748900
11.7,0,6700,"bu","09:29:47",1746700
11.65,-0.05,4000,"sd","09:29:45",1740000
11.65,-0.05,500,"sd","09:29:43",1736000
11.65,-0.05,200,"sd","09:29:40",1735500
11.65,-0.05,500,"sd","09:29:39",1735300
11.65,-0.05,2000,"sd","09:29:32",1734800
11.65,-0.05,5000,"sd","09:29:31",1732800
11.65,-0.05,100,"sd","09:29:21",1727800
11.65,-0.05,100,"sd","09:29:12",1727700
11.65,-0.05,3600,"sd","09:29:11",1727600
11.65,-0.05,200,"sd","09:29:09",1724000
11.65,-0.05,3000,"sd","09:29:02",1723800
11.65,-0.05,5000,"sd","09:28:56",1720800
11.65,-0.05,200,"sd","09:28:52",1715800
11.7,0,5000,"bu","09:28:28",1715600
11.65,-0.05,10000,"sd","09:28:12",1710600
11.7,0,200,"bu","09:28:07",1700600
11.7,0,100,"bu","09:28:02",1700400
11.65,-0.05,2000,"sd","09:27:56",1700300
11.7,0,2000,"bu","09:27:51",1698300
11.65,-0.05,600,"sd","09:27:41",1696300
11.65,-0.05,10000,"sd","09:27:38",1695700
11.65,-0.05,2000,"sd","09:27:29",1685700
11.7,0,2000,"bu","09:27:28",1683700
11.7,0,200,"bu","09:27:25",1681700
11.7,0,1700,"bu","09:27:06",1681500
11.7,0,100,"bu","09:27:03",1679800
11.7,0,2000,"bu","09:27:00",1679700
11.7,0,200,"bu","09:26:56",1677700
11.7,0,10000,"bu","09:26:54",1677500
11.65,-0.05,200,"sd","09:26:53",1667500
11.65,-0.05,2000,"sd","09:26:51",1667300
11.65,-0.05,1100,"sd","09:26:45",1665300
11.65,-0.05,1000,"sd","09:26:37",1664200
11.65,-0.05,8000,"sd","09:26:32",1663200
11.65,-0.05,400,"sd","09:26:20",1655200
11.7,0,2800,"bu","09:26:17",1654800
11.65,-0.05,2100,"sd","09:26:09",1652000
11.7,0,600,"bu","09:26:04",1649900
11.7,0,2400,"bu","09:25:54",1649300
11.7,0,2100,"bu","09:25:42",1646900
11.7,0,100,"bu","09:25:33",1644800
11.7,0,5100,"bu","09:25:20",1644700
11.7,0,1000,"bu","09:25:17",1639600
11.7,0,5000,"bu","09:25:07",1638600
11.7,0,500,"bu","09:25:03",1633600
11.7,0,600,"bu","09:24:51",1633100
11.7,0,100,"bu","09:24:42",1632500
11.65,-0.05,1000,"sd","09:24:40",1632400
11.7,0,1000,"bu","09:24:34",1631400
11.65,-0.05,400,"sd","09:24:33",1630400
11.7,0,5000,"bu","09:24:21",1630000
11.7,0,100,"bu","09:24:13",1625000
11.7,0,500,"bu","09:24:11",1624900
11.7,0,5000,"bu","09:24:09",1624400
11.65,-0.05,200,"sd","09:24:03",1619400
11.7,0,100,"bu","09:24:03",1619200
11.7,0,100,"bu","09:24:00",1619100
11.7,0,4000,"bu","09:24:00",1619000
11.65,-0.05,1000,"sd","09:24:00",1615000
11.7,0,5000,"bu","09:23:55",1614000
11.7,0,5000,"bu","09:23:52",1609000
11.7,0,100,"bu","09:23:50",1604000
11.7,0,400,"bu","09:23:48",1603900
11.7,0,38400,"sd","09:23:47",1603500
11.7,0,3900,"sd","09:23:45",1565100
11.7,0,1500,"sd","09:23:44",1561200
11.7,0,300,"sd","09:23:43",1559700
11.7,0,5000,"sd","09:23:39",1559400
11.7,0,800,"sd","09:23:33",1554400
11.7,0,1000,"sd","09:23:31",1553600
11.7,0,1000,"sd","09:23:30",1552600
11.7,0,2000,"sd","09:23:30",1551600
11.7,0,500,"sd","09:23:26",1549600
11.7,0,50000,"sd","09:23:25",1549100
11.7,0,1000,"sd","09:23:24",1499100
11.7,0,10100,"sd","09:23:22",1497700
11.7,0,900,"sd","09:23:21",1487600
11.7,0,100,"sd","09:23:21",1486700
11.7,0,300,"sd","09:23:20",1486600
11.7,0,100,"sd","09:23:19",1486300
11.7,0,1000,"sd","09:23:18",1486200
11.7,0,1000,"sd","09:23:17",1485200
11.7,0,9000,"sd","09:23:14",1484200
11.7,0,100,"sd","09:23:11",1475200
11.7,0,11100,"bu","09:23:10",1475100
11.65,-0.05,8700,"sd","09:23:09",1464000
11.7,0,10000,"bu","09:23:07",1455300
11.7,0,2700,"sd","09:23:07",1445300
11.7,0,25400,"bu","09:23:03",1442600
11.7,0,2000,"bu","09:22:59",1417200
11.7,0,500,"bu","09:22:57",1395200
11.7,0,10000,"bu","09:22:56",1394700
11.65,-0.05,2000,"sd","09:22:53",1384700
11.7,0,100,"bu","09:22:49",1382700
11.7,0,2000,"bu","09:22:44",1382600
11.7,0,5000,"bu","09:22:41",1380600
11.7,0,100,"bu","09:22:36",1375600
11.65,-0.05,200,"sd","09:22:33",1375500
11.7,0,5000,"bu","09:22:32",1375300
11.7,0,10000,"bu","09:22:28",1370300
11.7,0,100,"bu","09:22:26",1360300
11.7,0,6000,"bu","09:22:23",1360200
11.7,0,10100,"bu","09:22:21",1354200
11.7,0,1000,"bu","09:22:20",1344100
11.7,0,100,"bu","09:22:18",1343100
11.7,0,2000,"bu","09:22:17",1343000
11.7,0,5000,"bu","09:22:15",1341000
11.7,0,5900,"bu","09:22:06",1336000
11.7,0,10000,"bu","09:22:05",1330100
11.7,0,10000,"bu","09:21:53",1320100
11.7,0,1000,"bu","09:21:52",1310100
11.7,0,100,"bu","09:21:52",1309100
11.7,0,10000,"bu","09:21:51",1309000
11.7,0,200,"bu","09:21:50",1299000
11.7,0,100,"bu","09:21:49",1298800
11.7,0,5000,"bu","09:21:45",1298700
11.7,0,4900,"bu","09:21:42",1293700
11.7,0,60000,"bu","09:21:40",1288800
11.7,0,1000,"bu","09:21:39",1228800
11.7,0,10000,"bu","09:21:33",1227800
11.7,0,10000,"bu","09:21:27",1217800
11.7,0,2000,"bu","09:21:25",1207800
11.7,0,10000,"bu","09:21:21",1205800
11.7,0,10000,"bu","09:21:18",1195800
11.7,0,10000,"bu","09:21:16",1185800
11.7,0,1000,"bu","09:21:15",1175800
11.65,-0.05,3000,"sd","09:21:15",1174800
11.7,0,5000,"bu","09:21:14",1171800
11.7,0,500,"bu","09:21:12",1166800
11.7,0,700,"bu","09:21:09",1166300
11.7,0,4000,"bu","09:21:05",1165600
11.7,0,20000,"bu","09:20:54",1161600
11.7,0,100,"bu","09:20:53",1141600
11.7,0,10000,"bu","09:20:52",1141500
11.7,0,500,"bu","09:20:40",1131500
11.7,0,400,"bu","09:20:38",1131000
11.7,0,10000,"bu","09:20:37",1130600
11.7,0,3700,"bu","09:20:35",1120600
11.7,0,2100,"bu","09:20:33",1116900
11.7,0,3800,"bu","09:20:29",1114800
11.7,0,4000,"bu","09:20:26",1111000
11.7,0,63200,"sd","09:20:25",1107000
11.75,0.05,10000,"bu","09:20:24",1043800
11.7,0,4000,"sd","09:20:23",1033800
11.7,0,50000,"sd","09:20:23",1029800
11.7,0,20000,"sd","09:20:22",979800
11.7,0,15600,"sd","09:20:20",959800
11.7,0,24700,"sd","09:20:17",944200
11.7,0,61300,"sd","09:20:17",919500
11.7,0,1200,"sd","09:20:14",858200
11.7,0,200,"sd","09:20:09",857000
11.7,0,5000,"sd","09:20:08",856800
11.7,0,50000,"sd","09:20:05",851800
11.7,0,6000,"sd","09:20:04",801800
11.7,0,100,"sd","09:20:03",795800
