"symbol","time","price","change","vol","total","side"
"DBC","14:45:00",27.5,0.1,464800,10819700,
"DBC","14:29:59",27.45,0.05,400,10354900,"S"
"DBC","14:29:51",27.4,0,6000,10354500,"B"
"DBC","14:29:45",27.45,0.05,500,10348500,"S"
"DBC","14:29:41",27.4,0,900,10348000,"B"
"DBC","14:29:35",27.45,0.05,6900,10347100,"S"
"DBC","14:29:35",27.4,0,33100,10340200,"S"
"DBC","14:29:29",27.35,-0.05,600,10307100,"B"
"DBC","14:29:19",27.4,0,23000,10306500,"S"
"DBC","14:29:15",27.4,0,21000,10283500,"S"
"DBC","14:29:12",27.4,0,1200,10262500,"S"
"DBC","14:29:01",27.35,-0.05,500,10261300,"B"
"DBC","14:28:56",27.4,0,1200,10260800,"S"
"DBC","14:28:51",27.4,0,1000,10259600,"S"
"DBC","14:28:50",27.4,0,1000,10258600,"S"
"DBC","14:28:46",27.4,0,100,10257600,"S"
"DBC","14:28:46",27.4,0,100,10257500,"S"
"DBC","14:28:38",27.4,0,1500,10257400,"S"
"DBC","14:28:33",27.4,0,19000,10255900,"S"
"DBC","14:28:33",27.4,0,100,10236900,"S"
"DBC","14:28:32",27.4,0,5000,10236800,"S"
"DBC","14:28:29",27.4,0,1000,10231800,"S"
"DBC","14:28:27",27.4,0,16000,10230800,"S"
"DBC","14:28:24",27.4,0,14000,10214800,"S"
"DBC","14:28:19",27.4,0,400,10200800,"S"
"DBC","14:28:18",27.35,-0.05,500,10200400,"B"
"DBC","14:28:18",27.4,0,5000,10199900,"S"
"DBC","14:28:17",27.4,0,1000,10194900,"S"
"DBC","14:28:13",27.4,0,100,10193900,"S"
"DBC","14:28:10",27.4,0,4000,10193800,"S"
"DBC","14:28:04",27.35,-0.05,1000,10189800,"B"
"DBC","14:28:04",27.4,0,2000,10188800,"S"
"DBC","14:28:01",27.4,0,1500,10186800,"S"
"DBC","14:27:57",27.35,-0.05,2200,10185300,"B"
"DBC","14:27:54",27.4,0,5000,10183100,"S"
"DBC","14:27:52",27.4,0,1000,10178100,"S"
"DBC","14:27:50",27.4,0,1000,10177100,"S"
"DBC","14:27:50",27.4,0,11000,10176100,"S"
"DBC","14:27:44",27.4,0,8000,10165100,"S"
"DBC","14:27:43",27.4,0,2500,10157100,"S"
"DBC","14:27:40",27.4,0,12000,10154600,"S"
"DBC","14:27:38",27.35,-0.05,1000,10142600,"B"
"DBC","14:27:33",27.4,0,1000,10141600,"S"
"DBC","14:27:31",27.35,-0.05,4500,10140600,"B"
"DBC","14:27:26",27.4,0,1800,10136100,"S"
"DBC","14:27:24",27.4,0,1000,10134300,"S"
"DBC","14:27:16",27.4,0,1200,10133300,"S"
"DBC","14:27:15",27.4,0,5000,10132100,"S"
"DBC","14:27:10",27.35,-0.05,500,10127100,"B"
"DBC","14:27:09",27.4,0,3000,10126600,"S"
"DBC","14:27:07",27.4,0,10000,10123600,"S"
"DBC","14:27:07",27.35,-0.05,25000,10113600,"B"
"DBC","14:27:05",27.4,0,1000,10088600,"S"
"DBC","14:27:05",27.35,-0.05,20000,10087600,"B"
"DBC","14:26:58",27.4,0,2000,10067600,"S"
"DBC","14:26:57",27.35,-0.05,3400,10065600,"B"
"DBC","14:26:54",27.4,0,100,10062200,"S"
"DBC","14:26:48",27.4,0,7000,10062100,"S"
"DBC","14:26:44",27.4,0,10000,10055100,"S"
"DBC","14:26:40",27.4,0,14000,10045100,"S"
"DBC","14:26:34",27.4,0,200,10031100,"S"
"DBC","14:26:05",27.4,0,21700,10030900,"B"
"DBC","14:26:03",27.4,0,6000,10009200,"B"
"DBC","14:26:02",27.4,0,500,10003200,"B"
"DBC","14:26:00",27.4,0,10000,10002700,"B"
"DBC","14:25:54",27.45,0.05,1300,9992700,"S"
"DBC","14:25:52",27.4,0,100,9991400,"B"
"DBC","14:25:50",27.45,0.05,500,9991300,"S"
"DBC","14:25:44",27.45,0.05,5000,9990800,"B"
"DBC","14:25:42",27.45,0.05,5000,9985800,"B"
"DBC","14:25:41",27.45,0.05,200,9980800,"B"
"DBC","14:25:39",27.45,0.05,100,9980600,"B"
"DBC","14:25:37",27.45,0.05,10000,9980500,"B"
"DBC","14:25:32",27.45,0.05,300,9970500,"B"
"DBC","14:25:25",27.45,0.05,25000,9970200,"B"
"DBC","14:25:21",27.45,0.05,100,9945200,"B"
"DBC","14:25:20",27.45,0.05,15000,9945100,"B"
"DBC","14:25:19",27.45,0.05,36800,9930100,"S"
"DBC","14:25:19",27.4,0,14900,9893300,"S"
"DBC","14:25:15",27.4,0,100,9878400,"S"
"DBC","14:25:14",27.4,0,485900,9878300,"B"
"DBC","14:25:11",27.45,0.05,1000,9392400,"S"
"DBC","14:25:04",27.4,0,200,9391400,"B"
"DBC","14:24:55",27.45,0.05,6100,9391200,"B"
"DBC","14:24:52",27.45,0.05,100,9385100,"B"
"DBC","14:24:52",27.5,0.1,500,9385000,"S"
"DBC","14:24:51",27.45,0.05,7900,9384500,"B"
"DBC","14:24:50",27.45,0.05,1000,9376600,"B"
"DBC","14:24:49",27.45,0.05,200,9375600,"B"
"DBC","14:24:47",27.45,0.05,100,9375400,"B"
"DBC","14:24:39",27.45,0.05,100,9375300,"B"
"DBC","14:24:38",27.5,0.1,1200,9375200,"S"
"DBC","14:24:35",27.45,0.05,500,9374000,"B"
"DBC","14:24:28",27.5,0.1,1000,9373500,"S"
"DBC","14:24:25",27.45,0.05,1100,9372500,"B"
"DBC","14:24:25",27.45,0.05,300,9371400,"B"
"DBC","14:24:12",27.45,0.05,1000,9371100,"B"
"DBC","14:24:09",27.5,0.1,1200,9370100,"S"
"DBC","14:24:02",27.5,0.1,1000,9368900,"S"
"DBC","14:23:58",27.45,0.05,9300,9367900,"S"
"DBC","14:23:54",27.45,0.05,2000,9358600,"S"
"DBC","14:23:50",27.4,0,30000,9356600,"B"
"DBC","14:23:48",27.45,0.05,21000,9326600,"S"
"DBC","14:23:48",27.45,0.05,100,9305600,"S"
"DBC","14:23:46",27.45,0.05,1000,9305500,"S"
"DBC","14:23:45",27.4,0,300,9304500,"B"
"DBC","14:23:40",27.45,0.05,500,9304200,"S"
"DBC","14:23:29",27.45,0.05,9100,9303700,"S"
"DBC","14:22:54",27.45,0.05,1500,9294600,"S"
"DBC","14:22:49",27.45,0.05,900,9293100,"S"
"DBC","14:22:41",27.45,0.05,9000,9292200,"S"
"DBC","14:22:40",27.45,0.05,1000,9283200,"S"
"DBC","14:22:38",27.45,0.05,11000,9282200,"S"
"DBC","14:22:32",27.4,0,100,9271200,"B"
"DBC","14:22:30",27.4,0,200,9271100,"B"
"DBC","14:22:25",27.45,0.05,1000,9270900,"S"
"DBC","14:22:21",27.4,0,100,9269900,"B"
"DBC","14:22:08",27.45,0.05,20300,9269800,"B"
"DBC","14:22:04",27.45,0.05,400,9249500,"B"
"DBC","14:21:56",27.5,0.1,1000,9249100,"S"
"DBC","14:21:49",27.5,0.1,1000,9248100,"S"
"DBC","14:21:46",27.45,0.05,500,9247100,"B"
"DBC","14:21:43",27.45,0.05,10400,9246600,"S"
"DBC","14:21:37",27.45,0.05,4000,9236200,"S"
"DBC","14:21:32",27.45,0.05,50000,9232200,"S"
"DBC","14:21:23",27.45,0.05,500,9182200,"S"
"DBC","14:21:22",27.45,0.05,3000,9181700,"S"
"DBC","14:21:11",27.45,0.05,400,9178700,"S"
"DBC","14:21:10",27.45,0.05,30000,9178300,"S"
"DBC","14:21:01",27.4,0,200,9148300,"B"
"DBC","14:20:59",27.45,0.05,1000,9148100,"S"
"DBC","14:20:56",27.45,0.05,12400,9147100,"S"
"DBC","14:20:55",27.4,0,800,9134700,"B"
"DBC","14:20:51",27.45,0.05,200,9133900,"S"
"DBC","14:20:49",27.45,0.05,15000,9133700,"S"
"DBC","14:20:47",27.4,0,1000,9118700,"B"
"DBC","14:20:45",27.45,0.05,1000,9117700,"S"
"DBC","14:20:44",27.45,0.05,100,9116700,"S"
"DBC","14:20:42",27.4,0,200,9116600,"B"
"DBC","14:20:35",27.45,0.05,1000,9116400,"S"
"DBC","14:20:34",27.45,0.05,100,9115400,"S"
"DBC","14:20:25",27.4,0,20000,9115300,"B"
"DBC","14:20:24",27.45,0.05,5000,9095300,"S"
"DBC","14:20:23",27.4,0,200,9090300,"B"
"DBC","14:20:18",27.4,0,3000,9090100,"B"
"DBC","14:20:16",27.45,0.05,1500,9087100,"S"
"DBC","14:20:08",27.4,0,10000,9085600,"B"
"DBC","14:20:00",27.45,0.05,1000,9075600,"S"
"DBC","14:19:59",27.4,0,800,9074600,"B"
"DBC","14:19:58",27.4,0,1600,9073800,"B"
"DBC","14:19:50",27.4,0,1000,9072200,"B"
"DBC","14:19:49",27.45,0.05,1000,9071200,"S"
"DBC","14:19:48",27.45,0.05,100,9070200,"S"
"DBC","14:19:46",27.4,0,2800,9070100,"B"
"DBC","14:19:44",27.4,0,1000,9067300,"B"
"DBC","14:19:36",27.45,0.05,1500,9066300,"S"
"DBC","14:19:32",27.4,0,900,9064800,"B"
"DBC","14:19:28",27.4,0,2400,9063900,"B"
"DBC","14:19:23",27.45,0.05,500,9061500,"S"
"DBC","14:19:09",27.45,0.05,1000,9061000,"S"
"DBC","14:19:03",27.45,0.05,1500,9060000,"S"
"DBC","14:18:57",27.4,0,400,9058500,"B"
"DBC","14:18:50",27.4,0,3000,9058100,"B"
"DBC","14:18:43",27.45,0.05,5000,9055100,"B"
"DBC","14:18:41",27.45,0.05,5000,9050100,"B"
"DBC","14:18:26",27.5,0.1,1000,9045100,"S"
"DBC","14:18:24",27.45,0.05,2100,9044100,"B"
"DBC","14:18:19",27.45,0.05,200,9042000,"B"
"DBC","14:18:15",27.45,0.05,1100,9041800,"S"
"DBC","14:18:15",27.45,0.05,6900,9040700,"S"
"DBC","14:18:15",27.4,0,200,9033800,"B"
"DBC","14:18:14",27.45,0.05,100,9033600,"S"
"DBC","14:18:03",27.4,0,1000,9033500,"B"
"DBC","14:17:40",27.45,0.05,200,9032500,"S"
"DBC","14:17:32",27.45,0.05,2000,9032300,"S"
"DBC","14:17:29",27.45,0.05,2000,9030300,"S"
"DBC","14:17:22",27.45,0.05,200,9028300,"S"
"DBC","14:17:16",27.45,0.05,100,9028100,"S"
"DBC","14:17:15",27.45,0.05,2200,9028000,"B"
"DBC","14:17:06",27.45,0.05,300,9025800,"B"
"DBC","14:16:50",27.4,0,1300,9025500,"B"
"DBC","14:16:50",27.45,0.05,2500,9024200,"B"
"DBC","14:16:36",27.45,0.05,1500,9021700,"S"
"DBC","14:16:35",27.45,0.05,500,9020200,"B"
"DBC","14:16:34",27.45,0.05,500,9019700,"S"
"DBC","14:16:24",27.5,0.1,1200,9019200,"S"
"DBC","14:16:24",27.45,0.05,2100,9018000,"B"
"DBC","14:16:17",27.45,0.05,10200,9015900,"S"
"DBC","14:16:15",27.45,0.05,20000,9005700,"S"
"DBC","14:16:11",27.4,0,200,8985700,"B"
"DBC","14:16:10",27.4,0,1000,8985500,"B"
"DBC","14:16:04",27.4,0,1000,8984500,"B"
"DBC","14:15:59",27.4,0,100,8983500,"B"
"DBC","14:15:58",27.4,0,200,8983400,"B"
"DBC","14:15:52",27.4,0,2000,8983200,"B"
"DBC","14:15:42",27.4,0,8500,8981200,"B"
"DBC","14:15:36",27.45,0.05,700,8972700,"S"
"DBC","14:15:28",27.45,0.05,39100,8972000,"B"
"DBC","14:15:10",27.45,0.05,2000,8932900,"B"
"DBC","14:14:52",27.5,0.1,300,8930900,"S"
"DBC","14:14:51",27.45,0.05,10000,8930600,"B"
"DBC","14:14:36",27.55,0.15,1500,8920600,"S"
"DBC","14:14:36",27.5,0.1,2000,8919100,"B"
"DBC","14:14:35",27.5,0.1,500,8917100,"B"
"DBC","14:14:30",27.5,0.1,5100,8916600,"B"
"DBC","14:14:28",27.5,0.1,60000,8911500,"B"
"DBC","14:14:27",27.5,0.1,1000,8851500,"B"
"DBC","14:14:24",27.5,0.1,51000,8850500,"B"
"DBC","14:14:23",27.55,0.15,1000,8799500,"S"
"DBC","14:14:22",27.5,0.1,100,8798500,"B"
"DBC","14:14:20",27.55,0.15,100,8798400,"S"
"DBC","14:14:14",27.5,0.1,15000,8798300,"B"
"DBC","14:14:13",27.5,0.1,400,8783300,"B"
"DBC","14:14:08",27.5,0.1,1000,8782900,"B"
"DBC","14:14:00",27.5,0.1,2000,8781900,"B"
"DBC","14:13:58",27.55,0.15,1500,8779900,"S"
"DBC","14:13:46",27.5,0.1,18500,8778400,"B"
"DBC","14:13:36",27.5,0.1,5800,8759900,"B"
"DBC","14:13:08",27.5,0.1,100,8754100,"B"
"DBC","14:13:00",27.55,0.15,20000,8754000,"S"
"DBC","14:12:50",27.5,0.1,500,8734000,"B"
"DBC","14:12:39",27.5,0.1,1000,8733500,"B"
"DBC","14:12:35",27.5,0.1,500,8732500,"B"
"DBC","14:12:30",27.5,0.1,2000,8732000,"B"
"DBC","14:12:11",27.5,0.1,100,8730000,"B"
"DBC","14:11:42",27.55,0.15,1000,8729900,"S"
"DBC","14:11:42",27.5,0.1,100,8728900,"B"
"DBC","14:11:17",27.55,0.15,2000,8728800,"S"
"DBC","14:11:04",27.55,0.15,100,8726800,"S"
"DBC","14:10:53",27.55,0.15,3800,8726700,"B"
"DBC","14:10:42",27.55,0.15,1000,8722900,"B"
"DBC","14:10:39",27.55,0.15,1000,8721900,"B"
"DBC","14:10:38",27.55,0.15,500,8720900,"B"
"DBC","14:10:32",27.55,0.15,1000,8720400,"B"
"DBC","14:10:24",27.55,0.15,300,8719400,"B"
"DBC","14:10:17",27.6,0.2,5000,8719100,"S"
"DBC","14:10:09",27.6,0.2,1000,8714100,"S"
"DBC","14:10:04",27.55,0.15,500,8713100,"B"
"DBC","14:10:02",27.55,0.15,42000,8712600,"S"
"DBC","14:10:01",27.5,0.1,1400,8670600,"B"
"DBC","14:09:59",27.5,0.1,300,8669200,"B"
"DBC","14:09:58",27.55,0.15,1500,8668900,"S"
"DBC","14:09:54",27.5,0.1,600,8667400,"B"
"DBC","14:09:49",27.5,0.1,10000,8666800,"B"
"DBC","14:09:11",27.5,0.1,1000,8656800,"B"
"DBC","14:09:11",27.55,0.15,1500,8655800,"S"
"DBC","14:09:06",27.5,0.1,100,8654300,"B"
"DBC","14:08:17",27.55,0.15,6000,8654200,"S"
"DBC","14:08:12",27.55,0.15,14000,8648200,"S"
"DBC","14:07:18",27.55,0.15,100,8634200,"S"
"DBC","14:06:19",27.55,0.15,2000,8634100,"S"
"DBC","14:05:45",27.55,0.15,14000,8632100,"B"
"DBC","14:05:37",27.55,0.15,2000,8618100,"B"
"DBC","14:05:25",27.55,0.15,50000,8616100,"B"
"DBC","14:05:21",27.55,0.15,51000,8566100,"B"
"DBC","14:04:57",27.6,0.2,300,8515100,"S"
"DBC","14:04:33",27.6,0.2,700,8514800,"B"
"DBC","14:04:26",27.6,0.2,5000,8514100,"B"
"DBC","14:04:24",27.6,0.2,10000,8509100,"B"
"DBC","14:04:13",27.6,0.2,100,8499100,"B"
"DBC","14:04:09",27.6,0.2,2900,8499000,"B"
"DBC","14:03:55",27.65,0.25,1500,8496100,"S"
"DBC","14:03:52",27.6,0.2,100,8494600,"B"
"DBC","14:03:41",27.6,0.2,12000,8494500,"S"
"DBC","14:03:36",27.55,0.15,800,8482500,"B"
"DBC","14:03:15",27.6,0.2,1000,8481700,"S"
"DBC","14:03:10",27.6,0.2,20000,8480700,"S"
"DBC","14:03:04",27.55,0.15,4900,8460700,"B"
"DBC","14:02:50",27.6,0.2,3000,8455800,"B"
"DBC","14:02:32",27.6,0.2,10000,8452800,"B"
"DBC","14:02:30",27.6,0.2,17100,8442800,"S"
"DBC","14:02:18",27.6,0.2,500,8425700,"S"
"DBC","14:02:09",27.6,0.2,32400,8425200,"B"
"DBC","14:02:02",27.65,0.25,500,8392800,"S"
"DBC","14:01:06",27.65,0.25,29500,8392300,"B"
"DBC","14:00:56",27.65,0.25,500,8362800,"B"
"DBC","14:00:55",27.7,0.3,1200,8362300,"S"
"DBC","14:00:42",27.65,0.25,1000,8361100,"B"
"DBC","14:00:38",27.7,0.3,1500,8360100,"S"
"DBC","14:00:34",27.65,0.25,100,8358600,"B"
"DBC","14:00:31",27.65,0.25,39700,8358500,"S"
"DBC","14:00:30",27.6,0.2,800,8318800,"B"
"DBC","14:00:28",27.65,0.25,10000,8318000,"S"
"DBC","14:00:21",27.65,0.25,1000,8308000,"S"
"DBC","14:00:07",27.6,0.2,28700,8307000,"S"
"DBC","14:00:00",27.6,0.2,5000,8278300,"S"
"DBC","13:59:43",27.6,0.2,21600,8273300,"B"
"DBC","13:59:33",27.65,0.25,3600,8251700,"S"
"DBC","13:59:31",27.65,0.25,200,8248100,"S"
"DBC","13:59:29",27.6,0.2,500,8247900,"B"
"DBC","13:59:27",27.65,0.25,1000,8197400,"S"
"DBC","13:59:25",27.65,0.25,7900,8196400,"S"
"DBC","13:59:17",27.65,0.25,10000,8188500,"S"
"DBC","13:59:17",27.65,0.25,3000,8178500,"S"
"DBC","13:59:16",27.6,0.2,500,8175500,"B"
"DBC","13:59:14",27.65,0.25,2000,8175000,"S"
"DBC","13:59:09",27.65,0.25,14000,8173000,"S"
"DBC","13:59:00",27.65,0.25,1000,8159000,"S"
"DBC","13:58:53",27.6,0.2,2700,8158000,"S"
"DBC","13:58:50",27.6,0.2,50000,8155300,"S"
"DBC","13:58:49",27.6,0.2,3000,8105300,"S"
"DBC","13:58:49",27.6,0.2,100,8102300,"S"
"DBC","13:58:16",27.6,0.2,800,8102200,"S"
"DBC","13:58:11",27.6,0.2,5000,8101400,"S"
"DBC","13:58:06",27.6,0.2,300,8096400,"S"
"DBC","13:58:01",27.6,0.2,500,8096100,"S"
"DBC","13:58:00",27.6,0.2,10000,8095600,"S"
"DBC","13:57:58",27.6,0.2,5000,8085600,"S"
"DBC","13:57:57",27.6,0.2,10000,8080600,"S"
"DBC","13:57:50",27.6,0.2,10000,8070600,"S"
"DBC","13:57:48",27.6,0.2,50000,8060600,"S"
"DBC","13:57:47",27.55,0.15,5000,8010600,"B"
"DBC","13:57:41",27.6,0.2,500,8005600,"S"
"DBC","13:57:30",27.55,0.15,100,8005100,"B"
"DBC","13:57:30",27.6,0.2,500,8005000,"S"
"DBC","13:57:12",27.55,0.15,25200,8004500,"S"
"DBC","13:57:07",27.55,0.15,900,7979300,"S"
"DBC","13:56:53",27.55,0.15,24900,7978400,"B"
"DBC","13:56:30",27.55,0.15,36800,7953500,"S"
"DBC","13:56:23",27.55,0.15,100,7916700,"S"
"DBC","13:56:17",27.55,0.15,2000,7916600,"S"
"DBC","13:56:10",27.55,0.15,100,7914600,"S"
"DBC","13:56:09",27.55,0.15,20000,7914500,"S"
"DBC","13:56:03",27.55,0.15,2000,7894500,"S"
"DBC","13:55:49",27.55,0.15,1200,7892500,"S"
"DBC","13:55:48",27.55,0.15,3000,7891300,"S"
"DBC","13:55:45",27.55,0.15,3000,7888300,"S"
"DBC","13:55:42",27.55,0.15,10500,7885300,"S"
"DBC","13:55:39",27.55,0.15,100,7874800,"S"
"DBC","13:55:33",27.55,0.15,10000,7874700,"S"
"DBC","13:55:29",27.55,0.15,500,7864700,"S"
"DBC","13:55:29",27.55,0.15,3700,7864200,"S"
"DBC","13:55:28",27.55,0.15,3800,7860500,"S"
"DBC","13:55:19",27.55,0.15,500,7856700,"S"
"DBC","13:55:11",27.5,0.1,12100,7856200,"B"
"DBC","13:55:06",27.55,0.15,3000,7844100,"S"
"DBC","13:54:59",27.5,0.1,300,7841100,"B"
"DBC","13:54:46",27.5,0.1,7900,7840800,"B"
"DBC","13:54:35",27.55,0.15,3000,7832900,"S"
"DBC","13:54:33",27.5,0.1,100,7829900,"S"
"DBC","13:54:33",27.5,0.1,6300,7829800,"S"
"DBC","13:54:26",27.5,0.1,400,7823500,"S"
"DBC","13:54:12",27.5,0.1,200,7823100,"S"
"DBC","13:54:00",27.5,0.1,10000,7822900,"S"
"DBC","13:53:46",27.5,0.1,1000,7812900,"S"
"DBC","13:53:24",27.5,0.1,21000,7811900,"S"
"DBC","13:53:22",27.5,0.1,20000,7790900,"S"
"DBC","13:53:12",27.5,0.1,5000,7770900,"S"
"DBC","13:53:00",27.5,0.1,2500,7765900,"S"
"DBC","13:52:49",27.5,0.1,2000,7763400,"S"
"DBC","13:51:36",27.5,0.1,200,7761400,"S"
"DBC","13:51:35",27.5,0.1,1700,7761200,"S"
"DBC","13:51:14",27.5,0.1,300,7759500,"B"
"DBC","13:51:13",27.5,0.1,100,7759200,"B"
"DBC","13:51:00",27.5,0.1,1000,7759100,"B"
"DBC","13:50:34",27.5,0.1,100,7758100,"B"
"DBC","13:50:31",27.5,0.1,2000,7758000,"B"
"DBC","13:50:28",27.55,0.15,1500,7756000,"S"
"DBC","13:50:22",27.5,0.1,16600,7754500,"S"
"DBC","13:50:17",27.5,0.1,100,7737900,"S"
"DBC","13:49:55",27.5,0.1,40000,7737800,"S"
"DBC","13:49:44",27.5,0.1,20000,7697800,"S"
"DBC","13:48:54",27.5,0.1,1000,7677800,"S"
"DBC","13:48:31",27.5,0.1,15700,7676800,"B"
"DBC","13:48:26",27.5,0.1,1000,7661100,"B"
"DBC","13:48:22",27.5,0.1,300,7660100,"B"
"DBC","13:48:02",27.55,0.15,1100,7659800,"S"
"DBC","13:47:55",27.5,0.1,14600,7658700,"S"
"DBC","13:47:41",27.5,0.1,2000,7644100,"S"
"DBC","13:47:33",27.5,0.1,400,7642100,"S"
"DBC","13:47:24",27.5,0.1,21200,7641700,"B"
"DBC","13:47:09",27.55,0.15,2000,7620500,"S"
"DBC","13:46:59",27.55,0.15,1000,7618500,"S"
"DBC","13:46:53",27.5,0.1,30400,7617500,"S"
"DBC","13:46:50",27.5,0.1,2000,7587100,"S"
"DBC","13:46:49",27.5,0.1,100,7585100,"S"
"DBC","13:46:36",27.5,0.1,2000,7585000,"S"
"DBC","13:46:32",27.5,0.1,32000,7583000,"S"
"DBC","13:46:27",27.5,0.1,15000,7551000,"S"
"DBC","13:46:23",27.5,0.1,10000,7536000,"S"
"DBC","13:46:22",27.5,0.1,7000,7526000,"S"
"DBC","13:46:19",27.5,0.1,100,7519000,"S"
"DBC","13:46:17",27.5,0.1,20000,7518900,"S"
"DBC","13:46:08",27.5,0.1,5000,7498900,"S"
"DBC","13:46:02",27.5,0.1,3000,7493900,"S"
"DBC","13:45:57",27.5,0.1,500,7490900,"S"
"DBC","13:45:49",27.45,0.05,500,7490400,"B"
"DBC","13:45:48",27.45,0.05,800,7489900,"B"
"DBC","13:45:45",27.45,0.05,500,7489100,"B"
"DBC","13:45:18",27.45,0.05,3000,7488600,"B"
"DBC","13:45:13",27.5,0.1,1000,7485600,"S"
"DBC","13:45:06",27.45,0.05,200,7484600,"B"
"DBC","13:44:57",27.45,0.05,56900,7484400,"S"
"DBC","13:44:56",27.45,0.05,1000,7427500,"S"
"DBC","13:44:54",27.4,0,500,7426500,"B"
"DBC","13:43:59",27.45,0.05,100,7426000,"S"
"DBC","13:43:50",27.45,0.05,2000,7425900,"S"
"DBC","13:43:48",27.4,0,19300,7423900,"S"
"DBC","13:43:34",27.35,-0.05,6000,7404600,"B"
"DBC","13:42:34",27.4,0,100,7398600,"S"
"DBC","13:42:26",27.4,0,400,7398500,"S"
"DBC","13:42:14",27.4,0,5400,7398100,"B"
"DBC","13:41:53",27.45,0.05,100,7392700,"S"
"DBC","13:41:14",27.45,0.05,1000,7392600,"S"
"DBC","13:41:14",27.4,0,100,7391600,"B"
"DBC","13:41:03",27.4,0,5700,7391500,"S"
"DBC","13:40:54",27.4,0,2600,7385800,"S"
"DBC","13:40:54",27.4,0,200,7383200,"S"
"DBC","13:40:44",27.4,0,16700,7383000,"B"
"DBC","13:40:17",27.4,0,3700,7366300,"B"
"DBC","13:40:08",27.45,0.05,1000,7362600,"S"
"DBC","13:39:52",27.4,0,10000,7361600,"B"
"DBC","13:38:54",27.45,0.05,1500,7351600,"S"
"DBC","13:38:45",27.4,0,20100,7350100,"S"
"DBC","13:38:28",27.35,-0.05,100,7330000,"B"
"DBC","13:38:23",27.4,0,100,7329900,"S"
"DBC","13:37:54",27.4,0,2100,7329800,"S"
"DBC","13:37:35",27.4,0,1000,7327700,"S"
"DBC","13:37:27",27.35,-0.05,300,7326700,"B"
"DBC","13:37:03",27.4,0,5000,7326400,"S"
"DBC","13:36:47",27.4,0,1800,7321400,"B"
"DBC","13:36:41",27.4,0,1000,7319600,"B"
"DBC","13:36:35",27.4,0,8000,7318600,"B"
"DBC","13:36:33",27.45,0.05,2000,7310600,"S"
"DBC","13:36:32",27.4,0,2000,7308600,"B"
"DBC","13:36:30",27.4,0,17200,7306600,"S"
"DBC","13:36:18",27.4,0,1500,7289400,"S"
"DBC","13:35:54",27.35,-0.05,5000,7287900,"B"
"DBC","13:35:36",27.35,-0.05,300,7282900,"B"
"DBC","13:34:58",27.4,0,6800,7282600,"B"
"DBC","13:34:52",27.4,0,23200,7275800,"S"
"DBC","13:34:39",27.4,0,500,7252600,"S"
"DBC","13:34:36",27.4,0,200,7252100,"S"
"DBC","13:33:58",27.4,0,19200,7251900,"B"
"DBC","13:32:25",27.45,0.05,1300,7232700,"S"
"DBC","13:32:10",27.4,0,5100,7231400,"B"
"DBC","13:31:59",27.4,0,400,7226300,"B"
"DBC","13:31:51",27.45,0.05,1000,7225900,"S"
"DBC","13:31:41",27.4,0,9300,7224900,"S"
"DBC","13:31:37",27.4,0,1000,7215600,"S"
"DBC","13:31:12",27.4,0,40000,7214600,"B"
"DBC","13:30:17",27.45,0.05,1500,7174600,"S"
"DBC","13:30:09",27.45,0.05,100,7173100,"S"
"DBC","13:30:05",27.4,0,100,7173000,"B"
"DBC","13:29:28",27.45,0.05,5000,7172900,"S"
"DBC","13:29:09",27.45,0.05,500,7167900,"S"
"DBC","13:28:29",27.45,0.05,1200,7167400,"S"
"DBC","13:28:21",27.4,0,2200,7166200,"B"
"DBC","13:28:16",27.4,0,12300,7164000,"S"
"DBC","13:28:02",27.4,0,1500,7151700,"S"
"DBC","13:28:01",27.4,0,100,7150200,"S"
"DBC","13:27:59",27.35,-0.05,500,7150100,"B"
"DBC","13:27:49",27.4,0,400,7149600,"S"
"DBC","13:27:36",27.4,0,1400,7149200,"S"
"DBC","13:27:06",27.4,0,800,7147800,"S"
"DBC","13:27:06",27.4,0,10000,7147000,"S"
"DBC","13:26:10",27.4,0,3000,7137000,"S"
"DBC","13:25:50",27.4,0,1300,7134000,"S"
"DBC","13:24:27",27.4,0,1000,7132700,"S"
"DBC","13:24:14",27.4,0,100,7131700,"S"
"DBC","13:24:13",27.4,0,2000,7131600,"S"
"DBC","13:24:02",27.4,0,2000,7129600,"S"
"DBC","13:23:56",27.35,-0.05,2000,7127600,"B"
"DBC","13:23:46",27.4,0,2000,7125600,"S"
"DBC","13:23:40",27.4,0,100,7123600,"S"
"DBC","13:23:38",27.4,0,500,7123500,"S"
"DBC","13:23:21",27.4,0,1000,7123000,"S"
"DBC","13:23:17",27.4,0,70100,7122000,"B"
"DBC","13:22:32",27.45,0.05,1200,7051900,"S"
"DBC","13:22:17",27.4,0,10000,7050700,"B"
"DBC","13:21:00",27.45,0.05,66500,7040700,"B"
"DBC","13:20:58",27.45,0.05,5000,6974200,"B"
"DBC","13:20:54",27.45,0.05,5000,6969200,"B"
"DBC","13:20:39",27.45,0.05,1000,6964200,"B"
"DBC","13:20:34",27.45,0.05,10000,6963200,"B"
"DBC","13:20:07",27.5,0.1,10000,6953200,"S"
"DBC","13:19:16",27.5,0.1,3600,6943200,"B"
"DBC","13:18:45",27.5,0.1,100,6939600,"B"
"DBC","13:18:43",27.55,0.15,1200,6939500,"S"
"DBC","13:18:36",27.5,0.1,2200,6938300,"B"
"DBC","13:18:35",27.5,0.1,10700,6936100,"S"
"DBC","13:18:12",27.5,0.1,100,6925400,"S"
"DBC","13:18:07",27.5,0.1,20000,6925300,"S"
"DBC","13:18:01",27.5,0.1,30000,6905300,"S"
"DBC","13:17:56",27.5,0.1,5000,6875300,"S"
"DBC","13:17:49",27.45,0.05,5000,6870300,"B"
"DBC","13:17:21",27.5,0.1,1000,6865300,"S"
"DBC","13:16:25",27.5,0.1,13700,6864300,"B"
"DBC","13:16:09",27.5,0.1,100,6850600,"B"
"DBC","13:16:03",27.5,0.1,300,6850500,"B"
"DBC","13:16:00",27.55,0.15,15000,6850200,"S"
"DBC","13:15:55",27.5,0.1,100,6835200,"B"
"DBC","13:15:47",27.55,0.15,1500,6835100,"S"
"DBC","13:15:39",27.5,0.1,38300,6833600,"S"
"DBC","13:15:19",27.5,0.1,3400,6795300,"S"
"DBC","13:15:18",27.5,0.1,2400,6791900,"S"
"DBC","13:15:10",27.5,0.1,1300,6789500,"S"
"DBC","13:15:02",27.5,0.1,1000,6788200,"S"
"DBC","13:14:52",27.5,0.1,10000,6787200,"S"
"DBC","13:14:45",27.5,0.1,5000,6777200,"S"
"DBC","13:14:40",27.5,0.1,30000,6772200,"S"
"DBC","13:14:38",27.5,0.1,500,6742200,"S"
"DBC","13:14:33",27.5,0.1,20000,6741700,"S"
"DBC","13:14:24",27.45,0.05,600,6721700,"B"
"DBC","13:14:21",27.5,0.1,1200,6721100,"S"
"DBC","13:14:09",27.5,0.1,2000,6719900,"S"
"DBC","13:14:01",27.5,0.1,1000,6717900,"S"
"DBC","13:13:53",27.5,0.1,1000,6716900,"S"
"DBC","13:13:48",27.45,0.05,1500,6715900,"B"
"DBC","13:13:42",27.45,0.05,12400,6714400,"S"
"DBC","13:13:16",27.45,0.05,100,6702000,"B"
"DBC","13:13:14",27.5,0.1,1200,6701900,"S"
"DBC","13:13:12",27.45,0.05,3000,6700700,"B"
"DBC","13:13:02",27.45,0.05,16900,6697700,"S"
"DBC","13:13:01",27.45,0.05,1500,6680800,"S"
"DBC","13:12:49",27.4,0,50000,6679300,"B"
"DBC","13:12:49",27.45,0.05,4700,6629300,"S"
"DBC","13:12:39",27.45,0.05,5000,6624600,"S"
"DBC","13:11:16",27.45,0.05,200,6619600,"S"
"DBC","13:10:59",27.45,0.05,1000,6619400,"S"
"DBC","13:10:48",27.4,0,22700,6618400,"S"
"DBC","13:08:59",27.4,0,1000,6595700,"S"
"DBC","13:08:54",27.4,0,2500,6594700,"B"
"DBC","13:08:42",27.4,0,100,6592200,"B"
"DBC","13:08:35",27.4,0,100,6592100,"B"
"DBC","13:08:07",27.4,0,100,6592000,"B"
"DBC","13:08:06",27.4,0,500,6591900,"B"
"DBC","13:07:43",27.45,0.05,1500,6591400,"S"
"DBC","13:07:26",27.4,0,50000,6589900,"S"
"DBC","13:07:02",27.4,0,1000,6539900,"S"
"DBC","13:06:39",27.35,-0.05,1000,6538900,"B"
"DBC","13:06:37",27.35,-0.05,1000,6537900,"B"
"DBC","13:06:28",27.35,-0.05,100,6536900,"B"
"DBC","13:06:28",27.35,-0.05,5300,6536800,"S"
"DBC","13:06:26",27.3,-0.1,100,6531500,"B"
"DBC","13:06:19",27.3,-0.1,100,6531400,"B"
"DBC","13:06:03",27.35,-0.05,5000,6531300,"S"
"DBC","13:05:59",27.35,-0.05,2000,6526300,"S"
"DBC","13:05:53",27.35,-0.05,500,6524300,"S"
"DBC","13:05:38",27.35,-0.05,49000,6523800,"B"
"DBC","13:05:21",27.35,-0.05,5000,6474800,"B"
"DBC","13:04:14",27.4,0,10000,6469800,"S"
"DBC","13:03:52",27.4,0,300,6459800,"S"
"DBC","13:03:47",27.4,0,3100,6459500,"B"
"DBC","13:03:30",27.4,0,1900,6456400,"S"
"DBC","13:03:26",27.4,0,200,6454500,"S"
"DBC","13:02:50",27.4,0,1500,6454300,"B"
"DBC","13:02:01",27.45,0.05,1300,6452800,"S"
"DBC","13:01:31",27.35,-0.05,200,6451500,"B"
"DBC","13:01:14",27.4,0,100,6451300,"B"
"DBC","13:01:11",27.4,0,500,6451200,"B"
"DBC","13:01:11",27.4,0,1400,6450700,"S"
"DBC","13:01:06",27.4,0,5000,6449300,"S"
"DBC","13:00:44",27.4,0,28500,6444300,"B"
"DBC","13:00:40",27.4,0,100,6415800,"B"
"DBC","13:00:14",27.45,0.05,200,6415700,"S"
"DBC","13:00:12",27.45,0.05,100,6415500,"S"
"DBC","13:00:09",27.4,0,1400,6415400,"S"
"DBC","13:00:08",27.4,0,3600,6414000,"B"
"DBC","13:00:07",27.4,0,400,6410400,"B"
"DBC","13:00:01",27.4,0,3000,6410000,"B"
"DBC","13:00:01",27.45,0.05,28000,6407000,"S"
"DBC","11:29:33",27.45,0.05,1200,6379000,"S"
"DBC","11:29:22",27.4,0,7500,6377800,"S"
"DBC","11:29:10",27.4,0,2500,6370300,"B"
"DBC","11:28:48",27.45,0.05,1200,6367800,"S"
"DBC","11:28:22",27.4,0,13800,6366600,"B"
"DBC","11:27:57",27.4,0,5000,6352800,"B"
"DBC","11:27:50",27.4,0,200,6347800,"B"
"DBC","11:27:39",27.4,0,100,6347600,"B"
"DBC","11:26:58",27.45,0.05,800,6347500,"S"
"DBC","11:26:27",27.45,0.05,100,6346700,"S"
"DBC","11:25:17",27.45,0.05,400,6346600,"S"
"DBC","11:25:02",27.45,0.05,400,6346200,"B"
"DBC","11:24:54",27.45,0.05,6500,6345800,"B"
"DBC","11:24:38",27.45,0.05,100,6339300,"B"
"DBC","11:24:29",27.5,0.1,1000,6339200,"S"
"DBC","11:24:23",27.5,0.1,2400,6338200,"S"
"DBC","11:24:14",27.45,0.05,13500,6335800,"S"
"DBC","11:24:00",27.45,0.05,1000,6322300,"S"
"DBC","11:23:57",27.4,0,500,6321300,"B"
"DBC","11:23:52",27.4,0,1000,6320800,"B"
"DBC","11:23:50",27.4,0,4600,6319800,"S"
"DBC","11:23:48",27.4,0,400,6315200,"S"
"DBC","11:23:37",27.35,-0.05,2000,6314800,"B"
"DBC","11:23:15",27.4,0,1500,6312800,"S"
"DBC","11:23:07",27.4,0,20100,6311300,"S"
"DBC","11:22:58",27.4,0,200,6291200,"S"
"DBC","11:22:41",27.4,0,1000,6291000,"S"
"DBC","11:22:38",27.35,-0.05,300,6290000,"B"
"DBC","11:22:22",27.35,-0.05,700,6289700,"B"
"DBC","11:21:54",27.4,0,1000,6289000,"S"
"DBC","11:21:50",27.35,-0.05,500,6288000,"B"
"DBC","11:21:47",27.35,-0.05,6900,6287500,"S"
"DBC","11:21:35",27.35,-0.05,16000,6280600,"S"
"DBC","11:21:26",27.35,-0.05,15000,6264600,"S"
"DBC","11:21:25",27.3,-0.1,2000,6249600,"B"
"DBC","11:21:18",27.35,-0.05,20000,6247600,"S"
"DBC","11:21:11",27.3,-0.1,1800,6227600,"B"
"DBC","11:20:55",27.3,-0.1,4200,6225800,"B"
"DBC","11:20:38",27.3,-0.1,3800,6221600,"B"
"DBC","11:20:21",27.3,-0.1,100,6217800,"B"
"DBC","11:20:18",27.3,-0.1,1200,6217700,"B"
"DBC","11:19:37",27.3,-0.1,8700,6216500,"S"
"DBC","11:19:37",27.25,-0.15,100,6207800,"S"
"DBC","11:19:26",27.3,-0.1,500,6207700,"S"
"DBC","11:19:10",27.2,-0.2,300,6207200,"B"
"DBC","11:19:06",27.3,-0.1,26500,6206900,"S"
"DBC","11:17:52",27.2,-0.2,2000,6180400,"B"
"DBC","11:17:39",27.2,-0.2,600,6178400,"B"
"DBC","11:17:29",27.2,-0.2,100,6177800,"B"
"DBC","11:17:29",27.25,-0.15,100,6177700,"B"
"DBC","11:17:28",27.25,-0.15,4900,6177600,"S"
"DBC","11:17:11",27.2,-0.2,800,6172700,"S"
"DBC","11:17:08",27.2,-0.2,2700,6171900,"B"
"DBC","11:17:02",27.2,-0.2,10000,6169200,"B"
"DBC","11:17:00",27.2,-0.2,4000,6159200,"B"
"DBC","11:16:53",27.2,-0.2,300,6155200,"B"
"DBC","11:16:43",27.2,-0.2,2600,6154900,"S"
"DBC","11:16:38",27.2,-0.2,1500,6152300,"S"
"DBC","11:16:27",27.2,-0.2,5900,6150800,"B"
"DBC","11:16:14",27.25,-0.15,1500,6144900,"S"
"DBC","11:16:10",27.2,-0.2,100,6143400,"B"
"DBC","11:16:02",27.2,-0.2,1200,6143300,"S"
"DBC","11:15:52",27.2,-0.2,800,6142100,"B"
"DBC","11:15:50",27.2,-0.2,100,6141300,"B"
"DBC","11:15:47",27.2,-0.2,1300,6141200,"B"
"DBC","11:15:41",27.2,-0.2,2700,6139900,"B"
"DBC","11:15:40",27.2,-0.2,20300,6137200,"B"
"DBC","11:15:33",27.2,-0.2,1000,6116900,"B"
"DBC","11:15:31",27.25,-0.15,2000,6115900,"S"
"DBC","11:15:30",27.2,-0.2,32000,6113900,"B"
"DBC","11:15:29",27.2,-0.2,100,6081900,"B"
"DBC","11:15:02",27.2,-0.2,100,6081800,"B"
"DBC","11:15:01",27.2,-0.2,1000,6081700,"B"
"DBC","11:14:56",27.2,-0.2,2800,6080700,"B"
"DBC","11:14:55",27.2,-0.2,1500,6077900,"B"
"DBC","11:14:54",27.2,-0.2,2000,6076400,"B"
"DBC","11:14:51",27.2,-0.2,400,6074400,"B"
"DBC","11:14:47",27.2,-0.2,25000,6074000,"B"
"DBC","11:14:38",27.2,-0.2,500,6049000,"B"
"DBC","11:14:28",27.2,-0.2,100,6048500,"B"
"DBC","11:14:15",27.2,-0.2,400,6048400,"B"
"DBC","11:14:09",27.2,-0.2,36000,6048000,"B"
"DBC","11:14:07",27.25,-0.15,3000,6012000,"S"
"DBC","11:14:00",27.2,-0.2,34000,6009000,"B"
"DBC","11:13:19",27.25,-0.15,100,5975000,"S"
"DBC","11:13:16",27.25,-0.15,100,5974900,"S"
"DBC","11:13:12",27.25,-0.15,3000,5974800,"S"
"DBC","11:13:08",27.25,-0.15,3000,5971800,"S"
"DBC","11:13:03",27.25,-0.15,500,5968800,"S"
"DBC","11:13:02",27.25,-0.15,800,5968300,"S"
"DBC","11:13:02",27.25,-0.15,3000,5967500,"S"
"DBC","11:12:57",27.25,-0.15,800,5964500,"S"
"DBC","11:12:55",27.25,-0.15,100,5963700,"S"
"DBC","11:12:46",27.25,-0.15,100,5963600,"S"
"DBC","11:12:41",27.25,-0.15,1500,5963500,"S"
"DBC","11:12:30",27.25,-0.15,9500,5962000,"B"
"DBC","11:12:29",27.25,-0.15,500,5952500,"B"
"DBC","11:12:23",27.25,-0.15,400,5952000,"B"
"DBC","11:12:17",27.25,-0.15,3000,5951600,"B"
"DBC","11:12:05",27.25,-0.15,72000,5948600,"B"
"DBC","11:11:49",27.3,-0.1,1500,5876600,"B"
"DBC","11:11:43",27.3,-0.1,100,5875100,"B"
"DBC","11:11:24",27.3,-0.1,51000,5875000,"B"
"DBC","11:11:00",27.3,-0.1,2000,5824000,"B"
"DBC","11:10:57",27.35,-0.05,2100,5822000,"B"
"DBC","11:10:54",27.35,-0.05,1000,5819900,"B"
"DBC","11:10:39",27.35,-0.05,500,5818900,"B"
"DBC","11:10:37",27.35,-0.05,500,5818400,"B"
"DBC","11:10:36",27.35,-0.05,300,5817900,"B"
"DBC","11:10:30",27.35,-0.05,2200,5817600,"B"
"DBC","11:10:21",27.35,-0.05,50000,5815400,"B"
"DBC","11:10:19",27.4,0,800,5765400,"S"
"DBC","11:10:02",27.4,0,2100,5764600,"B"
"DBC","11:09:57",27.4,0,100,5762500,"B"
"DBC","11:09:54",27.4,0,300,5762400,"B"
"DBC","11:09:47",27.4,0,1000,5762100,"B"
"DBC","11:09:34",27.4,0,51000,5761100,"B"
"DBC","11:09:14",27.45,0.05,600,5710100,"B"
"DBC","11:09:06",27.45,0.05,15000,5709500,"B"
"DBC","11:09:00",27.45,0.05,10000,5694500,"B"
"DBC","11:08:49",27.45,0.05,100,5684500,"B"
"DBC","11:08:41",27.45,0.05,5000,5684400,"B"
"DBC","11:08:38",27.45,0.05,500,5679400,"B"
"DBC","11:08:04",27.45,0.05,400,5678900,"B"
"DBC","11:07:31",27.5,0.1,9200,5678500,"B"
"DBC","11:07:24",27.5,0.1,2000,5669300,"B"
"DBC","11:07:23",27.55,0.15,10000,5667300,"S"
"DBC","11:06:59",27.55,0.15,1000,5657300,"S"
"DBC","11:06:49",27.5,0.1,38900,5656300,"S"
"DBC","11:06:32",27.5,0.1,10000,5617400,"S"
"DBC","11:06:25",27.5,0.1,5000,5607400,"S"
"DBC","11:06:24",27.5,0.1,19500,5602400,"S"
"DBC","11:06:17",27.5,0.1,15000,5582900,"S"
"DBC","11:06:08",27.5,0.1,20000,5567900,"S"
"DBC","11:05:59",27.45,0.05,1000,5547900,"B"
"DBC","11:05:53",27.45,0.05,2000,5546900,"B"
"DBC","11:05:19",27.45,0.05,13600,5544900,"S"
"DBC","11:04:58",27.45,0.05,40000,5531300,"S"
"DBC","11:04:48",27.45,0.05,1600,5491300,"S"
"DBC","11:04:45",27.45,0.05,500,5489700,"S"
"DBC","11:04:35",27.45,0.05,1000,5489200,"S"
"DBC","11:04:17",27.4,0,300,5488200,"S"
"DBC","11:03:58",27.4,0,200,5487900,"S"
"DBC","11:03:50",27.4,0,10000,5487700,"S"
"DBC","11:03:48",27.4,0,200,5477700,"S"
"DBC","11:03:44",27.4,0,1000,5477500,"S"
"DBC","11:03:43",27.4,0,1000,5476500,"S"
"DBC","11:03:42",27.4,0,2200,5475500,"S"
"DBC","11:03:41",27.4,0,5000,5473300,"S"
"DBC","11:03:40",27.4,0,14300,5468300,"S"
"DBC","11:03:39",27.4,0,500,5454000,"S"
"DBC","11:03:36",27.4,0,2000,5453500,"S"
"DBC","11:03:35",27.4,0,1500,5451500,"S"
"DBC","11:03:35",27.4,0,200,5450000,"S"
"DBC","11:03:33",27.4,0,100,5449800,"S"
"DBC","11:03:30",27.4,0,20000,5449700,"S"
"DBC","11:03:21",27.4,0,30000,5429700,"S"
"DBC","11:02:47",27.35,-0.05,100,5399700,"B"
"DBC","11:02:26",27.4,0,1000,5399600,"S"
"DBC","11:02:18",27.4,0,1800,5398600,"S"
"DBC","11:01:55",27.4,0,1000,5396800,"S"
"DBC","11:01:30",27.35,-0.05,100,5395800,"S"
"DBC","11:01:21",27.35,-0.05,300,5395700,"S"
"DBC","11:01:10",27.3,-0.1,1000,5395400,"B"
"DBC","11:00:49",27.3,-0.1,65300,5394400,"S"
"DBC","11:00:33",27.3,-0.1,400,5329100,"S"
"DBC","11:00:25",27.25,-0.15,3000,5328700,"B"
"DBC","11:00:19",27.25,-0.15,32700,5325700,"S"
"DBC","11:00:16",27.25,-0.15,500,5293000,"S"
"DBC","11:00:01",27.2,-0.2,1000,5292500,"B"
"DBC","10:59:37",27.2,-0.2,1200,5291500,"B"
"DBC","10:59:29",27.25,-0.15,30000,5290300,"B"
"DBC","10:59:22",27.25,-0.15,600,5260300,"B"
"DBC","10:58:53",27.25,-0.15,200,5259700,"B"
"DBC","10:58:26",27.25,-0.15,8900,5259500,"S"
"DBC","10:58:25",27.25,-0.15,1000,5250600,"S"
"DBC","10:58:24",27.25,-0.15,900,5249600,"S"
"DBC","10:58:22",27.25,-0.15,10000,5248700,"S"
"DBC","10:58:08",27.25,-0.15,1000,5238700,"S"
"DBC","10:57:59",27.25,-0.15,1000,5237700,"S"
"DBC","10:57:56",27.25,-0.15,5000,5236700,"S"
"DBC","10:57:44",27.25,-0.15,1000,5231700,"S"
"DBC","10:57:42",27.25,-0.15,5000,5230700,"S"
"DBC","10:57:15",27.2,-0.2,6300,5225700,"B"
"DBC","10:57:09",27.25,-0.15,2000,5219400,"S"
"DBC","10:57:07",27.2,-0.2,500,5217400,"B"
"DBC","10:57:06",27.25,-0.15,1000,5216900,"S"
"DBC","10:57:00",27.2,-0.2,1200,5215900,"B"
"DBC","10:56:54",27.25,-0.15,1500,5214700,"B"
"DBC","10:56:36",27.25,-0.15,10000,5213200,"B"
"DBC","10:56:33",27.25,-0.15,4000,5203200,"B"
"DBC","10:56:29",27.25,-0.15,100,5199200,"B"
"DBC","10:56:26",27.25,-0.15,1700,5199100,"B"
"DBC","10:56:23",27.25,-0.15,4000,5197400,"B"
"DBC","10:56:19",27.25,-0.15,5000,5193400,"B"
"DBC","10:56:03",27.3,-0.1,26700,5175400,"B"
"DBC","10:56:02",27.3,-0.1,7000,5148700,"B"
"DBC","10:55:48",27.3,-0.1,8000,5141700,"B"
"DBC","10:55:30",27.3,-0.1,2200,5133700,"B"
"DBC","10:55:28",27.3,-0.1,40000,5131500,"B"
"DBC","10:55:23",27.3,-0.1,30000,5091500,"B"
"DBC","10:55:20",27.3,-0.1,30000,5061500,"B"
"DBC","10:55:15",27.3,-0.1,500,5031500,"B"
"DBC","10:55:08",27.3,-0.1,20000,5031000,"B"
"DBC","10:55:07",27.3,-0.1,100,5011000,"B"
"DBC","10:55:06",27.3,-0.1,9600,5010900,"B"
"DBC","10:54:51",27.3,-0.1,13000,5001300,"B"
"DBC","10:54:29",27.3,-0.1,9000,4988300,"B"
"DBC","10:54:13",27.3,-0.1,19400,4979300,"B"
"DBC","10:54:13",27.35,-0.05,30600,4959900,"B"
"DBC","10:53:53",27.35,-0.05,900,4929300,"B"
"DBC","10:53:49",27.4,0,500,4928400,"S"
"DBC","10:53:45",27.35,-0.05,50000,4927900,"B"
"DBC","10:53:43",27.35,-0.05,50000,4877900,"B"
"DBC","10:53:10",27.35,-0.05,400,4827900,"B"
"DBC","10:52:43",27.35,-0.05,1000,4827500,"B"
"DBC","10:52:41",27.35,-0.05,300,4826500,"B"
"DBC","10:51:46",27.35,-0.05,31000,4826200,"B"
"DBC","10:51:31",27.4,0,600,4795200,"S"
"DBC","10:51:24",27.4,0,200,4794600,"S"
"DBC","10:50:26",27.35,-0.05,20000,4794400,"B"
"DBC","10:50:25",27.35,-0.05,900,4774400,"B"
"DBC","10:50:17",27.35,-0.05,30000,4773500,"B"
"DBC","10:50:09",27.35,-0.05,3000,4743500,"B"
"DBC","10:49:37",27.35,-0.05,1000,4740500,"S"
"DBC","10:49:35",27.3,-0.1,7000,4739500,"B"
"DBC","10:49:29",27.35,-0.05,100,4732500,"S"
"DBC","10:49:25",27.35,-0.05,1000,4732400,"S"
"DBC","10:49:19",27.35,-0.05,100,4731400,"S"
"DBC","10:49:16",27.35,-0.05,900,4731300,"S"
"DBC","10:48:57",27.35,-0.05,200,4730400,"S"
"DBC","10:48:56",27.35,-0.05,1500,4730200,"S"
"DBC","10:48:54",27.35,-0.05,25700,4728700,"B"
"DBC","10:48:51",27.35,-0.05,27000,4703000,"B"
"DBC","10:48:49",27.35,-0.05,13300,4676000,"B"
"DBC","10:48:49",27.35,-0.05,26700,4662700,"B"
"DBC","10:48:41",27.35,-0.05,500,4636000,"B"
"DBC","10:48:37",27.35,-0.05,4300,4635500,"B"
"DBC","10:47:52",27.35,-0.05,5000,4631200,"B"
"DBC","10:46:34",27.35,-0.05,300,4626200,"B"
"DBC","10:46:18",27.35,-0.05,19000,4625900,"B"
"DBC","10:46:16",27.35,-0.05,20000,4606900,"B"
"DBC","10:46:11",27.35,-0.05,30000,4586900,"B"
"DBC","10:45:30",27.35,-0.05,100,4556900,"B"
"DBC","10:43:48",27.35,-0.05,2500,4556800,"B"
"DBC","10:42:34",27.4,0,1100,4554300,"B"
"DBC","10:42:32",27.4,0,30000,4553200,"B"
"DBC","10:42:23",27.4,0,500,4523200,"B"
"DBC","10:42:04",27.45,0.05,1000,4522700,"S"
"DBC","10:41:38",27.35,-0.05,700,4521700,"B"
"DBC","10:41:38",27.4,0,200,4521000,"B"
"DBC","10:41:35",27.4,0,3000,4520800,"B"
"DBC","10:41:33",27.4,0,1100,4517800,"B"
"DBC","10:41:32",27.4,0,56600,4516700,"B"
"DBC","10:41:30",27.4,0,1000,4460100,"B"
"DBC","10:41:16",27.4,0,1000,4459100,"B"
"DBC","10:41:06",27.4,0,7400,4458100,"B"
"DBC","10:41:02",27.4,0,37000,4450700,"B"
"DBC","10:40:46",27.4,0,34000,4413700,"B"
"DBC","10:40:14",27.4,0,1000,4379700,"B"
"DBC","10:39:22",27.4,0,5000,4378700,"B"
"DBC","10:39:20",27.4,0,5600,4373700,"B"
"DBC","10:38:49",27.4,0,100,4368100,"B"
"DBC","10:37:58",27.4,0,5000,4368000,"B"
"DBC","10:37:38",27.45,0.05,5000,4363000,"S"
"DBC","10:36:38",27.45,0.05,20400,4358000,"B"
"DBC","10:36:36",27.45,0.05,21000,4337600,"B"
"DBC","10:35:29",27.45,0.05,29000,4316600,"B"
"DBC","10:35:17",27.45,0.05,31000,4287600,"B"
"DBC","10:35:05",27.5,0.1,15500,4256600,"B"
"DBC","10:35:04",27.5,0.1,21000,4241100,"B"
"DBC","10:34:31",27.5,0.1,9000,4220100,"B"
"DBC","10:33:35",27.5,0.1,500,4211100,"B"
"DBC","10:32:56",27.5,0.1,1000,4210600,"B"
"DBC","10:32:39",27.5,0.1,14700,4209600,"S"
"DBC","10:31:55",27.5,0.1,200,4194900,"S"
"DBC","10:31:45",27.5,0.1,3000,4194700,"S"
"DBC","10:31:03",27.5,0.1,1000,4191700,"S"
"DBC","10:30:01",27.5,0.1,500,4190700,"S"
"DBC","10:29:24",27.5,0.1,3800,4190200,"B"
"DBC","10:28:44",27.5,0.1,200,4186400,"B"
"DBC","10:28:43",27.5,0.1,1000,4186200,"S"
"DBC","10:28:33",27.5,0.1,1000,4185200,"B"
"DBC","10:28:32",27.5,0.1,1000,4184200,"B"
"DBC","10:28:22",27.5,0.1,24000,4183200,"B"
"DBC","10:28:13",27.5,0.1,12000,4159200,"B"
"DBC","10:28:12",27.5,0.1,500,4147200,"B"
"DBC","10:28:02",27.5,0.1,16000,4146700,"B"
"DBC","10:27:56",27.55,0.15,300,4130700,"S"
"DBC","10:26:40",27.55,0.15,500,4130400,"S"
"DBC","10:26:11",27.5,0.1,1000,4129900,"B"
"DBC","10:25:54",27.5,0.1,100,4128900,"B"
"DBC","10:25:46",27.5,0.1,100,4128800,"B"
"DBC","10:25:10",27.5,0.1,2000,4128700,"B"
"DBC","10:25:06",27.55,0.15,100,4126700,"S"
"DBC","10:24:48",27.5,0.1,1000,4126600,"B"
"DBC","10:24:26",27.5,0.1,10000,4125600,"B"
"DBC","10:24:15",27.5,0.1,23000,4115600,"B"
"DBC","10:24:13",27.55,0.15,200,4092600,"S"
"DBC","10:24:11",27.5,0.1,27000,4092400,"B"
"DBC","10:24:06",27.5,0.1,200,4065400,"B"
"DBC","10:23:32",27.5,0.1,500,4065200,"B"
"DBC","10:23:28",27.5,0.1,500,4064700,"B"
"DBC","10:23:21",27.55,0.15,100,4064200,"S"
"DBC","10:23:03",27.5,0.1,100,4064100,"B"
"DBC","10:22:49",27.5,0.1,1000,4064000,"B"
"DBC","10:22:26",27.5,0.1,300,4063000,"B"
"DBC","10:22:12",27.55,0.15,2900,4062700,"S"
"DBC","10:22:03",27.5,0.1,1000,4059800,"B"
"DBC","10:21:52",27.5,0.1,500,4058800,"B"
"DBC","10:21:22",27.5,0.1,2000,4058300,"B"
"DBC","10:21:17",27.5,0.1,2000,4056300,"B"
"DBC","10:21:11",27.5,0.1,1000,4054300,"B"
"DBC","10:21:01",27.5,0.1,14000,4053300,"B"
"DBC","10:20:35",27.5,0.1,500,4039300,"B"
"DBC","10:20:22",27.5,0.1,500,4038800,"B"
"DBC","10:20:13",27.5,0.1,2000,4038300,"B"
"DBC","10:19:55",27.55,0.15,100,4036300,"S"
"DBC","10:19:41",27.5,0.1,1000,4036200,"B"
"DBC","10:19:19",27.55,0.15,5000,4035200,"S"
"DBC","10:19:09",27.55,0.15,3200,4030200,"S"
"DBC","10:19:07",27.55,0.15,200,4027000,"S"
"DBC","10:19:04",27.55,0.15,1000,4026800,"S"
"DBC","10:18:58",27.55,0.15,200,4025800,"S"
"DBC","10:18:57",27.55,0.15,100,4025600,"S"
"DBC","10:17:07",27.55,0.15,3100,4025500,"B"
"DBC","10:17:03",27.55,0.15,1000,4022400,"B"
"DBC","10:17:01",27.55,0.15,50000,4021400,"B"
"DBC","10:16:51",27.55,0.15,31000,3971400,"B"
"DBC","10:15:07",27.6,0.2,200,3940400,"S"
"DBC","10:14:35",27.6,0.2,100,3940200,"S"
"DBC","10:14:17",27.6,0.2,700,3940100,"S"
"DBC","10:13:33",27.6,0.2,500,3939400,"S"
"DBC","10:13:27",27.6,0.2,25900,3938900,"B"
"DBC","10:13:22",27.6,0.2,51000,3913000,"B"
"DBC","10:13:20",27.6,0.2,600,3862000,"B"
"DBC","10:12:28",27.65,0.25,1000,3861400,"S"
"DBC","10:12:19",27.65,0.25,500,3860400,"S"
"DBC","10:11:51",27.6,0.2,100,3859900,"B"
"DBC","10:10:42",27.6,0.2,1100,3859800,"B"
"DBC","10:10:41",27.6,0.2,5000,3858700,"B"
"DBC","10:10:36",27.6,0.2,1000,3853700,"B"
"DBC","10:10:26",27.6,0.2,100,3852700,"B"
"DBC","10:09:53",27.6,0.2,1000,3852600,"B"
"DBC","10:09:48",27.6,0.2,1000,3851600,"B"
"DBC","10:09:41",27.6,0.2,200,3850600,"B"
"DBC","10:09:30",27.65,0.25,5000,3850400,"S"
"DBC","10:08:13",27.65,0.25,100,3845400,"S"
"DBC","10:08:00",27.65,0.25,1000,3845300,"S"
"DBC","10:07:51",27.65,0.25,5200,3844300,"S"
"DBC","10:07:43",27.6,0.2,300,3839100,"B"
"DBC","10:07:15",27.65,0.25,100,3838800,"S"
"DBC","10:07:01",27.65,0.25,13800,3838700,"B"
"DBC","10:06:39",27.7,0.3,100,3824900,"S"
"DBC","10:06:09",27.7,0.3,1600,3824800,"S"
"DBC","10:06:04",27.7,0.3,1500,3823200,"S"
"DBC","10:05:40",27.7,0.3,200,3821700,"S"
"DBC","10:05:39",27.7,0.3,8400,3821500,"S"
"DBC","10:05:38",27.7,0.3,1100,3813100,"S"
"DBC","10:05:35",27.7,0.3,10000,3812000,"S"
"DBC","10:05:11",27.7,0.3,65900,3802000,"B"
"DBC","10:05:08",27.7,0.3,1500,3736100,"B"
"DBC","10:05:03",27.7,0.3,1000,3734600,"B"
"DBC","10:04:54",27.7,0.3,50000,3733600,"B"
"DBC","10:04:52",27.7,0.3,200,3683600,"B"
"DBC","10:04:45",27.7,0.3,5000,3683400,"B"
"DBC","10:04:41",27.7,0.3,20000,3678400,"B"
"DBC","10:04:25",27.7,0.3,20000,3658400,"B"
"DBC","10:04:08",27.75,0.35,1000,3638400,"S"
"DBC","10:03:54",27.75,0.35,8400,3637400,"B"
"DBC","10:03:26",27.8,0.4,500,3629000,"S"
"DBC","10:03:02",27.8,0.4,2000,3628500,"S"
"DBC","10:02:33",27.8,0.4,8900,3626500,"B"
"DBC","10:02:28",27.8,0.4,1100,3617600,"S"
"DBC","10:02:22",27.75,0.35,10000,3616500,"B"
"DBC","10:02:18",27.8,0.4,100,3606500,"S"
"DBC","10:02:16",27.8,0.4,2000,3606400,"S"
"DBC","10:02:06",27.8,0.4,39000,3604400,"S"
"DBC","10:01:44",27.8,0.4,100,3565400,"S"
"DBC","10:01:35",27.75,0.35,500,3565300,"B"
"DBC","10:01:02",27.8,0.4,10000,3564800,"S"
"DBC","10:00:53",27.8,0.4,500,3554800,"S"
"DBC","10:00:46",27.8,0.4,7800,3554300,"B"
"DBC","10:00:42",27.8,0.4,5000,3546500,"B"
"DBC","10:00:41",27.8,0.4,1000,3541500,"B"
"DBC","10:00:40",27.8,0.4,1900,3540500,"B"
"DBC","10:00:38",27.8,0.4,74300,3538600,"B"
"DBC","10:00:27",27.8,0.4,45000,3464300,"B"
"DBC","10:00:25",27.8,0.4,5000,3419300,"B"
"DBC","10:00:18",27.8,0.4,500,3414300,"B"
"DBC","10:00:10",27.8,0.4,14000,3413800,"B"
"DBC","10:00:01",27.8,0.4,100,3399800,"B"
"DBC","09:59:53",27.85,0.45,5000,3399700,"S"
"DBC","09:59:41",27.85,0.45,500,3394700,"S"
"DBC","09:59:40",27.8,0.4,300,3394200,"B"
"DBC","09:59:38",27.85,0.45,1400,3393900,"S"
"DBC","09:59:32",27.85,0.45,2000,3392500,"S"
"DBC","09:59:30",27.85,0.45,1000,3390500,"S"
"DBC","09:59:28",27.85,0.45,1000,3389500,"S"
"DBC","09:59:21",27.85,0.45,56100,3388500,"B"
"DBC","09:59:04",27.85,0.45,100,3332400,"B"
"DBC","09:58:53",27.85,0.45,45400,3332300,"S"
"DBC","09:58:14",27.85,0.45,30000,3286900,"S"
"DBC","09:58:04",27.85,0.45,2200,3256900,"S"
"DBC","09:57:58",27.85,0.45,1900,3254700,"B"
"DBC","09:57:56",27.9,0.5,11900,3252800,"S"
"DBC","09:57:52",27.9,0.5,30000,3240900,"S"
"DBC","09:57:48",27.85,0.45,800,3210900,"B"
"DBC","09:57:45",27.85,0.45,28000,3210100,"B"
"DBC","09:57:35",27.85,0.45,100,3182100,"B"
"DBC","09:57:28",27.85,0.45,25000,3182000,"B"
"DBC","09:57:28",27.85,0.45,500,3157000,"B"
"DBC","09:57:27",27.9,0.5,20000,3156500,"S"
"DBC","09:57:19",27.85,0.45,2400,3136500,"S"
"DBC","09:57:17",27.85,0.45,200,3134100,"S"
"DBC","09:57:09",27.85,0.45,200,3133900,"S"
"DBC","09:57:08",27.85,0.45,1000,3133700,"S"
"DBC","09:57:06",27.85,0.45,2000,3132700,"S"
"DBC","09:57:05",27.85,0.45,1000,3130700,"S"
"DBC","09:57:04",27.85,0.45,1600,3129700,"S"
"DBC","09:57:02",27.85,0.45,3000,3128100,"B"
"DBC","09:56:59",27.85,0.45,100,3125100,"B"
"DBC","09:56:59",27.85,0.45,46900,3125000,"S"
"DBC","09:56:56",27.85,0.45,38600,3063100,"S"
"DBC","09:56:55",27.85,0.45,21400,3024500,"S"
"DBC","09:56:44",27.8,0.4,400,3003100,"B"
"DBC","09:56:41",27.85,0.45,50000,3002700,"S"
"DBC","09:56:33",27.8,0.4,300,2952700,"B"
"DBC","09:56:28",27.8,0.4,4000,2952400,"B"
"DBC","09:56:25",27.85,0.45,2000,2948400,"S"
"DBC","09:56:21",27.8,0.4,10000,2946400,"B"
"DBC","09:56:21",27.8,0.4,1500,2936400,"B"
"DBC","09:56:15",27.8,0.4,500,2934900,"B"
"DBC","09:56:14",27.8,0.4,100,2934400,"B"
"DBC","09:56:11",27.8,0.4,14200,2934300,"S"
"DBC","09:56:09",27.8,0.4,300,2920100,"S"
"DBC","09:56:08",27.8,0.4,7800,2919800,"S"
"DBC","09:56:07",27.8,0.4,3000,2912000,"S"
"DBC","09:56:04",27.8,0.4,300,2909000,"S"
"DBC","09:56:03",27.8,0.4,1700,2908700,"S"
"DBC","09:56:02",27.8,0.4,10000,2907000,"S"
"DBC","09:55:58",27.8,0.4,1000,2897000,"S"
"DBC","09:55:55",27.8,0.4,200,2896000,"S"
"DBC","09:55:53",27.8,0.4,5000,2895800,"S"
"DBC","09:55:48",27.8,0.4,2600,2890800,"S"
"DBC","09:55:46",27.8,0.4,500,2888200,"S"
"DBC","09:55:40",27.8,0.4,1400,2887700,"S"
"DBC","09:55:38",27.8,0.4,18000,2886300,"S"
"DBC","09:55:37",27.8,0.4,10100,2868300,"S"
"DBC","09:55:37",27.8,0.4,9400,2858200,"S"
"DBC","09:55:33",27.8,0.4,500,2848800,"S"
"DBC","09:55:29",27.8,0.4,22600,2848300,"S"
"DBC","09:55:26",27.8,0.4,24000,2825700,"S"
"DBC","09:55:23",27.8,0.4,1600,2801700,"S"
"DBC","09:55:22",27.8,0.4,2000,2800100,"S"
"DBC","09:55:18",27.8,0.4,5000,2798100,"S"
"DBC","09:55:14",27.8,0.4,5000,2793100,"S"
"DBC","09:55:12",27.8,0.4,59000,2788100,"S"
"DBC","09:55:10",27.8,0.4,900,2729100,"S"
"DBC","09:55:09",27.8,0.4,100000,2728200,"S"
"DBC","09:55:01",27.8,0.4,27000,2628200,"S"
"DBC","09:55:01",27.8,0.4,3000,2601200,"S"
"DBC","09:54:59",27.8,0.4,30000,2598200,"S"
"DBC","09:54:57",27.8,0.4,3000,2568200,"S"
"DBC","09:54:54",27.75,0.35,2000,2565200,"B"
"DBC","09:54:52",27.8,0.4,500,2563200,"S"
"DBC","09:54:48",27.8,0.4,4000,2562700,"S"
"DBC","09:54:44",27.8,0.4,2000,2558700,"S"
"DBC","09:54:41",27.8,0.4,50000,2556700,"S"
"DBC","09:54:39",27.75,0.35,3000,2506700,"B"
"DBC","09:54:36",27.8,0.4,1000,2503700,"S"
"DBC","09:54:33",27.8,0.4,500,2502700,"S"
"DBC","09:54:26",27.8,0.4,100000,2502200,"S"
"DBC","09:54:25",27.8,0.4,50000,2402200,"S"
"DBC","09:54:16",27.8,0.4,400,2352200,"S"
"DBC","09:54:11",27.8,0.4,3500,2351800,"S"
"DBC","09:53:47",27.8,0.4,100000,2348300,"S"
"DBC","09:53:43",27.75,0.35,100,2248300,"B"
"DBC","09:53:42",27.75,0.35,44900,2248200,"S"
"DBC","09:53:41",27.75,0.35,30000,2203300,"S"
"DBC","09:53:40",27.75,0.35,1000,2173300,"S"
"DBC","09:53:36",27.75,0.35,100,2172300,"S"
"DBC","09:53:28",27.75,0.35,30400,2172200,"S"
"DBC","09:53:27",27.75,0.35,200,2141800,"S"
"DBC","09:53:20",27.75,0.35,25000,2141600,"S"
"DBC","09:53:16",27.75,0.35,25000,2116600,"S"
"DBC","09:53:14",27.7,0.3,10000,2091600,"B"
"DBC","09:53:03",27.75,0.35,100,2081600,"S"
"DBC","09:52:54",27.75,0.35,100,2081500,"S"
"DBC","09:52:50",27.7,0.3,10000,2081400,"B"
"DBC","09:52:13",27.75,0.35,1000,2071400,"S"
"DBC","09:52:05",27.7,0.3,34000,2070400,"S"
"DBC","09:52:00",27.7,0.3,200,2036400,"S"
"DBC","09:51:30",27.7,0.3,1200,2036200,"S"
"DBC","09:51:29",27.7,0.3,1000,2035000,"S"
"DBC","09:51:16",27.7,0.3,4700,2034000,"B"
"DBC","09:51:15",27.7,0.3,1000,2029300,"B"
"DBC","09:51:14",27.7,0.3,200,2028300,"B"
"DBC","09:50:58",27.7,0.3,500,2028100,"B"
"DBC","09:50:33",27.75,0.35,100,2027600,"S"
"DBC","09:50:33",27.7,0.3,100,2027500,"S"
"DBC","09:50:31",27.7,0.3,200,2027400,"B"
"DBC","09:50:28",27.75,0.35,30000,2027200,"S"
"DBC","09:50:26",27.75,0.35,200,1997200,"S"
"DBC","09:50:25",27.7,0.3,1000,1997000,"B"
"DBC","09:50:24",27.7,0.3,1200,1996000,"S"
"DBC","09:50:19",27.7,0.3,3500,1994800,"S"
"DBC","09:50:19",27.7,0.3,10000,1991300,"S"
"DBC","09:50:13",27.7,0.3,4000,1981300,"S"
"DBC","09:49:47",27.7,0.3,2000,1977300,"S"
"DBC","09:49:45",27.7,0.3,1000,1975300,"S"
"DBC","09:49:38",27.7,0.3,10000,1974300,"S"
"DBC","09:49:31",27.7,0.3,20500,1964300,"S"
"DBC","09:49:28",27.7,0.3,3000,1943800,"S"
"DBC","09:49:27",27.7,0.3,30000,1940800,"S"
"DBC","09:49:22",27.7,0.3,2600,1910800,"S"
"DBC","09:49:11",27.7,0.3,30000,1908200,"S"
"DBC","09:49:10",27.65,0.25,500,1878200,"B"
"DBC","09:48:59",27.7,0.3,100,1877700,"S"
"DBC","09:48:48",27.65,0.25,2900,1877600,"B"
"DBC","09:48:32",27.7,0.3,800,1874700,"S"
"DBC","09:48:32",27.65,0.25,1000,1873900,"B"
"DBC","09:48:07",27.65,0.25,500,1872900,"B"
"DBC","09:48:03",27.7,0.3,1000,1872400,"S"
"DBC","09:47:58",27.65,0.25,500,1871400,"B"
"DBC","09:47:53",27.65,0.25,8500,1870900,"S"
"DBC","09:47:42",27.65,0.25,100,1862400,"S"
"DBC","09:47:23",27.65,0.25,600,1862300,"S"
"DBC","09:46:58",27.65,0.25,100,1861700,"S"
"DBC","09:46:35",27.65,0.25,100,1861600,"B"
"DBC","09:46:32",27.65,0.25,3000,1861500,"B"
"DBC","09:46:24",27.65,0.25,100,1858500,"B"
"DBC","09:46:01",27.65,0.25,3800,1858400,"S"
"DBC","09:45:28",27.65,0.25,2200,1854600,"S"
"DBC","09:45:19",27.65,0.25,5000,1852400,"S"
"DBC","09:45:05",27.65,0.25,5000,1847400,"S"
"DBC","09:44:49",27.65,0.25,800,1842400,"S"
"DBC","09:44:48",27.65,0.25,23800,1841600,"B"
"DBC","09:44:23",27.65,0.25,300,1817800,"B"
"DBC","09:44:22",27.65,0.25,1000,1817500,"B"
"DBC","09:44:18",27.65,0.25,100,1816500,"B"
"DBC","09:44:13",27.65,0.25,200,1816400,"B"
"DBC","09:44:01",27.65,0.25,11800,1816200,"S"
"DBC","09:44:00",27.6,0.2,30000,1804400,"B"
"DBC","09:43:34",27.65,0.25,10000,1774400,"S"
"DBC","09:43:29",27.65,0.25,1500,1764400,"S"
"DBC","09:43:09",27.7,0.3,5000,1762900,"S"
"DBC","09:43:02",27.65,0.25,21000,1728900,"B"
"DBC","09:43:00",27.7,0.3,42000,1707900,"S"
"DBC","09:42:48",27.7,0.3,50000,1665900,"S"
"DBC","09:42:43",27.65,0.25,100,1615900,"B"
"DBC","09:42:36",27.65,0.25,200,1615800,"B"
"DBC","09:42:23",27.65,0.25,29200,1615600,"S"
"DBC","09:42:07",27.65,0.25,50000,1586400,"S"
"DBC","09:42:04",27.65,0.25,100,1536400,"S"
"DBC","09:41:47",27.65,0.25,11100,1536300,"S"
"DBC","09:41:47",27.65,0.25,8900,1525200,"S"
"DBC","09:41:43",27.65,0.25,200,1516300,"S"
"DBC","09:41:40",27.65,0.25,200,1516100,"S"
"DBC","09:41:39",27.65,0.25,15000,1515900,"S"
"DBC","09:41:36",27.65,0.25,15000,1500900,"S"
"DBC","09:41:30",27.65,0.25,20000,1485900,"S"
"DBC","09:41:24",27.65,0.25,100,1465900,"S"
"DBC","09:41:21",27.65,0.25,1000,1465800,"S"
"DBC","09:41:13",27.6,0.2,500,1464800,"B"
"DBC","09:41:05",27.6,0.2,200,1464300,"B"
"DBC","09:41:00",27.6,0.2,200,1464100,"B"
"DBC","09:40:58",27.6,0.2,5700,1463900,"B"
"DBC","09:40:37",27.6,0.2,58200,1458200,"S"
"DBC","09:40:31",27.6,0.2,50000,1400000,"S"
"DBC","09:40:15",27.55,0.15,100,1350000,"B"
"DBC","09:39:54",27.55,0.15,5000,1349900,"B"
"DBC","09:39:25",27.55,0.15,100,1344900,"B"
"DBC","09:39:10",27.55,0.15,100,1344800,"B"
"DBC","09:39:04",27.55,0.15,10000,1344700,"B"
"DBC","09:38:56",27.55,0.15,2000,1334700,"B"
"DBC","09:38:25",27.55,0.15,100,1332700,"B"
"DBC","09:38:23",27.55,0.15,14300,1332600,"S"
"DBC","09:38:08",27.5,0.1,5000,1318300,"B"
"DBC","09:37:57",27.55,0.15,200,1313300,"S"
"DBC","09:37:15",27.55,0.15,2000,1313100,"S"
"DBC","09:37:08",27.55,0.15,100,1311100,"S"
"DBC","09:37:08",27.55,0.15,2000,1311000,"S"
"DBC","09:37:07",27.55,0.15,300,1309000,"S"
"DBC","09:37:04",27.55,0.15,100,1308700,"S"
"DBC","09:36:55",27.55,0.15,3200,1308600,"B"
"DBC","09:36:50",27.55,0.15,100,1305400,"B"
"DBC","09:36:48",27.55,0.15,1000,1305300,"B"
"DBC","09:36:43",27.55,0.15,1500,1304300,"B"
"DBC","09:36:16",27.55,0.15,2100,1302800,"B"
"DBC","09:36:12",27.6,0.2,1000,1300700,"S"
"DBC","09:36:12",27.55,0.15,100,1299700,"B"
"DBC","09:36:08",27.55,0.15,1100,1299600,"B"
"DBC","09:36:05",27.55,0.15,11500,1298500,"S"
"DBC","09:35:45",27.5,0.1,100,1287000,"B"
"DBC","09:35:35",27.5,0.1,200,1286900,"B"
"DBC","09:35:23",27.5,0.1,20000,1286700,"B"
"DBC","09:35:05",27.5,0.1,3300,1266700,"B"
"DBC","09:34:50",27.55,0.15,1000,1263400,"S"
"DBC","09:34:38",27.55,0.15,500,1262400,"S"
"DBC","09:34:15",27.55,0.15,200,1261900,"S"
"DBC","09:34:14",27.55,0.15,19500,1261700,"B"
"DBC","09:34:12",27.55,0.15,1000,1242200,"B"
"DBC","09:34:10",27.55,0.15,23000,1241200,"B"
"DBC","09:34:02",27.55,0.15,300,1218200,"B"
"DBC","09:33:38",27.55,0.15,200,1217900,"B"
"DBC","09:33:32",27.55,0.15,2000,1217700,"B"
"DBC","09:33:28",27.55,0.15,3000,1215700,"B"
"DBC","09:33:12",27.55,0.15,52000,1212700,"B"
"DBC","09:33:08",27.6,0.2,100,1160700,"S"
"DBC","09:32:01",27.55,0.15,20000,1160600,"B"
"DBC","09:32:00",27.6,0.2,100,1140600,"S"
"DBC","09:31:57",27.55,0.15,32000,1140500,"B"
"DBC","09:31:18",27.6,0.2,1300,1108500,"B"
"DBC","09:31:18",27.6,0.2,33400,1107200,"B"
"DBC","09:31:15",27.6,0.2,500,1073800,"B"
"DBC","09:31:07",27.6,0.2,3000,1073300,"B"
"DBC","09:31:04",27.6,0.2,60000,1070300,"B"
"DBC","09:31:01",27.6,0.2,50000,1010300,"B"
"DBC","09:30:57",27.6,0.2,45000,960300,"B"
"DBC","09:30:56",27.6,0.2,500,915300,"B"
"DBC","09:30:38",27.6,0.2,1000,914800,"B"
"DBC","09:30:19",27.65,0.25,36600,913800,"B"
"DBC","09:30:15",27.65,0.25,200,877200,"B"
"DBC","09:30:14",27.65,0.25,100,877000,"B"
"DBC","09:30:08",27.65,0.25,500,876900,"B"
"DBC","09:30:04",27.65,0.25,100,876400,"B"
"DBC","09:29:49",27.65,0.25,2000,876300,"B"
"DBC","09:29:44",27.7,0.3,50000,874300,"S"
"DBC","09:29:44",27.7,0.3,10000,824300,"S"
"DBC","09:29:32",27.7,0.3,20000,814300,"S"
"DBC","09:29:19",27.7,0.3,200,794300,"S"
"DBC","09:29:17",27.7,0.3,25000,794100,"S"
"DBC","09:29:11",27.7,0.3,25000,769100,"S"
"DBC","09:29:09",27.7,0.3,1000,744100,"S"
"DBC","09:29:00",27.65,0.25,500,743100,"B"
"DBC","09:28:59",27.65,0.25,400,742600,"B"
"DBC","09:28:55",27.65,0.25,200,742200,"B"
"DBC","09:28:54",27.65,0.25,100,742000,"B"
"DBC","09:28:53",27.65,0.25,200,741900,"B"
"DBC","09:28:39",27.65,0.25,6600,741700,"S"
"DBC","09:28:09",27.7,0.3,16800,735100,"S"
"DBC","09:28:09",27.65,0.25,33200,718300,"S"
"DBC","09:27:58",27.65,0.25,21200,685100,"B"
"DBC","09:27:54",27.7,0.3,1000,663900,"S"
"DBC","09:27:52",27.65,0.25,300,662900,"B"
"DBC","09:27:50",27.65,0.25,700,662600,"B"
"DBC","09:27:44",27.65,0.25,5000,661900,"B"
"DBC","09:27:38",27.7,0.3,1000,656900,"S"
"DBC","09:27:36",27.65,0.25,100,655900,"B"
"DBC","09:27:11",27.7,0.3,1000,655800,"S"
"DBC","09:27:09",27.65,0.25,6000,654800,"B"
"DBC","09:27:09",27.65,0.25,200,648800,"B"
"DBC","09:27:02",27.65,0.25,5000,648600,"B"
"DBC","09:26:54",27.65,0.25,15300,643600,"S"
"DBC","09:26:53",27.65,0.25,100,628300,"S"
"DBC","09:26:47",27.65,0.25,2600,628200,"S"
"DBC","09:26:45",27.65,0.25,1000,625600,"S"
"DBC","09:26:44",27.65,0.25,10000,624600,"S"
"DBC","09:26:43",27.65,0.25,500,614600,"S"
"DBC","09:26:38",27.6,0.2,100,614100,"B"
"DBC","09:26:33",27.65,0.25,2000,614000,"S"
"DBC","09:26:33",27.65,0.25,700,612000,"S"
"DBC","09:26:29",27.65,0.25,5000,611300,"S"
"DBC","09:26:24",27.65,0.25,100,606300,"S"
"DBC","09:26:21",27.65,0.25,500,606200,"S"
"DBC","09:26:19",27.65,0.25,1000,605700,"S"
"DBC","09:26:18",27.65,0.25,1000,604700,"S"
"DBC","09:26:11",27.65,0.25,300,603700,"S"
"DBC","09:25:59",27.6,0.2,100,603400,"B"
"DBC","09:25:58",27.65,0.25,20000,603300,"S"
"DBC","09:25:53",27.65,0.25,10000,583300,"S"
"DBC","09:25:45",27.65,0.25,2400,573300,"S"
"DBC","09:25:44",27.6,0.2,300,570900,"B"
"DBC","09:25:26",27.6,0.2,1600,570600,"B"
"DBC","09:25:19",27.6,0.2,100,569000,"B"
"DBC","09:25:18",27.6,0.2,19800,568900,"S"
"DBC","09:25:15",27.6,0.2,20000,549100,"S"
"DBC","09:25:11",27.6,0.2,20000,529100,"S"
"DBC","09:25:07",27.6,0.2,30000,509100,"S"
"DBC","09:25:06",27.5,0.1,1000,479100,"B"
"DBC","09:25:00",27.6,0.2,7300,478100,"S"
"DBC","09:25:00",27.55,0.15,1700,470800,"S"
"DBC","09:24:59",27.55,0.15,2600,469100,"S"
"DBC","09:24:58",27.55,0.15,100,466500,"S"
"DBC","09:24:56",27.55,0.15,1000,466400,"S"
"DBC","09:24:50",27.55,0.15,1000,465400,"S"
"DBC","09:24:40",27.55,0.15,2000,464400,"S"
"DBC","09:24:36",27.55,0.15,43200,462400,"B"
"DBC","09:24:09",27.55,0.15,78200,419200,"S"
"DBC","09:23:53",27.5,0.1,21000,322800,"S"
"DBC","09:23:47",27.5,0.1,1000,301800,"S"
"DBC","09:23:26",27.5,0.1,5000,300800,"S"
"DBC","09:23:22",27.5,0.1,1000,295800,"S"
"DBC","09:23:00",27.4,0,100,294800,"B"
"DBC","09:22:57",27.5,0.1,1000,294700,"S"
"DBC","09:22:57",27.4,0,5000,293700,"B"
"DBC","09:22:43",27.4,0,3500,288700,"B"
"DBC","09:22:17",27.4,0,14300,285200,"S"
"DBC","09:21:39",27.4,0,6300,270900,"S"
"DBC","09:21:00",27.4,0,1800,264600,"B"
"DBC","09:20:57",27.4,0,300,262800,"B"
"DBC","09:20:29",27.4,0,2000,262500,"B"
"DBC","09:20:14",27.4,0,300,260500,"B"
"DBC","09:19:57",27.4,0,100,260200,"S"
"DBC","09:19:43",27.4,0,3000,260100,"S"
"DBC","09:19:36",27.4,0,12900,257100,"B"
"DBC","09:19:27",27.4,0,200,244200,"B"
"DBC","09:19:26",27.5,0.1,500,244000,"S"
"DBC","09:19:14",27.4,0,100,243500,"B"
"DBC","09:19:12",27.4,0,17100,243400,"S"
"DBC","09:18:55",27.35,-0.05,1000,226300,"B"
"DBC","09:18:53",27.4,0,1000,225300,"S"
"DBC","09:18:52",27.35,-0.05,2000,224300,"B"
"DBC","09:18:33",27.35,-0.05,5600,222300,"S"
"DBC","09:18:22",27.35,-0.05,300,216700,"S"
"DBC","09:18:06",27.35,-0.05,200,216400,"S"
"DBC","09:18:02",27.3,-0.1,1600,216200,"B"
"DBC","09:17:49",27.35,-0.05,100,214600,"S"
"DBC","09:17:36",27.35,-0.05,25000,214500,"B"
"DBC","09:17:14",27.4,0,100,189500,"S"
"DBC","09:17:04",27.4,0,11000,189400,"B"
"DBC","09:16:59",27.4,0,1800,178400,"B"
"DBC","09:16:58",27.4,0,24000,176600,"B"
"DBC","09:15:55",27.5,0.1,10900,152600,"B"
"DBC","09:15:47",27.5,0.1,200,141700,"B"
"DBC","09:15:40",27.55,0.15,100,141500,"S"
"DBC","09:15:36",27.5,0.1,1000,141400,"B"
"DBC","09:15:25",27.5,0.1,1000,140400,"B"
"DBC","09:15:07",27.5,0.1,300,139400,"B"
"DBC","09:15:06",27.5,0.1,200,139100,"B"
"DBC","09:15:00",27.5,0.1,138900,138900,
