"symbol","time","price","change","vol","total","side"
"HDC","14:45:00",32.15,-0.5,91800,2304000,
"HDC","14:29:58",32.2,-0.45,1000,2212200,"B"
"HDC","14:29:53",32.2,-0.45,3500,2211200,"S"
"HDC","14:29:51",32.2,-0.45,1300,2207700,"B"
"HDC","14:29:43",32.2,-0.45,4500,2206400,"B"
"HDC","14:29:41",32.25,-0.4,500,2201900,"S"
"HDC","14:29:34",32.25,-0.4,600,2201400,"S"
"HDC","14:29:32",32.2,-0.45,4300,2200800,"B"
"HDC","14:29:31",32.2,-0.45,5000,2196500,"B"
"HDC","14:29:19",32.25,-0.4,500,2191500,"S"
"HDC","14:29:16",32.2,-0.45,400,2191000,"B"
"HDC","14:29:15",32.2,-0.45,1000,2190600,"B"
"HDC","14:29:10",32.25,-0.4,100,2189600,"S"
"HDC","14:28:58",32.25,-0.4,1000,2189500,"S"
"HDC","14:28:53",32.2,-0.45,1000,2188500,"B"
"HDC","14:28:53",32.2,-0.45,3200,2187500,"B"
"HDC","14:28:40",32.2,-0.45,700,2184300,"B"
"HDC","14:28:34",32.2,-0.45,5000,2183600,"B"
"HDC","14:28:24",32.2,-0.45,5000,2178600,"B"
"HDC","14:28:17",32.2,-0.45,1000,2173600,"B"
"HDC","14:28:16",32.25,-0.4,1000,2172600,"S"
"HDC","14:28:09",32.2,-0.45,10000,2171600,"B"
"HDC","14:28:06",32.2,-0.45,4000,2161600,"B"
"HDC","14:28:01",32.2,-0.45,4000,2157600,"B"
"HDC","14:27:59",32.2,-0.45,4000,2153600,"B"
"HDC","14:27:57",32.2,-0.45,2100,2149600,"B"
"HDC","14:27:56",32.2,-0.45,100,2147500,"B"
"HDC","14:27:55",32.2,-0.45,1000,2147400,"B"
"HDC","14:27:47",32.2,-0.45,4000,2146400,"B"
"HDC","14:27:45",32.2,-0.45,500,2142400,"B"
"HDC","14:27:44",32.2,-0.45,1800,2141900,"B"
"HDC","14:27:41",32.25,-0.4,10000,2140100,"S"
"HDC","14:27:33",32.25,-0.4,300,2130100,"S"
"HDC","14:27:25",32.25,-0.4,3000,2129800,"B"
"HDC","14:27:22",32.3,-0.35,1000,2126800,"S"
"HDC","14:27:21",32.25,-0.4,9800,2125800,"B"
"HDC","14:27:16",32.3,-0.35,800,2116000,"S"
"HDC","14:27:00",32.25,-0.4,100,2115200,"B"
"HDC","14:26:51",32.25,-0.4,600,2115100,"B"
"HDC","14:26:50",32.25,-0.4,3000,2114500,"B"
"HDC","14:26:43",32.25,-0.4,1000,2111500,"B"
"HDC","14:26:15",32.25,-0.4,500,2110500,"S"
"HDC","14:26:14",32.2,-0.45,3000,2110000,"B"
"HDC","14:26:12",32.25,-0.4,500,2107000,"S"
"HDC","14:26:09",32.25,-0.4,1000,2106500,"S"
"HDC","14:26:08",32.25,-0.4,1000,2105500,"B"
"HDC","14:25:55",32.25,-0.4,600,2104500,"B"
"HDC","14:25:54",32.25,-0.4,2100,2103900,"B"
"HDC","14:25:48",32.3,-0.35,12600,2101800,"B"
"HDC","14:25:48",32.35,-0.3,500,2089200,"B"
"HDC","14:25:33",32.35,-0.3,100,2088700,"B"
"HDC","14:25:09",32.35,-0.3,1000,2088600,"B"
"HDC","14:24:52",32.35,-0.3,500,2087600,"B"
"HDC","14:24:44",32.35,-0.3,300,2087100,"B"
"HDC","14:24:32",32.35,-0.3,400,2086800,"B"
"HDC","14:24:02",32.35,-0.3,3800,2086400,"S"
"HDC","14:23:48",32.35,-0.3,6200,2082600,"B"
"HDC","14:23:29",32.4,-0.25,2800,2076400,"B"
"HDC","14:23:26",32.5,-0.15,2000,2073600,"S"
"HDC","14:23:24",32.4,-0.25,2000,2071600,"B"
"HDC","14:23:24",32.5,-0.15,1000,2069600,"S"
"HDC","14:23:24",32.45,-0.2,500,2068600,"S"
"HDC","14:23:24",32.4,-0.25,4500,2068100,"B"
"HDC","14:23:24",32.4,-0.25,100,2063600,"B"
"HDC","14:23:22",32.45,-0.2,1200,2063500,"S"
"HDC","14:23:18",32.4,-0.25,100,2062300,"B"
"HDC","14:23:18",32.4,-0.25,1400,2062200,"B"
"HDC","14:23:01",32.4,-0.25,5000,2060800,"B"
"HDC","14:22:13",32.4,-0.25,200,2055800,"B"
"HDC","14:21:59",32.4,-0.25,100,2055600,"B"
"HDC","14:21:51",32.4,-0.25,300,2055500,"B"
"HDC","14:20:53",32.35,-0.3,2000,2055200,"B"
"HDC","14:20:52",32.45,-0.2,200,2053200,"S"
"HDC","14:19:23",32.35,-0.3,1800,2053000,"B"
"HDC","14:19:23",32.4,-0.25,3300,2051200,"B"
"HDC","14:19:00",32.45,-0.2,100,2047900,"S"
"HDC","14:18:10",32.5,-0.15,100,2047800,"S"
"HDC","14:17:42",32.5,-0.15,1000,2047700,"S"
"HDC","14:17:12",32.5,-0.15,500,2046700,"B"
"HDC","14:16:12",32.6,-0.05,1000,2046200,"S"
"HDC","14:16:06",32.3,-0.35,100,2045200,"S"
"HDC","14:16:06",32.3,-0.35,500,2045100,"S"
"HDC","14:16:05",32.3,-0.35,500,2044600,"S"
"HDC","14:16:03",32.3,-0.35,1200,2044100,"S"
"HDC","14:16:01",32.3,-0.35,5000,2042900,"S"
"HDC","14:16:00",32.3,-0.35,500,2037900,"S"
"HDC","14:15:59",32.3,-0.35,1000,2037400,"S"
"HDC","14:15:50",32.3,-0.35,100,2036400,"S"
"HDC","14:15:49",32.3,-0.35,100,2036300,"S"
"HDC","14:15:46",32.3,-0.35,4000,2036200,"S"
"HDC","14:15:39",32.3,-0.35,100,2032200,"S"
"HDC","14:15:37",32.3,-0.35,4400,2032100,"B"
"HDC","14:15:37",32.3,-0.35,2200,2027700,"B"
"HDC","14:15:07",32.3,-0.35,4800,2025500,"B"
"HDC","14:15:07",32.35,-0.3,700,2020700,"B"
"HDC","14:15:07",32.4,-0.25,100,2020000,"B"
"HDC","14:15:07",32.45,-0.2,1500,2019900,"B"
"HDC","14:15:07",32.5,-0.15,100,2018400,"B"
"HDC","14:15:07",32.55,-0.1,2300,2018300,"B"
"HDC","14:15:07",32.6,-0.05,500,2016000,"B"
"HDC","14:15:01",32.6,-0.05,200,2015500,"B"
"HDC","14:14:54",32.6,-0.05,300,2015300,"B"
"HDC","14:14:44",32.6,-0.05,800,2015000,"B"
"HDC","14:14:43",32.6,-0.05,1000,2014200,"B"
"HDC","14:14:40",32.6,-0.05,1000,2013200,"B"
"HDC","14:14:39",32.6,-0.05,500,2012200,"B"
"HDC","14:14:32",32.6,-0.05,1600,2011700,"B"
"HDC","14:14:01",32.65,0,200,2010100,"B"
"HDC","14:14:00",32.65,0,500,2009900,"B"
"HDC","14:12:43",32.7,0.05,100,2009400,"B"
"HDC","14:12:42",32.7,0.05,8000,2009300,"B"
"HDC","14:12:38",32.7,0.05,200,2001300,"B"
"HDC","14:12:31",32.7,0.05,1000,2001100,"B"
"HDC","14:12:12",32.75,0.1,4500,2000100,"B"
"HDC","14:12:11",32.75,0.1,1200,1995600,"B"
"HDC","14:12:10",32.75,0.1,1000,1994400,"B"
"HDC","14:12:08",32.8,0.15,500,1993400,"S"
"HDC","14:12:05",32.8,0.15,700,1992900,"S"
"HDC","14:12:02",32.75,0.1,200,1992200,"B"
"HDC","14:12:01",32.75,0.1,500,1992000,"B"
"HDC","14:11:59",32.75,0.1,100,1991500,"B"
"HDC","14:11:56",32.75,0.1,2000,1991400,"B"
"HDC","14:11:49",32.75,0.1,200,1989400,"B"
"HDC","14:11:46",32.75,0.1,2000,1989200,"B"
"HDC","14:11:37",32.8,0.15,5000,1987200,"S"
"HDC","14:11:23",32.8,0.15,1000,1982200,"S"
"HDC","14:11:21",32.8,0.15,100,1981200,"B"
"HDC","14:11:18",32.8,0.15,100,1981100,"B"
"HDC","14:11:17",32.8,0.15,300,1981000,"S"
"HDC","14:11:15",32.8,0.15,2000,1980700,"S"
"HDC","14:11:07",32.8,0.15,5000,1978700,"S"
"HDC","14:11:04",32.75,0.1,500,1973700,"B"
"HDC","14:11:01",32.8,0.15,15000,1973200,"S"
"HDC","14:10:51",32.8,0.15,500,1958200,"S"
"HDC","14:10:49",32.75,0.1,100,1957700,"B"
"HDC","14:10:47",32.8,0.15,1400,1957600,"S"
"HDC","14:10:43",32.8,0.15,9600,1956200,"S"
"HDC","14:10:39",32.75,0.1,1000,1946600,"B"
"HDC","14:10:27",32.75,0.1,300,1945600,"S"
"HDC","14:10:26",32.75,0.1,2000,1945300,"S"
"HDC","14:10:25",32.75,0.1,5000,1943300,"S"
"HDC","14:10:19",32.75,0.1,3000,1938300,"S"
"HDC","14:10:13",32.75,0.1,7100,1935300,"S"
"HDC","14:10:09",32.75,0.1,2000,1928200,"S"
"HDC","14:10:06",32.75,0.1,100,1926200,"S"
"HDC","14:10:05",32.75,0.1,500,1926100,"S"
"HDC","14:10:04",32.75,0.1,200,1925600,"S"
"HDC","14:09:40",32.75,0.1,22000,1925400,"S"
"HDC","14:09:22",32.7,0.05,1000,1903400,"B"
"HDC","14:09:12",32.7,0.05,800,1902400,"B"
"HDC","14:09:11",32.7,0.05,6900,1901600,"S"
"HDC","14:09:07",32.7,0.05,200,1894700,"S"
"HDC","14:09:04",32.7,0.05,1000,1894500,"S"
"HDC","14:08:46",32.7,0.05,1000,1893500,"S"
"HDC","14:08:40",32.7,0.05,10000,1892500,"S"
"HDC","14:08:39",32.7,0.05,100,1882500,"S"
"HDC","14:08:17",32.7,0.05,10000,1882400,"S"
"HDC","14:08:03",32.7,0.05,1000,1872400,"S"
"HDC","14:07:57",32.7,0.05,100,1871400,"S"
"HDC","14:07:42",32.7,0.05,100,1871300,"S"
"HDC","14:07:05",32.7,0.05,500,1871200,"S"
"HDC","14:06:46",32.65,0,1000,1870700,"B"
"HDC","14:06:34",32.65,0,10100,1869700,"S"
"HDC","14:06:33",32.65,0,9900,1859600,"S"
"HDC","14:06:33",32.6,-0.05,5200,1849700,"S"
"HDC","14:04:48",32.65,0,100,1844500,"B"
"HDC","14:04:43",32.65,0,5000,1844400,"B"
"HDC","14:04:42",32.65,0,500,1839400,"B"
"HDC","14:04:39",32.65,0,1000,1838900,"B"
"HDC","14:04:34",32.65,0,100,1837900,"B"
"HDC","14:04:30",32.65,0,1000,1837800,"B"
"HDC","14:04:25",32.65,0,300,1836800,"B"
"HDC","14:04:17",32.65,0,100,1836500,"B"
"HDC","14:04:15",32.65,0,10000,1836400,"B"
"HDC","14:04:09",32.65,0,4600,1826400,"S"
"HDC","14:04:09",32.6,-0.05,12100,1821800,"S"
"HDC","14:04:09",32.55,-0.1,5500,1809700,"S"
"HDC","14:04:09",32.5,-0.15,9700,1804200,"S"
"HDC","14:03:55",32.3,-0.35,5500,1794500,"B"
"HDC","14:03:37",32.5,-0.15,18800,1789000,"S"
"HDC","14:03:37",32.45,-0.2,4800,1770200,"S"
"HDC","14:03:37",32.4,-0.25,24700,1765400,"S"
"HDC","14:03:37",32.35,-0.3,1700,1740700,"S"
"HDC","14:03:36",32.3,-0.35,700,1739000,"B"
"HDC","14:03:34",32.35,-0.3,1000,1738300,"S"
"HDC","14:03:30",32.35,-0.3,600,1737300,"S"
"HDC","14:03:23",32.35,-0.3,100,1736700,"S"
"HDC","14:03:11",32.35,-0.3,500,1736600,"S"
"HDC","14:03:09",32.35,-0.3,500,1736100,"S"
"HDC","14:03:02",32.35,-0.3,1000,1735600,"S"
"HDC","14:02:57",32.35,-0.3,1000,1734600,"S"
"HDC","14:02:44",32.35,-0.3,100,1733600,"S"
"HDC","14:01:58",32.35,-0.3,100,1733500,"S"
"HDC","14:01:52",32.35,-0.3,100,1733400,"S"
"HDC","14:01:41",32.35,-0.3,200,1733300,"S"
"HDC","14:01:35",32.35,-0.3,1000,1733100,"S"
"HDC","14:01:10",32.35,-0.3,100,1732100,"S"
"HDC","14:00:57",32.35,-0.3,100,1732000,"S"
"HDC","13:59:47",32.3,-0.35,3600,1731900,"S"
"HDC","13:59:34",32.25,-0.4,1600,1728300,"S"
"HDC","13:59:33",32.25,-0.4,500,1726700,"S"
"HDC","13:59:22",32.25,-0.4,500,1726200,"S"
"HDC","13:59:12",32.2,-0.45,6000,1725700,"B"
"HDC","13:59:01",32.25,-0.4,2100,1719700,"S"
"HDC","13:58:51",32.25,-0.4,100,1717600,"S"
"HDC","13:58:16",32.25,-0.4,500,1717500,"S"
"HDC","13:58:08",32.25,-0.4,4700,1717000,"B"
"HDC","13:58:03",32.3,-0.35,300,1712300,"S"
"HDC","13:57:56",32.3,-0.35,500,1712000,"S"
"HDC","13:57:40",32.3,-0.35,3900,1711500,"S"
"HDC","13:57:33",32.3,-0.35,200,1707600,"S"
"HDC","13:56:41",32.25,-0.4,100,1707400,"S"
"HDC","13:56:38",32.25,-0.4,300,1707300,"S"
"HDC","13:56:36",32.25,-0.4,300,1707000,"S"
"HDC","13:56:33",32.25,-0.4,200,1706700,"S"
"HDC","13:56:29",32.2,-0.45,1300,1706500,"S"
"HDC","13:56:28",32.2,-0.45,9800,1705200,"S"
"HDC","13:56:24",32.2,-0.45,200,1695400,"S"
"HDC","13:56:24",32.2,-0.45,3000,1695200,"S"
"HDC","13:56:19",32.2,-0.45,200,1692200,"S"
"HDC","13:56:13",32.2,-0.45,2000,1692000,"S"
"HDC","13:56:04",32.2,-0.45,200,1690000,"S"
"HDC","13:55:58",32.2,-0.45,2000,1689800,"S"
"HDC","13:55:52",32.15,-0.5,124800,1687800,"B"
"HDC","13:55:47",32.2,-0.45,300,1563000,"S"
"HDC","13:55:44",32.2,-0.45,200,1562700,"S"
"HDC","13:55:40",32.2,-0.45,100,1562500,"S"
"HDC","13:55:32",32.2,-0.45,100,1562400,"S"
"HDC","13:55:04",32.2,-0.45,100,1562300,"S"
"HDC","13:55:03",32.2,-0.45,100,1562200,"S"
"HDC","13:54:55",32.2,-0.45,100,1562100,"S"
"HDC","13:54:54",32.2,-0.45,500,1562000,"S"
"HDC","13:54:44",32.2,-0.45,200,1561500,"S"
"HDC","13:54:41",32.2,-0.45,1000,1561300,"S"
"HDC","13:54:05",32.15,-0.5,100,1560300,"B"
"HDC","13:53:56",32.15,-0.5,100,1560200,"B"
"HDC","13:53:30",32.15,-0.5,500,1560100,"B"
"HDC","13:53:24",32.15,-0.5,600,1559600,"S"
"HDC","13:53:23",32.15,-0.5,100,1559000,"S"
"HDC","13:53:21",32.15,-0.5,100,1558900,"S"
"HDC","13:53:21",32.1,-0.55,1000,1558800,"B"
"HDC","13:53:19",32.15,-0.5,100,1557800,"S"
"HDC","13:53:16",32.15,-0.5,4000,1557700,"S"
"HDC","13:53:12",32.15,-0.5,100,1553700,"S"
"HDC","13:52:53",32.15,-0.5,1000,1553600,"S"
"HDC","13:52:48",32.15,-0.5,1000,1552600,"S"
"HDC","13:52:48",32.15,-0.5,1000,1551600,"S"
"HDC","13:52:37",32.1,-0.55,2500,1550600,"B"
"HDC","13:52:36",32.1,-0.55,7600,1548100,"B"
"HDC","13:52:36",32.15,-0.5,400,1540500,"B"
"HDC","13:52:31",32.15,-0.5,400,1540100,"S"
"HDC","13:52:28",32.15,-0.5,9600,1539700,"B"
"HDC","13:52:28",32.15,-0.5,100,1530100,"B"
"HDC","13:52:26",32.15,-0.5,2000,1530000,"B"
"HDC","13:52:25",32.15,-0.5,200,1528000,"B"
"HDC","13:52:16",32.15,-0.5,40000,1527800,"B"
"HDC","13:52:11",32.2,-0.45,1000,1487800,"S"
"HDC","13:51:58",32.2,-0.45,200,1486800,"S"
"HDC","13:51:48",32.2,-0.45,500,1486600,"S"
"HDC","13:51:46",32.2,-0.45,100,1486100,"S"
"HDC","13:51:45",32.2,-0.45,100,1486000,"S"
"HDC","13:51:08",32.2,-0.45,1000,1485900,"S"
"HDC","13:50:43",32.15,-0.5,1500,1484900,"B"
"HDC","13:50:40",32.15,-0.5,500,1483400,"B"
"HDC","13:50:26",32.2,-0.45,100,1482900,"S"
"HDC","13:50:16",32.2,-0.45,100,1482800,"S"
"HDC","13:50:11",32.2,-0.45,1000,1482700,"S"
"HDC","13:50:09",32.2,-0.45,17200,1481700,"B"
"HDC","13:50:03",32.2,-0.45,800,1464500,"B"
"HDC","13:49:37",32.2,-0.45,200,1463700,"B"
"HDC","13:49:16",32.2,-0.45,100,1463500,"B"
"HDC","13:48:22",32.25,-0.4,500,1463400,"S"
"HDC","13:48:13",32.25,-0.4,100,1462900,"S"
"HDC","13:48:07",32.2,-0.45,1000,1462800,"B"
"HDC","13:47:53",32.25,-0.4,500,1461800,"S"
"HDC","13:47:52",32.25,-0.4,1100,1461300,"S"
"HDC","13:47:49",32.25,-0.4,1000,1460200,"S"
"HDC","13:47:48",32.2,-0.45,1900,1459200,"B"
"HDC","13:47:47",32.2,-0.45,3100,1457300,"B"
"HDC","13:47:47",32.25,-0.4,100,1454200,"S"
"HDC","13:47:35",32.25,-0.4,100,1454100,"S"
"HDC","13:47:33",32.25,-0.4,1000,1454000,"S"
"HDC","13:47:13",32.2,-0.45,5000,1453000,"B"
"HDC","13:46:55",32.2,-0.45,1000,1448000,"B"
"HDC","13:46:22",32.2,-0.45,9600,1447000,"S"
"HDC","13:46:17",32.2,-0.45,100,1437400,"S"
"HDC","13:46:15",32.2,-0.45,200,1437300,"S"
"HDC","13:46:01",32.2,-0.45,400,1437100,"S"
"HDC","13:45:58",32.2,-0.45,300,1436700,"S"
"HDC","13:45:43",32.2,-0.45,500,1436400,"S"
"HDC","13:45:29",32.2,-0.45,500,1435900,"S"
"HDC","13:45:25",32.2,-0.45,1200,1435400,"S"
"HDC","13:45:20",32.2,-0.45,500,1434200,"S"
"HDC","13:45:01",32.2,-0.45,100,1433700,"S"
"HDC","13:44:58",32.2,-0.45,1100,1433600,"B"
"HDC","13:44:47",32.2,-0.45,100,1432500,"S"
"HDC","13:44:43",32.2,-0.45,400,1432400,"S"
"HDC","13:44:39",32.15,-0.5,1000,1432000,"B"
"HDC","13:44:23",32.2,-0.45,200,1431000,"S"
"HDC","13:44:22",32.2,-0.45,26300,1430800,"B"
"HDC","13:44:22",32.25,-0.4,33000,1404500,"B"
"HDC","13:44:03",32.3,-0.35,900,1371500,"S"
"HDC","13:44:00",32.3,-0.35,1000,1370600,"S"
"HDC","13:43:57",32.25,-0.4,2300,1369600,"B"
"HDC","13:43:54",32.3,-0.35,1000,1367300,"S"
"HDC","13:43:38",32.3,-0.35,100,1366300,"S"
"HDC","13:43:35",32.3,-0.35,100,1366200,"S"
"HDC","13:43:19",32.3,-0.35,200,1366100,"S"
"HDC","13:43:18",32.3,-0.35,100,1365900,"S"
"HDC","13:43:07",32.3,-0.35,300,1365800,"B"
"HDC","13:43:03",32.3,-0.35,700,1365500,"S"
"HDC","13:42:42",32.3,-0.35,2900,1364800,"B"
"HDC","13:42:40",32.3,-0.35,300,1361900,"B"
"HDC","13:42:18",32.3,-0.35,500,1361600,"B"
"HDC","13:42:15",32.3,-0.35,500,1361100,"B"
"HDC","13:41:59",32.3,-0.35,1000,1360600,"B"
"HDC","13:41:53",32.3,-0.35,1400,1359600,"B"
"HDC","13:41:49",32.3,-0.35,2200,1358200,"B"
"HDC","13:41:45",32.3,-0.35,5800,1356000,"B"
"HDC","13:41:40",32.3,-0.35,5000,1350200,"B"
"HDC","13:41:39",32.3,-0.35,500,1345200,"B"
"HDC","13:41:16",32.35,-0.3,23800,1344700,"B"
"HDC","13:40:41",32.35,-0.3,200,1320900,"B"
"HDC","13:40:03",32.35,-0.3,500,1320700,"B"
"HDC","13:39:20",32.35,-0.3,1600,1320200,"B"
"HDC","13:39:11",32.35,-0.3,7000,1318600,"B"
"HDC","13:39:02",32.35,-0.3,500,1311600,"B"
"HDC","13:38:59",32.4,-0.25,1000,1311100,"S"
"HDC","13:38:39",32.35,-0.3,500,1310100,"B"
"HDC","13:38:24",32.35,-0.3,500,1309600,"B"
"HDC","13:38:11",32.4,-0.25,300,1309100,"S"
"HDC","13:37:59",32.4,-0.25,1000,1308800,"S"
"HDC","13:36:07",32.4,-0.25,100,1307800,"S"
"HDC","13:33:44",32.35,-0.3,2500,1307700,"S"
"HDC","13:33:35",32.35,-0.3,100,1305200,"S"
"HDC","13:33:17",32.35,-0.3,200,1305100,"S"
"HDC","13:32:41",32.35,-0.3,3400,1304900,"S"
"HDC","13:32:27",32.3,-0.35,1000,1301500,"B"
"HDC","13:32:22",32.35,-0.3,100,1300500,"S"
"HDC","13:32:09",32.35,-0.3,3700,1300400,"B"
"HDC","13:31:34",32.35,-0.3,400,1296700,"B"
"HDC","13:31:15",32.35,-0.3,500,1296300,"B"
"HDC","13:30:54",32.35,-0.3,1000,1295800,"B"
"HDC","13:28:45",32.35,-0.3,500,1294800,"B"
"HDC","13:28:17",32.35,-0.3,1000,1294300,"B"
"HDC","13:27:56",32.35,-0.3,200,1293300,"B"
"HDC","13:27:49",32.35,-0.3,2800,1293100,"B"
"HDC","13:27:08",32.35,-0.3,500,1290300,"B"
"HDC","13:26:02",32.3,-0.35,500,1289800,"B"
"HDC","13:26:02",32.35,-0.3,900,1289300,"B"
"HDC","13:25:44",32.35,-0.3,100,1288400,"B"
"HDC","13:25:35",32.35,-0.3,1000,1288300,"B"
"HDC","13:25:13",32.35,-0.3,300,1287300,"B"
"HDC","13:25:07",32.4,-0.25,100,1287000,"S"
"HDC","13:24:34",32.4,-0.25,500,1286900,"S"
"HDC","13:23:54",32.35,-0.3,4200,1286400,"S"
"HDC","13:23:53",32.35,-0.3,1000,1282200,"S"
"HDC","13:22:49",32.35,-0.3,1700,1281200,"B"
"HDC","13:22:37",32.35,-0.3,600,1279500,"B"
"HDC","13:22:30",32.35,-0.3,300,1278900,"B"
"HDC","13:21:59",32.35,-0.3,2000,1278600,"B"
"HDC","13:21:28",32.4,-0.25,8000,1276600,"S"
"HDC","13:21:23",32.35,-0.3,2000,1268600,"B"
"HDC","13:21:14",32.35,-0.3,8000,1266600,"B"
"HDC","13:21:01",32.35,-0.3,1100,1258600,"B"
"HDC","13:20:56",32.35,-0.3,1600,1257500,"B"
"HDC","13:20:49",32.35,-0.3,1000,1255900,"B"
"HDC","13:20:44",32.35,-0.3,1000,1254900,"B"
"HDC","13:20:40",32.35,-0.3,500,1253900,"B"
"HDC","13:20:37",32.35,-0.3,600,1253400,"B"
"HDC","13:20:19",32.35,-0.3,500,1252800,"B"
"HDC","13:19:51",32.35,-0.3,100,1252300,"B"
"HDC","13:19:27",32.4,-0.25,500,1252200,"S"
"HDC","13:19:02",32.4,-0.25,200,1251700,"S"
"HDC","13:17:58",32.4,-0.25,100,1251500,"S"
"HDC","13:17:48",32.4,-0.25,1000,1251400,"S"
"HDC","13:17:45",32.4,-0.25,300,1250400,"S"
"HDC","13:17:22",32.4,-0.25,500,1250100,"S"
"HDC","13:17:18",32.4,-0.25,2000,1249600,"S"
"HDC","13:17:15",32.4,-0.25,100,1247600,"S"
"HDC","13:17:14",32.4,-0.25,2100,1247500,"S"
"HDC","13:16:58",32.4,-0.25,1000,1245400,"S"
"HDC","13:16:56",32.4,-0.25,200,1244400,"S"
"HDC","13:16:54",32.4,-0.25,300,1244200,"S"
"HDC","13:16:45",32.4,-0.25,2000,1243900,"S"
"HDC","13:16:39",32.4,-0.25,100,1241900,"S"
"HDC","13:16:34",32.4,-0.25,200,1241800,"S"
"HDC","13:16:32",32.4,-0.25,500,1241600,"S"
"HDC","13:16:22",32.4,-0.25,1000,1241100,"S"
"HDC","13:16:11",32.4,-0.25,200,1240100,"S"
"HDC","13:16:06",32.4,-0.25,600,1239900,"S"
"HDC","13:15:58",32.4,-0.25,400,1239300,"S"
"HDC","13:15:34",32.4,-0.25,1000,1238900,"S"
"HDC","13:13:35",32.35,-0.3,100,1237900,"B"
"HDC","13:13:15",32.35,-0.3,1000,1237800,"B"
"HDC","13:12:35",32.35,-0.3,1100,1236800,"S"
"HDC","13:12:28",32.35,-0.3,300,1235700,"S"
"HDC","13:12:27",32.35,-0.3,500,1235400,"S"
"HDC","13:12:09",32.3,-0.35,500,1234900,"B"
"HDC","13:12:04",32.3,-0.35,300,1234400,"B"
"HDC","13:11:12",32.3,-0.35,1800,1234100,"S"
"HDC","13:11:01",32.3,-0.35,1000,1232300,"S"
"HDC","13:11:00",32.3,-0.35,2000,1231300,"S"
"HDC","13:10:53",32.3,-0.35,1000,1229300,"S"
"HDC","13:10:39",32.3,-0.35,2000,1228300,"S"
"HDC","13:10:36",32.3,-0.35,100,1226300,"S"
"HDC","13:10:16",32.3,-0.35,200,1226200,"S"
"HDC","13:10:12",32.3,-0.35,200,1226000,"S"
"HDC","13:10:01",32.3,-0.35,1000,1225800,"S"
"HDC","13:09:33",32.3,-0.35,3800,1224800,"B"
"HDC","13:09:09",32.3,-0.35,100,1221000,"B"
"HDC","13:08:48",32.3,-0.35,600,1220900,"S"
"HDC","13:08:39",32.3,-0.35,5500,1220300,"B"
"HDC","13:08:27",32.3,-0.35,600,1214800,"B"
"HDC","13:08:10",32.3,-0.35,1000,1214200,"B"
"HDC","13:07:47",32.35,-0.3,2200,1213200,"B"
"HDC","13:07:33",32.35,-0.3,2300,1211000,"B"
"HDC","13:06:20",32.35,-0.3,200,1208700,"B"
"HDC","13:06:10",32.35,-0.3,100,1208500,"B"
"HDC","13:05:24",32.4,-0.25,300,1208400,"S"
"HDC","13:04:47",32.4,-0.25,100,1208100,"S"
"HDC","13:04:21",32.35,-0.3,1000,1208000,"S"
"HDC","13:04:17",32.3,-0.35,500,1207000,"B"
"HDC","13:04:13",32.35,-0.3,100,1206500,"S"
"HDC","13:04:06",32.35,-0.3,100,1206400,"S"
"HDC","13:03:24",32.35,-0.3,100,1206300,"S"
"HDC","13:02:50",32.3,-0.35,300,1206200,"S"
"HDC","13:02:37",32.3,-0.35,2100,1205900,"B"
"HDC","13:01:08",32.3,-0.35,2000,1203800,"B"
"HDC","13:00:30",32.3,-0.35,1000,1201800,"B"
"HDC","13:00:25",32.4,-0.25,300,1200000,"S"
"HDC","13:00:22",32.35,-0.3,4000,1199700,"S"
"HDC","13:00:22",32.3,-0.35,200,1195700,"S"
"HDC","13:00:14",32.3,-0.35,100,1195500,"S"
"HDC","13:00:13",32.25,-0.4,2000,1195400,"B"
"HDC","13:00:13",32.3,-0.35,2700,1193400,"B"
"HDC","13:00:12",32.35,-0.3,100,1190700,"S"
"HDC","13:00:08",32.3,-0.35,1000,1190600,"B"
"HDC","13:00:07",32.3,-0.35,10000,1189600,"B"
"HDC","13:00:06",32.35,-0.3,700,1179600,"S"
"HDC","13:00:05",32.35,-0.3,300,1178900,"S"
"HDC","13:00:03",32.35,-0.3,1800,1178600,"B"
"HDC","13:00:03",32.35,-0.3,3900,1176800,"B"
"HDC","13:00:00",32.35,-0.3,200,1172900,"B"
"HDC","13:00:00",32.45,-0.2,200,1172700,"S"
"HDC","11:29:55",32.4,-0.25,2900,1172500,"S"
"HDC","11:29:47",32.4,-0.25,500,1169600,"S"
"HDC","11:29:45",32.4,-0.25,500,1169100,"S"
"HDC","11:29:25",32.4,-0.25,600,1168600,"S"
"HDC","11:29:05",32.4,-0.25,100,1168000,"S"
"HDC","11:29:00",32.4,-0.25,500,1167900,"S"
"HDC","11:28:43",32.4,-0.25,500,1167400,"S"
"HDC","11:28:27",32.4,-0.25,100,1166900,"S"
"HDC","11:27:42",32.4,-0.25,100,1166800,"S"
"HDC","11:27:39",32.4,-0.25,300,1166700,"S"
"HDC","11:27:32",32.4,-0.25,1600,1166400,"B"
"HDC","11:27:21",32.45,-0.2,200,1164800,"S"
"HDC","11:26:48",32.4,-0.25,400,1164600,"S"
"HDC","11:26:32",32.4,-0.25,5000,1164200,"S"
"HDC","11:26:18",32.35,-0.3,3000,1159200,"B"
"HDC","11:26:09",32.35,-0.3,1900,1156200,"S"
"HDC","11:26:07",32.35,-0.3,200,1154300,"S"
"HDC","11:26:05",32.35,-0.3,2000,1154100,"S"
"HDC","11:26:03",32.35,-0.3,200,1152100,"S"
"HDC","11:25:59",32.35,-0.3,1200,1151900,"S"
"HDC","11:25:55",32.35,-0.3,100,1150700,"S"
"HDC","11:25:46",32.35,-0.3,500,1150600,"S"
"HDC","11:24:24",32.3,-0.35,1000,1150100,"S"
"HDC","11:24:02",32.3,-0.35,500,1149100,"S"
"HDC","11:23:56",32.25,-0.4,100,1148600,"B"
"HDC","11:23:51",32.3,-0.35,1000,1148500,"S"
"HDC","11:23:41",32.3,-0.35,500,1147500,"B"
"HDC","11:23:13",32.25,-0.4,300,1147000,"B"
"HDC","11:23:13",32.3,-0.35,2700,1146700,"B"
"HDC","11:23:07",32.3,-0.35,9300,1144000,"S"
"HDC","11:23:01",32.3,-0.35,100,1134700,"S"
"HDC","11:22:54",32.3,-0.35,1000,1134600,"S"
"HDC","11:22:52",32.3,-0.35,300,1133600,"S"
"HDC","11:22:44",32.3,-0.35,200,1133300,"S"
"HDC","11:22:43",32.3,-0.35,1000,1133100,"S"
"HDC","11:22:42",32.3,-0.35,600,1132100,"S"
"HDC","11:22:36",32.3,-0.35,200,1131500,"S"
"HDC","11:22:27",32.3,-0.35,1200,1131300,"S"
"HDC","11:22:00",32.3,-0.35,1600,1130100,"S"
"HDC","11:22:00",32.25,-0.4,400,1128500,"S"
"HDC","11:21:59",32.25,-0.4,800,1128100,"S"
"HDC","11:21:52",32.25,-0.4,2800,1127300,"B"
"HDC","11:21:42",32.25,-0.4,1000,1124500,"B"
"HDC","11:21:37",32.3,-0.35,500,1123500,"S"
"HDC","11:19:54",32.3,-0.35,3000,1122000,"S"
"HDC","11:19:29",32.2,-0.45,6700,1119000,"B"
"HDC","11:19:29",32.25,-0.4,3300,1112300,"B"
"HDC","11:19:02",32.25,-0.4,1800,1109000,"S"
"HDC","11:18:58",32.25,-0.4,100,1107200,"S"
"HDC","11:18:51",32.25,-0.4,100,1107100,"S"
"HDC","11:18:43",32.25,-0.4,1000,1107000,"S"
"HDC","11:18:41",32.25,-0.4,500,1106000,"S"
"HDC","11:18:32",32.25,-0.4,500,1105500,"S"
"HDC","11:18:30",32.25,-0.4,500,1105000,"S"
"HDC","11:18:14",32.25,-0.4,500,1104500,"S"
"HDC","11:17:58",32.3,-0.35,2100,1104000,"S"
"HDC","11:17:58",32.25,-0.4,800,1101900,"S"
"HDC","11:17:58",32.2,-0.45,7100,1101100,"S"
"HDC","11:17:57",32.2,-0.45,100,1094000,"S"
"HDC","11:17:50",32.2,-0.45,200,1093900,"S"
"HDC","11:17:47",32.2,-0.45,300,1093700,"S"
"HDC","11:17:45",32.2,-0.45,200,1093400,"S"
"HDC","11:17:42",32.2,-0.45,100,1093200,"S"
"HDC","11:17:35",32.2,-0.45,1000,1093100,"S"
"HDC","11:17:26",32.2,-0.45,600,1092100,"S"
"HDC","11:17:24",32.2,-0.45,100,1091500,"S"
"HDC","11:17:13",32.2,-0.45,100,1091400,"S"
"HDC","11:16:54",32.15,-0.5,1000,1091300,"B"
"HDC","11:16:53",32.15,-0.5,100,1090300,"B"
"HDC","11:16:46",32.15,-0.5,400,1090200,"B"
"HDC","11:16:44",32.15,-0.5,1500,1089800,"B"
"HDC","11:16:43",32.2,-0.45,1000,1088300,"S"
"HDC","11:16:40",32.2,-0.45,500,1087300,"S"
"HDC","11:16:26",32.15,-0.5,2000,1086800,"B"
"HDC","11:16:15",32.2,-0.45,50500,1084800,"B"
"HDC","11:16:04",32.25,-0.4,500,1034300,"B"
"HDC","11:16:04",32.25,-0.4,200,1033800,"B"
"HDC","11:15:54",32.25,-0.4,900,1033600,"S"
"HDC","11:15:50",32.25,-0.4,900,1032700,"B"
"HDC","11:15:43",32.25,-0.4,2200,1031800,"B"
"HDC","11:15:41",32.25,-0.4,5000,1029600,"B"
"HDC","11:15:33",32.25,-0.4,2000,1024600,"B"
"HDC","11:15:29",32.25,-0.4,2000,1022600,"B"
"HDC","11:15:25",32.25,-0.4,1100,1020600,"B"
"HDC","11:15:07",32.3,-0.35,1000,1019500,"S"
"HDC","11:14:08",32.3,-0.35,1000,1018500,"S"
"HDC","11:13:59",32.25,-0.4,4000,1017500,"B"
"HDC","11:13:35",32.3,-0.35,1000,1013500,"S"
"HDC","11:13:22",32.25,-0.4,300,1012500,"B"
"HDC","11:13:21",32.3,-0.35,1000,1012200,"S"
"HDC","11:13:10",32.3,-0.35,1100,1011200,"S"
"HDC","11:13:08",32.3,-0.35,100,1010100,"S"
"HDC","11:13:07",32.25,-0.4,5000,1010000,"B"
"HDC","11:12:54",32.25,-0.4,3000,1005000,"B"
"HDC","11:12:51",32.25,-0.4,1000,1002000,"B"
"HDC","11:12:25",32.25,-0.4,1000,1001000,"B"
"HDC","11:12:17",32.25,-0.4,2000,1000000,"B"
"HDC","11:12:10",32.3,-0.35,1800,998000,"B"
"HDC","11:12:05",32.3,-0.35,6300,996200,"B"
"HDC","11:12:03",32.3,-0.35,2600,989900,"B"
"HDC","11:11:59",32.3,-0.35,6000,987300,"B"
"HDC","11:11:59",32.3,-0.35,300,981300,"B"
"HDC","11:11:48",32.3,-0.35,1000,981000,"B"
"HDC","11:11:41",32.3,-0.35,1000,980000,"B"
"HDC","11:11:37",32.3,-0.35,100,979000,"B"
"HDC","11:11:23",32.3,-0.35,15000,978900,"B"
"HDC","11:11:19",32.3,-0.35,3000,963900,"B"
"HDC","11:11:04",32.3,-0.35,2500,960900,"B"
"HDC","11:10:47",32.35,-0.3,100,958400,"B"
"HDC","11:10:23",32.35,-0.3,100,958300,"S"
"HDC","11:10:15",32.35,-0.3,2000,958200,"S"
"HDC","11:10:07",32.35,-0.3,1400,956200,"B"
"HDC","11:09:50",32.35,-0.3,4000,954800,"B"
"HDC","11:08:47",32.4,-0.25,3100,950800,"S"
"HDC","11:08:30",32.4,-0.25,2000,947700,"S"
"HDC","11:08:14",32.35,-0.3,1000,945700,"B"
"HDC","11:08:07",32.4,-0.25,2000,944700,"S"
"HDC","11:07:43",32.4,-0.25,100,942700,"S"
"HDC","11:07:34",32.4,-0.25,2000,942600,"S"
"HDC","11:07:19",32.4,-0.25,100,940600,"S"
"HDC","11:07:17",32.4,-0.25,200,940500,"S"
"HDC","11:07:13",32.4,-0.25,100,940300,"S"
"HDC","11:06:46",32.4,-0.25,1000,940200,"S"
"HDC","11:06:19",32.4,-0.25,2000,939200,"S"
"HDC","11:06:18",32.35,-0.3,10000,937200,"B"
"HDC","11:05:58",32.4,-0.25,2600,927200,"S"
"HDC","11:05:47",32.4,-0.25,6600,924600,"B"
"HDC","11:05:47",32.45,-0.2,600,918000,"B"
"HDC","11:05:45",32.45,-0.2,1100,917400,"B"
"HDC","11:05:36",32.5,-0.15,200,916300,"S"
"HDC","11:04:49",32.5,-0.15,400,916100,"S"
"HDC","11:04:48",32.5,-0.15,1000,915700,"S"
"HDC","11:04:42",32.5,-0.15,2000,914700,"S"
"HDC","11:04:39",32.5,-0.15,1000,912700,"S"
"HDC","11:04:32",32.5,-0.15,200,911700,"S"
"HDC","11:03:58",32.5,-0.15,5800,911500,"S"
"HDC","11:03:50",32.45,-0.2,100,905700,"S"
"HDC","11:03:45",32.4,-0.25,1000,905600,"B"
"HDC","11:03:35",32.4,-0.25,4000,904600,"B"
"HDC","11:03:35",32.45,-0.2,6000,900600,"B"
"HDC","11:03:27",32.45,-0.2,10000,894600,"B"
"HDC","11:02:41",32.45,-0.2,10000,884600,"S"
"HDC","11:02:25",32.4,-0.25,100,874600,"B"
"HDC","11:02:13",32.4,-0.25,100,874500,"B"
"HDC","11:02:07",32.4,-0.25,1600,874400,"S"
"HDC","11:01:59",32.4,-0.25,400,872800,"S"
"HDC","11:01:57",32.4,-0.25,6000,872400,"S"
"HDC","11:01:53",32.4,-0.25,500,866400,"S"
"HDC","11:01:12",32.3,-0.35,500,865900,"B"
"HDC","11:01:06",32.4,-0.25,1200,865400,"S"
"HDC","11:00:47",32.3,-0.35,100,864200,"B"
"HDC","11:00:37",32.4,-0.25,2000,864100,"S"
"HDC","11:00:26",32.4,-0.25,2700,862100,"S"
"HDC","11:00:26",32.35,-0.3,2400,859400,"S"
"HDC","11:00:26",32.3,-0.35,3900,857000,"S"
"HDC","11:00:17",32.25,-0.4,4000,853100,"B"
"HDC","11:00:09",32.25,-0.4,800,849100,"B"
"HDC","11:00:08",32.3,-0.35,2000,848300,"S"
"HDC","10:59:47",32.25,-0.4,600,846300,"S"
"HDC","10:59:45",32.25,-0.4,200,845700,"S"
"HDC","10:59:45",32.25,-0.4,500,845500,"S"
"HDC","10:59:44",32.25,-0.4,100,845000,"S"
"HDC","10:59:39",32.25,-0.4,100,844900,"S"
"HDC","10:59:34",32.25,-0.4,100,844800,"S"
"HDC","10:59:32",32.25,-0.4,100,844700,"S"
"HDC","10:59:16",32.2,-0.45,200,844600,"S"
"HDC","10:59:14",32.2,-0.45,500,844400,"S"
"HDC","10:59:13",32.2,-0.45,100,843900,"S"
"HDC","10:59:11",32.2,-0.45,4200,843800,"B"
"HDC","10:59:11",32.25,-0.4,100,839600,"S"
"HDC","10:59:08",32.25,-0.4,500,839500,"S"
"HDC","10:59:06",32.25,-0.4,500,839000,"S"
"HDC","10:59:05",32.2,-0.45,400,838500,"B"
"HDC","10:58:58",32.25,-0.4,200,838100,"S"
"HDC","10:58:54",32.2,-0.45,1400,837900,"B"
"HDC","10:58:46",32.25,-0.4,1000,836500,"S"
"HDC","10:58:42",32.2,-0.45,200,835500,"S"
"HDC","10:58:38",32.2,-0.45,100,835300,"S"
"HDC","10:58:33",32.2,-0.45,1200,835200,"B"
"HDC","10:58:27",32.2,-0.45,300,834000,"B"
"HDC","10:58:17",32.15,-0.5,100,833700,"B"
"HDC","10:58:16",32.2,-0.45,1000,833600,"S"
"HDC","10:58:14",32.2,-0.45,3000,832600,"B"
"HDC","10:58:13",32.2,-0.45,1000,829600,"B"
"HDC","10:57:53",32.2,-0.45,8300,828600,"B"
"HDC","10:57:53",32.25,-0.4,1700,820300,"B"
"HDC","10:57:35",32.2,-0.45,2100,818600,"B"
"HDC","10:57:35",32.25,-0.4,5900,816500,"B"
"HDC","10:57:17",32.25,-0.4,500,810600,"S"
"HDC","10:57:15",32.25,-0.4,700,810100,"B"
"HDC","10:57:15",32.3,-0.35,500,809400,"S"
"HDC","10:57:04",32.3,-0.35,9100,808900,"B"
"HDC","10:57:02",32.3,-0.35,10000,799800,"B"
"HDC","10:57:01",32.3,-0.35,3000,789800,"B"
"HDC","10:57:01",32.3,-0.35,4000,786800,"B"
"HDC","10:56:59",32.3,-0.35,3000,782800,"B"
"HDC","10:56:44",32.3,-0.35,2700,779800,"B"
"HDC","10:56:42",32.35,-0.3,1000,777100,"S"
"HDC","10:56:37",32.3,-0.35,1000,776100,"B"
"HDC","10:56:32",32.35,-0.3,1000,775100,"S"
"HDC","10:56:21",32.35,-0.3,1000,774100,"B"
"HDC","10:56:19",32.35,-0.3,1000,773100,"B"
"HDC","10:56:18",32.4,-0.25,200,772100,"S"
"HDC","10:56:16",32.4,-0.25,100,771900,"S"
"HDC","10:56:04",32.35,-0.3,1000,771800,"B"
"HDC","10:55:58",32.4,-0.25,1400,770800,"B"
"HDC","10:55:57",32.4,-0.25,8400,769400,"B"
"HDC","10:55:50",32.45,-0.2,500,761000,"S"
"HDC","10:55:50",32.4,-0.25,5000,760500,"B"
"HDC","10:55:36",32.45,-0.2,600,755500,"S"
"HDC","10:55:32",32.45,-0.2,6800,754900,"B"
"HDC","10:55:31",32.45,-0.2,1100,748100,"B"
"HDC","10:55:24",32.45,-0.2,800,747000,"B"
"HDC","10:55:20",32.5,-0.15,300,746200,"S"
"HDC","10:55:08",32.5,-0.15,8400,745900,"B"
"HDC","10:55:07",32.5,-0.15,10000,737500,"B"
"HDC","10:55:04",32.5,-0.15,100,727500,"B"
"HDC","10:54:59",32.5,-0.15,800,727400,"B"
"HDC","10:54:54",32.5,-0.15,12900,726600,"B"
"HDC","10:54:44",32.55,-0.1,4200,713700,"B"
"HDC","10:54:43",32.55,-0.1,4500,709500,"B"
"HDC","10:54:41",32.55,-0.1,3000,705000,"B"
"HDC","10:54:39",32.55,-0.1,16000,702000,"B"
"HDC","10:54:35",32.55,-0.1,600,686000,"B"
"HDC","10:54:33",32.55,-0.1,200,685400,"B"
"HDC","10:54:28",32.55,-0.1,9900,685200,"B"
"HDC","10:54:26",32.55,-0.1,5600,675300,"B"
"HDC","10:53:34",32.6,-0.05,1700,669700,"B"
"HDC","10:53:33",32.6,-0.05,200,668000,"B"
"HDC","10:53:21",32.6,-0.05,5000,667800,"B"
"HDC","10:53:11",32.6,-0.05,300,662800,"B"
"HDC","10:52:51",32.6,-0.05,1800,662500,"B"
"HDC","10:52:16",32.6,-0.05,1000,660700,"B"
"HDC","10:50:50",32.6,-0.05,500,659700,"B"
"HDC","10:50:42",32.65,0,500,659200,"S"
"HDC","10:48:19",32.65,0,200,658700,"S"
"HDC","10:48:16",32.65,0,1000,658500,"S"
"HDC","10:46:18",32.6,-0.05,100,657500,"B"
"HDC","10:45:52",32.65,0,100,657400,"S"
"HDC","10:43:05",32.65,0,2900,657300,"B"
"HDC","10:43:03",32.65,0,2000,654400,"B"
"HDC","10:42:54",32.65,0,6100,652400,"B"
"HDC","10:42:31",32.65,0,500,646300,"B"
"HDC","10:42:13",32.65,0,10000,645800,"B"
"HDC","10:42:08",32.65,0,200,635800,"B"
"HDC","10:42:01",32.65,0,1000,635600,"B"
"HDC","10:41:48",32.65,0,24200,634600,"S"
"HDC","10:41:38",32.65,0,1200,607300,"S"
"HDC","10:41:38",32.6,-0.05,13800,606100,"S"
"HDC","10:41:04",32.55,-0.1,1300,592300,"S"
"HDC","10:41:02",32.55,-0.1,600,591000,"S"
"HDC","10:40:48",32.55,-0.1,1000,590400,"S"
"HDC","10:40:36",32.55,-0.1,100,589400,"S"
"HDC","10:40:20",32.55,-0.1,1000,589300,"S"
"HDC","10:40:05",32.55,-0.1,100,588300,"S"
"HDC","10:40:04",32.55,-0.1,500,588200,"S"
"HDC","10:39:56",32.55,-0.1,3000,587700,"S"
"HDC","10:39:49",32.55,-0.1,2000,584700,"S"
"HDC","10:39:48",32.55,-0.1,500,582700,"S"
"HDC","10:39:14",32.55,-0.1,5000,582200,"B"
"HDC","10:38:21",32.6,-0.05,300,577200,"S"
"HDC","10:38:10",32.55,-0.1,1400,576900,"S"
"HDC","10:38:06",32.55,-0.1,100,575500,"S"
"HDC","10:38:03",32.55,-0.1,300,575400,"S"
"HDC","10:38:01",32.55,-0.1,100,575100,"S"
"HDC","10:37:58",32.55,-0.1,4200,575000,"B"
"HDC","10:37:45",32.55,-0.1,48100,570800,"B"
"HDC","10:37:45",32.55,-0.1,18600,522700,"B"
"HDC","10:37:19",32.6,-0.05,1100,504100,"S"
"HDC","10:37:16",32.6,-0.05,32200,503000,"B"
"HDC","10:37:09",32.6,-0.05,300,470800,"B"
"HDC","10:36:44",32.6,-0.05,3500,470500,"B"
"HDC","10:36:42",32.6,-0.05,100,467000,"B"
"HDC","10:36:15",32.6,-0.05,100,466900,"B"
"HDC","10:35:11",32.65,0,100,466800,"S"
"HDC","10:35:10",32.65,0,10500,466700,"B"
"HDC","10:35:06",32.65,0,3200,456200,"S"
"HDC","10:34:52",32.65,0,2800,453000,"B"
"HDC","10:34:45",32.65,0,10000,450200,"B"
"HDC","10:34:04",32.65,0,8200,440200,"S"
"HDC","10:33:49",32.65,0,200,432000,"S"
"HDC","10:33:40",32.65,0,100,431800,"S"
"HDC","10:33:29",32.65,0,300,431700,"S"
"HDC","10:33:16",32.65,0,500,431400,"S"
"HDC","10:32:58",32.65,0,500,430900,"S"
"HDC","10:32:12",32.65,0,200,430400,"S"
"HDC","10:31:39",32.6,-0.05,2300,430200,"B"
"HDC","10:31:27",32.65,0,2000,427900,"B"
"HDC","10:29:37",32.6,-0.05,7600,425900,"B"
"HDC","10:29:37",32.65,0,2400,418300,"B"
"HDC","10:29:09",32.65,0,1000,415900,"S"
"HDC","10:28:48",32.65,0,300,414900,"S"
"HDC","10:28:34",32.65,0,1000,414600,"S"
"HDC","10:28:23",32.65,0,100,413600,"S"
"HDC","10:28:06",32.6,-0.05,600,413500,"B"
"HDC","10:28:02",32.65,0,500,412900,"S"
"HDC","10:27:57",32.65,0,100,412400,"S"
"HDC","10:27:55",32.65,0,100,412300,"S"
"HDC","10:27:44",32.65,0,200,412200,"S"
"HDC","10:27:22",32.6,-0.05,100,412000,"B"
"HDC","10:26:50",32.55,-0.1,200,411900,"B"
"HDC","10:26:50",32.6,-0.05,100,411700,"B"
"HDC","10:26:24",32.55,-0.1,300,411600,"B"
"HDC","10:26:00",32.55,-0.1,4100,411300,"B"
"HDC","10:26:00",32.65,0,5900,407200,"B"
"HDC","10:25:38",32.6,-0.05,6200,401300,"S"
"HDC","10:25:37",32.6,-0.05,2900,395100,"B"
"HDC","10:25:37",32.6,-0.05,37900,392200,"B"
"HDC","10:25:37",32.65,0,3000,354300,"B"
"HDC","10:25:05",32.65,0,100,351300,"S"
"HDC","10:25:03",32.65,0,1000,351200,"S"
"HDC","10:25:00",32.65,0,100,350200,"S"
"HDC","10:24:43",32.65,0,4000,350100,"S"
"HDC","10:24:42",32.65,0,3000,346100,"S"
"HDC","10:24:37",32.65,0,100,343100,"S"
"HDC","10:24:31",32.65,0,2300,343000,"S"
"HDC","10:24:28",32.65,0,3800,340700,"S"
"HDC","10:24:26",32.65,0,500,336900,"S"
"HDC","10:24:22",32.65,0,2000,336400,"S"
"HDC","10:24:16",32.65,0,300,334400,"S"
"HDC","10:23:48",32.65,0,1000,334100,"S"
"HDC","10:23:43",32.65,0,100,333100,"S"
"HDC","10:23:32",32.65,0,300,333000,"S"
"HDC","10:23:10",32.65,0,500,332700,"S"
"HDC","10:23:04",32.65,0,200,332200,"S"
"HDC","10:23:00",32.65,0,2700,332000,"S"
"HDC","10:22:55",32.65,0,16000,329300,"B"
"HDC","10:21:28",32.65,0,9400,313300,"S"
"HDC","10:21:17",32.65,0,2600,303900,"B"
"HDC","10:21:11",32.65,0,10000,301300,"B"
"HDC","10:20:47",32.7,0.05,100,291300,"S"
"HDC","10:20:11",32.65,0,600,291200,"B"
"HDC","10:19:30",32.65,0,30600,290600,"B"
"HDC","10:18:54",32.7,0.05,1000,255100,"B"
"HDC","10:18:44",32.7,0.05,2200,254100,"S"
"HDC","10:18:31",32.7,0.05,1000,251900,"S"
"HDC","10:18:07",32.7,0.05,100,250900,"S"
"HDC","10:17:40",32.7,0.05,500,250800,"S"
"HDC","10:17:28",32.7,0.05,200,250300,"S"
"HDC","10:17:17",32.7,0.05,400,250100,"S"
"HDC","10:17:01",32.7,0.05,300,249700,"S"
"HDC","10:16:16",32.7,0.05,900,249400,"S"
"HDC","10:15:44",32.7,0.05,4600,248500,"B"
"HDC","10:14:35",32.7,0.05,100,243900,"B"
"HDC","10:14:34",32.7,0.05,40000,243800,"B"
"HDC","10:13:15",32.75,0.1,400,203800,"S"
"HDC","10:12:49",32.75,0.1,300,203400,"S"
"HDC","10:12:43",32.75,0.1,400,203100,"B"
"HDC","10:12:19",32.75,0.1,600,202700,"B"
"HDC","10:12:12",32.75,0.1,1400,202100,"B"
"HDC","10:12:06",32.75,0.1,500,200700,"B"
"HDC","10:12:00",32.75,0.1,10000,200200,"B"
"HDC","10:11:49",32.75,0.1,200,190200,"B"
"HDC","10:10:22",32.75,0.1,3000,190000,"B"
"HDC","10:09:53",32.75,0.1,1000,187000,"B"
"HDC","10:09:46",32.75,0.1,400,186000,"B"
"HDC","10:09:35",32.75,0.1,100,185600,"B"
"HDC","10:08:54",32.75,0.1,20000,185500,"B"
"HDC","10:06:36",32.75,0.1,900,165500,"B"
"HDC","10:05:31",32.8,0.15,1000,164600,"S"
"HDC","10:03:09",32.8,0.15,2800,163600,"B"
"HDC","10:03:04",32.8,0.15,2000,160800,"B"
"HDC","10:02:46",32.8,0.15,1700,158800,"B"
"HDC","10:02:38",32.8,0.15,1000,157100,"B"
"HDC","10:01:55",32.8,0.15,2500,156100,"S"
"HDC","10:00:25",32.8,0.15,2500,153600,"S"
"HDC","09:59:58",32.8,0.15,200,151100,"S"
"HDC","09:59:47",32.8,0.15,100,150900,"S"
"HDC","09:59:26",32.8,0.15,1000,150800,"S"
"HDC","09:58:34",32.8,0.15,200,149800,"S"
"HDC","09:58:02",32.8,0.15,700,149600,"S"
"HDC","09:57:59",32.8,0.15,300,148900,"S"
"HDC","09:57:52",32.8,0.15,500,148600,"S"
"HDC","09:57:20",32.8,0.15,10000,148100,"S"
"HDC","09:56:50",32.8,0.15,200,138100,"S"
"HDC","09:56:24",32.75,0.1,5000,137900,"B"
"HDC","09:55:59",32.75,0.1,500,132900,"B"
"HDC","09:55:16",32.8,0.15,100,132400,"S"
"HDC","09:55:01",32.8,0.15,200,132300,"S"
"HDC","09:54:34",32.8,0.15,7300,132100,"B"
"HDC","09:54:07",32.8,0.15,2000,124800,"B"
"HDC","09:53:30",32.8,0.15,26700,122800,"S"
"HDC","09:53:16",32.75,0.1,400,96100,"B"
"HDC","09:52:56",32.75,0.1,6100,95700,"S"
"HDC","09:52:16",32.7,0.05,500,89600,"B"
"HDC","09:52:02",32.75,0.1,700,89100,"S"
"HDC","09:51:58",32.75,0.1,200,88400,"S"
"HDC","09:51:55",32.75,0.1,100,88200,"S"
"HDC","09:51:51",32.75,0.1,1800,88100,"S"
"HDC","09:51:45",32.75,0.1,300,86300,"S"
"HDC","09:51:37",32.75,0.1,100,86000,"S"
"HDC","09:51:34",32.75,0.1,100,85900,"S"
"HDC","09:51:26",32.75,0.1,100,85800,"S"
"HDC","09:51:05",32.75,0.1,200,85700,"S"
"HDC","09:51:04",32.75,0.1,500,85500,"S"
"HDC","09:50:55",32.75,0.1,100,85000,"S"
"HDC","09:50:49",32.75,0.1,500,84900,"S"
"HDC","09:50:25",32.75,0.1,100,84400,"B"
"HDC","09:49:26",32.75,0.1,2000,84300,"B"
"HDC","09:49:06",32.75,0.1,200,82300,"B"
"HDC","09:48:50",32.75,0.1,1000,82100,"B"
"HDC","09:48:20",32.75,0.1,500,81100,"B"
"HDC","09:47:58",32.75,0.1,500,80600,"B"
"HDC","09:46:32",32.7,0.05,700,80100,"B"
"HDC","09:46:17",32.7,0.05,200,79400,"B"
"HDC","09:45:24",32.7,0.05,800,79200,"B"
"HDC","09:45:19",32.7,0.05,500,78400,"B"
"HDC","09:45:03",32.7,0.05,4500,77900,"S"
"HDC","09:44:56",32.7,0.05,100,73400,"S"
"HDC","09:44:50",32.7,0.05,5000,73300,"S"
"HDC","09:44:41",32.65,0,200,68300,"B"
"HDC","09:44:30",32.65,0,200,68100,"B"
"HDC","09:44:19",32.7,0.05,2600,67900,"S"
"HDC","09:44:00",32.65,0,500,65300,"B"
"HDC","09:43:16",32.65,0,2100,64800,"B"
"HDC","09:43:13",32.7,0.05,1000,62700,"S"
"HDC","09:43:00",32.7,0.05,200,61700,"S"
"HDC","09:42:36",32.7,0.05,100,61500,"S"
"HDC","09:41:32",32.7,0.05,3000,61400,"S"
"HDC","09:41:05",32.7,0.05,500,58400,"S"
"HDC","09:40:32",32.7,0.05,1000,57900,"S"
"HDC","09:40:13",32.7,0.05,1000,56900,"S"
"HDC","09:38:54",32.65,0,7000,55900,"B"
"HDC","09:38:04",32.7,0.05,7100,48900,"B"
"HDC","09:37:39",32.75,0.1,3000,41800,"B"
"HDC","09:37:15",32.75,0.1,200,38800,"B"
"HDC","09:37:07",32.8,0.15,400,38600,"S"
"HDC","09:35:58",32.75,0.1,300,38200,"S"
"HDC","09:35:21",32.7,0.05,100,37900,"B"
"HDC","09:35:17",32.75,0.1,700,37800,"B"
"HDC","09:35:01",32.75,0.1,1400,37100,"S"
"HDC","09:34:23",32.7,0.05,500,35700,"B"
"HDC","09:33:59",32.7,0.05,1000,35200,"B"
"HDC","09:33:52",32.7,0.05,700,34200,"B"
"HDC","09:32:28",32.7,0.05,1000,33500,"B"
"HDC","09:30:17",32.7,0.05,300,32500,"B"
"HDC","09:29:32",32.7,0.05,200,32200,"B"
"HDC","09:28:15",32.7,0.05,100,32000,"B"
"HDC","09:25:14",32.7,0.05,100,31900,"B"
"HDC","09:24:32",32.7,0.05,1500,31800,"B"
"HDC","09:24:24",32.8,0.15,300,30300,"S"
"HDC","09:23:23",32.7,0.05,700,30000,"B"
"HDC","09:23:23",32.75,0.1,900,29300,"B"
"HDC","09:23:13",32.8,0.15,800,28400,"S"
"HDC","09:22:30",32.8,0.15,100,27600,"B"
"HDC","09:22:28",32.8,0.15,100,27500,"B"
"HDC","09:22:27",32.8,0.15,500,27400,"B"
"HDC","09:22:01",32.8,0.15,1700,26900,"S"
"HDC","09:20:56",32.75,0.1,200,25200,"B"
"HDC","09:20:55",32.8,0.15,100,25000,"B"
"HDC","09:20:48",32.8,0.15,400,24900,"S"
"HDC","09:20:47",32.8,0.15,100,24500,"S"
"HDC","09:20:38",32.8,0.15,100,24400,"S"
"HDC","09:20:36",32.8,0.15,500,24300,"S"
"HDC","09:19:57",32.8,0.15,500,23800,"S"
"HDC","09:19:48",32.75,0.1,100,23300,"B"
"HDC","09:19:43",32.8,0.15,1000,23200,"S"
"HDC","09:19:41",32.8,0.15,100,22200,"S"
"HDC","09:19:24",32.8,0.15,1300,22100,"S"
"HDC","09:19:19",32.8,0.15,300,20800,"B"
"HDC","09:19:15",32.85,0.2,100,20500,"S"
"HDC","09:18:39",32.85,0.2,300,20400,"S"
"HDC","09:18:12",32.85,0.2,6000,20100,"B"
"HDC","09:18:07",32.85,0.2,500,14100,"B"
"HDC","09:17:06",32.85,0.2,2000,13600,"S"
"HDC","09:17:01",32.85,0.2,1000,11600,"S"
"HDC","09:16:40",32.85,0.2,2000,10600,"S"
"HDC","09:15:55",32.9,0.25,200,8600,"S"
"HDC","09:15:00",32.95,0.3,8400,8400,
