"symbol","time","price","change","vol","total","side"
"MWG","14:45:00",42.45,-0.35,331000,7140400,
"MWG","14:29:59",42.3,-0.5,1000,6809400,"S"
"MWG","14:29:55",42.3,-0.5,200,6808400,"S"
"MWG","14:29:51",42.25,-0.55,400,6808200,"B"
"MWG","14:29:43",42.3,-0.5,1000,6807800,"S"
"MWG","14:29:42",42.3,-0.5,800,6806800,"S"
"MWG","14:29:39",42.25,-0.55,6400,6806000,"B"
"MWG","14:29:32",42.25,-0.55,800,6799600,"B"
"MWG","14:29:26",42.3,-0.5,600,6798800,"S"
"MWG","14:29:22",42.3,-0.5,2500,6798200,"B"
"MWG","14:29:18",42.35,-0.45,500,6795700,"S"
"MWG","14:29:06",42.25,-0.55,8800,6795200,"B"
"MWG","14:29:06",42.3,-0.5,11200,6786400,"B"
"MWG","14:28:52",42.35,-0.45,100,6775200,"S"
"MWG","14:28:45",42.3,-0.5,29800,6775100,"B"
"MWG","14:28:45",42.35,-0.45,200,6745300,"B"
"MWG","14:28:44",42.3,-0.5,400,6745100,"B"
"MWG","14:28:15",42.3,-0.5,500,6744600,"B"
"MWG","14:28:15",42.35,-0.45,300,6744100,"B"
"MWG","14:28:09",42.35,-0.45,300,6743800,"B"
"MWG","14:28:08",42.35,-0.45,1000,6743500,"S"
"MWG","14:28:08",42.3,-0.5,100,6742500,"S"
"MWG","14:28:05",42.3,-0.5,200,6742400,"S"
"MWG","14:27:52",42.25,-0.55,200,6742200,"B"
"MWG","14:27:51",42.3,-0.5,700,6742000,"S"
"MWG","14:27:48",42.35,-0.45,400,6741300,"B"
"MWG","14:27:47",42.35,-0.45,100,6740900,"B"
"MWG","14:27:46",42.35,-0.45,400,6740800,"B"
"MWG","14:27:38",42.35,-0.45,100,6740400,"S"
"MWG","14:27:25",42.35,-0.45,400,6740300,"S"
"MWG","14:27:25",42.25,-0.55,7600,6739900,"S"
"MWG","14:27:21",42.25,-0.55,2400,6732300,"B"
"MWG","14:27:20",42.4,-0.4,1100,6729900,"S"
"MWG","14:27:20",42.35,-0.45,900,6728800,"S"
"MWG","14:27:17",42.25,-0.55,100,6727900,"B"
"MWG","14:27:14",42.2,-0.6,25200,6727800,"B"
"MWG","14:27:14",42.25,-0.55,4600,6702600,"B"
"MWG","14:27:12",42.4,-0.4,7000,6697800,"S"
"MWG","14:27:09",42.4,-0.4,50000,6690800,"S"
"MWG","14:27:07",42.25,-0.55,4700,6640800,"B"
"MWG","14:27:02",42.4,-0.4,7300,6636100,"S"
"MWG","14:27:02",42.35,-0.45,700,6628800,"S"
"MWG","14:27:00",42.25,-0.55,5000,6628100,"B"
"MWG","14:26:57",42.4,-0.4,8000,6623100,"S"
"MWG","14:26:54",42.4,-0.4,14000,6615100,"S"
"MWG","14:26:50",42.4,-0.4,21300,6601100,"S"
"MWG","14:26:50",42.35,-0.45,8700,6579800,"S"
"MWG","14:26:43",42.25,-0.55,1200,6571100,"B"
"MWG","14:26:38",42.35,-0.45,2000,6569900,"S"
"MWG","14:26:35",42.25,-0.55,10000,6567900,"B"
"MWG","14:26:33",42.35,-0.45,3500,6557900,"S"
"MWG","14:26:31",42.35,-0.45,2800,6554400,"S"
"MWG","14:26:31",42.3,-0.5,700,6551600,"S"
"MWG","14:26:24",42.35,-0.45,2100,6550900,"S"
"MWG","14:26:20",42.3,-0.5,4000,6546900,"S"
"MWG","14:26:17",42.3,-0.5,100,6542900,"S"
"MWG","14:26:10",42.25,-0.55,2000,6542800,"B"
"MWG","14:26:06",42.25,-0.55,100,6540800,"B"
"MWG","14:26:04",42.25,-0.55,100,6540700,"B"
"MWG","14:26:01",42.25,-0.55,21000,6540600,"B"
"MWG","14:26:00",42.25,-0.55,1000,6519600,"B"
"MWG","14:26:00",42.3,-0.5,200,6518600,"S"
"MWG","14:25:56",42.25,-0.55,15000,6518400,"B"
"MWG","14:25:55",42.35,-0.45,5900,6503400,"S"
"MWG","14:25:55",42.3,-0.5,44100,6497500,"S"
"MWG","14:25:54",42.25,-0.55,4200,6453400,"B"
"MWG","14:25:54",42.25,-0.55,3000,6449200,"B"
"MWG","14:25:52",42.25,-0.55,7900,6445300,"B"
"MWG","14:25:49",42.25,-0.55,1000,6437400,"B"
"MWG","14:25:48",42.3,-0.5,100,6436400,"S"
"MWG","14:25:47",42.25,-0.55,900,6436300,"B"
"MWG","14:25:46",42.3,-0.5,1000,6435400,"S"
"MWG","14:25:44",42.25,-0.55,4000,6434400,"B"
"MWG","14:25:39",42.25,-0.55,100,6430400,"B"
"MWG","14:25:36",42.3,-0.5,1000,6430300,"S"
"MWG","14:25:35",42.3,-0.5,1000,6429300,"S"
"MWG","14:25:31",42.25,-0.55,5500,6428300,"B"
"MWG","14:25:25",42.3,-0.5,2000,6422800,"B"
"MWG","14:25:22",42.3,-0.5,50000,6420800,"B"
"MWG","14:25:19",42.3,-0.5,100,6370800,"B"
"MWG","14:25:16",42.3,-0.5,700,6370700,"B"
"MWG","14:25:15",42.35,-0.45,100,6370000,"S"
"MWG","14:25:12",42.35,-0.45,600,6369900,"S"
"MWG","14:25:10",42.3,-0.5,200,6369300,"B"
"MWG","14:25:05",42.3,-0.5,200,6369100,"B"
"MWG","14:25:04",42.3,-0.5,24000,6368900,"B"
"MWG","14:25:02",42.3,-0.5,700,6344900,"B"
"MWG","14:25:00",42.35,-0.45,5700,6344200,"S"
"MWG","14:24:43",42.3,-0.5,200,6338500,"B"
"MWG","14:24:29",42.35,-0.45,200,6338300,"S"
"MWG","14:24:22",42.3,-0.5,100,6338100,"B"
"MWG","14:24:19",42.3,-0.5,200,6338000,"B"
"MWG","14:24:00",42.3,-0.5,500,6337800,"B"
"MWG","14:23:51",42.35,-0.45,2000,6337300,"S"
"MWG","14:23:48",42.35,-0.45,5600,6335300,"S"
"MWG","14:23:44",42.35,-0.45,200,6329700,"S"
"MWG","14:23:43",42.3,-0.5,7200,6329500,"B"
"MWG","14:23:39",42.35,-0.45,800,6322300,"S"
"MWG","14:23:37",42.35,-0.45,100,6321500,"S"
"MWG","14:23:29",42.35,-0.45,1500,6321400,"S"
"MWG","14:23:24",42.3,-0.5,900,6319900,"B"
"MWG","14:23:20",42.3,-0.5,2000,6319000,"B"
"MWG","14:23:18",42.3,-0.5,900,6317000,"B"
"MWG","14:23:15",42.3,-0.5,900,6316100,"B"
"MWG","14:23:04",42.35,-0.45,2300,6315200,"B"
"MWG","14:22:58",42.4,-0.4,200,6312900,"S"
"MWG","14:22:56",42.35,-0.45,20000,6312700,"B"
"MWG","14:22:55",42.4,-0.4,1000,6292700,"S"
"MWG","14:22:44",42.4,-0.4,34800,6291700,"B"
"MWG","14:22:40",42.4,-0.4,10000,6256900,"B"
"MWG","14:22:37",42.45,-0.35,5700,6246900,"S"
"MWG","14:22:28",42.4,-0.4,6000,6241200,"S"
"MWG","14:22:22",42.4,-0.4,4300,6235200,"B"
"MWG","14:22:19",42.4,-0.4,900,6230900,"B"
"MWG","14:22:18",42.4,-0.4,2300,6230000,"B"
"MWG","14:22:13",42.45,-0.35,200,6227700,"S"
"MWG","14:22:04",42.4,-0.4,900,6227500,"B"
"MWG","14:22:04",42.4,-0.4,1000,6226600,"B"
"MWG","14:21:58",42.4,-0.4,4100,6225600,"S"
"MWG","14:21:57",42.35,-0.45,200,6221500,"B"
"MWG","14:21:46",42.4,-0.4,1000,6221300,"S"
"MWG","14:21:39",42.4,-0.4,100,6220300,"S"
"MWG","14:21:38",42.4,-0.4,4000,6220200,"B"
"MWG","14:21:30",42.4,-0.4,1000,6216200,"S"
"MWG","14:21:28",42.4,-0.4,1100,6215200,"S"
"MWG","14:21:27",42.4,-0.4,200,6214100,"S"
"MWG","14:21:25",42.4,-0.4,8400,6213900,"S"
"MWG","14:21:12",42.4,-0.4,500,6205500,"S"
"MWG","14:21:10",42.4,-0.4,200,6205000,"S"
"MWG","14:21:09",42.4,-0.4,1000,6204800,"S"
"MWG","14:20:55",42.4,-0.4,100,6203800,"S"
"MWG","14:20:55",42.4,-0.4,2000,6203700,"S"
"MWG","14:20:51",42.4,-0.4,200,6201700,"S"
"MWG","14:20:49",42.4,-0.4,1000,6201500,"S"
"MWG","14:20:45",42.4,-0.4,1900,6200500,"S"
"MWG","14:20:42",42.4,-0.4,100,6198600,"S"
"MWG","14:20:23",42.4,-0.4,1000,6198500,"S"
"MWG","14:20:18",42.4,-0.4,800,6197500,"S"
"MWG","14:20:14",42.4,-0.4,5700,6194200,"S"
"MWG","14:19:56",42.4,-0.4,200,6188500,"S"
"MWG","14:19:53",42.35,-0.45,100,6188300,"B"
"MWG","14:19:50",42.4,-0.4,100,6188200,"S"
"MWG","14:19:46",42.35,-0.45,100,6188100,"B"
"MWG","14:19:44",42.35,-0.45,8500,6188000,"B"
"MWG","14:19:26",42.35,-0.45,300,6179500,"B"
"MWG","14:19:24",42.35,-0.45,1000,6179200,"B"
"MWG","14:19:19",42.35,-0.45,1000,6178200,"B"
"MWG","14:19:11",42.4,-0.4,200,6177200,"S"
"MWG","14:19:09",42.35,-0.45,900,6177000,"B"
"MWG","14:19:03",42.35,-0.45,900,6176100,"B"
"MWG","14:19:02",42.4,-0.4,5700,6175200,"S"
"MWG","14:19:02",42.35,-0.45,2000,6169500,"B"
"MWG","14:18:56",42.35,-0.45,400,6167500,"B"
"MWG","14:18:43",42.4,-0.4,500,6167100,"S"
"MWG","14:18:37",42.35,-0.45,100,6165600,"B"
"MWG","14:18:35",42.35,-0.45,13500,6165500,"S"
"MWG","14:18:32",42.35,-0.45,2800,6152000,"S"
"MWG","14:18:26",42.35,-0.45,1900,6149200,"B"
"MWG","14:18:25",42.35,-0.45,600,6147300,"S"
"MWG","14:18:25",42.35,-0.45,200,6146700,"S"
"MWG","14:18:23",42.35,-0.45,1000,6145600,"S"
"MWG","14:18:20",42.35,-0.45,1000,6144600,"S"
"MWG","14:18:19",42.3,-0.5,900,6143600,"B"
"MWG","14:18:18",42.35,-0.45,1200,6142700,"S"
"MWG","14:18:14",42.35,-0.45,500,6141500,"B"
"MWG","14:18:13",42.35,-0.45,900,6141000,"B"
"MWG","14:18:09",42.35,-0.45,900,6140100,"B"
"MWG","14:18:08",42.35,-0.45,7900,6139200,"B"
"MWG","14:18:07",42.35,-0.45,1500,6131300,"B"
"MWG","14:18:04",42.35,-0.45,900,6129800,"B"
"MWG","14:18:00",42.35,-0.45,1700,6128900,"B"
"MWG","14:17:59",42.35,-0.45,900,6127200,"B"
"MWG","14:17:56",42.35,-0.45,8300,6126300,"B"
"MWG","14:17:54",42.35,-0.45,9000,6118000,"B"
"MWG","14:17:53",42.35,-0.45,900,6109000,"B"
"MWG","14:17:51",42.35,-0.45,3300,6108100,"B"
"MWG","14:17:50",42.4,-0.4,5700,6104800,"S"
"MWG","14:17:46",42.35,-0.45,900,6099100,"B"
"MWG","14:17:40",42.4,-0.4,200,6098200,"S"
"MWG","14:17:40",42.35,-0.45,900,6098000,"B"
"MWG","14:17:34",42.35,-0.45,1000,6097100,"B"
"MWG","14:17:31",42.4,-0.4,1000,6096100,"S"
"MWG","14:17:30",42.35,-0.45,5000,6095100,"B"
"MWG","14:17:29",42.35,-0.45,900,6090100,"B"
"MWG","14:17:24",42.35,-0.45,900,6089200,"B"
"MWG","14:17:19",42.35,-0.45,900,6088300,"B"
"MWG","14:17:18",42.4,-0.4,1000,6087400,"S"
"MWG","14:17:15",42.4,-0.4,100,6086400,"S"
"MWG","14:17:14",42.35,-0.45,900,6086300,"B"
"MWG","14:17:11",42.4,-0.4,3000,6085400,"S"
"MWG","14:17:10",42.35,-0.45,900,6082400,"B"
"MWG","14:17:02",42.35,-0.45,900,6081500,"B"
"MWG","14:16:57",42.35,-0.45,900,6080600,"B"
"MWG","14:16:54",42.4,-0.4,200,6079700,"S"
"MWG","14:16:54",42.4,-0.4,500,6079500,"S"
"MWG","14:16:52",42.35,-0.45,8800,6079000,"B"
"MWG","14:16:49",42.35,-0.45,2500,6070200,"B"
"MWG","14:16:47",42.35,-0.45,900,6067700,"B"
"MWG","14:16:46",42.4,-0.4,2000,6066800,"S"
"MWG","14:16:42",42.4,-0.4,900,6064800,"S"
"MWG","14:16:42",42.35,-0.45,900,6063900,"B"
"MWG","14:16:39",42.4,-0.4,6200,6063000,"S"
"MWG","14:16:28",42.4,-0.4,200,6056800,"S"
"MWG","14:16:20",42.4,-0.4,300,6056600,"S"
"MWG","14:16:19",42.4,-0.4,1500,6056300,"S"
"MWG","14:16:09",42.4,-0.4,2200,6054800,"S"
"MWG","14:16:08",42.35,-0.45,9500,6052600,"B"
"MWG","14:16:01",42.4,-0.4,100,6043100,"S"
"MWG","14:15:59",42.4,-0.4,100,6043000,"S"
"MWG","14:15:57",42.4,-0.4,100,6042900,"S"
"MWG","14:15:51",42.4,-0.4,800,6042800,"S"
"MWG","14:15:27",42.4,-0.4,5600,6042000,"S"
"MWG","14:15:23",42.4,-0.4,500,6036400,"S"
"MWG","14:15:23",42.4,-0.4,200,6035900,"S"
"MWG","14:15:19",42.4,-0.4,2000,6035700,"S"
"MWG","14:15:17",42.35,-0.45,300,6033700,"B"
"MWG","14:15:15",42.4,-0.4,1000,6033400,"S"
"MWG","14:15:05",42.4,-0.4,100,6032400,"S"
"MWG","14:14:58",42.4,-0.4,1100,6032300,"S"
"MWG","14:14:39",42.35,-0.45,200,6031200,"B"
"MWG","14:14:38",42.4,-0.4,200,6031000,"S"
"MWG","14:14:24",42.4,-0.4,100,6030800,"S"
"MWG","14:14:22",42.35,-0.45,2000,6030700,"B"
"MWG","14:14:20",42.35,-0.45,4900,6028700,"B"
"MWG","14:14:17",42.4,-0.4,3000,6023800,"S"
"MWG","14:14:15",42.4,-0.4,5700,6020800,"S"
"MWG","14:13:52",42.4,-0.4,200,6015100,"S"
"MWG","14:13:42",42.4,-0.4,3000,6014900,"S"
"MWG","14:13:37",42.4,-0.4,800,6011900,"S"
"MWG","14:13:25",42.4,-0.4,500,6011100,"S"
"MWG","14:13:20",42.4,-0.4,400,6010600,"S"
"MWG","14:13:11",42.4,-0.4,100,6010200,"S"
"MWG","14:13:07",42.4,-0.4,200,6010100,"S"
"MWG","14:13:04",42.4,-0.4,5700,6009900,"S"
"MWG","14:13:03",42.35,-0.45,1500,6004200,"B"
"MWG","14:13:00",42.4,-0.4,1000,6002700,"S"
"MWG","14:12:42",42.4,-0.4,2000,6001700,"S"
"MWG","14:12:37",42.35,-0.45,7900,5999700,"B"
"MWG","14:12:32",42.35,-0.45,9800,5991800,"B"
"MWG","14:12:30",42.4,-0.4,800,5982000,"S"
"MWG","14:12:21",42.4,-0.4,200,5981200,"S"
"MWG","14:12:17",42.35,-0.45,5000,5981000,"B"
"MWG","14:11:59",42.4,-0.4,100,5976000,"S"
"MWG","14:11:52",42.4,-0.4,5700,5975900,"S"
"MWG","14:11:39",42.35,-0.45,900,5970200,"B"
"MWG","14:11:36",42.4,-0.4,100,5969300,"S"
"MWG","14:11:23",42.4,-0.4,900,5969200,"S"
"MWG","14:10:57",42.4,-0.4,300,5968300,"S"
"MWG","14:10:55",42.35,-0.45,900,5968000,"B"
"MWG","14:10:50",42.4,-0.4,200,5967100,"S"
"MWG","14:10:41",42.4,-0.4,5700,5966900,"S"
"MWG","14:10:40",42.35,-0.45,3600,5961200,"S"
"MWG","14:10:36",42.35,-0.45,4300,5957600,"B"
"MWG","14:10:32",42.35,-0.45,900,5953300,"B"
"MWG","14:10:30",42.35,-0.45,9800,5952400,"B"
"MWG","14:10:30",42.4,-0.4,200,5942600,"B"
"MWG","14:10:27",42.4,-0.4,900,5942400,"B"
"MWG","14:10:22",42.4,-0.4,1000,5941500,"S"
"MWG","14:10:16",42.4,-0.4,800,5940500,"S"
"MWG","14:10:12",42.4,-0.4,1000,5939700,"S"
"MWG","14:10:10",42.4,-0.4,500,5938700,"S"
"MWG","14:10:05",42.4,-0.4,200,5938200,"S"
"MWG","14:10:00",42.4,-0.4,30600,5938000,"B"
"MWG","14:10:00",42.45,-0.35,2000,5907400,"B"
"MWG","14:09:59",42.45,-0.35,100,5905400,"B"
"MWG","14:09:29",42.45,-0.35,3300,5905300,"S"
"MWG","14:09:29",42.4,-0.4,1000,5902000,"B"
"MWG","14:09:19",42.45,-0.35,200,5901000,"S"
"MWG","14:09:12",42.45,-0.35,1000,5900800,"S"
"MWG","14:09:09",42.45,-0.35,800,5899800,"S"
"MWG","14:09:07",42.45,-0.35,100,5899000,"S"
"MWG","14:09:03",42.4,-0.4,400,5898900,"B"
"MWG","14:08:53",42.4,-0.4,1000,5898500,"B"
"MWG","14:08:49",42.4,-0.4,3700,5897500,"S"
"MWG","14:08:41",42.35,-0.45,7900,5893800,"B"
"MWG","14:08:40",42.4,-0.4,10000,5885900,"S"
"MWG","14:08:36",42.35,-0.45,10100,5875900,"B"
"MWG","14:08:34",42.4,-0.4,200,5865800,"S"
"MWG","14:08:29",42.4,-0.4,1000,5865600,"S"
"MWG","14:08:22",42.4,-0.4,5000,5864600,"S"
"MWG","14:08:11",42.4,-0.4,2000,5859600,"S"
"MWG","14:08:10",42.4,-0.4,100,5857600,"S"
"MWG","14:08:02",42.4,-0.4,800,5857500,"S"
"MWG","14:07:56",42.4,-0.4,500,5856700,"S"
"MWG","14:07:48",42.4,-0.4,200,5856200,"S"
"MWG","14:07:31",42.35,-0.45,100,5856000,"B"
"MWG","14:07:21",42.4,-0.4,200,5855900,"B"
"MWG","14:07:20",42.4,-0.4,1000,5855700,"S"
"MWG","14:07:06",42.35,-0.45,3700,5854700,"B"
"MWG","14:07:06",42.4,-0.4,6000,5851000,"B"
"MWG","14:07:03",42.45,-0.35,200,5845000,"S"
"MWG","14:07:01",42.4,-0.4,10000,5844800,"B"
"MWG","14:06:58",42.4,-0.4,2000,5834800,"B"
"MWG","14:06:48",42.4,-0.4,10500,5832800,"B"
"MWG","14:06:22",42.45,-0.35,200,5822300,"S"
"MWG","14:06:18",42.45,-0.35,300,5822100,"S"
"MWG","14:06:17",42.45,-0.35,200,5821800,"S"
"MWG","14:06:15",42.45,-0.35,100,5821600,"S"
"MWG","14:06:04",42.45,-0.35,200,5821500,"S"
"MWG","14:06:02",42.45,-0.35,5000,5821300,"S"
"MWG","14:06:00",42.45,-0.35,5000,5816300,"S"
"MWG","14:05:48",42.45,-0.35,800,5811300,"S"
"MWG","14:05:46",42.45,-0.35,800,5810500,"S"
"MWG","14:05:32",42.45,-0.35,200,5809700,"S"
"MWG","14:05:21",42.45,-0.35,200,5809500,"S"
"MWG","14:05:15",42.45,-0.35,5000,5809300,"S"
"MWG","14:05:12",42.4,-0.4,900,5804300,"B"
"MWG","14:05:06",42.45,-0.35,500,5803400,"S"
"MWG","14:05:00",42.45,-0.35,1400,5802900,"B"
"MWG","14:04:57",42.45,-0.35,900,5801500,"B"
"MWG","14:04:54",42.45,-0.35,7900,5800600,"B"
"MWG","14:04:52",42.45,-0.35,900,5792700,"B"
"MWG","14:04:51",42.45,-0.35,400,5791800,"B"
"MWG","14:04:50",42.5,-0.3,100,5791400,"S"
"MWG","14:04:48",42.5,-0.3,4900,5791300,"S"
"MWG","14:04:47",42.45,-0.35,900,5786400,"B"
"MWG","14:04:46",42.5,-0.3,200,5785500,"S"
"MWG","14:04:42",42.45,-0.35,900,5785300,"B"
"MWG","14:04:37",42.45,-0.35,5900,5784400,"B"
"MWG","14:04:36",42.45,-0.35,7900,5778500,"B"
"MWG","14:04:34",42.45,-0.35,1000,5770600,"B"
"MWG","14:04:30",42.45,-0.35,900,5769600,"B"
"MWG","14:04:25",42.45,-0.35,900,5768700,"B"
"MWG","14:04:20",42.45,-0.35,900,5767800,"B"
"MWG","14:04:19",42.5,-0.3,900,5766900,"B"
"MWG","14:04:15",42.5,-0.3,900,5766000,"B"
"MWG","14:04:10",42.5,-0.3,900,5765100,"B"
"MWG","14:04:06",42.5,-0.3,900,5764200,"B"
"MWG","14:04:02",42.5,-0.3,1000,5763300,"B"
"MWG","14:04:01",42.55,-0.25,200,5762300,"S"
"MWG","14:04:00",42.5,-0.3,900,5762100,"B"
"MWG","14:03:54",42.5,-0.3,900,5761200,"B"
"MWG","14:03:44",42.5,-0.3,900,5760300,"B"
"MWG","14:03:38",42.5,-0.3,900,5759400,"B"
"MWG","14:03:37",42.55,-0.25,4900,5758500,"S"
"MWG","14:03:34",42.55,-0.25,800,5753600,"S"
"MWG","14:03:29",42.55,-0.25,100,5752800,"S"
"MWG","14:03:29",42.5,-0.3,400,5752700,"B"
"MWG","14:03:25",42.5,-0.3,10000,5752300,"B"
"MWG","14:03:15",42.55,-0.25,200,5742300,"S"
"MWG","14:03:13",42.5,-0.3,10500,5742100,"B"
"MWG","14:03:10",42.5,-0.3,900,5731600,"B"
"MWG","14:03:04",42.5,-0.3,400,5730700,"B"
"MWG","14:02:41",42.5,-0.3,4900,5730300,"S"
"MWG","14:02:30",42.5,-0.3,100,5725400,"S"
"MWG","14:02:09",42.45,-0.35,5000,5725300,"B"
"MWG","14:01:46",42.5,-0.3,6200,5720300,"B"
"MWG","14:01:44",42.55,-0.25,200,5714100,"S"
"MWG","14:01:27",42.5,-0.3,100,5713900,"B"
"MWG","14:01:19",42.5,-0.3,2000,5713800,"B"
"MWG","14:01:19",42.5,-0.3,1100,5711800,"B"
"MWG","14:01:15",42.5,-0.3,500,5710700,"B"
"MWG","14:01:13",42.5,-0.3,900,5710200,"B"
"MWG","14:01:09",42.5,-0.3,900,5709300,"B"
"MWG","14:01:02",42.5,-0.3,900,5708400,"B"
"MWG","14:01:00",42.5,-0.3,5000,5707500,"B"
"MWG","14:00:59",42.55,-0.25,200,5702500,"S"
"MWG","14:00:57",42.5,-0.3,900,5702300,"B"
"MWG","14:00:48",42.5,-0.3,900,5701400,"B"
"MWG","14:00:45",42.5,-0.3,1000,5700500,"B"
"MWG","14:00:40",42.5,-0.3,1700,5699500,"B"
"MWG","14:00:40",42.5,-0.3,900,5697800,"B"
"MWG","14:00:37",42.55,-0.25,3300,5696900,"S"
"MWG","14:00:14",42.55,-0.25,20800,5693600,"S"
"MWG","14:00:13",42.55,-0.25,200,5672800,"S"
"MWG","14:00:06",42.5,-0.3,2200,5672600,"S"
"MWG","14:00:05",42.5,-0.3,400,5670400,"S"
"MWG","14:00:04",42.5,-0.3,200,5670000,"S"
"MWG","14:00:03",42.5,-0.3,4900,5669800,"S"
"MWG","13:59:43",42.5,-0.3,300,5664900,"S"
"MWG","13:59:32",42.4,-0.4,1000,5664600,"B"
"MWG","13:59:28",42.5,-0.3,200,5663600,"S"
"MWG","13:59:26",42.5,-0.3,30000,5663400,"S"
"MWG","13:59:16",42.35,-0.45,1700,5633400,"B"
"MWG","13:59:12",42.5,-0.3,7000,5631700,"S"
"MWG","13:58:52",42.35,-0.45,400,5624700,"S"
"MWG","13:58:49",42.35,-0.45,100,5624300,"S"
"MWG","13:58:48",42.35,-0.45,500,5624200,"B"
"MWG","13:58:46",42.45,-0.35,4300,5623700,"S"
"MWG","13:58:46",42.35,-0.45,500,5619400,"S"
"MWG","13:58:43",42.35,-0.45,1000,5618900,"S"
"MWG","13:58:42",42.35,-0.45,700,5617900,"S"
"MWG","13:58:38",42.35,-0.45,16800,5617200,"B"
"MWG","13:58:38",42.4,-0.4,1000,5600400,"B"
"MWG","13:58:31",42.45,-0.35,15600,5599400,"S"
"MWG","13:58:31",42.4,-0.4,4400,5583800,"S"
"MWG","13:58:09",42.35,-0.45,700,5579400,"B"
"MWG","13:58:00",42.4,-0.4,800,5578700,"S"
"MWG","13:57:57",42.4,-0.4,200,5577900,"S"
"MWG","13:57:55",42.4,-0.4,3000,5577700,"S"
"MWG","13:57:52",42.4,-0.4,500,5574700,"S"
"MWG","13:57:49",42.4,-0.4,1500,5574200,"B"
"MWG","13:57:48",42.4,-0.4,1000,5572700,"B"
"MWG","13:57:43",42.4,-0.4,900,5571700,"B"
"MWG","13:57:41",42.4,-0.4,1500,5570800,"S"
"MWG","13:57:39",42.4,-0.4,100,5569300,"S"
"MWG","13:57:38",42.4,-0.4,1400,5569200,"S"
"MWG","13:57:16",42.4,-0.4,1100,5567800,"B"
"MWG","13:57:16",42.4,-0.4,7900,5566700,"B"
"MWG","13:57:14",42.4,-0.4,2600,5558800,"B"
"MWG","13:57:11",42.45,-0.35,200,5556200,"S"
"MWG","13:56:51",42.4,-0.4,800,5556000,"B"
"MWG","13:56:30",42.4,-0.4,3700,5555200,"S"
"MWG","13:56:27",42.4,-0.4,300,5551500,"B"
"MWG","13:56:26",42.45,-0.35,200,5551200,"S"
"MWG","13:56:24",42.4,-0.4,1400,5551000,"B"
"MWG","13:55:51",42.4,-0.4,500,5549600,"B"
"MWG","13:55:46",42.45,-0.35,800,5549100,"S"
"MWG","13:55:40",42.45,-0.35,200,5548300,"S"
"MWG","13:55:18",42.45,-0.35,3700,5548100,"S"
"MWG","13:55:18",42.45,-0.35,1300,5544400,"S"
"MWG","13:54:55",42.45,-0.35,200,5543100,"S"
"MWG","13:54:38",42.4,-0.4,700,5542900,"B"
"MWG","13:54:34",42.4,-0.4,37500,5542200,"S"
"MWG","13:54:24",42.3,-0.5,600,5493700,"B"
"MWG","13:54:13",42.3,-0.5,800,5493100,"B"
"MWG","13:54:09",42.35,-0.45,200,5492300,"S"
"MWG","13:53:58",42.3,-0.5,1200,5492100,"B"
"MWG","13:53:50",42.3,-0.5,10000,5490900,"B"
"MWG","13:53:49",42.35,-0.45,2000,5480900,"S"
"MWG","13:53:33",42.3,-0.5,1000,5478900,"B"
"MWG","13:53:32",42.35,-0.45,800,5477900,"S"
"MWG","13:53:25",42.35,-0.45,200,5477100,"S"
"MWG","13:53:24",42.35,-0.45,100,5476900,"S"
"MWG","13:53:21",42.3,-0.5,100,5476800,"B"
"MWG","13:53:19",42.3,-0.5,3000,5476700,"B"
"MWG","13:53:14",42.3,-0.5,500,5473700,"B"
"MWG","13:53:05",42.3,-0.5,900,5473200,"B"
"MWG","13:53:04",42.35,-0.45,200,5472300,"S"
"MWG","13:53:03",42.3,-0.5,1500,5472100,"B"
"MWG","13:52:48",42.3,-0.5,800,5470600,"B"
"MWG","13:52:38",42.35,-0.45,200,5469800,"S"
"MWG","13:52:38",42.35,-0.45,1000,5469600,"S"
"MWG","13:52:36",42.35,-0.45,100,5468600,"S"
"MWG","13:52:33",42.3,-0.5,700,5468500,"B"
"MWG","13:52:17",42.3,-0.5,1000,5467800,"B"
"MWG","13:52:06",42.3,-0.5,2000,5466800,"B"
"MWG","13:52:01",42.3,-0.5,1700,5464800,"B"
"MWG","13:51:59",42.3,-0.5,900,5463100,"B"
"MWG","13:51:54",42.35,-0.45,800,5462200,"S"
"MWG","13:51:53",42.35,-0.45,200,5461400,"S"
"MWG","13:51:41",42.3,-0.5,1500,5461200,"B"
"MWG","13:51:27",42.35,-0.45,5700,5459700,"S"
"MWG","13:51:18",42.35,-0.45,800,5454000,"S"
"MWG","13:51:07",42.35,-0.45,200,5453200,"S"
"MWG","13:51:00",42.3,-0.5,2000,5453000,"B"
"MWG","13:51:00",42.3,-0.5,700,5451000,"B"
"MWG","13:50:58",42.35,-0.45,7700,5450300,"S"
"MWG","13:50:57",42.35,-0.45,1500,5442600,"S"
"MWG","13:50:46",42.3,-0.5,600,5441100,"B"
"MWG","13:50:42",42.3,-0.5,2000,5440500,"B"
"MWG","13:50:38",42.3,-0.5,1000,5438500,"S"
"MWG","13:50:33",42.25,-0.55,1300,5437500,"B"
"MWG","13:50:30",42.25,-0.55,59700,5436200,"B"
"MWG","13:50:30",42.25,-0.55,22500,5376500,"B"
"MWG","13:50:30",42.3,-0.5,900,5354000,"B"
"MWG","13:50:29",42.35,-0.45,2100,5353100,"S"
"MWG","13:50:26",42.3,-0.5,2100,5351000,"S"
"MWG","13:50:22",42.3,-0.5,200,5348900,"S"
"MWG","13:50:16",42.3,-0.5,800,5348700,"S"
"MWG","13:50:11",42.3,-0.5,900,5347900,"S"
"MWG","13:50:10",42.3,-0.5,12500,5347000,"S"
"MWG","13:50:07",42.25,-0.55,700,5334500,"B"
"MWG","13:49:56",42.3,-0.5,1400,5333800,"S"
"MWG","13:49:55",42.25,-0.55,2300,5332400,"B"
"MWG","13:49:53",42.3,-0.5,200,5330100,"S"
"MWG","13:49:45",42.3,-0.5,100,5329900,"S"
"MWG","13:49:42",42.3,-0.5,1200,5329800,"S"
"MWG","13:49:37",42.3,-0.5,6500,5328600,"S"
"MWG","13:49:36",42.3,-0.5,200,5322100,"S"
"MWG","13:49:24",42.25,-0.55,10700,5321900,"B"
"MWG","13:49:09",42.25,-0.55,600,5311200,"B"
"MWG","13:48:59",42.25,-0.55,500,5310600,"B"
"MWG","13:48:54",42.3,-0.5,1000,5310100,"S"
"MWG","13:48:51",42.3,-0.5,200,5309100,"S"
"MWG","13:48:47",42.25,-0.55,1800,5308900,"B"
"MWG","13:48:45",42.3,-0.5,2300,5307100,"S"
"MWG","13:48:41",42.25,-0.55,100,5304800,"B"
"MWG","13:48:28",42.3,-0.5,300,5304700,"S"
"MWG","13:48:21",42.3,-0.5,700,5304400,"S"
"MWG","13:48:15",42.25,-0.55,500,5303700,"B"
"MWG","13:48:11",42.3,-0.5,5000,5303200,"S"
"MWG","13:48:03",42.3,-0.5,1600,5298200,"B"
"MWG","13:47:58",42.3,-0.5,30000,5296600,"B"
"MWG","13:47:38",42.3,-0.5,600,5266600,"B"
"MWG","13:47:36",42.3,-0.5,10300,5266000,"B"
"MWG","13:47:33",42.3,-0.5,1000,5255700,"B"
"MWG","13:47:19",42.3,-0.5,13000,5254700,"B"
"MWG","13:47:12",42.3,-0.5,3100,5241700,"B"
"MWG","13:47:05",42.35,-0.45,100,5238600,"S"
"MWG","13:46:50",42.3,-0.5,100,5238500,"B"
"MWG","13:46:46",42.35,-0.45,200,5238400,"S"
"MWG","13:46:42",42.35,-0.45,3700,5238200,"S"
"MWG","13:46:31",42.3,-0.5,700,5234500,"B"
"MWG","13:46:19",42.3,-0.5,700,5233800,"B"
"MWG","13:46:07",42.35,-0.45,500,5233100,"S"
"MWG","13:46:07",42.3,-0.5,1000,5232600,"B"
"MWG","13:46:04",42.3,-0.5,1100,5231600,"B"
"MWG","13:45:56",42.35,-0.45,600,5230500,"B"
"MWG","13:45:52",42.35,-0.45,1100,5229900,"B"
"MWG","13:45:49",42.35,-0.45,1200,5228800,"B"
"MWG","13:45:48",42.35,-0.45,2200,5227600,"S"
"MWG","13:45:48",42.35,-0.45,1000,5225400,"S"
"MWG","13:45:44",42.35,-0.45,800,5224400,"S"
"MWG","13:45:36",42.35,-0.45,28200,5223600,"B"
"MWG","13:45:18",42.35,-0.45,700,5195400,"B"
"MWG","13:45:18",42.4,-0.4,300,5194700,"S"
"MWG","13:44:59",42.4,-0.4,100,5194400,"S"
"MWG","13:44:57",42.35,-0.45,100,5194300,"B"
"MWG","13:44:52",42.4,-0.4,100,5194200,"S"
"MWG","13:44:47",42.35,-0.45,200,5194100,"B"
"MWG","13:44:26",42.35,-0.45,3000,5193900,"B"
"MWG","13:43:59",42.35,-0.45,1000,5190900,"B"
"MWG","13:43:57",42.35,-0.45,34200,5189900,"S"
"MWG","13:43:51",42.35,-0.45,300,5155700,"S"
"MWG","13:43:48",42.3,-0.5,10900,5155400,"B"
"MWG","13:43:39",42.3,-0.5,1100,5144500,"B"
"MWG","13:43:36",42.35,-0.45,300,5143400,"S"
"MWG","13:43:31",42.3,-0.5,10000,5143100,"B"
"MWG","13:43:17",42.3,-0.5,600,5133100,"B"
"MWG","13:43:05",42.3,-0.5,800,5132500,"B"
"MWG","13:42:51",42.3,-0.5,700,5131700,"B"
"MWG","13:42:37",42.3,-0.5,900,5131000,"B"
"MWG","13:42:20",42.3,-0.5,600,5130100,"B"
"MWG","13:42:14",42.3,-0.5,4800,5129200,"S"
"MWG","13:42:04",42.3,-0.5,100,5124400,"S"
"MWG","13:41:59",42.3,-0.5,1000,5124300,"S"
"MWG","13:41:48",42.3,-0.5,500,5123300,"S"
"MWG","13:41:45",42.3,-0.5,200,5122800,"B"
"MWG","13:41:37",42.3,-0.5,300,5122600,"S"
"MWG","13:41:36",42.3,-0.5,2000,5122300,"S"
"MWG","13:41:33",42.3,-0.5,500,5120300,"S"
"MWG","13:41:26",42.3,-0.5,5000,5119800,"S"
"MWG","13:41:22",42.3,-0.5,3000,5114800,"S"
"MWG","13:41:17",42.25,-0.55,1000,5111800,"B"
"MWG","13:41:16",42.3,-0.5,800,5110800,"S"
"MWG","13:41:14",42.3,-0.5,200,5110000,"S"
"MWG","13:41:11",42.3,-0.5,200,5109800,"S"
"MWG","13:41:03",42.3,-0.5,5100,5109600,"S"
"MWG","13:41:01",42.3,-0.5,100,5104500,"S"
"MWG","13:40:57",42.25,-0.55,1500,5104400,"B"
"MWG","13:40:54",42.3,-0.5,5000,5102900,"S"
"MWG","13:40:53",42.25,-0.55,100,5097900,"B"
"MWG","13:40:29",42.25,-0.55,8000,5097800,"B"
"MWG","13:40:22",42.25,-0.55,2000,5089800,"B"
"MWG","13:40:18",42.3,-0.5,500,5087800,"S"
"MWG","13:40:09",42.3,-0.5,800,5087300,"S"
"MWG","13:40:02",42.3,-0.5,700,5086500,"S"
"MWG","13:39:52",42.3,-0.5,5100,5085800,"S"
"MWG","13:39:39",42.3,-0.5,100,5080700,"S"
"MWG","13:39:28",42.3,-0.5,6000,5080600,"S"
"MWG","13:39:22",42.3,-0.5,100,5074600,"S"
"MWG","13:39:21",42.3,-0.5,100,5074500,"S"
"MWG","13:39:18",42.3,-0.5,1000,5074400,"S"
"MWG","13:39:10",42.3,-0.5,2000,5073400,"S"
"MWG","13:39:10",42.3,-0.5,700,5071400,"S"
"MWG","13:39:04",42.3,-0.5,300,5070700,"S"
"MWG","13:39:02",42.3,-0.5,1100,5070400,"S"
"MWG","13:39:01",42.3,-0.5,1000,5069300,"S"
"MWG","13:39:00",42.3,-0.5,200,5068300,"S"
"MWG","13:38:41",42.3,-0.5,5100,5068100,"S"
"MWG","13:38:33",42.3,-0.5,200,5063000,"S"
"MWG","13:38:10",42.25,-0.55,3000,5062800,"B"
"MWG","13:37:50",42.25,-0.55,7700,5059800,"B"
"MWG","13:37:49",42.3,-0.5,500,5052100,"S"
"MWG","13:37:48",42.3,-0.5,5000,5051600,"S"
"MWG","13:37:29",42.3,-0.5,5100,5046600,"S"
"MWG","13:37:12",42.3,-0.5,500,5041500,"S"
"MWG","13:37:06",42.25,-0.55,100,5041000,"B"
"MWG","13:36:56",42.25,-0.55,500,5040900,"B"
"MWG","13:36:55",42.25,-0.55,10000,5040400,"B"
"MWG","13:36:40",42.25,-0.55,20000,5030400,"B"
"MWG","13:36:38",42.25,-0.55,15800,5010400,"B"
"MWG","13:36:18",42.25,-0.55,500,4994600,"B"
"MWG","13:36:07",42.25,-0.55,3000,4994100,"B"
"MWG","13:36:02",42.25,-0.55,11100,4991100,"B"
"MWG","13:35:58",42.3,-0.5,12600,4980000,"B"
"MWG","13:35:57",42.3,-0.5,1200,4967400,"B"
"MWG","13:35:45",42.3,-0.5,3000,4966200,"B"
"MWG","13:35:45",42.3,-0.5,1000,4963200,"B"
"MWG","13:35:35",42.3,-0.5,1900,4962200,"B"
"MWG","13:35:34",42.3,-0.5,300,4960300,"B"
"MWG","13:35:33",42.35,-0.45,3000,4960000,"S"
"MWG","13:35:29",42.3,-0.5,3000,4957000,"B"
"MWG","13:35:20",42.35,-0.45,28800,4954000,"B"
"MWG","13:35:02",42.35,-0.45,1000,4925200,"B"
"MWG","13:34:51",42.35,-0.45,1200,4924200,"B"
"MWG","13:34:34",42.4,-0.4,900,4923000,"S"
"MWG","13:34:31",42.4,-0.4,600,4922100,"S"
"MWG","13:34:15",42.45,-0.35,2600,4921500,"S"
"MWG","13:34:15",42.4,-0.4,500,4918900,"S"
"MWG","13:34:14",42.4,-0.4,10200,4918400,"B"
"MWG","13:34:10",42.4,-0.4,900,4908200,"B"
"MWG","13:34:01",42.4,-0.4,800,4907300,"B"
"MWG","13:33:55",42.4,-0.4,200,4906500,"B"
"MWG","13:33:53",42.4,-0.4,900,4906300,"B"
"MWG","13:33:46",42.4,-0.4,5200,4905400,"B"
"MWG","13:33:45",42.4,-0.4,4800,4900200,"B"
"MWG","13:33:35",42.4,-0.4,900,4895400,"B"
"MWG","13:33:18",42.4,-0.4,800,4894500,"B"
"MWG","13:33:03",42.45,-0.35,300,4893700,"S"
"MWG","13:33:02",42.45,-0.35,500,4893400,"S"
"MWG","13:32:29",42.4,-0.4,1500,4892900,"B"
"MWG","13:32:20",42.4,-0.4,500,4891400,"B"
"MWG","13:31:57",42.4,-0.4,26300,4890900,"S"
"MWG","13:31:56",42.35,-0.45,1100,4864600,"B"
"MWG","13:31:17",42.35,-0.45,600,4863500,"B"
"MWG","13:31:11",42.35,-0.45,17200,4862900,"S"
"MWG","13:31:07",42.35,-0.45,3000,4845700,"S"
"MWG","13:31:07",42.3,-0.5,1200,4842700,"B"
"MWG","13:30:43",42.3,-0.5,1000,4841500,"B"
"MWG","13:30:39",42.35,-0.45,1000,4840500,"S"
"MWG","13:30:24",42.3,-0.5,11100,4839500,"B"
"MWG","13:30:23",42.3,-0.5,1100,4828400,"B"
"MWG","13:30:14",42.3,-0.5,500,4827300,"B"
"MWG","13:30:02",42.3,-0.5,1000,4826800,"B"
"MWG","13:29:58",42.3,-0.5,500,4825800,"B"
"MWG","13:29:42",42.3,-0.5,1000,4825300,"B"
"MWG","13:29:22",42.3,-0.5,800,4824300,"B"
"MWG","13:29:08",42.3,-0.5,700,4823500,"B"
"MWG","13:28:54",42.3,-0.5,600,4822800,"B"
"MWG","13:28:42",42.3,-0.5,500,4822200,"B"
"MWG","13:28:33",42.3,-0.5,600,4821700,"B"
"MWG","13:28:21",42.3,-0.5,800,4821100,"B"
"MWG","13:28:09",42.35,-0.45,100,4820300,"S"
"MWG","13:27:59",42.35,-0.45,5000,4820200,"S"
"MWG","13:27:53",42.3,-0.5,600,4815200,"B"
"MWG","13:27:53",42.35,-0.45,800,4814600,"S"
"MWG","13:27:51",42.35,-0.45,500,4813800,"S"
"MWG","13:27:48",42.3,-0.5,4000,4813300,"B"
"MWG","13:27:46",42.3,-0.5,100,4809300,"B"
"MWG","13:27:43",42.3,-0.5,600,4809200,"B"
"MWG","13:27:38",42.3,-0.5,3100,4808600,"S"
"MWG","13:27:36",42.3,-0.5,5000,4805500,"S"
"MWG","13:27:35",42.3,-0.5,500,4800500,"S"
"MWG","13:27:30",42.25,-0.55,600,4800000,"B"
"MWG","13:27:29",42.3,-0.5,1000,4799400,"S"
"MWG","13:27:19",42.3,-0.5,100,4798400,"S"
"MWG","13:27:18",42.25,-0.55,600,4798300,"B"
"MWG","13:27:15",42.3,-0.5,2500,4797700,"S"
"MWG","13:27:08",42.3,-0.5,100,4795200,"S"
"MWG","13:27:07",42.25,-0.55,500,4795100,"B"
"MWG","13:27:04",42.3,-0.5,1000,4794600,"S"
"MWG","13:26:57",42.25,-0.55,500,4793600,"B"
"MWG","13:26:47",42.25,-0.55,500,4793100,"B"
"MWG","13:26:38",42.25,-0.55,700,4792600,"B"
"MWG","13:26:35",42.3,-0.5,100,4791900,"S"
"MWG","13:26:30",42.25,-0.55,8300,4791800,"B"
"MWG","13:26:30",42.3,-0.5,100,4783500,"S"
"MWG","13:26:25",42.3,-0.5,800,4783400,"S"
"MWG","13:26:25",42.3,-0.5,3000,4782600,"S"
"MWG","13:26:24",42.25,-0.55,700,4779600,"B"
"MWG","13:26:21",42.3,-0.5,200,4778900,"S"
"MWG","13:26:20",42.3,-0.5,1000,4778700,"S"
"MWG","13:26:18",42.3,-0.5,2000,4777700,"S"
"MWG","13:26:13",42.3,-0.5,100,4775700,"S"
"MWG","13:26:12",42.25,-0.55,1000,4775600,"B"
"MWG","13:26:10",42.25,-0.55,700,4774400,"B"
"MWG","13:26:09",42.25,-0.55,3500,4773700,"B"
"MWG","13:26:06",42.3,-0.5,2000,4770200,"S"
"MWG","13:25:57",42.25,-0.55,500,4768200,"B"
"MWG","13:25:56",42.3,-0.5,10000,4767700,"S"
"MWG","13:25:53",42.3,-0.5,100,4757700,"S"
"MWG","13:25:46",42.25,-0.55,600,4757600,"B"
"MWG","13:25:38",42.25,-0.55,100,4757000,"B"
"MWG","13:25:38",42.3,-0.5,100,4756900,"S"
"MWG","13:25:34",42.25,-0.55,600,4756800,"B"
"MWG","13:25:23",42.25,-0.55,500,4756200,"B"
"MWG","13:25:13",42.25,-0.55,600,4755700,"B"
"MWG","13:25:10",42.3,-0.5,400,4755100,"S"
"MWG","13:25:02",42.25,-0.55,600,4754700,"B"
"MWG","13:24:56",42.3,-0.5,100,4754100,"S"
"MWG","13:24:43",42.25,-0.55,200,4754000,"B"
"MWG","13:24:42",42.25,-0.55,10400,4753800,"B"
"MWG","13:24:27",42.25,-0.55,100,4743400,"B"
"MWG","13:24:14",42.25,-0.55,100,4743300,"B"
"MWG","13:23:57",42.25,-0.55,1000,4743200,"B"
"MWG","13:23:52",42.3,-0.5,1900,4742200,"S"
"MWG","13:23:35",42.3,-0.5,4700,4740300,"S"
"MWG","13:23:29",42.3,-0.5,300,4735600,"S"
"MWG","13:23:26",42.3,-0.5,800,4735300,"S"
"MWG","13:23:18",42.3,-0.5,400,4734500,"S"
"MWG","13:23:07",42.3,-0.5,2000,4734100,"S"
"MWG","13:22:54",42.25,-0.55,11900,4732100,"B"
"MWG","13:22:38",42.3,-0.5,200,4720200,"S"
"MWG","13:22:34",42.3,-0.5,500,4720000,"S"
"MWG","13:22:27",42.3,-0.5,500,4719500,"S"
"MWG","13:22:26",42.3,-0.5,300,4719000,"S"
"MWG","13:22:22",42.3,-0.5,300,4718700,"S"
"MWG","13:22:18",42.3,-0.5,900,4718400,"S"
"MWG","13:22:12",42.3,-0.5,100,4717500,"S"
"MWG","13:22:08",42.3,-0.5,1500,4717400,"S"
"MWG","13:22:06",42.3,-0.5,5000,4715900,"S"
"MWG","13:22:04",42.3,-0.5,100,4710900,"S"
"MWG","13:22:00",42.3,-0.5,1400,4710800,"B"
"MWG","13:21:31",42.3,-0.5,100,4709400,"S"
"MWG","13:21:25",42.3,-0.5,1000,4709300,"S"
"MWG","13:21:22",42.3,-0.5,700,4708300,"S"
"MWG","13:21:17",42.3,-0.5,8200,4707600,"B"
"MWG","13:21:06",42.3,-0.5,11500,4699400,"B"
"MWG","13:20:36",42.3,-0.5,300,4687900,"B"
"MWG","13:20:17",42.35,-0.45,100,4687600,"S"
"MWG","13:20:10",42.3,-0.5,16000,4687500,"B"
"MWG","13:20:10",42.35,-0.45,34000,4671500,"B"
"MWG","13:19:59",42.35,-0.45,21800,4637500,"S"
"MWG","13:19:49",42.35,-0.45,100,4615700,"S"
"MWG","13:19:47",42.35,-0.45,100,4615600,"S"
"MWG","13:19:42",42.35,-0.45,100,4615500,"S"
"MWG","13:19:28",42.35,-0.45,400,4615400,"S"
"MWG","13:19:18",42.35,-0.45,10100,4615000,"B"
"MWG","13:18:33",42.35,-0.45,700,4604900,"B"
"MWG","13:18:25",42.35,-0.45,10000,4604200,"B"
"MWG","13:18:18",42.35,-0.45,5100,4594200,"B"
"MWG","13:17:56",42.4,-0.4,600,4589100,"S"
"MWG","13:17:50",42.4,-0.4,900,4588500,"S"
"MWG","13:17:45",42.4,-0.4,2600,4587600,"B"
"MWG","13:17:41",42.4,-0.4,1500,4585000,"B"
"MWG","13:17:39",42.45,-0.35,1000,4583500,"S"
"MWG","13:17:35",42.45,-0.35,1000,4582500,"S"
"MWG","13:17:30",42.4,-0.4,12000,4581500,"B"
"MWG","13:17:29",42.4,-0.4,1500,4569500,"B"
"MWG","13:17:24",42.4,-0.4,5700,4568000,"B"
"MWG","13:17:09",42.4,-0.4,100,4562300,"B"
"MWG","13:17:03",42.45,-0.35,200,4562200,"S"
"MWG","13:16:43",42.45,-0.35,800,4562000,"S"
"MWG","13:16:25",42.45,-0.35,20700,4561200,"B"
"MWG","13:16:23",42.5,-0.3,2000,4540500,"S"
"MWG","13:16:15",42.45,-0.35,2600,4538500,"B"
"MWG","13:16:10",42.5,-0.3,1200,4535900,"S"
"MWG","13:16:09",42.5,-0.3,100,4534700,"S"
"MWG","13:16:06",42.5,-0.3,100,4534600,"S"
"MWG","13:15:55",42.5,-0.3,200,4534500,"S"
"MWG","13:15:44",42.5,-0.3,100,4534300,"S"
"MWG","13:15:37",42.45,-0.35,600,4534200,"B"
"MWG","13:15:25",42.5,-0.3,1000,4533600,"S"
"MWG","13:15:19",42.5,-0.3,100,4532600,"S"
"MWG","13:15:04",42.5,-0.3,10000,4532500,"S"
"MWG","13:14:57",42.5,-0.3,300,4522500,"S"
"MWG","13:14:48",42.5,-0.3,2000,4522200,"S"
"MWG","13:14:46",42.5,-0.3,8400,4520200,"B"
"MWG","13:14:43",42.55,-0.25,1000,4511800,"S"
"MWG","13:14:33",42.55,-0.25,1000,4510800,"S"
"MWG","13:14:19",42.5,-0.3,9800,4509800,"S"
"MWG","13:14:19",42.5,-0.3,3000,4500000,"S"
"MWG","13:14:12",42.5,-0.3,600,4497000,"S"
"MWG","13:14:03",42.5,-0.3,8000,4496400,"S"
"MWG","13:13:55",42.5,-0.3,1500,4488400,"S"
"MWG","13:13:42",42.45,-0.35,5500,4486900,"S"
"MWG","13:13:42",42.45,-0.35,100,4481400,"S"
"MWG","13:13:40",42.45,-0.35,20000,4481300,"S"
"MWG","13:13:38",42.45,-0.35,200,4461300,"S"
"MWG","13:13:23",42.45,-0.35,1800,4461100,"S"
"MWG","13:13:19",42.45,-0.35,5000,4459300,"S"
"MWG","13:12:51",42.4,-0.4,2000,4454300,"S"
"MWG","13:12:47",42.4,-0.4,500,4452300,"S"
"MWG","13:12:42",42.4,-0.4,2000,4451800,"S"
"MWG","13:12:31",42.4,-0.4,100,4449800,"S"
"MWG","13:12:20",42.4,-0.4,1000,4449700,"S"
"MWG","13:12:08",42.35,-0.45,100,4448700,"B"
"MWG","13:12:01",42.35,-0.45,200,4448600,"S"
"MWG","13:12:00",42.35,-0.45,100,4448400,"S"
"MWG","13:11:59",42.35,-0.45,1000,4448300,"S"
"MWG","13:11:55",42.35,-0.45,5000,4447300,"S"
"MWG","13:11:53",42.35,-0.45,300,4442300,"S"
"MWG","13:11:53",42.3,-0.5,3500,4442000,"B"
"MWG","13:11:48",42.35,-0.45,600,4438500,"S"
"MWG","13:11:36",42.35,-0.45,2500,4437900,"S"
"MWG","13:11:32",42.35,-0.45,7300,4435400,"S"
"MWG","13:11:16",42.35,-0.45,100,4428100,"S"
"MWG","13:11:15",42.35,-0.45,1000,4428000,"S"
"MWG","13:11:14",42.35,-0.45,800,4427000,"S"
"MWG","13:11:06",42.3,-0.5,100,4426200,"B"
"MWG","13:11:01",42.4,-0.4,22700,4426100,"S"
"MWG","13:11:01",42.35,-0.45,7300,4403400,"S"
"MWG","13:10:50",42.3,-0.5,10000,4396100,"B"
"MWG","13:10:49",42.3,-0.5,700,4386100,"B"
"MWG","13:10:44",42.3,-0.5,4500,4385400,"S"
"MWG","13:10:41",42.3,-0.5,500,4380900,"S"
"MWG","13:10:34",42.3,-0.5,1000,4380400,"S"
"MWG","13:10:28",42.3,-0.5,800,4379400,"S"
"MWG","13:10:26",42.3,-0.5,300,4378600,"S"
"MWG","13:10:17",42.3,-0.5,18600,4378300,"S"
"MWG","13:10:10",42.25,-0.55,8100,4359700,"B"
"MWG","13:10:10",42.3,-0.5,200,4351600,"S"
"MWG","13:10:09",42.3,-0.5,2000,4351400,"S"
"MWG","13:10:07",42.3,-0.5,100,4349400,"S"
"MWG","13:10:06",42.3,-0.5,100,4349300,"S"
"MWG","13:10:02",42.3,-0.5,900,4349200,"S"
"MWG","13:09:59",42.3,-0.5,200,4348300,"S"
"MWG","13:09:32",42.3,-0.5,100,4348100,"S"
"MWG","13:09:31",42.3,-0.5,100,4348000,"S"
"MWG","13:09:28",42.3,-0.5,100,4347900,"S"
"MWG","13:09:28",42.25,-0.55,6700,4347800,"B"
"MWG","13:09:27",42.25,-0.55,400,4341100,"B"
"MWG","13:09:23",42.3,-0.5,10000,4340700,"S"
"MWG","13:09:20",42.3,-0.5,100,4330700,"S"
"MWG","13:09:19",42.3,-0.5,200,4330600,"S"
"MWG","13:09:13",42.25,-0.55,100,4330400,"B"
"MWG","13:09:13",42.3,-0.5,100,4330300,"S"
"MWG","13:08:55",42.3,-0.5,800,4330200,"S"
"MWG","13:08:48",42.3,-0.5,500,4329400,"S"
"MWG","13:08:31",42.25,-0.55,1000,4328900,"B"
"MWG","13:08:22",42.3,-0.5,500,4327900,"S"
"MWG","13:08:14",42.3,-0.5,100,4327400,"S"
"MWG","13:08:11",42.25,-0.55,100,4327300,"B"
"MWG","13:07:52",42.3,-0.5,300,4327200,"S"
"MWG","13:07:48",42.3,-0.5,800,4326900,"S"
"MWG","13:07:41",42.3,-0.5,200,4326100,"S"
"MWG","13:07:39",42.25,-0.55,12000,4325900,"B"
"MWG","13:07:36",42.3,-0.5,3300,4313900,"B"
"MWG","13:07:23",42.3,-0.5,400,4310600,"B"
"MWG","13:07:17",42.3,-0.5,200,4310200,"B"
"MWG","13:07:09",42.3,-0.5,100,4310000,"B"
"MWG","13:07:06",42.3,-0.5,1000,4309900,"B"
"MWG","13:06:56",42.3,-0.5,2000,4308900,"B"
"MWG","13:06:56",42.3,-0.5,9700,4306900,"B"
"MWG","13:06:42",42.3,-0.5,500,4297200,"B"
"MWG","13:06:30",42.3,-0.5,1200,4296700,"B"
"MWG","13:06:12",42.3,-0.5,300,4295500,"B"
"MWG","13:06:07",42.35,-0.45,1000,4295200,"S"
"MWG","13:05:43",42.3,-0.5,200,4294200,"B"
"MWG","13:05:37",42.3,-0.5,200,4294000,"B"
"MWG","13:05:26",42.3,-0.5,1200,4293800,"B"
"MWG","13:05:26",42.3,-0.5,3800,4292600,"B"
"MWG","13:05:15",42.3,-0.5,2700,4288800,"S"
"MWG","13:05:10",42.3,-0.5,20000,4286100,"S"
"MWG","13:04:57",42.25,-0.55,500,4266100,"B"
"MWG","13:04:50",42.25,-0.55,1100,4265600,"B"
"MWG","13:04:47",42.25,-0.55,5000,4264500,"B"
"MWG","13:03:57",42.25,-0.55,400,4259500,"B"
"MWG","13:03:53",42.3,-0.5,100,4259100,"S"
"MWG","13:03:49",42.3,-0.5,200,4259000,"S"
"MWG","13:03:47",42.3,-0.5,500,4258800,"S"
"MWG","13:03:27",42.3,-0.5,200,4258300,"S"
"MWG","13:03:26",42.25,-0.55,100,4258100,"B"
"MWG","13:03:20",42.3,-0.5,800,4258000,"S"
"MWG","13:03:14",42.3,-0.5,100,4257200,"S"
"MWG","13:03:11",42.3,-0.5,5500,4257100,"B"
"MWG","13:03:06",42.3,-0.5,1500,4251600,"S"
"MWG","13:02:58",42.3,-0.5,1300,4250100,"S"
"MWG","13:02:57",42.3,-0.5,200,4248800,"S"
"MWG","13:02:54",42.3,-0.5,500,4248600,"S"
"MWG","13:02:43",42.3,-0.5,10000,4248100,"S"
"MWG","13:02:33",42.3,-0.5,2000,4238100,"S"
"MWG","13:02:13",42.3,-0.5,900,4236100,"S"
"MWG","13:02:09",42.3,-0.5,500,4235200,"S"
"MWG","13:01:22",42.3,-0.5,500,4234700,"S"
"MWG","13:01:08",42.3,-0.5,200,4234200,"S"
"MWG","13:01:07",42.3,-0.5,400,4234000,"B"
"MWG","13:01:06",42.3,-0.5,400,4233600,"S"
"MWG","13:00:51",42.3,-0.5,500,4233200,"S"
"MWG","13:00:35",42.3,-0.5,100,4232700,"S"
"MWG","13:00:24",42.3,-0.5,1200,4232600,"S"
"MWG","13:00:20",42.3,-0.5,200,4231400,"S"
"MWG","13:00:18",42.3,-0.5,4200,4231200,"B"
"MWG","13:00:16",42.3,-0.5,15000,4227000,"B"
"MWG","13:00:16",42.35,-0.45,200,4212000,"S"
"MWG","13:00:15",42.35,-0.45,100,4211800,"S"
"MWG","13:00:14",42.35,-0.45,200,4211700,"S"
"MWG","13:00:08",42.3,-0.5,1000,4211500,"B"
"MWG","13:00:07",42.35,-0.45,100,4210500,"S"
"MWG","13:00:06",42.35,-0.45,400,4210400,"S"
"MWG","13:00:06",42.3,-0.5,2000,4210000,"B"
"MWG","13:00:05",42.35,-0.45,100,4208000,"S"
"MWG","13:00:04",42.35,-0.45,500,4207900,"S"
"MWG","13:00:03",42.35,-0.45,100,4207400,"S"
"MWG","13:00:01",42.3,-0.5,200,4207300,"B"
"MWG","13:00:01",42.4,-0.4,200,4207100,"S"
"MWG","13:00:00",42.3,-0.5,1800,4206900,"B"
"MWG","13:00:00",42.35,-0.45,300,4205100,"S"
"MWG","13:00:00",42.3,-0.5,5000,4204800,"B"
"MWG","13:00:00",42.35,-0.45,1100,4199800,"S"
"MWG","11:29:59",42.35,-0.45,800,4198700,"S"
"MWG","11:29:58",42.35,-0.45,1000,4197900,"S"
"MWG","11:29:55",42.35,-0.45,200,4196900,"S"
"MWG","11:29:50",42.35,-0.45,300,4196700,"S"
"MWG","11:29:40",42.35,-0.45,1500,4196400,"B"
"MWG","11:29:39",42.35,-0.45,2000,4194900,"B"
"MWG","11:29:23",42.35,-0.45,2400,4192900,"S"
"MWG","11:29:17",42.3,-0.5,100,4190500,"B"
"MWG","11:29:01",42.35,-0.45,2600,4190400,"B"
"MWG","11:28:53",42.35,-0.45,2300,4187800,"B"
"MWG","11:28:53",42.35,-0.45,3400,4185500,"B"
"MWG","11:28:46",42.35,-0.45,6600,4182100,"B"
"MWG","11:28:24",42.35,-0.45,1100,4175500,"S"
"MWG","11:28:21",42.35,-0.45,1000,4174400,"S"
"MWG","11:28:19",42.35,-0.45,3600,4173400,"B"
"MWG","11:28:09",42.4,-0.4,2000,4169800,"S"
"MWG","11:27:58",42.35,-0.45,5000,4167800,"B"
"MWG","11:27:46",42.4,-0.4,900,4162800,"S"
"MWG","11:27:35",42.4,-0.4,1100,4161900,"S"
"MWG","11:27:31",42.4,-0.4,500,4160800,"S"
"MWG","11:27:18",42.4,-0.4,3100,4160300,"B"
"MWG","11:27:10",42.4,-0.4,8900,4157200,"S"
"MWG","11:27:05",42.4,-0.4,19600,4148300,"S"
"MWG","11:27:03",42.35,-0.45,2800,4126500,"B"
"MWG","11:26:56",42.35,-0.45,400,4123700,"B"
"MWG","11:26:52",42.35,-0.45,300,4123300,"S"
"MWG","11:26:51",42.35,-0.45,4200,4123000,"S"
"MWG","11:26:50",42.35,-0.45,1000,4118800,"S"
"MWG","11:26:48",42.35,-0.45,500,4117800,"S"
"MWG","11:26:44",42.35,-0.45,5000,4117300,"S"
"MWG","11:26:32",42.3,-0.5,100,4112300,"S"
"MWG","11:26:19",42.4,-0.4,100,4112200,"S"
"MWG","11:26:13",42.25,-0.55,2800,4112100,"B"
"MWG","11:26:13",42.3,-0.5,6500,4109300,"B"
"MWG","11:26:13",42.35,-0.45,700,4102800,"B"
"MWG","11:24:56",42.3,-0.5,800,4102100,"B"
"MWG","11:24:32",42.3,-0.5,100,4101300,"S"
"MWG","11:24:27",42.3,-0.5,400,4101200,"B"
"MWG","11:24:25",42.4,-0.4,900,4100800,"S"
"MWG","11:23:58",42.4,-0.4,1900,4099900,"S"
"MWG","11:23:57",42.4,-0.4,3800,4098000,"S"
"MWG","11:23:57",42.35,-0.45,4400,4094200,"S"
"MWG","11:23:57",42.3,-0.5,9900,4089800,"S"
"MWG","11:23:45",42.3,-0.5,1500,4079900,"S"
"MWG","11:23:32",42.2,-0.6,7600,4078400,"B"
"MWG","11:23:32",42.25,-0.55,7400,4070800,"B"
"MWG","11:23:25",42.3,-0.5,200,4063400,"S"
"MWG","11:23:21",42.3,-0.5,1000,4063200,"S"
"MWG","11:23:17",42.25,-0.55,100,4062200,"B"
"MWG","11:23:10",42.25,-0.55,900,4062100,"S"
"MWG","11:23:06",42.25,-0.55,200,4061200,"S"
"MWG","11:23:05",42.25,-0.55,100,4061000,"S"
"MWG","11:23:05",42.25,-0.55,200,4060900,"S"
"MWG","11:23:04",42.25,-0.55,500,4060700,"S"
"MWG","11:22:57",42.25,-0.55,200,4060200,"S"
"MWG","11:22:50",42.25,-0.55,300,4060000,"S"
"MWG","11:22:48",42.25,-0.55,200,4059700,"B"
"MWG","11:22:39",42.25,-0.55,200,4059500,"B"
"MWG","11:22:38",42.25,-0.55,300,4059300,"S"
"MWG","11:22:35",42.25,-0.55,4000,4059000,"S"
"MWG","11:22:31",42.25,-0.55,3000,4055000,"S"
"MWG","11:22:28",42.2,-0.6,500,4052000,"B"
"MWG","11:22:18",42.2,-0.6,800,4051500,"B"
"MWG","11:22:11",42.25,-0.55,800,4050700,"S"
"MWG","11:22:08",42.25,-0.55,100,4049900,"S"
"MWG","11:21:55",42.2,-0.6,5000,4049800,"B"
"MWG","11:21:52",42.2,-0.6,24000,4044800,"S"
"MWG","11:21:41",42.15,-0.65,3700,4020800,"B"
"MWG","11:21:26",42.2,-0.6,100,4017100,"S"
"MWG","11:21:24",42.2,-0.6,200,4017000,"S"
"MWG","11:21:21",42.15,-0.65,3800,4016800,"B"
"MWG","11:21:17",42.2,-0.6,5000,4013000,"S"
"MWG","11:21:15",42.2,-0.6,19900,4008000,"B"
"MWG","11:21:14",42.25,-0.55,1000,3988100,"S"
"MWG","11:21:07",42.25,-0.55,300,3987100,"S"
"MWG","11:21:04",42.25,-0.55,800,3986800,"S"
"MWG","11:20:56",42.25,-0.55,1900,3986000,"S"
"MWG","11:20:47",42.25,-0.55,100,3984100,"S"
"MWG","11:20:31",42.2,-0.6,1000,3984000,"B"
"MWG","11:20:04",42.2,-0.6,200,3983000,"B"
"MWG","11:19:58",42.25,-0.55,100,3982800,"S"
"MWG","11:19:53",42.2,-0.6,2000,3982700,"B"
"MWG","11:19:38",42.25,-0.55,100,3980700,"S"
"MWG","11:19:37",42.2,-0.6,500,3980600,"B"
"MWG","11:19:34",42.25,-0.55,700,3980100,"S"
"MWG","11:19:22",42.25,-0.55,2000,3979400,"S"
"MWG","11:19:21",42.2,-0.6,2000,3977400,"B"
"MWG","11:19:11",42.2,-0.6,5000,3975400,"B"
"MWG","11:19:04",42.2,-0.6,300,3970400,"B"
"MWG","11:18:57",42.2,-0.6,11200,3970100,"B"
"MWG","11:18:43",42.2,-0.6,3000,3958900,"B"
"MWG","11:18:34",42.2,-0.6,5500,3955900,"B"
"MWG","11:18:32",42.2,-0.6,1000,3950400,"B"
"MWG","11:18:30",42.2,-0.6,1000,3949400,"B"
"MWG","11:18:18",42.2,-0.6,100,3948400,"B"
"MWG","11:18:17",42.2,-0.6,300,3948300,"S"
"MWG","11:18:16",42.2,-0.6,500,3948000,"S"
"MWG","11:18:11",42.2,-0.6,200,3947500,"S"
"MWG","11:18:07",42.15,-0.65,1000,3947300,"B"
"MWG","11:18:07",42.2,-0.6,100,3946300,"S"
"MWG","11:18:07",42.2,-0.6,200,3946200,"S"
"MWG","11:18:05",42.2,-0.6,1600,3946000,"B"
"MWG","11:18:01",42.2,-0.6,400,3944400,"S"
"MWG","11:18:00",42.2,-0.6,100,3944000,"S"
"MWG","11:17:56",42.2,-0.6,500,3943900,"S"
"MWG","11:17:55",42.2,-0.6,600,3943400,"S"
"MWG","11:17:48",42.2,-0.6,1000,3942800,"S"
"MWG","11:17:43",42.2,-0.6,13000,3941800,"B"
"MWG","11:17:39",42.25,-0.55,1000,3928800,"S"
"MWG","11:17:37",42.2,-0.6,6000,3927800,"B"
"MWG","11:17:16",42.2,-0.6,15900,3921800,"S"
"MWG","11:17:09",42.15,-0.65,1600,3905900,"B"
"MWG","11:17:02",42.15,-0.65,200,3904300,"B"
"MWG","11:16:54",42.15,-0.65,2500,3904100,"B"
"MWG","11:16:38",42.15,-0.65,1000,3901600,"B"
"MWG","11:16:32",42.15,-0.65,2600,3900600,"B"
"MWG","11:16:26",42.2,-0.6,100,3898000,"S"
"MWG","11:16:24",42.2,-0.6,300,3897900,"S"
"MWG","11:16:23",42.2,-0.6,6600,3897600,"B"
"MWG","11:16:20",42.2,-0.6,11600,3891000,"B"
"MWG","11:16:12",42.2,-0.6,1500,3879400,"B"
"MWG","11:16:07",42.2,-0.6,1000,3877900,"B"
"MWG","11:16:07",42.2,-0.6,1000,3876900,"B"
"MWG","11:16:03",42.2,-0.6,100,3875900,"B"
"MWG","11:16:02",42.25,-0.55,1000,3875000,"S"
"MWG","11:15:58",42.2,-0.6,6000,3874000,"B"
"MWG","11:15:26",42.2,-0.6,300,3868000,"B"
"MWG","11:15:26",42.25,-0.55,300,3867700,"B"
"MWG","11:15:20",42.25,-0.55,200,3867400,"S"
"MWG","11:15:14",42.25,-0.55,2900,3867200,"B"
"MWG","11:15:02",42.25,-0.55,300,3864300,"B"
"MWG","11:15:01",42.25,-0.55,4800,3864000,"S"
"MWG","11:14:57",42.25,-0.55,100,3859200,"S"
"MWG","11:14:55",42.25,-0.55,5100,3859100,"S"
"MWG","11:14:52",42.25,-0.55,100,3854000,"S"
"MWG","11:14:48",42.25,-0.55,100,3853900,"S"
"MWG","11:14:47",42.2,-0.6,4000,3853800,"B"
"MWG","11:14:47",42.25,-0.55,500,3849800,"S"
"MWG","11:14:35",42.25,-0.55,500,3849300,"S"
"MWG","11:14:28",42.25,-0.55,500,3848800,"S"
"MWG","11:14:25",42.25,-0.55,500,3848300,"S"
"MWG","11:14:22",42.25,-0.55,800,3847800,"S"
"MWG","11:14:22",42.25,-0.55,500,3847000,"S"
"MWG","11:14:20",42.2,-0.6,3900,3846500,"B"
"MWG","11:14:16",42.2,-0.6,4100,3842600,"B"
"MWG","11:14:11",42.2,-0.6,7000,3838500,"B"
"MWG","11:14:05",42.2,-0.6,200,3831500,"B"
"MWG","11:14:03",42.2,-0.6,100,3831300,"S"
"MWG","11:14:00",42.2,-0.6,100,3831200,"S"
"MWG","11:13:51",42.2,-0.6,100,3831100,"B"
"MWG","11:13:49",42.2,-0.6,1000,3831000,"S"
"MWG","11:13:42",42.2,-0.6,14000,3830000,"B"
"MWG","11:13:35",42.2,-0.6,300,3816000,"B"
"MWG","11:13:32",42.2,-0.6,4000,3815700,"B"
"MWG","11:13:30",42.2,-0.6,100,3811700,"B"
"MWG","11:13:22",42.2,-0.6,2500,3811600,"B"
"MWG","11:13:18",42.2,-0.6,100,3809100,"B"
"MWG","11:13:17",42.2,-0.6,1500,3809000,"B"
"MWG","11:12:58",42.2,-0.6,14900,3807000,"B"
"MWG","11:12:57",42.2,-0.6,17100,3792100,"B"
"MWG","11:12:56",42.2,-0.6,33300,3775000,"B"
"MWG","11:12:56",42.25,-0.55,6700,3741700,"B"
"MWG","11:12:55",42.25,-0.55,3000,3735000,"B"
"MWG","11:12:53",42.25,-0.55,50000,3732000,"B"
"MWG","11:12:52",42.3,-0.5,5000,3682000,"S"
"MWG","11:12:50",42.25,-0.55,900,3677000,"B"
"MWG","11:12:46",42.3,-0.5,1300,3676100,"S"
"MWG","11:12:46",42.25,-0.55,600,3674800,"B"
"MWG","11:12:37",42.3,-0.5,6100,3674200,"B"
"MWG","11:12:36",42.3,-0.5,2000,3668100,"B"
"MWG","11:12:35",42.3,-0.5,200,3666100,"B"
"MWG","11:12:29",42.3,-0.5,1000,3665900,"B"
"MWG","11:12:28",42.3,-0.5,4100,3664900,"B"
"MWG","11:11:59",42.3,-0.5,100,3660800,"B"
"MWG","11:11:51",42.35,-0.45,2700,3660700,"S"
"MWG","11:11:44",42.35,-0.45,1000,3658000,"S"
"MWG","11:11:40",42.35,-0.45,200,3657000,"B"
"MWG","11:11:29",42.35,-0.45,100,3656800,"S"
"MWG","11:11:20",42.3,-0.5,1700,3656700,"B"
"MWG","11:11:20",42.3,-0.5,34900,3655000,"B"
"MWG","11:11:18",42.35,-0.45,200,3606700,"B"
"MWG","11:11:16",42.35,-0.45,500,3606500,"B"
"MWG","11:11:11",42.35,-0.45,100,3606000,"B"
"MWG","11:11:03",42.35,-0.45,1000,3605900,"B"
"MWG","11:11:03",42.35,-0.45,1700,3604900,"B"
"MWG","11:10:55",42.35,-0.45,100,3603200,"B"
"MWG","11:10:40",42.35,-0.45,4000,3603100,"B"
"MWG","11:10:36",42.35,-0.45,5000,3599100,"B"
"MWG","11:10:28",42.35,-0.45,3000,3594100,"B"
"MWG","11:10:17",42.35,-0.45,800,3591100,"B"
"MWG","11:10:10",42.35,-0.45,1100,3590300,"B"
"MWG","11:10:07",42.35,-0.45,400,3589200,"B"
"MWG","11:10:02",42.35,-0.45,100,3588800,"B"
"MWG","11:09:47",42.35,-0.45,700,3588700,"B"
"MWG","11:09:36",42.35,-0.45,20000,3587200,"B"
"MWG","11:09:19",42.35,-0.45,900,3567200,"B"
"MWG","11:09:18",42.4,-0.4,100,3566300,"S"
"MWG","11:09:14",42.35,-0.45,900,3566200,"B"
"MWG","11:09:09",42.35,-0.45,900,3565300,"B"
"MWG","11:09:06",42.4,-0.4,500,3564400,"S"
"MWG","11:09:05",42.35,-0.45,900,3563900,"B"
"MWG","11:09:00",42.35,-0.45,900,3563000,"B"
"MWG","11:08:54",42.35,-0.45,900,3562100,"B"
"MWG","11:08:34",42.35,-0.45,100,3561200,"B"
"MWG","11:08:25",42.35,-0.45,300,3561100,"B"
"MWG","11:08:12",42.4,-0.4,100,3560800,"S"
"MWG","11:08:10",42.4,-0.4,1000,3560700,"S"
"MWG","11:08:05",42.4,-0.4,500,3559700,"S"
"MWG","11:07:55",42.4,-0.4,2000,3559200,"S"
"MWG","11:07:11",42.35,-0.45,200,3557200,"B"
"MWG","11:07:10",42.4,-0.4,2000,3557000,"S"
"MWG","11:07:05",42.4,-0.4,800,3555000,"S"
"MWG","11:07:03",42.4,-0.4,1000,3554200,"S"
"MWG","11:07:01",42.35,-0.45,6000,3553200,"B"
"MWG","11:06:51",42.35,-0.45,9800,3547200,"B"
"MWG","11:06:25",42.3,-0.5,200,3537400,"B"
"MWG","11:06:22",42.35,-0.45,500,3537200,"S"
"MWG","11:06:07",42.3,-0.5,100,3536700,"B"
"MWG","11:06:01",42.35,-0.45,400,3536600,"S"
"MWG","11:05:56",42.35,-0.45,5000,3536200,"S"
"MWG","11:05:54",42.35,-0.45,300,3531200,"S"
"MWG","11:05:49",42.3,-0.5,900,3530900,"B"
"MWG","11:05:48",42.35,-0.45,100,3530000,"S"
"MWG","11:05:47",42.35,-0.45,17000,3529900,"B"
"MWG","11:05:43",42.4,-0.4,100,3512900,"S"
"MWG","11:05:40",42.35,-0.45,5700,3512800,"B"
"MWG","11:05:33",42.4,-0.4,500,3507100,"B"
"MWG","11:05:33",42.4,-0.4,16200,3506600,"B"
"MWG","11:05:27",42.45,-0.35,5500,3490400,"B"
"MWG","11:05:18",42.5,-0.3,800,3484900,"S"
"MWG","11:05:03",42.45,-0.35,300,3484100,"S"
"MWG","11:05:03",42.45,-0.35,4100,3483800,"B"
"MWG","11:04:53",42.5,-0.3,5700,3479700,"B"
"MWG","11:04:20",42.55,-0.25,900,3474000,"S"
"MWG","11:04:18",42.55,-0.25,1600,3473100,"B"
"MWG","11:04:18",42.55,-0.25,500,3471500,"B"
"MWG","11:04:09",42.55,-0.25,2800,3471000,"B"
"MWG","11:04:02",42.55,-0.25,3000,3468200,"B"
"MWG","11:03:54",42.55,-0.25,5700,3465200,"B"
"MWG","11:03:41",42.55,-0.25,5700,3459500,"B"
"MWG","11:03:35",42.55,-0.25,4200,3453800,"B"
"MWG","11:03:07",42.55,-0.25,300,3449600,"B"
"MWG","11:03:01",42.55,-0.25,7600,3449300,"B"
"MWG","11:02:50",42.55,-0.25,9600,3441700,"S"
"MWG","11:02:50",42.5,-0.3,11700,3432100,"S"
"MWG","11:02:49",42.5,-0.3,1000,3420400,"S"
"MWG","11:02:46",42.45,-0.35,700,3419400,"B"
"MWG","11:02:41",42.5,-0.3,100,3418500,"S"
"MWG","11:02:29",42.45,-0.35,1000,3418400,"B"
"MWG","11:02:14",42.45,-0.35,5700,3417400,"B"
"MWG","11:01:39",42.45,-0.35,300,3411700,"B"
"MWG","11:01:35",42.45,-0.35,200,3411400,"S"
"MWG","11:01:33",42.45,-0.35,500,3411200,"S"
"MWG","11:01:29",42.45,-0.35,100,3410700,"S"
"MWG","11:01:19",42.45,-0.35,9000,3410600,"S"
"MWG","11:01:15",42.45,-0.35,100,3401600,"S"
"MWG","11:01:13",42.45,-0.35,6100,3401500,"B"
"MWG","11:01:10",42.5,-0.3,5000,3395400,"S"
"MWG","11:00:53",42.45,-0.35,6200,3390400,"S"
"MWG","11:00:03",42.5,-0.3,7500,3384200,"S"
"MWG","11:00:03",42.45,-0.35,4200,3376700,"S"
"MWG","11:00:03",42.4,-0.4,18300,3372500,"S"
"MWG","11:00:02",42.3,-0.5,500,3354200,"B"
"MWG","11:00:02",42.35,-0.45,500,3353700,"B"
"MWG","10:59:52",42.4,-0.4,900,3353200,"S"
"MWG","10:59:44",42.4,-0.4,100,3352300,"S"
"MWG","10:59:43",42.4,-0.4,18500,3352200,"S"
"MWG","10:59:43",42.35,-0.45,11500,3333700,"S"
"MWG","10:59:42",42.35,-0.45,200,3322200,"S"
"MWG","10:59:40",42.3,-0.5,900,3322000,"B"
"MWG","10:59:36",42.3,-0.5,2000,3321100,"B"
"MWG","10:59:14",42.3,-0.5,2000,3319100,"B"
"MWG","10:59:13",42.3,-0.5,5000,3317100,"B"
"MWG","10:59:13",42.3,-0.5,500,3312100,"B"
"MWG","10:59:08",42.3,-0.5,2000,3311600,"B"
"MWG","10:59:06",42.3,-0.5,100,3309600,"S"
"MWG","10:59:04",42.3,-0.5,4400,3309500,"B"
"MWG","10:59:00",42.3,-0.5,300,3305100,"B"
"MWG","10:58:56",42.3,-0.5,47300,3304800,"S"
"MWG","10:58:56",42.25,-0.55,2100,3257500,"B"
"MWG","10:58:47",42.3,-0.5,200,3255400,"S"
"MWG","10:58:46",42.25,-0.55,43000,3255200,"B"
"MWG","10:58:45",42.3,-0.5,900,3212200,"S"
"MWG","10:58:39",42.3,-0.5,200,3211300,"S"
"MWG","10:58:20",42.3,-0.5,1000,3211100,"S"
"MWG","10:58:17",42.3,-0.5,1000,3210100,"S"
"MWG","10:58:14",42.3,-0.5,2600,3209100,"B"
"MWG","10:58:12",42.3,-0.5,800,3206500,"B"
"MWG","10:58:09",42.3,-0.5,9500,3205700,"B"
"MWG","10:58:07",42.3,-0.5,3300,3196200,"B"
"MWG","10:58:04",42.3,-0.5,900,3192900,"B"
"MWG","10:58:03",42.3,-0.5,8200,3192000,"S"
"MWG","10:58:02",42.3,-0.5,500,3183800,"S"
"MWG","10:57:54",42.25,-0.55,1000,3183300,"B"
"MWG","10:57:52",42.3,-0.5,200,3182300,"S"
"MWG","10:57:49",42.3,-0.5,100,3182100,"S"
"MWG","10:57:45",42.3,-0.5,5700,3182000,"B"
"MWG","10:57:42",42.3,-0.5,20000,3176300,"B"
"MWG","10:57:35",42.3,-0.5,1400,3156300,"B"
"MWG","10:57:29",42.3,-0.5,500,3154900,"B"
"MWG","10:57:29",42.35,-0.45,200,3154400,"S"
"MWG","10:57:29",42.3,-0.5,500,3154200,"B"
"MWG","10:57:23",42.3,-0.5,1100,3153700,"B"
"MWG","10:57:20",42.3,-0.5,2000,3152600,"B"
"MWG","10:57:19",42.3,-0.5,1000,3150600,"B"
"MWG","10:57:17",42.3,-0.5,4500,3149600,"B"
"MWG","10:57:16",42.3,-0.5,7900,3145100,"B"
"MWG","10:57:03",42.3,-0.5,1200,3137200,"B"
"MWG","10:57:02",42.3,-0.5,1000,3136000,"B"
"MWG","10:56:59",42.3,-0.5,500,3135000,"B"
"MWG","10:56:59",42.3,-0.5,200,3134500,"B"
"MWG","10:56:57",42.25,-0.55,2400,3134300,"B"
"MWG","10:56:57",42.3,-0.5,1700,3131900,"B"
"MWG","10:56:53",42.3,-0.5,300,3130200,"B"
"MWG","10:56:50",42.3,-0.5,4800,3129900,"B"
"MWG","10:56:50",42.3,-0.5,15200,3125100,"B"
"MWG","10:56:47",42.3,-0.5,300,3109900,"B"
"MWG","10:56:45",42.35,-0.45,2000,3109600,"S"
"MWG","10:56:41",42.35,-0.45,100,3107600,"S"
"MWG","10:56:41",42.3,-0.5,24700,3107500,"B"
"MWG","10:56:41",42.35,-0.45,5300,3082800,"B"
"MWG","10:56:39",42.35,-0.45,500,3077500,"B"
"MWG","10:56:39",42.35,-0.45,24200,3077000,"S"
"MWG","10:56:35",42.35,-0.45,5800,3052800,"B"
"MWG","10:56:34",42.35,-0.45,5700,3047000,"B"
"MWG","10:56:32",42.35,-0.45,500,3041300,"B"
"MWG","10:56:28",42.35,-0.45,2000,3040800,"B"
"MWG","10:56:26",42.35,-0.45,5300,3038800,"B"
"MWG","10:56:24",42.35,-0.45,15500,3033500,"B"
"MWG","10:56:23",42.35,-0.45,5000,3018000,"B"
"MWG","10:56:21",42.35,-0.45,200,3013000,"B"
"MWG","10:56:19",42.35,-0.45,500,3012800,"B"
"MWG","10:56:17",42.35,-0.45,8000,3012300,"B"
"MWG","10:56:15",42.4,-0.4,30000,3004300,"S"
"MWG","10:56:15",42.35,-0.45,9000,2974300,"B"
"MWG","10:56:12",42.35,-0.45,10000,2965300,"B"
"MWG","10:56:10",42.35,-0.45,1000,2955300,"B"
"MWG","10:56:09",42.35,-0.45,4400,2954300,"B"
"MWG","10:55:58",42.4,-0.4,100,2949900,"S"
"MWG","10:55:46",42.4,-0.4,46600,2949800,"B"
"MWG","10:55:44",42.4,-0.4,48700,2903200,"B"
"MWG","10:55:25",42.4,-0.4,13200,2854500,"B"
"MWG","10:55:25",42.45,-0.35,36800,2841300,"B"
"MWG","10:55:22",42.45,-0.35,200,2804500,"B"
"MWG","10:55:15",42.45,-0.35,500,2804300,"B"
"MWG","10:55:14",42.45,-0.35,2600,2803800,"B"
"MWG","10:55:12",42.45,-0.35,1000,2801200,"B"
"MWG","10:55:02",42.45,-0.35,2100,2800200,"B"
"MWG","10:54:57",42.45,-0.35,500,2798100,"B"
"MWG","10:54:54",42.45,-0.35,100,2797600,"S"
"MWG","10:54:51",42.4,-0.4,200,2797500,"B"
"MWG","10:54:51",42.45,-0.35,300,2797300,"B"
"MWG","10:54:49",42.45,-0.35,700,2797000,"S"
"MWG","10:54:48",42.45,-0.35,10000,2796300,"S"
"MWG","10:54:47",42.4,-0.4,1000,2786300,"B"
"MWG","10:54:47",42.45,-0.35,10300,2785300,"B"
"MWG","10:54:40",42.45,-0.35,500,2775000,"B"
"MWG","10:54:39",42.45,-0.35,9300,2774500,"S"
"MWG","10:54:39",42.45,-0.35,2000,2765200,"S"
"MWG","10:54:32",42.4,-0.4,5200,2763200,"B"
"MWG","10:54:29",42.45,-0.35,20000,2758000,"S"
"MWG","10:54:28",42.4,-0.4,800,2738000,"B"
"MWG","10:54:26",42.4,-0.4,7600,2737200,"B"
"MWG","10:54:26",42.45,-0.35,500,2729600,"B"
"MWG","10:54:23",42.45,-0.35,500,2729100,"B"
"MWG","10:54:18",42.45,-0.35,2000,2728600,"B"
"MWG","10:54:16",42.45,-0.35,9000,2726600,"B"
"MWG","10:54:06",42.45,-0.35,10200,2717600,"B"
"MWG","10:54:04",42.45,-0.35,7900,2707400,"B"
"MWG","10:54:00",42.5,-0.3,100,2699500,"S"
"MWG","10:54:00",42.45,-0.35,900,2699400,"B"
"MWG","10:53:54",42.4,-0.4,7900,2698500,"B"
"MWG","10:53:54",42.45,-0.35,31100,2690600,"B"
"MWG","10:53:49",42.45,-0.35,44800,2659500,"B"
"MWG","10:53:49",42.5,-0.3,5200,2614700,"B"
"MWG","10:53:40",42.5,-0.3,25000,2609500,"S"
"MWG","10:53:12",42.45,-0.35,6000,2584500,"B"
"MWG","10:53:05",42.45,-0.35,1000,2578500,"B"
"MWG","10:53:02",42.5,-0.3,8000,2577500,"S"
"MWG","10:52:55",42.45,-0.35,5700,2569500,"B"
"MWG","10:52:54",42.5,-0.3,1300,2563800,"B"
"MWG","10:52:45",42.5,-0.3,7000,2562500,"B"
"MWG","10:52:38",42.5,-0.3,6000,2555500,"B"
"MWG","10:52:28",42.5,-0.3,5700,2549500,"B"
"MWG","10:52:25",42.5,-0.3,11100,2543800,"S"
"MWG","10:52:25",42.45,-0.35,100,2532700,"B"
"MWG","10:52:24",42.5,-0.3,600,2532600,"S"
"MWG","10:52:16",42.5,-0.3,1100,2532000,"S"
"MWG","10:52:14",42.5,-0.3,500,2530900,"S"
"MWG","10:52:04",42.5,-0.3,900,2530400,"S"
"MWG","10:52:01",42.5,-0.3,500,2529500,"S"
"MWG","10:51:41",42.5,-0.3,300,2529000,"S"
"MWG","10:51:38",42.5,-0.3,9900,2528700,"B"
"MWG","10:51:23",42.5,-0.3,20100,2518800,"S"
"MWG","10:51:18",42.45,-0.35,4400,2498700,"B"
"MWG","10:51:09",42.5,-0.3,4500,2494300,"B"
"MWG","10:50:56",42.5,-0.3,30000,2489800,"B"
"MWG","10:50:46",42.55,-0.25,1000,2459800,"S"
"MWG","10:50:45",42.5,-0.3,10000,2458800,"B"
"MWG","10:50:15",42.55,-0.25,100,2448800,"S"
"MWG","10:50:06",42.55,-0.25,100,2448700,"S"
"MWG","10:49:51",42.55,-0.25,900,2448600,"S"
"MWG","10:49:17",42.55,-0.25,100,2447700,"S"
"MWG","10:49:13",42.5,-0.3,800,2447600,"S"
"MWG","10:49:11",42.5,-0.3,100,2446800,"S"
"MWG","10:49:02",42.5,-0.3,2300,2446700,"B"
"MWG","10:48:52",42.5,-0.3,500,2444400,"B"
"MWG","10:48:51",42.5,-0.3,7300,2443900,"B"
"MWG","10:48:51",42.5,-0.3,23700,2436600,"B"
"MWG","10:48:44",42.55,-0.25,800,2412900,"S"
"MWG","10:48:41",42.55,-0.25,100,2412100,"S"
"MWG","10:48:26",42.5,-0.3,6300,2412000,"S"
"MWG","10:48:14",42.5,-0.3,100,2405700,"S"
"MWG","10:48:12",42.5,-0.3,43600,2405600,"B"
"MWG","10:47:58",42.5,-0.3,1500,2362000,"S"
"MWG","10:47:56",42.5,-0.3,4400,2360500,"S"
"MWG","10:47:46",42.5,-0.3,30000,2356100,"S"
"MWG","10:47:43",42.5,-0.3,500,2326100,"S"
"MWG","10:47:38",42.5,-0.3,1000,2325600,"S"
"MWG","10:47:36",42.5,-0.3,800,2324600,"S"
"MWG","10:47:29",42.5,-0.3,1000,2323800,"S"
"MWG","10:47:26",42.45,-0.35,4600,2322800,"B"
"MWG","10:47:03",42.5,-0.3,300,2318200,"S"
"MWG","10:46:48",42.45,-0.35,5000,2317900,"B"
"MWG","10:46:37",42.5,-0.3,200,2312900,"S"
"MWG","10:46:29",42.5,-0.3,900,2312700,"S"
"MWG","10:46:28",42.5,-0.3,34200,2311800,"B"
"MWG","10:46:24",42.5,-0.3,3200,2277600,"B"
"MWG","10:46:24",42.5,-0.3,26800,2274400,"B"
"MWG","10:46:09",42.55,-0.25,500,2247600,"S"
"MWG","10:45:57",42.55,-0.25,7400,2247100,"S"
"MWG","10:45:56",42.55,-0.25,100,2239700,"S"
"MWG","10:45:44",42.55,-0.25,3000,2239600,"S"
"MWG","10:45:38",42.5,-0.3,4800,2236600,"B"
"MWG","10:45:25",42.5,-0.3,3100,2231800,"B"
"MWG","10:44:30",42.5,-0.3,100,2228700,"B"
"MWG","10:44:12",42.5,-0.3,200,2228600,"B"
"MWG","10:43:50",42.5,-0.3,4400,2228400,"B"
"MWG","10:43:25",42.55,-0.25,300,2224000,"S"
"MWG","10:43:24",42.55,-0.25,6400,2223700,"S"
"MWG","10:43:11",42.5,-0.3,2000,2217300,"B"
"MWG","10:42:39",42.5,-0.3,500,2215300,"B"
"MWG","10:42:25",42.5,-0.3,300,2214800,"S"
"MWG","10:42:24",42.5,-0.3,200,2214500,"S"
"MWG","10:42:23",42.5,-0.3,100,2214300,"S"
"MWG","10:42:22",42.5,-0.3,100,2214200,"S"
"MWG","10:42:20",42.5,-0.3,9300,2214100,"B"
"MWG","10:42:12",42.5,-0.3,1400,2204800,"B"
"MWG","10:42:03",42.55,-0.25,900,2203400,"S"
"MWG","10:41:59",42.55,-0.25,700,2202500,"S"
"MWG","10:41:59",42.5,-0.3,800,2201800,"S"
"MWG","10:41:55",42.5,-0.3,1000,2201000,"S"
"MWG","10:41:51",42.5,-0.3,100,2200000,"S"
"MWG","10:41:50",42.5,-0.3,2000,2199900,"S"
"MWG","10:41:49",42.5,-0.3,1800,2197900,"B"
"MWG","10:41:38",42.5,-0.3,4000,2196100,"B"
"MWG","10:41:22",42.5,-0.3,4000,2192100,"S"
"MWG","10:41:21",42.5,-0.3,100,2188100,"S"
"MWG","10:41:13",42.5,-0.3,4900,2188000,"B"
"MWG","10:41:11",42.5,-0.3,100,2183100,"B"
"MWG","10:40:49",42.5,-0.3,5700,2183000,"B"
"MWG","10:40:45",42.5,-0.3,1300,2177300,"B"
"MWG","10:40:38",42.5,-0.3,10000,2176000,"B"
"MWG","10:40:26",42.5,-0.3,500,2166000,"B"
"MWG","10:40:11",42.5,-0.3,5700,2165500,"B"
"MWG","10:40:10",42.55,-0.25,200,2159800,"S"
"MWG","10:40:07",42.55,-0.25,1000,2159600,"S"
"MWG","10:40:04",42.55,-0.25,2000,2158600,"S"
"MWG","10:40:01",42.5,-0.3,14900,2156600,"S"
"MWG","10:40:00",42.5,-0.3,1000,2141700,"S"
"MWG","10:39:57",42.5,-0.3,1000,2140700,"S"
"MWG","10:39:56",42.5,-0.3,25100,2139700,"S"
"MWG","10:39:55",42.5,-0.3,4900,2114600,"S"
"MWG","10:39:27",42.45,-0.35,1900,2109700,"S"
"MWG","10:39:27",42.45,-0.35,14100,2107800,"S"
"MWG","10:39:26",42.45,-0.35,500,2093700,"S"
"MWG","10:39:25",42.45,-0.35,1000,2093200,"S"
"MWG","10:39:24",42.45,-0.35,100,2092200,"S"
"MWG","10:39:23",42.4,-0.4,10000,2092100,"B"
"MWG","10:39:22",42.45,-0.35,30000,2082100,"S"
"MWG","10:39:18",42.45,-0.35,1000,2052100,"S"
"MWG","10:39:16",42.4,-0.4,1500,2051100,"B"
"MWG","10:39:14",42.45,-0.35,30000,2049600,"S"
"MWG","10:39:07",42.4,-0.4,300,2019600,"B"
"MWG","10:39:06",42.45,-0.35,2000,2019300,"S"
"MWG","10:38:58",42.4,-0.4,3000,2017300,"B"
"MWG","10:38:46",42.4,-0.4,6000,2014300,"B"
"MWG","10:38:30",42.4,-0.4,2500,2008300,"B"
"MWG","10:38:28",42.45,-0.35,1000,2005800,"S"
"MWG","10:38:28",42.4,-0.4,500,2004800,"B"
"MWG","10:38:27",42.4,-0.4,1500,2004300,"B"
"MWG","10:38:16",42.4,-0.4,300,2002800,"B"
"MWG","10:38:13",42.45,-0.35,1000,2002500,"S"
"MWG","10:38:09",42.45,-0.35,500,2001500,"S"
"MWG","10:38:01",42.45,-0.35,100,2001000,"S"
"MWG","10:37:55",42.45,-0.35,1000,2000900,"S"
"MWG","10:37:50",42.4,-0.4,4700,1999900,"B"
"MWG","10:37:49",42.45,-0.35,1000,1995200,"S"
"MWG","10:37:42",42.45,-0.35,2000,1994200,"S"
"MWG","10:37:41",42.4,-0.4,3500,1990200,"B"
"MWG","10:37:39",42.45,-0.35,1000,1986700,"S"
"MWG","10:37:39",42.45,-0.35,10000,1985700,"S"
"MWG","10:37:36",42.45,-0.35,600,1975700,"S"
"MWG","10:37:34",42.45,-0.35,900,1975100,"S"
"MWG","10:37:29",42.45,-0.35,100,1974200,"S"
"MWG","10:37:28",42.45,-0.35,5200,1974100,"B"
"MWG","10:37:25",42.45,-0.35,800,1968900,"B"
"MWG","10:37:25",42.45,-0.35,1300,1968100,"B"
"MWG","10:37:24",42.45,-0.35,4500,1966800,"B"
"MWG","10:37:20",42.45,-0.35,20000,1962300,"B"
"MWG","10:37:15",42.45,-0.35,100,1942300,"B"
"MWG","10:37:10",42.45,-0.35,33000,1942200,"B"
"MWG","10:36:58",42.45,-0.35,20000,1909200,"B"
"MWG","10:36:50",42.45,-0.35,10000,1889200,"B"
"MWG","10:36:48",42.5,-0.3,200,1879200,"S"
"MWG","10:36:46",42.5,-0.3,100,1879000,"S"
"MWG","10:36:46",42.45,-0.35,2000,1878900,"B"
"MWG","10:36:43",42.5,-0.3,300,1876900,"S"
"MWG","10:36:43",42.5,-0.3,700,1876600,"S"
"MWG","10:36:41",42.5,-0.3,8000,1875900,"S"
"MWG","10:36:37",42.5,-0.3,1000,1867900,"S"
"MWG","10:36:34",42.5,-0.3,200,1866900,"S"
"MWG","10:36:32",42.5,-0.3,1000,1866700,"S"
"MWG","10:36:32",42.45,-0.35,400,1865700,"B"
"MWG","10:36:29",42.5,-0.3,1200,1865300,"S"
"MWG","10:36:28",42.5,-0.3,200,1864100,"S"
"MWG","10:36:27",42.5,-0.3,900,1863900,"S"
"MWG","10:36:26",42.5,-0.3,200,1863000,"S"
"MWG","10:36:25",42.5,-0.3,100,1862800,"S"
"MWG","10:36:19",42.5,-0.3,10000,1862700,"S"
"MWG","10:36:04",42.5,-0.3,5000,1852700,"S"
"MWG","10:36:03",42.5,-0.3,100,1847700,"S"
"MWG","10:36:02",42.45,-0.35,4900,1847600,"B"
"MWG","10:35:49",42.5,-0.3,100,1842700,"S"
"MWG","10:35:45",42.5,-0.3,100,1842600,"S"
"MWG","10:35:20",42.5,-0.3,1900,1842500,"S"
"MWG","10:35:18",42.5,-0.3,5000,1840600,"S"
"MWG","10:35:17",42.5,-0.3,500,1835600,"S"
"MWG","10:35:17",42.5,-0.3,500,1835100,"S"
"MWG","10:35:13",42.5,-0.3,100,1834600,"S"
"MWG","10:35:10",42.45,-0.35,5700,1834500,"B"
"MWG","10:35:10",42.5,-0.3,5000,1828800,"S"
"MWG","10:35:09",42.5,-0.3,100,1823800,"S"
"MWG","10:35:04",42.5,-0.3,300,1823700,"S"
"MWG","10:34:49",42.5,-0.3,200,1823400,"S"
"MWG","10:34:48",42.5,-0.3,300,1823200,"S"
"MWG","10:34:38",42.5,-0.3,2300,1822900,"B"
"MWG","10:34:38",42.55,-0.25,5000,1820600,"S"
"MWG","10:34:37",42.5,-0.3,500,1815600,"B"
"MWG","10:34:36",42.5,-0.3,10700,1815100,"B"
"MWG","10:34:32",42.5,-0.3,400,1804400,"B"
"MWG","10:34:28",42.5,-0.3,10000,1804000,"B"
"MWG","10:34:20",42.45,-0.35,7100,1794000,"B"
"MWG","10:34:18",42.45,-0.35,1000,1786900,"B"
"MWG","10:34:17",42.45,-0.35,4100,1785900,"B"
"MWG","10:34:17",42.5,-0.3,1600,1781800,"B"
"MWG","10:34:14",42.5,-0.3,2200,1780200,"B"
"MWG","10:34:14",42.5,-0.3,2300,1778000,"B"
"MWG","10:34:13",42.5,-0.3,4400,1775700,"B"
"MWG","10:34:13",42.5,-0.3,5600,1771300,"B"
"MWG","10:34:13",42.55,-0.25,500,1765700,"S"
"MWG","10:34:07",42.5,-0.3,54000,1765200,"B"
"MWG","10:34:04",42.5,-0.3,2000,1711200,"B"
"MWG","10:34:02",42.55,-0.25,10000,1709200,"S"
"MWG","10:33:59",42.55,-0.25,1000,1699200,"S"
"MWG","10:33:54",42.55,-0.25,100,1698200,"S"
"MWG","10:33:53",42.55,-0.25,200,1698100,"S"
"MWG","10:33:51",42.5,-0.3,7500,1697900,"B"
"MWG","10:33:50",42.5,-0.3,4000,1690400,"B"
"MWG","10:33:50",42.5,-0.3,1000,1686400,"B"
"MWG","10:33:46",42.55,-0.25,800,1685400,"B"
"MWG","10:33:45",42.55,-0.25,3000,1684600,"B"
"MWG","10:33:44",42.55,-0.25,1000,1681600,"B"
"MWG","10:33:42",42.55,-0.25,600,1680600,"B"
"MWG","10:33:41",42.55,-0.25,2100,1680000,"S"
"MWG","10:33:41",42.55,-0.25,500,1677900,"S"
"MWG","10:33:39",42.55,-0.25,500,1677400,"S"
"MWG","10:33:36",42.55,-0.25,2700,1676900,"B"
"MWG","10:33:29",42.55,-0.25,6000,1674200,"B"
"MWG","10:33:28",42.55,-0.25,1500,1668200,"B"
"MWG","10:33:25",42.55,-0.25,5700,1666700,"B"
"MWG","10:33:23",42.55,-0.25,30000,1661000,"B"
"MWG","10:33:15",42.55,-0.25,700,1631000,"B"
"MWG","10:33:12",42.55,-0.25,3100,1630300,"B"
"MWG","10:33:07",42.55,-0.25,5700,1627200,"B"
"MWG","10:33:06",42.6,-0.2,800,1621500,"S"
"MWG","10:33:05",42.6,-0.2,400,1620700,"S"
"MWG","10:33:05",42.55,-0.25,3000,1620300,"B"
"MWG","10:32:58",42.55,-0.25,11500,1617300,"B"
"MWG","10:32:57",42.55,-0.25,100,1605800,"B"
"MWG","10:32:45",42.6,-0.2,500,1605700,"S"
"MWG","10:32:44",42.55,-0.25,5700,1605200,"B"
"MWG","10:32:39",42.55,-0.25,2000,1599500,"B"
"MWG","10:32:36",42.6,-0.2,100,1597500,"S"
"MWG","10:32:35",42.55,-0.25,12400,1597400,"B"
"MWG","10:32:34",42.55,-0.25,1000,1585000,"B"
"MWG","10:32:29",42.55,-0.25,5700,1584000,"B"
"MWG","10:32:27",42.6,-0.2,100,1578300,"S"
"MWG","10:32:27",42.55,-0.25,4800,1578200,"B"
"MWG","10:32:20",42.6,-0.2,300,1573400,"S"
"MWG","10:32:20",42.6,-0.2,400,1573100,"S"
"MWG","10:32:14",42.6,-0.2,1000,1572700,"S"
"MWG","10:32:13",42.6,-0.2,3300,1571700,"S"
"MWG","10:32:00",42.6,-0.2,24000,1568400,"B"
"MWG","10:31:57",42.6,-0.2,5700,1544400,"B"
"MWG","10:31:54",42.6,-0.2,3000,1538700,"B"
"MWG","10:31:53",42.6,-0.2,500,1535700,"B"
"MWG","10:31:52",42.6,-0.2,10000,1535200,"B"
"MWG","10:31:44",42.6,-0.2,20000,1523900,"B"
"MWG","10:31:33",42.6,-0.2,3800,1503900,"B"
"MWG","10:31:32",42.6,-0.2,1900,1500100,"B"
"MWG","10:31:31",42.6,-0.2,1900,1498200,"B"
"MWG","10:31:27",42.6,-0.2,200,1496300,"B"
"MWG","10:31:24",42.6,-0.2,1500,1496100,"B"
"MWG","10:30:54",42.6,-0.2,10000,1494600,"B"
"MWG","10:30:48",42.6,-0.2,500,1484600,"B"
"MWG","10:30:44",42.65,-0.15,200,1484100,"S"
"MWG","10:30:34",42.65,-0.15,3100,1483900,"B"
"MWG","10:30:30",42.65,-0.15,700,1480800,"B"
"MWG","10:30:26",42.65,-0.15,10000,1480100,"B"
"MWG","10:30:25",42.65,-0.15,2000,1470100,"B"
"MWG","10:30:23",42.65,-0.15,400,1468100,"B"
"MWG","10:30:21",42.65,-0.15,20000,1467700,"B"
"MWG","10:30:11",42.65,-0.15,500,1447700,"B"
"MWG","10:30:05",42.65,-0.15,700,1447200,"B"
"MWG","10:30:04",42.7,-0.1,3000,1446500,"S"
"MWG","10:29:57",42.65,-0.15,100,1443500,"B"
"MWG","10:29:45",42.7,-0.1,900,1443400,"S"
"MWG","10:29:17",42.7,-0.1,200,1442500,"S"
"MWG","10:29:07",42.7,-0.1,200,1442300,"S"
"MWG","10:28:57",42.7,-0.1,400,1442100,"B"
"MWG","10:28:44",42.65,-0.15,800,1441700,"B"
"MWG","10:28:43",42.65,-0.15,43000,1440900,"B"
"MWG","10:28:43",42.7,-0.1,6200,1397900,"B"
"MWG","10:28:42",42.7,-0.1,13800,1391700,"S"
"MWG","10:28:39",42.7,-0.1,800,1377900,"S"
"MWG","10:28:32",42.7,-0.1,14200,1377100,"S"
"MWG","10:28:29",42.65,-0.15,400,1362900,"B"
"MWG","10:28:28",42.7,-0.1,100,1362500,"S"
"MWG","10:28:24",42.7,-0.1,100,1362400,"S"
"MWG","10:28:01",42.65,-0.15,1100,1362300,"B"
"MWG","10:27:55",42.7,-0.1,100,1361200,"S"
"MWG","10:27:52",42.7,-0.1,100,1361100,"S"
"MWG","10:27:47",42.7,-0.1,1000,1361000,"S"
"MWG","10:27:43",42.7,-0.1,100,1360000,"S"
"MWG","10:27:41",42.7,-0.1,100,1359900,"S"
"MWG","10:27:40",42.7,-0.1,400,1359800,"S"
"MWG","10:27:31",42.7,-0.1,900,1359400,"S"
"MWG","10:27:31",42.7,-0.1,1500,1358500,"S"
"MWG","10:27:18",42.7,-0.1,600,1357000,"S"
"MWG","10:27:15",42.65,-0.15,100,1356400,"B"
"MWG","10:27:09",42.7,-0.1,100,1356300,"S"
"MWG","10:26:56",42.7,-0.1,2200,1356200,"S"
"MWG","10:26:53",42.65,-0.15,2000,1354000,"B"
"MWG","10:26:44",42.7,-0.1,500,1352000,"S"
"MWG","10:26:41",42.65,-0.15,4900,1351500,"B"
"MWG","10:26:24",42.7,-0.1,1400,1346600,"S"
"MWG","10:26:00",42.7,-0.1,500,1345200,"S"
"MWG","10:25:50",42.7,-0.1,3000,1344700,"S"
"MWG","10:25:49",42.7,-0.1,100,1341700,"S"
"MWG","10:25:42",42.7,-0.1,100,1341600,"S"
"MWG","10:25:41",42.7,-0.1,200,1341500,"S"
"MWG","10:25:29",42.7,-0.1,8000,1341300,"B"
"MWG","10:25:18",42.75,-0.05,800,1333300,"S"
"MWG","10:25:11",42.75,-0.05,100,1332500,"S"
"MWG","10:25:02",42.7,-0.1,100,1332400,"B"
"MWG","10:24:25",42.7,-0.1,700,1332300,"S"
"MWG","10:24:23",42.7,-0.1,200,1331600,"S"
"MWG","10:24:22",42.7,-0.1,1000,1331400,"S"
"MWG","10:24:18",42.7,-0.1,4900,1330400,"S"
"MWG","10:24:16",42.7,-0.1,200,1325500,"S"
"MWG","10:24:15",42.7,-0.1,1500,1325300,"S"
"MWG","10:24:13",42.7,-0.1,100,1323800,"S"
"MWG","10:24:12",42.7,-0.1,100,1323700,"S"
"MWG","10:24:11",42.7,-0.1,900,1323600,"S"
"MWG","10:24:09",42.7,-0.1,2000,1322700,"S"
"MWG","10:24:08",42.7,-0.1,5000,1320700,"S"
"MWG","10:24:07",42.7,-0.1,300,1315700,"S"
"MWG","10:24:01",42.7,-0.1,100,1315400,"S"
"MWG","10:23:55",42.7,-0.1,100,1315300,"S"
"MWG","10:23:53",42.7,-0.1,2000,1315200,"S"
"MWG","10:23:42",42.7,-0.1,10000,1313200,"S"
"MWG","10:23:29",42.7,-0.1,3000,1303200,"S"
"MWG","10:23:27",42.65,-0.15,600,1300200,"B"
"MWG","10:23:22",42.7,-0.1,2000,1299600,"S"
"MWG","10:23:16",42.7,-0.1,100,1297600,"S"
"MWG","10:23:11",42.7,-0.1,100,1297500,"S"
"MWG","10:23:06",42.7,-0.1,400,1297400,"S"
"MWG","10:22:49",42.65,-0.15,100,1297000,"B"
"MWG","10:22:48",42.7,-0.1,500,1296900,"S"
"MWG","10:22:46",42.7,-0.1,500,1296400,"S"
"MWG","10:22:44",42.65,-0.15,4700,1295900,"B"
"MWG","10:22:40",42.7,-0.1,1700,1291200,"S"
"MWG","10:22:39",42.7,-0.1,500,1289500,"S"
"MWG","10:22:23",42.7,-0.1,400,1289000,"S"
"MWG","10:22:20",42.7,-0.1,200,1288600,"S"
"MWG","10:22:18",42.7,-0.1,3900,1288400,"S"
"MWG","10:22:03",42.7,-0.1,2000,1284500,"S"
"MWG","10:22:01",42.65,-0.15,200,1282500,"B"
"MWG","10:21:51",42.65,-0.15,10000,1282300,"B"
"MWG","10:21:41",42.65,-0.15,10000,1272300,"B"
"MWG","10:21:22",42.65,-0.15,200,1262300,"B"
"MWG","10:20:56",42.65,-0.15,4700,1262100,"B"
"MWG","10:20:51",42.65,-0.15,500,1257400,"B"
"MWG","10:20:50",42.7,-0.1,800,1256900,"S"
"MWG","10:20:46",42.7,-0.1,100,1256100,"S"
"MWG","10:20:42",42.7,-0.1,200,1256000,"S"
"MWG","10:20:41",42.7,-0.1,100,1255800,"S"
"MWG","10:20:40",42.7,-0.1,1900,1255700,"S"
"MWG","10:20:33",42.7,-0.1,1000,1253800,"S"
"MWG","10:20:32",42.7,-0.1,500,1252800,"S"
"MWG","10:20:28",42.7,-0.1,500,1252300,"S"
"MWG","10:20:19",42.7,-0.1,8700,1251800,"B"
"MWG","10:20:16",42.75,-0.05,100,1243100,"S"
"MWG","10:20:12",42.7,-0.1,2500,1243000,"B"
"MWG","10:19:59",42.7,-0.1,700,1240500,"S"
"MWG","10:19:52",42.65,-0.15,32800,1239800,"B"
"MWG","10:19:52",42.7,-0.1,17200,1207000,"B"
"MWG","10:19:40",42.7,-0.1,200,1189800,"B"
"MWG","10:19:17",42.7,-0.1,1200,1189600,"B"
"MWG","10:19:16",42.7,-0.1,1000,1188400,"B"
"MWG","10:19:14",42.7,-0.1,2000,1187400,"B"
"MWG","10:19:08",42.7,-0.1,4900,1185400,"B"
"MWG","10:19:01",42.7,-0.1,900,1180500,"B"
"MWG","10:18:50",42.7,-0.1,3000,1179600,"B"
"MWG","10:18:44",42.7,-0.1,19700,1176600,"B"
"MWG","10:18:43",42.7,-0.1,200,1156900,"B"
"MWG","10:18:37",42.7,-0.1,6000,1156700,"B"
"MWG","10:18:36",42.7,-0.1,1000,1150700,"B"
"MWG","10:18:22",42.7,-0.1,200,1149700,"B"
"MWG","10:18:20",42.7,-0.1,5000,1149500,"B"
"MWG","10:18:19",42.75,-0.05,200,1144500,"S"
"MWG","10:18:10",42.7,-0.1,10000,1144300,"B"
"MWG","10:18:09",42.75,-0.05,100,1134300,"S"
"MWG","10:17:50",42.75,-0.05,200,1134200,"S"
"MWG","10:17:33",42.75,-0.05,5700,1134000,"B"
"MWG","10:17:32",42.75,-0.05,7500,1128300,"B"
"MWG","10:17:21",42.75,-0.05,14700,1120800,"B"
"MWG","10:17:17",42.75,-0.05,500,1106100,"B"
"MWG","10:17:12",42.75,-0.05,100,1105600,"B"
"MWG","10:16:39",42.75,-0.05,100,1105500,"B"
"MWG","10:16:05",42.75,-0.05,200,1105400,"B"
"MWG","10:15:32",42.75,-0.05,4900,1105200,"B"
"MWG","10:15:24",42.75,-0.05,3000,1100300,"B"
"MWG","10:15:07",42.75,-0.05,1000,1097300,"B"
"MWG","10:15:02",42.75,-0.05,4100,1096300,"B"
"MWG","10:15:01",42.75,-0.05,5500,1092200,"B"
"MWG","10:14:53",42.75,-0.05,3000,1086700,"B"
"MWG","10:14:30",42.75,-0.05,200,1083700,"B"
"MWG","10:14:28",42.75,-0.05,2000,1083500,"B"
"MWG","10:14:24",42.75,-0.05,5000,1081500,"B"
"MWG","10:14:04",42.75,-0.05,100,1076500,"B"
"MWG","10:14:03",42.75,-0.05,7700,1076400,"B"
"MWG","10:14:03",42.75,-0.05,6800,1068700,"B"
"MWG","10:13:56",42.75,-0.05,1900,1061900,"B"
"MWG","10:13:54",42.75,-0.05,100,1060000,"B"
"MWG","10:13:53",42.8,0,900,1059900,"S"
"MWG","10:13:46",42.75,-0.05,3000,1059000,"B"
"MWG","10:13:44",42.75,-0.05,5000,1056000,"B"
"MWG","10:13:38",42.75,-0.05,100,1051000,"B"
"MWG","10:13:28",42.8,0,100,1050900,"S"
"MWG","10:13:20",42.75,-0.05,1900,1050800,"B"
"MWG","10:13:08",42.8,0,100,1048900,"S"
"MWG","10:13:01",42.8,0,800,1048800,"S"
"MWG","10:12:57",42.8,0,7000,1048000,"S"
"MWG","10:12:47",42.75,-0.05,200,1041000,"B"
"MWG","10:12:33",42.8,0,200,1040800,"S"
"MWG","10:12:29",42.8,0,200,1040600,"S"
"MWG","10:12:24",42.8,0,1000,1040400,"S"
"MWG","10:12:09",42.8,0,2500,1039400,"S"
"MWG","10:11:59",42.75,-0.05,1500,1036900,"B"
"MWG","10:11:56",42.75,-0.05,5100,1035400,"B"
"MWG","10:11:09",42.75,-0.05,3200,1030300,"B"
"MWG","10:11:07",42.8,0,1000,1027100,"S"
"MWG","10:10:48",42.8,0,800,1026100,"S"
"MWG","10:10:47",42.8,0,200,1025300,"S"
"MWG","10:10:42",42.8,0,46200,1025100,"B"
"MWG","10:10:39",42.8,0,34000,978900,"B"
"MWG","10:10:34",42.8,0,600,944900,"B"
"MWG","10:10:33",42.85,0.05,500,944300,"S"
"MWG","10:10:32",42.85,0.05,1000,943800,"S"
"MWG","10:10:18",42.8,0,5700,942800,"B"
"MWG","10:10:08",42.8,0,4800,937100,"B"
"MWG","10:10:06",42.85,0.05,100,932300,"S"
"MWG","10:10:03",42.8,0,1000,932200,"B"
"MWG","10:09:43",42.85,0.05,500,931200,"S"
"MWG","10:09:41",42.85,0.05,900,930700,"S"
"MWG","10:09:35",42.85,0.05,100,929800,"S"
"MWG","10:09:15",42.85,0.05,1100,929700,"S"
"MWG","10:08:41",42.85,0.05,100,928600,"S"
"MWG","10:08:35",42.85,0.05,1000,928500,"S"
"MWG","10:08:34",42.85,0.05,800,927500,"S"
"MWG","10:08:20",42.85,0.05,3000,926700,"B"
"MWG","10:08:15",42.85,0.05,500,923700,"B"
"MWG","10:08:13",42.85,0.05,5000,923200,"B"
"MWG","10:08:04",42.85,0.05,300,918200,"B"
"MWG","10:07:05",42.85,0.05,1300,917900,"S"
"MWG","10:06:58",42.85,0.05,1300,916600,"S"
"MWG","10:06:55",42.85,0.05,18500,915300,"B"
"MWG","10:06:53",42.85,0.05,500,896800,"B"
"MWG","10:06:32",42.85,0.05,5000,896300,"B"
"MWG","10:06:28",42.9,0.1,900,891300,"B"
"MWG","10:06:28",42.9,0.1,500,890400,"B"
"MWG","10:06:16",42.9,0.1,1000,889900,"B"
"MWG","10:06:05",42.9,0.1,5000,888900,"B"
"MWG","10:06:05",42.9,0.1,3500,883900,"S"
"MWG","10:06:01",42.85,0.05,8700,880400,"B"
"MWG","10:05:55",42.85,0.05,2500,871700,"B"
"MWG","10:05:31",42.85,0.05,500,869200,"B"
"MWG","10:05:27",42.85,0.05,600,868700,"B"
"MWG","10:05:06",42.85,0.05,1000,868100,"B"
"MWG","10:04:44",42.9,0.1,1700,867100,"B"
"MWG","10:04:32",42.9,0.1,300,865400,"S"
"MWG","10:04:29",42.9,0.1,200,865100,"B"
"MWG","10:04:15",42.9,0.1,100,864900,"B"
"MWG","10:04:06",42.9,0.1,700,864800,"S"
"MWG","10:03:59",42.9,0.1,2000,864100,"S"
"MWG","10:03:27",42.9,0.1,200,862100,"S"
"MWG","10:03:24",42.9,0.1,100,861900,"S"
"MWG","10:03:21",42.9,0.1,500,861800,"S"
"MWG","10:03:16",42.9,0.1,100,861300,"S"
"MWG","10:03:15",42.85,0.05,100,861200,"B"
"MWG","10:03:14",42.9,0.1,2000,861100,"S"
"MWG","10:03:07",42.9,0.1,100,859100,"S"
"MWG","10:03:00",42.9,0.1,1000,859000,"S"
"MWG","10:02:59",42.9,0.1,800,858000,"S"
"MWG","10:02:56",42.9,0.1,100,857200,"B"
"MWG","10:02:55",42.9,0.1,1900,857100,"S"
"MWG","10:02:48",42.9,0.1,5000,855200,"S"
"MWG","10:02:35",42.9,0.1,100,850200,"S"
"MWG","10:02:25",42.85,0.05,1500,850100,"B"
"MWG","10:02:24",42.85,0.05,100,848600,"B"
"MWG","10:02:20",42.9,0.1,100,848500,"S"
"MWG","10:01:56",42.9,0.1,2000,848400,"S"
"MWG","10:01:54",42.9,0.1,100,846400,"S"
"MWG","10:01:52",42.9,0.1,900,846300,"S"
"MWG","10:01:40",42.9,0.1,500,845400,"S"
"MWG","10:01:28",42.9,0.1,200,844900,"S"
"MWG","10:01:24",42.9,0.1,2800,844700,"S"
"MWG","10:01:20",42.9,0.1,2000,841900,"S"
"MWG","10:01:09",42.9,0.1,2400,839900,"B"
"MWG","10:01:08",42.9,0.1,1000,837500,"B"
"MWG","10:01:08",42.9,0.1,4800,836500,"B"
"MWG","10:01:05",42.95,0.15,500,831700,"S"
"MWG","10:01:04",42.95,0.15,3000,831200,"S"
"MWG","10:01:00",42.9,0.1,10000,828200,"B"
"MWG","10:00:46",42.95,0.15,800,818200,"S"
"MWG","10:00:32",42.95,0.15,100,817400,"S"
"MWG","10:00:29",42.9,0.1,1600,817300,"B"
"MWG","10:00:25",42.9,0.1,600,815700,"B"
"MWG","10:00:16",42.95,0.15,100,815100,"S"
"MWG","10:00:15",42.9,0.1,1000,815000,"B"
"MWG","09:59:41",42.9,0.1,5000,814000,"B"
"MWG","09:59:38",42.95,0.15,900,809000,"S"
"MWG","09:59:29",42.95,0.15,500,808100,"S"
"MWG","09:59:15",42.95,0.15,200,807600,"B"
"MWG","09:58:53",42.95,0.15,100,807400,"B"
"MWG","09:58:50",42.95,0.15,200,807300,"S"
"MWG","09:58:49",42.95,0.15,300,807100,"S"
"MWG","09:58:41",42.95,0.15,100,806800,"S"
"MWG","09:58:31",42.95,0.15,900,806700,"S"
"MWG","09:58:31",42.95,0.15,100,805800,"S"
"MWG","09:58:26",42.9,0.1,100,805700,"B"
"MWG","09:58:21",42.9,0.1,1000,805600,"B"
"MWG","09:58:19",42.95,0.15,15100,804600,"S"
"MWG","09:58:13",42.9,0.1,1000,789500,"B"
"MWG","09:57:37",42.9,0.1,500,788500,"B"
"MWG","09:57:26",42.9,0.1,1000,788000,"B"
"MWG","09:57:19",42.9,0.1,4900,787000,"B"
"MWG","09:57:18",42.9,0.1,200,782100,"B"
"MWG","09:57:13",42.95,0.15,11600,781900,"S"
"MWG","09:56:56",42.9,0.1,2800,770300,"B"
"MWG","09:56:47",42.95,0.15,100,767500,"S"
"MWG","09:56:29",42.9,0.1,500,767400,"B"
"MWG","09:56:18",42.9,0.1,2000,766900,"B"
"MWG","09:56:17",42.95,0.15,900,764900,"S"
"MWG","09:55:58",42.95,0.15,100,764000,"S"
"MWG","09:55:57",42.95,0.15,1100,763900,"S"
"MWG","09:55:52",42.95,0.15,100,762800,"S"
"MWG","09:55:42",42.95,0.15,1300,762700,"S"
"MWG","09:55:37",42.95,0.15,100,761400,"S"
"MWG","09:55:31",42.9,0.1,5100,761300,"B"
"MWG","09:55:27",42.95,0.15,200,756200,"S"
"MWG","09:55:26",42.9,0.1,300,756000,"B"
"MWG","09:55:24",42.95,0.15,300,755700,"S"
"MWG","09:55:10",42.95,0.15,800,755400,"S"
"MWG","09:55:07",42.95,0.15,100,754600,"S"
"MWG","09:54:59",42.95,0.15,7200,754500,"B"
"MWG","09:54:47",42.95,0.15,9700,747300,"B"
"MWG","09:54:46",42.95,0.15,20300,737600,"B"
"MWG","09:54:35",43,0.2,500,717300,"S"
"MWG","09:54:18",43,0.2,500,716800,"S"
"MWG","09:54:08",43,0.2,800,716300,"B"
"MWG","09:54:04",43,0.2,100,715500,"S"
"MWG","09:54:00",43,0.2,2000,715400,"S"
"MWG","09:53:43",42.95,0.15,5000,713400,"B"
"MWG","09:53:40",43.05,0.25,4800,708400,"S"
"MWG","09:53:31",43,0.2,800,703400,"B"
"MWG","09:53:13",43.05,0.25,100,702600,"S"
"MWG","09:53:06",43,0.2,4800,702500,"B"
"MWG","09:53:03",43.05,0.25,600,697700,"S"
"MWG","09:53:00",43,0.2,2000,697100,"B"
"MWG","09:52:57",43.05,0.25,900,695100,"S"
"MWG","09:52:20",43.05,0.25,500,694200,"S"
"MWG","09:52:06",43.1,0.3,1700,693700,"S"
"MWG","09:52:06",43.05,0.25,300,692000,"S"
"MWG","09:51:54",43.1,0.3,700,691700,"S"
"MWG","09:51:54",43.05,0.25,300,691000,"S"
"MWG","09:51:52",43.05,0.25,200,690700,"B"
"MWG","09:51:50",43.1,0.3,900,690500,"S"
"MWG","09:51:25",43.1,0.3,500,689600,"S"
"MWG","09:51:00",43.1,0.3,100,689100,"S"
"MWG","09:50:55",43.05,0.25,1500,689000,"B"
"MWG","09:50:42",43.05,0.25,42800,687500,"S"
"MWG","09:50:42",43,0.2,2100,644700,"S"
"MWG","09:50:39",43,0.2,2900,642600,"B"
"MWG","09:50:21",43,0.2,100,639700,"B"
"MWG","09:50:19",43,0.2,1000,639600,"B"
"MWG","09:50:03",43,0.2,1000,638600,"B"
"MWG","09:49:53",43,0.2,3000,637600,"B"
"MWG","09:49:33",43,0.2,1700,634600,"B"
"MWG","09:49:26",43,0.2,5000,632900,"B"
"MWG","09:49:25",43,0.2,100,627900,"B"
"MWG","09:49:20",43,0.2,3000,627800,"B"
"MWG","09:49:19",43.05,0.25,1000,624800,"S"
"MWG","09:48:56",43,0.2,5700,623800,"B"
"MWG","09:48:52",43,0.2,100,618100,"B"
"MWG","09:48:37",43,0.2,1000,618000,"B"
"MWG","09:48:26",43,0.2,600,617000,"S"
"MWG","09:48:25",43,0.2,700,616400,"S"
"MWG","09:48:22",43,0.2,100,615700,"S"
"MWG","09:48:12",43.05,0.25,10200,615600,"S"
"MWG","09:48:12",43,0.2,14800,605400,"S"
"MWG","09:48:05",43,0.2,1000,590600,"S"
"MWG","09:48:00",43,0.2,1000,589600,"S"
"MWG","09:47:28",43,0.2,500,588600,"S"
"MWG","09:47:03",42.95,0.15,3000,588100,"B"
"MWG","09:46:50",43,0.2,100,585100,"S"
"MWG","09:46:38",43,0.2,500,585000,"S"
"MWG","09:46:33",43,0.2,40000,584500,"S"
"MWG","09:46:32",43,0.2,2000,544500,"S"
"MWG","09:46:18",43,0.2,500,542500,"S"
"MWG","09:45:35",42.95,0.15,5300,542000,"B"
"MWG","09:45:08",43,0.2,900,536700,"S"
"MWG","09:44:45",43,0.2,100,535800,"S"
"MWG","09:44:25",42.95,0.15,200,535700,"B"
"MWG","09:44:24",42.95,0.15,1000,535500,"B"
"MWG","09:44:09",43,0.2,500,534500,"S"
"MWG","09:43:47",42.95,0.15,5000,534000,"B"
"MWG","09:43:47",43,0.2,100,529000,"S"
"MWG","09:43:46",43,0.2,100,528900,"S"
"MWG","09:43:11",43,0.2,100,528800,"S"
"MWG","09:42:57",42.95,0.15,100,528700,"B"
"MWG","09:42:55",42.95,0.15,100,528600,"B"
"MWG","09:42:50",42.95,0.15,900,528500,"B"
"MWG","09:42:24",42.95,0.15,600,527600,"B"
"MWG","09:41:59",42.95,0.15,500,527000,"B"
"MWG","09:41:59",42.95,0.15,4700,526500,"B"
"MWG","09:41:47",42.95,0.15,500,521800,"B"
"MWG","09:41:25",42.95,0.15,200,521300,"B"
"MWG","09:41:24",42.95,0.15,500,521100,"B"
"MWG","09:40:32",42.95,0.15,100,520600,"B"
"MWG","09:40:11",42.95,0.15,5100,520500,"B"
"MWG","09:39:41",43,0.2,100,515400,"S"
"MWG","09:39:33",43,0.2,1700,515300,"S"
"MWG","09:39:18",43,0.2,900,513600,"S"
"MWG","09:38:57",43,0.2,100,512700,"S"
"MWG","09:38:54",42.95,0.15,100,512600,"B"
"MWG","09:38:23",42.95,0.15,4900,512500,"B"
"MWG","09:38:17",43,0.2,200,507600,"S"
"MWG","09:37:39",43,0.2,100,507400,"S"
"MWG","09:37:20",43.05,0.25,900,507300,"S"
"MWG","09:37:07",43.05,0.25,6200,506400,"S"
"MWG","09:37:07",43,0.2,100,500200,"S"
"MWG","09:37:00",43,0.2,1000,500100,"B"
"MWG","09:36:35",43,0.2,5100,499100,"B"
"MWG","09:36:32",43.05,0.25,1000,494000,"S"
"MWG","09:36:25",43,0.2,10000,493000,"B"
"MWG","09:36:13",43.05,0.25,800,483000,"S"
"MWG","09:35:37",43.05,0.25,200,482200,"S"
"MWG","09:35:12",43.05,0.25,200,482000,"S"
"MWG","09:34:56",43,0.2,2400,481800,"B"
"MWG","09:34:55",43,0.2,1000,479400,"B"
"MWG","09:34:50",43,0.2,1600,478400,"B"
"MWG","09:34:42",43,0.2,600,476800,"B"
"MWG","09:33:53",43,0.2,27700,476200,"S"
"MWG","09:33:47",42.95,0.15,1000,448500,"B"
"MWG","09:33:32",42.95,0.15,400,447500,"B"
"MWG","09:33:16",42.95,0.15,5900,447100,"S"
"MWG","09:33:05",42.95,0.15,5700,441200,"S"
"MWG","09:32:57",42.95,0.15,200,435500,"S"
"MWG","09:32:52",42.95,0.15,900,435300,"S"
"MWG","09:32:49",42.95,0.15,5700,434400,"S"
"MWG","09:32:43",42.9,0.1,5000,428700,"B"
"MWG","09:32:26",42.9,0.1,300,423700,"B"
"MWG","09:32:17",42.9,0.1,700,423400,"B"
"MWG","09:31:59",42.9,0.1,100,422700,"B"
"MWG","09:31:32",42.9,0.1,1000,422600,"B"
"MWG","09:31:31",42.95,0.15,2800,421600,"B"
"MWG","09:31:17",42.95,0.15,500,418800,"B"
"MWG","09:31:13",42.95,0.15,400,418300,"B"
"MWG","09:31:12",42.95,0.15,300,417900,"B"
"MWG","09:31:10",42.95,0.15,500,417600,"B"
"MWG","09:31:09",42.95,0.15,100,417100,"B"
"MWG","09:30:55",42.95,0.15,5000,417000,"B"
"MWG","09:30:42",43,0.2,1100,412000,"B"
"MWG","09:30:40",43,0.2,800,410900,"B"
"MWG","09:30:25",43,0.2,1600,410100,"B"
"MWG","09:30:11",43,0.2,1000,408500,"B"
"MWG","09:30:04",43,0.2,2900,407500,"S"
"MWG","09:29:41",43,0.2,4600,404600,"B"
"MWG","09:29:39",43,0.2,200,400000,"B"
"MWG","09:29:21",43,0.2,1000,399800,"B"
"MWG","09:29:16",43.05,0.25,1000,398800,"S"
"MWG","09:29:12",43,0.2,1300,397800,"B"
"MWG","09:29:07",43,0.2,5100,396500,"B"
"MWG","09:28:36",43.05,0.25,1000,391400,"S"
"MWG","09:28:29",43.05,0.25,100,390400,"S"
"MWG","09:28:25",43.05,0.25,2500,390300,"B"
"MWG","09:28:20",43.05,0.25,100,387800,"B"
"MWG","09:28:14",43.05,0.25,100,387700,"B"
"MWG","09:28:13",43.05,0.25,1200,387600,"B"
"MWG","09:27:54",43.05,0.25,2600,386400,"S"
"MWG","09:27:32",43.05,0.25,300,383800,"S"
"MWG","09:27:17",43.05,0.25,900,383500,"S"
"MWG","09:27:12",43.05,0.25,2100,382600,"B"
"MWG","09:27:11",43.05,0.25,1700,380500,"B"
"MWG","09:27:10",43.05,0.25,1200,378800,"B"
"MWG","09:27:08",43.05,0.25,700,377600,"B"
"MWG","09:27:01",43.05,0.25,1500,376900,"B"
"MWG","09:26:50",43.05,0.25,1000,375400,"B"
"MWG","09:26:43",43.05,0.25,1000,374400,"B"
"MWG","09:26:41",43.05,0.25,4000,373400,"B"
"MWG","09:26:10",43.05,0.25,200,369400,"B"
"MWG","09:26:01",43.05,0.25,300,369200,"B"
"MWG","09:26:00",43.05,0.25,1600,368900,"B"
"MWG","09:25:56",43.05,0.25,200,367300,"B"
"MWG","09:25:45",43.05,0.25,10000,367100,"B"
"MWG","09:25:41",43.05,0.25,1000,357100,"B"
"MWG","09:25:38",43.1,0.3,7000,356100,"S"
"MWG","09:25:32",43.1,0.3,5700,349100,"S"
"MWG","09:25:15",43.05,0.25,5300,343400,"B"
"MWG","09:25:09",43.1,0.3,1100,338100,"S"
"MWG","09:25:06",43.1,0.3,16400,337000,"B"
"MWG","09:25:04",43.1,0.3,1000,320600,"B"
"MWG","09:25:02",43.1,0.3,1000,319600,"B"
"MWG","09:25:00",43.1,0.3,15800,318600,"B"
"MWG","09:24:48",43.1,0.3,4000,302800,"B"
"MWG","09:24:43",43.1,0.3,100,298800,"B"
"MWG","09:24:33",43.15,0.35,100,298700,"S"
"MWG","09:24:16",43.15,0.35,200,294500,"B"
"MWG","09:23:49",43.15,0.35,5000,293400,"B"
"MWG","09:23:26",43.15,0.35,35000,282700,"B"
"MWG","09:23:08",43.15,0.35,3000,247700,"B"
"MWG","09:22:51",43.2,0.4,400,244700,"S"
"MWG","09:22:48",43.2,0.4,100,243400,"S"
"MWG","09:22:36",43.2,0.4,500,243300,"S"
"MWG","09:22:19",43.2,0.4,4200,242800,"B"
"MWG","09:22:18",43.2,0.4,9000,238600,"B"
"MWG","09:22:15",43.2,0.4,1000,229600,"B"
"MWG","09:22:10",43.2,0.4,1700,228600,"B"
"MWG","09:22:06",43.2,0.4,10000,226900,"B"
"MWG","09:22:05",43.2,0.4,500,216900,"B"
"MWG","09:21:54",43.25,0.45,1400,216400,"S"
"MWG","09:21:53",43.2,0.4,2000,215000,"B"
"MWG","09:21:43",43.25,0.45,800,213000,"S"
"MWG","09:21:37",43.25,0.45,3800,212200,"B"
"MWG","09:21:37",43.25,0.45,18900,208400,"B"
"MWG","09:21:35",43.25,0.45,10000,189500,"B"
"MWG","09:21:34",43.25,0.45,3000,179500,"B"
"MWG","09:21:32",43.25,0.45,20000,176500,"B"
"MWG","09:21:29",43.3,0.5,5700,156500,"S"
"MWG","09:21:29",43.25,0.45,1000,150800,"B"
"MWG","09:21:27",43.3,0.5,100,149800,"S"
"MWG","09:20:50",43.3,0.5,300,149700,"S"
"MWG","09:20:49",43.3,0.5,200,149400,"S"
"MWG","09:20:42",43.3,0.5,500,149200,"S"
"MWG","09:20:39",43.3,0.5,3000,148700,"S"
"MWG","09:20:36",43.3,0.5,900,145700,"S"
"MWG","09:20:19",43.3,0.5,100,144800,"S"
"MWG","09:20:13",43.3,0.5,10000,144700,"S"
"MWG","09:19:57",43.3,0.5,4000,134700,"S"
"MWG","09:19:53",43.3,0.5,2700,130700,"S"
"MWG","09:19:48",43.3,0.5,300,128000,"S"
"MWG","09:19:38",43.3,0.5,600,127700,"S"
"MWG","09:19:38",43.3,0.5,400,127100,"S"
"MWG","09:19:31",43.25,0.45,3300,126700,"S"
"MWG","09:19:30",43.25,0.45,200,123400,"S"
"MWG","09:19:29",43.25,0.45,6900,123200,"S"
"MWG","09:19:21",43.25,0.45,10000,116300,"S"
"MWG","09:19:07",43.25,0.45,200,106300,"S"
"MWG","09:18:59",43.2,0.4,21900,106100,"S"
"MWG","09:18:53",43.2,0.4,500,84200,"S"
"MWG","09:18:53",43.15,0.35,500,83700,"B"
"MWG","09:18:39",43.15,0.35,1600,83200,"B"
"MWG","09:18:31",43.15,0.35,100,81600,"B"
"MWG","09:18:23",43.15,0.35,100,81500,"B"
"MWG","09:18:21",43.15,0.35,400,81400,"S"
"MWG","09:18:08",43.15,0.35,5700,81000,"S"
"MWG","09:17:44",43.15,0.35,300,75300,"S"
"MWG","09:17:39",43.15,0.35,100,75000,"S"
"MWG","09:17:21",43.15,0.35,1200,74900,"S"
"MWG","09:17:21",43.1,0.3,4500,73700,"S"
"MWG","09:17:17",43.1,0.3,1100,69200,"S"
"MWG","09:17:15",43.1,0.3,900,68100,"S"
"MWG","09:17:12",43.1,0.3,10000,67200,"S"
"MWG","09:17:06",43.1,0.3,100,57200,"S"
"MWG","09:17:03",43.05,0.25,300,57100,"B"
"MWG","09:17:02",43.05,0.25,100,56800,"B"
"MWG","09:17:00",43.1,0.3,400,56700,"S"
"MWG","09:16:45",43.1,0.3,900,56300,"S"
"MWG","09:16:45",43.05,0.25,500,55400,"B"
"MWG","09:16:39",43.05,0.25,3000,54900,"B"
"MWG","09:16:30",43.05,0.25,500,51900,"B"
"MWG","09:16:30",43.05,0.25,1600,51400,"B"
"MWG","09:16:25",43.05,0.25,600,49800,"B"
"MWG","09:16:20",43.05,0.25,1000,49200,"B"
"MWG","09:16:12",43,0.2,1200,48200,"S"
"MWG","09:16:08",43,0.2,800,47000,"S"
"MWG","09:15:59",43,0.2,300,46200,"S"
"MWG","09:15:49",43,0.2,7700,45900,"S"
"MWG","09:15:40",43,0.2,100,38200,"S"
"MWG","09:15:05",42.8,0,100,38100,"B"
"MWG","09:15:03",43,0.2,100,38000,"B"
"MWG","09:15:03",43.1,0.3,100,37900,"B"
"MWG","09:15:02",43.1,0.3,800,37800,"S"
"MWG","09:15:02",42.8,0,2200,37000,"B"
"MWG","09:15:02",42.85,0.05,100,34800,"B"
"MWG","09:15:02",42.9,0.1,2500,34700,"B"
"MWG","09:15:02",42.95,0.15,200,32200,"B"
"MWG","09:15:02",43,0.2,400,32000,"B"
"MWG","09:15:00",43.1,0.3,31600,31600,
