"symbol","time","price","change","vol","total","side"
"NVL","14:45:01",16.75,-0.3,633800,13553100,
"NVL","14:29:58",16.75,-0.3,1400,12919300,"B"
"NVL","14:29:54",16.75,-0.3,700,12917900,"B"
"NVL","14:29:49",16.75,-0.3,4000,12917200,"B"
"NVL","14:29:49",16.75,-0.3,100,12913200,"B"
"NVL","14:29:47",16.75,-0.3,1200,12913100,"B"
"NVL","14:29:44",16.8,-0.25,200,12911900,"S"
"NVL","14:29:42",16.75,-0.3,100,12911700,"B"
"NVL","14:29:41",16.75,-0.3,1500,12911600,"B"
"NVL","14:29:40",16.75,-0.3,1000,12910100,"B"
"NVL","14:29:36",16.75,-0.3,1000,12909100,"B"
"NVL","14:29:31",16.75,-0.3,3000,12908100,"B"
"NVL","14:29:29",16.75,-0.3,1000,12905100,"B"
"NVL","14:29:28",16.75,-0.3,900,12904100,"S"
"NVL","14:29:27",16.75,-0.3,1100,12903200,"S"
"NVL","14:29:26",16.75,-0.3,1000,12902100,"S"
"NVL","14:29:25",16.75,-0.3,500,12901100,"S"
"NVL","14:29:24",16.75,-0.3,300,12900600,"S"
"NVL","14:29:23",16.75,-0.3,200,12900300,"S"
"NVL","14:29:22",16.75,-0.3,1100,12900100,"B"
"NVL","14:29:20",16.7,-0.35,100,12899000,"B"
"NVL","14:29:20",16.75,-0.3,100,12898900,"B"
"NVL","14:29:20",16.7,-0.35,700,12898800,"B"
"NVL","14:29:20",16.75,-0.3,1200,12898100,"B"
"NVL","14:29:17",16.8,-0.25,7500,12896900,"S"
"NVL","14:29:17",16.75,-0.3,2500,12889400,"S"
"NVL","14:29:16",16.75,-0.3,2000,12886900,"S"
"NVL","14:29:15",16.75,-0.3,100100,12884900,"S"
"NVL","14:29:13",16.75,-0.3,400,12784800,"S"
"NVL","14:29:09",16.75,-0.3,100,12784400,"S"
"NVL","14:29:08",16.75,-0.3,5300,12784300,"S"
"NVL","14:29:07",16.75,-0.3,1100,12779000,"S"
"NVL","14:29:06",16.7,-0.35,5000,12777900,"B"
"NVL","14:29:05",16.75,-0.3,1100,12772900,"S"
"NVL","14:29:03",16.75,-0.3,1000,12771800,"S"
"NVL","14:28:58",16.75,-0.3,10000,12770800,"S"
"NVL","14:28:55",16.7,-0.35,400,12760800,"B"
"NVL","14:28:55",16.75,-0.3,5000,12760400,"S"
"NVL","14:28:54",16.75,-0.3,5000,12755400,"S"
"NVL","14:28:52",16.75,-0.3,85000,12750400,"B"
"NVL","14:28:52",16.8,-0.25,1000,12665400,"S"
"NVL","14:28:51",16.75,-0.3,5500,12664400,"B"
"NVL","14:28:49",16.75,-0.3,55800,12658900,"B"
"NVL","14:28:48",16.8,-0.25,1000,12603100,"S"
"NVL","14:28:48",16.75,-0.3,700,12602100,"B"
"NVL","14:28:47",16.8,-0.25,1000,12601400,"S"
"NVL","14:28:47",16.75,-0.3,2700,12600400,"B"
"NVL","14:28:45",16.75,-0.3,7000,12597700,"B"
"NVL","14:28:44",16.75,-0.3,10000,12590700,"B"
"NVL","14:28:43",16.75,-0.3,48100,12580700,"B"
"NVL","14:28:42",16.75,-0.3,100,12532600,"B"
"NVL","14:28:42",16.8,-0.25,100,12532500,"S"
"NVL","14:28:39",16.75,-0.3,700,12532400,"B"
"NVL","14:28:37",16.75,-0.3,81100,12531700,"B"
"NVL","14:28:36",16.75,-0.3,118900,12450600,"B"
"NVL","14:28:36",16.8,-0.25,300,12331700,"S"
"NVL","14:28:33",16.8,-0.25,200,12331400,"S"
"NVL","14:28:28",16.75,-0.3,4000,12331200,"B"
"NVL","14:28:26",16.75,-0.3,18600,12327200,"B"
"NVL","14:28:22",16.8,-0.25,200,12308600,"S"
"NVL","14:28:22",16.8,-0.25,5000,12308400,"S"
"NVL","14:28:20",16.75,-0.3,5000,12303400,"B"
"NVL","14:28:20",16.75,-0.3,2000,12298400,"B"
"NVL","14:28:19",16.75,-0.3,500,12296400,"B"
"NVL","14:28:17",16.8,-0.25,300,12295900,"S"
"NVL","14:28:17",16.75,-0.3,1000,12295600,"B"
"NVL","14:28:17",16.75,-0.3,3000,12294600,"B"
"NVL","14:28:16",16.8,-0.25,1000,12291600,"S"
"NVL","14:28:16",16.75,-0.3,1000,12290600,"B"
"NVL","14:28:16",16.8,-0.25,1000,12289600,"S"
"NVL","14:28:15",16.8,-0.25,100,12288600,"S"
"NVL","14:28:14",16.75,-0.3,50000,12288500,"B"
"NVL","14:28:13",16.8,-0.25,100,12238500,"S"
"NVL","14:28:10",16.8,-0.25,200,12238400,"S"
"NVL","14:28:09",16.75,-0.3,1000,12238200,"B"
"NVL","14:28:02",16.8,-0.25,100,12237200,"S"
"NVL","14:28:02",16.75,-0.3,200,12237100,"B"
"NVL","14:28:00",16.8,-0.25,200,12236900,"S"
"NVL","14:27:59",16.75,-0.3,100,12236700,"B"
"NVL","14:27:59",16.8,-0.25,500,12236600,"S"
"NVL","14:27:57",16.8,-0.25,3500,12236100,"S"
"NVL","14:27:55",16.8,-0.25,500,12232600,"S"
"NVL","14:27:47",16.8,-0.25,200,12232100,"S"
"NVL","14:27:44",16.75,-0.3,4000,12231900,"B"
"NVL","14:27:43",16.75,-0.3,2000,12227900,"B"
"NVL","14:27:43",16.8,-0.25,400,12225900,"S"
"NVL","14:27:41",16.8,-0.25,100,12225500,"S"
"NVL","14:27:39",16.8,-0.25,300,12225400,"S"
"NVL","14:27:37",16.8,-0.25,100,12225100,"S"
"NVL","14:27:35",16.8,-0.25,3500,12225000,"S"
"NVL","14:27:33",16.8,-0.25,100,12221500,"S"
"NVL","14:27:24",16.8,-0.25,100,12221400,"S"
"NVL","14:27:23",16.75,-0.3,3000,12221300,"B"
"NVL","14:27:22",16.75,-0.3,200,12218300,"B"
"NVL","14:27:19",16.8,-0.25,600,12218100,"S"
"NVL","14:27:14",16.8,-0.25,4600,12217500,"S"
"NVL","14:27:12",16.8,-0.25,1000,12212900,"S"
"NVL","14:27:04",16.8,-0.25,5000,12211900,"S"
"NVL","14:27:02",16.8,-0.25,1000,12206900,"S"
"NVL","14:27:00",16.8,-0.25,200,12205900,"S"
"NVL","14:26:57",16.8,-0.25,2000,12205700,"S"
"NVL","14:26:54",16.8,-0.25,100,12203700,"S"
"NVL","14:26:51",16.8,-0.25,500,12203600,"S"
"NVL","14:26:50",16.8,-0.25,1700,12203100,"S"
"NVL","14:26:49",16.8,-0.25,1200,12201400,"S"
"NVL","14:26:46",16.8,-0.25,300,12200200,"S"
"NVL","14:26:42",16.8,-0.25,100,12199900,"S"
"NVL","14:26:40",16.8,-0.25,200,12199800,"S"
"NVL","14:26:38",16.75,-0.3,500,12199600,"B"
"NVL","14:26:31",16.75,-0.3,500,12199100,"B"
"NVL","14:26:28",16.8,-0.25,2400,12198600,"S"
"NVL","14:26:25",16.8,-0.25,1000,12196200,"S"
"NVL","14:26:20",16.8,-0.25,2000,12195200,"S"
"NVL","14:26:10",16.8,-0.25,100,12193200,"S"
"NVL","14:26:07",16.75,-0.3,100,12193100,"B"
"NVL","14:26:04",16.8,-0.25,500,12193000,"S"
"NVL","14:26:00",16.75,-0.3,1300,12192500,"B"
"NVL","14:26:00",16.8,-0.25,600,12191200,"S"
"NVL","14:26:00",16.75,-0.3,500,12190600,"B"
"NVL","14:25:58",16.8,-0.25,300,12190100,"S"
"NVL","14:25:55",16.75,-0.3,1500,12189800,"B"
"NVL","14:25:51",16.75,-0.3,1000,12188300,"B"
"NVL","14:25:51",16.8,-0.25,1900,12187300,"S"
"NVL","14:25:46",16.8,-0.25,2600,12185400,"S"
"NVL","14:25:42",16.8,-0.25,100,12182800,"S"
"NVL","14:25:42",16.75,-0.3,5000,12182700,"B"
"NVL","14:25:42",16.75,-0.3,200,12177700,"B"
"NVL","14:25:42",16.8,-0.25,5000,12177500,"S"
"NVL","14:25:41",16.8,-0.25,200,12172500,"S"
"NVL","14:25:40",16.8,-0.25,200,12172300,"S"
"NVL","14:25:39",16.8,-0.25,300,12172100,"S"
"NVL","14:25:38",16.8,-0.25,300,12171800,"S"
"NVL","14:25:37",16.8,-0.25,88000,12171500,"B"
"NVL","14:25:34",16.8,-0.25,1000,12083500,"B"
"NVL","14:25:29",16.8,-0.25,700,12081500,"B"
"NVL","14:25:20",16.8,-0.25,100,12080800,"B"
"NVL","14:25:19",16.8,-0.25,23000,12080700,"B"
"NVL","14:25:12",16.8,-0.25,500,12057700,"B"
"NVL","14:25:10",16.85,-0.2,100,12057200,"S"
"NVL","14:25:09",16.8,-0.25,200,12057100,"B"
"NVL","14:25:09",16.8,-0.25,5000,12056900,"B"
"NVL","14:25:07",16.8,-0.25,5500,12051900,"B"
"NVL","14:25:06",16.8,-0.25,21300,12046400,"S"
"NVL","14:25:05",16.8,-0.25,500,12025100,"S"
"NVL","14:25:03",16.8,-0.25,200,12024600,"S"
"NVL","14:25:00",16.8,-0.25,200,12024400,"S"
"NVL","14:24:59",16.75,-0.3,1400,12024200,"B"
"NVL","14:24:58",16.75,-0.3,5000,12022800,"B"
"NVL","14:24:57",16.8,-0.25,2000,12017800,"S"
"NVL","14:24:56",16.8,-0.25,300,12015800,"S"
"NVL","14:24:55",16.8,-0.25,500,12015500,"S"
"NVL","14:24:53",16.8,-0.25,100,12015000,"S"
"NVL","14:24:53",16.8,-0.25,500,12014900,"S"
"NVL","14:24:47",16.8,-0.25,3800,12014400,"S"
"NVL","14:24:45",16.8,-0.25,200,12010600,"S"
"NVL","14:24:33",16.75,-0.3,2000,12010400,"B"
"NVL","14:24:30",16.8,-0.25,800,12008400,"S"
"NVL","14:24:27",16.75,-0.3,1000,12007600,"B"
"NVL","14:24:26",16.8,-0.25,100,12006600,"S"
"NVL","14:24:21",16.8,-0.25,100,12006500,"S"
"NVL","14:24:14",16.8,-0.25,700,12006400,"S"
"NVL","14:24:03",16.8,-0.25,200,12005700,"S"
"NVL","14:23:54",16.75,-0.3,8400,12005500,"B"
"NVL","14:23:54",16.75,-0.3,1600,11997100,"B"
"NVL","14:23:54",16.8,-0.25,500,11995500,"S"
"NVL","14:23:48",16.8,-0.25,6100,11995000,"S"
"NVL","14:23:45",16.8,-0.25,13800,11988900,"B"
"NVL","14:23:41",16.8,-0.25,1000,11975100,"B"
"NVL","14:23:38",16.8,-0.25,500,11974100,"B"
"NVL","14:23:36",16.8,-0.25,400,11973600,"B"
"NVL","14:23:31",16.85,-0.2,100,11973200,"S"
"NVL","14:23:30",16.85,-0.2,200,11973100,"S"
"NVL","14:23:30",16.8,-0.25,2000,11972900,"B"
"NVL","14:23:29",16.85,-0.2,1000,11970900,"S"
"NVL","14:23:26",16.8,-0.25,6000,11969900,"B"
"NVL","14:23:25",16.8,-0.25,38100,11963900,"S"
"NVL","14:23:24",16.8,-0.25,100,11925800,"S"
"NVL","14:23:22",16.8,-0.25,1000,11925700,"S"
"NVL","14:23:17",16.8,-0.25,41300,11924700,"B"
"NVL","14:23:16",16.8,-0.25,100,11883400,"B"
"NVL","14:23:15",16.8,-0.25,2000,11883300,"B"
"NVL","14:23:13",16.8,-0.25,6000,11881300,"B"
"NVL","14:23:12",16.8,-0.25,6000,11875300,"B"
"NVL","14:23:11",16.8,-0.25,37000,11869300,"B"
"NVL","14:23:11",16.8,-0.25,300,11832300,"B"
"NVL","14:23:10",16.8,-0.25,200,11832000,"B"
"NVL","14:23:09",16.8,-0.25,100,11831800,"B"
"NVL","14:23:09",16.8,-0.25,3000,11831700,"B"
"NVL","14:23:07",16.85,-0.2,200,11828700,"S"
"NVL","14:23:07",16.8,-0.25,10000,11828500,"B"
"NVL","14:23:06",16.8,-0.25,10000,11818500,"B"
"NVL","14:23:04",16.8,-0.25,600,11808500,"B"
"NVL","14:23:03",16.85,-0.2,100,11806900,"S"
"NVL","14:23:01",16.8,-0.25,2100,11806800,"B"
"NVL","14:23:00",16.8,-0.25,27900,11804700,"B"
"NVL","14:22:59",16.8,-0.25,20000,11776800,"B"
"NVL","14:22:57",16.8,-0.25,250000,11756800,"B"
"NVL","14:22:54",16.85,-0.2,500,11506800,"S"
"NVL","14:22:50",16.85,-0.2,5400,11506300,"S"
"NVL","14:22:47",16.8,-0.25,200,11500900,"B"
"NVL","14:22:42",16.85,-0.2,100,11500700,"S"
"NVL","14:22:38",16.8,-0.25,9000,11500600,"B"
"NVL","14:22:35",16.8,-0.25,30000,11491600,"B"
"NVL","14:22:34",16.85,-0.2,2000,11461600,"S"
"NVL","14:22:24",16.85,-0.2,900,11459600,"S"
"NVL","14:22:21",16.85,-0.2,3200,11458700,"S"
"NVL","14:22:20",16.85,-0.2,1000,11455500,"S"
"NVL","14:22:19",16.85,-0.2,1000,11454500,"S"
"NVL","14:22:16",16.8,-0.25,3000,11453500,"B"
"NVL","14:22:15",16.85,-0.2,500,11450500,"S"
"NVL","14:22:13",16.85,-0.2,5000,11450000,"S"
"NVL","14:22:11",16.8,-0.25,1000,11445000,"B"
"NVL","14:22:03",16.85,-0.2,200,11444000,"S"
"NVL","14:22:03",16.85,-0.2,100,11443800,"S"
"NVL","14:22:00",16.85,-0.2,100,11443700,"S"
"NVL","14:21:58",16.85,-0.2,1000,11443600,"S"
"NVL","14:21:54",16.85,-0.2,600,11442600,"S"
"NVL","14:21:54",16.85,-0.2,200,11442000,"S"
"NVL","14:21:52",16.85,-0.2,100,11441800,"S"
"NVL","14:21:51",16.8,-0.25,400,11441700,"B"
"NVL","14:21:50",16.85,-0.2,100,11441300,"S"
"NVL","14:21:42",16.85,-0.2,100,11441200,"S"
"NVL","14:21:42",16.8,-0.25,2900,11441100,"B"
"NVL","14:21:41",16.85,-0.2,200,11438200,"S"
"NVL","14:21:32",16.85,-0.2,4000,11438000,"S"
"NVL","14:21:30",16.85,-0.2,3000,11434000,"S"
"NVL","14:21:29",16.85,-0.2,600,11431000,"S"
"NVL","14:21:26",16.85,-0.2,5000,11430400,"S"
"NVL","14:21:23",16.85,-0.2,200,11425400,"S"
"NVL","14:21:08",16.85,-0.2,1000,11425200,"S"
"NVL","14:21:05",16.85,-0.2,400,11424200,"S"
"NVL","14:21:05",16.85,-0.2,5000,11423800,"S"
"NVL","14:21:03",16.85,-0.2,600,11418800,"S"
"NVL","14:21:00",16.85,-0.2,1500,11418200,"S"
"NVL","14:20:54",16.85,-0.2,100,11416700,"S"
"NVL","14:20:50",16.85,-0.2,1000,11416600,"S"
"NVL","14:20:44",16.85,-0.2,400,11415600,"S"
"NVL","14:20:42",16.85,-0.2,300,11415200,"S"
"NVL","14:20:41",16.85,-0.2,500,11414900,"S"
"NVL","14:20:32",16.8,-0.25,2000,11414400,"B"
"NVL","14:20:31",16.85,-0.2,100,11412400,"S"
"NVL","14:20:24",16.85,-0.2,100,11412300,"S"
"NVL","14:20:19",16.8,-0.25,1000,11412200,"B"
"NVL","14:20:19",16.85,-0.2,3600,11411200,"B"
"NVL","14:20:13",16.9,-0.15,100,11407600,"S"
"NVL","14:20:08",16.85,-0.2,300,11407500,"B"
"NVL","14:20:06",16.85,-0.2,900,11407200,"S"
"NVL","14:20:05",16.85,-0.2,600,11406300,"B"
"NVL","14:20:01",16.8,-0.25,10000,11405700,"B"
"NVL","14:20:00",16.85,-0.2,5100,11395700,"S"
"NVL","14:19:55",16.85,-0.2,1000,11390600,"S"
"NVL","14:19:51",16.85,-0.2,1000,11389600,"S"
"NVL","14:19:50",16.85,-0.2,1000,11388600,"S"
"NVL","14:19:48",16.85,-0.2,500,11387600,"S"
"NVL","14:19:47",16.85,-0.2,100,11387100,"S"
"NVL","14:19:43",16.85,-0.2,100,11387000,"S"
"NVL","14:19:39",16.85,-0.2,100,11386900,"S"
"NVL","14:19:33",16.85,-0.2,200,11386800,"B"
"NVL","14:19:29",16.9,-0.15,1000,11386600,"S"
"NVL","14:19:27",16.8,-0.25,1700,11385600,"B"
"NVL","14:19:27",16.85,-0.2,125900,11383900,"B"
"NVL","14:19:24",16.9,-0.15,100,11258000,"S"
"NVL","14:19:16",16.9,-0.15,100,11257900,"S"
"NVL","14:19:06",16.9,-0.15,200,11257800,"S"
"NVL","14:18:57",16.9,-0.15,900,11257600,"S"
"NVL","14:18:48",16.85,-0.2,5000,11256700,"B"
"NVL","14:18:43",16.85,-0.2,5000,11251700,"B"
"NVL","14:18:34",16.9,-0.15,100,11246700,"S"
"NVL","14:18:29",16.9,-0.15,1500,11246600,"S"
"NVL","14:18:13",16.9,-0.15,500,11245100,"S"
"NVL","14:18:12",16.9,-0.15,3000,11244600,"S"
"NVL","14:18:09",16.9,-0.15,100,11241600,"S"
"NVL","14:17:53",16.9,-0.15,100,11241500,"S"
"NVL","14:17:45",16.9,-0.15,100,11241400,"S"
"NVL","14:17:37",16.9,-0.15,400,11241300,"S"
"NVL","14:17:29",16.9,-0.15,3000,11240900,"S"
"NVL","14:17:26",16.9,-0.15,100,11237900,"S"
"NVL","14:17:19",16.9,-0.15,300,11237800,"S"
"NVL","14:17:16",16.9,-0.15,1000,11237500,"S"
"NVL","14:17:15",16.9,-0.15,5000,11236500,"S"
"NVL","14:17:14",16.9,-0.15,52600,11231500,"B"
"NVL","14:17:11",16.9,-0.15,400,11178900,"B"
"NVL","14:17:11",16.95,-0.1,100,11178500,"S"
"NVL","14:16:55",16.95,-0.1,100,11178400,"S"
"NVL","14:16:54",16.9,-0.15,100,11178300,"B"
"NVL","14:16:52",16.9,-0.15,8400,11178200,"B"
"NVL","14:16:48",16.9,-0.15,2000,11169800,"B"
"NVL","14:16:42",16.9,-0.15,1000,11167800,"B"
"NVL","14:16:37",16.9,-0.15,400,11166800,"B"
"NVL","14:16:37",16.9,-0.15,500,11166400,"B"
"NVL","14:16:34",16.95,-0.1,100,11165900,"S"
"NVL","14:16:27",16.9,-0.15,1300,11165800,"B"
"NVL","14:16:26",16.9,-0.15,1000,11164500,"B"
"NVL","14:16:24",16.9,-0.15,800,11163500,"B"
"NVL","14:16:20",16.9,-0.15,700,11162700,"B"
"NVL","14:16:11",16.9,-0.15,100,11162000,"B"
"NVL","14:16:06",16.95,-0.1,100,11161900,"S"
"NVL","14:15:54",16.9,-0.15,5000,11161800,"B"
"NVL","14:15:35",16.9,-0.15,500,11156800,"B"
"NVL","14:15:28",16.9,-0.15,700,11156300,"B"
"NVL","14:15:20",16.9,-0.15,300,11155600,"B"
"NVL","14:15:16",16.95,-0.1,100,11155300,"S"
"NVL","14:15:03",16.9,-0.15,300,11155200,"S"
"NVL","14:15:00",16.9,-0.15,100,11154900,"S"
"NVL","14:14:55",16.9,-0.15,2900,11154800,"S"
"NVL","14:14:54",16.9,-0.15,1000,11151900,"S"
"NVL","14:14:52",16.9,-0.15,100,11150900,"S"
"NVL","14:14:51",16.9,-0.15,100,11150800,"S"
"NVL","14:14:49",16.9,-0.15,200,11150700,"S"
"NVL","14:14:45",16.9,-0.15,40000,11150500,"S"
"NVL","14:14:44",16.9,-0.15,800,11110500,"S"
"NVL","14:14:42",16.9,-0.15,100,11109700,"S"
"NVL","14:14:40",16.9,-0.15,7000,11109600,"S"
"NVL","14:14:37",16.9,-0.15,100,11102600,"S"
"NVL","14:14:34",16.9,-0.15,7000,11102500,"S"
"NVL","14:14:32",16.9,-0.15,300,11095500,"S"
"NVL","14:14:27",16.9,-0.15,2400,11095200,"S"
"NVL","14:14:27",16.9,-0.15,100,11092800,"S"
"NVL","14:14:25",16.9,-0.15,10000,11092700,"S"
"NVL","14:14:24",16.9,-0.15,1000,11082700,"S"
"NVL","14:14:06",16.9,-0.15,2000,11081700,"S"
"NVL","14:14:06",16.9,-0.15,3100,11079700,"S"
"NVL","14:13:58",16.9,-0.15,100,11076600,"S"
"NVL","14:13:57",16.9,-0.15,500,11076500,"S"
"NVL","14:13:48",16.9,-0.15,3200,11076000,"S"
"NVL","14:13:46",16.9,-0.15,1000,11072800,"S"
"NVL","14:13:45",16.9,-0.15,1200,11071800,"S"
"NVL","14:13:38",16.9,-0.15,1000,11070600,"S"
"NVL","14:13:37",16.9,-0.15,100,11069600,"S"
"NVL","14:13:32",16.9,-0.15,200,11069500,"S"
"NVL","14:13:28",16.9,-0.15,500,11069300,"S"
"NVL","14:13:16",16.9,-0.15,2000,11068800,"S"
"NVL","14:13:11",16.9,-0.15,5000,11066800,"S"
"NVL","14:13:03",16.9,-0.15,100,11061800,"S"
"NVL","14:12:58",16.9,-0.15,2000,11061700,"S"
"NVL","14:12:49",16.9,-0.15,10000,11059700,"S"
"NVL","14:12:48",16.9,-0.15,1200,11049700,"S"
"NVL","14:12:47",16.9,-0.15,100,11048500,"S"
"NVL","14:12:47",16.9,-0.15,100,11048400,"S"
"NVL","14:12:46",16.85,-0.2,60000,11048300,"B"
"NVL","14:12:36",16.9,-0.15,8300,10988300,"S"
"NVL","14:12:26",16.9,-0.15,100,10980000,"S"
"NVL","14:12:25",16.9,-0.15,100,10979900,"S"
"NVL","14:12:19",16.9,-0.15,500,10979800,"S"
"NVL","14:12:14",16.9,-0.15,100,10979300,"S"
"NVL","14:12:11",16.9,-0.15,3000,10979200,"S"
"NVL","14:12:10",16.9,-0.15,100,10976200,"S"
"NVL","14:12:09",16.9,-0.15,1000,10976100,"S"
"NVL","14:12:06",16.9,-0.15,7000,10975100,"S"
"NVL","14:12:03",16.9,-0.15,300,10968100,"S"
"NVL","14:11:59",16.9,-0.15,2000,10967800,"S"
"NVL","14:11:58",16.9,-0.15,100,10965800,"S"
"NVL","14:11:56",16.9,-0.15,500,10965700,"S"
"NVL","14:11:45",16.9,-0.15,100,10965200,"S"
"NVL","14:11:44",16.9,-0.15,200,10965100,"S"
"NVL","14:11:33",16.9,-0.15,300,10964900,"S"
"NVL","14:11:32",16.9,-0.15,100,10964600,"S"
"NVL","14:11:25",16.9,-0.15,1000,10964500,"S"
"NVL","14:11:23",16.9,-0.15,47100,10963500,"B"
"NVL","14:11:23",16.9,-0.15,182000,10916400,"B"
"NVL","14:11:08",16.95,-0.1,100,10734400,"S"
"NVL","14:11:06",16.95,-0.1,100,10734300,"S"
"NVL","14:10:50",16.95,-0.1,1000,10734200,"S"
"NVL","14:10:49",16.95,-0.1,10000,10733200,"S"
"NVL","14:10:41",16.95,-0.1,1000,10723200,"S"
"NVL","14:10:40",16.95,-0.1,10000,10722200,"S"
"NVL","14:10:24",16.9,-0.15,500,10712200,"B"
"NVL","14:10:23",16.95,-0.1,1000,10711700,"S"
"NVL","14:10:19",16.95,-0.1,100,10710700,"S"
"NVL","14:10:07",16.95,-0.1,600,10710600,"S"
"NVL","14:10:01",16.95,-0.1,2000,10710000,"S"
"NVL","14:10:01",16.95,-0.1,200,10708000,"S"
"NVL","14:09:54",16.95,-0.1,100,10707800,"S"
"NVL","14:09:46",16.95,-0.1,3000,10707700,"S"
"NVL","14:09:45",16.95,-0.1,5000,10704700,"S"
"NVL","14:09:42",16.95,-0.1,200,10699700,"S"
"NVL","14:09:29",16.95,-0.1,100,10699500,"S"
"NVL","14:09:24",16.95,-0.1,1000,10699400,"S"
"NVL","14:09:18",16.95,-0.1,800,10698400,"S"
"NVL","14:09:14",16.95,-0.1,100,10697600,"S"
"NVL","14:09:05",16.95,-0.1,1000,10697500,"S"
"NVL","14:08:49",16.95,-0.1,1000,10696500,"S"
"NVL","14:08:43",16.95,-0.1,200,10695400,"S"
"NVL","14:08:40",16.95,-0.1,100,10695200,"S"
"NVL","14:08:31",16.95,-0.1,100,10695100,"S"
"NVL","14:08:24",16.95,-0.1,400,10695000,"S"
"NVL","14:08:10",16.95,-0.1,200,10694600,"S"
"NVL","14:08:07",16.95,-0.1,100,10694400,"S"
"NVL","14:07:50",16.95,-0.1,100,10694300,"S"
"NVL","14:07:30",16.95,-0.1,300,10694200,"S"
"NVL","14:07:18",16.9,-0.15,100,10693900,"B"
"NVL","14:07:13",16.95,-0.1,100,10693800,"S"
"NVL","14:07:02",16.95,-0.1,10000,10693700,"S"
"NVL","14:07:01",16.95,-0.1,100,10683700,"S"
"NVL","14:06:55",16.95,-0.1,81500,10683600,"B"
"NVL","14:06:42",16.95,-0.1,1800,10602100,"B"
"NVL","14:06:38",16.95,-0.1,100,10600300,"B"
"NVL","14:06:18",17,-0.05,300,10600200,"S"
"NVL","14:06:13",17,-0.05,1000,10599900,"S"
"NVL","14:06:11",17,-0.05,100,10598900,"S"
"NVL","14:06:08",17,-0.05,500,10598800,"S"
"NVL","14:06:01",16.95,-0.1,5000,10598300,"B"
"NVL","14:05:54",16.95,-0.1,100,10593300,"B"
"NVL","14:05:41",17,-0.05,100,10593200,"S"
"NVL","14:05:22",17,-0.05,100,10593100,"S"
"NVL","14:05:22",16.95,-0.1,5000,10593000,"B"
"NVL","14:05:11",16.95,-0.1,600,10588000,"B"
"NVL","14:05:10",16.95,-0.1,100,10587400,"B"
"NVL","14:05:06",16.95,-0.1,17100,10587300,"B"
"NVL","14:05:03",16.95,-0.1,200,10570200,"B"
"NVL","14:04:51",17,-0.05,100,10570000,"S"
"NVL","14:04:44",16.95,-0.1,300,10569900,"B"
"NVL","14:04:32",17,-0.05,100,10569600,"S"
"NVL","14:04:31",16.95,-0.1,200,10569500,"B"
"NVL","14:04:29",16.95,-0.1,5000,10569300,"B"
"NVL","14:04:19",16.95,-0.1,1100,10564300,"B"
"NVL","14:04:17",17,-0.05,10000,10563200,"S"
"NVL","14:04:15",16.95,-0.1,200,10553200,"B"
"NVL","14:04:07",16.95,-0.1,3000,10553000,"B"
"NVL","14:04:06",16.95,-0.1,1000,10550000,"B"
"NVL","14:03:55",16.95,-0.1,38900,10549000,"S"
"NVL","14:03:54",16.95,-0.1,10000,10510100,"S"
"NVL","14:03:53",16.95,-0.1,100,10500100,"S"
"NVL","14:03:52",16.95,-0.1,2000,10500000,"S"
"NVL","14:03:52",16.95,-0.1,100,10498000,"S"
"NVL","14:03:51",16.95,-0.1,21800,10497900,"S"
"NVL","14:03:50",16.95,-0.1,100,10476100,"S"
"NVL","14:03:47",16.95,-0.1,100,10476000,"S"
"NVL","14:03:46",16.95,-0.1,1000,10475900,"S"
"NVL","14:03:44",16.95,-0.1,10000,10474900,"S"
"NVL","14:03:43",16.95,-0.1,100,10464900,"S"
"NVL","14:03:41",16.95,-0.1,5100,10464800,"S"
"NVL","14:03:40",16.95,-0.1,10500,10459700,"S"
"NVL","14:03:39",16.95,-0.1,200,10449200,"S"
"NVL","14:03:36",16.95,-0.1,100,10449000,"S"
"NVL","14:03:32",16.95,-0.1,100,10448900,"S"
"NVL","14:03:28",16.95,-0.1,2100,10448800,"S"
"NVL","14:03:22",16.95,-0.1,100,10446700,"S"
"NVL","14:03:18",16.95,-0.1,2500,10446600,"S"
"NVL","14:03:05",16.95,-0.1,400,10444100,"S"
"NVL","14:03:00",16.95,-0.1,10000,10443700,"S"
"NVL","14:02:53",16.95,-0.1,100,10433700,"S"
"NVL","14:02:31",16.9,-0.15,2800,10433600,"B"
"NVL","14:02:26",16.95,-0.1,2000,10430800,"S"
"NVL","14:02:18",16.95,-0.1,100,10428800,"S"
"NVL","14:02:15",16.95,-0.1,500,10428700,"S"
"NVL","14:02:10",16.95,-0.1,400,10428200,"S"
"NVL","14:02:04",16.95,-0.1,100,10427800,"S"
"NVL","14:02:03",16.95,-0.1,300,10427700,"S"
"NVL","14:01:53",16.95,-0.1,100,10427400,"S"
"NVL","14:01:51",16.95,-0.1,5800,10427300,"S"
"NVL","14:01:44",16.95,-0.1,300,10421500,"S"
"NVL","14:01:38",16.95,-0.1,2000,10421200,"S"
"NVL","14:01:14",16.95,-0.1,100,10419200,"S"
"NVL","14:01:12",16.9,-0.15,1500,10419100,"B"
"NVL","14:01:11",16.9,-0.15,1000,10417600,"B"
"NVL","14:01:04",16.95,-0.1,100,10416600,"S"
"NVL","14:01:02",16.95,-0.1,2000,10416500,"S"
"NVL","14:01:01",16.95,-0.1,4500,10414500,"S"
"NVL","14:01:00",16.95,-0.1,1000,10410000,"S"
"NVL","14:00:53",16.95,-0.1,400,10409000,"S"
"NVL","14:00:48",16.95,-0.1,100,10408600,"S"
"NVL","14:00:47",16.95,-0.1,2000,10408500,"S"
"NVL","14:00:42",16.95,-0.1,500,10406500,"S"
"NVL","14:00:38",16.95,-0.1,100,10406000,"S"
"NVL","14:00:36",16.95,-0.1,1000,10405900,"S"
"NVL","14:00:24",16.95,-0.1,100,10404900,"S"
"NVL","13:59:38",16.9,-0.15,200,10404800,"S"
"NVL","13:59:38",16.9,-0.15,33900,10404600,"S"
"NVL","13:59:36",16.9,-0.15,1000,10370700,"S"
"NVL","13:59:35",16.9,-0.15,100,10369700,"S"
"NVL","13:59:34",16.9,-0.15,8600,10369600,"S"
"NVL","13:59:32",16.9,-0.15,7000,10361000,"S"
"NVL","13:59:29",16.9,-0.15,100,10354000,"S"
"NVL","13:59:28",16.9,-0.15,800,10353900,"S"
"NVL","13:59:28",16.9,-0.15,900,10353100,"S"
"NVL","13:59:27",16.9,-0.15,10100,10352200,"S"
"NVL","13:59:26",16.9,-0.15,200,10342100,"S"
"NVL","13:59:25",16.9,-0.15,2300,10341900,"S"
"NVL","13:59:22",16.9,-0.15,5000,10339600,"S"
"NVL","13:59:22",16.9,-0.15,500,10334600,"S"
"NVL","13:59:21",16.9,-0.15,1500,10334100,"S"
"NVL","13:59:19",16.9,-0.15,4600,10332600,"S"
"NVL","13:59:17",16.9,-0.15,1200,10328000,"S"
"NVL","13:59:16",16.9,-0.15,400,10326800,"S"
"NVL","13:59:15",16.9,-0.15,1600,10326400,"S"
"NVL","13:59:14",16.9,-0.15,2800,10324800,"S"
"NVL","13:59:13",16.9,-0.15,1200,10322000,"S"
"NVL","13:59:12",16.9,-0.15,20200,10320800,"S"
"NVL","13:59:11",16.9,-0.15,2000,10300600,"S"
"NVL","13:59:09",16.9,-0.15,2700,10298600,"S"
"NVL","13:59:07",16.9,-0.15,1400,10295900,"S"
"NVL","13:59:05",16.9,-0.15,1000,10294500,"S"
"NVL","13:59:02",16.9,-0.15,4000,10293500,"S"
"NVL","13:58:59",16.9,-0.15,100,10289500,"S"
"NVL","13:58:58",16.9,-0.15,500,10289400,"S"
"NVL","13:58:56",16.9,-0.15,3200,10288900,"S"
"NVL","13:58:55",16.9,-0.15,20000,10285700,"S"
"NVL","13:58:54",16.9,-0.15,200,10265700,"S"
"NVL","13:58:54",16.9,-0.15,2500,10265500,"S"
"NVL","13:58:53",16.9,-0.15,1100,10263000,"S"
"NVL","13:58:50",16.9,-0.15,30100,10261900,"S"
"NVL","13:58:48",16.9,-0.15,10000,10231800,"S"
"NVL","13:58:45",16.9,-0.15,600,10221800,"S"
"NVL","13:58:40",16.9,-0.15,1000,10221200,"S"
"NVL","13:58:37",16.9,-0.15,400,10220200,"S"
"NVL","13:58:32",16.9,-0.15,500,10214700,"S"
"NVL","13:58:28",16.9,-0.15,10100,10214200,"S"
"NVL","13:58:24",16.9,-0.15,2000,10204100,"S"
"NVL","13:58:21",16.9,-0.15,50000,10202100,"S"
"NVL","13:58:17",16.9,-0.15,100,10152100,"S"
"NVL","13:58:14",16.9,-0.15,700,10152000,"S"
"NVL","13:58:12",16.9,-0.15,100,10151300,"S"
"NVL","13:58:06",16.85,-0.2,1000,10151200,"B"
"NVL","13:58:06",16.9,-0.15,5000,10150200,"S"
"NVL","13:57:58",16.9,-0.15,2000,10145200,"S"
"NVL","13:57:56",16.9,-0.15,100,10143200,"S"
"NVL","13:57:52",16.9,-0.15,300,10143100,"S"
"NVL","13:57:50",16.9,-0.15,100,10142800,"S"
"NVL","13:57:43",16.9,-0.15,200,10142700,"S"
"NVL","13:57:38",16.9,-0.15,200,10142500,"S"
"NVL","13:57:34",16.9,-0.15,1000,10142300,"S"
"NVL","13:57:31",16.85,-0.2,1000,10141300,"B"
"NVL","13:57:24",16.9,-0.15,4400,10140300,"S"
"NVL","13:57:13",16.85,-0.2,1000,10135900,"B"
"NVL","13:57:09",16.9,-0.15,4000,10134900,"S"
"NVL","13:57:06",16.9,-0.15,100,10130900,"S"
"NVL","13:57:02",16.9,-0.15,100,10130800,"S"
"NVL","13:56:36",16.9,-0.15,5900,10130700,"S"
"NVL","13:56:28",16.85,-0.2,2000,10124800,"B"
"NVL","13:56:17",16.9,-0.15,100,10122800,"S"
"NVL","13:55:45",16.85,-0.2,1000,10122700,"B"
"NVL","13:55:27",16.9,-0.15,100,10121700,"S"
"NVL","13:55:06",16.85,-0.2,9000,10121600,"B"
"NVL","13:54:49",16.9,-0.15,1000,10112600,"S"
"NVL","13:54:42",16.85,-0.2,200,10111600,"B"
"NVL","13:54:40",16.85,-0.2,500,10111400,"B"
"NVL","13:54:38",16.85,-0.2,500,10110900,"B"
"NVL","13:54:38",16.9,-0.15,100,10110400,"S"
"NVL","13:54:09",16.85,-0.2,3600,10110300,"B"
"NVL","13:53:48",16.9,-0.15,100,10106700,"S"
"NVL","13:53:25",16.85,-0.2,3000,10106600,"B"
"NVL","13:53:21",16.9,-0.15,1000,10103600,"S"
"NVL","13:53:14",16.85,-0.2,1800,10102600,"B"
"NVL","13:52:59",16.9,-0.15,100,10100800,"S"
"NVL","13:52:48",16.85,-0.2,300,10100700,"B"
"NVL","13:52:40",16.9,-0.15,100,10100400,"S"
"NVL","13:52:35",16.9,-0.15,1000,10100300,"S"
"NVL","13:52:31",16.85,-0.2,200,10099300,"B"
"NVL","13:52:09",16.9,-0.15,100,10099100,"S"
"NVL","13:51:20",16.9,-0.15,100,10099000,"S"
"NVL","13:51:03",16.85,-0.2,2400,10098900,"S"
"NVL","13:51:02",16.85,-0.2,4200,10096500,"S"
"NVL","13:51:00",16.85,-0.2,200,10092300,"S"
"NVL","13:50:57",16.85,-0.2,200,10092100,"B"
"NVL","13:50:56",16.85,-0.2,500,10091900,"B"
"NVL","13:50:54",16.85,-0.2,1000,10091400,"S"
"NVL","13:50:53",16.85,-0.2,2800,10090400,"S"
"NVL","13:50:51",16.85,-0.2,500,10087600,"S"
"NVL","13:50:50",16.85,-0.2,300,10087100,"S"
"NVL","13:50:42",16.85,-0.2,50200,10086800,"S"
"NVL","13:50:41",16.85,-0.2,500,10036600,"S"
"NVL","13:50:40",16.85,-0.2,50000,10036100,"S"
"NVL","13:50:39",16.85,-0.2,1000,9986100,"S"
"NVL","13:50:35",16.85,-0.2,600,9985100,"S"
"NVL","13:50:34",16.8,-0.25,100,9984500,"B"
"NVL","13:50:30",16.85,-0.2,100,9984400,"S"
"NVL","13:49:49",16.85,-0.2,5000,9984300,"S"
"NVL","13:49:41",16.85,-0.2,100,9979300,"S"
"NVL","13:49:35",16.85,-0.2,1000,9979200,"S"
"NVL","13:49:32",16.85,-0.2,10000,9978200,"S"
"NVL","13:49:25",16.85,-0.2,600,9968200,"S"
"NVL","13:49:09",16.85,-0.2,500,9967600,"S"
"NVL","13:49:07",16.8,-0.25,100,9967100,"B"
"NVL","13:49:03",16.8,-0.25,1000,9967000,"B"
"NVL","13:48:57",16.85,-0.2,200,9966000,"S"
"NVL","13:48:51",16.85,-0.2,100,9965800,"S"
"NVL","13:48:39",16.8,-0.25,5000,9965700,"B"
"NVL","13:48:37",16.85,-0.2,500,9960700,"S"
"NVL","13:48:29",16.85,-0.2,600,9960200,"S"
"NVL","13:48:28",16.85,-0.2,10400,9959600,"B"
"NVL","13:48:23",16.85,-0.2,600,9949200,"B"
"NVL","13:48:20",16.85,-0.2,3400,9948500,"B"
"NVL","13:48:19",16.85,-0.2,500,9945100,"B"
"NVL","13:48:17",16.85,-0.2,1600,9944600,"B"
"NVL","13:48:16",16.85,-0.2,23400,9943000,"B"
"NVL","13:48:16",16.85,-0.2,500,9919600,"B"
"NVL","13:48:15",16.85,-0.2,2000,9919100,"B"
"NVL","13:48:08",16.85,-0.2,2000,9917100,"B"
"NVL","13:48:06",16.85,-0.2,100,9915100,"B"
"NVL","13:47:55",16.85,-0.2,10000,9915000,"B"
"NVL","13:47:53",16.85,-0.2,5000,9905000,"B"
"NVL","13:47:49",16.85,-0.2,10200,9900000,"B"
"NVL","13:47:47",16.85,-0.2,10200,9889800,"B"
"NVL","13:47:46",16.85,-0.2,1000,9879600,"B"
"NVL","13:47:45",16.85,-0.2,5000,9878600,"B"
"NVL","13:47:45",16.85,-0.2,500,9873600,"B"
"NVL","13:47:42",16.85,-0.2,5000,9873100,"B"
"NVL","13:47:41",16.85,-0.2,9000,9868100,"B"
"NVL","13:47:38",16.85,-0.2,6500,9859100,"B"
"NVL","13:47:35",16.85,-0.2,1800,9852600,"B"
"NVL","13:47:30",16.85,-0.2,10000,9850800,"B"
"NVL","13:47:26",16.85,-0.2,1000,9840800,"B"
"NVL","13:47:06",16.85,-0.2,15000,9839800,"B"
"NVL","13:47:05",16.85,-0.2,1000,9824800,"B"
"NVL","13:47:02",16.85,-0.2,1000,9823800,"B"
"NVL","13:46:57",16.85,-0.2,200,9822800,"B"
"NVL","13:46:53",16.85,-0.2,1700,9822600,"B"
"NVL","13:46:52",16.85,-0.2,6000,9820900,"B"
"NVL","13:46:42",16.85,-0.2,60400,9814900,"B"
"NVL","13:46:42",16.85,-0.2,14900,9754500,"B"
"NVL","13:46:36",16.85,-0.2,500,9739600,"B"
"NVL","13:46:28",16.85,-0.2,5100,9739100,"B"
"NVL","13:46:23",16.85,-0.2,500,9734000,"B"
"NVL","13:46:15",16.85,-0.2,1000,9733500,"B"
"NVL","13:46:12",16.85,-0.2,8000,9732500,"B"
"NVL","13:46:04",16.85,-0.2,2000,9724500,"B"
"NVL","13:45:51",16.85,-0.2,3000,9722500,"B"
"NVL","13:45:36",16.9,-0.15,2000,9719500,"S"
"NVL","13:45:27",16.85,-0.2,500,9717500,"B"
"NVL","13:44:59",16.9,-0.15,100,9717000,"S"
"NVL","13:44:56",16.85,-0.2,3000,9716900,"B"
"NVL","13:44:49",16.85,-0.2,5000,9713900,"B"
"NVL","13:44:45",16.85,-0.2,500,9708900,"B"
"NVL","13:44:28",16.85,-0.2,200,9708400,"B"
"NVL","13:44:03",16.85,-0.2,500,9708200,"B"
"NVL","13:43:57",16.85,-0.2,200,9707700,"B"
"NVL","13:43:54",16.85,-0.2,500,9707500,"B"
"NVL","13:43:38",16.85,-0.2,4500,9707000,"S"
"NVL","13:43:37",16.85,-0.2,3000,9702500,"S"
"NVL","13:43:36",16.85,-0.2,100,9696200,"S"
"NVL","13:43:35",16.85,-0.2,500,9696100,"S"
"NVL","13:43:34",16.85,-0.2,20500,9695600,"S"
"NVL","13:43:33",16.85,-0.2,1000,9675100,"S"
"NVL","13:43:32",16.85,-0.2,2000,9674100,"S"
"NVL","13:43:31",16.85,-0.2,3700,9672100,"S"
"NVL","13:43:29",16.85,-0.2,1000,9668400,"S"
"NVL","13:43:25",16.85,-0.2,1000,9667400,"S"
"NVL","13:43:24",16.85,-0.2,1200,9666400,"S"
"NVL","13:43:23",16.85,-0.2,8000,9665200,"S"
"NVL","13:43:22",16.85,-0.2,200,9657200,"S"
"NVL","13:43:21",16.85,-0.2,1000,9657000,"S"
"NVL","13:43:18",16.85,-0.2,400,9656000,"S"
"NVL","13:43:16",16.85,-0.2,4600,9655600,"S"
"NVL","13:43:13",16.85,-0.2,1000,9651000,"S"
"NVL","13:43:11",16.85,-0.2,10200,9650000,"S"
"NVL","13:43:08",16.85,-0.2,100,9639800,"S"
"NVL","13:43:06",16.85,-0.2,400,9639700,"S"
"NVL","13:43:04",16.85,-0.2,1100,9639300,"S"
"NVL","13:43:03",16.85,-0.2,1000,9638200,"S"
"NVL","13:43:00",16.85,-0.2,700,9637200,"S"
"NVL","13:42:58",16.85,-0.2,5000,9636500,"S"
"NVL","13:42:56",16.85,-0.2,500,9631500,"S"
"NVL","13:42:48",16.85,-0.2,2000,9631000,"S"
"NVL","13:42:47",16.85,-0.2,300,9629000,"S"
"NVL","13:42:46",16.85,-0.2,100,9628700,"S"
"NVL","13:42:45",16.85,-0.2,10000,9628600,"S"
"NVL","13:42:44",16.85,-0.2,1000,9618600,"S"
"NVL","13:42:41",16.85,-0.2,10000,9617600,"S"
"NVL","13:42:41",16.8,-0.25,100,9607600,"B"
"NVL","13:42:37",16.85,-0.2,1500,9607500,"S"
"NVL","13:42:29",16.85,-0.2,500,9606000,"S"
"NVL","13:42:25",16.85,-0.2,500,9605500,"S"
"NVL","13:42:24",16.85,-0.2,200,9605000,"S"
"NVL","13:42:16",16.85,-0.2,2000,9604800,"S"
"NVL","13:42:15",16.85,-0.2,1000,9602800,"S"
"NVL","13:42:14",16.85,-0.2,200,9601800,"S"
"NVL","13:42:11",16.85,-0.2,1000,9601600,"S"
"NVL","13:42:09",16.85,-0.2,10000,9600600,"S"
"NVL","13:42:02",16.85,-0.2,10000,9590600,"S"
"NVL","13:41:56",16.85,-0.2,100,9580600,"S"
"NVL","13:41:52",16.85,-0.2,200,9580500,"S"
"NVL","13:41:48",16.85,-0.2,2000,9580300,"S"
"NVL","13:41:46",16.85,-0.2,2000,9578300,"S"
"NVL","13:41:45",16.85,-0.2,5000,9576300,"S"
"NVL","13:41:34",16.85,-0.2,100,9571300,"S"
"NVL","13:41:26",16.85,-0.2,700,9571200,"S"
"NVL","13:41:24",16.8,-0.25,6300,9570500,"B"
"NVL","13:41:17",16.8,-0.25,2800,9564200,"B"
"NVL","13:41:12",16.85,-0.2,100,9561400,"S"
"NVL","13:41:00",16.85,-0.2,95400,9561300,"B"
"NVL","13:40:58",16.85,-0.2,22000,9465900,"B"
"NVL","13:40:57",16.85,-0.2,8000,9443900,"B"
"NVL","13:40:50",16.85,-0.2,5000,9435900,"B"
"NVL","13:40:47",16.85,-0.2,2000,9430900,"B"
"NVL","13:40:46",16.85,-0.2,5000,9428900,"B"
"NVL","13:40:31",16.9,-0.15,100,9423900,"S"
"NVL","13:40:23",16.85,-0.2,300,9423800,"B"
"NVL","13:40:13",16.9,-0.15,100,9423500,"S"
"NVL","13:40:12",16.85,-0.2,50000,9423400,"B"
"NVL","13:40:06",16.85,-0.2,2000,9373400,"B"
"NVL","13:39:52",16.85,-0.2,700,9371400,"B"
"NVL","13:39:46",16.85,-0.2,500,9370700,"B"
"NVL","13:39:44",16.9,-0.15,500,9370200,"S"
"NVL","13:39:33",16.9,-0.15,200,9369700,"S"
"NVL","13:39:15",16.9,-0.15,5000,9369500,"S"
"NVL","13:38:46",16.9,-0.15,100,9364500,"S"
"NVL","13:38:39",16.9,-0.15,100,9364400,"S"
"NVL","13:38:38",16.85,-0.2,1500,9364300,"B"
"NVL","13:38:32",16.9,-0.15,100,9362800,"S"
"NVL","13:38:03",16.9,-0.15,300,9362700,"S"
"NVL","13:38:01",16.9,-0.15,1000,9362400,"S"
"NVL","13:37:50",16.9,-0.15,500,9361400,"S"
"NVL","13:37:49",16.9,-0.15,100,9360900,"S"
"NVL","13:37:49",16.85,-0.2,1800,9360800,"B"
"NVL","13:37:41",16.9,-0.15,200,9359000,"S"
"NVL","13:37:36",16.9,-0.15,1000,9358800,"S"
"NVL","13:37:35",16.85,-0.2,100,9357800,"B"
"NVL","13:37:06",16.9,-0.15,1000,9357700,"S"
"NVL","13:37:01",16.9,-0.15,500,9356700,"S"
"NVL","13:36:47",16.9,-0.15,300,9356200,"S"
"NVL","13:36:44",16.9,-0.15,200,9355900,"S"
"NVL","13:36:43",16.9,-0.15,1000,9355700,"S"
"NVL","13:36:33",16.9,-0.15,4000,9354700,"S"
"NVL","13:36:29",16.9,-0.15,1000,9350700,"S"
"NVL","13:36:25",16.9,-0.15,3000,9349700,"S"
"NVL","13:36:23",16.9,-0.15,100,9346700,"S"
"NVL","13:36:20",16.9,-0.15,300,9346600,"S"
"NVL","13:36:14",16.9,-0.15,100,9346300,"S"
"NVL","13:36:08",16.9,-0.15,500,9346200,"S"
"NVL","13:36:06",16.9,-0.15,1000,9345700,"S"
"NVL","13:36:03",16.9,-0.15,50000,9344700,"S"
"NVL","13:35:59",16.9,-0.15,300,9294700,"S"
"NVL","13:35:47",16.9,-0.15,2000,9294400,"S"
"NVL","13:35:32",16.9,-0.15,200,9292400,"S"
"NVL","13:35:27",16.9,-0.15,600,9292200,"S"
"NVL","13:35:17",16.9,-0.15,500,9291600,"S"
"NVL","13:34:43",16.9,-0.15,100,9291100,"S"
"NVL","13:34:35",16.9,-0.15,1900,9291000,"S"
"NVL","13:34:30",16.9,-0.15,200,9289100,"S"
"NVL","13:34:29",16.9,-0.15,17600,9288900,"S"
"NVL","13:34:27",16.9,-0.15,300,9271300,"S"
"NVL","13:34:24",16.85,-0.2,5000,9271000,"B"
"NVL","13:34:16",16.9,-0.15,32100,9266000,"B"
"NVL","13:34:15",16.9,-0.15,200,9233900,"B"
"NVL","13:34:00",16.9,-0.15,200,9233700,"B"
"NVL","13:33:57",16.9,-0.15,30000,9233500,"B"
"NVL","13:33:44",16.9,-0.15,5000,9203500,"B"
"NVL","13:33:41",16.9,-0.15,2000,9198500,"B"
"NVL","13:33:18",16.9,-0.15,8500,9196500,"S"
"NVL","13:33:16",16.9,-0.15,100,9188000,"S"
"NVL","13:33:16",16.9,-0.15,100,9187900,"S"
"NVL","13:33:13",16.9,-0.15,1000,9187800,"S"
"NVL","13:33:13",16.9,-0.15,300,9186800,"S"
"NVL","13:33:08",16.9,-0.15,2000,9186500,"S"
"NVL","13:33:03",16.9,-0.15,4800,9184500,"S"
"NVL","13:33:02",16.9,-0.15,1400,9179700,"B"
"NVL","13:32:52",16.9,-0.15,300,9178300,"S"
"NVL","13:32:51",16.9,-0.15,500,9178000,"S"
"NVL","13:32:45",16.9,-0.15,2000,9177500,"S"
"NVL","13:32:41",16.9,-0.15,600,9175500,"S"
"NVL","13:32:33",16.9,-0.15,100,9174900,"S"
"NVL","13:32:31",16.9,-0.15,11500,9174800,"B"
"NVL","13:32:25",16.9,-0.15,1200,9163300,"B"
"NVL","13:32:23",16.9,-0.15,1400,9162100,"B"
"NVL","13:32:10",16.9,-0.15,2000,9160700,"B"
"NVL","13:31:47",16.9,-0.15,200,9158700,"B"
"NVL","13:31:35",16.9,-0.15,500,9158500,"B"
"NVL","13:31:28",16.9,-0.15,4000,9158000,"B"
"NVL","13:31:26",16.95,-0.1,1700,9154000,"S"
"NVL","13:30:47",16.9,-0.15,2000,9152300,"B"
"NVL","13:30:43",16.9,-0.15,500,9150300,"B"
"NVL","13:30:40",16.9,-0.15,2000,9149800,"B"
"NVL","13:30:17",16.9,-0.15,800,9147800,"B"
"NVL","13:30:09",16.9,-0.15,3100,9147000,"S"
"NVL","13:30:02",16.9,-0.15,2400,9143900,"S"
"NVL","13:30:00",16.9,-0.15,5400,9141500,"B"
"NVL","13:30:00",16.9,-0.15,9100,9136100,"B"
"NVL","13:29:37",16.9,-0.15,100,9127000,"B"
"NVL","13:29:03",16.9,-0.15,500,9126900,"B"
"NVL","13:28:54",16.9,-0.15,200,9126400,"B"
"NVL","13:28:48",16.9,-0.15,600,9126200,"S"
"NVL","13:28:46",16.9,-0.15,500,9125600,"S"
"NVL","13:28:46",16.9,-0.15,100,9125100,"S"
"NVL","13:28:45",16.9,-0.15,500,9125000,"S"
"NVL","13:28:40",16.9,-0.15,100,9124500,"S"
"NVL","13:28:37",16.9,-0.15,300,9124400,"S"
"NVL","13:28:37",16.9,-0.15,200,9124100,"S"
"NVL","13:28:31",16.9,-0.15,100,9123900,"S"
"NVL","13:28:29",16.9,-0.15,5000,9123800,"S"
"NVL","13:28:02",16.9,-0.15,100,9118800,"S"
"NVL","13:28:01",16.9,-0.15,100,9118700,"S"
"NVL","13:27:48",16.9,-0.15,5000,9118600,"S"
"NVL","13:27:28",16.9,-0.15,100,9113600,"S"
"NVL","13:27:23",16.9,-0.15,400,9113500,"B"
"NVL","13:27:15",16.9,-0.15,10000,9113100,"B"
"NVL","13:26:48",16.9,-0.15,1000,9103100,"B"
"NVL","13:26:48",16.9,-0.15,100,9102100,"B"
"NVL","13:26:32",16.9,-0.15,3700,9102000,"B"
"NVL","13:26:30",16.9,-0.15,100,9098300,"B"
"NVL","13:26:17",16.9,-0.15,1000,9098200,"B"
"NVL","13:26:05",16.9,-0.15,200,9097200,"B"
"NVL","13:25:57",16.95,-0.1,100,9097000,"S"
"NVL","13:25:42",16.9,-0.15,500,9096900,"B"
"NVL","13:25:36",16.9,-0.15,5400,9096400,"S"
"NVL","13:25:36",16.9,-0.15,1000,9091000,"S"
"NVL","13:25:30",16.9,-0.15,5000,9090000,"S"
"NVL","13:25:16",16.9,-0.15,200,9085000,"S"
"NVL","13:25:06",16.9,-0.15,300,9084800,"S"
"NVL","13:25:06",16.9,-0.15,100,9084500,"S"
"NVL","13:24:56",16.9,-0.15,500,9084400,"S"
"NVL","13:24:51",16.9,-0.15,1000,9083900,"S"
"NVL","13:24:50",16.9,-0.15,1000,9082900,"S"
"NVL","13:24:46",16.9,-0.15,100,9081900,"S"
"NVL","13:24:35",16.9,-0.15,1000,9081800,"S"
"NVL","13:24:34",16.9,-0.15,200,9080800,"S"
"NVL","13:24:30",16.9,-0.15,500,9080600,"S"
"NVL","13:24:13",16.9,-0.15,100,9080100,"S"
"NVL","13:24:11",16.9,-0.15,100,9080000,"S"
"NVL","13:24:10",16.9,-0.15,300,9079900,"S"
"NVL","13:24:09",16.9,-0.15,100,9079600,"S"
"NVL","13:24:07",16.9,-0.15,300,9079500,"S"
"NVL","13:24:03",16.9,-0.15,500,9079200,"S"
"NVL","13:24:01",16.9,-0.15,100,9078700,"S"
"NVL","13:23:58",16.9,-0.15,2100,9078600,"S"
"NVL","13:23:51",16.85,-0.2,300,9076500,"B"
"NVL","13:23:50",16.9,-0.15,100,9076200,"S"
"NVL","13:23:37",16.85,-0.2,200,9076100,"B"
"NVL","13:23:35",16.9,-0.15,2600,9075900,"S"
"NVL","13:23:35",16.9,-0.15,21400,9073300,"S"
"NVL","13:23:23",16.9,-0.15,50000,9051900,"S"
"NVL","13:23:22",16.9,-0.15,1000,9001900,"S"
"NVL","13:23:20",16.9,-0.15,1000,9000900,"S"
"NVL","13:23:17",16.9,-0.15,100,8999900,"S"
"NVL","13:23:10",16.9,-0.15,500,8999800,"S"
"NVL","13:22:41",16.9,-0.15,100,8999300,"S"
"NVL","13:22:37",16.9,-0.15,1000,8999200,"S"
"NVL","13:22:37",16.9,-0.15,1000,8998200,"S"
"NVL","13:22:08",16.9,-0.15,100,8997200,"S"
"NVL","13:22:05",16.9,-0.15,500,8997100,"S"
"NVL","13:22:05",16.85,-0.2,100,8996600,"B"
"NVL","13:21:55",16.9,-0.15,1000,8996500,"S"
"NVL","13:21:42",16.9,-0.15,500,8995500,"S"
"NVL","13:21:38",16.85,-0.2,100,8995000,"B"
"NVL","13:21:27",16.9,-0.15,23800,8994900,"B"
"NVL","13:21:25",16.9,-0.15,3200,8971100,"B"
"NVL","13:21:22",16.9,-0.15,2000,8967900,"B"
"NVL","13:21:17",16.9,-0.15,500,8965900,"B"
"NVL","13:21:11",16.9,-0.15,1500,8965400,"B"
"NVL","13:21:08",16.9,-0.15,200,8963900,"B"
"NVL","13:21:05",16.9,-0.15,13300,8963700,"B"
"NVL","13:21:04",16.9,-0.15,200,8950400,"B"
"NVL","13:21:02",16.9,-0.15,2000,8950200,"B"
"NVL","13:20:57",16.9,-0.15,3000,8948200,"B"
"NVL","13:20:54",16.9,-0.15,200,8945200,"B"
"NVL","13:20:48",16.9,-0.15,100000,8945000,"B"
"NVL","13:20:37",16.9,-0.15,500,8845000,"B"
"NVL","13:20:24",16.9,-0.15,300,8844500,"B"
"NVL","13:20:20",16.9,-0.15,100,8844200,"B"
"NVL","13:20:06",16.9,-0.15,700,8844100,"B"
"NVL","13:20:04",16.95,-0.1,2100,8843400,"S"
"NVL","13:20:03",16.95,-0.1,500,8841300,"S"
"NVL","13:20:01",16.95,-0.1,100,8840800,"S"
"NVL","13:19:42",16.95,-0.1,500,8840700,"S"
"NVL","13:19:39",16.95,-0.1,400,8840200,"S"
"NVL","13:19:34",16.95,-0.1,100,8839800,"S"
"NVL","13:19:33",16.95,-0.1,100,8839700,"S"
"NVL","13:19:20",16.95,-0.1,600,8839600,"S"
"NVL","13:19:19",16.95,-0.1,1700,8839000,"S"
"NVL","13:19:12",16.95,-0.1,500,8837300,"S"
"NVL","13:19:06",16.95,-0.1,300,8836800,"S"
"NVL","13:18:55",16.95,-0.1,73700,8836500,"S"
"NVL","13:18:46",16.95,-0.1,100,8762800,"S"
"NVL","13:18:40",16.95,-0.1,100,8762700,"S"
"NVL","13:18:30",16.95,-0.1,31300,8762600,"S"
"NVL","13:18:26",16.95,-0.1,3000,8731300,"S"
"NVL","13:18:26",16.95,-0.1,100,8728300,"S"
"NVL","13:18:22",16.95,-0.1,800,8728200,"S"
"NVL","13:18:08",16.95,-0.1,100,8727400,"S"
"NVL","13:18:01",16.95,-0.1,1400,8727300,"S"
"NVL","13:17:58",16.95,-0.1,19200,8725900,"S"
"NVL","13:17:53",16.9,-0.15,2000,8706700,"B"
"NVL","13:17:35",16.95,-0.1,10600,8704700,"S"
"NVL","13:17:35",16.95,-0.1,3700,8694100,"S"
"NVL","13:17:26",16.95,-0.1,500,8690400,"S"
"NVL","13:17:25",16.95,-0.1,10000,8689900,"S"
"NVL","13:17:14",16.9,-0.15,5000,8679900,"B"
"NVL","13:17:06",16.9,-0.15,5200,8674900,"B"
"NVL","13:16:58",16.9,-0.15,400,8669700,"B"
"NVL","13:16:48",16.9,-0.15,200,8669300,"B"
"NVL","13:16:32",16.9,-0.15,300,8669100,"B"
"NVL","13:16:30",16.9,-0.15,500,8668800,"B"
"NVL","13:16:23",16.9,-0.15,200,8668300,"S"
"NVL","13:16:20",16.9,-0.15,3800,8668100,"S"
"NVL","13:16:18",16.9,-0.15,1000,8664300,"S"
"NVL","13:16:16",16.9,-0.15,20000,8663300,"S"
"NVL","13:16:15",16.9,-0.15,2000,8643300,"S"
"NVL","13:16:10",16.9,-0.15,2600,8641300,"S"
"NVL","13:16:02",16.9,-0.15,70900,8638700,"B"
"NVL","13:15:48",16.9,-0.15,1000,8567800,"B"
"NVL","13:15:12",16.9,-0.15,1000,8566800,"B"
"NVL","13:14:49",16.9,-0.15,1000,8565800,"B"
"NVL","13:14:20",16.95,-0.1,200,8564800,"S"
"NVL","13:14:14",16.9,-0.15,100,8564600,"B"
"NVL","13:13:36",16.9,-0.15,100,8564500,"B"
"NVL","13:12:45",16.9,-0.15,3700,8564400,"B"
"NVL","13:12:44",16.95,-0.1,100,8560700,"S"
"NVL","13:12:38",16.9,-0.15,2300,8560600,"B"
"NVL","13:12:20",16.9,-0.15,400,8558300,"S"
"NVL","13:12:19",16.9,-0.15,100,8557900,"S"
"NVL","13:12:18",16.9,-0.15,500,8557800,"S"
"NVL","13:12:12",16.9,-0.15,900,8557300,"S"
"NVL","13:12:11",16.9,-0.15,100,8556400,"B"
"NVL","13:12:10",16.9,-0.15,800,8556300,"S"
"NVL","13:12:09",16.9,-0.15,500,8555500,"S"
"NVL","13:12:07",16.9,-0.15,1600,8555000,"S"
"NVL","13:12:02",16.9,-0.15,1400,8553400,"S"
"NVL","13:11:58",16.9,-0.15,500,8552000,"S"
"NVL","13:11:57",16.9,-0.15,300,8551500,"S"
"NVL","13:11:56",16.9,-0.15,500,8551200,"S"
"NVL","13:11:55",16.9,-0.15,4000,8550700,"S"
"NVL","13:11:49",16.9,-0.15,3000,8546700,"S"
"NVL","13:11:39",16.9,-0.15,1000,8543700,"S"
"NVL","13:11:32",16.9,-0.15,1000,8542700,"S"
"NVL","13:11:31",16.9,-0.15,5400,8541700,"B"
"NVL","13:11:22",16.9,-0.15,2100,8536300,"B"
"NVL","13:11:14",16.95,-0.1,3000,8534200,"S"
"NVL","13:11:12",16.9,-0.15,600,8531200,"B"
"NVL","13:10:55",16.9,-0.15,50000,8530600,"B"
"NVL","13:10:45",16.9,-0.15,2000,8480600,"B"
"NVL","13:10:42",16.9,-0.15,200,8478600,"B"
"NVL","13:10:31",16.9,-0.15,2000,8478400,"B"
"NVL","13:10:15",16.9,-0.15,5000,8476400,"B"
"NVL","13:10:06",16.9,-0.15,200,8471400,"B"
"NVL","13:10:00",16.9,-0.15,5000,8471200,"B"
"NVL","13:09:57",16.9,-0.15,1000,8466200,"B"
"NVL","13:09:51",16.9,-0.15,5000,8465200,"B"
"NVL","13:09:42",16.9,-0.15,100,8460200,"B"
"NVL","13:09:38",16.9,-0.15,100,8460100,"S"
"NVL","13:09:35",16.9,-0.15,10000,8460000,"S"
"NVL","13:09:30",16.9,-0.15,500,8450000,"B"
"NVL","13:09:29",16.9,-0.15,2000,8449500,"B"
"NVL","13:09:16",16.9,-0.15,2000,8447500,"B"
"NVL","13:09:08",16.9,-0.15,2000,8445500,"B"
"NVL","13:09:07",16.9,-0.15,1700,8443500,"B"
"NVL","13:09:04",16.9,-0.15,1500,8441800,"S"
"NVL","13:09:03",16.9,-0.15,1200,8440300,"S"
"NVL","13:09:02",16.9,-0.15,16300,8439100,"B"
"NVL","13:08:58",16.9,-0.15,10000,8422800,"B"
"NVL","13:08:57",16.9,-0.15,500,8412800,"B"
"NVL","13:08:35",16.9,-0.15,3000,8412300,"B"
"NVL","13:08:17",16.9,-0.15,1000,8409300,"B"
"NVL","13:08:15",16.9,-0.15,1100,8408300,"B"
"NVL","13:08:05",16.9,-0.15,1000,8407200,"B"
"NVL","13:07:56",16.9,-0.15,1300,8406200,"B"
"NVL","13:07:55",16.95,-0.1,1000,8404900,"S"
"NVL","13:07:47",16.9,-0.15,2000,8403900,"B"
"NVL","13:07:37",16.95,-0.1,200,8401900,"S"
"NVL","13:07:33",16.9,-0.15,1000,8401700,"B"
"NVL","13:07:32",16.95,-0.1,1500,8400700,"S"
"NVL","13:07:25",16.95,-0.1,100,8399200,"S"
"NVL","13:07:10",16.9,-0.15,2000,8399100,"B"
"NVL","13:07:01",16.9,-0.15,11000,8397100,"B"
"NVL","13:06:56",16.9,-0.15,400,8386100,"B"
"NVL","13:06:55",16.9,-0.15,500,8385700,"B"
"NVL","13:06:51",16.9,-0.15,25600,8385200,"S"
"NVL","13:06:47",16.9,-0.15,500,8359600,"S"
"NVL","13:06:46",16.9,-0.15,2100,8359100,"S"
"NVL","13:06:44",16.9,-0.15,2000,8357000,"S"
"NVL","13:06:42",16.9,-0.15,2500,8355000,"S"
"NVL","13:06:38",16.9,-0.15,2000,8352500,"S"
"NVL","13:06:35",16.9,-0.15,600,8350500,"S"
"NVL","13:06:34",16.9,-0.15,100,8349900,"S"
"NVL","13:06:30",16.9,-0.15,600,8349800,"S"
"NVL","13:06:27",16.9,-0.15,1100,8349200,"S"
"NVL","13:06:24",16.9,-0.15,10000,8348100,"S"
"NVL","13:06:22",16.9,-0.15,100,8338100,"S"
"NVL","13:06:19",16.9,-0.15,100,8338000,"S"
"NVL","13:06:16",16.9,-0.15,1900,8337900,"S"
"NVL","13:06:15",16.9,-0.15,100,8336000,"S"
"NVL","13:06:14",16.9,-0.15,100,8335900,"S"
"NVL","13:06:09",16.9,-0.15,100,8335800,"S"
"NVL","13:06:06",16.9,-0.15,2500,8335700,"S"
"NVL","13:06:03",16.9,-0.15,6000,8333200,"S"
"NVL","13:06:00",16.9,-0.15,1400,8327200,"S"
"NVL","13:05:57",16.9,-0.15,1000,8325800,"S"
"NVL","13:05:56",16.9,-0.15,300,8324800,"S"
"NVL","13:05:56",16.9,-0.15,900,8324500,"S"
"NVL","13:05:54",16.9,-0.15,3000,8323600,"S"
"NVL","13:05:52",16.9,-0.15,500,8320600,"S"
"NVL","13:05:51",16.9,-0.15,200,8320100,"S"
"NVL","13:05:48",16.9,-0.15,600,8319900,"S"
"NVL","13:05:45",16.9,-0.15,3000,8319300,"S"
"NVL","13:05:42",16.9,-0.15,7400,8316300,"S"
"NVL","13:05:40",16.9,-0.15,500,8308900,"S"
"NVL","13:05:32",16.9,-0.15,300,8308400,"S"
"NVL","13:05:30",16.9,-0.15,100,8308100,"S"
"NVL","13:05:28",16.9,-0.15,500,8308000,"S"
"NVL","13:05:27",16.9,-0.15,200,8307500,"S"
"NVL","13:05:26",16.9,-0.15,500,8307300,"S"
"NVL","13:05:21",16.9,-0.15,100,8306800,"S"
"NVL","13:05:19",16.9,-0.15,200,8306700,"S"
"NVL","13:05:15",16.9,-0.15,500,8306500,"S"
"NVL","13:05:08",16.9,-0.15,200,8306000,"S"
"NVL","13:05:03",16.9,-0.15,500,8305800,"S"
"NVL","13:05:02",16.9,-0.15,2900,8305300,"S"
"NVL","13:05:00",16.9,-0.15,100,8302400,"S"
"NVL","13:04:58",16.9,-0.15,2000,8302300,"S"
"NVL","13:04:55",16.9,-0.15,1000,8300300,"S"
"NVL","13:04:53",16.9,-0.15,50000,8299300,"S"
"NVL","13:04:48",16.9,-0.15,300,8249300,"S"
"NVL","13:04:45",16.9,-0.15,200,8249000,"S"
"NVL","13:04:38",16.9,-0.15,8000,8248800,"S"
"NVL","13:04:37",16.9,-0.15,2000,8240800,"S"
"NVL","13:04:32",16.9,-0.15,600,8238800,"S"
"NVL","13:04:24",16.9,-0.15,50000,8238200,"S"
"NVL","13:04:17",16.9,-0.15,900,8188200,"S"
"NVL","13:04:03",16.9,-0.15,400,8187300,"S"
"NVL","13:04:00",16.9,-0.15,100,8186900,"S"
"NVL","13:03:57",16.9,-0.15,100,8186800,"S"
"NVL","13:03:54",16.9,-0.15,300,8186700,"S"
"NVL","13:03:53",16.9,-0.15,1000,8186400,"S"
"NVL","13:03:40",16.9,-0.15,600,8185400,"S"
"NVL","13:03:37",16.9,-0.15,200,8184800,"S"
"NVL","13:03:35",16.85,-0.2,200,8184600,"B"
"NVL","13:03:35",16.9,-0.15,300,8184400,"S"
"NVL","13:03:04",16.9,-0.15,5000,8184100,"S"
"NVL","13:02:43",16.85,-0.2,300,8179100,"B"
"NVL","13:02:21",16.85,-0.2,500,8178800,"B"
"NVL","13:01:58",16.85,-0.2,5000,8178300,"B"
"NVL","13:01:13",16.85,-0.2,100,8173300,"B"
"NVL","13:01:09",16.85,-0.2,500,8173200,"B"
"NVL","13:00:57",16.9,-0.15,100,8172700,"S"
"NVL","13:00:54",16.9,-0.15,100,8172600,"S"
"NVL","13:00:26",16.9,-0.15,28500,8172500,"S"
"NVL","13:00:25",16.9,-0.15,100,8144000,"S"
"NVL","13:00:23",16.85,-0.2,100,8143900,"B"
"NVL","13:00:22",16.9,-0.15,2000,8143800,"S"
"NVL","13:00:22",16.9,-0.15,100,8141800,"S"
"NVL","13:00:21",16.9,-0.15,300,8141700,"S"
"NVL","13:00:19",16.9,-0.15,1000,8141400,"S"
"NVL","13:00:17",16.9,-0.15,4000,8140400,"S"
"NVL","13:00:13",16.9,-0.15,700,8136400,"S"
"NVL","13:00:12",16.85,-0.2,200,8135700,"B"
"NVL","13:00:11",16.85,-0.2,1000,8135500,"B"
"NVL","13:00:11",16.9,-0.15,100,8134500,"S"
"NVL","13:00:09",16.9,-0.15,500,8134400,"S"
"NVL","13:00:06",16.9,-0.15,1200,8133900,"S"
"NVL","13:00:06",16.9,-0.15,1100,8132700,"S"
"NVL","13:00:05",16.9,-0.15,1100,8131600,"S"
"NVL","13:00:04",16.9,-0.15,500,8130500,"S"
"NVL","13:00:03",16.9,-0.15,5000,8130000,"S"
"NVL","13:00:03",16.9,-0.15,2000,8125000,"S"
"NVL","13:00:02",16.9,-0.15,100,8123000,"S"
"NVL","13:00:02",16.9,-0.15,1500,8122900,"S"
"NVL","13:00:02",16.85,-0.2,500,8121400,"B"
"NVL","13:00:01",16.9,-0.15,100,8120900,"S"
"NVL","13:00:00",16.9,-0.15,5000,8120800,"S"
"NVL","13:00:00",16.85,-0.2,5000,8115800,"B"
"NVL","13:00:00",16.9,-0.15,100,8110800,"S"
"NVL","13:00:00",16.85,-0.2,5000,8110700,"B"
"NVL","13:00:00",16.9,-0.15,600,8105700,"S"
"NVL","13:00:00",16.85,-0.2,2000,8105100,"B"
"NVL","13:00:00",16.9,-0.15,2100,8103100,"S"
"NVL","13:00:00",16.85,-0.2,100,8101000,"B"
"NVL","13:00:00",16.9,-0.15,1100,8100900,"S"
"NVL","11:29:56",16.9,-0.15,1000,8099800,"S"
"NVL","11:29:55",16.9,-0.15,2000,8098800,"S"
"NVL","11:29:50",16.9,-0.15,2000,8096800,"S"
"NVL","11:29:49",16.9,-0.15,100,8094800,"S"
"NVL","11:29:47",16.9,-0.15,1000,8094700,"S"
"NVL","11:29:47",16.9,-0.15,100,8093700,"S"
"NVL","11:29:39",16.9,-0.15,200,8093600,"S"
"NVL","11:29:30",16.9,-0.15,2000,8093400,"S"
"NVL","11:29:29",16.9,-0.15,1000,8091400,"S"
"NVL","11:29:26",16.9,-0.15,100,8090400,"S"
"NVL","11:29:24",16.9,-0.15,500,8090300,"S"
"NVL","11:29:24",16.85,-0.2,1100,8089800,"B"
"NVL","11:29:20",16.9,-0.15,300,8088700,"S"
"NVL","11:29:12",16.9,-0.15,2000,8088400,"S"
"NVL","11:29:11",16.9,-0.15,1200,8086400,"S"
"NVL","11:29:06",16.9,-0.15,4000,8085200,"S"
"NVL","11:29:06",16.9,-0.15,2900,8081200,"S"
"NVL","11:29:04",16.9,-0.15,5000,8078300,"S"
"NVL","11:29:03",16.9,-0.15,100,8073300,"S"
"NVL","11:28:26",16.9,-0.15,200,8073200,"S"
"NVL","11:28:23",16.9,-0.15,300,8073000,"S"
"NVL","11:28:11",16.9,-0.15,100,8072700,"S"
"NVL","11:28:10",16.9,-0.15,500,8072600,"S"
"NVL","11:28:08",16.9,-0.15,1500,8072100,"S"
"NVL","11:28:04",16.9,-0.15,100,8070600,"S"
"NVL","11:27:56",16.9,-0.15,100,8070500,"S"
"NVL","11:27:50",16.9,-0.15,500,8070400,"S"
"NVL","11:27:46",16.9,-0.15,9000,8069900,"S"
"NVL","11:27:32",16.9,-0.15,5000,8060900,"S"
"NVL","11:27:21",16.9,-0.15,1000,8055900,"S"
"NVL","11:27:17",16.9,-0.15,100,8054900,"S"
"NVL","11:27:16",16.9,-0.15,200,8054800,"S"
"NVL","11:27:14",16.9,-0.15,200,8054600,"S"
"NVL","11:27:13",16.85,-0.2,3000,8054400,"B"
"NVL","11:27:09",16.9,-0.15,1000,8051400,"S"
"NVL","11:27:07",16.9,-0.15,300,8050400,"S"
"NVL","11:27:05",16.85,-0.2,50000,8050100,"B"
"NVL","11:27:05",16.9,-0.15,1000,8000100,"S"
"NVL","11:26:58",16.9,-0.15,500,7999100,"S"
"NVL","11:26:56",16.9,-0.15,500,7998600,"S"
"NVL","11:26:54",16.9,-0.15,300,7998100,"S"
"NVL","11:26:50",16.9,-0.15,2200,7997800,"S"
"NVL","11:26:49",16.9,-0.15,1000,7995600,"S"
"NVL","11:26:48",16.9,-0.15,100,7994600,"S"
"NVL","11:26:48",16.9,-0.15,800,7994500,"S"
"NVL","11:26:47",16.9,-0.15,100,7993700,"S"
"NVL","11:26:46",16.9,-0.15,500,7993600,"S"
"NVL","11:26:46",16.9,-0.15,100,7993100,"S"
"NVL","11:26:45",16.9,-0.15,3000,7993000,"S"
"NVL","11:26:42",16.9,-0.15,100,7990000,"S"
"NVL","11:26:37",16.9,-0.15,9000,7989900,"S"
"NVL","11:26:29",16.9,-0.15,2000,7980900,"S"
"NVL","11:26:28",16.9,-0.15,100,7978900,"S"
"NVL","11:26:27",16.9,-0.15,1000,7978800,"S"
"NVL","11:26:24",16.9,-0.15,200,7977800,"S"
"NVL","11:26:21",16.9,-0.15,200,7977600,"S"
"NVL","11:26:20",16.9,-0.15,1000,7977400,"S"
"NVL","11:26:19",16.9,-0.15,1000,7976400,"S"
"NVL","11:26:14",16.9,-0.15,500,7975400,"S"
"NVL","11:26:13",16.9,-0.15,3100,7974900,"S"
"NVL","11:26:10",16.9,-0.15,300,7971800,"S"
"NVL","11:26:07",16.9,-0.15,100,7971500,"S"
"NVL","11:26:06",16.9,-0.15,10000,7971400,"S"
"NVL","11:26:05",16.9,-0.15,500,7961400,"S"
"NVL","11:26:03",16.9,-0.15,100,7960900,"S"
"NVL","11:25:56",16.9,-0.15,2100,7960800,"S"
"NVL","11:25:55",16.9,-0.15,6000,7958700,"S"
"NVL","11:25:53",16.9,-0.15,200,7952700,"S"
"NVL","11:25:51",16.9,-0.15,1000,7952500,"S"
"NVL","11:25:47",16.9,-0.15,500,7951500,"S"
"NVL","11:25:46",16.9,-0.15,23000,7951000,"S"
"NVL","11:25:44",16.9,-0.15,300,7928000,"S"
"NVL","11:25:41",16.9,-0.15,100,7927700,"S"
"NVL","11:25:36",16.9,-0.15,16100,7927600,"S"
"NVL","11:25:35",16.9,-0.15,1500,7911500,"S"
"NVL","11:25:33",16.9,-0.15,2000,7910000,"S"
"NVL","11:25:29",16.9,-0.15,1700,7908000,"S"
"NVL","11:25:24",16.9,-0.15,1000,7906300,"S"
"NVL","11:25:23",16.9,-0.15,500,7905300,"S"
"NVL","11:25:17",16.9,-0.15,2600,7904800,"S"
"NVL","11:25:14",16.9,-0.15,2000,7902200,"S"
"NVL","11:25:14",16.9,-0.15,100,7900200,"S"
"NVL","11:25:11",16.85,-0.2,3000,7900100,"B"
"NVL","11:25:09",16.85,-0.2,200,7897100,"B"
"NVL","11:25:07",16.85,-0.2,2800,7896900,"B"
"NVL","11:24:59",16.85,-0.2,10000,7894100,"B"
"NVL","11:24:59",16.85,-0.2,100,7884100,"B"
"NVL","11:24:57",16.85,-0.2,5000,7884000,"B"
"NVL","11:24:50",16.85,-0.2,500,7879000,"B"
"NVL","11:24:48",16.9,-0.15,200,7878500,"S"
"NVL","11:24:45",16.85,-0.2,1000,7878300,"B"
"NVL","11:24:39",16.85,-0.2,3000,7877300,"B"
"NVL","11:24:30",16.85,-0.2,6400,7874300,"S"
"NVL","11:24:28",16.85,-0.2,300,7867900,"S"
"NVL","11:24:27",16.85,-0.2,1200,7867600,"S"
"NVL","11:24:26",16.85,-0.2,300,7866400,"S"
"NVL","11:24:24",16.85,-0.2,10000,7866100,"S"
"NVL","11:24:23",16.85,-0.2,100,7856100,"S"
"NVL","11:24:22",16.85,-0.2,1100,7856000,"S"
"NVL","11:24:21",16.85,-0.2,500,7854900,"S"
"NVL","11:24:19",16.85,-0.2,2000,7854200,"S"
"NVL","11:24:17",16.85,-0.2,300,7852200,"S"
"NVL","11:24:16",16.85,-0.2,2000,7851900,"S"
"NVL","11:24:14",16.85,-0.2,10000,7849900,"S"
"NVL","11:24:13",16.85,-0.2,1800,7839900,"S"
"NVL","11:24:12",16.85,-0.2,18000,7838100,"S"
"NVL","11:24:11",16.85,-0.2,12400,7820100,"S"
"NVL","11:24:10",16.85,-0.2,5000,7807700,"S"
"NVL","11:24:10",16.85,-0.2,1000,7802700,"S"
"NVL","11:24:09",16.85,-0.2,5200,7801700,"S"
"NVL","11:24:08",16.8,-0.25,1100,7796500,"B"
"NVL","11:24:07",16.85,-0.2,9000,7795400,"S"
"NVL","11:24:06",16.85,-0.2,500,7786400,"S"
"NVL","11:24:05",16.85,-0.2,1600,7785900,"S"
"NVL","11:24:04",16.85,-0.2,200,7784300,"S"
"NVL","11:24:03",16.8,-0.25,1000,7784100,"B"
"NVL","11:24:02",16.85,-0.2,3500,7783100,"S"
"NVL","11:24:01",16.85,-0.2,100,7779600,"S"
"NVL","11:23:55",16.85,-0.2,105000,7779500,"S"
"NVL","11:23:50",16.8,-0.25,500,7674500,"B"
"NVL","11:23:47",16.85,-0.2,10000,7674000,"S"
"NVL","11:23:42",16.85,-0.2,5000,7664000,"S"
"NVL","11:23:41",16.85,-0.2,2500,7659000,"S"
"NVL","11:23:39",16.85,-0.2,5300,7656500,"S"
"NVL","11:23:32",16.85,-0.2,100,7651200,"S"
"NVL","11:23:31",16.85,-0.2,100,7651100,"S"
"NVL","11:23:22",16.85,-0.2,900,7651000,"S"
"NVL","11:23:21",16.85,-0.2,2000,7650100,"S"
"NVL","11:23:14",16.85,-0.2,1000,7648100,"S"
"NVL","11:23:12",16.85,-0.2,100,7647100,"S"
"NVL","11:23:07",16.85,-0.2,600,7647000,"S"
"NVL","11:23:06",16.85,-0.2,100,7646400,"S"
"NVL","11:22:49",16.85,-0.2,1000,7646300,"S"
"NVL","11:22:43",16.8,-0.25,300,7645300,"B"
"NVL","11:22:36",16.85,-0.2,1400,7645000,"S"
"NVL","11:22:30",16.8,-0.25,1000,7643600,"B"
"NVL","11:22:11",16.8,-0.25,2000,7642600,"B"
"NVL","11:21:55",16.8,-0.25,300,7640600,"B"
"NVL","11:21:43",16.8,-0.25,2000,7640300,"B"
"NVL","11:21:38",16.8,-0.25,3000,7638300,"B"
"NVL","11:21:37",16.85,-0.2,300,7635300,"S"
"NVL","11:21:34",16.8,-0.25,700,7635000,"B"
"NVL","11:21:33",16.8,-0.25,6000,7634300,"B"
"NVL","11:21:32",16.8,-0.25,10000,7628300,"B"
"NVL","11:21:23",16.8,-0.25,8000,7618300,"B"
"NVL","11:21:08",16.8,-0.25,400,7610300,"B"
"NVL","11:21:06",16.8,-0.25,500,7609900,"B"
"NVL","11:21:00",16.8,-0.25,1000,7609400,"B"
"NVL","11:20:59",16.8,-0.25,500,7608400,"B"
"NVL","11:20:54",16.8,-0.25,10000,7607900,"B"
"NVL","11:20:52",16.8,-0.25,7500,7597900,"B"
"NVL","11:20:46",16.8,-0.25,2000,7590400,"B"
"NVL","11:20:45",16.8,-0.25,300,7588400,"B"
"NVL","11:20:43",16.8,-0.25,100,7588100,"B"
"NVL","11:20:32",16.8,-0.25,100,7588000,"B"
"NVL","11:20:25",16.8,-0.25,2000,7587900,"B"
"NVL","11:20:21",16.8,-0.25,1000,7585900,"B"
"NVL","11:20:19",16.8,-0.25,73500,7584900,"B"
"NVL","11:20:18",16.8,-0.25,100,7511400,"B"
"NVL","11:20:17",16.8,-0.25,400,7511300,"B"
"NVL","11:20:05",16.8,-0.25,1000,7510900,"B"
"NVL","11:20:04",16.85,-0.2,200,7509900,"S"
"NVL","11:20:00",16.85,-0.2,2000,7509700,"S"
"NVL","11:19:58",16.8,-0.25,200,7507700,"B"
"NVL","11:19:43",16.8,-0.25,800,7507500,"B"
"NVL","11:19:40",16.8,-0.25,11700,7506700,"S"
"NVL","11:19:39",16.8,-0.25,100,7495000,"S"
"NVL","11:19:38",16.8,-0.25,3400,7494900,"S"
"NVL","11:19:36",16.8,-0.25,1100,7491500,"S"
"NVL","11:19:36",16.8,-0.25,1000,7490400,"S"
"NVL","11:19:35",16.8,-0.25,300,7489400,"S"
"NVL","11:19:35",16.8,-0.25,400,7489100,"S"
"NVL","11:19:34",16.8,-0.25,10000,7488700,"S"
"NVL","11:19:33",16.8,-0.25,1000,7478700,"S"
"NVL","11:19:33",16.8,-0.25,500,7477700,"S"
"NVL","11:19:31",16.8,-0.25,100,7477200,"S"
"NVL","11:19:30",16.8,-0.25,30000,7477100,"S"
"NVL","11:19:29",16.8,-0.25,3000,7447100,"S"
"NVL","11:19:28",16.8,-0.25,100,7444100,"S"
"NVL","11:19:26",16.8,-0.25,100,7444000,"S"
"NVL","11:19:23",16.8,-0.25,2000,7443900,"S"
"NVL","11:19:20",16.8,-0.25,1000,7441900,"S"
"NVL","11:19:14",16.8,-0.25,1000,7440900,"S"
"NVL","11:19:12",16.75,-0.3,5000,7439900,"B"
"NVL","11:19:09",16.75,-0.3,1000,7434900,"B"
"NVL","11:19:06",16.75,-0.3,2200,7433900,"B"
"NVL","11:19:04",16.75,-0.3,1300,7431700,"B"
"NVL","11:19:01",16.8,-0.25,500,7430400,"S"
"NVL","11:19:00",16.75,-0.3,2000,7429900,"B"
"NVL","11:18:59",16.75,-0.3,500,7427900,"B"
"NVL","11:18:55",16.8,-0.25,400,7427400,"S"
"NVL","11:18:54",16.8,-0.25,300,7427000,"S"
"NVL","11:18:52",16.8,-0.25,1900,7426700,"S"
"NVL","11:18:44",16.8,-0.25,100,7424800,"S"
"NVL","11:18:37",16.8,-0.25,1000,7424700,"S"
"NVL","11:18:34",16.75,-0.3,5000,7423700,"B"
"NVL","11:18:29",16.75,-0.3,10000,7418700,"B"
"NVL","11:18:26",16.75,-0.3,2000,7408700,"B"
"NVL","11:18:26",16.8,-0.25,100,7406700,"S"
"NVL","11:18:26",16.75,-0.3,100,7406600,"B"
"NVL","11:18:20",16.75,-0.3,6000,7406500,"B"
"NVL","11:18:15",16.75,-0.3,2900,7400500,"B"
"NVL","11:18:14",16.8,-0.25,1000,7397600,"S"
"NVL","11:18:12",16.75,-0.3,200,7396600,"B"
"NVL","11:18:09",16.8,-0.25,100,7396400,"S"
"NVL","11:18:06",16.8,-0.25,2000,7396300,"S"
"NVL","11:18:05",16.75,-0.3,1000,7394300,"B"
"NVL","11:18:04",16.8,-0.25,4200,7393300,"S"
"NVL","11:18:01",16.75,-0.3,6000,7389100,"B"
"NVL","11:17:59",16.8,-0.25,10000,7378100,"S"
"NVL","11:17:58",16.8,-0.25,100,7368100,"S"
"NVL","11:17:56",16.75,-0.3,20000,7368000,"B"
"NVL","11:17:39",16.8,-0.25,100,7348000,"S"
"NVL","11:17:31",16.8,-0.25,200,7347900,"S"
"NVL","11:17:30",16.8,-0.25,400,7347700,"S"
"NVL","11:17:30",16.8,-0.25,300,7347300,"S"
"NVL","11:17:21",16.8,-0.25,200,7347000,"S"
"NVL","11:17:20",16.8,-0.25,1000,7346800,"S"
"NVL","11:17:19",16.75,-0.3,600,7345800,"B"
"NVL","11:17:18",16.8,-0.25,100,7345200,"S"
"NVL","11:17:15",16.75,-0.3,100,7345100,"B"
"NVL","11:17:15",16.75,-0.3,9000,7345000,"B"
"NVL","11:17:13",16.8,-0.25,100,7336000,"S"
"NVL","11:17:13",16.75,-0.3,100,7335900,"B"
"NVL","11:17:08",16.8,-0.25,10000,7335800,"S"
"NVL","11:17:07",16.8,-0.25,400,7325800,"S"
"NVL","11:17:05",16.8,-0.25,100,7325400,"S"
"NVL","11:17:03",16.8,-0.25,5000,7325300,"S"
"NVL","11:16:59",16.75,-0.3,4000,7320300,"B"
"NVL","11:16:59",16.8,-0.25,2200,7316300,"S"
"NVL","11:16:54",16.8,-0.25,300,7314100,"S"
"NVL","11:16:54",16.75,-0.3,5100,7308900,"B"
"NVL","11:16:54",16.8,-0.25,100,7303800,"S"
"NVL","11:16:54",16.75,-0.3,16300,7303700,"B"
"NVL","11:16:51",16.8,-0.25,200,7287400,"S"
"NVL","11:16:46",16.8,-0.25,100,7287200,"S"
"NVL","11:16:46",16.75,-0.3,200,7287100,"B"
"NVL","11:16:32",16.8,-0.25,10000,7286900,"S"
"NVL","11:16:31",16.75,-0.3,300,7276900,"B"
"NVL","11:16:25",16.75,-0.3,10000,7276600,"B"
"NVL","11:16:24",16.75,-0.3,6000,7266600,"B"
"NVL","11:16:22",16.8,-0.25,100,7260600,"S"
"NVL","11:16:17",16.8,-0.25,500,7260500,"S"
"NVL","11:16:16",16.75,-0.3,3000,7260000,"B"
"NVL","11:16:12",16.75,-0.3,9000,7257000,"B"
"NVL","11:16:10",16.75,-0.3,9000,7248000,"B"
"NVL","11:16:00",16.75,-0.3,9800,7239000,"B"
"NVL","11:16:00",16.8,-0.25,200,7229200,"S"
"NVL","11:15:57",16.8,-0.25,100,7229000,"S"
"NVL","11:15:56",16.75,-0.3,10000,7228900,"B"
"NVL","11:15:55",16.8,-0.25,800,7218900,"S"
"NVL","11:15:51",16.8,-0.25,200,7218100,"S"
"NVL","11:15:46",16.75,-0.3,400,7217900,"B"
"NVL","11:15:44",16.75,-0.3,20000,7217500,"B"
"NVL","11:15:39",16.75,-0.3,5000,7197500,"B"
"NVL","11:15:37",16.8,-0.25,2100,7192500,"S"
"NVL","11:15:31",16.8,-0.25,400,7190400,"S"
"NVL","11:15:31",16.8,-0.25,200,7190000,"S"
"NVL","11:15:22",16.8,-0.25,268600,7189800,"B"
"NVL","11:15:11",16.85,-0.2,200,6921200,"S"
"NVL","11:15:08",16.85,-0.2,2000,6921000,"S"
"NVL","11:15:07",16.8,-0.25,1000,6919000,"B"
"NVL","11:15:06",16.85,-0.2,15800,6918000,"B"
"NVL","11:15:02",16.85,-0.2,1900,6902200,"B"
"NVL","11:15:01",16.85,-0.2,27400,6900300,"B"
"NVL","11:15:00",16.9,-0.15,400,6872900,"S"
"NVL","11:14:58",16.85,-0.2,8000,6872500,"B"
"NVL","11:14:57",16.85,-0.2,3000,6864500,"B"
"NVL","11:14:49",16.85,-0.2,1000,6861500,"B"
"NVL","11:14:45",16.85,-0.2,1000,6860500,"B"
"NVL","11:14:42",16.85,-0.2,400,6859500,"B"
"NVL","11:14:40",16.85,-0.2,1000,6859100,"B"
"NVL","11:14:37",16.85,-0.2,2000,6858100,"B"
"NVL","11:14:36",16.85,-0.2,500,6856100,"B"
"NVL","11:14:27",16.85,-0.2,1000,6855600,"B"
"NVL","11:14:24",16.85,-0.2,10000,6854600,"B"
"NVL","11:14:18",16.85,-0.2,500,6844600,"B"
"NVL","11:14:18",16.9,-0.15,100,6844100,"S"
"NVL","11:14:05",16.85,-0.2,1000,6844000,"B"
"NVL","11:14:04",16.9,-0.15,2000,6843000,"S"
"NVL","11:14:03",16.9,-0.15,100,6841000,"S"
"NVL","11:14:02",16.9,-0.15,300,6840900,"S"
"NVL","11:13:59",16.85,-0.2,100000,6840600,"B"
"NVL","11:13:38",16.9,-0.15,500,6740600,"S"
"NVL","11:13:24",16.9,-0.15,200,6740100,"S"
"NVL","11:13:16",16.9,-0.15,2000,6739900,"S"
"NVL","11:12:50",16.9,-0.15,500,6737900,"S"
"NVL","11:12:50",16.85,-0.2,200,6737400,"B"
"NVL","11:12:49",16.85,-0.2,200,6737200,"B"
"NVL","11:12:47",16.85,-0.2,3000,6737000,"B"
"NVL","11:12:44",16.85,-0.2,1600,6734000,"B"
"NVL","11:12:38",16.85,-0.2,2000,6732400,"B"
"NVL","11:12:23",16.85,-0.2,200,6730400,"B"
"NVL","11:12:23",16.85,-0.2,1000,6730200,"B"
"NVL","11:12:17",16.9,-0.15,200,6729200,"S"
"NVL","11:12:14",16.85,-0.2,1000,6729000,"B"
"NVL","11:12:10",16.85,-0.2,100,6728000,"B"
"NVL","11:11:57",16.85,-0.2,100,6727900,"B"
"NVL","11:11:55",16.85,-0.2,1000,6727800,"B"
"NVL","11:11:53",16.9,-0.15,1000,6726800,"S"
"NVL","11:11:47",16.85,-0.2,80000,6725800,"B"
"NVL","11:11:44",16.9,-0.15,300,6645800,"S"
"NVL","11:11:37",16.9,-0.15,200,6645500,"S"
"NVL","11:11:34",16.9,-0.15,100,6645300,"S"
"NVL","11:11:30",16.85,-0.2,1000,6645200,"B"
"NVL","11:11:27",16.85,-0.2,20000,6644200,"B"
"NVL","11:11:03",16.9,-0.15,500,6624200,"S"
"NVL","11:11:03",16.85,-0.2,500,6623700,"B"
"NVL","11:11:02",16.9,-0.15,200,6623200,"S"
"NVL","11:10:57",16.9,-0.15,500,6623000,"S"
"NVL","11:10:53",16.9,-0.15,400,6622500,"S"
"NVL","11:10:49",16.9,-0.15,1200,6622100,"S"
"NVL","11:10:44",16.9,-0.15,300,6620900,"S"
"NVL","11:10:41",16.9,-0.15,5000,6620600,"S"
"NVL","11:10:38",16.9,-0.15,10000,6615600,"S"
"NVL","11:10:31",16.9,-0.15,20000,6605600,"S"
"NVL","11:10:21",16.9,-0.15,2000,6585600,"S"
"NVL","11:10:16",16.9,-0.15,100,6583600,"S"
"NVL","11:10:14",16.9,-0.15,500,6583500,"S"
"NVL","11:10:03",16.9,-0.15,1000,6583000,"S"
"NVL","11:09:48",16.9,-0.15,100,6582000,"S"
"NVL","11:09:46",16.9,-0.15,1000,6581900,"S"
"NVL","11:09:43",16.9,-0.15,1800,6580900,"S"
"NVL","11:09:42",16.9,-0.15,100,6579100,"S"
"NVL","11:09:28",16.9,-0.15,300,6579000,"S"
"NVL","11:09:26",16.9,-0.15,10000,6578700,"S"
"NVL","11:09:13",16.9,-0.15,100,6568700,"S"
"NVL","11:09:12",16.9,-0.15,10400,6568600,"B"
"NVL","11:09:08",16.9,-0.15,5000,6558200,"B"
"NVL","11:09:06",16.9,-0.15,5000,6553200,"B"
"NVL","11:09:03",16.9,-0.15,5000,6548200,"B"
"NVL","11:08:59",16.9,-0.15,1900,6543200,"B"
"NVL","11:08:57",16.9,-0.15,5000,6541300,"B"
"NVL","11:08:47",16.9,-0.15,1900,6536300,"B"
"NVL","11:08:29",16.9,-0.15,300,6534400,"B"
"NVL","11:08:12",16.9,-0.15,1000,6534100,"B"
"NVL","11:08:04",16.9,-0.15,400,6533100,"B"
"NVL","11:08:03",16.9,-0.15,7000,6532700,"B"
"NVL","11:07:56",16.95,-0.1,13200,6525700,"S"
"NVL","11:07:56",16.9,-0.15,30000,6512500,"B"
"NVL","11:07:52",16.9,-0.15,500,6482500,"B"
"NVL","11:07:42",16.9,-0.15,4300,6482000,"S"
"NVL","11:07:35",16.9,-0.15,700,6477700,"B"
"NVL","11:07:28",16.9,-0.15,4900,6477000,"S"
"NVL","11:07:27",16.9,-0.15,1000,6472100,"S"
"NVL","11:07:24",16.85,-0.2,31900,6471100,"B"
"NVL","11:07:24",16.9,-0.15,27300,6439200,"B"
"NVL","11:07:19",16.9,-0.15,500,6411900,"B"
"NVL","11:07:14",16.9,-0.15,400,6411400,"B"
"NVL","11:07:13",16.9,-0.15,3600,6411000,"S"
"NVL","11:07:11",16.9,-0.15,2000,6407400,"S"
"NVL","11:07:08",16.9,-0.15,2000,6405400,"S"
"NVL","11:07:08",16.9,-0.15,100,6403400,"S"
"NVL","11:07:03",16.9,-0.15,300,6403300,"S"
"NVL","11:07:03",16.9,-0.15,200,6403000,"S"
"NVL","11:07:02",16.9,-0.15,200,6402800,"S"
"NVL","11:06:57",16.9,-0.15,2400,6402600,"S"
"NVL","11:06:57",16.9,-0.15,200,6400200,"S"
"NVL","11:06:55",16.9,-0.15,19500,6400000,"B"
"NVL","11:06:54",16.9,-0.15,50000,6380500,"B"
"NVL","11:06:50",16.95,-0.1,100,6330500,"S"
"NVL","11:06:48",16.9,-0.15,30000,6330400,"B"
"NVL","11:06:46",16.9,-0.15,500,6300400,"B"
"NVL","11:06:44",16.9,-0.15,10000,6299900,"B"
"NVL","11:06:42",16.95,-0.1,100,6289900,"S"
"NVL","11:06:36",16.9,-0.15,18600,6289800,"B"
"NVL","11:06:36",16.9,-0.15,31400,6271200,"B"
"NVL","11:06:34",16.95,-0.1,5000,6239800,"S"
"NVL","11:06:34",16.9,-0.15,1200,6234800,"B"
"NVL","11:06:24",16.95,-0.1,900,6233600,"S"
"NVL","11:06:10",16.9,-0.15,10000,6232700,"B"
"NVL","11:06:01",16.95,-0.1,200,6222700,"S"
"NVL","11:06:01",16.9,-0.15,500,6222500,"B"
"NVL","11:05:58",16.9,-0.15,1500,6222000,"B"
"NVL","11:05:55",16.95,-0.1,100,6220500,"S"
"NVL","11:05:53",16.9,-0.15,20000,6220400,"B"
"NVL","11:05:51",16.95,-0.1,500,6200400,"S"
"NVL","11:05:50",16.95,-0.1,200,6199900,"S"
"NVL","11:05:49",16.95,-0.1,3800,6199700,"S"
"NVL","11:05:43",16.95,-0.1,500,6195900,"S"
"NVL","11:05:38",16.95,-0.1,300,6195400,"S"
"NVL","11:05:37",16.95,-0.1,100,6195100,"S"
"NVL","11:05:36",16.95,-0.1,1100,6195000,"S"
"NVL","11:05:35",16.95,-0.1,2000,6193900,"S"
"NVL","11:05:31",16.95,-0.1,61600,6191900,"B"
"NVL","11:05:25",17,-0.05,5000,6130300,"S"
"NVL","11:05:24",16.95,-0.1,1000,6125300,"B"
"NVL","11:05:01",16.95,-0.1,2000,6124300,"B"
"NVL","11:04:55",16.95,-0.1,2100,6122300,"B"
"NVL","11:04:51",16.95,-0.1,300,6120200,"B"
"NVL","11:04:49",17,-0.05,200,6119900,"S"
"NVL","11:04:48",16.95,-0.1,18000,6119700,"S"
"NVL","11:04:46",16.95,-0.1,300,6101700,"S"
"NVL","11:04:44",16.95,-0.1,200,6101400,"S"
"NVL","11:04:43",16.95,-0.1,1000,6101200,"S"
"NVL","11:04:40",16.95,-0.1,40000,6100200,"S"
"NVL","11:04:39",16.95,-0.1,18000,6060200,"S"
"NVL","11:04:38",16.95,-0.1,2000,6042200,"S"
"NVL","11:04:36",16.95,-0.1,1700,6040200,"S"
"NVL","11:04:35",16.95,-0.1,600,6038500,"S"
"NVL","11:04:34",16.95,-0.1,500,6037900,"S"
"NVL","11:04:32",16.95,-0.1,400,6037400,"S"
"NVL","11:04:29",16.95,-0.1,100,6037000,"S"
"NVL","11:04:28",16.95,-0.1,900,6036900,"S"
"NVL","11:04:27",16.95,-0.1,1100,6036000,"S"
"NVL","11:04:22",16.95,-0.1,1000,6034900,"S"
"NVL","11:04:21",16.95,-0.1,20000,6033900,"S"
"NVL","11:04:21",16.95,-0.1,2000,6013900,"S"
"NVL","11:04:20",16.95,-0.1,100,6011900,"S"
"NVL","11:04:19",16.95,-0.1,11000,6011800,"S"
"NVL","11:04:17",16.95,-0.1,8000,6000800,"S"
"NVL","11:04:14",16.95,-0.1,1400,5992800,"S"
"NVL","11:04:13",16.95,-0.1,100,5991400,"S"
"NVL","11:04:07",16.95,-0.1,11000,5991300,"S"
"NVL","11:04:07",16.95,-0.1,100,5980300,"S"
"NVL","11:04:04",16.95,-0.1,100,5980200,"S"
"NVL","11:04:00",16.95,-0.1,1000,5980100,"S"
"NVL","11:03:59",16.95,-0.1,1000,5979100,"S"
"NVL","11:03:57",16.95,-0.1,4000,5978100,"S"
"NVL","11:03:55",16.95,-0.1,300,5974100,"S"
"NVL","11:03:54",16.95,-0.1,900,5973800,"S"
"NVL","11:03:50",16.95,-0.1,5000,5972900,"S"
"NVL","11:03:50",16.95,-0.1,1200,5967900,"S"
"NVL","11:03:49",16.95,-0.1,1000,5966700,"S"
"NVL","11:03:48",16.95,-0.1,4300,5965700,"S"
"NVL","11:03:47",16.95,-0.1,400,5961400,"S"
"NVL","11:03:46",16.95,-0.1,800,5961000,"S"
"NVL","11:03:45",16.95,-0.1,500,5960200,"S"
"NVL","11:03:43",16.95,-0.1,900,5959700,"S"
"NVL","11:03:43",16.95,-0.1,10000,5958800,"S"
"NVL","11:03:42",16.95,-0.1,500,5948800,"S"
"NVL","11:03:40",16.95,-0.1,20500,5948300,"S"
"NVL","11:03:39",16.95,-0.1,100,5927800,"S"
"NVL","11:03:34",16.95,-0.1,3000,5927700,"S"
"NVL","11:03:32",16.95,-0.1,2000,5924700,"S"
"NVL","11:03:30",16.95,-0.1,200,5922700,"S"
"NVL","11:03:29",16.95,-0.1,100,5922500,"S"
"NVL","11:03:28",16.95,-0.1,400,5922400,"S"
"NVL","11:03:27",16.95,-0.1,1000,5922000,"S"
"NVL","11:03:26",16.95,-0.1,2100,5921000,"S"
"NVL","11:03:25",16.95,-0.1,200,5918900,"S"
"NVL","11:03:24",16.95,-0.1,5000,5918700,"S"
"NVL","11:03:23",16.95,-0.1,10300,5913700,"S"
"NVL","11:03:22",16.95,-0.1,500,5903400,"S"
"NVL","11:03:20",16.95,-0.1,1000,5902900,"S"
"NVL","11:03:19",16.95,-0.1,100,5901900,"S"
"NVL","11:03:18",16.95,-0.1,500,5901800,"S"
"NVL","11:03:12",16.9,-0.15,800,5901300,"B"
"NVL","11:03:11",16.95,-0.1,1000,5900500,"S"
"NVL","11:03:10",16.95,-0.1,1200,5899500,"S"
"NVL","11:03:09",16.95,-0.1,4100,5898300,"S"
"NVL","11:03:06",16.95,-0.1,500,5894200,"S"
"NVL","11:03:05",16.95,-0.1,2000,5893700,"S"
"NVL","11:03:04",16.95,-0.1,200,5891700,"S"
"NVL","11:03:03",16.95,-0.1,200,5891500,"S"
"NVL","11:02:58",16.95,-0.1,2000,5891300,"S"
"NVL","11:02:57",16.95,-0.1,2800,5889300,"S"
"NVL","11:02:56",16.95,-0.1,200,5886500,"S"
"NVL","11:02:51",16.95,-0.1,20300,5886300,"S"
"NVL","11:02:50",16.95,-0.1,2000,5866000,"S"
"NVL","11:02:40",16.95,-0.1,400,5864000,"S"
"NVL","11:02:36",16.95,-0.1,1000,5863600,"S"
"NVL","11:02:29",16.95,-0.1,500,5862600,"S"
"NVL","11:02:28",16.95,-0.1,900,5862100,"S"
"NVL","11:02:26",16.95,-0.1,100,5861200,"S"
"NVL","11:02:22",16.95,-0.1,10300,5861100,"S"
"NVL","11:02:20",16.95,-0.1,100,5850800,"S"
"NVL","11:02:15",16.95,-0.1,500,5850700,"S"
"NVL","11:02:13",16.95,-0.1,500,5850200,"S"
"NVL","11:02:13",16.95,-0.1,500,5849700,"S"
"NVL","11:02:10",16.95,-0.1,500,5849200,"S"
"NVL","11:02:08",16.95,-0.1,100,5848700,"S"
"NVL","11:02:07",16.95,-0.1,100,5848600,"S"
"NVL","11:02:05",16.95,-0.1,100,5848500,"S"
"NVL","11:02:00",16.95,-0.1,2000,5848400,"S"
"NVL","11:01:59",16.95,-0.1,500,5846400,"S"
"NVL","11:01:58",16.9,-0.15,1100,5845900,"B"
"NVL","11:01:57",16.95,-0.1,500,5844800,"S"
"NVL","11:01:53",16.95,-0.1,1000,5844300,"S"
"NVL","11:01:53",16.95,-0.1,200,5843300,"S"
"NVL","11:01:52",16.95,-0.1,500,5843100,"S"
"NVL","11:01:49",16.95,-0.1,1000,5842600,"S"
"NVL","11:01:45",16.95,-0.1,200,5841600,"S"
"NVL","11:01:45",16.9,-0.15,100,5841400,"B"
"NVL","11:01:38",16.95,-0.1,13400,5841300,"S"
"NVL","11:01:36",16.95,-0.1,800,5827900,"S"
"NVL","11:01:34",16.95,-0.1,100,5827100,"S"
"NVL","11:01:31",16.95,-0.1,100,5827000,"S"
"NVL","11:01:30",16.95,-0.1,400,5826900,"S"
"NVL","11:01:29",16.95,-0.1,100,5826500,"S"
"NVL","11:01:29",16.9,-0.15,100,5826400,"B"
"NVL","11:01:28",16.95,-0.1,100,5826300,"S"
"NVL","11:01:24",16.95,-0.1,100,5826200,"S"
"NVL","11:01:23",16.95,-0.1,5000,5826100,"S"
"NVL","11:01:15",16.95,-0.1,500,5821100,"S"
"NVL","11:01:14",16.9,-0.15,4000,5820600,"B"
"NVL","11:01:13",16.95,-0.1,200,5816600,"S"
"NVL","11:01:06",16.95,-0.1,30000,5816400,"S"
"NVL","11:01:01",16.95,-0.1,100,5786400,"S"
"NVL","11:00:58",16.95,-0.1,3000,5786300,"S"
"NVL","11:00:53",16.95,-0.1,2100,5783300,"S"
"NVL","11:00:52",16.95,-0.1,800,5781200,"S"
"NVL","11:00:50",16.95,-0.1,1000,5780400,"S"
"NVL","11:00:49",16.95,-0.1,3000,5779400,"S"
"NVL","11:00:48",16.95,-0.1,1100,5776400,"S"
"NVL","11:00:47",16.95,-0.1,5000,5775300,"S"
"NVL","11:00:46",16.95,-0.1,1000,5770300,"S"
"NVL","11:00:45",16.95,-0.1,200,5769300,"S"
"NVL","11:00:43",16.95,-0.1,200,5769100,"S"
"NVL","11:00:41",16.95,-0.1,3600,5768900,"S"
"NVL","11:00:41",16.9,-0.15,1000,5765300,"B"
"NVL","11:00:40",16.95,-0.1,500,5764300,"S"
"NVL","11:00:38",16.95,-0.1,11700,5763800,"S"
"NVL","11:00:37",16.95,-0.1,1000,5752100,"S"
"NVL","11:00:36",16.95,-0.1,1300,5751100,"S"
"NVL","11:00:35",16.95,-0.1,1100,5749800,"S"
"NVL","11:00:34",16.95,-0.1,100,5748700,"S"
"NVL","11:00:33",16.95,-0.1,10000,5748600,"S"
"NVL","11:00:28",16.9,-0.15,500,5738600,"B"
"NVL","11:00:27",16.95,-0.1,5100,5738100,"S"
"NVL","11:00:26",16.95,-0.1,1500,5733000,"S"
"NVL","11:00:25",16.95,-0.1,100,5731500,"S"
"NVL","11:00:24",16.95,-0.1,200,5731400,"S"
"NVL","11:00:23",16.95,-0.1,4000,5731200,"S"
"NVL","11:00:12",16.95,-0.1,100,5727200,"S"
"NVL","11:00:09",16.9,-0.15,2000,5727100,"B"
"NVL","11:00:07",16.95,-0.1,600,5725100,"S"
"NVL","11:00:00",16.9,-0.15,900,5724500,"B"
"NVL","10:59:50",16.9,-0.15,1000,5723600,"B"
"NVL","10:59:50",16.9,-0.15,5900,5722600,"S"
"NVL","10:59:48",16.9,-0.15,2000,5716700,"S"
"NVL","10:59:47",16.9,-0.15,51100,5714700,"S"
"NVL","10:59:46",16.9,-0.15,300,5663600,"S"
"NVL","10:59:45",16.9,-0.15,35500,5663300,"S"
"NVL","10:59:42",16.9,-0.15,2700,5627800,"S"
"NVL","10:59:40",16.9,-0.15,1800,5625100,"S"
"NVL","10:59:39",16.9,-0.15,200,5623300,"S"
"NVL","10:59:38",16.9,-0.15,500,5623100,"S"
"NVL","10:59:38",16.85,-0.2,500,5622600,"B"
"NVL","10:59:38",16.9,-0.15,500,5622100,"S"
"NVL","10:59:36",16.9,-0.15,5100,5621600,"S"
"NVL","10:59:35",16.85,-0.2,500,5616500,"B"
"NVL","10:59:25",16.9,-0.15,200,5616000,"S"
"NVL","10:59:24",16.85,-0.2,10000,5615800,"B"
"NVL","10:59:21",16.9,-0.15,4000,5605800,"S"
"NVL","10:59:20",16.85,-0.2,2300,5601800,"B"
"NVL","10:59:12",16.9,-0.15,500,5599500,"S"
"NVL","10:59:10",16.85,-0.2,5000,5599000,"B"
"NVL","10:59:08",16.9,-0.15,100,5594000,"S"
"NVL","10:59:08",16.85,-0.2,100,5593900,"B"
"NVL","10:59:06",16.9,-0.15,1400,5593800,"S"
"NVL","10:59:06",16.9,-0.15,1600,5592400,"S"
"NVL","10:58:59",16.85,-0.2,500,5590800,"B"
"NVL","10:58:46",16.85,-0.2,1000,5590300,"B"
"NVL","10:58:45",16.85,-0.2,700,5589300,"B"
"NVL","10:58:42",16.85,-0.2,5000,5588600,"B"
"NVL","10:58:41",16.85,-0.2,200,5583600,"B"
"NVL","10:58:30",16.85,-0.2,7900,5583400,"B"
"NVL","10:58:29",16.85,-0.2,1000,5575500,"B"
"NVL","10:58:24",16.85,-0.2,1500,5574500,"B"
"NVL","10:58:23",16.85,-0.2,3400,5573000,"B"
"NVL","10:58:17",16.85,-0.2,400,5569600,"B"
"NVL","10:58:17",16.85,-0.2,600,5569200,"B"
"NVL","10:58:11",16.85,-0.2,1000,5568600,"B"
"NVL","10:58:09",16.85,-0.2,2400,5567600,"S"
"NVL","10:58:08",16.85,-0.2,200,5565200,"S"
"NVL","10:58:07",16.85,-0.2,1000,5565000,"S"
"NVL","10:58:06",16.85,-0.2,4400,5564000,"B"
"NVL","10:58:01",16.85,-0.2,3300,5559600,"S"
"NVL","10:57:59",16.85,-0.2,500,5556300,"S"
"NVL","10:57:59",16.85,-0.2,1000,5555800,"S"
"NVL","10:57:58",16.85,-0.2,200,5554800,"S"
"NVL","10:57:55",16.85,-0.2,2000,5554600,"S"
"NVL","10:57:55",16.85,-0.2,2000,5552600,"S"
"NVL","10:57:54",16.85,-0.2,5000,5550600,"S"
"NVL","10:57:54",16.85,-0.2,200,5545600,"S"
"NVL","10:57:52",16.85,-0.2,1000,5545400,"S"
"NVL","10:57:52",16.8,-0.25,600,5544400,"B"
"NVL","10:57:51",16.85,-0.2,2000,5543800,"S"
"NVL","10:57:49",16.85,-0.2,1000,5541800,"S"
"NVL","10:57:46",16.85,-0.2,500,5540800,"S"
"NVL","10:57:44",16.8,-0.25,900,5540300,"B"
"NVL","10:57:44",16.8,-0.25,100,5539400,"B"
"NVL","10:57:37",16.85,-0.2,2000,5539300,"S"
"NVL","10:57:35",16.85,-0.2,800,5537300,"S"
"NVL","10:57:35",16.85,-0.2,100,5536500,"B"
"NVL","10:57:35",16.9,-0.15,100,5536400,"S"
"NVL","10:57:35",16.85,-0.2,400,5536300,"S"
"NVL","10:57:33",16.85,-0.2,10000,5535900,"S"
"NVL","10:57:32",16.8,-0.25,2000,5525900,"B"
"NVL","10:57:31",16.8,-0.25,200,5523900,"B"
"NVL","10:57:29",16.85,-0.2,300,5523700,"S"
"NVL","10:57:29",16.8,-0.25,5000,5523400,"B"
"NVL","10:57:28",16.85,-0.2,500,5518400,"S"
"NVL","10:57:27",16.85,-0.2,100,5517900,"B"
"NVL","10:57:24",16.8,-0.25,48000,5517800,"B"
"NVL","10:57:24",16.85,-0.2,2000,5469800,"B"
"NVL","10:57:23",16.85,-0.2,300,5467800,"B"
"NVL","10:57:21",16.85,-0.2,10000,5467500,"B"
"NVL","10:57:20",16.85,-0.2,10000,5457500,"B"
"NVL","10:57:19",16.85,-0.2,14500,5447500,"S"
"NVL","10:57:18",16.8,-0.25,11900,5433000,"B"
"NVL","10:57:17",16.8,-0.25,1700,5421100,"B"
"NVL","10:57:16",16.85,-0.2,400,5419400,"S"
"NVL","10:57:14",16.8,-0.25,90000,5419000,"B"
"NVL","10:57:09",16.8,-0.25,300,5329000,"B"
"NVL","10:57:08",16.85,-0.2,200,5328700,"S"
"NVL","10:57:07",16.8,-0.25,100,5328500,"B"
"NVL","10:57:03",16.85,-0.2,1000,5328400,"S"
"NVL","10:57:02",16.85,-0.2,100,5327400,"S"
"NVL","10:57:00",16.8,-0.25,300,5327100,"B"
"NVL","10:57:00",16.85,-0.2,800,5326800,"S"
"NVL","10:56:57",16.8,-0.25,2000,5326000,"B"
"NVL","10:56:56",16.8,-0.25,200,5324000,"B"
"NVL","10:56:56",16.85,-0.2,600,5323800,"B"
"NVL","10:56:55",16.85,-0.2,200,5323200,"S"
"NVL","10:56:53",16.8,-0.25,3800,5323000,"B"
"NVL","10:56:53",16.85,-0.2,500,5319200,"S"
"NVL","10:56:52",16.85,-0.2,1100,5318700,"S"
"NVL","10:56:51",16.8,-0.25,2000,5317600,"B"
"NVL","10:56:50",16.85,-0.2,200,5314600,"B"
"NVL","10:56:48",16.9,-0.15,200,5314400,"S"
"NVL","10:56:48",16.85,-0.2,100,5314200,"S"
"NVL","10:56:46",16.85,-0.2,200,5314100,"S"
"NVL","10:56:44",16.85,-0.2,500,5313900,"S"
"NVL","10:56:44",16.85,-0.2,500,5313400,"S"
"NVL","10:56:43",16.85,-0.2,4100,5312900,"B"
"NVL","10:56:41",16.85,-0.2,15000,5308800,"B"
"NVL","10:56:38",16.85,-0.2,17200,5293800,"B"
"NVL","10:56:38",16.85,-0.2,32800,5276600,"B"
"NVL","10:56:36",16.85,-0.2,20000,5243800,"B"
"NVL","10:56:35",16.9,-0.15,100,5223800,"S"
"NVL","10:56:34",16.85,-0.2,1000,5223700,"B"
"NVL","10:56:30",16.85,-0.2,3200,5222700,"B"
"NVL","10:56:24",16.85,-0.2,3200,5219500,"B"
"NVL","10:56:14",16.9,-0.15,200,5216300,"S"
"NVL","10:56:13",16.9,-0.15,300,5216100,"S"
"NVL","10:56:09",16.9,-0.15,1500,5215800,"S"
"NVL","10:56:07",16.9,-0.15,13500,5214300,"B"
"NVL","10:56:05",16.9,-0.15,1000,5200800,"B"
"NVL","10:56:02",16.9,-0.15,1000,5199800,"B"
"NVL","10:56:01",16.9,-0.15,28900,5198800,"B"
"NVL","10:56:01",16.9,-0.15,1900,5169900,"B"
"NVL","10:56:00",16.9,-0.15,2900,5168000,"B"
"NVL","10:55:59",16.9,-0.15,16100,5165100,"B"
"NVL","10:55:58",16.9,-0.15,3300,5149000,"B"
"NVL","10:55:56",16.9,-0.15,20700,5145700,"B"
"NVL","10:55:55",16.9,-0.15,1600,5125000,"B"
"NVL","10:55:55",16.9,-0.15,3600,5123400,"B"
"NVL","10:55:54",16.9,-0.15,1800,5119800,"B"
"NVL","10:55:53",16.9,-0.15,100,5118000,"B"
"NVL","10:55:51",16.9,-0.15,2400,5117900,"B"
"NVL","10:55:50",16.9,-0.15,2000,5115500,"B"
"NVL","10:55:47",16.95,-0.1,2000,5113500,"S"
"NVL","10:55:40",16.9,-0.15,36300,5111500,"B"
"NVL","10:55:35",16.95,-0.1,100,5075200,"S"
"NVL","10:55:32",16.9,-0.15,1300,5075100,"B"
"NVL","10:55:24",16.95,-0.1,200,5073800,"S"
"NVL","10:55:24",16.9,-0.15,40000,5073600,"B"
"NVL","10:55:18",16.95,-0.1,200,5033600,"S"
"NVL","10:55:08",16.95,-0.1,2000,5033400,"S"
"NVL","10:55:07",16.95,-0.1,100,5031400,"S"
"NVL","10:55:04",16.95,-0.1,100,5031300,"S"
"NVL","10:55:03",16.9,-0.15,100,5031200,"B"
"NVL","10:55:02",16.9,-0.15,10000,5031100,"B"
"NVL","10:54:56",16.95,-0.1,39200,5021100,"B"
"NVL","10:54:56",17,-0.05,13000,4981900,"S"
"NVL","10:54:53",16.95,-0.1,500,4968900,"B"
"NVL","10:54:50",16.95,-0.1,1000,4968400,"B"
"NVL","10:54:49",16.95,-0.1,600,4967400,"B"
"NVL","10:54:48",16.95,-0.1,50700,4966800,"B"
"NVL","10:54:47",16.95,-0.1,10500,4916100,"B"
"NVL","10:54:47",17,-0.05,3000,4905600,"S"
"NVL","10:54:41",17,-0.05,100,4902600,"S"
"NVL","10:54:41",16.95,-0.1,2500,4902500,"B"
"NVL","10:54:40",16.95,-0.1,600,4900000,"B"
"NVL","10:54:35",17,-0.05,1700,4899400,"S"
"NVL","10:54:31",17,-0.05,273800,4897700,"B"
"NVL","10:54:30",17,-0.05,600,4623900,"B"
"NVL","10:54:29",17,-0.05,36000,4623300,"B"
"NVL","10:54:28",17,-0.05,2000,4587300,"B"
"NVL","10:54:27",17,-0.05,2000,4585300,"B"
"NVL","10:54:22",17.05,0,1000,4583300,"S"
"NVL","10:54:21",17,-0.05,5000,4582300,"B"
"NVL","10:54:18",17,-0.05,2000,4577300,"B"
"NVL","10:54:15",17,-0.05,2000,4575300,"B"
"NVL","10:54:07",17,-0.05,100,4573300,"B"
"NVL","10:53:58",17.05,0,100,4573200,"S"
"NVL","10:53:55",17,-0.05,20000,4573100,"B"
"NVL","10:53:54",17.05,0,100,4553100,"S"
"NVL","10:53:51",17,-0.05,8000,4553000,"B"
"NVL","10:53:48",17,-0.05,40000,4545000,"B"
"NVL","10:53:47",17.05,0,100,4505000,"S"
"NVL","10:53:44",17.05,0,500,4504900,"S"
"NVL","10:53:42",17.05,0,1000,4504400,"S"
"NVL","10:53:34",17.05,0,193400,4503400,"B"
"NVL","10:53:31",17.05,0,10000,4310000,"B"
"NVL","10:53:22",17.05,0,1100,4300000,"B"
"NVL","10:53:13",17.05,0,900,4298900,"B"
"NVL","10:53:02",17.05,0,40000,4298000,"B"
"NVL","10:52:58",17.05,0,700,4258000,"B"
"NVL","10:52:57",17.05,0,1300,4257300,"B"
"NVL","10:52:29",17.05,0,6000,4256000,"B"
"NVL","10:52:12",17.05,0,1300,4250000,"B"
"NVL","10:52:00",17.05,0,100,4248700,"B"
"NVL","10:51:59",17.1,0.05,5000,4248600,"S"
"NVL","10:51:43",17.1,0.05,1000,4243600,"S"
"NVL","10:51:38",17.1,0.05,20000,4242600,"S"
"NVL","10:51:36",17.1,0.05,500,4222600,"S"
"NVL","10:51:34",17.1,0.05,2500,4222100,"S"
"NVL","10:51:25",17.05,0,100,4219600,"B"
"NVL","10:51:19",17.1,0.05,200,4219500,"S"
"NVL","10:50:40",17.1,0.05,9400,4219300,"S"
"NVL","10:50:39",17.05,0,300,4209900,"B"
"NVL","10:50:37",17.05,0,100,4209600,"B"
"NVL","10:50:09",17.05,0,1000,4209500,"B"
"NVL","10:49:46",17.1,0.05,500,4208500,"S"
"NVL","10:49:33",17.1,0.05,5000,4208000,"S"
"NVL","10:49:16",17.1,0.05,300,4203000,"S"
"NVL","10:49:13",17.05,0,100,4202700,"B"
"NVL","10:49:11",17.1,0.05,400,4202600,"S"
"NVL","10:48:58",17.1,0.05,300,4202200,"S"
"NVL","10:48:42",17.1,0.05,5000,4201900,"S"
"NVL","10:48:42",17.05,0,1000,4196900,"B"
"NVL","10:48:39",17.1,0.05,1000,4195900,"S"
"NVL","10:48:36",17.1,0.05,10000,4194900,"S"
"NVL","10:48:28",17.1,0.05,100,4184900,"S"
"NVL","10:48:21",17.1,0.05,5000,4184800,"S"
"NVL","10:48:19",17.1,0.05,800,4179800,"S"
"NVL","10:48:16",17.1,0.05,100,4179000,"S"
"NVL","10:47:49",17.1,0.05,1000,4178900,"S"
"NVL","10:47:45",17.1,0.05,4000,4177900,"S"
"NVL","10:47:34",17.1,0.05,2000,4173900,"S"
"NVL","10:47:07",17.1,0.05,3000,4171900,"S"
"NVL","10:46:44",17.1,0.05,200,4168900,"S"
"NVL","10:46:43",17.1,0.05,1000,4168700,"S"
"NVL","10:46:43",17.1,0.05,100,4167700,"S"
"NVL","10:46:41",17.1,0.05,100,4167600,"S"
"NVL","10:46:39",17.1,0.05,5000,4167500,"S"
"NVL","10:46:27",17.1,0.05,1500,4162500,"S"
"NVL","10:46:23",17.1,0.05,500,4161000,"S"
"NVL","10:46:08",17.1,0.05,13100,4160500,"B"
"NVL","10:46:07",17.1,0.05,400,4147400,"B"
"NVL","10:45:59",17.1,0.05,1500,4147000,"B"
"NVL","10:45:52",17.1,0.05,100,4145500,"B"
"NVL","10:45:37",17.1,0.05,1000,4145400,"B"
"NVL","10:45:32",17.1,0.05,5000,4144400,"B"
"NVL","10:45:24",17.1,0.05,2000,4139400,"B"
"NVL","10:45:22",17.1,0.05,200,4137400,"B"
"NVL","10:45:18",17.1,0.05,300,4137200,"B"
"NVL","10:45:09",17.1,0.05,1000,4136900,"B"
"NVL","10:45:03",17.1,0.05,3000,4135900,"B"
"NVL","10:44:55",17.15,0.1,300,4132900,"S"
"NVL","10:44:55",17.1,0.05,1000,4132600,"B"
"NVL","10:44:50",17.1,0.05,2000,4131600,"B"
"NVL","10:44:49",17.1,0.05,500,4129600,"B"
"NVL","10:44:40",17.1,0.05,100,4129100,"B"
"NVL","10:44:39",17.1,0.05,1700,4129000,"B"
"NVL","10:44:30",17.1,0.05,500,4127300,"B"
"NVL","10:44:28",17.1,0.05,500,4126800,"B"
"NVL","10:44:19",17.1,0.05,2000,4126300,"B"
"NVL","10:44:02",17.1,0.05,1000,4124300,"B"
"NVL","10:43:57",17.1,0.05,500,4123300,"B"
"NVL","10:43:57",17.1,0.05,2000,4122800,"B"
"NVL","10:43:36",17.1,0.05,100,4120800,"B"
"NVL","10:43:28",17.1,0.05,500,4120700,"B"
"NVL","10:43:19",17.1,0.05,300,4120200,"B"
"NVL","10:43:16",17.1,0.05,1000,4119900,"B"
"NVL","10:43:05",17.15,0.1,100,4118900,"S"
"NVL","10:42:48",17.1,0.05,300,4118800,"B"
"NVL","10:42:43",17.1,0.05,1000,4118500,"B"
"NVL","10:42:38",17.1,0.05,1000,4117500,"B"
"NVL","10:42:33",17.1,0.05,1100,4116500,"B"
"NVL","10:42:17",17.1,0.05,27200,4115400,"S"
"NVL","10:42:14",17.1,0.05,200,4088200,"S"
"NVL","10:42:09",17.1,0.05,3000,4088000,"S"
"NVL","10:42:04",17.1,0.05,3000,4085000,"S"
"NVL","10:42:02",17.1,0.05,2000,4082000,"S"
"NVL","10:41:53",17.1,0.05,100,4080000,"S"
"NVL","10:41:45",17.1,0.05,500,4079900,"S"
"NVL","10:41:37",17.1,0.05,50000,4079400,"S"
"NVL","10:41:23",17.1,0.05,500,4029400,"S"
"NVL","10:41:20",17.1,0.05,3000,4028900,"S"
"NVL","10:41:12",17.1,0.05,1000,4025900,"S"
"NVL","10:41:07",17.05,0,6000,4024900,"B"
"NVL","10:40:47",17.1,0.05,600,4018900,"S"
"NVL","10:40:41",17.1,0.05,300,4018300,"S"
"NVL","10:40:30",17.1,0.05,500,4018000,"S"
"NVL","10:40:26",17.1,0.05,10000,4017500,"S"
"NVL","10:40:23",17.1,0.05,7000,4007500,"S"
"NVL","10:40:22",17.1,0.05,400,4000500,"S"
"NVL","10:40:16",17.1,0.05,8200,4000100,"S"
"NVL","10:40:14",17.1,0.05,100,3991900,"S"
"NVL","10:39:52",17.1,0.05,500,3991800,"S"
"NVL","10:39:46",17.1,0.05,100,3991300,"S"
"NVL","10:39:45",17.1,0.05,500,3991200,"S"
"NVL","10:39:23",17.1,0.05,100,3990700,"S"
"NVL","10:39:08",17.1,0.05,1000,3990600,"S"
"NVL","10:39:07",17.1,0.05,130400,3989600,"B"
"NVL","10:39:01",17.1,0.05,400,3859200,"B"
"NVL","10:39:00",17.1,0.05,1000,3858800,"B"
"NVL","10:38:49",17.1,0.05,10800,3857800,"B"
"NVL","10:38:48",17.1,0.05,5000,3847000,"B"
"NVL","10:38:43",17.1,0.05,1800,3842000,"B"
"NVL","10:38:42",17.1,0.05,4000,3840200,"B"
"NVL","10:38:41",17.1,0.05,500,3836200,"B"
"NVL","10:38:37",17.1,0.05,400,3835700,"B"
"NVL","10:38:28",17.1,0.05,5000,3835300,"B"
"NVL","10:38:26",17.1,0.05,10000,3830300,"B"
"NVL","10:38:19",17.1,0.05,25000,3820300,"B"
"NVL","10:38:14",17.1,0.05,5000,3795300,"B"
"NVL","10:38:02",17.1,0.05,100,3790300,"B"
"NVL","10:38:01",17.1,0.05,5000,3790200,"B"
"NVL","10:37:40",17.1,0.05,3100,3785200,"B"
"NVL","10:37:26",17.1,0.05,4400,3782100,"B"
"NVL","10:37:20",17.1,0.05,100,3777700,"B"
"NVL","10:37:01",17.1,0.05,30000,3777600,"B"
"NVL","10:36:50",17.1,0.05,300,3747600,"B"
"NVL","10:36:46",17.1,0.05,10000,3747300,"B"
"NVL","10:36:46",17.1,0.05,4700,3737300,"B"
"NVL","10:36:43",17.1,0.05,1300,3732600,"B"
"NVL","10:36:28",17.1,0.05,20000,3731300,"B"
"NVL","10:36:20",17.1,0.05,3000,3711300,"B"
"NVL","10:36:19",17.1,0.05,100,3708300,"B"
"NVL","10:36:12",17.15,0.1,100,3708200,"S"
"NVL","10:36:09",17.1,0.05,1000,3708100,"B"
"NVL","10:36:07",17.15,0.1,400,3707100,"S"
"NVL","10:35:57",17.15,0.1,300,3706700,"S"
"NVL","10:35:55",17.1,0.05,200,3706400,"B"
"NVL","10:35:51",17.15,0.1,100,3706200,"S"
"NVL","10:34:38",17.15,0.1,1000,3706100,"S"
"NVL","10:34:32",17.15,0.1,83100,3705100,"B"
"NVL","10:34:30",17.15,0.1,4000,3622000,"B"
"NVL","10:34:12",17.15,0.1,1000,3618000,"B"
"NVL","10:34:05",17.15,0.1,400,3617000,"B"
"NVL","10:34:01",17.15,0.1,2000,3616600,"B"
"NVL","10:33:49",17.15,0.1,9900,3614600,"B"
"NVL","10:33:42",17.15,0.1,1000,3604700,"B"
"NVL","10:33:29",17.15,0.1,4000,3603700,"B"
"NVL","10:33:00",17.2,0.15,100,3599700,"S"
"NVL","10:32:58",17.15,0.1,100,3599600,"B"
"NVL","10:32:53",17.15,0.1,5000,3599500,"B"
"NVL","10:32:47",17.15,0.1,1000,3594500,"B"
"NVL","10:32:40",17.15,0.1,1000,3593500,"B"
"NVL","10:32:39",17.15,0.1,14400,3592500,"B"
"NVL","10:32:34",17.15,0.1,500,3578100,"B"
"NVL","10:32:28",17.15,0.1,1200,3577600,"B"
"NVL","10:31:24",17.2,0.15,3000,3576400,"S"
"NVL","10:31:16",17.15,0.1,100,3573400,"B"
"NVL","10:31:14",17.15,0.1,14500,3573300,"B"
"NVL","10:31:11",17.15,0.1,100,3558800,"B"
"NVL","10:31:03",17.15,0.1,34500,3558700,"B"
"NVL","10:31:00",17.15,0.1,100,3524200,"B"
"NVL","10:30:54",17.15,0.1,500,3524100,"B"
"NVL","10:30:09",17.15,0.1,200,3523600,"B"
"NVL","10:28:19",17.15,0.1,1400,3523400,"B"
"NVL","10:28:17",17.2,0.15,500,3522000,"S"
"NVL","10:27:06",17.15,0.1,200,3521500,"B"
"NVL","10:26:52",17.15,0.1,2000,3521300,"B"
"NVL","10:26:38",17.15,0.1,100,3519300,"B"
"NVL","10:26:23",17.15,0.1,800,3519200,"B"
"NVL","10:25:50",17.15,0.1,2100,3518400,"B"
"NVL","10:25:42",17.2,0.15,1000,3516300,"S"
"NVL","10:25:08",17.15,0.1,18500,3515300,"S"
"NVL","10:25:00",17.15,0.1,100,3496800,"S"
"NVL","10:24:52",17.15,0.1,500,3496700,"S"
"NVL","10:24:48",17.15,0.1,100,3496200,"S"
"NVL","10:24:38",17.15,0.1,2100,3496100,"S"
"NVL","10:24:13",17.1,0.05,3700,3494000,"B"
"NVL","10:24:08",17.15,0.1,1000,3490300,"S"
"NVL","10:23:53",17.15,0.1,200,3489300,"S"
"NVL","10:23:45",17.15,0.1,600,3489100,"S"
"NVL","10:23:39",17.15,0.1,200,3488500,"S"
"NVL","10:23:35",17.15,0.1,100,3488300,"S"
"NVL","10:23:22",17.15,0.1,200,3488200,"S"
"NVL","10:23:13",17.15,0.1,200,3488000,"S"
"NVL","10:23:10",17.15,0.1,500,3487800,"S"
"NVL","10:23:10",17.15,0.1,300,3487300,"S"
"NVL","10:22:57",17.15,0.1,200,3487000,"S"
"NVL","10:22:43",17.15,0.1,200,3486800,"S"
"NVL","10:22:33",17.15,0.1,200,3486600,"S"
"NVL","10:22:25",17.15,0.1,100,3486400,"S"
"NVL","10:22:19",17.15,0.1,900,3486300,"B"
"NVL","10:22:19",17.15,0.1,10100,3485400,"B"
"NVL","10:22:08",17.15,0.1,200,3475300,"B"
"NVL","10:22:07",17.15,0.1,1000,3475100,"B"
"NVL","10:21:49",17.15,0.1,300,3474100,"B"
"NVL","10:21:48",17.15,0.1,1800,3473800,"B"
"NVL","10:21:40",17.2,0.15,500,3472000,"S"
"NVL","10:21:33",17.2,0.15,400,3471500,"S"
"NVL","10:21:32",17.2,0.15,300,3471100,"S"
"NVL","10:21:31",17.15,0.1,165000,3470800,"B"
"NVL","10:21:30",17.2,0.15,4000,3305800,"S"
"NVL","10:20:58",17.15,0.1,100,3301800,"B"
"NVL","10:20:52",17.15,0.1,300,3301700,"B"
"NVL","10:20:52",17.2,0.15,1200,3301400,"B"
"NVL","10:20:49",17.25,0.2,600,3300200,"S"
"NVL","10:20:49",17.2,0.15,2300,3299600,"B"
"NVL","10:20:31",17.2,0.15,1000,3297300,"B"
"NVL","10:20:27",17.2,0.15,500,3296300,"B"
"NVL","10:20:26",17.2,0.15,7800,3295800,"S"
"NVL","10:20:26",17.15,0.1,2100,3288000,"B"
"NVL","10:20:16",17.2,0.15,100,3285900,"S"
"NVL","10:19:56",17.2,0.15,3300,3285800,"B"
"NVL","10:19:54",17.2,0.15,3700,3282500,"B"
"NVL","10:19:51",17.2,0.15,2000,3278800,"B"
"NVL","10:19:38",17.2,0.15,100,3276800,"B"
"NVL","10:19:37",17.2,0.15,200,3276700,"B"
"NVL","10:19:29",17.2,0.15,1000,3276500,"S"
"NVL","10:19:28",17.2,0.15,4000,3275500,"B"
"NVL","10:19:27",17.2,0.15,1000,3271500,"S"
"NVL","10:19:19",17.2,0.15,2700,3270500,"B"
"NVL","10:19:17",17.2,0.15,500,3267800,"B"
"NVL","10:19:16",17.2,0.15,2600,3267300,"B"
"NVL","10:19:03",17.2,0.15,300,3264700,"B"
"NVL","10:18:54",17.2,0.15,4700,3264400,"S"
"NVL","10:18:53",17.2,0.15,10000,3259700,"S"
"NVL","10:18:46",17.2,0.15,200,3249700,"S"
"NVL","10:18:38",17.2,0.15,1500,3249500,"S"
"NVL","10:18:35",17.2,0.15,100,3248000,"S"
"NVL","10:17:24",17.2,0.15,100000,3247900,"S"
"NVL","10:17:17",17.15,0.1,1000,3147900,"B"
"NVL","10:17:02",17.15,0.1,2000,3146900,"B"
"NVL","10:16:11",17.15,0.1,500,3144900,"B"
"NVL","10:15:58",17.15,0.1,5000,3144400,"B"
"NVL","10:15:57",17.2,0.15,1500,3139400,"S"
"NVL","10:15:41",17.2,0.15,500,3137900,"S"
"NVL","10:15:30",17.2,0.15,1100,3137400,"S"
"NVL","10:15:29",17.15,0.1,300,3136300,"B"
"NVL","10:15:16",17.2,0.15,1100,3136000,"S"
"NVL","10:15:13",17.2,0.15,5000,3134900,"S"
"NVL","10:14:42",17.2,0.15,300,3129900,"S"
"NVL","10:14:36",17.2,0.15,14000,3129600,"B"
"NVL","10:14:32",17.2,0.15,100,3115600,"B"
"NVL","10:14:09",17.2,0.15,300,3115500,"S"
"NVL","10:14:08",17.2,0.15,13500,3115200,"S"
"NVL","10:14:07",17.2,0.15,300,3101700,"S"
"NVL","10:13:51",17.2,0.15,12000,3101400,"S"
"NVL","10:13:48",17.2,0.15,3800,3089400,"S"
"NVL","10:13:12",17.2,0.15,2000,3085600,"S"
"NVL","10:13:07",17.2,0.15,300,3083600,"S"
"NVL","10:13:03",17.2,0.15,100,3083300,"S"
"NVL","10:12:59",17.2,0.15,10000,3083200,"S"
"NVL","10:12:55",17.2,0.15,300,3073200,"S"
"NVL","10:12:25",17.2,0.15,8800,3072900,"S"
"NVL","10:12:19",17.2,0.15,100,3064100,"S"
"NVL","10:12:17",17.2,0.15,3400,3064000,"S"
"NVL","10:12:15",17.2,0.15,1000,3060600,"S"
"NVL","10:12:09",17.2,0.15,3000,3059600,"S"
"NVL","10:11:53",17.2,0.15,200,3056600,"S"
"NVL","10:11:37",17.2,0.15,100,3056400,"S"
"NVL","10:11:28",17.2,0.15,7100,3056300,"B"
"NVL","10:11:27",17.2,0.15,6000,3049200,"B"
"NVL","10:11:25",17.2,0.15,2000,3043200,"B"
"NVL","10:11:25",17.2,0.15,500,3041200,"B"
"NVL","10:11:23",17.2,0.15,2700,3040700,"B"
"NVL","10:11:21",17.2,0.15,1000,3038000,"B"
"NVL","10:11:20",17.2,0.15,5700,3037000,"S"
"NVL","10:11:13",17.2,0.15,9800,3031300,"B"
"NVL","10:11:13",17.2,0.15,1000,3021500,"B"
"NVL","10:11:10",17.2,0.15,10000,3020500,"B"
"NVL","10:11:07",17.2,0.15,20000,3010500,"B"
"NVL","10:11:06",17.2,0.15,2500,2990500,"B"
"NVL","10:11:04",17.2,0.15,1000,2988000,"B"
"NVL","10:11:01",17.2,0.15,11600,2987000,"B"
"NVL","10:10:58",17.2,0.15,100,2975400,"B"
"NVL","10:10:57",17.2,0.15,6200,2975300,"B"
"NVL","10:10:55",17.2,0.15,4500,2969100,"B"
"NVL","10:10:52",17.2,0.15,200,2964600,"B"
"NVL","10:10:46",17.2,0.15,2900,2964400,"B"
"NVL","10:10:43",17.2,0.15,40000,2961500,"B"
"NVL","10:10:40",17.2,0.15,100,2921500,"B"
"NVL","10:10:37",17.2,0.15,500,2921400,"B"
"NVL","10:10:31",17.25,0.2,3000,2920900,"S"
"NVL","10:10:26",17.2,0.15,1000,2916900,"B"
"NVL","10:10:22",17.2,0.15,10000,2915900,"B"
"NVL","10:10:21",17.2,0.15,200,2905900,"B"
"NVL","10:10:20",17.2,0.15,1000,2905700,"B"
"NVL","10:10:09",17.2,0.15,2000,2904700,"B"
"NVL","10:10:07",17.2,0.15,300,2902700,"B"
"NVL","10:10:00",17.2,0.15,2000,2902400,"B"
"NVL","10:09:56",17.2,0.15,100,2900400,"B"
"NVL","10:09:45",17.2,0.15,100,2900300,"B"
"NVL","10:09:44",17.2,0.15,100,2900200,"B"
"NVL","10:09:39",17.2,0.15,100,2900100,"B"
"NVL","10:09:37",17.2,0.15,2000,2900000,"B"
"NVL","10:09:21",17.2,0.15,200,2898000,"B"
"NVL","10:09:20",17.2,0.15,2400,2897800,"B"
"NVL","10:09:20",17.2,0.15,7800,2895400,"B"
"NVL","10:09:13",17.2,0.15,2000,2887600,"B"
"NVL","10:09:12",17.2,0.15,900,2885600,"B"
"NVL","10:09:12",17.2,0.15,100,2884700,"B"
"NVL","10:09:00",17.2,0.15,6000,2884600,"B"
"NVL","10:08:43",17.2,0.15,400,2878600,"B"
"NVL","10:08:25",17.2,0.15,3000,2878200,"B"
"NVL","10:08:22",17.2,0.15,1500,2875200,"B"
"NVL","10:08:16",17.2,0.15,100,2873700,"B"
"NVL","10:08:00",17.2,0.15,400,2873600,"B"
"NVL","10:07:43",17.2,0.15,500,2873200,"B"
"NVL","10:07:41",17.2,0.15,9500,2872700,"B"
"NVL","10:07:37",17.25,0.2,1900,2863200,"S"
"NVL","10:07:30",17.25,0.2,100,2861300,"S"
"NVL","10:07:27",17.2,0.15,200,2861200,"B"
"NVL","10:07:17",17.2,0.15,1000,2861000,"B"
"NVL","10:07:12",17.2,0.15,100,2860000,"B"
"NVL","10:07:10",17.2,0.15,1000,2859900,"B"
"NVL","10:07:03",17.25,0.2,1000,2858900,"S"
"NVL","10:06:53",17.2,0.15,20000,2857900,"B"
"NVL","10:06:45",17.2,0.15,100,2837900,"B"
"NVL","10:06:24",17.25,0.2,100,2837800,"S"
"NVL","10:05:45",17.2,0.15,1000,2837700,"B"
"NVL","10:05:42",17.2,0.15,100,2836700,"B"
"NVL","10:05:39",17.2,0.15,1000,2836600,"B"
"NVL","10:05:26",17.2,0.15,50000,2835600,"B"
"NVL","10:05:25",17.2,0.15,1500,2785600,"B"
"NVL","10:05:23",17.2,0.15,300,2784100,"B"
"NVL","10:05:15",17.2,0.15,600,2783800,"B"
"NVL","10:04:54",17.2,0.15,100,2783200,"B"
"NVL","10:04:14",17.2,0.15,2000,2783100,"B"
"NVL","10:04:10",17.2,0.15,100,2781100,"B"
"NVL","10:04:08",17.2,0.15,20000,2781000,"B"
"NVL","10:03:56",17.2,0.15,200,2761000,"B"
"NVL","10:03:47",17.2,0.15,12000,2760800,"B"
"NVL","10:03:45",17.2,0.15,5000,2748800,"B"
"NVL","10:03:44",17.2,0.15,700,2743800,"B"
"NVL","10:03:12",17.2,0.15,1000,2743100,"B"
"NVL","10:03:10",17.2,0.15,100,2742100,"B"
"NVL","10:03:01",17.25,0.2,1300,2742000,"S"
"NVL","10:02:57",17.25,0.2,300,2740700,"S"
"NVL","10:02:52",17.25,0.2,44300,2740400,"S"
"NVL","10:02:34",17.25,0.2,73000,2696100,"S"
"NVL","10:02:11",17.25,0.2,2000,2623100,"S"
"NVL","10:02:04",17.2,0.15,1000,2621100,"B"
"NVL","10:01:45",17.2,0.15,10000,2620100,"B"
"NVL","10:01:44",17.2,0.15,7000,2610100,"B"
"NVL","10:01:43",17.2,0.15,6300,2603100,"B"
"NVL","10:01:34",17.2,0.15,2000,2596800,"B"
"NVL","10:01:33",17.25,0.2,200,2594800,"S"
"NVL","10:01:31",17.2,0.15,700,2594600,"B"
"NVL","10:01:27",17.2,0.15,5000,2593900,"B"
"NVL","10:01:16",17.25,0.2,100,2588900,"S"
"NVL","10:01:16",17.2,0.15,500,2588800,"B"
"NVL","10:00:51",17.2,0.15,1200,2588300,"B"
"NVL","10:00:43",17.25,0.2,100,2587100,"S"
"NVL","10:00:37",17.2,0.15,500,2587000,"B"
"NVL","10:00:30",17.2,0.15,1000,2586500,"B"
"NVL","09:59:42",17.2,0.15,1000,2585500,"B"
"NVL","09:59:36",17.25,0.2,300,2584500,"S"
"NVL","09:59:33",17.25,0.2,100,2584200,"S"
"NVL","09:59:26",17.2,0.15,100,2584100,"B"
"NVL","09:59:18",17.2,0.15,100,2584000,"B"
"NVL","09:59:10",17.2,0.15,800,2583900,"B"
"NVL","09:59:02",17.25,0.2,1000,2583100,"S"
"NVL","09:59:02",17.2,0.15,500,2582100,"B"
"NVL","09:59:01",17.25,0.2,35000,2581600,"S"
"NVL","09:58:31",17.25,0.2,900,2546600,"S"
"NVL","09:58:11",17.2,0.15,800,2545700,"B"
"NVL","09:57:53",17.2,0.15,1200,2544900,"B"
"NVL","09:57:12",17.25,0.2,300,2543700,"S"
"NVL","09:57:08",17.2,0.15,500,2543400,"B"
"NVL","09:57:02",17.25,0.2,600,2542900,"S"
"NVL","09:57:02",17.25,0.2,1000,2542300,"S"
"NVL","09:56:50",17.25,0.2,100,2541300,"S"
"NVL","09:56:45",17.25,0.2,300,2541200,"S"
"NVL","09:56:35",17.25,0.2,2000,2540900,"S"
"NVL","09:56:26",17.25,0.2,3000,2538900,"S"
"NVL","09:56:25",17.25,0.2,4400,2535900,"S"
"NVL","09:56:14",17.25,0.2,1100,2531500,"S"
"NVL","09:56:00",17.25,0.2,1200,2530400,"B"
"NVL","09:56:00",17.25,0.2,60100,2529200,"B"
"NVL","09:55:57",17.25,0.2,10000,2469100,"B"
"NVL","09:55:55",17.25,0.2,10000,2459100,"B"
"NVL","09:55:54",17.25,0.2,500,2449100,"B"
"NVL","09:55:37",17.25,0.2,10000,2448600,"B"
"NVL","09:55:25",17.25,0.2,100,2438600,"B"
"NVL","09:55:24",17.25,0.2,500,2438500,"B"
"NVL","09:54:51",17.25,0.2,100,2438000,"B"
"NVL","09:54:37",17.25,0.2,500,2437900,"B"
"NVL","09:54:35",17.3,0.25,300,2437400,"S"
"NVL","09:54:27",17.25,0.2,100,2437100,"B"
"NVL","09:54:14",17.3,0.25,500,2437000,"S"
"NVL","09:54:08",17.3,0.25,1600,2436500,"S"
"NVL","09:54:03",17.3,0.25,100,2434900,"S"
"NVL","09:53:50",17.3,0.25,5000,2434800,"S"
"NVL","09:53:44",17.3,0.25,400,2429800,"S"
"NVL","09:53:28",17.3,0.25,500,2429400,"S"
"NVL","09:53:27",17.25,0.2,100,2428900,"B"
"NVL","09:53:26",17.3,0.25,100,2428800,"S"
"NVL","09:53:13",17.25,0.2,500,2428600,"B"
"NVL","09:53:11",17.25,0.2,900,2428100,"B"
"NVL","09:52:52",17.25,0.2,500,2427200,"B"
"NVL","09:52:33",17.25,0.2,200,2426700,"B"
"NVL","09:52:30",17.3,0.25,3000,2426500,"S"
"NVL","09:52:06",17.25,0.2,500,2423500,"B"
"NVL","09:51:59",17.25,0.2,50000,2423000,"B"
"NVL","09:51:55",17.3,0.25,100,2373000,"S"
"NVL","09:51:39",17.3,0.25,1400,2372900,"S"
"NVL","09:51:35",17.25,0.2,100,2371500,"B"
"NVL","09:51:19",17.3,0.25,100000,2371400,"S"
"NVL","09:51:15",17.25,0.2,500,2271400,"B"
"NVL","09:51:11",17.3,0.25,700,2270900,"S"
"NVL","09:51:10",17.25,0.2,5000,2270200,"B"
"NVL","09:50:54",17.25,0.2,14500,2265200,"B"
"NVL","09:50:53",17.25,0.2,500,2250700,"B"
"NVL","09:50:39",17.25,0.2,100,2250200,"B"
"NVL","09:50:32",17.25,0.2,5000,2250100,"B"
"NVL","09:50:27",17.25,0.2,900,2245100,"B"
"NVL","09:50:14",17.25,0.2,100,2244200,"B"
"NVL","09:50:10",17.25,0.2,11000,2244100,"B"
"NVL","09:50:06",17.25,0.2,1000,2233100,"B"
"NVL","09:50:06",17.25,0.2,200,2232100,"B"
"NVL","09:50:04",17.25,0.2,200,2231900,"B"
"NVL","09:49:55",17.25,0.2,300,2231700,"B"
"NVL","09:49:52",17.25,0.2,22400,2231400,"S"
"NVL","09:49:48",17.25,0.2,1900,2209000,"S"
"NVL","09:49:47",17.25,0.2,600,2207100,"S"
"NVL","09:49:35",17.25,0.2,250000,2206500,"S"
"NVL","09:49:28",17.25,0.2,300,1956500,"S"
"NVL","09:49:13",17.25,0.2,3500,1956200,"S"
"NVL","09:49:02",17.25,0.2,500,1952700,"S"
"NVL","09:48:52",17.25,0.2,200,1952200,"S"
"NVL","09:48:48",17.25,0.2,10000,1952000,"S"
"NVL","09:48:38",17.25,0.2,1000,1942000,"S"
"NVL","09:48:19",17.25,0.2,2300,1941000,"S"
"NVL","09:48:05",17.25,0.2,100,1938700,"S"
"NVL","09:48:02",17.25,0.2,1000,1938600,"S"
"NVL","09:47:29",17.25,0.2,100,1937600,"S"
"NVL","09:47:17",17.2,0.15,300,1937500,"B"
"NVL","09:47:15",17.25,0.2,5000,1937200,"S"
"NVL","09:46:52",17.2,0.15,200,1932200,"B"
"NVL","09:46:49",17.25,0.2,1700,1932000,"S"
"NVL","09:46:40",17.25,0.2,4000,1930300,"S"
"NVL","09:46:22",17.25,0.2,500,1926300,"S"
"NVL","09:46:20",17.2,0.15,2000,1925800,"B"
"NVL","09:45:54",17.25,0.2,2000,1923800,"S"
"NVL","09:45:52",17.2,0.15,300,1921800,"B"
"NVL","09:45:36",17.25,0.2,100,1921500,"S"
"NVL","09:45:36",17.2,0.15,400,1921400,"B"
"NVL","09:45:34",17.25,0.2,1000,1921000,"S"
"NVL","09:45:17",17.25,0.2,1000,1920000,"S"
"NVL","09:45:08",17.2,0.15,300,1919000,"B"
"NVL","09:44:44",17.2,0.15,300,1918700,"B"
"NVL","09:44:22",17.25,0.2,1000,1918400,"S"
"NVL","09:44:11",17.25,0.2,3100,1917400,"S"
"NVL","09:43:54",17.25,0.2,700,1914300,"S"
"NVL","09:43:36",17.25,0.2,600,1913600,"S"
"NVL","09:43:27",17.25,0.2,100,1913000,"S"
"NVL","09:43:25",17.25,0.2,100,1912900,"S"
"NVL","09:43:14",17.25,0.2,300,1912800,"S"
"NVL","09:43:08",17.2,0.15,100,1912500,"B"
"NVL","09:43:01",17.2,0.15,12000,1912400,"B"
"NVL","09:42:56",17.25,0.2,300,1900400,"S"
"NVL","09:42:44",17.2,0.15,700,1900100,"B"
"NVL","09:42:40",17.2,0.15,100,1899400,"B"
"NVL","09:42:12",17.2,0.15,100,1899300,"B"
"NVL","09:42:00",17.2,0.15,38400,1899200,"S"
"NVL","09:41:59",17.2,0.15,100,1860800,"S"
"NVL","09:41:58",17.2,0.15,3000,1860700,"S"
"NVL","09:41:45",17.2,0.15,200000,1857700,"S"
"NVL","09:41:04",17.15,0.1,1800,1657700,"B"
"NVL","09:40:53",17.2,0.15,1000,1655900,"S"
"NVL","09:40:51",17.2,0.15,100,1654900,"S"
"NVL","09:40:49",17.2,0.15,200,1654800,"S"
"NVL","09:40:47",17.2,0.15,3600,1654600,"S"
"NVL","09:40:16",17.2,0.15,89900,1651000,"B"
"NVL","09:40:15",17.2,0.15,2000,1561100,"B"
"NVL","09:40:08",17.2,0.15,9000,1559100,"B"
"NVL","09:40:05",17.2,0.15,100,1550100,"B"
"NVL","09:40:02",17.2,0.15,100,1550000,"B"
"NVL","09:39:59",17.2,0.15,2000,1549900,"B"
"NVL","09:39:58",17.2,0.15,1000,1547900,"B"
"NVL","09:39:51",17.2,0.15,2000,1546900,"B"
"NVL","09:39:18",17.25,0.2,200,1544900,"S"
"NVL","09:39:13",17.2,0.15,2000,1544700,"B"
"NVL","09:39:10",17.2,0.15,5200,1542700,"B"
"NVL","09:39:04",17.2,0.15,100,1537500,"B"
"NVL","09:39:02",17.2,0.15,500,1537400,"B"
"NVL","09:38:59",17.25,0.2,1000,1536900,"S"
"NVL","09:38:58",17.2,0.15,100,1535900,"B"
"NVL","09:38:56",17.2,0.15,200,1535800,"B"
"NVL","09:38:53",17.2,0.15,3200,1535600,"B"
"NVL","09:38:47",17.2,0.15,2000,1532400,"B"
"NVL","09:38:40",17.2,0.15,15000,1530400,"B"
