"symbol","time","price","change","vol","total","side"
"SCS","14:45:01",70,-1.9,2400,114600,
"SCS","14:29:25",69.5,-2.4,900,112200,"S"
"SCS","14:29:14",69.5,-2.4,3600,111300,"B"
"SCS","14:29:14",69.6,-2.3,500,107700,"B"
"SCS","14:27:32",70,-1.9,7500,107200,"S"
"SCS","14:27:32",69.8,-2.1,300,99700,"S"
"SCS","14:27:32",69.7,-2.2,200,99400,"S"
"SCS","14:21:58",69.6,-2.3,100,99200,"B"
"SCS","14:08:41",69.5,-2.4,200,99100,"B"
"SCS","14:08:41",69.7,-2.2,100,98900,"B"
"SCS","14:08:41",69.8,-2.1,200,98800,"B"
"SCS","14:08:09",70,-1.9,1500,98600,"B"
"SCS","14:06:30",70,-1.9,300,97100,"B"
"SCS","14:06:07",70,-1.9,100,96800,"B"
"SCS","14:05:55",70,-1.9,300,96700,"B"
"SCS","14:05:52",70,-1.9,300,96400,"B"
"SCS","14:05:45",70,-1.9,800,96100,"B"
"SCS","14:05:42",70,-1.9,900,95300,"B"
"SCS","14:05:39",70,-1.9,2000,94400,"B"
"SCS","14:05:15",70,-1.9,200,92400,"B"
"SCS","14:05:05",70,-1.9,900,92200,"B"
"SCS","14:04:55",70,-1.9,3000,91300,"B"
"SCS","14:04:30",70.1,-1.8,700,88300,"S"
"SCS","14:02:58",70.1,-1.8,700,87600,"S"
"SCS","14:02:41",70.1,-1.8,3200,86900,"B"
"SCS","14:02:26",70.1,-1.8,200,83700,"B"
"SCS","13:56:55",70.1,-1.8,100,83500,"B"
"SCS","13:56:49",70.1,-1.8,500,83400,"S"
"SCS","13:56:33",70.1,-1.8,1000,82900,"S"
"SCS","13:54:44",70,-1.9,200,81900,"B"
"SCS","13:54:37",70,-1.9,700,81700,"S"
"SCS","13:54:06",70,-1.9,100,81000,"S"
"SCS","13:53:45",70,-1.9,800,80900,"S"
"SCS","13:52:13",70,-1.9,700,80100,"S"
"SCS","13:50:41",70,-1.9,600,79400,"S"
"SCS","13:49:08",70,-1.9,600,78800,"S"
"SCS","13:47:55",70,-1.9,600,78200,"B"
"SCS","13:47:54",70,-1.9,2000,77600,"B"
"SCS","13:42:22",70,-1.9,200,75600,"S"
"SCS","13:35:27",69.7,-2.2,100,75400,"B"
"SCS","13:30:01",69.7,-2.2,500,75300,"B"
"SCS","13:29:37",69.8,-2.1,500,74800,"B"
"SCS","13:29:10",70.2,-1.7,700,74300,"S"
"SCS","13:27:38",70.2,-1.7,600,73600,"S"
"SCS","13:27:24",70.2,-1.7,1000,73000,"S"
"SCS","13:26:06",70.2,-1.7,700,72000,"S"
"SCS","13:24:34",70.2,-1.7,600,71300,"S"
"SCS","13:24:15",70.2,-1.7,500,70700,"S"
"SCS","13:24:15",70.1,-1.8,1600,70200,"S"
"SCS","13:24:15",70,-1.9,900,68600,"S"
"SCS","13:23:27",70,-1.9,300,67700,"B"
"SCS","13:23:02",70,-1.9,300,67400,"S"
"SCS","13:22:15",70,-1.9,1000,67100,"S"
"SCS","13:21:30",70,-1.9,700,66100,"S"
"SCS","13:19:57",70,-1.9,600,65400,"S"
"SCS","13:18:25",70,-1.9,700,64800,"S"
"SCS","13:16:53",70,-1.9,600,64100,"S"
"SCS","13:15:21",70,-1.9,600,63500,"S"
"SCS","13:13:49",70,-1.9,700,62900,"S"
"SCS","13:12:17",70,-1.9,600,62200,"S"
"SCS","13:12:06",70,-1.9,200,61600,"S"
"SCS","13:10:45",70,-1.9,700,61400,"S"
"SCS","13:09:45",70,-1.9,3500,60700,"B"
"SCS","13:09:25",70,-1.9,1900,57200,"B"
"SCS","13:07:55",70,-1.9,500,55300,"B"
"SCS","13:07:42",70,-1.9,200,54800,"B"
"SCS","13:06:38",70,-1.9,1100,54600,"B"
"SCS","13:03:56",70,-1.9,100,53500,"B"
"SCS","13:03:05",70,-1.9,200,53400,"B"
"SCS","13:00:37",70,-1.9,100,53200,"B"
"SCS","13:00:26",70,-1.9,300,53100,"B"
"SCS","13:00:14",70.2,-1.7,200,52800,"S"
"SCS","11:29:40",70.2,-1.7,700,52600,"B"
"SCS","11:29:40",70.2,-1.7,300,51900,"B"
"SCS","11:26:55",70.2,-1.7,400,51600,"S"
"SCS","11:26:37",70.2,-1.7,300,51200,"B"
"SCS","11:25:50",70.2,-1.7,100,50900,"B"
"SCS","11:25:23",70.2,-1.7,200,50800,"S"
"SCS","11:24:24",70.2,-1.7,600,50600,"S"
"SCS","11:21:36",70,-1.9,1000,50000,"B"
"SCS","11:20:47",70.2,-1.7,600,49000,"S"
"SCS","11:20:26",70.2,-1.7,100,48400,"S"
"SCS","11:19:14",70.2,-1.7,700,48300,"S"
"SCS","11:17:42",70.2,-1.7,700,47600,"S"
"SCS","11:16:50",70.2,-1.7,100,46900,"S"
"SCS","11:16:10",70.2,-1.7,600,46800,"S"
"SCS","11:14:38",70.2,-1.7,700,46200,"S"
"SCS","11:14:27",70.2,-1.7,1000,45500,"B"
"SCS","11:11:52",70.2,-1.7,1000,44500,"B"
"SCS","11:11:07",70.2,-1.7,1500,43500,"B"
"SCS","11:06:29",70.2,-1.7,200,42000,"B"
"SCS","11:06:12",70.2,-1.7,300,41800,"B"
"SCS","11:05:21",70.2,-1.7,1000,41500,"B"
"SCS","11:03:41",70.2,-1.7,100,40500,"B"
"SCS","11:02:21",70.2,-1.7,200,40400,"S"
"SCS","11:00:49",70.2,-1.7,700,40200,"S"
"SCS","10:59:28",70.2,-1.7,1300,39500,"B"
"SCS","10:59:21",70.2,-1.7,2000,38200,"B"
"SCS","10:58:00",70.2,-1.7,300,36200,"B"
"SCS","10:56:28",70.2,-1.7,500,35900,"B"
"SCS","10:55:01",70.2,-1.7,700,35400,"B"
"SCS","10:53:12",70.2,-1.7,2000,34700,"B"
"SCS","10:49:53",70.2,-1.7,700,32700,"B"
"SCS","10:48:14",70.2,-1.7,1600,32000,"B"
"SCS","10:47:27",70.2,-1.7,1000,30400,"B"
"SCS","10:46:38",70.2,-1.7,500,29400,"B"
"SCS","10:45:50",70.2,-1.7,500,28900,"B"
"SCS","10:40:38",70.2,-1.7,3000,28400,"B"
"SCS","10:37:46",70.2,-1.7,300,25400,"S"
"SCS","10:36:14",70.2,-1.7,600,25100,"S"
"SCS","10:35:01",70.2,-1.7,200,24500,"S"
"SCS","10:34:20",70,-1.9,4600,24300,"B"
"SCS","10:34:20",70.2,-1.7,400,19700,"B"
"SCS","10:33:10",70.2,-1.7,300,19300,"S"
"SCS","10:33:03",70.2,-1.7,2600,19000,"S"
"SCS","10:33:02",70.2,-1.7,1400,16400,"S"
"SCS","10:17:40",69.5,-2.4,1000,15000,"B"
"SCS","10:12:30",69.5,-2.4,500,14000,"B"
"SCS","10:11:47",69.5,-2.4,100,13500,"B"
"SCS","10:11:36",69.5,-2.4,500,13400,"B"
"SCS","10:11:00",69.5,-2.4,200,12900,"S"
"SCS","10:05:58",69.5,-2.4,400,12700,"S"
"SCS","10:05:06",69.5,-2.4,400,12300,"B"
"SCS","10:04:02",69.7,-2.2,100,11900,"S"
"SCS","10:02:18",69.5,-2.4,100,11800,"B"
"SCS","09:59:04",69.5,-2.4,500,11700,"B"
"SCS","09:54:35",69.4,-2.5,300,11200,"B"
"SCS","09:53:57",69.3,-2.6,3500,10900,"B"
"SCS","09:52:04",69.2,-2.7,500,7400,"S"
"SCS","09:51:41",69.2,-2.7,1500,6900,"B"
"SCS","09:50:24",69.3,-2.6,200,5400,"B"
"SCS","09:49:42",69.3,-2.6,300,5200,"B"
"SCS","09:48:51",69.4,-2.5,200,4900,"B"
"SCS","09:46:38",69.5,-2.4,1100,4700,"S"
"SCS","09:44:39",69.4,-2.5,100,3600,"S"
"SCS","09:39:42",69.1,-2.8,300,3500,"B"
"SCS","09:39:42",69.2,-2.7,1200,3200,"B"
"SCS","09:31:10",69,-2.9,300,2000,"B"
"SCS","09:30:23",69,-2.9,100,1700,"B"
"SCS","09:29:39",69.1,-2.8,100,1600,"B"
"SCS","09:28:02",69,-2.9,200,1500,"B"
"SCS","09:23:42",68.2,-3.7,300,1300,"B"
"SCS","09:16:21",71,-0.9,100,1000,"S"
"SCS","09:15:00",71,-0.9,900,900,
