"symbol","time","price","change","vol","total","side"
"STB","14:45:02",27.75,-0.2,1060800,14813300,
"STB","14:29:49",27.8,-0.15,100,13752500,"S"
"STB","14:29:45",27.75,-0.2,500,13752400,"B"
"STB","14:29:41",27.8,-0.15,200,13751900,"S"
"STB","14:29:34",27.8,-0.15,6000,13751700,"S"
"STB","14:29:31",27.8,-0.15,5000,13745700,"S"
"STB","14:29:26",27.8,-0.15,200,13740700,"S"
"STB","14:29:19",27.8,-0.15,100,13740500,"S"
"STB","14:29:10",27.75,-0.2,700,13740400,"B"
"STB","14:29:07",27.8,-0.15,40000,13739700,"S"
"STB","14:29:06",27.8,-0.15,200,13699700,"S"
"STB","14:29:02",27.8,-0.15,100,13699500,"S"
"STB","14:29:01",27.75,-0.2,300,13699400,"B"
"STB","14:28:57",27.8,-0.15,10000,13699100,"S"
"STB","14:28:56",27.8,-0.15,5000,13689100,"S"
"STB","14:28:55",27.8,-0.15,10000,13684100,"S"
"STB","14:28:53",27.8,-0.15,1000,13674100,"S"
"STB","14:28:49",27.8,-0.15,3000,13673100,"S"
"STB","14:28:48",27.8,-0.15,100,13670100,"S"
"STB","14:28:47",27.8,-0.15,2000,13670000,"S"
"STB","14:28:46",27.8,-0.15,100,13668000,"S"
"STB","14:28:41",27.8,-0.15,2000,13667900,"S"
"STB","14:28:41",27.75,-0.2,200,13665900,"B"
"STB","14:28:39",27.8,-0.15,1000,13665700,"S"
"STB","14:28:37",27.8,-0.15,100,13664700,"S"
"STB","14:28:31",27.8,-0.15,100,13664600,"S"
"STB","14:28:28",27.8,-0.15,10000,13664500,"S"
"STB","14:28:25",27.8,-0.15,10000,13654500,"S"
"STB","14:28:24",27.75,-0.2,500,13644500,"B"
"STB","14:28:21",27.8,-0.15,10000,13644000,"S"
"STB","14:28:19",27.8,-0.15,10000,13634000,"S"
"STB","14:28:19",27.8,-0.15,10000,13624000,"S"
"STB","14:28:16",27.8,-0.15,10000,13614000,"S"
"STB","14:28:13",27.75,-0.2,3200,13604000,"B"
"STB","14:28:12",27.75,-0.2,600,13600800,"B"
"STB","14:28:12",27.75,-0.2,3000,13600200,"B"
"STB","14:28:09",27.8,-0.15,200,13597200,"S"
"STB","14:28:03",27.8,-0.15,100,13597000,"S"
"STB","14:28:01",27.75,-0.2,1200,13596900,"B"
"STB","14:27:49",27.75,-0.2,7900,13595700,"B"
"STB","14:27:45",27.8,-0.15,11300,13587800,"B"
"STB","14:27:44",27.8,-0.15,8800,13576500,"B"
"STB","14:27:42",27.8,-0.15,32100,13567700,"B"
"STB","14:27:41",27.8,-0.15,30800,13535600,"B"
"STB","14:27:38",27.8,-0.15,115000,13504800,"B"
"STB","14:27:37",27.8,-0.15,5000,13389800,"B"
"STB","14:27:35",27.8,-0.15,1000,13384800,"B"
"STB","14:27:27",27.8,-0.15,1200,13383800,"B"
"STB","14:27:22",27.8,-0.15,5000,13382600,"B"
"STB","14:27:22",27.8,-0.15,9500,13377600,"B"
"STB","14:27:21",27.8,-0.15,1500,13368100,"B"
"STB","14:27:17",27.8,-0.15,1700,13366600,"B"
"STB","14:27:13",27.8,-0.15,1000,13364900,"B"
"STB","14:27:09",27.8,-0.15,1500,13363900,"B"
"STB","14:27:07",27.8,-0.15,72700,13362400,"B"
"STB","14:27:03",27.8,-0.15,500,13289700,"B"
"STB","14:26:59",27.8,-0.15,50000,13289200,"B"
"STB","14:26:58",27.8,-0.15,10000,13239200,"B"
"STB","14:26:55",27.8,-0.15,2000,13229200,"B"
"STB","14:26:54",27.85,-0.1,200,13227200,"S"
"STB","14:26:52",27.8,-0.15,200,13227000,"B"
"STB","14:26:48",27.8,-0.15,100,13226800,"B"
"STB","14:26:46",27.8,-0.15,2500,13226700,"B"
"STB","14:26:42",27.8,-0.15,18700,13224200,"B"
"STB","14:26:41",27.8,-0.15,100,13205500,"B"
"STB","14:26:37",27.8,-0.15,25000,13205400,"B"
"STB","14:26:36",27.8,-0.15,500,13180400,"B"
"STB","14:26:32",27.8,-0.15,2000,13179900,"B"
"STB","14:26:32",27.8,-0.15,100,13177900,"B"
"STB","14:26:25",27.8,-0.15,1000,13177300,"B"
"STB","14:26:22",27.8,-0.15,1600,13176300,"B"
"STB","14:26:22",27.8,-0.15,500,13174700,"B"
"STB","14:26:20",27.8,-0.15,100,13174200,"B"
"STB","14:26:16",27.8,-0.15,2000,13174100,"B"
"STB","14:26:09",27.8,-0.15,1000,13172100,"B"
"STB","14:26:07",27.8,-0.15,20000,13171100,"B"
"STB","14:26:07",27.8,-0.15,700,13151100,"B"
"STB","14:26:02",27.8,-0.15,6000,13150400,"B"
"STB","14:26:00",27.85,-0.1,100,13144400,"S"
"STB","14:26:00",27.8,-0.15,1500,13144300,"B"
"STB","14:25:55",27.85,-0.1,800,13142800,"S"
"STB","14:25:53",27.8,-0.15,1500,13142000,"B"
"STB","14:25:50",27.8,-0.15,5000,13140500,"B"
"STB","14:25:48",27.8,-0.15,600,13135500,"B"
"STB","14:25:47",27.8,-0.15,1500,13134900,"B"
"STB","14:25:39",27.85,-0.1,1000,13133400,"S"
"STB","14:25:36",27.8,-0.15,5000,13132400,"B"
"STB","14:25:30",27.85,-0.1,1000,13127400,"S"
"STB","14:25:29",27.8,-0.15,1000,13126400,"B"
"STB","14:25:23",27.8,-0.15,7000,13125400,"B"
"STB","14:25:20",27.85,-0.1,5500,13118400,"S"
"STB","14:25:13",27.85,-0.1,100,13112900,"S"
"STB","14:25:06",27.85,-0.1,7000,13112800,"S"
"STB","14:25:04",27.8,-0.15,2000,13105800,"B"
"STB","14:24:51",27.8,-0.15,30000,13103800,"B"
"STB","14:24:40",27.8,-0.15,10000,13073800,"B"
"STB","14:24:37",27.85,-0.1,6000,13063800,"S"
"STB","14:24:35",27.8,-0.15,5000,13057800,"B"
"STB","14:24:30",27.8,-0.15,3000,13052800,"B"
"STB","14:24:25",27.85,-0.1,100,13049800,"S"
"STB","14:24:20",27.85,-0.1,100,13049700,"S"
"STB","14:24:12",27.85,-0.1,22700,13049600,"B"
"STB","14:24:11",27.85,-0.1,7500,13026900,"B"
"STB","14:24:08",27.85,-0.1,13000,13019400,"B"
"STB","14:24:02",27.85,-0.1,17500,13006400,"B"
"STB","14:24:01",27.85,-0.1,34500,12988900,"B"
"STB","14:24:01",27.85,-0.1,40000,12954400,"B"
"STB","14:23:37",27.9,-0.05,100,12914400,"S"
"STB","14:23:25",27.85,-0.1,1500,12914300,"B"
"STB","14:23:18",27.85,-0.1,1500,12912800,"B"
"STB","14:23:14",27.85,-0.1,1500,12911300,"B"
"STB","14:23:07",27.85,-0.1,2000,12909800,"B"
"STB","14:23:02",27.9,-0.05,200,12907800,"S"
"STB","14:22:56",27.85,-0.1,20000,12907600,"B"
"STB","14:22:50",27.9,-0.05,100,12887600,"S"
"STB","14:22:43",27.85,-0.1,300,12887500,"B"
"STB","14:22:21",27.85,-0.1,9000,12887200,"B"
"STB","14:22:18",27.85,-0.1,1500,12878200,"B"
"STB","14:22:09",27.9,-0.05,200,12876700,"S"
"STB","14:22:04",27.85,-0.1,1500,12876500,"B"
"STB","14:22:03",27.9,-0.05,100,12875000,"S"
"STB","14:21:46",27.85,-0.1,600,12874900,"B"
"STB","14:21:32",27.85,-0.1,10000,12874300,"B"
"STB","14:21:21",27.85,-0.1,3000,12864300,"B"
"STB","14:21:15",27.85,-0.1,30000,12861300,"B"
"STB","14:21:15",27.9,-0.05,100,12831300,"S"
"STB","14:21:11",27.85,-0.1,4800,12831200,"B"
"STB","14:21:08",27.85,-0.1,500,12826400,"B"
"STB","14:21:07",27.85,-0.1,10000,12825900,"B"
"STB","14:20:51",27.85,-0.1,2000,12815900,"B"
"STB","14:20:43",27.85,-0.1,6200,12813900,"B"
"STB","14:20:30",27.85,-0.1,600,12807700,"B"
"STB","14:20:28",27.9,-0.05,100,12807100,"S"
"STB","14:20:08",27.85,-0.1,10000,12807000,"B"
"STB","14:19:58",27.9,-0.05,300,12797000,"S"
"STB","14:19:47",27.85,-0.1,100,12796700,"B"
"STB","14:19:40",27.9,-0.05,100,12796600,"S"
"STB","14:19:15",27.85,-0.1,3600,12796500,"B"
"STB","14:19:08",27.85,-0.1,1500,12792900,"B"
"STB","14:19:03",27.85,-0.1,1500,12791400,"B"
"STB","14:19:02",27.85,-0.1,15400,12789900,"S"
"STB","14:18:56",27.85,-0.1,100,12774500,"S"
"STB","14:18:53",27.85,-0.1,100,12774400,"S"
"STB","14:18:52",27.85,-0.1,100,12774300,"S"
"STB","14:18:42",27.9,-0.05,88900,12774200,"S"
"STB","14:18:42",27.85,-0.1,19100,12685300,"S"
"STB","14:18:41",27.85,-0.1,2400,12666200,"B"
"STB","14:18:40",27.85,-0.1,30000,12663800,"B"
"STB","14:18:33",27.85,-0.1,5000,12633800,"B"
"STB","14:18:31",27.85,-0.1,50000,12628800,"B"
"STB","14:18:28",27.85,-0.1,100,12578800,"B"
"STB","14:18:27",27.9,-0.05,7900,12578700,"S"
"STB","14:18:26",27.85,-0.1,900,12570800,"B"
"STB","14:18:25",27.85,-0.1,1500,12569900,"B"
"STB","14:18:24",27.85,-0.1,12000,12568400,"B"
"STB","14:18:19",27.85,-0.1,1500,12556400,"B"
"STB","14:18:15",27.85,-0.1,1500,12554900,"B"
"STB","14:18:08",27.85,-0.1,1500,12553400,"B"
"STB","14:18:06",27.9,-0.05,100,12551900,"S"
"STB","14:18:04",27.85,-0.1,1500,12551800,"B"
"STB","14:18:02",27.85,-0.1,100,12550300,"B"
"STB","14:17:58",27.85,-0.1,1500,12550200,"B"
"STB","14:17:57",27.9,-0.05,7400,12548700,"S"
"STB","14:17:53",27.85,-0.1,1500,12541300,"B"
"STB","14:17:52",27.85,-0.1,5800,12539800,"B"
"STB","14:17:50",27.85,-0.1,500,12534000,"B"
"STB","14:17:50",27.9,-0.05,13500,12533500,"S"
"STB","14:17:49",27.85,-0.1,3000,12520000,"B"
"STB","14:17:46",27.85,-0.1,8000,12517000,"B"
"STB","14:17:45",27.85,-0.1,500,12509000,"B"
"STB","14:17:44",27.85,-0.1,1500,12508500,"B"
"STB","14:17:43",27.85,-0.1,17000,12507000,"B"
"STB","14:17:40",27.85,-0.1,1500,12490000,"B"
"STB","14:17:35",27.85,-0.1,31000,12488500,"B"
"STB","14:17:35",27.9,-0.05,3000,12457500,"S"
"STB","14:17:35",27.85,-0.1,1500,12454500,"B"
"STB","14:17:33",27.85,-0.1,200,12453000,"B"
"STB","14:17:33",27.9,-0.05,5000,12452800,"S"
"STB","14:17:31",27.9,-0.05,2800,12447800,"S"
"STB","14:17:30",27.9,-0.05,5600,12445000,"S"
"STB","14:17:29",27.85,-0.1,1500,12439400,"B"
"STB","14:17:24",27.85,-0.1,1500,12437900,"B"
"STB","14:17:20",27.85,-0.1,1500,12436400,"B"
"STB","14:17:18",27.9,-0.05,100,12434900,"S"
"STB","14:17:14",27.85,-0.1,1500,12434800,"B"
"STB","14:17:08",27.85,-0.1,1500,12433300,"B"
"STB","14:17:08",27.9,-0.05,100,12431800,"S"
"STB","14:17:04",27.85,-0.1,1500,12431700,"B"
"STB","14:16:59",27.85,-0.1,1500,12430200,"B"
"STB","14:16:56",27.85,-0.1,2000,12428700,"B"
"STB","14:16:55",27.9,-0.05,5000,12426700,"S"
"STB","14:16:54",27.85,-0.1,1500,12421700,"B"
"STB","14:16:50",27.85,-0.1,100,12420200,"B"
"STB","14:16:48",27.85,-0.1,1500,12420100,"B"
"STB","14:16:48",27.9,-0.05,500,12418600,"S"
"STB","14:16:48",27.9,-0.05,1500,12418100,"S"
"STB","14:16:42",27.85,-0.1,1500,12416600,"B"
"STB","14:16:41",27.9,-0.05,1000,12415100,"S"
"STB","14:16:34",27.9,-0.05,900,12414100,"S"
"STB","14:16:31",27.9,-0.05,100,12413200,"S"
"STB","14:16:25",27.9,-0.05,5100,12413100,"S"
"STB","14:16:18",27.9,-0.05,100,12408000,"S"
"STB","14:16:02",27.9,-0.05,5000,12407900,"S"
"STB","14:15:43",27.9,-0.05,100,12402900,"S"
"STB","14:15:40",27.9,-0.05,500,12402800,"S"
"STB","14:15:01",27.9,-0.05,2200,12402300,"S"
"STB","14:14:56",27.9,-0.05,100,12400100,"S"
"STB","14:14:52",27.9,-0.05,400,12400000,"S"
"STB","14:14:09",27.9,-0.05,200,12399600,"S"
"STB","14:14:08",27.9,-0.05,100,12399400,"S"
"STB","14:13:51",27.9,-0.05,1000,12399300,"S"
"STB","14:13:44",27.9,-0.05,1000,12398300,"S"
"STB","14:13:26",27.9,-0.05,1000,12397300,"S"
"STB","14:13:24",27.9,-0.05,300,12396300,"S"
"STB","14:13:23",27.9,-0.05,2700,12396000,"S"
"STB","14:13:21",27.9,-0.05,100,12393300,"S"
"STB","14:13:20",27.9,-0.05,700,12393200,"S"
"STB","14:13:10",27.9,-0.05,2000,12392500,"S"
"STB","14:13:09",27.85,-0.1,14000,12390500,"B"
"STB","14:13:06",27.9,-0.05,200,12376500,"S"
"STB","14:13:01",27.9,-0.05,3000,12376300,"S"
"STB","14:12:52",27.9,-0.05,2000,12373300,"S"
"STB","14:12:34",27.9,-0.05,100,12371300,"S"
"STB","14:12:32",27.85,-0.1,8600,12371200,"B"
"STB","14:12:32",27.9,-0.05,100,12362600,"S"
"STB","14:11:57",27.85,-0.1,3900,12362500,"B"
"STB","14:11:46",27.9,-0.05,100,12358600,"S"
"STB","14:11:39",27.85,-0.1,1500,12358500,"B"
"STB","14:11:31",27.9,-0.05,100,12357000,"S"
"STB","14:11:21",27.9,-0.05,400,12356900,"S"
"STB","14:11:15",27.9,-0.05,300,12356500,"S"
"STB","14:11:11",27.9,-0.05,100,12356200,"S"
"STB","14:10:59",27.9,-0.05,100,12356100,"S"
"STB","14:10:55",27.85,-0.1,1500,12356000,"B"
"STB","14:10:54",27.9,-0.05,5000,12354500,"S"
"STB","14:10:33",27.85,-0.1,1600,12349500,"B"
"STB","14:10:33",27.85,-0.1,1500,12347900,"B"
"STB","14:10:31",27.9,-0.05,500,12346400,"S"
"STB","14:10:30",27.9,-0.05,2400,12345900,"S"
"STB","14:10:29",27.9,-0.05,2600,12343500,"S"
"STB","14:10:29",27.85,-0.1,1500,12340900,"B"
"STB","14:10:29",27.9,-0.05,1000,12339400,"S"
"STB","14:10:15",27.9,-0.05,100,12338400,"S"
"STB","14:10:11",27.9,-0.05,100,12338300,"S"
"STB","14:09:47",27.85,-0.1,500,12338200,"B"
"STB","14:09:43",27.9,-0.05,200,12337700,"S"
"STB","14:09:42",27.9,-0.05,5000,12337500,"S"
"STB","14:09:38",27.9,-0.05,500,12332500,"S"
"STB","14:09:37",27.9,-0.05,200,12332000,"S"
"STB","14:09:27",27.9,-0.05,500,12331800,"S"
"STB","14:09:24",27.9,-0.05,100,12331300,"S"
"STB","14:09:20",27.9,-0.05,5000,12331200,"S"
"STB","14:09:18",27.9,-0.05,1700,12326200,"S"
"STB","14:09:11",27.9,-0.05,200,12324500,"S"
"STB","14:09:10",27.9,-0.05,300,12324300,"S"
"STB","14:09:05",27.9,-0.05,400,12324000,"S"
"STB","14:09:01",27.9,-0.05,5300,12323600,"S"
"STB","14:08:52",27.9,-0.05,200,12318300,"S"
"STB","14:08:48",27.9,-0.05,5000,12318100,"S"
"STB","14:08:40",27.9,-0.05,2200,12313100,"S"
"STB","14:08:37",27.9,-0.05,100,12310900,"S"
"STB","14:08:06",27.9,-0.05,500,12310800,"S"
"STB","14:08:00",27.9,-0.05,200,12310300,"S"
"STB","14:07:58",27.9,-0.05,300,12310100,"S"
"STB","14:07:53",27.9,-0.05,200,12309800,"S"
"STB","14:07:49",27.9,-0.05,100,12309600,"S"
"STB","14:07:27",27.9,-0.05,2000,12309500,"S"
"STB","14:07:23",27.9,-0.05,1000,12307500,"B"
"STB","14:07:19",27.9,-0.05,30000,12306500,"B"
"STB","14:07:02",27.95,0,100,12276500,"S"
"STB","14:06:53",27.95,0,3000,12276400,"S"
"STB","14:06:36",27.95,0,1500,12273400,"S"
"STB","14:06:29",27.9,-0.05,500,12271900,"B"
"STB","14:06:18",27.9,-0.05,700,12271400,"B"
"STB","14:06:14",27.95,0,100,12270700,"S"
"STB","14:06:01",27.9,-0.05,5200,12270600,"S"
"STB","14:05:59",27.9,-0.05,5000,12265400,"S"
"STB","14:05:58",27.9,-0.05,10000,12260400,"S"
"STB","14:05:55",27.9,-0.05,10000,12250400,"S"
"STB","14:05:55",27.9,-0.05,1000,12240400,"S"
"STB","14:05:54",27.9,-0.05,500,12239400,"S"
"STB","14:05:52",27.9,-0.05,10000,12238900,"S"
"STB","14:05:48",27.9,-0.05,300,12228900,"S"
"STB","14:05:43",27.9,-0.05,7400,12228600,"S"
"STB","14:05:39",27.9,-0.05,300,12221200,"S"
"STB","14:05:37",27.95,0,13500,12220900,"S"
"STB","14:05:34",27.95,0,103300,12207400,"S"
"STB","14:05:34",27.9,-0.05,4700,12104100,"S"
"STB","14:05:27",27.9,-0.05,100,12099400,"S"
"STB","14:05:26",27.9,-0.05,1200,12099300,"B"
"STB","14:05:16",27.9,-0.05,35000,12098100,"B"
"STB","14:05:11",27.9,-0.05,1500,12063100,"B"
"STB","14:04:57",27.9,-0.05,1500,12061600,"B"
"STB","14:04:51",27.9,-0.05,1500,12060100,"B"
"STB","14:04:47",27.9,-0.05,1500,12058600,"B"
"STB","14:04:40",27.9,-0.05,1500,12057100,"B"
"STB","14:04:40",27.95,0,100,12055600,"S"
"STB","14:04:36",27.9,-0.05,1500,12055500,"B"
"STB","14:04:30",27.9,-0.05,1500,12054000,"B"
"STB","14:04:28",27.9,-0.05,20000,12042500,"B"
"STB","14:04:24",27.9,-0.05,1500,12022500,"B"
"STB","14:04:22",27.9,-0.05,1500,12021000,"B"
"STB","14:04:16",27.95,0,5600,12019500,"S"
"STB","14:04:15",27.9,-0.05,1500,12013900,"B"
"STB","14:04:15",27.95,0,300,12012400,"S"
"STB","14:04:11",27.9,-0.05,1500,12012100,"B"
"STB","14:04:10",27.95,0,7300,12010600,"S"
"STB","14:04:10",27.95,0,100700,12003300,"S"
"STB","14:04:07",27.9,-0.05,10000,11902600,"B"
"STB","14:04:05",27.9,-0.05,1500,11892600,"B"
"STB","14:04:04",27.95,0,5000,11891100,"S"
"STB","14:03:59",27.9,-0.05,1500,11886100,"B"
"STB","14:03:54",27.9,-0.05,1500,11884600,"B"
"STB","14:03:52",27.95,0,100,11883100,"S"
"STB","14:03:50",27.9,-0.05,1100,11883000,"B"
"STB","14:03:45",27.9,-0.05,100,11881900,"B"
"STB","14:03:44",27.95,0,200,11881800,"S"
"STB","14:03:43",27.9,-0.05,1500,11881600,"B"
"STB","14:03:39",27.9,-0.05,1500,11880100,"B"
"STB","14:03:26",27.9,-0.05,10000,11878600,"B"
"STB","14:03:15",27.95,0,13500,11868600,"S"
"STB","14:03:11",27.9,-0.05,1500,11855100,"B"
"STB","14:03:09",27.95,0,20000,11853600,"S"
"STB","14:03:08",27.95,0,1000,11833600,"S"
"STB","14:03:05",27.95,0,100,11832600,"S"
"STB","14:02:49",27.95,0,1000,11832500,"S"
"STB","14:02:42",27.95,0,100,11831500,"S"
"STB","14:02:17",27.95,0,100,11831400,"S"
"STB","14:02:10",27.9,-0.05,10000,11831300,"B"
"STB","14:02:00",27.95,0,7900,11821300,"S"
"STB","14:01:58",27.95,0,3100,11813400,"S"
"STB","14:01:41",27.95,0,7400,11810300,"S"
"STB","14:01:36",27.95,0,200,11802900,"S"
"STB","14:01:30",27.95,0,100,11802700,"S"
"STB","14:01:28",27.9,-0.05,100,11802600,"B"
"STB","14:01:18",27.9,-0.05,200,11802500,"B"
"STB","14:01:17",27.9,-0.05,2800,11802300,"B"
"STB","14:01:13",27.9,-0.05,1500,11799500,"B"
"STB","14:01:10",27.95,0,5000,11798000,"S"
"STB","14:01:08",27.95,0,5800,11793000,"S"
"STB","14:01:08",27.9,-0.05,1500,11787200,"B"
"STB","14:01:03",27.9,-0.05,2300,11785700,"B"
"STB","14:01:03",27.9,-0.05,7100,11783400,"B"
"STB","14:00:57",27.9,-0.05,31500,11776300,"B"
"STB","14:00:49",27.9,-0.05,1500,11744800,"B"
"STB","14:00:45",27.9,-0.05,200,11743300,"B"
"STB","14:00:45",27.9,-0.05,1500,11743100,"B"
"STB","14:00:44",27.9,-0.05,4700,11741600,"B"
"STB","14:00:42",27.95,0,100,11736900,"S"
"STB","14:00:38",27.9,-0.05,1500,11736800,"B"
"STB","14:00:28",27.9,-0.05,3900,11735300,"B"
"STB","14:00:28",27.95,0,100,11731400,"S"
"STB","14:00:23",27.9,-0.05,10000,11731300,"B"
"STB","13:59:55",27.9,-0.05,2600,11721300,"B"
"STB","13:59:55",27.95,0,100,11718700,"S"
"STB","13:59:32",27.9,-0.05,2000,11718600,"B"
"STB","13:59:17",27.9,-0.05,3800,11716600,"B"
"STB","13:59:08",27.95,0,10100,11712800,"S"
"STB","13:59:07",27.9,-0.05,2000,11702700,"B"
"STB","13:58:57",27.95,0,100,11700700,"S"
"STB","13:58:43",27.9,-0.05,4000,11700600,"B"
"STB","13:58:20",27.95,0,100,11696600,"S"
"STB","13:58:18",27.95,0,400,11696500,"S"
"STB","13:58:16",27.9,-0.05,1900,11696100,"B"
"STB","13:58:09",27.9,-0.05,1700,11694200,"B"
"STB","13:57:58",27.9,-0.05,100,11692500,"B"
"STB","13:57:43",27.9,-0.05,5000,11692400,"B"
"STB","13:57:33",27.9,-0.05,500,11687400,"B"
"STB","13:57:33",27.95,0,100,11686900,"S"
"STB","13:57:29",27.9,-0.05,700,11686800,"S"
"STB","13:57:25",27.9,-0.05,300,11686100,"B"
"STB","13:57:16",27.9,-0.05,8700,11685800,"S"
"STB","13:57:03",27.9,-0.05,1500,11677100,"S"
"STB","13:56:58",27.9,-0.05,2000,11675600,"S"
"STB","13:56:57",27.9,-0.05,3200,11673600,"S"
"STB","13:56:57",27.9,-0.05,1200,11670400,"S"
"STB","13:56:54",27.9,-0.05,5000,11669200,"S"
"STB","13:56:50",27.9,-0.05,2000,11664200,"S"
"STB","13:56:49",27.9,-0.05,400,11662200,"S"
"STB","13:56:47",27.9,-0.05,10000,11661800,"S"
"STB","13:56:44",27.9,-0.05,25100,11651800,"S"
"STB","13:56:26",27.85,-0.1,1200,11626700,"B"
"STB","13:56:24",27.85,-0.1,3300,11625500,"B"
"STB","13:56:24",27.9,-0.05,3100,11622200,"S"
"STB","13:56:22",27.85,-0.1,2500,11619100,"B"
"STB","13:55:58",27.9,-0.05,100,11616600,"S"
"STB","13:55:56",27.85,-0.1,3200,11616500,"B"
"STB","13:55:38",27.9,-0.05,3100,11613300,"B"
"STB","13:55:38",27.9,-0.05,1000,11610200,"B"
"STB","13:55:29",27.9,-0.05,2300,11609200,"B"
"STB","13:55:26",27.9,-0.05,5700,11606900,"B"
"STB","13:55:23",27.9,-0.05,5000,11601200,"B"
"STB","13:55:11",27.9,-0.05,1000,11596200,"B"
"STB","13:55:10",27.95,0,100,11595200,"S"
"STB","13:55:09",27.9,-0.05,2100,11595100,"B"
"STB","13:54:58",27.95,0,900,11593000,"S"
"STB","13:54:55",27.9,-0.05,1000,11592100,"B"
"STB","13:54:52",27.9,-0.05,1600,11591100,"B"
"STB","13:54:38",27.9,-0.05,1600,11589500,"B"
"STB","13:54:23",27.95,0,100,11587900,"S"
"STB","13:54:19",27.9,-0.05,9000,11587800,"B"
"STB","13:54:12",27.9,-0.05,200,11578800,"B"
"STB","13:54:11",27.95,0,100,11578600,"S"
"STB","13:53:45",27.9,-0.05,100,11578500,"B"
"STB","13:53:36",27.95,0,100,11578400,"S"
"STB","13:53:33",27.9,-0.05,1000,11578300,"B"
"STB","13:53:29",27.9,-0.05,500,11577300,"B"
"STB","13:53:17",27.9,-0.05,57800,11576800,"S"
"STB","13:53:16",27.9,-0.05,18500,11519000,"S"
"STB","13:53:15",27.85,-0.1,300,11500500,"B"
"STB","13:53:06",27.85,-0.1,500,11499200,"B"
"STB","13:53:05",27.85,-0.1,2100,11498700,"B"
"STB","13:52:59",27.85,-0.1,1000,11496600,"B"
"STB","13:52:48",27.85,-0.1,1800,11495600,"B"
"STB","13:52:48",27.9,-0.05,100,11493800,"S"
"STB","13:52:37",27.85,-0.1,100,11493700,"S"
"STB","13:52:34",27.9,-0.05,32100,11493600,"S"
"STB","13:52:34",27.85,-0.1,7900,11461500,"S"
"STB","13:52:32",27.8,-0.15,1700,11453600,"B"
"STB","13:52:32",27.85,-0.1,200,11451900,"S"
"STB","13:52:30",27.85,-0.1,500,11451700,"S"
"STB","13:52:29",27.85,-0.1,500,11451200,"S"
"STB","13:52:19",27.85,-0.1,400,11450700,"S"
"STB","13:52:13",27.85,-0.1,200,11450300,"S"
"STB","13:52:09",27.85,-0.1,10000,11450100,"S"
"STB","13:52:06",27.85,-0.1,1500,11440100,"S"
"STB","13:52:02",27.85,-0.1,1800,11438600,"S"
"STB","13:52:01",27.85,-0.1,100,11436800,"S"
"STB","13:51:58",27.8,-0.15,2000,11436700,"B"
"STB","13:51:57",27.85,-0.1,500,11434700,"S"
"STB","13:51:48",27.85,-0.1,3000,11434200,"S"
"STB","13:51:41",27.8,-0.15,3300,11431200,"B"
"STB","13:51:38",27.85,-0.1,500,11427900,"S"
"STB","13:51:30",27.85,-0.1,10000,11427400,"S"
"STB","13:51:28",27.8,-0.15,400,11417400,"B"
"STB","13:51:27",27.85,-0.1,10300,11417000,"S"
"STB","13:51:25",27.8,-0.15,1000,11406700,"B"
"STB","13:51:22",27.85,-0.1,1000,11405700,"S"
"STB","13:51:13",27.8,-0.15,2100,11404700,"B"
"STB","13:51:13",27.85,-0.1,100,11402600,"S"
"STB","13:51:13",27.8,-0.15,20000,11402500,"B"
"STB","13:51:01",27.85,-0.1,1000,11382500,"S"
"STB","13:51:00",27.8,-0.15,1600,11381500,"B"
"STB","13:50:46",27.8,-0.15,1500,11379900,"B"
"STB","13:50:38",27.85,-0.1,3100,11378400,"S"
"STB","13:50:33",27.8,-0.15,3000,11375300,"B"
"STB","13:50:27",27.85,-0.1,3700,11372300,"S"
"STB","13:50:27",27.8,-0.15,1000,11368600,"B"
"STB","13:50:26",27.8,-0.15,17500,11367600,"B"
"STB","13:50:26",27.85,-0.1,100,11350100,"S"
"STB","13:50:07",27.8,-0.15,1400,11350000,"B"
"STB","13:50:04",27.85,-0.1,100,11348600,"S"
"STB","13:49:55",27.8,-0.15,5300,11348500,"B"
"STB","13:49:40",27.85,-0.1,2000,11343200,"S"
"STB","13:49:38",27.85,-0.1,100,11341200,"S"
"STB","13:49:09",27.8,-0.15,1200,11341100,"B"
"STB","13:48:59",27.8,-0.15,1400,11339900,"B"
"STB","13:48:57",27.85,-0.1,500,11338500,"S"
"STB","13:48:54",27.85,-0.1,6200,11338000,"B"
"STB","13:48:54",27.9,-0.05,2000,11331800,"S"
"STB","13:48:51",27.9,-0.05,100,11329800,"S"
"STB","13:48:51",27.85,-0.1,3800,11329700,"S"
"STB","13:48:48",27.85,-0.1,1000,11325900,"S"
"STB","13:48:46",27.85,-0.1,300,11324900,"S"
"STB","13:48:44",27.85,-0.1,700,11324600,"B"
"STB","13:48:43",27.85,-0.1,1800,11323900,"B"
"STB","13:48:41",27.85,-0.1,6700,11322100,"B"
"STB","13:48:39",27.85,-0.1,2000,11315400,"B"
"STB","13:48:37",27.9,-0.05,200,11313400,"S"
"STB","13:48:37",27.85,-0.1,8900,11313200,"S"
"STB","13:48:24",27.85,-0.1,100,11304300,"S"
"STB","13:48:21",27.85,-0.1,1200,11304200,"B"
"STB","13:48:19",27.85,-0.1,500,11303000,"B"
"STB","13:48:18",27.85,-0.1,2300,11302500,"S"
"STB","13:48:15",27.8,-0.15,1300,11300200,"B"
"STB","13:48:12",27.85,-0.1,100,11298900,"B"
"STB","13:48:10",27.85,-0.1,100000,11298800,"B"
"STB","13:48:03",27.85,-0.1,3500,11198800,"B"
"STB","13:47:59",27.85,-0.1,12500,11195300,"B"
"STB","13:47:55",27.9,-0.05,1000,11182800,"S"
"STB","13:47:54",27.85,-0.1,1000,11181800,"B"
"STB","13:47:47",27.85,-0.1,4600,11180800,"B"
"STB","13:47:46",27.85,-0.1,100,11176200,"B"
"STB","13:47:46",27.85,-0.1,100,11176100,"B"
"STB","13:47:38",27.85,-0.1,100,11176000,"B"
"STB","13:47:32",27.85,-0.1,2400,11175900,"B"
"STB","13:47:20",27.9,-0.05,400,11173500,"S"
"STB","13:47:14",27.9,-0.05,5100,11173100,"S"
"STB","13:47:12",27.85,-0.1,4800,11168000,"B"
"STB","13:47:00",27.9,-0.05,2100,11163200,"S"
"STB","13:46:43",27.85,-0.1,17000,11161100,"B"
"STB","13:46:31",27.85,-0.1,1400,11144100,"B"
"STB","13:46:26",27.85,-0.1,1000,11142700,"B"
"STB","13:46:19",27.85,-0.1,1700,11141700,"B"
"STB","13:46:04",27.85,-0.1,2400,11140000,"B"
"STB","13:46:00",27.85,-0.1,3000,11137600,"B"
"STB","13:45:59",27.9,-0.05,100,11134600,"S"
"STB","13:45:44",27.85,-0.1,3000,11134500,"B"
"STB","13:45:22",27.85,-0.1,200,11131500,"B"
"STB","13:45:18",27.85,-0.1,1700,11131300,"B"
"STB","13:45:04",27.85,-0.1,2600,11129600,"B"
"STB","13:44:42",27.85,-0.1,2700,11127000,"B"
"STB","13:44:40",27.85,-0.1,300,11124300,"B"
"STB","13:44:39",27.85,-0.1,100,11124000,"B"
"STB","13:44:29",27.85,-0.1,4000,11123900,"B"
"STB","13:44:19",27.85,-0.1,2600,11119900,"B"
"STB","13:44:18",27.85,-0.1,1200,11117300,"B"
"STB","13:44:17",27.85,-0.1,200,11116100,"B"
"STB","13:43:56",27.85,-0.1,2200,11115900,"B"
"STB","13:43:39",27.85,-0.1,2500,11113700,"B"
"STB","13:43:39",27.9,-0.05,300,11111200,"S"
"STB","13:43:22",27.9,-0.05,700,11110900,"S"
"STB","13:43:17",27.85,-0.1,1500,11110200,"B"
"STB","13:43:09",27.9,-0.05,1000,11108700,"S"
"STB","13:43:06",27.9,-0.05,400,11107700,"S"
"STB","13:43:05",27.85,-0.1,1600,11107300,"B"
"STB","13:43:01",27.9,-0.05,100,11105700,"S"
"STB","13:42:51",27.85,-0.1,1700,11105600,"B"
"STB","13:42:42",27.9,-0.05,10000,11103900,"S"
"STB","13:42:37",27.85,-0.1,2000,11093900,"B"
"STB","13:42:24",27.9,-0.05,14100,11091900,"S"
"STB","13:42:19",27.85,-0.1,2000,11077800,"B"
"STB","13:42:06",27.9,-0.05,2500,11075800,"S"
"STB","13:42:02",27.85,-0.1,5300,11073300,"B"
"STB","13:41:48",27.85,-0.1,1000,11068000,"B"
"STB","13:41:42",27.85,-0.1,40000,11067000,"B"
"STB","13:41:36",27.85,-0.1,3300,11027000,"B"
"STB","13:41:34",27.85,-0.1,1000,11023700,"B"
"STB","13:41:33",27.85,-0.1,2000,11022700,"B"
"STB","13:41:19",27.9,-0.05,200,11020700,"S"
"STB","13:41:17",27.85,-0.1,2300,11020500,"B"
"STB","13:41:13",27.85,-0.1,10000,11018200,"B"
"STB","13:41:11",27.85,-0.1,100,11008200,"B"
"STB","13:41:03",27.85,-0.1,3900,11008100,"S"
"STB","13:40:57",27.85,-0.1,100,11004200,"S"
"STB","13:40:37",27.9,-0.05,2000,11004100,"S"
"STB","13:40:37",27.85,-0.1,1000,11002100,"S"
"STB","13:40:34",27.85,-0.1,49200,11001100,"B"
"STB","13:40:33",27.85,-0.1,700,10951900,"B"
"STB","13:40:29",27.85,-0.1,34400,10951200,"B"
"STB","13:40:26",27.85,-0.1,2400,10916800,"B"
"STB","13:40:22",27.85,-0.1,1800,10914400,"B"
"STB","13:40:21",27.9,-0.05,10000,10912600,"S"
"STB","13:40:04",27.85,-0.1,300,10902600,"B"
"STB","13:39:54",27.85,-0.1,1100,10902300,"B"
"STB","13:39:52",27.85,-0.1,100,10901200,"B"
"STB","13:39:40",27.85,-0.1,300,10901100,"B"
"STB","13:39:40",27.85,-0.1,2000,10900800,"B"
"STB","13:39:05",27.85,-0.1,2000,10898800,"B"
"STB","13:39:05",27.85,-0.1,400,10896800,"B"
"STB","13:38:50",27.85,-0.1,2000,10896400,"B"
"STB","13:38:46",27.85,-0.1,100,10894400,"B"
"STB","13:38:40",27.85,-0.1,16900,10894300,"S"
"STB","13:38:39",27.85,-0.1,15400,10877400,"S"
"STB","13:38:32",27.85,-0.1,6000,10862000,"S"
"STB","13:38:29",27.8,-0.15,3000,10856000,"B"
"STB","13:38:25",27.85,-0.1,100,10853000,"S"
"STB","13:38:12",27.85,-0.1,100,10852900,"S"
"STB","13:38:10",27.85,-0.1,2000,10852800,"S"
"STB","13:38:09",27.85,-0.1,500,10850800,"S"
"STB","13:38:08",27.85,-0.1,100,10850300,"S"
"STB","13:38:07",27.85,-0.1,8600,10850200,"S"
"STB","13:37:43",27.85,-0.1,100,10841600,"S"
"STB","13:37:38",27.85,-0.1,3200,10841500,"B"
"STB","13:37:20",27.85,-0.1,3000,10838300,"S"
"STB","13:37:17",27.85,-0.1,5000,10835300,"S"
"STB","13:37:15",27.85,-0.1,1000,10830300,"S"
"STB","13:37:09",27.85,-0.1,2000,10829300,"S"
"STB","13:37:01",27.85,-0.1,2000,10827300,"S"
"STB","13:36:59",27.85,-0.1,1500,10825300,"S"
"STB","13:36:32",27.85,-0.1,8000,10823800,"S"
"STB","13:36:26",27.85,-0.1,11200,10815800,"B"
"STB","13:36:22",27.85,-0.1,400,10804600,"B"
"STB","13:36:14",27.85,-0.1,20000,10804200,"B"
"STB","13:35:46",27.9,-0.05,100,10784200,"S"
"STB","13:35:35",27.85,-0.1,5100,10784100,"B"
"STB","13:35:13",27.85,-0.1,200,10779000,"B"
"STB","13:35:10",27.85,-0.1,2500,10778800,"S"
"STB","13:35:08",27.85,-0.1,300,10776300,"S"
"STB","13:35:01",27.85,-0.1,27200,10776000,"B"
"STB","13:34:51",27.85,-0.1,2700,10748800,"B"
"STB","13:34:49",27.85,-0.1,5000,10746100,"B"
"STB","13:34:39",27.85,-0.1,29600,10741100,"B"
"STB","13:34:35",27.85,-0.1,1500,10711500,"B"
"STB","13:34:34",27.85,-0.1,300,10710000,"B"
"STB","13:34:28",27.85,-0.1,2000,10709700,"B"
"STB","13:34:27",27.85,-0.1,500,10707700,"B"
"STB","13:34:24",27.85,-0.1,4000,10707200,"B"
"STB","13:34:23",27.85,-0.1,46000,10703200,"B"
"STB","13:34:17",27.9,-0.05,100,10657200,"S"
"STB","13:34:16",27.85,-0.1,1000,10657100,"B"
"STB","13:34:13",27.85,-0.1,300,10656100,"B"
"STB","13:34:10",27.85,-0.1,2100,10655800,"B"
"STB","13:33:57",27.85,-0.1,100,10653700,"B"
"STB","13:33:55",27.85,-0.1,2000,10653600,"B"
"STB","13:33:53",27.85,-0.1,2100,10651600,"B"
"STB","13:33:50",27.85,-0.1,1100,10649500,"B"
"STB","13:33:38",27.85,-0.1,1000,10648400,"B"
"STB","13:33:36",27.9,-0.05,200,10647400,"S"
"STB","13:33:35",27.85,-0.1,1900,10647200,"B"
"STB","13:33:34",27.85,-0.1,4000,10645300,"B"
"STB","13:33:33",27.85,-0.1,5000,10641300,"B"
"STB","13:33:18",27.85,-0.1,1900,10636300,"B"
"STB","13:33:13",27.85,-0.1,200,10634400,"B"
"STB","13:33:11",27.85,-0.1,100,10634200,"B"
"STB","13:33:02",27.85,-0.1,3000,10634100,"B"
"STB","13:32:57",27.85,-0.1,2000,10631100,"B"
"STB","13:32:56",27.9,-0.05,100,10629100,"S"
"STB","13:32:49",27.85,-0.1,600,10629000,"B"
"STB","13:32:48",27.85,-0.1,100,10628400,"B"
"STB","13:32:37",27.85,-0.1,500,10628300,"B"
"STB","13:32:36",27.85,-0.1,2300,10627800,"B"
"STB","13:32:26",27.85,-0.1,100,10625500,"B"
"STB","13:32:17",27.85,-0.1,2500,10625400,"B"
"STB","13:32:16",27.85,-0.1,100,10622900,"B"
"STB","13:32:04",27.85,-0.1,100,10622800,"B"
"STB","13:31:56",27.85,-0.1,2500,10622700,"B"
"STB","13:31:43",27.85,-0.1,14000,10620200,"B"
"STB","13:31:34",27.85,-0.1,2000,10606200,"B"
"STB","13:31:29",27.85,-0.1,300,10604200,"B"
"STB","13:31:17",27.85,-0.1,1200,10603900,"B"
"STB","13:31:07",27.85,-0.1,2700,10602700,"B"
"STB","13:31:04",27.85,-0.1,100,10600000,"B"
"STB","13:30:54",27.85,-0.1,200,10599900,"B"
"STB","13:30:43",27.85,-0.1,2400,10599700,"B"
"STB","13:30:39",27.85,-0.1,1000,10597300,"B"
"STB","13:30:25",27.85,-0.1,100,10596300,"B"
"STB","13:30:23",27.85,-0.1,2400,10596200,"B"
"STB","13:30:19",27.85,-0.1,1000,10593800,"B"
"STB","13:30:02",27.85,-0.1,2300,10592800,"B"
"STB","13:29:08",27.85,-0.1,1500,10590500,"B"
"STB","13:29:05",27.85,-0.1,28500,10589000,"S"
"STB","13:29:04",27.85,-0.1,5000,10560500,"S"
"STB","13:28:56",27.85,-0.1,100,10555500,"S"
"STB","13:28:55",27.85,-0.1,100,10555400,"S"
"STB","13:28:54",27.8,-0.15,1400,10555300,"B"
"STB","13:28:49",27.85,-0.1,1000,10553900,"S"
"STB","13:28:46",27.85,-0.1,33000,10552900,"S"
"STB","13:28:42",27.8,-0.15,1100,10519900,"B"
"STB","13:28:35",27.85,-0.1,600,10518800,"S"
"STB","13:28:34",27.85,-0.1,10500,10518200,"S"
"STB","13:28:33",27.8,-0.15,1400,10507700,"B"
"STB","13:28:29",27.85,-0.1,5000,10506300,"S"
"STB","13:28:26",27.85,-0.1,100,10501300,"S"
"STB","13:28:24",27.8,-0.15,1500,10501200,"B"
"STB","13:28:22",27.85,-0.1,17000,10499700,"S"
"STB","13:28:21",27.8,-0.15,1900,10482700,"B"
"STB","13:28:15",27.8,-0.15,2000,10480800,"B"
"STB","13:28:09",27.8,-0.15,500,10478800,"B"
"STB","13:28:08",27.85,-0.1,5100,10478300,"S"
"STB","13:28:05",27.8,-0.15,1200,10473200,"B"
"STB","13:27:55",27.85,-0.1,300,10472000,"S"
"STB","13:27:53",27.8,-0.15,1300,10471700,"B"
"STB","13:27:45",27.85,-0.1,10100,10470400,"S"
"STB","13:27:43",27.85,-0.1,1000,10460300,"S"
"STB","13:27:43",27.8,-0.15,1500,10459300,"B"
"STB","13:27:39",27.85,-0.1,500,10457800,"S"
"STB","13:27:34",27.85,-0.1,1000,10457300,"S"
"STB","13:27:31",27.85,-0.1,1000,10456300,"S"
"STB","13:27:23",27.85,-0.1,29000,10455300,"B"
"STB","13:27:18",27.85,-0.1,1300,10426300,"B"
"STB","13:27:15",27.85,-0.1,76600,10425000,"B"
"STB","13:27:14",27.85,-0.1,13400,10348400,"B"
"STB","13:27:11",27.85,-0.1,5000,10335000,"B"
"STB","13:27:08",27.85,-0.1,5000,10330000,"B"
"STB","13:27:07",27.85,-0.1,1200,10325000,"B"
"STB","13:26:57",27.85,-0.1,1100,10323800,"B"
"STB","13:26:53",27.85,-0.1,94500,10322700,"B"
"STB","13:26:47",27.85,-0.1,1100,10228200,"B"
"STB","13:26:39",27.9,-0.05,400,10227100,"S"
"STB","13:26:38",27.85,-0.1,1600,10226700,"B"
"STB","13:26:27",27.9,-0.05,500,10225100,"S"
"STB","13:26:24",27.85,-0.1,1600,10224600,"B"
"STB","13:26:15",27.9,-0.05,2000,10223000,"S"
"STB","13:26:10",27.85,-0.1,1500,10221000,"B"
"STB","13:25:59",27.85,-0.1,1600,10219500,"B"
"STB","13:25:57",27.85,-0.1,3100,10217900,"B"
"STB","13:25:50",27.9,-0.05,100,10214800,"S"
"STB","13:25:46",27.85,-0.1,1400,10214700,"B"
"STB","13:25:34",27.85,-0.1,1300,10213300,"B"
"STB","13:25:33",27.85,-0.1,2000,10212000,"B"
"STB","13:25:26",27.85,-0.1,2000,10210000,"B"
"STB","13:25:24",27.85,-0.1,1200,10208000,"B"
"STB","13:25:18",27.85,-0.1,3000,10206800,"B"
"STB","13:25:13",27.85,-0.1,5000,10203800,"B"
"STB","13:25:13",27.85,-0.1,1300,10198800,"B"
"STB","13:25:02",27.85,-0.1,1400,10197500,"B"
"STB","13:24:57",27.9,-0.05,200,10196100,"S"
"STB","13:24:36",27.85,-0.1,2000,10195900,"B"
"STB","13:24:13",27.9,-0.05,100,10193900,"S"
"STB","13:24:03",27.9,-0.05,24000,10193800,"S"
"STB","13:23:42",27.85,-0.1,1000,10169800,"B"
"STB","13:23:40",27.85,-0.1,2000,10168800,"B"
"STB","13:23:30",27.85,-0.1,1000,10166800,"B"
"STB","13:23:28",27.85,-0.1,11600,10165800,"B"
"STB","13:23:17",27.85,-0.1,11000,10154200,"B"
"STB","13:23:08",27.85,-0.1,1000,10143200,"B"
"STB","13:23:02",27.85,-0.1,7800,10142200,"B"
"STB","13:22:57",27.85,-0.1,2000,10134400,"B"
"STB","13:22:00",27.85,-0.1,400,10132400,"B"
"STB","13:21:50",27.85,-0.1,15000,10132000,"B"
"STB","13:21:23",27.9,-0.05,100,10117000,"S"
"STB","13:21:19",27.9,-0.05,100,10116900,"S"
"STB","13:21:16",27.9,-0.05,100,10116800,"S"
"STB","13:21:12",27.9,-0.05,1000,10116700,"S"
"STB","13:20:31",27.9,-0.05,200,10115700,"S"
"STB","13:20:27",27.9,-0.05,1000,10115500,"S"
"STB","13:20:17",27.9,-0.05,1000,10114500,"S"
"STB","13:20:04",27.9,-0.05,700,10113500,"S"
"STB","13:20:03",27.9,-0.05,100,10112800,"S"
"STB","13:19:51",27.9,-0.05,500,10112700,"S"
"STB","13:19:50",27.9,-0.05,300,10112200,"S"
"STB","13:19:50",27.85,-0.1,1300,10111900,"B"
"STB","13:19:30",27.85,-0.1,400,10110600,"B"
"STB","13:19:18",27.9,-0.05,500,10110200,"S"
"STB","13:19:01",27.85,-0.1,77700,10109700,"B"
"STB","13:19:01",27.9,-0.05,400,10032000,"B"
"STB","13:18:58",27.9,-0.05,1000,10031600,"B"
"STB","13:18:38",27.9,-0.05,1000,10030600,"B"
"STB","13:18:31",27.9,-0.05,300,10029600,"B"
"STB","13:18:19",27.9,-0.05,12000,10029300,"B"
"STB","13:18:02",27.9,-0.05,25000,10017300,"B"
"STB","13:17:49",27.9,-0.05,14700,9992300,"B"
"STB","13:17:49",27.9,-0.05,5300,9977600,"B"
"STB","13:17:23",27.9,-0.05,9300,9972300,"B"
"STB","13:17:18",27.95,0,100,9963000,"S"
"STB","13:17:08",27.95,0,500,9962900,"S"
"STB","13:16:51",27.9,-0.05,3400,9962400,"B"
"STB","13:16:29",27.9,-0.05,300,9959000,"B"
"STB","13:16:26",27.95,0,2000,9958700,"S"
"STB","13:16:22",27.9,-0.05,500,9956700,"B"
"STB","13:15:51",27.95,0,500,9956200,"S"
"STB","13:15:49",27.9,-0.05,20000,9955700,"B"
"STB","13:15:43",27.9,-0.05,40000,9935700,"B"
"STB","13:15:31",27.95,0,2000,9895700,"S"
"STB","13:14:55",27.95,0,8000,9893700,"B"
"STB","13:14:39",27.95,0,2000,9885700,"S"
"STB","13:14:37",27.9,-0.05,58500,9883700,"B"
"STB","13:14:36",27.9,-0.05,20500,9825200,"B"
"STB","13:14:33",27.95,0,2000,9804700,"B"
"STB","13:14:19",27.95,0,2000,9802700,"B"
"STB","13:14:15",27.95,0,11000,9800700,"B"
"STB","13:14:15",27.95,0,185000,9789700,"S"
"STB","13:13:45",27.95,0,10000,9604700,"S"
"STB","13:13:32",27.95,0,100,9594700,"S"
"STB","13:13:24",27.9,-0.05,2100,9594600,"B"
"STB","13:13:22",27.9,-0.05,1000,9592500,"B"
"STB","13:12:53",27.9,-0.05,3400,9591500,"S"
"STB","13:12:51",27.9,-0.05,10000,9588100,"S"
"STB","13:12:49",27.85,-0.1,1800,9578100,"B"
"STB","13:12:48",27.9,-0.05,100,9576300,"S"
"STB","13:12:46",27.9,-0.05,1000,9576200,"S"
"STB","13:12:44",27.9,-0.05,1700,9575200,"S"
"STB","13:12:42",27.9,-0.05,100,9573500,"S"
"STB","13:12:39",27.9,-0.05,1700,9573400,"S"
"STB","13:12:35",27.9,-0.05,50000,9571700,"S"
"STB","13:12:26",27.85,-0.1,600,9521700,"B"
"STB","13:12:17",27.9,-0.05,3000,9521100,"S"
"STB","13:12:08",27.9,-0.05,2000,9518100,"S"
"STB","13:12:03",27.9,-0.05,1000,9516100,"S"
"STB","13:11:51",27.9,-0.05,5100,9515100,"S"
"STB","13:11:45",27.85,-0.1,100,9510000,"B"
"STB","13:11:42",27.9,-0.05,1000,9509900,"S"
"STB","13:11:33",27.9,-0.05,1800,9508900,"S"
"STB","13:11:33",27.9,-0.05,1000,9507100,"S"
"STB","13:11:29",27.9,-0.05,300,9506100,"S"
"STB","13:11:23",27.9,-0.05,300,9505800,"S"
"STB","13:11:06",27.85,-0.1,700,9505500,"B"
"STB","13:10:57",27.9,-0.05,50000,9504800,"S"
"STB","13:10:37",27.9,-0.05,3000,9454800,"S"
"STB","13:10:29",27.85,-0.1,600,9451800,"B"
"STB","13:10:06",27.9,-0.05,200,9451200,"S"
"STB","13:10:02",27.9,-0.05,1000,9451000,"S"
"STB","13:09:37",27.9,-0.05,1000,9450000,"S"
"STB","13:09:10",27.85,-0.1,2000,9449000,"B"
"STB","13:09:09",27.9,-0.05,17300,9447000,"S"
"STB","13:08:52",27.85,-0.1,1000,9429700,"B"
"STB","13:08:46",27.85,-0.1,100,9428700,"B"
"STB","13:08:44",27.85,-0.1,34000,9428600,"S"
"STB","13:08:36",27.85,-0.1,6300,9394600,"S"
"STB","13:08:32",27.85,-0.1,1400,9388300,"S"
"STB","13:08:28",27.85,-0.1,3000,9386900,"S"
"STB","13:08:26",27.85,-0.1,1000,9383900,"S"
"STB","13:08:24",27.85,-0.1,158300,9382900,"B"
"STB","13:08:19",27.9,-0.05,100,9224600,"S"
"STB","13:08:16",27.9,-0.05,500,9224500,"S"
"STB","13:07:42",27.85,-0.1,100,9224000,"B"
"STB","13:07:42",27.9,-0.05,15000,9223900,"S"
"STB","13:07:36",27.85,-0.1,15000,9208900,"B"
"STB","13:07:28",27.85,-0.1,200,9193900,"B"
"STB","13:07:26",27.85,-0.1,20000,9193700,"B"
"STB","13:06:27",27.9,-0.05,200,9173700,"S"
"STB","13:06:01",27.85,-0.1,8000,9173500,"B"
"STB","13:05:55",27.85,-0.1,11000,9165500,"B"
"STB","13:05:49",27.85,-0.1,1500,9154500,"B"
"STB","13:05:36",27.85,-0.1,2000,9153000,"B"
"STB","13:05:34",27.85,-0.1,100,9151000,"B"
"STB","13:05:16",27.85,-0.1,5500,9150900,"B"
"STB","13:05:15",27.9,-0.05,8900,9145400,"S"
"STB","13:05:14",27.85,-0.1,1000,9136500,"B"
"STB","13:05:09",27.85,-0.1,1000,9135500,"B"
"STB","13:05:05",27.85,-0.1,2000,9134500,"B"
"STB","13:05:03",27.85,-0.1,3000,9132500,"B"
"STB","13:04:56",27.85,-0.1,1000,9129500,"B"
"STB","13:04:55",27.85,-0.1,20000,9128500,"B"
"STB","13:04:53",27.85,-0.1,1000,9108500,"B"
"STB","13:04:51",27.85,-0.1,1000,9107500,"B"
"STB","13:04:46",27.85,-0.1,30000,9106500,"B"
"STB","13:04:45",27.85,-0.1,2000,9076500,"B"
"STB","13:04:40",27.85,-0.1,2000,9074500,"B"
"STB","13:04:40",27.85,-0.1,10000,9072500,"B"
"STB","13:04:35",27.85,-0.1,4300,9062500,"B"
"STB","13:04:35",27.85,-0.1,700,9058200,"B"
"STB","13:04:34",27.85,-0.1,3000,9057500,"B"
"STB","13:04:29",27.85,-0.1,5000,9054500,"B"
"STB","13:04:17",27.85,-0.1,24000,9049500,"B"
"STB","13:04:04",27.85,-0.1,100,9025500,"B"
"STB","13:03:57",27.85,-0.1,600,9025400,"B"
"STB","13:03:49",27.85,-0.1,1000,9024800,"B"
"STB","13:03:38",27.85,-0.1,8000,9023800,"B"
"STB","13:03:27",27.85,-0.1,1200,9015800,"B"
"STB","13:03:26",27.85,-0.1,10000,9014600,"B"
"STB","13:03:15",27.85,-0.1,11800,9004600,"B"
"STB","13:03:13",27.9,-0.05,1000,8992800,"S"
"STB","13:02:54",27.85,-0.1,2000,8991800,"B"
"STB","13:02:43",27.85,-0.1,1000,8989800,"B"
"STB","13:02:42",27.85,-0.1,100,8988800,"B"
"STB","13:02:34",27.85,-0.1,3500,8988700,"B"
"STB","13:02:30",27.85,-0.1,1000,8985200,"B"
"STB","13:02:29",27.85,-0.1,300,8984200,"B"
"STB","13:02:27",27.85,-0.1,300,8983900,"B"
"STB","13:02:13",27.85,-0.1,500,8983600,"B"
"STB","13:02:02",27.85,-0.1,100,8983100,"B"
"STB","13:01:59",27.85,-0.1,1700,8983000,"B"
"STB","13:01:43",27.85,-0.1,14000,8981300,"B"
"STB","13:01:41",27.85,-0.1,7500,8967300,"B"
"STB","13:01:34",27.9,-0.05,1000,8959800,"S"
"STB","13:01:30",27.85,-0.1,100,8958800,"B"
"STB","13:01:17",27.85,-0.1,300,8958700,"B"
"STB","13:01:15",27.9,-0.05,600,8958400,"S"
"STB","13:01:14",27.85,-0.1,30000,8957800,"B"
"STB","13:01:11",27.85,-0.1,500,8927800,"B"
"STB","13:01:06",27.9,-0.05,1200,8927300,"S"
"STB","13:00:56",27.9,-0.05,2000,8926100,"S"
"STB","13:00:30",27.9,-0.05,1000,8924100,"S"
"STB","13:00:29",27.9,-0.05,200,8923100,"S"
"STB","13:00:22",27.9,-0.05,100,8922900,"S"
"STB","13:00:19",27.9,-0.05,100,8922800,"S"
"STB","13:00:12",27.9,-0.05,8700,8922700,"S"
"STB","13:00:08",27.9,-0.05,1000,8914000,"S"
"STB","13:00:07",27.9,-0.05,1000,8913000,"S"
"STB","13:00:05",27.9,-0.05,10000,8912000,"S"
"STB","13:00:02",27.9,-0.05,4100,8902000,"B"
"STB","13:00:01",27.9,-0.05,300,8877900,"B"
"STB","13:00:00",27.9,-0.05,33400,8877600,"B"
"STB","11:29:59",27.9,-0.05,200,8844200,"B"
"STB","11:29:54",27.9,-0.05,100,8844000,"B"
"STB","11:29:40",27.9,-0.05,20000,8843900,"B"
"STB","11:29:32",27.9,-0.05,12000,8823900,"B"
"STB","11:29:29",27.9,-0.05,500,8811900,"B"
"STB","11:29:26",27.9,-0.05,25000,8811400,"B"
"STB","11:28:53",27.9,-0.05,9300,8786400,"B"
"STB","11:28:46",27.9,-0.05,100,8777100,"B"
"STB","11:28:30",27.95,0,1000,8777000,"S"
"STB","11:28:22",27.95,0,2000,8776000,"S"
"STB","11:28:18",27.9,-0.05,9300,8774000,"B"
"STB","11:28:05",27.95,0,2100,8764700,"S"
"STB","11:28:00",27.95,0,1000,8762600,"S"
"STB","11:27:56",27.95,0,3000,8761600,"S"
"STB","11:27:53",27.95,0,1000,8758600,"S"
"STB","11:27:43",27.95,0,1500,8757600,"S"
"STB","11:27:39",27.95,0,300,8756100,"B"
"STB","11:27:31",27.95,0,100,8755800,"S"
"STB","11:27:27",27.95,0,500,8755700,"S"
"STB","11:27:24",27.95,0,3800,8755200,"S"
"STB","11:27:23",27.95,0,26200,8751400,"S"
"STB","11:27:14",27.95,0,2000,8725200,"S"
"STB","11:26:54",27.95,0,600,8723200,"S"
"STB","11:26:50",27.95,0,1500,8722600,"S"
"STB","11:26:39",27.95,0,500,8721100,"S"
"STB","11:26:37",27.95,0,200,8720600,"S"
"STB","11:26:23",27.95,0,2100,8720400,"S"
"STB","11:26:18",27.95,0,5100,8718300,"S"
"STB","11:26:01",27.9,-0.05,800,8713200,"B"
"STB","11:25:15",27.9,-0.05,91300,8712400,"S"
"STB","11:25:11",27.9,-0.05,10000,8621100,"S"
"STB","11:25:09",27.9,-0.05,200,8611100,"S"
"STB","11:25:03",27.9,-0.05,400,8610900,"S"
"STB","11:25:00",27.9,-0.05,5000,8610500,"S"
"STB","11:24:44",27.9,-0.05,200,8605500,"S"
"STB","11:24:42",27.9,-0.05,2000,8605300,"S"
"STB","11:24:36",27.9,-0.05,3100,8603300,"S"
"STB","11:24:31",27.9,-0.05,200,8600200,"S"
"STB","11:24:06",27.85,-0.1,4000,8600000,"B"
"STB","11:24:01",27.85,-0.1,100,8596000,"B"
"STB","11:23:56",27.85,-0.1,500,8595900,"B"
"STB","11:23:52",27.85,-0.1,3000,8595400,"B"
"STB","11:23:41",27.85,-0.1,2000,8592400,"B"
"STB","11:23:37",27.85,-0.1,3000,8590400,"B"
"STB","11:23:35",27.85,-0.1,800,8587400,"B"
"STB","11:23:35",27.9,-0.05,4000,8586600,"S"
"STB","11:23:33",27.9,-0.05,1900,8582600,"S"
"STB","11:23:33",27.9,-0.05,6100,8580700,"S"
"STB","11:23:18",27.9,-0.05,1000,8574600,"S"
"STB","11:23:15",27.85,-0.1,500,8573600,"B"
"STB","11:23:04",27.85,-0.1,100,8573100,"B"
"STB","11:23:02",27.85,-0.1,3000,8573000,"B"
"STB","11:22:57",27.85,-0.1,2000,8570000,"B"
"STB","11:22:47",27.85,-0.1,500,8568000,"B"
"STB","11:22:39",27.85,-0.1,1000,8567500,"B"
"STB","11:22:38",27.85,-0.1,500,8566500,"B"
"STB","11:22:37",27.85,-0.1,3000,8566000,"B"
"STB","11:22:31",27.85,-0.1,400,8563000,"B"
"STB","11:22:31",27.9,-0.05,100,8562600,"S"
"STB","11:22:09",27.85,-0.1,4000,8562500,"B"
"STB","11:22:06",27.85,-0.1,200,8558500,"B"
"STB","11:22:04",27.85,-0.1,1000,8558300,"B"
"STB","11:21:58",27.85,-0.1,15000,8557300,"B"
"STB","11:21:55",27.85,-0.1,300,8542300,"B"
"STB","11:21:51",27.85,-0.1,100,8542000,"B"
"STB","11:21:48",27.85,-0.1,6000,8541900,"B"
"STB","11:21:48",27.85,-0.1,300,8535900,"B"
"STB","11:21:39",27.85,-0.1,100,8535600,"B"
"STB","11:21:35",27.85,-0.1,4400,8535500,"B"
"STB","11:21:34",27.9,-0.05,300,8531100,"S"
"STB","11:21:31",27.85,-0.1,1000,8530800,"B"
"STB","11:21:28",27.85,-0.1,1500,8529800,"B"
"STB","11:21:14",27.85,-0.1,500,8528300,"B"
"STB","11:21:13",27.85,-0.1,100,8527800,"B"
"STB","11:21:11",27.85,-0.1,700,8527700,"B"
"STB","11:21:05",27.85,-0.1,5000,8527000,"B"
"STB","11:21:01",27.85,-0.1,600,8522000,"B"
"STB","11:21:00",27.85,-0.1,1000,8521400,"B"
"STB","11:20:48",27.85,-0.1,1000,8520400,"B"
"STB","11:20:38",27.85,-0.1,3000,8519400,"B"
"STB","11:20:34",27.85,-0.1,2000,8516400,"B"
"STB","11:20:29",27.85,-0.1,1300,8514400,"S"
"STB","11:20:28",27.85,-0.1,1000,8513100,"S"
"STB","11:20:23",27.85,-0.1,200,8512100,"S"
"STB","11:20:21",27.85,-0.1,3000,8511900,"S"
"STB","11:20:20",27.85,-0.1,5100,8508900,"S"
"STB","11:20:17",27.85,-0.1,20300,8503800,"S"
"STB","11:20:15",27.85,-0.1,1000,8483500,"S"
"STB","11:20:12",27.85,-0.1,500,8482500,"S"
"STB","11:19:38",27.85,-0.1,5000,8482000,"S"
"STB","11:19:24",27.85,-0.1,500,8477000,"B"
"STB","11:19:18",27.85,-0.1,15000,8476500,"B"
"STB","11:19:16",27.85,-0.1,2100,8461500,"B"
"STB","11:19:13",27.85,-0.1,100,8459400,"B"
"STB","11:19:03",27.85,-0.1,3000,8459300,"B"
"STB","11:18:54",27.85,-0.1,12400,8456300,"S"
"STB","11:18:50",27.85,-0.1,38600,8443900,"B"
"STB","11:18:49",27.85,-0.1,500,8405300,"B"
"STB","11:18:47",27.85,-0.1,4600,8404800,"B"
"STB","11:18:47",27.85,-0.1,7900,8400200,"B"
"STB","11:18:39",27.85,-0.1,800,8392300,"B"
"STB","11:18:25",27.85,-0.1,3000,8391500,"B"
"STB","11:18:13",27.9,-0.05,2000,8388500,"S"
"STB","11:18:04",27.85,-0.1,10000,8386500,"B"
"STB","11:18:03",27.85,-0.1,300,8376500,"B"
"STB","11:18:03",27.85,-0.1,4100,8376200,"B"
"STB","11:18:01",27.85,-0.1,100,8372100,"B"
"STB","11:18:00",27.85,-0.1,500,8372000,"B"
"STB","11:17:58",27.85,-0.1,1000,8371500,"B"
"STB","11:17:57",27.85,-0.1,104000,8370500,"B"
"STB","11:17:54",27.85,-0.1,20000,8266500,"B"
"STB","11:17:43",27.85,-0.1,4000,8246500,"B"
"STB","11:17:39",27.85,-0.1,2000,8242500,"B"
"STB","11:17:31",27.85,-0.1,100,8240500,"B"
"STB","11:17:28",27.85,-0.1,400,8240400,"B"
"STB","11:17:19",27.9,-0.05,5100,8240000,"S"
"STB","11:17:18",27.85,-0.1,100,8234900,"B"
"STB","11:17:16",27.85,-0.1,500,8234800,"B"
"STB","11:17:14",27.85,-0.1,100,8234300,"B"
"STB","11:17:12",27.85,-0.1,3400,8234200,"B"
"STB","11:17:02",27.85,-0.1,100,8230800,"B"
"STB","11:16:56",27.85,-0.1,1000,8230700,"B"
"STB","11:16:54",27.85,-0.1,6100,8229700,"B"
"STB","11:16:53",27.85,-0.1,5000,8223600,"B"
"STB","11:16:49",27.85,-0.1,2000,8218600,"B"
"STB","11:16:39",27.85,-0.1,2700,8216600,"B"
"STB","11:16:38",27.85,-0.1,4000,8213900,"B"
"STB","11:16:34",27.85,-0.1,1000,8209900,"B"
"STB","11:16:34",27.85,-0.1,4500,8208900,"B"
"STB","11:16:32",27.85,-0.1,300,8204400,"B"
"STB","11:16:29",27.85,-0.1,500,8204100,"B"
"STB","11:16:28",27.85,-0.1,3000,8203600,"B"
"STB","11:16:25",27.85,-0.1,1000,8200600,"B"
"STB","11:16:24",27.85,-0.1,8500,8199600,"B"
"STB","11:16:22",27.85,-0.1,4000,8191100,"B"
"STB","11:16:20",27.85,-0.1,100,8187100,"B"
"STB","11:16:11",27.85,-0.1,5000,8187000,"B"
"STB","11:16:09",27.85,-0.1,2000,8182000,"B"
"STB","11:16:04",27.85,-0.1,100,8180000,"B"
"STB","11:16:03",27.85,-0.1,500,8179900,"B"
"STB","11:15:55",27.85,-0.1,1100,8179400,"B"
"STB","11:15:54",27.85,-0.1,300,8178300,"B"
"STB","11:15:49",27.85,-0.1,1500,8178000,"B"
"STB","11:15:41",27.85,-0.1,5000,8176500,"B"
"STB","11:15:40",27.85,-0.1,100,8171500,"B"
"STB","11:15:32",27.85,-0.1,200,8171400,"B"
"STB","11:15:31",27.85,-0.1,6700,8171200,"B"
"STB","11:15:30",27.85,-0.1,1900,8164500,"B"
"STB","11:15:26",27.85,-0.1,400,8162600,"B"
"STB","11:15:17",27.85,-0.1,500,8162200,"B"
"STB","11:15:15",27.85,-0.1,100,8161700,"B"
"STB","11:15:14",27.85,-0.1,1200,8161600,"B"
"STB","11:15:13",27.85,-0.1,3500,8160400,"B"
"STB","11:15:12",27.85,-0.1,10000,8156900,"B"
"STB","11:15:08",27.85,-0.1,500,8146900,"B"
"STB","11:15:05",27.85,-0.1,1300,8146400,"B"
"STB","11:15:00",27.85,-0.1,4000,8145100,"B"
"STB","11:14:54",27.85,-0.1,1000,8141100,"B"
"STB","11:14:51",27.85,-0.1,3000,8140100,"B"
"STB","11:14:40",27.85,-0.1,1100,8137100,"B"
"STB","11:14:39",27.85,-0.1,10000,8136000,"B"
"STB","11:14:34",27.85,-0.1,2500,8126000,"B"
"STB","11:14:28",27.85,-0.1,10300,8123500,"B"
"STB","11:14:25",27.85,-0.1,600,8113200,"B"
"STB","11:14:23",27.85,-0.1,400,8112600,"B"
"STB","11:14:16",27.85,-0.1,1000,8112200,"B"
"STB","11:14:11",27.85,-0.1,1500,8111200,"B"
"STB","11:14:07",27.85,-0.1,3000,8109700,"B"
"STB","11:14:06",27.85,-0.1,8000,8106700,"B"
"STB","11:13:57",27.85,-0.1,13000,8098700,"B"
"STB","11:13:56",27.85,-0.1,500,8085700,"B"
"STB","11:13:51",27.85,-0.1,3000,8085200,"B"
"STB","11:13:44",27.85,-0.1,2600,8082200,"B"
"STB","11:13:42",27.9,-0.05,5000,8079600,"S"
"STB","11:13:29",27.85,-0.1,2500,8074600,"B"
"STB","11:13:09",27.9,-0.05,3000,8072100,"S"
"STB","11:12:57",27.85,-0.1,9300,8069100,"B"
"STB","11:12:53",27.85,-0.1,300,8059800,"B"
"STB","11:12:51",27.85,-0.1,1500,8059500,"B"
"STB","11:12:43",27.9,-0.05,600,8058000,"S"
"STB","11:12:35",27.9,-0.05,15000,8057400,"S"
"STB","11:12:22",27.9,-0.05,1000,8042400,"S"
"STB","11:12:20",27.85,-0.1,1900,8041400,"B"
"STB","11:11:48",27.9,-0.05,1000,8039500,"S"
"STB","11:11:47",27.9,-0.05,3500,8038500,"S"
"STB","11:11:39",27.9,-0.05,4400,8035000,"B"
"STB","11:11:33",27.9,-0.05,300,8030600,"B"
"STB","11:11:33",27.9,-0.05,2200,8030300,"B"
"STB","11:11:28",27.9,-0.05,5000,8028100,"B"
"STB","11:11:26",27.9,-0.05,500,8023100,"B"
"STB","11:11:24",27.9,-0.05,1000,8022600,"B"
"STB","11:11:20",27.9,-0.05,2000,8021600,"B"
"STB","11:11:17",27.9,-0.05,3400,8019600,"B"
"STB","11:11:10",27.9,-0.05,600,8016200,"B"
"STB","11:11:06",27.9,-0.05,500,8015600,"B"
"STB","11:10:59",27.9,-0.05,500,8015100,"B"
"STB","11:10:47",27.9,-0.05,200,8014600,"B"
"STB","11:10:42",27.9,-0.05,100,8014400,"B"
"STB","11:10:35",27.9,-0.05,300,8014300,"B"
"STB","11:10:31",27.95,0,17000,8014000,"S"
"STB","11:10:31",27.9,-0.05,100,7997000,"B"
"STB","11:10:26",27.9,-0.05,50000,7996900,"B"
"STB","11:10:22",27.9,-0.05,9000,7946900,"B"
"STB","11:10:13",27.9,-0.05,2000,7937900,"B"
"STB","11:10:05",27.9,-0.05,200,7935900,"B"
"STB","11:10:02",27.9,-0.05,20000,7935700,"B"
"STB","11:09:54",27.9,-0.05,1000,7915700,"B"
"STB","11:09:41",27.9,-0.05,100,7914700,"B"
"STB","11:09:37",27.9,-0.05,5000,7914600,"B"
"STB","11:09:36",27.9,-0.05,5000,7909600,"B"
"STB","11:09:34",27.9,-0.05,100,7904600,"B"
"STB","11:09:33",27.9,-0.05,200,7904500,"B"
"STB","11:09:31",27.9,-0.05,5700,7904300,"B"
"STB","11:09:30",27.95,0,200,7898600,"S"
"STB","11:09:30",27.9,-0.05,100,7898400,"B"
"STB","11:09:29",27.9,-0.05,3000,7898300,"B"
"STB","11:09:26",27.9,-0.05,1700,7895300,"B"
"STB","11:09:22",27.9,-0.05,400,7893600,"B"
"STB","11:09:20",27.9,-0.05,1500,7893200,"B"
"STB","11:09:18",27.9,-0.05,1000,7891700,"B"
"STB","11:09:17",27.9,-0.05,19800,7890700,"B"
"STB","11:09:15",27.9,-0.05,2500,7870900,"B"
"STB","11:09:14",27.9,-0.05,1000,7868400,"B"
"STB","11:09:10",27.9,-0.05,1500,7867400,"B"
"STB","11:09:08",27.95,0,300,7865900,"S"
"STB","11:09:04",27.9,-0.05,1500,7865600,"B"
"STB","11:08:59",27.9,-0.05,1500,7864100,"B"
"STB","11:08:57",27.95,0,1000,7862600,"S"
"STB","11:08:54",27.9,-0.05,1500,7861600,"B"
"STB","11:08:50",27.9,-0.05,600,7860100,"B"
"STB","11:08:32",27.9,-0.05,10000,7859500,"B"
"STB","11:08:26",27.9,-0.05,400,7849500,"B"
"STB","11:08:26",27.9,-0.05,1100,7849100,"B"
"STB","11:08:24",27.9,-0.05,200,7848000,"B"
"STB","11:08:20",27.9,-0.05,500,7847800,"B"
"STB","11:08:13",27.9,-0.05,2000,7847300,"B"
"STB","11:08:08",27.9,-0.05,1000,7845300,"B"
"STB","11:08:07",27.9,-0.05,1000,7844300,"B"
"STB","11:08:02",27.9,-0.05,200,7843300,"B"
"STB","11:07:57",27.9,-0.05,5000,7843100,"B"
"STB","11:07:55",27.9,-0.05,1000,7838100,"B"
"STB","11:07:45",27.9,-0.05,200,7837100,"B"
"STB","11:07:39",27.9,-0.05,500,7836900,"B"
"STB","11:07:34",27.9,-0.05,400,7836400,"B"
"STB","11:07:20",27.9,-0.05,1600,7836000,"B"
"STB","11:07:19",27.9,-0.05,700,7834400,"B"
"STB","11:07:07",27.9,-0.05,7000,7833700,"B"
"STB","11:07:02",27.9,-0.05,400,7826700,"B"
"STB","11:06:47",27.9,-0.05,2000,7826300,"B"
"STB","11:06:43",27.95,0,3000,7824300,"S"
"STB","11:06:32",27.9,-0.05,5000,7821300,"B"
"STB","11:06:26",27.9,-0.05,10000,7816300,"B"
"STB","11:06:16",27.9,-0.05,2000,7806300,"B"
"STB","11:06:12",27.9,-0.05,2000,7804300,"B"
"STB","11:06:06",27.9,-0.05,500,7802300,"B"
"STB","11:05:48",27.9,-0.05,1500,7801800,"B"
"STB","11:05:45",27.9,-0.05,3100,7800300,"B"
"STB","11:05:40",27.9,-0.05,9300,7797200,"B"
"STB","11:05:33",27.9,-0.05,1500,7787900,"B"
"STB","11:04:36",27.9,-0.05,1600,7786400,"B"
"STB","11:04:33",27.95,0,1000,7784800,"S"
"STB","11:04:31",27.95,0,900,7783800,"B"
"STB","11:04:29",27.95,0,10000,7782900,"B"
"STB","11:04:16",27.95,0,10000,7772900,"B"
"STB","11:04:13",27.95,0,800,7762900,"B"
"STB","11:04:11",27.95,0,30000,7762100,"B"
"STB","11:04:00",27.95,0,5700,7732100,"B"
"STB","11:03:55",27.95,0,9300,7726400,"B"
"STB","11:03:52",27.95,0,600,7717100,"B"
"STB","11:03:46",27.95,0,500,7716500,"B"
"STB","11:03:41",27.95,0,9300,7716000,"B"
"STB","11:03:38",27.95,0,500,7706700,"B"
"STB","11:03:34",27.95,0,500,7706200,"B"
"STB","11:03:30",27.95,0,2900,7705700,"B"
"STB","11:03:20",27.95,0,900,7702800,"B"
"STB","11:03:05",27.95,0,5300,7701900,"B"
"STB","11:03:04",27.95,0,5000,7696600,"B"
"STB","11:03:01",27.95,0,900,7691600,"B"
"STB","11:03:00",27.95,0,200,7690700,"B"
"STB","11:02:58",27.95,0,3500,7690500,"B"
"STB","11:02:50",27.95,0,1000,7687000,"B"
"STB","11:02:32",27.95,0,100,7686000,"B"
"STB","11:02:25",27.95,0,8000,7685900,"S"
"STB","11:02:22",27.95,0,10000,7677900,"S"
"STB","11:02:19",27.95,0,10000,7667900,"S"
"STB","11:02:18",27.95,0,100,7657900,"S"
"STB","11:02:17",27.95,0,1000,7657800,"S"
"STB","11:02:16",27.95,0,10000,7656800,"S"
"STB","11:02:01",27.95,0,18400,7646800,"S"
"STB","11:02:01",27.95,0,13600,7628400,"S"
"STB","11:01:58",27.95,0,54400,7614800,"B"
"STB","11:01:54",27.95,0,900,7560400,"B"
"STB","11:01:53",27.95,0,5000,7559500,"B"
"STB","11:01:39",28,0.05,1000,7554500,"S"
"STB","11:01:38",27.95,0,700,7553500,"B"
"STB","11:01:33",27.95,0,2400,7552800,"B"
"STB","11:01:30",27.95,0,800,7550400,"B"
"STB","11:01:29",27.95,0,11000,7549600,"B"
"STB","11:01:22",27.95,0,300,7538600,"B"
"STB","11:01:10",27.95,0,20400,7538300,"S"
"STB","11:01:08",27.95,0,13700,7517900,"S"
"STB","11:01:07",27.95,0,1800,7504200,"S"
"STB","11:01:04",27.95,0,100,7502400,"S"
"STB","11:00:53",27.95,0,100,7502300,"S"
"STB","11:00:51",27.95,0,1000,7502200,"S"
"STB","11:00:49",27.9,-0.05,3800,7501200,"B"
"STB","11:00:48",27.95,0,3000,7497400,"S"
"STB","11:00:46",27.9,-0.05,800,7494400,"B"
"STB","11:00:44",27.9,-0.05,100,7493600,"B"
"STB","11:00:39",27.95,0,600,7493500,"S"
"STB","11:00:34",27.9,-0.05,2000,7492900,"B"
"STB","11:00:31",27.95,0,400,7490900,"S"
"STB","11:00:27",27.9,-0.05,100,7490500,"B"
"STB","11:00:26",27.9,-0.05,200,7490400,"B"
"STB","11:00:24",27.9,-0.05,600,7490200,"B"
"STB","11:00:18",27.9,-0.05,200,7489600,"B"
"STB","11:00:13",27.9,-0.05,10200,7489400,"B"
"STB","11:00:11",27.9,-0.05,5800,7479200,"B"
"STB","11:00:10",27.9,-0.05,4200,7473400,"B"
"STB","11:00:10",27.9,-0.05,100,7469200,"B"
"STB","11:00:08",27.9,-0.05,1000,7469100,"B"
"STB","11:00:05",27.9,-0.05,1000,7468100,"B"
"STB","11:00:03",27.9,-0.05,4300,7467100,"S"
"STB","11:00:01",27.9,-0.05,10300,7462800,"S"
"STB","11:00:01",27.9,-0.05,200,7452500,"B"
"STB","11:00:00",27.95,0,200,7452300,"S"
"STB","10:59:57",27.85,-0.1,27100,7452100,"B"
"STB","10:59:57",27.9,-0.05,6900,7425000,"B"
"STB","10:59:55",27.9,-0.05,1100,7418100,"B"
"STB","10:59:51",27.9,-0.05,2000,7417000,"B"
"STB","10:59:51",27.95,0,2000,7415000,"S"
"STB","10:59:49",27.85,-0.1,69000,7413000,"B"
"STB","10:59:49",27.9,-0.05,31000,7344000,"B"
"STB","10:59:48",27.9,-0.05,1400,7313000,"B"
"STB","10:59:46",27.9,-0.05,2500,7311600,"B"
"STB","10:59:45",27.9,-0.05,10000,7309100,"B"
"STB","10:59:43",27.9,-0.05,500,7299100,"B"
"STB","10:59:38",27.85,-0.1,20000,7298600,"B"
"STB","10:59:37",27.9,-0.05,900,7276600,"B"
"STB","10:59:36",27.9,-0.05,35100,7275700,"B"
"STB","10:59:34",27.9,-0.05,1000,7240600,"B"
"STB","10:59:34",27.9,-0.05,10000,7239600,"B"
"STB","10:59:33",27.9,-0.05,11500,7229600,"B"
"STB","10:59:31",27.9,-0.05,14300,7218100,"B"
"STB","10:59:28",27.9,-0.05,100,7203800,"B"
"STB","10:59:26",27.9,-0.05,134000,7203700,"B"
"STB","10:59:23",27.9,-0.05,1000,7069700,"B"
"STB","10:59:22",27.9,-0.05,13700,7068700,"B"
"STB","10:59:20",27.9,-0.05,3000,7055000,"B"
"STB","10:59:19",27.9,-0.05,10400,7052000,"B"
"STB","10:59:18",27.9,-0.05,30000,7041600,"B"
"STB","10:59:16",27.9,-0.05,2700,7011600,"B"
"STB","10:59:12",27.9,-0.05,200,7008900,"B"
"STB","10:59:11",27.9,-0.05,200,7008700,"B"
"STB","10:59:08",27.9,-0.05,60900,7008500,"B"
"STB","10:59:06",27.9,-0.05,11000,6947600,"B"
"STB","10:59:05",27.9,-0.05,700,6936600,"B"
"STB","10:59:01",27.9,-0.05,30600,6935900,"B"
"STB","10:58:56",27.9,-0.05,17700,6905300,"B"
"STB","10:58:48",27.9,-0.05,1000,6887600,"B"
"STB","10:58:47",27.9,-0.05,300,6886600,"B"
"STB","10:58:46",27.9,-0.05,1000,6886300,"B"
"STB","10:58:46",27.9,-0.05,5000,6885300,"B"
"STB","10:58:45",27.9,-0.05,2000,6880300,"B"
"STB","10:58:39",27.9,-0.05,200,6878300,"B"
"STB","10:58:38",27.9,-0.05,6000,6878100,"B"
"STB","10:58:37",27.9,-0.05,32500,6872100,"B"
"STB","10:58:36",27.9,-0.05,10000,6839600,"B"
"STB","10:58:35",27.9,-0.05,3000,6829600,"B"
"STB","10:58:26",27.9,-0.05,15000,6826600,"B"
"STB","10:58:23",27.9,-0.05,1500,6811600,"B"
"STB","10:58:21",27.9,-0.05,3000,6810100,"B"
"STB","10:58:14",27.9,-0.05,500,6807100,"B"
"STB","10:58:13",27.9,-0.05,1000,6806600,"B"
"STB","10:58:09",27.9,-0.05,2000,6805600,"B"
"STB","10:58:07",27.9,-0.05,3500,6803600,"B"
"STB","10:58:04",27.9,-0.05,300,6800100,"B"
"STB","10:58:04",27.9,-0.05,700,6799800,"B"
"STB","10:58:03",27.9,-0.05,2000,6799100,"B"
"STB","10:58:00",27.9,-0.05,1000,6797100,"B"
"STB","10:57:59",27.9,-0.05,100,6796100,"B"
"STB","10:57:57",27.9,-0.05,100,6796000,"B"
"STB","10:57:56",27.9,-0.05,1000,6795900,"B"
"STB","10:57:56",27.9,-0.05,54000,6794900,"B"
"STB","10:57:54",27.9,-0.05,600,6740900,"B"
"STB","10:57:52",27.9,-0.05,500,6740300,"B"
"STB","10:57:46",27.9,-0.05,2000,6739800,"B"
"STB","10:57:46",27.9,-0.05,1000,6737800,"B"
"STB","10:57:45",27.9,-0.05,3000,6736800,"B"
"STB","10:57:40",27.9,-0.05,700,6733800,"B"
"STB","10:57:38",27.9,-0.05,30700,6733100,"B"
"STB","10:57:37",27.9,-0.05,5000,6702400,"B"
"STB","10:57:35",27.9,-0.05,5000,6697400,"B"
"STB","10:57:31",27.9,-0.05,100,6692400,"B"
"STB","10:57:29",27.9,-0.05,5000,6692300,"B"
"STB","10:57:27",27.9,-0.05,1000,6687300,"B"
"STB","10:57:26",27.9,-0.05,300,6686300,"B"
"STB","10:57:25",27.9,-0.05,1000,6686000,"B"
"STB","10:57:21",27.9,-0.05,2000,6685000,"B"
"STB","10:57:19",27.9,-0.05,1000,6683000,"B"
"STB","10:57:17",27.9,-0.05,500,6682000,"B"
"STB","10:57:16",27.9,-0.05,5000,6681500,"B"
"STB","10:57:12",27.9,-0.05,500,6676500,"B"
"STB","10:57:04",27.9,-0.05,112000,6676000,"B"
"STB","10:57:02",27.9,-0.05,100,6564000,"B"
"STB","10:56:59",27.95,0,24400,6563900,"B"
"STB","10:56:58",27.95,0,2000,6539500,"B"
"STB","10:56:58",27.95,0,100000,6537500,"B"
"STB","10:56:57",27.95,0,9000,6437500,"B"
"STB","10:56:56",27.95,0,55100,6428500,"B"
"STB","10:56:55",27.95,0,200,6373400,"B"
"STB","10:56:54",27.95,0,7400,6373200,"B"
"STB","10:56:53",27.95,0,1900,6365800,"B"
"STB","10:56:52",27.95,0,5100,6363900,"B"
"STB","10:56:50",27.95,0,6200,6358800,"B"
"STB","10:56:50",27.95,0,1200,6352600,"B"
"STB","10:56:49",27.95,0,17000,6351400,"B"
"STB","10:56:49",27.95,0,40000,6334400,"B"
"STB","10:56:48",27.95,0,1400,6294400,"B"
"STB","10:56:45",27.95,0,400,6293000,"B"
"STB","10:56:44",27.95,0,8000,6292600,"B"
"STB","10:56:42",27.95,0,5000,6284600,"B"
"STB","10:56:42",27.95,0,7000,6279600,"B"
"STB","10:56:38",27.95,0,5600,6272600,"B"
"STB","10:56:34",27.95,0,9300,6267000,"B"
"STB","10:56:33",27.95,0,3700,6257700,"B"
"STB","10:56:32",27.95,0,57300,6254000,"B"
"STB","10:56:31",27.95,0,32800,6196700,"B"
"STB","10:56:30",27.95,0,20000,6163900,"B"
"STB","10:56:29",27.95,0,29400,6143900,"B"
"STB","10:56:28",27.95,0,200,6114500,"B"
"STB","10:56:24",27.95,0,10000,6114300,"B"
"STB","10:56:21",27.95,0,6000,6104300,"B"
"STB","10:56:19",27.95,0,2000,6098300,"B"
"STB","10:56:17",27.95,0,600,6096300,"B"
"STB","10:56:16",27.95,0,10000,6095700,"B"
"STB","10:56:10",27.95,0,1000,6085700,"B"
"STB","10:56:07",28,0.05,100,6084700,"S"
"STB","10:55:54",28,0.05,300,6084600,"S"
"STB","10:55:54",27.95,0,40000,6084300,"B"
"STB","10:55:38",27.95,0,7000,6044300,"B"
"STB","10:55:37",27.95,0,3000,6037300,"B"
"STB","10:55:30",27.95,0,10000,6034300,"B"
"STB","10:55:25",27.95,0,500,6024300,"B"
"STB","10:55:22",27.95,0,10000,6023800,"B"
"STB","10:55:12",27.95,0,10000,6013800,"B"
"STB","10:55:12",27.95,0,3000,6003800,"B"
"STB","10:55:11",28,0.05,3000,6000800,"S"
"STB","10:54:59",27.95,0,10000,5997800,"B"
"STB","10:54:57",28,0.05,2200,5987800,"S"
"STB","10:54:53",28,0.05,400,5985600,"B"
"STB","10:54:52",28,0.05,1000,5985200,"B"
"STB","10:54:51",28,0.05,700,5984200,"B"
"STB","10:54:51",28,0.05,2000,5983500,"B"
"STB","10:54:50",28,0.05,9000,5981500,"B"
"STB","10:54:47",28,0.05,9200,5972500,"B"
"STB","10:54:44",28,0.05,1000,5963300,"B"
"STB","10:54:43",28,0.05,10000,5962300,"B"
"STB","10:54:41",28,0.05,10000,5952300,"B"
"STB","10:54:39",28,0.05,300,5942300,"B"
"STB","10:54:32",28,0.05,2000,5942000,"B"
"STB","10:54:29",28,0.05,10000,5940000,"B"
"STB","10:54:28",28,0.05,5000,5930000,"B"
"STB","10:54:26",28,0.05,2000,5925000,"B"
"STB","10:54:23",28,0.05,900,5923000,"B"
"STB","10:54:20",28,0.05,2000,5922100,"B"
"STB","10:54:19",28,0.05,2000,5920100,"B"
"STB","10:54:17",28,0.05,5000,5918100,"B"
"STB","10:54:16",28,0.05,13000,5913100,"B"
"STB","10:54:11",28,0.05,7200,5900100,"B"
"STB","10:54:07",28,0.05,10000,5892900,"B"
"STB","10:54:06",28,0.05,9600,5882900,"B"
"STB","10:54:05",28,0.05,1000,5873300,"B"
"STB","10:54:04",28,0.05,1500,5872300,"B"
"STB","10:54:01",28,0.05,500,5870800,"B"
"STB","10:54:00",28,0.05,1500,5870300,"B"
"STB","10:53:56",28,0.05,7000,5868800,"B"
"STB","10:53:52",28,0.05,5000,5861800,"B"
"STB","10:53:51",28,0.05,2400,5856800,"B"
"STB","10:53:50",28,0.05,1500,5854400,"B"
"STB","10:53:49",28,0.05,10000,5852900,"B"
"STB","10:53:39",28,0.05,5000,5842900,"B"
"STB","10:53:36",28,0.05,1000,5837900,"B"
"STB","10:53:26",28,0.05,500,5836900,"B"
"STB","10:53:21",28,0.05,500,5836400,"B"
"STB","10:53:14",28,0.05,600,5835900,"B"
"STB","10:53:07",28,0.05,900,5835300,"B"
"STB","10:53:01",28,0.05,100,5834400,"B"
"STB","10:52:55",28,0.05,12900,5834300,"S"
"STB","10:52:49",28,0.05,1000,5821400,"S"
"STB","10:52:49",28,0.05,100,5820400,"S"
"STB","10:52:46",28,0.05,2000,5820300,"S"
"STB","10:52:39",28,0.05,800,5818300,"S"
"STB","10:52:28",27.95,0,500,5817500,"B"
"STB","10:52:27",27.95,0,2800,5817000,"B"
"STB","10:52:27",28,0.05,6500,5814200,"B"
"STB","10:52:24",28,0.05,3500,5807700,"S"
"STB","10:52:18",28,0.05,500,5804200,"S"
"STB","10:52:17",28,0.05,100,5803700,"S"
"STB","10:52:15",28,0.05,100,5803600,"S"
"STB","10:52:15",27.95,0,2000,5803500,"B"
"STB","10:52:12",28,0.05,7000,5801500,"B"
"STB","10:52:12",28,0.05,3000,5794500,"S"
"STB","10:52:11",28,0.05,1200,5791500,"S"
"STB","10:52:07",28,0.05,5200,5790300,"S"
"STB","10:52:07",28,0.05,20400,5785100,"S"
"STB","10:52:06",27.95,0,3100,5764700,"B"
"STB","10:51:58",28,0.05,6500,5761600,"S"
"STB","10:51:48",28,0.05,100,5755100,"S"
"STB","10:51:45",28,0.05,10000,5755000,"S"
"STB","10:51:40",28,0.05,100,5745000,"S"
"STB","10:51:10",28,0.05,8000,5744900,"S"
"STB","10:51:05",28,0.05,1100,5736900,"S"
"STB","10:50:56",28,0.05,1000,5735800,"S"
"STB","10:50:53",27.95,0,4000,5734800,"B"
"STB","10:50:15",28,0.05,1300,5730800,"S"
"STB","10:50:08",28,0.05,3500,5729500,"S"
"STB","10:50:07",28,0.05,3000,5726000,"S"
"STB","10:50:03",28,0.05,4800,5723000,"B"
"STB","10:50:00",28,0.05,41000,5718200,"B"
"STB","10:49:58",28,0.05,100,5677200,"B"
"STB","10:49:56",28,0.05,4000,5677100,"B"
"STB","10:49:53",28,0.05,10000,5673100,"B"
"STB","10:49:52",28,0.05,2000,5663100,"B"
"STB","10:49:50",28,0.05,3000,5661100,"B"
"STB","10:49:37",28,0.05,200,5658100,"B"
"STB","10:49:34",28,0.05,2800,5657900,"B"
"STB","10:49:28",28,0.05,10000,5655100,"B"
"STB","10:49:24",28,0.05,40000,5645100,"B"
"STB","10:49:23",28,0.05,15200,5605100,"B"
"STB","10:49:20",28,0.05,10000,5589900,"B"
"STB","10:49:17",28.05,0.1,100,5579900,"S"
"STB","10:49:15",28,0.05,3000,5578800,"B"
"STB","10:49:12",28,0.05,2100,5575800,"B"
"STB","10:49:09",28,0.05,1000,5573700,"B"
"STB","10:49:09",28,0.05,500,5572700,"B"
"STB","10:49:04",28,0.05,5000,5572200,"B"
"STB","10:49:00",28,0.05,98400,5567200,"B"
"STB","10:48:18",28,0.05,50000,5468800,"B"
"STB","10:48:14",28.05,0.1,600,5418800,"S"
"STB","10:47:58",28.05,0.1,400,5418200,"S"
"STB","10:47:45",28,0.05,300,5417800,"B"
"STB","10:47:25",28,0.05,1000,5417500,"B"
"STB","10:47:06",28,0.05,2000,5416500,"B"
"STB","10:46:43",28,0.05,5500,5414500,"B"
"STB","10:46:41",28,0.05,100,5409000,"B"
"STB","10:46:40",28,0.05,3400,5408900,"B"
"STB","10:46:24",28,0.05,7000,5405500,"B"
"STB","10:46:15",28,0.05,600,5398500,"B"
"STB","10:46:14",28,0.05,1000,5397900,"B"
"STB","10:46:09",28,0.05,1000,5396900,"B"
"STB","10:45:55",28,0.05,200,5395900,"B"
"STB","10:45:52",28,0.05,3000,5395700,"B"
"STB","10:45:42",28,0.05,500,5392700,"B"
"STB","10:45:40",28,0.05,600,5392200,"B"
"STB","10:45:22",28,0.05,3000,5391600,"B"
"STB","10:45:09",28,0.05,4000,5388600,"B"
"STB","10:45:01",28,0.05,700,5384600,"B"
"STB","10:44:30",28,0.05,300,5383900,"B"
"STB","10:44:14",28,0.05,22000,5383600,"B"
"STB","10:44:02",28,0.05,100,5361600,"B"
"STB","10:43:57",28,0.05,300,5361500,"B"
"STB","10:43:54",28,0.05,300,5361200,"B"
"STB","10:43:05",28,0.05,100,5360900,"B"
"STB","10:42:57",28,0.05,100,5360800,"B"
"STB","10:42:47",28,0.05,1000,5360700,"B"
"STB","10:42:17",28.05,0.1,3500,5359700,"S"
"STB","10:42:15",28.05,0.1,3000,5356200,"S"
"STB","10:42:04",28.05,0.1,600,5353200,"S"
"STB","10:42:00",28.05,0.1,30000,5352600,"S"
"STB","10:41:55",28.05,0.1,1000,5322600,"S"
"STB","10:41:37",28.05,0.1,3000,5321600,"S"
"STB","10:41:35",28.05,0.1,100,5318600,"S"
"STB","10:41:34",28.05,0.1,1500,5318500,"S"
"STB","10:41:28",28.05,0.1,100,5317000,"S"
"STB","10:41:18",28.05,0.1,300,5316900,"S"
"STB","10:41:03",28.05,0.1,200,5316600,"S"
"STB","10:40:44",28.05,0.1,300,5316400,"S"
"STB","10:40:42",28,0.05,2900,5316100,"B"
"STB","10:40:36",28,0.05,100,5313200,"B"
"STB","10:40:31",28,0.05,400,5313100,"B"
"STB","10:40:24",28,0.05,3100,5312700,"B"
"STB","10:40:23",28,0.05,3100,5309600,"B"
"STB","10:40:21",28,0.05,3100,5306500,"B"
"STB","10:40:21",28,0.05,3100,5303400,"B"
"STB","10:40:20",28,0.05,1700,5300300,"B"
"STB","10:40:20",28,0.05,3100,5298600,"B"
"STB","10:40:19",28,0.05,15000,5295500,"B"
"STB","10:40:11",28,0.05,9300,5280500,"B"
"STB","10:39:54",28,0.05,2000,5271200,"B"
"STB","10:39:33",28,0.05,1000,5269200,"B"
"STB","10:39:31",28.05,0.1,400,5268200,"S"
"STB","10:39:30",28,0.05,100,5267800,"B"
"STB","10:39:07",28,0.05,300,5267700,"B"
"STB","10:38:52",28,0.05,10000,5267400,"B"
"STB","10:38:49",28,0.05,2000,5257400,"B"
"STB","10:38:45",28.05,0.1,400,5255400,"S"
"STB","10:38:41",28,0.05,300,5255000,"B"
"STB","10:38:32",28,0.05,400,5254700,"B"
"STB","10:38:19",28,0.05,1000,5254300,"B"
"STB","10:37:42",28.05,0.1,100,5253300,"S"
"STB","10:37:38",28.05,0.1,200,5253200,"S"
"STB","10:37:37",28.05,0.1,1000,5253000,"S"
"STB","10:37:35",28,0.05,700,5252000,"B"
"STB","10:37:33",28,0.05,100,5251300,"B"
"STB","10:37:24",28.05,0.1,2000,5251200,"S"
"STB","10:37:19",28.05,0.1,5000,5249200,"S"
"STB","10:37:10",28.05,0.1,200,5244200,"S"
"STB","10:37:06",28.05,0.1,300,5244000,"S"
"STB","10:36:55",28.05,0.1,20000,5243700,"S"
"STB","10:36:53",28.05,0.1,200,5223700,"S"
"STB","10:36:52",28,0.05,500,5223500,"B"
"STB","10:36:33",28.05,0.1,5000,5223000,"S"
"STB","10:36:26",28.05,0.1,400,5218000,"S"
"STB","10:36:15",28.05,0.1,500,5217600,"S"
"STB","10:36:07",28.05,0.1,5000,5217100,"S"
"STB","10:35:24",28.05,0.1,7400,5212100,"B"
"STB","10:35:24",28.05,0.1,32000,5204700,"B"
"STB","10:35:18",28.05,0.1,30000,5172700,"B"
"STB","10:35:16",28.05,0.1,5000,5142700,"B"
"STB","10:35:12",28.05,0.1,400,5137700,"B"
"STB","10:35:10",28.05,0.1,9300,5137300,"B"
"STB","10:35:09",28.05,0.1,1000,5128000,"B"
"STB","10:34:45",28.05,0.1,3800,5127000,"B"
"STB","10:34:42",28.05,0.1,100,5123200,"B"
"STB","10:34:40",28.05,0.1,500,5123100,"B"
"STB","10:34:39",28.1,0.15,500,5122600,"S"
"STB","10:34:31",28.05,0.1,600,5122100,"B"
"STB","10:34:26",28.1,0.15,100,5121500,"S"
"STB","10:34:18",28.1,0.15,2000,5121400,"S"
"STB","10:34:17",28.05,0.1,9300,5119400,"B"
"STB","10:33:59",28.05,0.1,3400,5110100,"B"
"STB","10:33:50",28.05,0.1,37300,5106700,"B"
"STB","10:33:50",28.05,0.1,42700,5069400,"B"
"STB","10:33:26",28.05,0.1,2000,5026700,"B"
"STB","10:33:25",28.05,0.1,9300,5024700,"B"
"STB","10:33:07",28.05,0.1,9300,5015400,"B"
"STB","10:32:58",28.05,0.1,3000,5006100,"B"
"STB","10:32:55",28.1,0.15,3000,5003100,"S"
"STB","10:32:50",28.05,0.1,2000,5000100,"B"
"STB","10:32:45",28.05,0.1,8000,4998100,"B"
"STB","10:32:44",28.05,0.1,9300,4990100,"B"
"STB","10:32:43",28.05,0.1,5000,4980800,"B"
"STB","10:32:36",28.05,0.1,1000,4975800,"B"
"STB","10:32:29",28.05,0.1,10100,4974800,"B"
"STB","10:32:14",28.05,0.1,1000,4964700,"B"
"STB","10:32:10",28.05,0.1,2000,4963700,"B"
"STB","10:32:07",28.05,0.1,9300,4961700,"B"
"STB","10:31:57",28.05,0.1,9300,4952400,"B"
"STB","10:31:49",28.05,0.1,2200,4943100,"B"
"STB","10:31:35",28.05,0.1,3100,4940900,"B"
"STB","10:31:35",28.05,0.1,3100,4937800,"B"
"STB","10:31:34",28.05,0.1,3100,4934700,"B"
"STB","10:31:33",28.05,0.1,3100,4931600,"B"
"STB","10:31:32",28.05,0.1,6200,4928500,"B"
"STB","10:31:32",28.05,0.1,3100,4922300,"B"
"STB","10:31:24",28.1,0.15,5000,4919200,"S"
"STB","10:31:23",28.1,0.15,100,4914200,"S"
"STB","10:31:01",28.1,0.15,100,4914100,"S"
"STB","10:30:56",28.1,0.15,400,4914000,"S"
"STB","10:30:41",28.1,0.15,2200,4913600,"S"
"STB","10:30:39",28.1,0.15,3000,4911400,"S"
"STB","10:30:35",28.1,0.15,800,4908400,"S"
"STB","10:30:12",28.1,0.15,68800,4907600,"B"
"STB","10:30:11",28.1,0.15,5000,4838800,"B"
"STB","10:30:10",28.1,0.15,100,4833800,"B"
"STB","10:30:10",28.1,0.15,1000,4833700,"B"
"STB","10:30:07",28.1,0.15,4400,4832700,"B"
"STB","10:30:07",28.1,0.15,25600,4828300,"B"
"STB","10:30:06",28.1,0.15,1000,4802700,"B"
"STB","10:30:00",28.1,0.15,200,4801700,"B"
"STB","10:29:55",28.1,0.15,50000,4801500,"B"
"STB","10:29:32",28.1,0.15,100,4751500,"B"
"STB","10:29:32",28.15,0.2,5800,4751400,"S"
"STB","10:29:31",28.15,0.2,4200,4745600,"S"
"STB","10:29:30",28.15,0.2,1900,4741400,"S"
"STB","10:29:18",28.15,0.2,500,4739500,"S"
"STB","10:29:12",28.15,0.2,9600,4739000,"S"
"STB","10:29:08",28.15,0.2,700,4729400,"S"
"STB","10:29:07",28.15,0.2,7500,4728700,"S"
"STB","10:29:04",28.15,0.2,1500,4721200,"S"
"STB","10:29:03",28.15,0.2,4000,4719700,"S"
"STB","10:29:02",28.15,0.2,5000,4715700,"S"
"STB","10:29:01",28.15,0.2,1500,4710700,"S"
"STB","10:28:58",28.15,0.2,200,4709200,"S"
"STB","10:28:57",28.15,0.2,17000,4709000,"S"
"STB","10:28:55",28.15,0.2,100,4692000,"S"
"STB","10:28:54",28.15,0.2,3000,4691900,"S"
"STB","10:28:52",28.15,0.2,11000,4688900,"S"
"STB","10:28:51",28.15,0.2,5700,4677900,"S"
"STB","10:28:51",28.15,0.2,54300,4672200,"S"
"STB","10:28:48",28.15,0.2,22500,4617900,"S"
"STB","10:28:47",28.15,0.2,10000,4595400,"S"
"STB","10:28:44",28.15,0.2,3200,4585400,"S"
"STB","10:28:37",28.15,0.2,1900,4582200,"S"
"STB","10:28:27",28.15,0.2,1000,4580300,"S"
"STB","10:28:24",28.15,0.2,4000,4579300,"S"
"STB","10:28:21",28.15,0.2,4100,4575300,"S"
"STB","10:28:18",28.1,0.15,100,4571200,"B"
"STB","10:28:15",28.15,0.2,300,4571100,"S"
"STB","10:28:12",28.15,0.2,20000,4570800,"S"
"STB","10:28:04",28.15,0.2,700,4550800,"S"
"STB","10:27:55",28.1,0.15,1600,4550100,"B"
"STB","10:27:53",28.15,0.2,100,4548500,"S"
"STB","10:27:42",28.1,0.15,500,4548400,"B"
"STB","10:27:38",28.15,0.2,900,4547900,"S"
"STB","10:27:33",28.15,0.2,2000,4547000,"S"
"STB","10:27:26",28.15,0.2,900,4545000,"S"
"STB","10:27:19",28.15,0.2,600,4544100,"S"
"STB","10:27:18",28.15,0.2,10000,4543500,"S"
"STB","10:27:14",28.1,0.15,1000,4533500,"B"
"STB","10:27:04",28.15,0.2,500,4532500,"S"
"STB","10:26:56",28.1,0.15,200,4532000,"B"
"STB","10:26:53",28.1,0.15,12000,4531800,"B"
"STB","10:26:50",28.1,0.15,100,4519800,"B"
"STB","10:26:43",28.1,0.15,200,4519700,"B"
"STB","10:26:34",28.15,0.2,1300,4519500,"S"
"STB","10:26:26",28.1,0.15,3000,4518200,"B"
"STB","10:26:23",28.1,0.15,25400,4515200,"S"
"STB","10:26:22",28.1,0.15,200,4489800,"S"
"STB","10:26:21",28.1,0.15,5000,4489600,"S"
"STB","10:26:19",28.1,0.15,3100,4484600,"S"
"STB","10:26:15",28.1,0.15,200000,4481500,"S"
"STB","10:26:13",28.05,0.1,1500,4281500,"B"
"STB","10:26:06",28.1,0.15,400,4280000,"S"
"STB","10:25:59",28.1,0.15,36000,4279600,"S"
"STB","10:25:55",28.1,0.15,100,4243600,"S"
"STB","10:25:45",28.1,0.15,100,4243500,"S"
"STB","10:25:37",28.1,0.15,10000,4243400,"S"
"STB","10:25:31",28.1,0.15,5000,4233400,"S"
"STB","10:25:29",28.05,0.1,200,4228400,"B"
"STB","10:25:26",28.1,0.15,1000,4228200,"S"
"STB","10:25:25",28.05,0.1,400,4227200,"B"
"STB","10:25:17",28.05,0.1,1000,4226800,"B"
"STB","10:25:15",28.05,0.1,100,4225800,"B"
"STB","10:25:14",28.1,0.15,500,4225700,"S"
"STB","10:25:09",28.05,0.1,1200,4225200,"B"
"STB","10:24:57",28.05,0.1,900,4224000,"B"
"STB","10:24:55",28.1,0.15,2800,4223100,"S"
"STB","10:24:52",28.1,0.15,2000,4220300,"S"
"STB","10:24:49",28.1,0.15,1000,4218300,"S"
"STB","10:24:29",28.1,0.15,22000,4217300,"S"
"STB","10:24:23",28.05,0.1,2300,4195300,"B"
"STB","10:24:19",28.05,0.1,111300,4193000,"S"
"STB","10:24:18",28.05,0.1,16000,4081700,"S"
"STB","10:24:16",28.05,0.1,500,4065700,"S"
"STB","10:24:13",28.05,0.1,20000,4065200,"S"
"STB","10:24:13",28.05,0.1,5000,4045200,"S"
"STB","10:24:10",28.05,0.1,10000,4040200,"S"
"STB","10:24:08",28.05,0.1,50000,4030200,"S"
"STB","10:24:06",28.05,0.1,500,3980200,"S"
"STB","10:24:05",28.05,0.1,100000,3979700,"S"
"STB","10:24:02",28.05,0.1,20000,3879700,"S"
"STB","10:24:01",28.05,0.1,5000,3859700,"S"
"STB","10:23:59",28,0.05,5000,3854700,"B"
"STB","10:23:58",28.05,0.1,5000,3849700,"S"
"STB","10:23:57",28.05,0.1,10000,3844700,"S"
"STB","10:23:55",28.05,0.1,78000,3834700,"S"
"STB","10:23:53",28,0.05,13000,3756700,"B"
"STB","10:23:48",28.05,0.1,3500,3743700,"S"
"STB","10:23:47",28.05,0.1,800,3740200,"S"
"STB","10:23:43",28,0.05,1000,3739400,"B"
"STB","10:23:42",28.05,0.1,200,3738400,"S"
"STB","10:23:38",28.05,0.1,10000,3738200,"S"
"STB","10:23:37",28.05,0.1,5000,3728200,"S"
"STB","10:23:35",28.05,0.1,500,3723200,"S"
"STB","10:23:33",28.05,0.1,10000,3722700,"S"
"STB","10:23:30",28,0.05,100,3695700,"B"
"STB","10:23:30",28.05,0.1,5000,3695600,"S"
"STB","10:23:28",28.05,0.1,10000,3690600,"S"
"STB","10:23:20",28,0.05,1000,3680600,"B"
"STB","10:23:16",28.05,0.1,15000,3679600,"S"
"STB","10:23:01",28,0.05,1000,3664600,"B"
"STB","10:22:39",28.05,0.1,2000,3663600,"S"
"STB","10:22:26",28.05,0.1,500,3661600,"S"
"STB","10:22:17",28.05,0.1,3000,3661100,"S"
"STB","10:22:16",28,0.05,10000,3658100,"B"
"STB","10:22:02",28.05,0.1,10000,3648100,"S"
"STB","10:21:52",28.05,0.1,1500,3638100,"S"
"STB","10:21:30",28,0.05,5000,3636600,"B"
"STB","10:21:30",28.05,0.1,100,3631600,"S"
"STB","10:21:23",28.05,0.1,1000,3631500,"S"
"STB","10:21:15",28.05,0.1,1000,3630500,"S"
"STB","10:21:07",28.05,0.1,700,3629500,"S"
"STB","10:21:02",28,0.05,1100,3628800,"B"
"STB","10:20:53",28.05,0.1,2000,3627700,"S"
"STB","10:20:45",28.05,0.1,500,3625700,"S"
"STB","10:20:38",28.05,0.1,2000,3625200,"S"
"STB","10:20:36",28,0.05,100,3623200,"B"
"STB","10:20:26",28,0.05,5000,3623100,"B"
"STB","10:20:19",28,0.05,2000,3618100,"B"
"STB","10:20:16",28,0.05,500,3616100,"B"
"STB","10:20:01",28.05,0.1,900,3615600,"S"
"STB","10:20:00",28,0.05,500,3614700,"B"
"STB","10:19:55",28.05,0.1,100,3614200,"S"
"STB","10:19:54",28,0.05,50000,3614100,"B"
"STB","10:19:41",28,0.05,1000,3564100,"B"
"STB","10:19:32",28,0.05,2200,3563100,"B"
"STB","10:19:09",28,0.05,400,3560900,"B"
"STB","10:18:37",28,0.05,1000,3560500,"B"
"STB","10:18:34",28,0.05,1000,3559500,"B"
"STB","10:17:54",28.05,0.1,700,3558500,"S"
"STB","10:17:53",28,0.05,300,3557800,"B"
"STB","10:17:51",28,0.05,100,3557500,"B"
"STB","10:17:44",28,0.05,10000,3557400,"B"
"STB","10:17:30",28,0.05,2000,3547400,"B"
"STB","10:17:28",28,0.05,100,3545400,"B"
"STB","10:17:15",28,0.05,100000,3545300,"B"
"STB","10:17:12",28,0.05,5000,3445300,"B"
"STB","10:17:04",28,0.05,50000,3440300,"B"
"STB","10:16:43",28.05,0.1,900,3390300,"S"
"STB","10:16:37",28,0.05,500,3389400,"B"
"STB","10:16:33",28,0.05,1000,3388900,"B"
"STB","10:16:24",28,0.05,600,3387900,"B"
"STB","10:16:20",28,0.05,1000,3387300,"B"
"STB","10:16:06",28,0.05,20000,3386300,"B"
"STB","10:16:05",28,0.05,800,3366300,"B"
"STB","10:15:51",28.05,0.1,2300,3365500,"S"
"STB","10:15:49",28,0.05,200,3363200,"B"
"STB","10:15:47",28,0.05,100,3363000,"B"
"STB","10:15:38",28,0.05,600,3362900,"B"
"STB","10:15:35",28.05,0.1,900,3362300,"S"
"STB","10:15:29",28,0.05,1000,3361400,"B"
"STB","10:15:20",28,0.05,18400,3360400,"B"
"STB","10:15:19",28,0.05,500,3342000,"B"
"STB","10:15:18",28,0.05,100,3341500,"B"
"STB","10:14:49",28,0.05,2000,3341400,"B"
"STB","10:14:47",28,0.05,100,3339400,"B"
"STB","10:14:16",28,0.05,100,3339300,"B"
"STB","10:13:59",28,0.05,500,3339200,"B"
"STB","10:13:53",28.05,0.1,900,3338700,"S"
"STB","10:13:49",28,0.05,2000,3337800,"B"
"STB","10:13:37",28,0.05,1000,3335800,"B"
"STB","10:13:36",28,0.05,11300,3334800,"B"
"STB","10:12:52",28.05,0.1,1000,3323500,"S"
"STB","10:12:45",28,0.05,2500,3322500,"B"
"STB","10:12:27",28,0.05,300,3320000,"B"
"STB","10:12:23",28.05,0.1,2000,3319700,"S"
"STB","10:12:05",28,0.05,28400,3317700,"S"
"STB","10:12:02",28,0.05,1000,3289300,"S"
"STB","10:11:51",28,0.05,1500,3288300,"S"
"STB","10:11:49",28,0.05,8000,3286800,"S"
"STB","10:11:34",27.95,0,900,3278800,"B"
"STB","10:11:33",28,0.05,200,3277900,"S"
"STB","10:11:22",28,0.05,400,3277700,"S"
"STB","10:11:17",28,0.05,71000,3277300,"S"
"STB","10:11:15",27.95,0,600,3206300,"B"
"STB","10:10:41",28,0.05,10000,3205700,"S"
"STB","10:10:19",27.95,0,600,3195700,"B"
"STB","10:10:18",27.95,0,9300,3195100,"B"
"STB","10:10:05",28,0.05,600,3185800,"S"
"STB","10:10:03",28,0.05,100,3185200,"S"
"STB","10:09:31",28,0.05,400,3185100,"S"
"STB","10:09:07",28,0.05,200,3184700,"S"
"STB","10:08:52",28,0.05,100,3184500,"S"
"STB","10:07:52",28,0.05,100,3184400,"S"
"STB","10:07:23",28,0.05,10000,3184300,"S"
"STB","10:07:12",28,0.05,100,3174300,"S"
"STB","10:07:10",28,0.05,100,3174200,"S"
"STB","10:07:07",28,0.05,1000,3174100,"S"
"STB","10:07:06",28,0.05,600,3173100,"S"
"STB","10:06:58",28,0.05,10000,3172500,"S"
"STB","10:06:57",28,0.05,5000,3162500,"S"
"STB","10:06:55",28,0.05,1300,3157500,"S"
"STB","10:06:52",28,0.05,1000,3156200,"S"
"STB","10:06:42",28,0.05,8600,3155200,"B"
"STB","10:06:39",28,0.05,5000,3146600,"B"
"STB","10:06:24",28,0.05,4000,3141600,"B"
"STB","10:06:19",28,0.05,100,3137600,"B"
"STB","10:06:18",28,0.05,300,3137500,"B"
"STB","10:06:14",28.05,0.1,700,3137200,"S"
"STB","10:06:04",28,0.05,1200,3136500,"B"
"STB","10:06:01",28,0.05,1000,3135300,"B"
"STB","10:05:57",28,0.05,1400,3134300,"B"
"STB","10:05:54",28,0.05,5000,3132900,"B"
"STB","10:05:49",28,0.05,400,3127900,"B"
"STB","10:05:41",28.05,0.1,500,3127500,"S"
"STB","10:05:28",28,0.05,200,3127000,"B"
"STB","10:05:25",28,0.05,1000,3126800,"B"
"STB","10:04:59",28,0.05,1000,3125800,"B"
"STB","10:04:56",28,0.05,5000,3124800,"B"
"STB","10:04:51",28,0.05,11900,3119800,"S"
"STB","10:04:42",28,0.05,13300,3107900,"S"
"STB","10:04:33",28,0.05,35500,3094600,"S"
"STB","10:04:23",28,0.05,1000,3059100,"S"
"STB","10:04:22",28,0.05,5000,3058100,"S"
"STB","10:03:23",28,0.05,2000,3053100,"S"
"STB","10:03:08",27.95,0,100,3051100,"B"
"STB","10:03:06",28,0.05,600,3051000,"S"
"STB","10:02:48",28,0.05,3000,3050400,"S"
"STB","10:02:33",28,0.05,100,3047400,"S"
"STB","10:02:20",28,0.05,100,3047300,"S"
"STB","10:02:17",28,0.05,400,3047200,"S"
"STB","10:02:08",28,0.05,2800,3046800,"S"
"STB","10:02:00",28,0.05,100,3044000,"S"
"STB","10:01:45",28,0.05,17200,3043900,"B"
"STB","10:01:41",28,0.05,3000,3026700,"B"
"STB","10:01:41",28,0.05,20000,3023700,"B"
"STB","10:01:26",28,0.05,30000,3003700,"B"
"STB","10:01:21",28,0.05,100,2973700,"B"
"STB","10:01:19",28,0.05,3000,2973600,"B"
"STB","10:01:18",28,0.05,100,2970600,"B"
"STB","10:01:17",28,0.05,100,2970500,"B"
"STB","10:01:16",28,0.05,10000,2970400,"B"
"STB","10:01:06",28,0.05,50000,2960400,"B"
"STB","10:01:05",28,0.05,2900,2910400,"B"
"STB","10:01:01",28,0.05,1500,2907500,"B"
"STB","10:00:53",28,0.05,1000,2906000,"B"
"STB","10:00:51",28,0.05,1000,2905000,"B"
"STB","10:00:50",28,0.05,30000,2904000,"B"
"STB","10:00:49",28,0.05,1000,2874000,"B"
"STB","10:00:38",28,0.05,500,2873000,"B"
"STB","10:00:34",28,0.05,2000,2872500,"B"
"STB","10:00:33",28,0.05,5000,2870500,"B"
"STB","10:00:23",28,0.05,2000,2865500,"B"
"STB","10:00:21",28,0.05,1000,2863500,"B"
"STB","10:00:19",28,0.05,500,2862500,"B"
"STB","10:00:17",28,0.05,1000,2862000,"B"
"STB","10:00:16",28,0.05,100,2861000,"B"
"STB","10:00:15",28,0.05,100,2860900,"B"
"STB","10:00:12",28,0.05,500,2860800,"B"
"STB","10:00:11",28,0.05,1000,2860300,"B"
"STB","10:00:05",28,0.05,2000,2859300,"B"
"STB","10:00:00",28,0.05,500,2857300,"B"
"STB","09:59:51",28,0.05,1000,2856800,"B"
"STB","09:59:40",28,0.05,150000,2855800,"B"
"STB","09:59:25",28,0.05,500,2705800,"B"
"STB","09:59:09",28,0.05,200,2705300,"B"
"STB","09:59:07",28,0.05,500,2705100,"B"
"STB","09:59:02",28,0.05,100,2704600,"B"
"STB","09:58:32",28,0.05,200,2704500,"B"
"STB","09:58:09",28,0.05,4000,2704300,"B"
"STB","09:58:07",28.05,0.1,10000,2700300,"S"
"STB","09:58:04",28,0.05,20000,2690300,"B"
"STB","09:57:55",28,0.05,10000,2670300,"B"
"STB","09:57:44",28,0.05,5000,2660300,"B"
"STB","09:57:41",28,0.05,100,2655300,"B"
"STB","09:57:39",28,0.05,2000,2655200,"B"
"STB","09:57:27",28.05,0.1,1800,2653200,"S"
"STB","09:56:51",28,0.05,1000,2651400,"B"
"STB","09:56:45",28,0.05,100,2650400,"B"
"STB","09:56:26",28.05,0.1,14000,2650300,"S"
"STB","09:56:21",28.05,0.1,2000,2636300,"S"
"STB","09:56:03",28,0.05,100,2634300,"B"
"STB","09:55:58",28.05,0.1,200,2634200,"S"
"STB","09:55:56",28.05,0.1,1000,2634000,"S"
"STB","09:55:51",28.05,0.1,100,2633000,"S"
"STB","09:55:47",28.05,0.1,1200,2632900,"S"
"STB","09:55:27",28.05,0.1,4000,2631700,"S"
"STB","09:55:26",28.05,0.1,100,2627700,"S"
"STB","09:54:40",28,0.05,500,2627600,"B"
"STB","09:53:50",28.05,0.1,500,2627100,"S"
"STB","09:53:48",28.05,0.1,500,2626600,"S"
"STB","09:53:43",28.05,0.1,500,2626100,"S"
"STB","09:53:38",28.05,0.1,100,2625600,"S"
"STB","09:53:36",28.05,0.1,2000,2625500,"S"
"STB","09:53:31",28.05,0.1,500,2623500,"S"
"STB","09:53:30",28.05,0.1,200,2623000,"S"
"STB","09:53:19",28.05,0.1,19000,2622800,"S"
"STB","09:53:16",28.05,0.1,300,2603800,"S"
"STB","09:53:13",28.05,0.1,100,2603500,"S"
"STB","09:53:10",28.05,0.1,3000,2603400,"S"
"STB","09:53:09",28.05,0.1,1500,2600400,"S"
"STB","09:53:08",28.05,0.1,500,2598900,"S"
"STB","09:53:05",28.05,0.1,200,2598400,"S"
"STB","09:53:01",28.05,0.1,200,2598200,"S"
"STB","09:52:50",28.05,0.1,5500,2598000,"B"
"STB","09:52:38",28.05,0.1,5000,2592500,"B"
"STB","09:52:37",28.05,0.1,50000,2587500,"B"
"STB","09:52:23",28.05,0.1,1000,2537500,"B"
"STB","09:52:22",28.05,0.1,200,2536500,"B"
"STB","09:52:04",28.1,0.15,5000,2536300,"S"
"STB","09:51:54",28.05,0.1,500,2531300,"B"
"STB","09:51:52",28.05,0.1,14300,2530800,"S"
"STB","09:51:49",28.05,0.1,700,2516500,"S"
"STB","09:51:47",28.05,0.1,16000,2515800,"S"
"STB","09:51:46",28.05,0.1,100,2499800,"S"
"STB","09:51:45",28.05,0.1,500,2499700,"S"
"STB","09:51:44",28.05,0.1,100,2499200,"S"
"STB","09:51:43",28.05,0.1,1100,2499100,"S"
"STB","09:51:42",28.05,0.1,200,2498000,"S"
"STB","09:51:37",28.05,0.1,100,2497800,"S"
"STB","09:51:36",28.05,0.1,3000,2497700,"S"
"STB","09:51:35",28.05,0.1,1500,2494700,"S"
"STB","09:51:27",28.05,0.1,500,2493200,"S"
"STB","09:51:18",28.05,0.1,50000,2492700,"S"
"STB","09:51:17",28.05,0.1,300,2442700,"S"
"STB","09:51:10",28.05,0.1,300,2442400,"S"
"STB","09:51:09",28.05,0.1,1700,2442100,"S"
"STB","09:50:50",28.05,0.1,5000,2440400,"S"
"STB","09:50:45",28,0.05,10000,2435400,"B"
"STB","09:50:01",28,0.05,1500,2425400,"B"
"STB","09:49:34",28,0.05,36000,2423900,"S"
"STB","09:49:33",28,0.05,37400,2387900,"S"
"STB","09:49:32",28,0.05,10000,2350500,"S"
"STB","09:49:10",27.95,0,500,2340500,"B"
"STB","09:49:10",28,0.05,200,2340000,"S"
"STB","09:49:09",28,0.05,1500,2339800,"S"
"STB","09:48:56",27.95,0,2200,2338300,"B"
"STB","09:48:55",28,0.05,1000,2336100,"S"
"STB","09:48:48",28,0.05,300,2335100,"S"
"STB","09:48:40",28,0.05,5000,2334800,"S"
"STB","09:48:32",28,0.05,900,2329800,"S"
"STB","09:48:31",28,0.05,20000,2328900,"S"
"STB","09:48:28",27.95,0,200,2308900,"B"
"STB","09:48:28",27.95,0,1000,2308700,"B"
"STB","09:48:26",28,0.05,7600,2307700,"S"
"STB","09:48:24",28,0.05,2000,2300100,"S"
"STB","09:48:19",28,0.05,700,2298100,"S"
"STB","09:48:18",28,0.05,400,2296200,"S"
"STB","09:48:14",27.95,0,700,2295800,"B"
"STB","09:48:10",27.95,0,1200,2295100,"B"
"STB","09:48:01",27.95,0,1200,2293900,"B"
"STB","09:47:52",27.95,0,200,2292700,"B"
"STB","09:47:51",27.95,0,1000,2292500,"B"
"STB","09:47:44",27.95,0,100,2291500,"B"
"STB","09:47:43",27.95,0,1200,2291400,"B"
"STB","09:47:39",28,0.05,15400,2290200,"S"
"STB","09:47:34",27.95,0,1200,2274800,"B"
"STB","09:47:25",27.95,0,1200,2273600,"B"
"STB","09:47:16",27.95,0,1200,2272400,"B"
"STB","09:47:12",27.95,0,1000,2271200,"B"
"STB","09:47:07",27.95,0,200,2270200,"B"
"STB","09:47:07",27.95,0,1000,2270000,"B"
"STB","09:46:58",27.95,0,1200,2269000,"B"
"STB","09:46:56",27.95,0,6400,2267800,"B"
"STB","09:46:49",27.95,0,200,2261400,"B"
"STB","09:46:48",27.95,0,1000,2261200,"B"
"STB","09:46:40",27.95,0,200,2260200,"B"
"STB","09:46:39",27.95,0,1000,2260000,"B"
"STB","09:46:31",27.95,0,200,2259000,"B"
"STB","09:46:30",27.95,0,1000,2258800,"B"
"STB","09:46:29",28,0.05,2000,2257800,"S"
"STB","09:46:24",28,0.05,1000,2255800,"S"
"STB","09:46:22",27.95,0,200,2254800,"B"
"STB","09:46:21",27.95,0,1000,2254600,"B"
"STB","09:46:13",27.95,0,200,2253600,"B"
"STB","09:46:12",27.95,0,1000,2253400,"B"
"STB","09:46:04",27.95,0,200,2252400,"B"
"STB","09:46:03",27.95,0,1000,2252200,"B"
"STB","09:45:57",28,0.05,100,2251200,"S"
"STB","09:45:55",27.95,0,1200,2251100,"B"
"STB","09:45:46",27.95,0,200,2249900,"B"
"STB","09:45:45",27.95,0,1000,2249700,"B"
"STB","09:45:37",27.95,0,200,2248700,"B"
"STB","09:45:36",27.95,0,1000,2248500,"B"
"STB","09:45:31",28,0.05,3200,2247500,"S"
"STB","09:45:28",27.95,0,200,2244300,"B"
"STB","09:45:27",27.95,0,600,2244100,"B"
"STB","09:45:26",28,0.05,3000,2243500,"S"
"STB","09:45:20",28,0.05,500,2240500,"S"
"STB","09:45:19",27.95,0,200,2240000,"B"
"STB","09:45:18",27.95,0,1000,2239800,"B"
"STB","09:45:17",28,0.05,1100,2238800,"S"
"STB","09:45:11",28,0.05,800,2237700,"B"
"STB","09:45:10",28,0.05,200,2236900,"B"
"STB","09:45:09",28,0.05,1000,2236700,"B"
"STB","09:45:06",27.95,0,222900,2235700,"B"
"STB","09:45:06",27.95,0,500,2012800,"B"
"STB","09:45:06",28,0.05,11600,2012300,"B"
"STB","09:45:03",28,0.05,1000,2000700,"B"
"STB","09:45:01",28,0.05,200,1999700,"B"
"STB","09:45:00",28,0.05,1000,1999500,"B"
"STB","09:44:52",28,0.05,200,1998500,"B"
"STB","09:44:51",28,0.05,1000,1998300,"B"
"STB","09:44:49",28,0.05,100000,1997300,"B"
"STB","09:44:45",28,0.05,300,1897300,"B"
"STB","09:44:43",28,0.05,200,1897000,"B"
"STB","09:44:42",28,0.05,1000,1896800,"B"
"STB","09:44:33",28,0.05,1200,1895800,"B"
"STB","09:44:24",28,0.05,1200,1894600,"B"
"STB","09:44:20",28,0.05,100,1893400,"B"
"STB","09:44:15",28,0.05,1200,1893300,"B"
"STB","09:44:07",28,0.05,200,1892100,"B"
"STB","09:43:57",28,0.05,1200,1890900,"B"
"STB","09:43:52",28,0.05,5000,1889700,"B"
"STB","09:43:48",28,0.05,1200,1884700,"B"
"STB","09:43:46",28,0.05,2000,1883500,"B"
"STB","09:43:46",28.05,0.1,1000,1881500,"S"
"STB","09:43:41",28.05,0.1,4000,1880500,"S"
"STB","09:43:39",28,0.05,200,1876500,"B"
"STB","09:43:39",28,0.05,1000,1876300,"B"
"STB","09:43:33",28.05,0.1,1000,1875300,"S"
"STB","09:43:30",28,0.05,200,1874300,"B"
"STB","09:43:30",28,0.05,1000,1874100,"B"
"STB","09:43:21",28.05,0.1,3000,1873100,"S"
"STB","09:43:21",28,0.05,1200,1870100,"B"
"STB","09:43:13",28,0.05,200,1868900,"B"
"STB","09:43:12",28,0.05,1000,1868700,"B"
"STB","09:43:03",28,0.05,1200,1867700,"B"
"STB","09:42:58",28.05,0.1,1000,1866500,"S"
"STB","09:42:56",28,0.05,100,1865500,"B"
"STB","09:42:54",28,0.05,1200,1865400,"B"
"STB","09:42:46",28.05,0.1,100,1864200,"S"
"STB","09:42:36",28.05,0.1,5000,1864100,"S"
"STB","09:42:30",28.05,0.1,78500,1859100,"B"
"STB","09:41:58",28.1,0.15,1000,1780600,"S"
"STB","09:41:39",28.05,0.1,100,1779600,"B"
"STB","09:41:09",28.05,0.1,500,1779500,"B"
"STB","09:40:54",28.05,0.1,1500,1779000,"B"
"STB","09:40:51",28.1,0.15,6000,1777500,"S"
"STB","09:40:27",28.1,0.15,300,1771500,"S"
"STB","09:40:19",28.05,0.1,5000,1771200,"B"
"STB","09:40:03",28.1,0.15,5000,1766200,"S"
"STB","09:40:03",28.05,0.1,3600,1761200,"B"
"STB","09:39:25",28.1,0.15,600,1757600,"S"
"STB","09:39:23",28.05,0.1,13000,1757000,"B"
"STB","09:39:22",28.05,0.1,100,1744000,"B"
"STB","09:39:15",28.05,0.1,300,1743900,"B"
"STB","09:39:13",28.05,0.1,500,1743600,"B"
"STB","09:39:13",28.05,0.1,2000,1743100,"B"
"STB","09:39:12",28.05,0.1,5000,1741100,"B"
"STB","09:38:52",28.05,0.1,20000,1736100,"B"
"STB","09:38:31",28.05,0.1,2000,1716100,"B"
"STB","09:38:27",28.1,0.15,1600,1714100,"S"
"STB","09:38:18",28.05,0.1,8700,1712500,"B"
"STB","09:38:16",28.05,0.1,500,1703800,"B"
"STB","09:38:15",28.05,0.1,1000,1703300,"B"
"STB","09:38:11",28.05,0.1,200,1702300,"B"
"STB","09:38:10",28.05,0.1,3000,1702100,"B"
"STB","09:38:06",28.05,0.1,500,1699100,"B"
"STB","09:38:00",28.05,0.1,200,1698600,"B"
"STB","09:37:53",28.05,0.1,500,1698400,"B"
"STB","09:37:49",28.05,0.1,1000,1697900,"B"
"STB","09:37:38",28.05,0.1,7500,1696900,"B"
"STB","09:37:30",28.05,0.1,1000,1689400,"B"
"STB","09:37:16",28.05,0.1,2000,1688400,"B"
"STB","09:37:16",28.05,0.1,100,1686400,"B"
"STB","09:37:15",28.05,0.1,500,1686300,"B"
"STB","09:36:53",28.05,0.1,15000,1685800,"B"
"STB","09:36:49",28.05,0.1,100,1670800,"B"
"STB","09:36:35",28.05,0.1,200,1670700,"B"
"STB","09:36:33",28.05,0.1,300,1670500,"B"
"STB","09:36:10",28.05,0.1,2300,1670200,"B"
"STB","09:36:03",28.05,0.1,10100,1667900,"B"
"STB","09:35:54",28.1,0.15,1000,1657800,"S"
"STB","09:35:50",28.05,0.1,500,1656800,"B"
"STB","09:35:49",28.05,0.1,500,1656300,"B"
"STB","09:35:36",28.05,0.1,1500,1655800,"S"
"STB","09:35:30",28.05,0.1,2500,1654300,"B"
"STB","09:35:26",28.05,0.1,5000,1651800,"B"
"STB","09:35:24",28.05,0.1,1000,1646800,"B"
"STB","09:35:22",28.05,0.1,50000,1645800,"B"
"STB","09:35:07",28.05,0.1,2900,1595800,"B"
"STB","09:35:06",28.05,0.1,100,1592900,"B"
"STB","09:34:59",28.05,0.1,1000,1592800,"B"
"STB","09:34:58",28.05,0.1,500,1591800,"B"
"STB","09:34:57",28.05,0.1,5000,1591300,"B"
"STB","09:34:57",28.05,0.1,20000,1586300,"B"
"STB","09:34:44",28.05,0.1,200,1566300,"B"
"STB","09:34:43",28.05,0.1,100,1566100,"B"
"STB","09:34:43",28.05,0.1,3800,1566000,"B"
"STB","09:34:36",28.05,0.1,3000,1562200,"B"
"STB","09:34:31",28.05,0.1,30000,1559200,"B"
"STB","09:34:29",28.05,0.1,1000,1529200,"B"
"STB","09:34:27",28.05,0.1,100,1528200,"B"
"STB","09:34:21",28.05,0.1,200,1528100,"B"
"STB","09:34:14",28.05,0.1,100,1527900,"B"
"STB","09:33:59",28.05,0.1,200,1527800,"B"
"STB","09:33:48",28.05,0.1,100,1527600,"S"
"STB","09:33:36",28,0.05,30300,1527500,"B"
"STB","09:33:36",28.05,0.1,300,1497200,"B"
"STB","09:33:34",28.05,0.1,1200,1496900,"S"
"STB","09:33:28",28.05,0.1,20000,1495700,"S"
"STB","09:33:24",28.05,0.1,100,1475700,"S"
"STB","09:33:24",28.05,0.1,9300,1475600,"S"
"STB","09:33:04",28.05,0.1,9300,1466300,"S"
"STB","09:33:03",28.05,0.1,1000,1457000,"S"
"STB","09:32:54",28.05,0.1,5000,1456000,"S"
"STB","09:32:48",28.05,0.1,9300,1451000,"S"
"STB","09:32:44",28.05,0.1,400,1441700,"S"
"STB","09:32:38",28,0.05,9000,1441300,"B"
"STB","09:32:37",28,0.05,3000,1432300,"B"
"STB","09:32:33",28,0.05,5000,1429300,"B"
"STB","09:32:32",28.05,0.1,900,1424300,"S"
"STB","09:32:25",28,0.05,2500,1423400,"B"
"STB","09:32:22",28,0.05,10000,1420900,"B"
"STB","09:32:18",28,0.05,15000,1410900,"B"
"STB","09:32:17",28,0.05,400,1395900,"B"
"STB","09:32:11",28,0.05,32000,1395500,"B"
"STB","09:32:07",28,0.05,2000,1363500,"B"
"STB","09:32:06",28,0.05,300,1361500,"B"
"STB","09:32:04",28,0.05,500,1361200,"B"
"STB","09:31:50",28,0.05,113900,1360700,"B"
"STB","09:31:45",28.05,0.1,1000,1246800,"S"
"STB","09:31:43",28.05,0.1,3000,1245800,"S"
"STB","09:31:33",28.05,0.1,43200,1242800,"B"
"STB","09:31:32",28.05,0.1,1800,1199600,"B"
"STB","09:31:30",28.05,0.1,50000,1197800,"B"
"STB","09:31:27",28.05,0.1,50000,1147800,"B"
"STB","09:31:23",28.05,0.1,1500,1097800,"B"
"STB","09:31:20",28.05,0.1,500,1096300,"B"
"STB","09:31:14",28.05,0.1,2000,1095800,"B"
"STB","09:31:12",28.05,0.1,500,1093800,"B"
"STB","09:31:09",28.1,0.15,1900,1093300,"S"
"STB","09:30:59",28.05,0.1,50000,1091400,"B"
"STB","09:30:49",28.05,0.1,100,1041400,"B"
"STB","09:30:42",28.05,0.1,100,1041300,"B"
"STB","09:30:40",28.05,0.1,1000,1041200,"B"
"STB","09:30:29",28.05,0.1,40000,1040200,"B"
"STB","09:30:26",28.05,0.1,200,1000200,"B"
"STB","09:30:25",28.05,0.1,40000,1000000,"B"
"STB","09:30:19",28.05,0.1,500,960000,"B"
"STB","09:30:17",28.1,0.15,700,959500,"S"
"STB","09:30:17",28.05,0.1,1000,958800,"B"
"STB","09:30:02",28.05,0.1,300,957800,"B"
"STB","09:29:35",28.05,0.1,6000,957500,"B"
"STB","09:29:11",28.05,0.1,500,951500,"B"
"STB","09:29:09",28.05,0.1,3200,951000,"B"
"STB","09:29:07",28.05,0.1,500,947800,"B"
"STB","09:28:56",28.05,0.1,100,947300,"B"
"STB","09:28:42",28.1,0.15,100,947200,"S"
"STB","09:28:35",28.1,0.15,1500,947100,"S"
"STB","09:28:33",28.05,0.1,100,945600,"B"
"STB","09:28:27",28.05,0.1,3000,945500,"B"
"STB","09:28:25",28.05,0.1,1000,942500,"B"
"STB","09:28:09",28.05,0.1,100,941500,"B"
"STB","09:28:05",28.05,0.1,96700,941400,"B"
"STB","09:27:56",28.05,0.1,100,844700,"B"
"STB","09:27:55",28.1,0.15,9300,844600,"S"
"STB","09:27:52",28.1,0.15,10000,835300,"S"
"STB","09:27:49",28.1,0.15,14000,825300,"S"
"STB","09:27:39",28.1,0.15,200,811300,"S"
"STB","09:27:31",28.05,0.1,1500,811100,"B"
"STB","09:27:20",28.1,0.15,1000,809600,"S"
"STB","09:27:18",28.05,0.1,1400,808600,"B"
"STB","09:27:05",28.1,0.15,4000,807200,"S"
"STB","09:26:46",28.1,0.15,1000,803200,"S"
"STB","09:26:38",28.1,0.15,1000,802200,"S"
"STB","09:26:31",28.1,0.15,200,801200,"S"
"STB","09:26:21",28.1,0.15,2100,801000,"S"
"STB","09:26:16",28.1,0.15,500,798900,"S"
"STB","09:26:15",28.1,0.15,10000,798400,"S"
"STB","09:26:13",28.1,0.15,400,788400,"S"
"STB","09:26:01",28.1,0.15,500,788000,"S"
"STB","09:25:55",28.1,0.15,9300,787500,"S"
"STB","09:25:40",28.1,0.15,1000,778200,"S"
"STB","09:25:32",28.1,0.15,9300,777200,"S"
"STB","09:25:22",28.05,0.1,200,767900,"B"
"STB","09:25:18",28.05,0.1,200,767700,"B"
"STB","09:25:10",28.05,0.1,400,767500,"B"
"STB","09:25:09",28.05,0.1,100,767100,"B"
"STB","09:25:08",28.05,0.1,100,767000,"B"
"STB","09:25:04",28.05,0.1,100,766900,"B"
"STB","09:24:59",28.05,0.1,500,766800,"B"
"STB","09:24:42",28.05,0.1,1600,766300,"B"
"STB","09:24:40",28.1,0.15,1000,764700,"S"
"STB","09:24:31",28.1,0.15,300,763700,"S"
"STB","09:24:23",28.05,0.1,200,763400,"B"
"STB","09:24:12",28.05,0.1,1000,758100,"B"
"STB","09:23:58",28.05,0.1,800,757100,"B"
"STB","09:23:58",28.1,0.15,1000,756300,"S"
"STB","09:23:57",28.1,0.15,2200,755300,"S"
"STB","09:23:56",28.1,0.15,1000,753100,"S"
"STB","09:23:38",28.1,0.15,10400,752100,"S"
"STB","09:23:37",28.1,0.15,3000,741700,"S"
"STB","09:23:35",28.1,0.15,600,738700,"S"
"STB","09:23:20",28.1,0.15,300,738100,"S"
"STB","09:23:18",28.1,0.15,400,737800,"S"
"STB","09:23:06",28.1,0.15,100,737400,"S"
"STB","09:22:59",28.1,0.15,800,737300,"S"
"STB","09:22:56",28.1,0.15,14000,736500,"S"
"STB","09:22:55",28.1,0.15,200,722500,"S"
"STB","09:22:50",28.1,0.15,500,722300,"S"
"STB","09:22:39",28.1,0.15,5000,721800,"S"
"STB","09:22:32",28.05,0.1,200,716800,"B"
"STB","09:22:24",28.1,0.15,200,716600,"S"
"STB","09:22:16",28.1,0.15,5000,716400,"S"
"STB","09:22:12",28.1,0.15,900,711400,"S"
"STB","09:22:11",28.1,0.15,400,710500,"S"
"STB","09:22:05",28.1,0.15,1100,710100,"B"
"STB","09:22:00",28.1,0.15,1000,709000,"B"
"STB","09:21:57",28.1,0.15,1000,708000,"B"
"STB","09:21:55",28.1,0.15,20000,707000,"B"
"STB","09:21:52",28.1,0.15,7400,687000,"S"
"STB","09:21:51",28.1,0.15,100,679600,"S"
"STB","09:21:46",28.05,0.1,3000,679500,"B"
"STB","09:21:44",28.05,0.1,100,676500,"B"
"STB","09:21:34",28.1,0.15,100000,676400,"S"
"STB","09:21:29",28.1,0.15,9300,576400,"S"
"STB","09:21:25",28.05,0.1,100,567100,"B"
"STB","09:21:24",28.1,0.15,200,567000,"S"
"STB","09:21:21",28.1,0.15,2000,566800,"S"
"STB","09:21:18",28.05,0.1,500,564800,"B"
"STB","09:20:50",28.05,0.1,100,564300,"B"
"STB","09:20:37",28.05,0.1,3000,564200,"B"
"STB","09:20:34",28.05,0.1,2000,561200,"B"
"STB","09:20:31",28.05,0.1,2000,559200,"B"
"STB","09:20:29",28.05,0.1,900,557200,"B"
"STB","09:20:26",28.05,0.1,2000,556300,"B"
"STB","09:20:25",28.05,0.1,25000,554300,"B"
"STB","09:20:15",28.05,0.1,5000,529300,"B"
"STB","09:20:15",28.1,0.15,1700,524300,"S"
"STB","09:20:15",28.05,0.1,1000,522600,"B"
"STB","09:20:10",28.05,0.1,300,521600,"B"
"STB","09:20:08",28.05,0.1,20000,521300,"B"
"STB","09:20:01",28.05,0.1,29200,501300,"B"
"STB","09:20:01",28.05,0.1,800,472100,"B"
"STB","09:19:58",28.05,0.1,30000,471300,"B"
"STB","09:19:48",28.05,0.1,30000,441300,"B"
"STB","09:19:45",28.05,0.1,30000,411300,"B"
"STB","09:19:42",28.05,0.1,30000,381300,"B"
"STB","09:19:38",28.05,0.1,6300,351300,"B"
"STB","09:19:29",28.05,0.1,1000,345000,"B"
"STB","09:19:07",28.05,0.1,10000,344000,"B"
"STB","09:19:03",28.05,0.1,10000,334000,"B"
"STB","09:18:56",28.05,0.1,10000,324000,"B"
"STB","09:18:54",28.1,0.15,500,314000,"S"
"STB","09:18:52",28.1,0.15,100,313500,"S"
"STB","09:18:48",28.1,0.15,1000,313400,"S"
"STB","09:18:46",28.1,0.15,8000,312400,"S"
"STB","09:18:45",28.1,0.15,100,304400,"S"
"STB","09:18:40",28.1,0.15,600,304300,"S"
"STB","09:18:23",28.1,0.15,200,303700,"S"
"STB","09:18:22",28.1,0.15,200,303500,"S"
"STB","09:18:21",28.1,0.15,200,303300,"S"
"STB","09:18:11",28.1,0.15,30000,303100,"S"
"STB","09:18:08",28.1,0.15,9300,273100,"S"
"STB","09:17:54",28.1,0.15,600,263800,"S"
"STB","09:17:53",28.1,0.15,5000,263200,"S"
"STB","09:17:47",28.1,0.15,100,258200,"S"
"STB","09:17:45",28.1,0.15,200,258100,"S"
"STB","09:17:34",28.1,0.15,5000,257900,"S"
"STB","09:17:33",28.1,0.15,500,252900,"S"
"STB","09:17:32",28.1,0.15,10000,252400,"S"
"STB","09:17:29",28.1,0.15,900,242400,"S"
"STB","09:17:26",28.1,0.15,10000,241500,"S"
"STB","09:17:21",28.1,0.15,9300,231500,"S"
"STB","09:17:20",28.1,0.15,1800,222200,"S"
"STB","09:17:20",28.1,0.15,14100,220400,"S"
"STB","09:17:16",28.1,0.15,500,206300,"S"
"STB","09:17:09",28.1,0.15,1700,205800,"S"
"STB","09:17:05",28.1,0.15,1700,204100,"S"
"STB","09:16:57",28.1,0.15,100,202400,"S"
"STB","09:16:55",28.1,0.15,100,202300,"S"
"STB","09:16:53",28.1,0.15,100,202200,"S"
"STB","09:16:51",28.1,0.15,100,202100,"S"
"STB","09:16:47",28.1,0.15,20100,202000,"S"
"STB","09:16:46",28.1,0.15,2000,181900,"S"
"STB","09:16:45",28.1,0.15,100,179900,"S"
"STB","09:16:36",28.15,0.2,8100,179800,"S"
"STB","09:16:36",28.1,0.15,1900,171700,"S"
"STB","09:16:33",28.1,0.15,8100,169800,"B"
"STB","09:16:31",28.1,0.15,10100,161700,"B"
"STB","09:16:24",28.1,0.15,200,151600,"B"
"STB","09:16:22",28.15,0.2,400,151400,"S"
"STB","09:16:22",28.1,0.15,1700,151000,"B"
"STB","09:16:20",28.15,0.2,10000,149300,"S"
"STB","09:16:12",28.15,0.2,9300,139300,"S"
"STB","09:16:11",28.15,0.2,4000,130000,"S"
"STB","09:16:08",28.1,0.15,100,126000,"B"
"STB","09:16:07",28.1,0.15,100,125900,"B"
"STB","09:15:57",28.1,0.15,100,125800,"S"
"STB","09:15:49",28.15,0.2,3000,125700,"S"
"STB","09:15:49",28.1,0.15,6300,122700,"S"
"STB","09:15:47",28.1,0.15,100,116400,"S"
"STB","09:15:46",28.05,0.1,100,116300,"B"
"STB","09:15:45",28.1,0.15,10000,116200,"S"
"STB","09:15:29",28.05,0.1,100,106200,"B"
"STB","09:15:26",28.1,0.15,9300,106100,"S"
"STB","09:15:21",28.05,0.1,1800,96800,"B"
"STB","09:15:18",28.05,0.1,11300,95000,"S"
"STB","09:15:14",28,0.05,100,83700,"B"
"STB","09:15:14",28.05,0.1,400,83600,"S"
"STB","09:15:03",28,0.05,100,83200,"B"
"STB","09:15:01",28,0.05,83100,83100,
