"symbol","time","price","change","vol","total","side"
"VND","14:45:01",22.15,-0.1,1388000,27966500,
"VND","14:29:57",22.2,-0.05,2000,26578500,"B"
"VND","14:29:57",22.2,-0.05,165700,26576500,"S"
"VND","14:29:56",22.15,-0.1,500,26410800,"B"
"VND","14:29:52",22.15,-0.1,3000,26410300,"B"
"VND","14:29:49",22.15,-0.1,200,26407300,"B"
"VND","14:29:47",22.15,-0.1,3500,26407100,"B"
"VND","14:29:47",22.15,-0.1,3200,26403600,"S"
"VND","14:29:46",22.15,-0.1,100,26400400,"S"
"VND","14:29:45",22.15,-0.1,1000,26400300,"S"
"VND","14:29:45",22.15,-0.1,4700,26399300,"B"
"VND","14:29:43",22.15,-0.1,2000,26394600,"B"
"VND","14:29:41",22.15,-0.1,4900,26392100,"S"
"VND","14:29:40",22.15,-0.1,10100,26387200,"S"
"VND","14:29:39",22.15,-0.1,500,26377100,"S"
"VND","14:29:39",22.1,-0.15,100,26376600,"B"
"VND","14:29:39",22.1,-0.15,1000,26376500,"B"
"VND","14:29:39",22.15,-0.1,500,26375500,"S"
"VND","14:29:38",22.15,-0.1,200,26375000,"S"
"VND","14:29:37",22.15,-0.1,5100,26374800,"S"
"VND","14:29:35",22.1,-0.15,3000,26369700,"B"
"VND","14:29:33",22.15,-0.1,500,26366700,"S"
"VND","14:29:33",22.15,-0.1,500,26366200,"S"
"VND","14:29:32",22.15,-0.1,16000,26365700,"S"
"VND","14:29:31",22.15,-0.1,600,26349700,"S"
"VND","14:29:30",22.1,-0.15,200,26349100,"B"
"VND","14:29:28",22.15,-0.1,1500,26348900,"S"
"VND","14:29:28",22.15,-0.1,100,26347400,"S"
"VND","14:29:26",22.15,-0.1,200,26347300,"S"
"VND","14:29:24",22.15,-0.1,10000,26347100,"S"
"VND","14:29:24",22.15,-0.1,300,26337100,"S"
"VND","14:29:23",22.15,-0.1,2500,26336800,"S"
"VND","14:29:21",22.15,-0.1,1000,26334300,"S"
"VND","14:29:20",22.15,-0.1,15200,26333300,"B"
"VND","14:29:19",22.15,-0.1,10000,26318100,"B"
"VND","14:29:18",22.15,-0.1,400,26308100,"B"
"VND","14:29:17",22.15,-0.1,1000,26307700,"B"
"VND","14:29:16",22.15,-0.1,500,26306700,"B"
"VND","14:29:15",22.15,-0.1,1000,26306200,"B"
"VND","14:29:10",22.15,-0.1,200,26305200,"B"
"VND","14:29:08",22.15,-0.1,1000,26305000,"B"
"VND","14:29:07",22.15,-0.1,300,26304000,"B"
"VND","14:29:06",22.15,-0.1,1000,26303700,"B"
"VND","14:29:05",22.15,-0.1,3500,26302700,"S"
"VND","14:29:05",22.1,-0.15,10000,26299200,"B"
"VND","14:29:04",22.15,-0.1,6700,26289200,"B"
"VND","14:29:03",22.15,-0.1,1500,26282500,"B"
"VND","14:29:01",22.15,-0.1,100,26281000,"B"
"VND","14:29:00",22.15,-0.1,10000,26280900,"B"
"VND","14:28:59",22.15,-0.1,2600,26270900,"B"
"VND","14:28:52",22.15,-0.1,200,26268300,"S"
"VND","14:28:51",22.15,-0.1,500,26268100,"S"
"VND","14:28:50",22.15,-0.1,1000,26267600,"S"
"VND","14:28:49",22.15,-0.1,100,26266600,"S"
"VND","14:28:49",22.15,-0.1,6000,26266500,"S"
"VND","14:28:47",22.15,-0.1,20100,26260500,"S"
"VND","14:28:45",22.15,-0.1,4000,26240400,"S"
"VND","14:28:42",22.15,-0.1,2000,26236400,"S"
"VND","14:28:42",22.15,-0.1,10000,26234400,"S"
"VND","14:28:41",22.15,-0.1,300,26224400,"S"
"VND","14:28:40",22.1,-0.15,1700,26224100,"B"
"VND","14:28:37",22.15,-0.1,1000,26222400,"S"
"VND","14:28:35",22.15,-0.1,500,26221400,"S"
"VND","14:28:32",22.1,-0.15,2400,26220900,"B"
"VND","14:28:32",22.1,-0.15,6600,26218500,"B"
"VND","14:28:31",22.15,-0.1,200,26211900,"S"
"VND","14:28:28",22.15,-0.1,400,26211700,"S"
"VND","14:28:27",22.1,-0.15,20000,26211300,"B"
"VND","14:28:27",22.15,-0.1,100,26191300,"S"
"VND","14:28:26",22.15,-0.1,3000,26191200,"S"
"VND","14:28:26",22.15,-0.1,23100,26188200,"B"
"VND","14:28:25",22.15,-0.1,300,26165100,"B"
"VND","14:28:24",22.15,-0.1,1000,26164800,"B"
"VND","14:28:23",22.15,-0.1,200,26163800,"B"
"VND","14:28:22",22.15,-0.1,1000,26163600,"B"
"VND","14:28:21",22.2,-0.05,100,26162600,"S"
"VND","14:28:20",22.15,-0.1,5000,26162500,"B"
"VND","14:28:20",22.15,-0.1,1000,26157500,"B"
"VND","14:28:19",22.15,-0.1,31700,26156500,"S"
"VND","14:28:18",22.15,-0.1,1000,26124800,"S"
"VND","14:28:12",22.15,-0.1,3700,26123800,"B"
"VND","14:28:11",22.2,-0.05,100,26120100,"S"
"VND","14:28:11",22.15,-0.1,3400,26120000,"S"
"VND","14:28:10",22.15,-0.1,2300,26116600,"B"
"VND","14:28:09",22.15,-0.1,11800,26114300,"B"
"VND","14:28:08",22.15,-0.1,2000,26102500,"B"
"VND","14:28:08",22.15,-0.1,100,26100500,"B"
"VND","14:28:05",22.15,-0.1,2000,26100400,"B"
"VND","14:28:04",22.15,-0.1,56100,26098400,"B"
"VND","14:28:03",22.15,-0.1,6500,26042300,"B"
"VND","14:27:59",22.15,-0.1,3000,26035800,"B"
"VND","14:27:56",22.15,-0.1,1000,26032800,"B"
"VND","14:27:55",22.15,-0.1,15300,26031800,"B"
"VND","14:27:51",22.15,-0.1,2000,26016500,"B"
"VND","14:27:50",22.15,-0.1,200,26014500,"B"
"VND","14:27:45",22.15,-0.1,2300,26014300,"B"
"VND","14:27:43",22.15,-0.1,800,26012000,"B"
"VND","14:27:41",22.15,-0.1,8200,26011200,"S"
"VND","14:27:40",22.15,-0.1,2200,26003000,"B"
"VND","14:27:38",22.15,-0.1,2000,26000800,"B"
"VND","14:27:38",22.15,-0.1,2000,25998800,"B"
"VND","14:27:36",22.15,-0.1,500,25996800,"B"
"VND","14:27:34",22.15,-0.1,80000,25996300,"B"
"VND","14:27:31",22.15,-0.1,2100,25916300,"B"
"VND","14:27:29",22.15,-0.1,400,25914200,"B"
"VND","14:27:27",22.15,-0.1,900,25913800,"B"
"VND","14:27:25",22.15,-0.1,1000,25912900,"B"
"VND","14:27:24",22.15,-0.1,2500,25911900,"B"
"VND","14:27:21",22.15,-0.1,9000,25909400,"B"
"VND","14:27:19",22.15,-0.1,4700,25900400,"B"
"VND","14:27:16",22.2,-0.05,1000,25895700,"S"
"VND","14:27:16",22.15,-0.1,1000,25894700,"B"
"VND","14:27:15",22.15,-0.1,5400,25893700,"S"
"VND","14:27:15",22.15,-0.1,700,25888000,"S"
"VND","14:27:12",22.15,-0.1,2100,25887300,"S"
"VND","14:27:10",22.15,-0.1,1000,25885200,"S"
"VND","14:27:10",22.15,-0.1,100,25884200,"S"
"VND","14:27:09",22.1,-0.15,5200,25884100,"B"
"VND","14:27:09",22.15,-0.1,16100,25878900,"B"
"VND","14:27:07",22.15,-0.1,7000,25862800,"B"
"VND","14:27:03",22.15,-0.1,4000,25855800,"B"
"VND","14:27:02",22.15,-0.1,2800,25851800,"B"
"VND","14:26:59",22.2,-0.05,2000,25849000,"S"
"VND","14:26:58",22.15,-0.1,2500,25847000,"B"
"VND","14:26:56",22.15,-0.1,2100,25844500,"S"
"VND","14:26:52",22.15,-0.1,1000,25842400,"S"
"VND","14:26:51",22.15,-0.1,397400,25841400,"B"
"VND","14:26:48",22.15,-0.1,4000,25444000,"B"
"VND","14:26:47",22.2,-0.05,100,25440000,"S"
"VND","14:26:43",22.2,-0.05,1000,25439900,"S"
"VND","14:26:42",22.15,-0.1,100,25438900,"B"
"VND","14:26:41",22.2,-0.05,3000,25438800,"S"
"VND","14:26:40",22.2,-0.05,2000,25435800,"S"
"VND","14:26:39",22.2,-0.05,200,25433800,"S"
"VND","14:26:37",22.2,-0.05,300,25433600,"S"
"VND","14:26:33",22.15,-0.1,100,25433300,"B"
"VND","14:26:31",22.2,-0.05,1000,25433200,"S"
"VND","14:26:30",22.2,-0.05,5000,25432200,"S"
"VND","14:26:29",22.2,-0.05,500,25427200,"S"
"VND","14:26:28",22.2,-0.05,300,25426700,"S"
"VND","14:26:27",22.15,-0.1,100,25426400,"B"
"VND","14:26:26",22.2,-0.05,1000,25426300,"S"
"VND","14:26:26",22.2,-0.05,1100,25425300,"S"
"VND","14:26:23",22.2,-0.05,500,25424200,"S"
"VND","14:26:20",22.2,-0.05,5000,25423700,"S"
"VND","14:26:15",22.2,-0.05,2000,25418700,"S"
"VND","14:26:15",22.2,-0.05,1000,25416700,"S"
"VND","14:26:14",22.2,-0.05,100,25415700,"S"
"VND","14:26:12",22.2,-0.05,100,25415600,"S"
"VND","14:26:10",22.2,-0.05,41000,25415500,"B"
"VND","14:26:09",22.2,-0.05,200,25374500,"B"
"VND","14:26:08",22.2,-0.05,10900,25374300,"S"
"VND","14:26:08",22.2,-0.05,9300,25363400,"B"
"VND","14:26:07",22.2,-0.05,2000,25354100,"B"
"VND","14:26:06",22.25,0,5000,25352100,"S"
"VND","14:26:05",22.2,-0.05,3000,25347100,"B"
"VND","14:26:04",22.2,-0.05,1500,25344100,"B"
"VND","14:26:04",22.2,-0.05,2500,25342600,"B"
"VND","14:26:03",22.2,-0.05,500,25340100,"B"
"VND","14:26:00",22.2,-0.05,1900,25339600,"B"
"VND","14:25:57",22.2,-0.05,20000,25337700,"B"
"VND","14:25:57",22.25,0,100,25317700,"S"
"VND","14:25:49",22.2,-0.05,2000,25317600,"B"
"VND","14:25:46",22.25,0,2000,25315600,"S"
"VND","14:25:46",22.2,-0.05,300,25313600,"B"
"VND","14:25:45",22.2,-0.05,200,25313300,"B"
"VND","14:25:43",22.2,-0.05,1000,25313100,"B"
"VND","14:25:43",22.2,-0.05,3000,25312100,"B"
"VND","14:25:40",22.2,-0.05,800,25309100,"B"
"VND","14:25:36",22.2,-0.05,2800,25308300,"S"
"VND","14:25:34",22.2,-0.05,500,25305500,"S"
"VND","14:25:34",22.2,-0.05,100,25305000,"S"
"VND","14:25:33",22.2,-0.05,100,25304900,"S"
"VND","14:25:32",22.2,-0.05,2000,25304800,"S"
"VND","14:25:30",22.2,-0.05,50000,25302800,"S"
"VND","14:25:28",22.2,-0.05,10000,25252800,"S"
"VND","14:25:27",22.15,-0.1,5000,25242800,"B"
"VND","14:25:26",22.2,-0.05,400,25237800,"S"
"VND","14:25:26",22.15,-0.1,300,25237400,"B"
"VND","14:25:23",22.2,-0.05,50100,25237100,"S"
"VND","14:25:22",22.2,-0.05,500,25187000,"S"
"VND","14:25:17",22.2,-0.05,200,25186500,"S"
"VND","14:25:15",22.15,-0.1,2000,25186300,"B"
"VND","14:25:14",22.15,-0.1,500,25184300,"B"
"VND","14:25:11",22.15,-0.1,400,25183800,"B"
"VND","14:25:06",22.2,-0.05,1000,25179400,"S"
"VND","14:25:05",22.15,-0.1,5000,25178400,"B"
"VND","14:25:04",22.2,-0.05,200,25173400,"S"
"VND","14:25:02",22.2,-0.05,200,25173200,"S"
"VND","14:24:58",22.2,-0.05,100,25173000,"S"
"VND","14:24:56",22.2,-0.05,2000,25172900,"S"
"VND","14:24:53",22.15,-0.1,100,25170900,"B"
"VND","14:24:52",22.15,-0.1,500,25170800,"B"
"VND","14:24:50",22.15,-0.1,300,25170300,"B"
"VND","14:24:50",22.2,-0.05,500,25170000,"S"
"VND","14:24:45",22.15,-0.1,500,25169500,"B"
"VND","14:24:42",22.2,-0.05,1100,25169000,"S"
"VND","14:24:41",22.2,-0.05,1000,25167900,"S"
"VND","14:24:39",22.15,-0.1,5000,25166900,"B"
"VND","14:24:37",22.2,-0.05,4600,25161500,"B"
"VND","14:24:36",22.2,-0.05,100,25156900,"B"
"VND","14:24:36",22.25,0,100,25156800,"S"
"VND","14:24:35",22.2,-0.05,300,25156700,"S"
"VND","14:24:35",22.2,-0.05,10000,25156400,"B"
"VND","14:24:34",22.2,-0.05,2600,25146400,"B"
"VND","14:24:33",22.2,-0.05,23300,25143800,"B"
"VND","14:24:32",22.2,-0.05,100,25120500,"B"
"VND","14:24:30",22.2,-0.05,220600,25120400,"B"
"VND","14:24:29",22.2,-0.05,4000,24899800,"B"
"VND","14:24:26",22.25,0,100,24895800,"S"
"VND","14:24:24",22.2,-0.05,500,24895700,"B"
"VND","14:24:21",22.25,0,200,24895200,"S"
"VND","14:24:17",22.25,0,1000,24895000,"S"
"VND","14:24:16",22.25,0,1500,24894000,"S"
"VND","14:24:13",22.25,0,1900,24892500,"S"
"VND","14:24:12",22.25,0,100,24890600,"S"
"VND","14:24:08",22.25,0,600,24890500,"S"
"VND","14:23:59",22.25,0,1000,24889900,"S"
"VND","14:23:57",22.2,-0.05,2000,24888900,"B"
"VND","14:23:57",22.25,0,1000,24886900,"S"
"VND","14:23:55",22.2,-0.05,400,24885900,"B"
"VND","14:23:49",22.2,-0.05,5000,24885500,"B"
"VND","14:23:48",22.25,0,2000,24880500,"S"
"VND","14:23:46",22.25,0,7700,24878500,"B"
"VND","14:23:45",22.25,0,20000,24870800,"B"
"VND","14:23:44",22.25,0,33100,24850800,"B"
"VND","14:23:43",22.3,0.05,20000,24817700,"S"
"VND","14:23:43",22.25,0,2000,24797700,"B"
"VND","14:23:42",22.25,0,8000,24795700,"B"
"VND","14:23:42",22.25,0,2500,24787700,"B"
"VND","14:23:41",22.25,0,500,24785200,"B"
"VND","14:23:40",22.25,0,2500,24784700,"B"
"VND","14:23:38",22.25,0,6400,24782200,"B"
"VND","14:23:37",22.25,0,6000,24775800,"B"
"VND","14:23:36",22.25,0,202000,24769800,"B"
"VND","14:23:34",22.3,0.05,300,24567800,"S"
"VND","14:23:33",22.25,0,1000,24567500,"B"
"VND","14:23:33",22.25,0,40000,24566500,"B"
"VND","14:23:30",22.25,0,9000,24526500,"B"
"VND","14:23:29",22.25,0,1000,24517500,"B"
"VND","14:23:23",22.3,0.05,1200,24516500,"S"
"VND","14:23:23",22.25,0,1000,24515300,"B"
"VND","14:23:20",22.25,0,10000,24514300,"B"
"VND","14:23:19",22.25,0,100,24504300,"B"
"VND","14:23:16",22.25,0,1700,24504200,"B"
"VND","14:23:15",22.25,0,5000,24502500,"B"
"VND","14:23:14",22.3,0.05,4400,24497500,"S"
"VND","14:23:12",22.25,0,200,24493100,"B"
"VND","14:23:09",22.25,0,10000,24492900,"B"
"VND","14:23:03",22.3,0.05,10000,24482900,"S"
"VND","14:23:02",22.25,0,1000,24472900,"B"
"VND","14:23:00",22.3,0.05,200,24471900,"S"
"VND","14:22:59",22.3,0.05,3000,24471700,"S"
"VND","14:22:45",22.25,0,1200,24468700,"B"
"VND","14:22:44",22.25,0,1000,24467500,"B"
"VND","14:22:41",22.3,0.05,200,24466500,"S"
"VND","14:22:31",22.3,0.05,3000,24466300,"S"
"VND","14:22:19",22.25,0,2000,24463300,"B"
"VND","14:22:18",22.25,0,100,24461300,"B"
"VND","14:22:16",22.3,0.05,3000,24461200,"S"
"VND","14:22:13",22.3,0.05,7000,24458200,"S"
"VND","14:22:10",22.25,0,5000,24451200,"B"
"VND","14:22:03",22.3,0.05,1500,24446200,"S"
"VND","14:21:58",22.25,0,4200,24444700,"B"
"VND","14:21:56",22.3,0.05,3000,24440500,"S"
"VND","14:21:54",22.3,0.05,500,24437500,"S"
"VND","14:21:45",22.3,0.05,1500,24437000,"S"
"VND","14:21:43",22.3,0.05,1000,24435500,"S"
"VND","14:21:42",22.3,0.05,100,24434500,"S"
"VND","14:21:41",22.3,0.05,2500,24434400,"S"
"VND","14:21:37",22.3,0.05,500,24431900,"S"
"VND","14:21:27",22.3,0.05,500,24431400,"S"
"VND","14:21:26",22.3,0.05,100,24430900,"S"
"VND","14:21:24",22.3,0.05,500,24430800,"S"
"VND","14:21:18",22.3,0.05,100,24430300,"S"
"VND","14:21:16",22.3,0.05,100,24430200,"S"
"VND","14:21:15",22.3,0.05,36700,24430100,"B"
"VND","14:21:14",22.3,0.05,100,24393400,"B"
"VND","14:21:12",22.3,0.05,5000,24393300,"B"
"VND","14:21:11",22.3,0.05,10000,24388300,"B"
"VND","14:21:05",22.3,0.05,15000,24378300,"B"
"VND","14:21:02",22.3,0.05,2500,24363300,"B"
"VND","14:21:01",22.3,0.05,1000,24360800,"B"
"VND","14:20:57",22.35,0.1,2000,24359800,"S"
"VND","14:20:55",22.3,0.05,2000,24357800,"B"
"VND","14:20:44",22.35,0.1,5000,24355800,"S"
"VND","14:20:40",22.3,0.05,100,24350800,"B"
"VND","14:20:38",22.3,0.05,19500,24350700,"S"
"VND","14:20:37",22.3,0.05,2000,24331200,"S"
"VND","14:20:36",22.3,0.05,1000,24329200,"S"
"VND","14:20:34",22.3,0.05,500,24328200,"S"
"VND","14:20:33",22.3,0.05,8000,24327700,"S"
"VND","14:20:32",22.3,0.05,5000,24319700,"S"
"VND","14:20:28",22.3,0.05,500,24314700,"S"
"VND","14:20:26",22.3,0.05,2100,24314200,"S"
"VND","14:20:25",22.3,0.05,300,24312100,"S"
"VND","14:20:24",22.3,0.05,2000,24311800,"S"
"VND","14:20:23",22.25,0,2000,24309800,"B"
"VND","14:20:23",22.3,0.05,3000,24307800,"S"
"VND","14:20:22",22.3,0.05,5000,24304800,"S"
"VND","14:20:20",22.3,0.05,1100,24299800,"S"
"VND","14:20:19",22.3,0.05,30000,24298700,"S"
"VND","14:20:16",22.3,0.05,1500,24268700,"S"
"VND","14:20:15",22.3,0.05,600,24267200,"S"
"VND","14:20:14",22.3,0.05,600,24266600,"S"
"VND","14:20:09",22.3,0.05,2000,24266000,"S"
"VND","14:20:07",22.3,0.05,700,24264000,"S"
"VND","14:20:06",22.3,0.05,500,24263300,"S"
"VND","14:20:06",22.25,0,20000,24262800,"B"
"VND","14:20:04",22.3,0.05,55700,24242800,"S"
"VND","14:20:00",22.3,0.05,10000,24187100,"S"
"VND","14:19:58",22.3,0.05,4900,24177100,"S"
"VND","14:19:50",22.3,0.05,100,24172200,"S"
"VND","14:19:46",22.25,0,3000,24172100,"B"
"VND","14:19:40",22.3,0.05,2000,24169100,"S"
"VND","14:19:36",22.3,0.05,3000,24167100,"S"
"VND","14:19:35",22.3,0.05,2000,24164100,"S"
"VND","14:19:28",22.3,0.05,700,24162100,"S"
"VND","14:19:20",22.25,0,100,24161400,"B"
"VND","14:19:16",22.25,0,300,24161300,"B"
"VND","14:19:06",22.3,0.05,2000,24161000,"S"
"VND","14:18:57",22.3,0.05,2000,24159000,"S"
"VND","14:18:54",22.25,0,1300,24157000,"B"
"VND","14:18:42",22.25,0,2000,24155700,"B"
"VND","14:18:36",22.3,0.05,10000,24153700,"S"
"VND","14:18:18",22.25,0,100,24143700,"B"
"VND","14:18:17",22.3,0.05,500,24143600,"S"
"VND","14:18:16",22.3,0.05,17000,24143100,"B"
"VND","14:18:13",22.3,0.05,6000,24126100,"B"
"VND","14:18:09",22.3,0.05,300,24120100,"B"
"VND","14:18:09",22.3,0.05,2000,24119800,"B"
"VND","14:18:08",22.3,0.05,1900,24117800,"B"
"VND","14:18:07",22.3,0.05,36000,24115900,"B"
"VND","14:18:00",22.35,0.1,17000,24079900,"S"
"VND","14:17:59",22.3,0.05,10000,24062900,"B"
"VND","14:17:58",22.3,0.05,1000,24052900,"B"
"VND","14:17:53",22.3,0.05,400,24051900,"B"
"VND","14:17:45",22.3,0.05,100,24051500,"B"
"VND","14:17:44",22.3,0.05,600,24051400,"B"
"VND","14:17:37",22.3,0.05,1000,24050800,"B"
"VND","14:17:36",22.35,0.1,200,24049800,"S"
"VND","14:17:29",22.3,0.05,200,24049600,"B"
"VND","14:17:18",22.3,0.05,200,24049400,"B"
"VND","14:17:02",22.3,0.05,3000,24049200,"B"
"VND","14:17:01",22.3,0.05,100,24046200,"B"
"VND","14:16:57",22.3,0.05,100,24046100,"B"
"VND","14:16:44",22.3,0.05,500,24046000,"B"
"VND","14:16:35",22.3,0.05,600,24045500,"B"
"VND","14:16:34",22.35,0.1,100,24044900,"S"
"VND","14:16:32",22.3,0.05,200,24044800,"B"
"VND","14:16:30",22.3,0.05,100,24044600,"B"
"VND","14:16:18",22.3,0.05,100,24044500,"B"
"VND","14:16:12",22.3,0.05,200,24044400,"B"
"VND","14:16:09",22.35,0.1,1000,24044200,"S"
"VND","14:15:54",22.35,0.1,2000,24043200,"S"
"VND","14:15:38",22.35,0.1,800,24041200,"S"
"VND","14:15:38",22.3,0.05,4200,24040400,"S"
"VND","14:15:36",22.3,0.05,5000,24036200,"S"
"VND","14:15:35",22.3,0.05,4000,24031200,"S"
"VND","14:15:34",22.3,0.05,5000,24027200,"S"
"VND","14:15:32",22.3,0.05,20900,24022200,"S"
"VND","14:15:27",22.3,0.05,28500,24001300,"S"
"VND","14:15:27",22.3,0.05,500,23972800,"S"
"VND","14:15:24",22.3,0.05,4400,23972300,"S"
"VND","14:15:23",22.3,0.05,200,23967900,"S"
"VND","14:15:22",22.3,0.05,5000,23967700,"S"
"VND","14:15:20",22.3,0.05,500,23962700,"S"
"VND","14:15:16",22.3,0.05,700,23962200,"S"
"VND","14:15:15",22.25,0,1000,23961500,"B"
"VND","14:15:11",22.3,0.05,50000,23960500,"S"
"VND","14:15:10",22.3,0.05,2500,23910500,"S"
"VND","14:15:03",22.3,0.05,20000,23908000,"S"
"VND","14:15:00",22.3,0.05,4000,23888000,"S"
"VND","14:14:24",22.3,0.05,5000,23884000,"S"
"VND","14:14:04",22.3,0.05,3000,23879000,"S"
"VND","14:13:37",22.3,0.05,500,23876000,"S"
"VND","14:13:36",22.3,0.05,700,23875500,"S"
"VND","14:13:34",22.3,0.05,3000,23874800,"S"
"VND","14:13:28",22.3,0.05,300,23871800,"S"
"VND","14:13:26",22.3,0.05,500,23871500,"S"
"VND","14:13:04",22.3,0.05,200,23871000,"S"
"VND","14:12:49",22.25,0,100,23870800,"B"
"VND","14:12:28",22.3,0.05,500,23870700,"S"
"VND","14:12:27",22.25,0,600,23870200,"B"
"VND","14:12:26",22.3,0.05,100,23869600,"S"
"VND","14:12:21",22.3,0.05,10000,23869500,"S"
"VND","14:12:19",22.3,0.05,2000,23859500,"S"
"VND","14:11:58",22.3,0.05,2000,23857500,"S"
"VND","14:11:56",22.3,0.05,100,23855500,"S"
"VND","14:11:51",22.3,0.05,2000,23855400,"S"
"VND","14:11:48",22.3,0.05,500,23853400,"S"
"VND","14:11:41",22.3,0.05,100,23852900,"S"
"VND","14:11:39",22.3,0.05,2000,23852800,"S"
"VND","14:11:35",22.3,0.05,200,23850800,"S"
"VND","14:11:34",22.3,0.05,200,23850600,"S"
"VND","14:11:29",22.3,0.05,16100,23850400,"B"
"VND","14:11:25",22.3,0.05,300,23834300,"B"
"VND","14:11:23",22.3,0.05,4800,23834000,"B"
"VND","14:11:20",22.3,0.05,500,23829200,"B"
"VND","14:11:19",22.3,0.05,100,23828700,"B"
"VND","14:11:11",22.3,0.05,24500,23828600,"B"
"VND","14:11:09",22.35,0.1,4000,23804100,"S"
"VND","14:11:07",22.3,0.05,30000,23800100,"B"
"VND","14:10:49",22.35,0.1,100,23770100,"S"
"VND","14:10:40",22.3,0.05,3000,23770000,"B"
"VND","14:10:32",22.3,0.05,700,23767000,"B"
"VND","14:10:31",22.3,0.05,400,23766300,"B"
"VND","14:10:01",22.3,0.05,100,23765900,"S"
"VND","14:09:59",22.3,0.05,1500,23765800,"S"
"VND","14:09:58",22.3,0.05,2500,23764300,"S"
"VND","14:09:54",22.3,0.05,500,23761800,"S"
"VND","14:09:52",22.3,0.05,500,23761300,"S"
"VND","14:09:51",22.3,0.05,2000,23760800,"S"
"VND","14:09:49",22.3,0.05,800,23758800,"S"
"VND","14:09:48",22.3,0.05,2000,23758000,"S"
"VND","14:09:46",22.3,0.05,10000,23756000,"S"
"VND","14:09:39",22.3,0.05,600,23746000,"S"
"VND","14:09:38",22.3,0.05,5500,23745400,"S"
"VND","14:09:34",22.3,0.05,700,23739900,"S"
"VND","14:09:28",22.3,0.05,400,23739200,"S"
"VND","14:09:24",22.3,0.05,800,23738800,"S"
"VND","14:09:22",22.3,0.05,2700,23738000,"S"
"VND","14:09:20",22.3,0.05,1000,23735300,"S"
"VND","14:09:15",22.3,0.05,200,23734300,"S"
"VND","14:09:14",22.3,0.05,10000,23734100,"S"
"VND","14:09:08",22.3,0.05,100,23724100,"S"
"VND","14:09:07",22.3,0.05,2200,23724000,"S"
"VND","14:09:04",22.3,0.05,1000,23721800,"S"
"VND","14:09:02",22.25,0,4000,23720800,"B"
"VND","14:08:55",22.3,0.05,6400,23716800,"S"
"VND","14:08:49",22.3,0.05,400,23710400,"S"
"VND","14:08:45",22.3,0.05,500,23710000,"S"
"VND","14:08:43",22.3,0.05,100,23709500,"S"
"VND","14:08:42",22.3,0.05,8300,23709400,"S"
"VND","14:08:41",22.3,0.05,400,23701100,"S"
"VND","14:08:35",22.3,0.05,11000,23700700,"S"
"VND","14:08:33",22.3,0.05,1000,23689700,"S"
"VND","14:08:29",22.3,0.05,1000,23688700,"S"
"VND","14:08:28",22.3,0.05,8000,23687700,"S"
"VND","14:08:18",22.3,0.05,100,23679700,"S"
"VND","14:08:15",22.3,0.05,100,23679600,"S"
"VND","14:08:13",22.3,0.05,500,23679500,"S"
"VND","14:07:58",22.3,0.05,200,23679000,"S"
"VND","14:07:56",22.3,0.05,2500,23678800,"S"
"VND","14:07:55",22.3,0.05,1000,23676300,"S"
"VND","14:07:41",22.3,0.05,2000,23675300,"S"
"VND","14:07:39",22.3,0.05,100,23673300,"S"
"VND","14:07:37",22.3,0.05,40000,23673200,"S"
"VND","14:07:32",22.3,0.05,400,23633200,"S"
"VND","14:07:27",22.3,0.05,1000,23632800,"S"
"VND","14:07:26",22.3,0.05,500,23631800,"S"
"VND","14:07:09",22.3,0.05,1000,23631300,"S"
"VND","14:07:05",22.3,0.05,100,23630300,"S"
"VND","14:06:56",22.3,0.05,22700,23630200,"B"
"VND","14:06:55",22.3,0.05,500,23607500,"B"
"VND","14:06:53",22.3,0.05,500,23607000,"B"
"VND","14:06:48",22.3,0.05,5000,23606500,"B"
"VND","14:06:47",22.3,0.05,2600,23601500,"B"
"VND","14:06:46",22.3,0.05,200,23598900,"B"
"VND","14:06:44",22.3,0.05,100,23598700,"B"
"VND","14:06:43",22.3,0.05,1500,23598600,"B"
"VND","14:06:38",22.3,0.05,15000,23597100,"B"
"VND","14:06:37",22.3,0.05,1000,23582100,"B"
"VND","14:06:36",22.3,0.05,1500,23581100,"B"
"VND","14:06:33",22.3,0.05,2000,23579600,"B"
"VND","14:06:31",22.3,0.05,1500,23577600,"B"
"VND","14:06:26",22.3,0.05,2000,23576100,"B"
"VND","14:06:23",22.3,0.05,1000,23574100,"B"
"VND","14:06:21",22.3,0.05,200,23573100,"B"
"VND","14:06:20",22.3,0.05,2000,23572900,"B"
"VND","14:06:17",22.3,0.05,100,23570900,"B"
"VND","14:06:12",22.3,0.05,2500,23570800,"B"
"VND","14:06:11",22.3,0.05,10000,23568300,"B"
"VND","14:06:10",22.3,0.05,1000,23558300,"B"
"VND","14:06:09",22.3,0.05,100,23557300,"B"
"VND","14:06:08",22.3,0.05,2500,23557200,"B"
"VND","14:06:06",22.3,0.05,20000,23554700,"B"
"VND","14:06:03",22.3,0.05,3000,23534700,"B"
"VND","14:06:00",22.3,0.05,500,23531700,"B"
"VND","14:05:59",22.3,0.05,2500,23531200,"B"
"VND","14:05:55",22.3,0.05,5000,23528700,"B"
"VND","14:05:54",22.35,0.1,100,23523700,"S"
"VND","14:05:53",22.3,0.05,2500,23523600,"B"
"VND","14:05:52",22.3,0.05,400,23521100,"B"
"VND","14:05:51",22.3,0.05,500,23520700,"B"
"VND","14:05:50",22.3,0.05,5000,23520200,"B"
"VND","14:05:49",22.3,0.05,100,23515200,"B"
"VND","14:05:49",22.3,0.05,16500,23515100,"B"
"VND","14:05:48",22.3,0.05,2500,23498100,"B"
"VND","14:05:47",22.3,0.05,5000,23495600,"B"
"VND","14:05:46",22.3,0.05,5000,23490600,"B"
"VND","14:05:45",22.3,0.05,1700,23485600,"B"
"VND","14:05:42",22.3,0.05,5000,23467600,"B"
"VND","14:05:41",22.3,0.05,1000,23462600,"B"
"VND","14:05:41",22.3,0.05,500,23461500,"B"
"VND","14:05:40",22.3,0.05,500,23461000,"B"
"VND","14:05:39",22.3,0.05,10000,23460500,"B"
"VND","14:05:38",22.3,0.05,500,23450500,"B"
"VND","14:05:36",22.3,0.05,5000,23450000,"B"
"VND","14:05:32",22.3,0.05,1600,23445000,"B"
"VND","14:05:29",22.3,0.05,2000,23443400,"B"
"VND","14:05:27",22.3,0.05,1000,23441400,"B"
"VND","14:05:25",22.3,0.05,10000,23440400,"B"
"VND","14:05:21",22.3,0.05,50000,23430400,"B"
"VND","14:05:12",22.3,0.05,1000,23380400,"B"
"VND","14:04:52",22.3,0.05,1000,23379400,"B"
"VND","14:04:50",22.3,0.05,1000,23378400,"B"
"VND","14:04:43",22.35,0.1,5000,23377400,"S"
"VND","14:04:29",22.35,0.1,100,23372400,"S"
"VND","14:04:23",22.35,0.1,3700,23372300,"S"
"VND","14:04:20",22.35,0.1,10000,23368600,"S"
"VND","14:04:13",22.35,0.1,1200,23358600,"S"
"VND","14:04:03",22.3,0.05,500,23357400,"B"
"VND","14:04:03",22.35,0.1,500,23356900,"S"
"VND","14:03:56",22.3,0.05,1500,23356400,"B"
"VND","14:03:50",22.3,0.05,1200,23354900,"B"
"VND","14:03:49",22.35,0.1,700,23353700,"S"
"VND","14:03:48",22.35,0.1,5000,23353000,"S"
"VND","14:03:46",22.35,0.1,100,23348000,"S"
"VND","14:03:43",22.35,0.1,5000,23347900,"S"
"VND","14:03:39",22.35,0.1,900,23342900,"S"
"VND","14:03:37",22.35,0.1,300,23342000,"S"
"VND","14:03:36",22.35,0.1,1000,23341700,"S"
"VND","14:03:33",22.35,0.1,1000,23340700,"S"
"VND","14:03:32",22.35,0.1,1000,23339700,"S"
"VND","14:03:31",22.35,0.1,2000,23338700,"S"
"VND","14:03:28",22.35,0.1,50000,23336700,"S"
"VND","14:03:27",22.35,0.1,6200,23286700,"S"
"VND","14:03:23",22.35,0.1,200,23280500,"S"
"VND","14:03:20",22.35,0.1,1000,23280300,"S"
"VND","14:03:14",22.35,0.1,500,23279300,"S"
"VND","14:03:14",22.35,0.1,1000,23278800,"S"
"VND","14:03:13",22.35,0.1,500,23277800,"S"
"VND","14:03:11",22.35,0.1,1200,23277300,"S"
"VND","14:03:10",22.3,0.05,200,23276100,"B"
"VND","14:03:09",22.35,0.1,1000,23275900,"S"
"VND","14:02:58",22.3,0.05,4000,23274900,"B"
"VND","14:02:51",22.35,0.1,1000,23270900,"S"
"VND","14:02:44",22.35,0.1,30000,23269900,"S"
"VND","14:02:41",22.35,0.1,100,23239900,"S"
"VND","14:02:39",22.35,0.1,3000,23239800,"S"
"VND","14:02:38",22.35,0.1,500,23236800,"S"
"VND","14:02:26",22.35,0.1,800,23236300,"S"
"VND","14:02:25",22.35,0.1,100,23235500,"S"
"VND","14:02:18",22.35,0.1,8000,23235400,"S"
"VND","14:02:09",22.35,0.1,500,23227400,"S"
"VND","14:02:05",22.35,0.1,1000,23226900,"S"
"VND","14:01:42",22.35,0.1,400,23225900,"S"
"VND","14:01:33",22.35,0.1,5000,23225500,"S"
"VND","14:01:29",22.3,0.05,500,23220500,"B"
"VND","14:01:26",22.35,0.1,2500,23220000,"S"
"VND","14:01:23",22.35,0.1,100,23217500,"S"
"VND","14:01:18",22.3,0.05,100,23217400,"B"
"VND","14:01:16",22.35,0.1,1000,23217300,"S"
"VND","14:00:48",22.3,0.05,700,23216300,"B"
"VND","14:00:46",22.3,0.05,19200,23215600,"B"
"VND","14:00:35",22.3,0.05,2000,23196400,"B"
"VND","14:00:34",22.3,0.05,200,23194400,"B"
"VND","14:00:31",22.3,0.05,100,23194200,"B"
"VND","14:00:23",22.3,0.05,10000,23194100,"B"
"VND","14:00:20",22.3,0.05,200,23184100,"B"
"VND","14:00:15",22.3,0.05,2000,23183900,"B"
"VND","14:00:03",22.3,0.05,100,23181900,"B"
"VND","14:00:00",22.3,0.05,200,23181800,"B"
"VND","13:59:50",22.3,0.05,1000,23181600,"B"
"VND","13:58:54",22.3,0.05,100,23180600,"B"
"VND","13:58:53",22.3,0.05,10000,23180500,"B"
"VND","13:58:42",22.35,0.1,100,23170500,"S"
"VND","13:58:28",22.35,0.1,100,23170400,"S"
"VND","13:58:20",22.3,0.05,1000,23170300,"B"
"VND","13:58:16",22.35,0.1,1200,23169300,"S"
"VND","13:58:04",22.3,0.05,3400,23168100,"S"
"VND","13:58:02",22.3,0.05,1800,23164700,"S"
"VND","13:58:00",22.3,0.05,4500,23162900,"S"
"VND","13:57:57",22.3,0.05,7800,23158400,"S"
"VND","13:57:56",22.3,0.05,10000,23150600,"S"
"VND","13:57:55",22.3,0.05,2000,23140600,"S"
"VND","13:57:54",22.3,0.05,2900,23138600,"S"
"VND","13:57:53",22.3,0.05,9800,23135700,"S"
"VND","13:57:52",22.3,0.05,500,23125900,"S"
"VND","13:57:48",22.3,0.05,700,23125400,"S"
"VND","13:57:45",22.3,0.05,5000,23124700,"S"
"VND","13:57:44",22.3,0.05,1000,23119700,"S"
"VND","13:57:43",22.3,0.05,500,23118700,"S"
"VND","13:57:41",22.3,0.05,100,23118200,"S"
"VND","13:57:39",22.3,0.05,500,23118100,"S"
"VND","13:57:36",22.3,0.05,200,23117600,"S"
"VND","13:57:34",22.3,0.05,4000,23117400,"S"
"VND","13:57:33",22.3,0.05,3000,23113400,"S"
"VND","13:57:32",22.3,0.05,1000,23110400,"S"
"VND","13:57:28",22.3,0.05,5000,23109400,"S"
"VND","13:57:25",22.3,0.05,5300,23104400,"S"
"VND","13:57:24",22.3,0.05,3000,23099100,"S"
"VND","13:57:23",22.3,0.05,500,23096100,"S"
"VND","13:57:22",22.3,0.05,19100,23095600,"S"
"VND","13:57:21",22.3,0.05,2000,23076500,"S"
"VND","13:57:17",22.3,0.05,200,23074500,"S"
"VND","13:57:16",22.3,0.05,3000,23074300,"S"
"VND","13:57:14",22.3,0.05,1000,23071300,"S"
"VND","13:57:05",22.3,0.05,800,23070300,"S"
"VND","13:57:03",22.3,0.05,3000,23069500,"S"
"VND","13:56:58",22.3,0.05,300,23066500,"S"
"VND","13:56:57",22.3,0.05,30000,23066200,"S"
"VND","13:56:56",22.3,0.05,1000,23036200,"S"
"VND","13:56:47",22.3,0.05,1000,23035200,"S"
"VND","13:56:34",22.3,0.05,9000,23034200,"S"
"VND","13:56:12",22.3,0.05,200,23025200,"S"
"VND","13:56:11",22.3,0.05,2000,23025000,"S"
"VND","13:55:52",22.25,0,200,23023000,"B"
"VND","13:55:29",22.3,0.05,7000,23022800,"S"
"VND","13:55:28",22.3,0.05,2000,23015800,"S"
"VND","13:55:25",22.3,0.05,1000,23013800,"S"
"VND","13:55:20",22.3,0.05,3000,23012800,"S"
"VND","13:55:17",22.25,0,500,23009800,"B"
"VND","13:55:17",22.3,0.05,500,23009300,"S"
"VND","13:55:09",22.3,0.05,1000,23008800,"S"
"VND","13:55:08",22.3,0.05,100,23007800,"S"
"VND","13:55:04",22.3,0.05,2000,23007700,"S"
"VND","13:55:03",22.3,0.05,600,23005700,"S"
"VND","13:54:56",22.3,0.05,100,23005100,"S"
"VND","13:54:53",22.3,0.05,200,23005000,"S"
"VND","13:54:46",22.25,0,100,23004800,"B"
"VND","13:54:39",22.25,0,500,23004700,"B"
"VND","13:54:37",22.25,0,2500,23004200,"B"
"VND","13:54:30",22.25,0,300,23001700,"B"
"VND","13:54:20",22.25,0,2500,23001400,"B"
"VND","13:54:16",22.25,0,5000,22998900,"B"
"VND","13:54:08",22.25,0,2000,22993900,"B"
"VND","13:53:45",22.25,0,300,22991900,"B"
"VND","13:53:25",22.25,0,1000,22991600,"B"
"VND","13:53:19",22.25,0,1500,22990600,"B"
"VND","13:53:18",22.25,0,2000,22989100,"B"
"VND","13:53:16",22.25,0,100,22987100,"B"
"VND","13:52:58",22.25,0,2900,22987000,"S"
"VND","13:52:56",22.25,0,14000,22984100,"S"
"VND","13:52:55",22.25,0,25600,22970100,"S"
"VND","13:52:55",22.25,0,26400,22944500,"S"
"VND","13:52:54",22.25,0,1000,22918100,"S"
"VND","13:52:54",22.25,0,100,22917100,"S"
"VND","13:52:53",22.25,0,1200,22917000,"S"
"VND","13:52:51",22.25,0,30000,22915800,"S"
"VND","13:52:47",22.25,0,1100,22885800,"S"
"VND","13:52:34",22.25,0,10000,22884700,"S"
"VND","13:52:23",22.25,0,200,22874700,"S"
"VND","13:52:22",22.25,0,10000,22874500,"S"
"VND","13:52:20",22.2,-0.05,500,22864500,"B"
"VND","13:52:12",22.25,0,5000,22864000,"S"
"VND","13:52:04",22.2,-0.05,500,22859000,"B"
"VND","13:51:57",22.2,-0.05,600,22858500,"B"
"VND","13:51:54",22.2,-0.05,16600,22857900,"B"
"VND","13:51:51",22.2,-0.05,500,22841300,"B"
"VND","13:51:43",22.2,-0.05,500,22840800,"B"
"VND","13:51:40",22.2,-0.05,1000,22840300,"B"
"VND","13:51:40",22.2,-0.05,5000,22839300,"B"
"VND","13:51:40",22.25,0,100,22834300,"S"
"VND","13:51:37",22.2,-0.05,6400,22834200,"B"
"VND","13:51:36",22.2,-0.05,3600,22827800,"B"
"VND","13:51:35",22.2,-0.05,30000,22824200,"B"
"VND","13:51:34",22.2,-0.05,600,22794200,"B"
"VND","13:51:31",22.25,0,2000,22793600,"S"
"VND","13:51:27",22.2,-0.05,10000,22791600,"B"
"VND","13:51:25",22.2,-0.05,1100,22781600,"B"
"VND","13:51:18",22.2,-0.05,37600,22780500,"B"
"VND","13:51:16",22.2,-0.05,200,22742900,"B"
"VND","13:51:15",22.2,-0.05,400,22742700,"B"
"VND","13:50:46",22.2,-0.05,500,22742300,"B"
"VND","13:50:43",22.2,-0.05,400,22741800,"B"
"VND","13:50:42",22.2,-0.05,1000,22741400,"B"
"VND","13:50:37",22.2,-0.05,20000,22740400,"B"
"VND","13:50:36",22.2,-0.05,14000,22720400,"B"
"VND","13:50:35",22.2,-0.05,36000,22706400,"B"
"VND","13:50:31",22.2,-0.05,300,22670400,"B"
"VND","13:50:29",22.2,-0.05,50000,22670100,"B"
"VND","13:50:29",22.2,-0.05,15000,22620100,"B"
"VND","13:50:23",22.2,-0.05,50000,22605100,"B"
"VND","13:50:20",22.2,-0.05,1500,22555100,"B"
"VND","13:50:16",22.25,0,14000,22553600,"S"
"VND","13:50:15",22.25,0,12000,22539600,"S"
"VND","13:50:15",22.2,-0.05,100,22527600,"B"
"VND","13:50:14",22.2,-0.05,20000,22527500,"B"
"VND","13:50:13",22.2,-0.05,10000,22507500,"B"
"VND","13:50:12",22.2,-0.05,50000,22497500,"B"
"VND","13:50:12",22.25,0,100,22447500,"S"
"VND","13:50:08",22.2,-0.05,50000,22447400,"B"
"VND","13:50:05",22.2,-0.05,7000,22397400,"B"
"VND","13:50:04",22.2,-0.05,600,22390400,"B"
"VND","13:50:03",22.2,-0.05,69400,22389800,"B"
"VND","13:49:57",22.2,-0.05,50000,22320400,"B"
"VND","13:49:53",22.2,-0.05,8000,22270400,"B"
"VND","13:49:52",22.2,-0.05,500,22262400,"B"
"VND","13:49:47",22.2,-0.05,50000,22261900,"B"
"VND","13:49:42",22.2,-0.05,19500,22211900,"B"
"VND","13:49:42",22.2,-0.05,30900,22192400,"B"
"VND","13:49:36",22.2,-0.05,47400,22161500,"B"
"VND","13:49:35",22.2,-0.05,2600,22114100,"B"
"VND","13:49:34",22.2,-0.05,4000,22111500,"B"
"VND","13:49:31",22.25,0,600,22107500,"S"
"VND","13:49:31",22.25,0,20100,22106900,"S"
"VND","13:49:30",22.25,0,100,22086800,"S"
"VND","13:49:27",22.25,0,100,22086700,"S"
"VND","13:49:24",22.25,0,200,22086600,"S"
"VND","13:49:23",22.25,0,300,22086400,"S"
"VND","13:49:16",22.25,0,600,22086100,"S"
"VND","13:49:09",22.25,0,21100,22085500,"S"
"VND","13:49:04",22.2,-0.05,10000,22064400,"B"
"VND","13:49:00",22.2,-0.05,900,22054400,"B"
"VND","13:48:58",22.25,0,5000,22053500,"S"
"VND","13:48:56",22.2,-0.05,5300,22048500,"B"
"VND","13:48:54",22.2,-0.05,3000,22043200,"B"
"VND","13:48:51",22.2,-0.05,12000,22040200,"B"
"VND","13:48:49",22.25,0,15000,22028200,"S"
"VND","13:48:47",22.2,-0.05,300,22013200,"B"
"VND","13:48:46",22.2,-0.05,5000,22012900,"B"
"VND","13:48:37",22.2,-0.05,500,22007900,"B"
"VND","13:48:36",22.25,0,4000,22007400,"S"
"VND","13:48:36",22.2,-0.05,200,22003400,"B"
"VND","13:48:35",22.2,-0.05,5500,22003200,"B"
"VND","13:48:28",22.2,-0.05,5600,21997700,"B"
"VND","13:48:22",22.2,-0.05,200,21992100,"B"
"VND","13:48:16",22.25,0,5000,21991900,"S"
"VND","13:48:15",22.25,0,500,21986900,"S"
"VND","13:48:13",22.2,-0.05,500,21986400,"B"
"VND","13:48:06",22.25,0,200,21985900,"S"
"VND","13:48:01",22.25,0,4700,21985700,"S"
"VND","13:47:48",22.25,0,300,21981000,"S"
"VND","13:47:47",22.2,-0.05,500,21980700,"B"
"VND","13:47:43",22.25,0,100,21980200,"S"
"VND","13:47:42",22.25,0,7100,21980100,"S"
"VND","13:47:38",22.25,0,100,21973000,"S"
"VND","13:47:35",22.2,-0.05,1000,21972900,"B"
"VND","13:47:35",22.25,0,1000,21971900,"S"
"VND","13:47:34",22.25,0,1000,21970900,"S"
"VND","13:47:26",22.25,0,100,21969900,"S"
"VND","13:47:25",22.25,0,200,21969800,"S"
"VND","13:47:15",22.25,0,27200,21969600,"S"
"VND","13:47:13",22.2,-0.05,3000,21942400,"B"
"VND","13:47:13",22.25,0,1000,21939400,"S"
"VND","13:47:05",22.25,0,4600,21938400,"S"
"VND","13:47:02",22.25,0,200,21933800,"S"
"VND","13:46:58",22.25,0,300,21933600,"S"
"VND","13:46:56",22.25,0,50000,21933300,"S"
"VND","13:46:54",22.25,0,1000,21883300,"S"
"VND","13:46:50",22.25,0,2200,21882300,"S"
"VND","13:46:49",22.25,0,11500,21880100,"S"
"VND","13:46:48",22.25,0,1000,21868600,"S"
"VND","13:46:47",22.25,0,200,21867600,"S"
"VND","13:46:42",22.25,0,1300,21867400,"S"
"VND","13:46:41",22.25,0,900,21866100,"S"
"VND","13:46:39",22.25,0,5000,21865200,"S"
"VND","13:46:38",22.25,0,500,21860200,"S"
"VND","13:46:37",22.25,0,400,21859700,"S"
"VND","13:46:34",22.25,0,100,21859300,"S"
"VND","13:46:34",22.2,-0.05,4000,21859200,"B"
"VND","13:46:32",22.25,0,2500,21855200,"S"
"VND","13:46:30",22.25,0,4700,21852700,"S"
"VND","13:46:29",22.25,0,10000,21848000,"S"
"VND","13:46:29",22.2,-0.05,1000,21838000,"B"
"VND","13:46:24",22.25,0,2000,21836800,"S"
"VND","13:46:21",22.25,0,10000,21834800,"S"
"VND","13:46:20",22.25,0,500,21824800,"S"
"VND","13:46:19",22.25,0,1000,21824300,"S"
"VND","13:46:17",22.25,0,2000,21823300,"S"
"VND","13:46:16",22.25,0,1500,21821300,"S"
"VND","13:46:15",22.25,0,900,21819800,"S"
"VND","13:46:13",22.25,0,100,21818900,"S"
"VND","13:46:09",22.25,0,6100,21818800,"S"
"VND","13:46:09",22.25,0,12700,21812700,"S"
"VND","13:46:05",22.25,0,700,21800000,"S"
"VND","13:46:02",22.2,-0.05,800,21799300,"B"
"VND","13:45:59",22.25,0,500,21798500,"S"
"VND","13:45:55",22.25,0,600,21798000,"S"
"VND","13:45:53",22.25,0,7700,21797400,"S"
"VND","13:45:52",22.25,0,600,21789700,"S"
"VND","13:45:52",22.25,0,500,21789100,"S"
"VND","13:45:51",22.25,0,1000,21788600,"S"
"VND","13:45:50",22.2,-0.05,400,21787600,"B"
"VND","13:45:42",22.25,0,3000,21787200,"S"
"VND","13:45:40",22.25,0,100,21784200,"S"
"VND","13:45:38",22.25,0,1000,21784100,"S"
"VND","13:45:35",22.25,0,15500,21783100,"S"
"VND","13:45:34",22.25,0,800,21767600,"S"
"VND","13:45:32",22.25,0,18000,21766800,"S"
"VND","13:45:29",22.25,0,10000,21748800,"S"
"VND","13:45:25",22.25,0,2000,21738800,"S"
"VND","13:45:21",22.25,0,10000,21736800,"S"
"VND","13:45:09",22.2,-0.05,1400,21726800,"B"
"VND","13:45:07",22.25,0,1000,21725400,"S"
"VND","13:45:01",22.25,0,19000,21724400,"S"
"VND","13:44:37",22.2,-0.05,400,21705400,"B"
"VND","13:44:35",22.25,0,100,21705000,"S"
"VND","13:44:33",22.25,0,300,21704900,"S"
"VND","13:44:31",22.25,0,300,21704600,"S"
"VND","13:44:29",22.25,0,1900,21704300,"S"
"VND","13:44:15",22.25,0,3000,21702400,"S"
"VND","13:44:14",22.25,0,500,21699400,"S"
"VND","13:44:04",22.25,0,5000,21698900,"S"
"VND","13:44:03",22.25,0,10300,21693900,"B"
"VND","13:43:56",22.25,0,50000,21683600,"B"
"VND","13:43:48",22.25,0,50000,21633600,"B"
"VND","13:43:43",22.3,0.05,500,21583600,"S"
"VND","13:43:23",22.3,0.05,500,21583100,"S"
"VND","13:43:13",22.3,0.05,300,21582600,"S"
"VND","13:43:12",22.25,0,500,21582300,"B"
"VND","13:43:05",22.3,0.05,500,21581800,"S"
"VND","13:42:43",22.25,0,300,21581300,"B"
"VND","13:42:41",22.25,0,7200,21581000,"B"
"VND","13:42:36",22.25,0,500,21573800,"B"
"VND","13:42:31",22.25,0,20000,21573300,"B"
"VND","13:42:21",22.25,0,24000,21553300,"B"
"VND","13:42:12",22.25,0,1100,21529300,"B"
"VND","13:41:56",22.25,0,3000,21528200,"B"
"VND","13:41:50",22.25,0,1000,21525200,"B"
"VND","13:41:42",22.25,0,400,21524200,"B"
"VND","13:41:36",22.25,0,500,21523800,"B"
"VND","13:41:28",22.25,0,25100,21523300,"S"
"VND","13:41:28",22.25,0,9900,21498200,"S"
"VND","13:41:27",22.25,0,2400,21488300,"S"
"VND","13:41:26",22.25,0,11000,21485900,"S"
"VND","13:41:26",22.25,0,500,21474900,"S"
"VND","13:41:25",22.25,0,100,21474400,"S"
"VND","13:41:24",22.25,0,300,21474300,"S"
"VND","13:41:23",22.25,0,5500,21474000,"S"
"VND","13:41:23",22.25,0,30000,21468500,"S"
"VND","13:41:22",22.25,0,3500,21438500,"S"
"VND","13:41:20",22.25,0,300,21435000,"S"
"VND","13:41:19",22.25,0,10800,21434700,"S"
"VND","13:41:18",22.25,0,300,21423900,"S"
"VND","13:41:16",22.25,0,3000,21423600,"S"
"VND","13:41:16",22.25,0,10500,21420600,"S"
"VND","13:41:15",22.25,0,1100,21410100,"S"
"VND","13:41:13",22.25,0,11000,21409000,"S"
"VND","13:41:06",22.25,0,500,21398000,"S"
"VND","13:41:05",22.25,0,5000,21397500,"S"
"VND","13:41:04",22.25,0,1100,21392500,"S"
"VND","13:41:02",22.25,0,2000,21391400,"S"
"VND","13:41:01",22.25,0,43700,21389400,"S"
"VND","13:40:48",22.25,0,5000,21345700,"S"
"VND","13:40:45",22.25,0,100,21340700,"S"
"VND","13:40:37",22.25,0,500,21340600,"S"
"VND","13:40:37",22.25,0,300,21340100,"S"
"VND","13:40:35",22.25,0,6200,21339800,"S"
"VND","13:40:28",22.25,0,10000,21333600,"S"
"VND","13:40:24",22.25,0,3400,21323600,"S"
"VND","13:40:22",22.25,0,1500,21320200,"S"
"VND","13:40:19",22.25,0,1000,21318700,"S"
"VND","13:40:19",22.25,0,300,21317700,"S"
"VND","13:40:18",22.25,0,300,21317400,"S"
"VND","13:40:17",22.25,0,1000,21317100,"S"
"VND","13:40:15",22.25,0,2200,21316100,"S"
"VND","13:40:12",22.25,0,1000,21313900,"S"
"VND","13:40:07",22.25,0,3200,21312900,"S"
"VND","13:40:02",22.25,0,1200,21309700,"S"
"VND","13:39:56",22.25,0,10000,21308500,"S"
"VND","13:39:54",22.25,0,50600,21298500,"S"
"VND","13:39:50",22.25,0,100,21247900,"S"
"VND","13:39:50",22.25,0,200,21247800,"S"
"VND","13:39:46",22.25,0,300,21247600,"S"
"VND","13:39:40",22.25,0,100,21247300,"S"
"VND","13:39:40",22.25,0,1000,21247200,"S"
"VND","13:39:39",22.25,0,600,21246200,"S"
"VND","13:39:38",22.25,0,4000,21245600,"S"
"VND","13:39:34",22.25,0,600,21241600,"S"
"VND","13:39:33",22.25,0,2000,21241000,"S"
"VND","13:39:29",22.25,0,100,21239000,"S"
"VND","13:39:26",22.25,0,100,21238900,"S"
"VND","13:39:24",22.25,0,100,21238800,"S"
"VND","13:39:15",22.25,0,200,21238700,"S"
"VND","13:39:12",22.25,0,1500,21238500,"S"
"VND","13:39:11",22.25,0,600,21237000,"S"
"VND","13:39:07",22.25,0,200,21236400,"S"
"VND","13:39:04",22.25,0,5000,21236200,"S"
"VND","13:39:04",22.25,0,10000,21231200,"S"
"VND","13:39:03",22.25,0,1100,21221200,"S"
"VND","13:38:58",22.25,0,700,21220100,"S"
"VND","13:38:56",22.25,0,1000,21219400,"S"
"VND","13:38:50",22.25,0,27700,21218400,"B"
"VND","13:38:49",22.3,0.05,1500,21190700,"S"
"VND","13:38:47",22.25,0,3500,21189200,"B"
"VND","13:38:45",22.25,0,300,21185700,"B"
"VND","13:38:40",22.25,0,50000,21185400,"B"
"VND","13:38:36",22.25,0,1100,21135400,"B"
"VND","13:38:33",22.25,0,51000,21134300,"B"
"VND","13:38:32",22.25,0,300,21083300,"B"
"VND","13:38:30",22.3,0.05,1000,21083000,"S"
"VND","13:38:27",22.25,0,50000,21082000,"B"
"VND","13:38:20",22.25,0,50000,21032000,"B"
"VND","13:38:17",22.3,0.05,1000,20982000,"S"
"VND","13:38:11",22.25,0,2000,20981000,"B"
"VND","13:38:04",22.3,0.05,300,20979000,"S"
"VND","13:38:00",22.25,0,300,20978700,"B"
"VND","13:37:54",22.3,0.05,800,20978400,"S"
"VND","13:37:53",22.25,0,31900,20977600,"B"
"VND","13:37:52",22.25,0,18100,20945700,"B"
"VND","13:37:50",22.25,0,1000,20927600,"B"
"VND","13:37:50",22.25,0,30000,20926600,"B"
"VND","13:37:50",22.3,0.05,1000,20896600,"S"
"VND","13:37:49",22.25,0,15200,20895600,"B"
"VND","13:37:46",22.25,0,10000,20880400,"B"
"VND","13:37:38",22.25,0,50000,20870400,"B"
"VND","13:37:37",22.25,0,300,20820400,"B"
"VND","13:37:36",22.25,0,1000,20820100,"B"
"VND","13:37:32",22.25,0,10000,20819100,"B"
"VND","13:37:31",22.25,0,2000,20809100,"B"
"VND","13:37:28",22.25,0,50000,20807100,"B"
"VND","13:37:27",22.25,0,20000,20757100,"B"
"VND","13:37:15",22.25,0,50000,20737100,"B"
"VND","13:36:56",22.3,0.05,100,20687100,"S"
"VND","13:36:53",22.25,0,500,20687000,"B"
"VND","13:36:34",22.3,0.05,1000,20686500,"S"
"VND","13:36:33",22.3,0.05,2100,20685500,"S"
"VND","13:36:27",22.3,0.05,200,20683400,"S"
"VND","13:36:26",22.3,0.05,500,20683200,"S"
"VND","13:36:14",22.3,0.05,100,20682700,"S"
"VND","13:36:13",22.3,0.05,10000,20682600,"S"
"VND","13:36:04",22.3,0.05,10400,20672600,"S"
"VND","13:35:51",22.3,0.05,6200,20662200,"S"
"VND","13:35:48",22.3,0.05,500,20656000,"S"
"VND","13:35:38",22.3,0.05,100,20655500,"S"
"VND","13:35:33",22.3,0.05,5000,20655400,"S"
"VND","13:35:29",22.3,0.05,100,20650400,"S"
"VND","13:34:50",22.3,0.05,1300,20650300,"S"
"VND","13:34:43",22.3,0.05,4500,20649000,"S"
"VND","13:34:33",22.3,0.05,53000,20644500,"B"
"VND","13:34:32",22.3,0.05,100,20591500,"B"
"VND","13:34:32",22.3,0.05,2000,20591400,"B"
"VND","13:34:31",22.3,0.05,2000,20589400,"B"
"VND","13:34:27",22.3,0.05,4000,20587400,"B"
"VND","13:34:24",22.3,0.05,5000,20583400,"B"
"VND","13:34:17",22.3,0.05,26000,20578400,"B"
"VND","13:34:16",22.3,0.05,5000,20552400,"B"
"VND","13:34:14",22.3,0.05,11000,20547400,"B"
"VND","13:34:10",22.3,0.05,1000,20536400,"B"
"VND","13:34:07",22.3,0.05,89000,20535400,"B"
"VND","13:34:04",22.35,0.1,20000,20446400,"S"
"VND","13:34:04",22.3,0.05,49900,20426400,"B"
"VND","13:34:03",22.3,0.05,50100,20376500,"B"
"VND","13:33:46",22.35,0.1,30100,20326400,"S"
"VND","13:33:45",22.35,0.1,1000,20296300,"S"
"VND","13:33:39",22.35,0.1,100,20295300,"S"
"VND","13:33:31",22.35,0.1,2000,20295200,"S"
"VND","13:33:23",22.35,0.1,400,20293200,"S"
"VND","13:33:21",22.3,0.05,200,20292800,"B"
"VND","13:33:20",22.35,0.1,100,20292600,"S"
"VND","13:33:13",22.35,0.1,4300,20292500,"S"
"VND","13:33:09",22.35,0.1,100000,20288200,"S"
"VND","13:33:06",22.3,0.05,1500,20188200,"B"
"VND","13:32:52",22.35,0.1,100,20186700,"S"
"VND","13:32:51",22.3,0.05,100,20186600,"B"
"VND","13:32:45",22.35,0.1,200,20186500,"S"
"VND","13:32:44",22.35,0.1,200,20186300,"S"
"VND","13:32:42",22.35,0.1,1000,20186100,"S"
"VND","13:32:32",22.35,0.1,1500,20185100,"S"
"VND","13:32:24",22.35,0.1,1000,20183600,"S"
"VND","13:31:50",22.35,0.1,100,20182600,"S"
"VND","13:31:45",22.35,0.1,1000,20182500,"S"
"VND","13:31:44",22.35,0.1,4000,20181500,"S"
"VND","13:31:37",22.35,0.1,10000,20177500,"S"
"VND","13:31:26",22.35,0.1,500,20167500,"S"
"VND","13:31:23",22.35,0.1,100,20167000,"S"
"VND","13:31:23",22.3,0.05,500,20166900,"B"
"VND","13:31:23",22.35,0.1,2800,20166400,"S"
"VND","13:31:22",22.3,0.05,1000,20163600,"B"
"VND","13:31:12",22.3,0.05,2000,20162600,"B"
"VND","13:31:01",22.35,0.1,2000,20160600,"S"
"VND","13:30:56",22.35,0.1,5000,20158600,"S"
"VND","13:30:52",22.35,0.1,300,20153600,"S"
"VND","13:30:17",22.35,0.1,100,20153300,"S"
"VND","13:30:05",22.35,0.1,1000,20153200,"S"
"VND","13:29:56",22.35,0.1,100,20152200,"S"
"VND","13:29:47",22.35,0.1,10000,20152100,"S"
"VND","13:29:42",22.35,0.1,1500,20142100,"S"
"VND","13:29:34",22.35,0.1,8200,20140600,"S"
"VND","13:29:22",22.3,0.05,400,20132400,"B"
"VND","13:29:21",22.35,0.1,16000,20132000,"S"
"VND","13:29:08",22.3,0.05,200,20116000,"B"
"VND","13:28:56",22.35,0.1,1000,20115800,"S"
"VND","13:28:51",22.35,0.1,200,20114800,"S"
"VND","13:28:38",22.35,0.1,2000,20114600,"S"
"VND","13:28:37",22.35,0.1,1500,20112600,"S"
"VND","13:28:32",22.35,0.1,200,20111100,"S"
"VND","13:28:27",22.35,0.1,1000,20110900,"S"
"VND","13:28:18",22.35,0.1,10000,20109900,"S"
"VND","13:28:05",22.35,0.1,100,20099900,"S"
"VND","13:27:59",22.35,0.1,1000,20099800,"S"
"VND","13:27:58",22.35,0.1,400,20098800,"S"
"VND","13:27:49",22.35,0.1,1000,20098400,"S"
"VND","13:27:44",22.3,0.05,1000,20097400,"B"
"VND","13:27:34",22.3,0.05,200,20096400,"B"
"VND","13:27:31",22.35,0.1,2000,20096200,"S"
"VND","13:27:25",22.35,0.1,400,20094200,"S"
"VND","13:27:04",22.3,0.05,700,20093800,"B"
"VND","13:27:02",22.35,0.1,200,20093100,"S"
"VND","13:26:59",22.35,0.1,500,20092900,"S"
"VND","13:26:53",22.35,0.1,3000,20092400,"S"
"VND","13:26:50",22.35,0.1,300,20089400,"S"
"VND","13:26:46",22.35,0.1,3000,20089100,"S"
"VND","13:26:45",22.3,0.05,10000,20086100,"B"
"VND","13:26:39",22.35,0.1,300,20076100,"S"
"VND","13:26:37",22.3,0.05,100,20075800,"B"
"VND","13:26:34",22.3,0.05,500,20075700,"B"
"VND","13:26:34",22.35,0.1,400,20075200,"S"
"VND","13:26:30",22.35,0.1,2800,20074800,"S"
"VND","13:26:24",22.3,0.05,10000,20072000,"B"
"VND","13:26:15",22.35,0.1,1000,20062000,"S"
"VND","13:26:10",22.35,0.1,3000,20061000,"S"
"VND","13:26:05",22.35,0.1,17200,20058000,"S"
"VND","13:26:01",22.35,0.1,2000,20040800,"S"
"VND","13:25:57",22.35,0.1,2200,20038800,"S"
"VND","13:25:56",22.35,0.1,5000,20036600,"S"
"VND","13:25:55",22.35,0.1,200,20031600,"S"
"VND","13:25:45",22.35,0.1,100,20031400,"S"
"VND","13:25:33",22.35,0.1,100,20031300,"S"
"VND","13:25:27",22.3,0.05,5000,20031200,"B"
"VND","13:25:24",22.35,0.1,1000,20026200,"S"
"VND","13:25:16",22.35,0.1,500,20025200,"S"
"VND","13:25:15",22.3,0.05,20000,20024700,"B"
"VND","13:24:57",22.3,0.05,700,20004700,"B"
"VND","13:24:57",22.3,0.05,2300,20004000,"B"
"VND","13:24:45",22.3,0.05,500,20001700,"B"
"VND","13:24:44",22.35,0.1,15400,20001200,"S"
"VND","13:24:36",22.3,0.05,1500,19985800,"B"
"VND","13:24:30",22.3,0.05,2000,19984300,"B"
"VND","13:24:29",22.3,0.05,100,19982300,"B"
"VND","13:24:29",22.3,0.05,100,19982200,"B"
"VND","13:24:07",22.3,0.05,500,19982100,"B"
"VND","13:23:58",22.3,0.05,200,19981600,"B"
"VND","13:23:52",22.3,0.05,100,19981400,"B"
"VND","13:23:51",22.3,0.05,100,19981300,"B"
"VND","13:23:46",22.3,0.05,200,19981200,"B"
"VND","13:23:23",22.3,0.05,2800,19981000,"S"
"VND","13:23:23",22.3,0.05,500,19978200,"S"
"VND","13:23:21",22.3,0.05,2000,19977700,"S"
"VND","13:23:19",22.25,0,5000,19975700,"B"
"VND","13:23:19",22.3,0.05,4000,19970700,"S"
"VND","13:23:18",22.3,0.05,3000,19966700,"S"
"VND","13:23:17",22.3,0.05,5000,19963700,"S"
"VND","13:23:10",22.3,0.05,400,19958700,"S"
"VND","13:23:04",22.3,0.05,600,19958300,"S"
"VND","13:22:56",22.3,0.05,5000,19957700,"S"
"VND","13:22:49",22.3,0.05,100,19952700,"S"
"VND","13:22:42",22.3,0.05,3000,19952600,"S"
"VND","13:22:41",22.3,0.05,1500,19949600,"S"
"VND","13:22:37",22.3,0.05,7000,19948100,"S"
"VND","13:22:33",22.3,0.05,500,19941100,"S"
"VND","13:22:32",22.3,0.05,2000,19940600,"S"
"VND","13:22:31",22.3,0.05,100,19938600,"S"
"VND","13:22:30",22.3,0.05,9800,19938500,"S"
"VND","13:22:25",22.3,0.05,3600,19928700,"S"
"VND","13:22:22",22.25,0,300,19925100,"B"
"VND","13:22:22",22.3,0.05,400,19924800,"S"
"VND","13:22:21",22.3,0.05,5000,19924400,"S"
"VND","13:22:14",22.3,0.05,100,19919400,"S"
"VND","13:22:12",22.3,0.05,1000,19919300,"S"
"VND","13:22:05",22.3,0.05,20000,19918300,"S"
"VND","13:21:55",22.3,0.05,4000,19898300,"S"
"VND","13:21:44",22.25,0,300,19894300,"B"
"VND","13:21:42",22.3,0.05,10000,19894000,"S"
"VND","13:21:37",22.3,0.05,300,19884000,"S"
"VND","13:21:34",22.3,0.05,500,19883700,"S"
"VND","13:21:33",22.3,0.05,100,19883200,"S"
"VND","13:21:31",22.3,0.05,3700,19883100,"B"
"VND","13:21:30",22.3,0.05,24500,19879400,"B"
"VND","13:21:29",22.3,0.05,15500,19854900,"B"
"VND","13:21:28",22.3,0.05,2000,19839400,"B"
"VND","13:21:27",22.3,0.05,2600,19837400,"B"
"VND","13:21:26",22.3,0.05,100,19834800,"B"
"VND","13:21:25",22.3,0.05,8000,19834700,"B"
"VND","13:21:21",22.3,0.05,3000,19826700,"B"
"VND","13:21:20",22.3,0.05,10000,19823700,"B"
"VND","13:21:18",22.3,0.05,3000,19813700,"B"
"VND","13:21:16",22.3,0.05,12300,19810700,"B"
"VND","13:21:14",22.3,0.05,51000,19798400,"B"
"VND","13:21:12",22.3,0.05,400,19747400,"B"
"VND","13:21:09",22.3,0.05,100,19747000,"B"
"VND","13:21:03",22.3,0.05,10100,19746900,"B"
"VND","13:20:59",22.3,0.05,5400,19736800,"B"
"VND","13:20:56",22.3,0.05,600,19731400,"B"
"VND","13:20:54",22.3,0.05,5000,19730800,"B"
"VND","13:20:44",22.3,0.05,900,19725800,"B"
"VND","13:20:43",22.35,0.1,4000,19724900,"S"
"VND","13:20:36",22.3,0.05,3000,19720900,"B"
"VND","13:20:27",22.3,0.05,200,19717900,"B"
"VND","13:20:26",22.3,0.05,700,19717700,"B"
"VND","13:20:21",22.3,0.05,5000,19717000,"B"
"VND","13:20:20",22.3,0.05,100,19712000,"B"
"VND","13:20:09",22.3,0.05,5000,19711900,"B"
"VND","13:20:09",22.35,0.1,200,19706900,"S"
"VND","13:20:09",22.3,0.05,1000,19706700,"B"
"VND","13:20:08",22.35,0.1,100,19705700,"S"
"VND","13:20:07",22.35,0.1,1000,19705600,"S"
"VND","13:20:05",22.35,0.1,100,19704600,"S"
"VND","13:20:04",22.3,0.05,2000,19704500,"B"
"VND","13:20:01",22.35,0.1,100,19702500,"S"
"VND","13:19:52",22.3,0.05,5000,19702400,"B"
"VND","13:19:51",22.35,0.1,700,19697400,"S"
"VND","13:19:51",22.3,0.05,500,19696700,"B"
"VND","13:19:48",22.35,0.1,500,19696200,"S"
"VND","13:19:48",22.35,0.1,200,19695700,"S"
"VND","13:19:38",22.35,0.1,800,19695500,"S"
"VND","13:19:37",22.35,0.1,300,19694700,"S"
"VND","13:19:37",22.35,0.1,200,19694400,"S"
"VND","13:19:31",22.35,0.1,200,19694200,"S"
"VND","13:19:20",22.35,0.1,1000,19694000,"S"
"VND","13:19:19",22.35,0.1,200,19693000,"S"
"VND","13:18:59",22.35,0.1,1000,19692800,"S"
"VND","13:18:55",22.35,0.1,500,19691800,"S"
"VND","13:18:28",22.35,0.1,500,19691300,"S"
"VND","13:18:24",22.35,0.1,500,19690800,"S"
"VND","13:18:21",22.35,0.1,1000,19690300,"S"
"VND","13:18:21",22.3,0.05,400,19689300,"B"
"VND","13:18:18",22.3,0.05,3000,19688900,"B"
"VND","13:18:16",22.35,0.1,2000,19685900,"S"
"VND","13:18:14",22.35,0.1,3000,19674700,"B"
"VND","13:18:13",22.35,0.1,22000,19671700,"B"
"VND","13:18:12",22.35,0.1,500,19649700,"B"
"VND","13:18:11",22.35,0.1,5000,19649200,"B"
"VND","13:18:09",22.35,0.1,9000,19644200,"B"
"VND","13:18:07",22.35,0.1,5000,19635200,"B"
"VND","13:18:07",22.35,0.1,1000,19630200,"B"
"VND","13:18:06",22.35,0.1,2500,19629200,"B"
"VND","13:18:04",22.35,0.1,5000,19626700,"B"
"VND","13:18:03",22.4,0.15,100,19621700,"S"
"VND","13:18:00",22.35,0.1,50000,19621600,"B"
"VND","13:17:56",22.4,0.15,2900,19571600,"S"
"VND","13:17:56",22.35,0.1,100,19568700,"B"
"VND","13:17:55",22.4,0.15,3000,19568600,"S"
"VND","13:17:55",22.35,0.1,800,19565600,"B"
"VND","13:17:51",22.35,0.1,1000,19564800,"B"
"VND","13:17:48",22.35,0.1,200,19563800,"B"
"VND","13:17:47",22.35,0.1,13800,19563600,"B"
"VND","13:17:45",22.35,0.1,900,19549800,"B"
"VND","13:17:45",22.4,0.15,1300,19548900,"S"
"VND","13:17:43",22.35,0.1,3600,19547600,"B"
"VND","13:17:42",22.35,0.1,5000,19544000,"B"
"VND","13:17:41",22.35,0.1,5000,19539000,"B"
"VND","13:17:41",22.35,0.1,9800,19534000,"B"
"VND","13:17:38",22.35,0.1,600,19524200,"B"
"VND","13:17:37",22.4,0.15,15000,19523600,"S"
"VND","13:17:35",22.35,0.1,1000,19508600,"B"
"VND","13:17:32",22.35,0.1,5000,19507600,"B"
"VND","13:17:30",22.35,0.1,100000,19502600,"B"
"VND","13:17:29",22.35,0.1,5000,19402600,"B"
"VND","13:17:28",22.35,0.1,5000,19397600,"B"
"VND","13:17:25",22.35,0.1,1000,19392600,"B"
"VND","13:17:24",22.4,0.15,100,19391600,"S"
"VND","13:17:21",22.35,0.1,700,19391500,"B"
"VND","13:17:15",22.35,0.1,5000,19390800,"B"
"VND","13:17:14",22.4,0.15,800,19385800,"S"
"VND","13:17:10",22.35,0.1,1000,19385000,"B"
"VND","13:17:04",22.35,0.1,300,19384000,"B"
"VND","13:16:57",22.35,0.1,3000,19383700,"B"
"VND","13:16:56",22.4,0.15,100,19380700,"S"
"VND","13:16:55",22.35,0.1,10000,19380600,"B"
"VND","13:16:42",22.4,0.15,100,19370600,"S"
"VND","13:16:31",22.4,0.15,1000,19370500,"S"
"VND","13:16:25",22.4,0.15,1000,19369500,"S"
"VND","13:16:16",22.4,0.15,1000,19368500,"S"
"VND","13:16:13",22.4,0.15,400,19367500,"S"
"VND","13:16:09",22.4,0.15,200,19367100,"S"
"VND","13:16:08",22.4,0.15,10000,19366900,"S"
"VND","13:16:07",22.4,0.15,10000,19356900,"S"
"VND","13:16:05",22.35,0.1,400,19346900,"B"
"VND","13:16:03",22.35,0.1,2500,19346500,"B"
"VND","13:16:03",22.4,0.15,3100,19344000,"S"
"VND","13:15:59",22.35,0.1,400,19340900,"B"
"VND","13:15:57",22.4,0.15,3000,19340500,"S"
"VND","13:15:54",22.4,0.15,100,19337500,"S"
"VND","13:15:50",22.4,0.15,6800,19337400,"S"
"VND","13:15:46",22.35,0.1,200,19330600,"B"
"VND","13:15:42",22.4,0.15,1000,19330400,"S"
"VND","13:15:38",22.4,0.15,1000,19329400,"S"
"VND","13:15:33",22.4,0.15,500,19328400,"S"
"VND","13:15:32",22.4,0.15,6200,19327900,"S"
"VND","13:15:31",22.4,0.15,3000,19321700,"S"
"VND","13:15:17",22.4,0.15,1000,19318700,"S"
"VND","13:15:16",22.35,0.1,1000,19317700,"B"
"VND","13:15:13",22.4,0.15,100,19316700,"S"
"VND","13:15:09",22.4,0.15,4300,19316600,"S"
"VND","13:15:08",22.4,0.15,2500,19312300,"S"
"VND","13:15:07",22.4,0.15,10000,19309800,"S"
"VND","13:15:04",22.4,0.15,100400,19299800,"S"
"VND","13:15:00",22.4,0.15,5100,19199400,"S"
"VND","13:14:50",22.4,0.15,1000,19194300,"S"
"VND","13:14:46",22.35,0.1,500,19193300,"B"
"VND","13:14:45",22.35,0.1,300,19192800,"B"
"VND","13:14:43",22.35,0.1,100,19192500,"B"
"VND","13:14:34",22.35,0.1,1000,19192400,"B"
"VND","13:14:33",22.4,0.15,1200,19191400,"S"
"VND","13:14:22",22.35,0.1,5000,19190200,"B"
"VND","13:14:20",22.35,0.1,500,19185200,"B"
"VND","13:14:12",22.35,0.1,100,19184700,"B"
"VND","13:13:59",22.35,0.1,1100,19184600,"B"
"VND","13:13:58",22.35,0.1,74100,19183500,"S"
"VND","13:13:56",22.35,0.1,10500,19109400,"S"
"VND","13:13:56",22.35,0.1,500,19098900,"S"
"VND","13:13:55",22.35,0.1,400,19098400,"S"
"VND","13:13:52",22.35,0.1,8100,19098000,"S"
"VND","13:13:52",22.35,0.1,2000,19089900,"S"
"VND","13:13:51",22.35,0.1,500,19087900,"S"
"VND","13:13:50",22.35,0.1,2900,19087400,"S"
"VND","13:13:49",22.35,0.1,500,19084500,"S"
"VND","13:13:49",22.35,0.1,20000,19084000,"S"
"VND","13:13:47",22.35,0.1,20000,19064000,"S"
"VND","13:13:47",22.35,0.1,200,19044000,"S"
"VND","13:13:46",22.35,0.1,200,19043800,"S"
"VND","13:13:46",22.35,0.1,15000,19043600,"S"
"VND","13:13:44",22.35,0.1,2000,19028600,"S"
"VND","13:13:42",22.35,0.1,5100,19026600,"S"
"VND","13:13:40",22.35,0.1,200,19021500,"S"
"VND","13:13:39",22.35,0.1,1000,19021300,"S"
"VND","13:13:38",22.35,0.1,200,19020300,"S"
"VND","13:13:36",22.35,0.1,500,19020100,"S"
"VND","13:13:31",22.35,0.1,2000,19019600,"S"
"VND","13:13:29",22.35,0.1,6000,19017600,"S"
"VND","13:13:27",22.35,0.1,4000,19011600,"S"
"VND","13:13:27",22.3,0.05,15000,19007600,"B"
"VND","13:13:23",22.35,0.1,200,18992600,"S"
"VND","13:13:14",22.35,0.1,10000,18992400,"S"
"VND","13:13:12",22.35,0.1,500,18982400,"S"
"VND","13:13:12",22.3,0.05,50000,18981900,"B"
"VND","13:13:11",22.35,0.1,10000,18931900,"S"
"VND","13:13:09",22.35,0.1,10200,18921900,"S"
"VND","13:13:08",22.35,0.1,600,18911700,"S"
"VND","13:13:01",22.35,0.1,8000,18911100,"S"
"VND","13:12:58",22.35,0.1,2000,18903100,"S"
"VND","13:12:55",22.35,0.1,1000,18901100,"S"
"VND","13:12:53",22.35,0.1,135000,18900100,"S"
"VND","13:12:49",22.35,0.1,1000,18765100,"S"
"VND","13:12:45",22.3,0.05,200,18764100,"B"
"VND","13:12:40",22.35,0.1,100,18763900,"S"
"VND","13:12:40",22.3,0.05,1000,18763800,"B"
"VND","13:12:35",22.3,0.05,200,18762800,"B"
"VND","13:12:35",22.3,0.05,200,18762600,"B"
"VND","13:12:30",22.3,0.05,100,18762400,"B"
"VND","13:12:30",22.3,0.05,300,18762300,"B"
"VND","13:12:27",22.3,0.05,600,18762000,"B"
"VND","13:12:16",22.3,0.05,100,18761400,"B"
"VND","13:12:09",22.3,0.05,600,18761300,"B"
"VND","13:12:05",22.3,0.05,2000,18760700,"B"
"VND","13:12:04",22.35,0.1,6200,18758700,"S"
"VND","13:11:59",22.3,0.05,600,18752500,"B"
"VND","13:11:53",22.3,0.05,2700,18751900,"S"
"VND","13:11:52",22.3,0.05,4100,18749200,"S"
"VND","13:11:49",22.3,0.05,100500,18717600,"S"
"VND","13:11:45",22.3,0.05,1000,18617100,"S"
"VND","13:11:44",22.3,0.05,2000,18616100,"S"
"VND","13:11:42",22.3,0.05,4200,18614100,"S"
"VND","13:11:41",22.3,0.05,11000,18609900,"S"
"VND","13:11:41",22.3,0.05,2000,18598900,"S"
"VND","13:11:39",22.3,0.05,4600,18596900,"S"
"VND","13:11:38",22.3,0.05,50200,18592300,"S"
"VND","13:11:35",22.3,0.05,200000,18542100,"S"
"VND","13:11:32",22.25,0,2000,18342100,"B"
"VND","13:11:15",22.3,0.05,15000,18340100,"S"
"VND","13:11:12",22.3,0.05,1200,18325100,"S"
"VND","13:11:12",22.25,0,1000,18323900,"B"
"VND","13:11:06",22.3,0.05,100,18322900,"S"
"VND","13:11:00",22.25,0,400,18322800,"B"
"VND","13:10:56",22.25,0,2000,18322400,"B"
"VND","13:10:50",22.25,0,2000,18320400,"B"
"VND","13:10:25",22.25,0,1500,18318400,"B"
"VND","13:10:02",22.25,0,1000,18316900,"B"
"VND","13:10:01",22.3,0.05,1500,18315900,"S"
"VND","13:09:55",22.25,0,100,18314400,"B"
"VND","13:09:43",22.25,0,500,18314300,"B"
"VND","13:09:42",22.25,0,200,18313800,"B"
"VND","13:09:22",22.25,0,700,18313600,"S"
"VND","13:09:21",22.25,0,30200,18312900,"S"
"VND","13:09:21",22.25,0,3000,18282700,"S"
"VND","13:09:20",22.25,0,5000,18279700,"S"
"VND","13:09:19",22.25,0,3000,18274700,"S"
"VND","13:09:17",22.25,0,2000,18271700,"S"
"VND","13:09:16",22.25,0,8000,18269700,"S"
"VND","13:09:15",22.25,0,40500,18261700,"S"
"VND","13:09:14",22.25,0,6500,18221200,"S"
"VND","13:09:13",22.25,0,2900,18214700,"S"
"VND","13:09:12",22.25,0,32000,18211800,"S"
"VND","13:09:10",22.25,0,10000,18179800,"S"
"VND","13:09:03",22.25,0,50000,18169800,"S"
"VND","13:09:02",22.25,0,100,18119800,"S"
"VND","13:08:58",22.25,0,9800,18119700,"S"
"VND","13:08:53",22.25,0,3000,18109900,"S"
"VND","13:08:52",22.25,0,15500,18106900,"S"
"VND","13:08:50",22.25,0,1500,18091400,"S"
"VND","13:08:47",22.25,0,4200,18089900,"S"
"VND","13:08:38",22.25,0,1100,18085700,"S"
"VND","13:08:37",22.25,0,4600,18084600,"S"
"VND","13:08:35",22.25,0,100,18080000,"S"
"VND","13:08:29",22.25,0,400,18079900,"S"
"VND","13:08:26",22.25,0,500,18079500,"S"
"VND","13:08:13",22.25,0,100,18079000,"S"
"VND","13:08:13",22.2,-0.05,100,18078900,"B"
"VND","13:08:11",22.25,0,100,18078800,"S"
"VND","13:08:11",22.2,-0.05,1000,18078700,"B"
"VND","13:08:08",22.25,0,2500,18077700,"S"
"VND","13:08:01",22.25,0,1100,18075200,"S"
"VND","13:07:58",22.25,0,5000,18074100,"S"
"VND","13:07:57",22.25,0,100,18069100,"S"
"VND","13:07:34",22.25,0,1000,18069000,"S"
"VND","13:07:31",22.25,0,6000,18068000,"S"
"VND","13:07:28",22.25,0,500,18062000,"S"
"VND","13:07:27",22.2,-0.05,200,18061500,"B"
"VND","13:07:10",22.25,0,2000,18061300,"S"
"VND","13:07:07",22.25,0,5000,18059300,"S"
"VND","13:06:59",22.25,0,1000,18054300,"S"
"VND","13:06:56",22.25,0,500,18053300,"S"
"VND","13:06:51",22.25,0,1200,18052800,"S"
"VND","13:06:48",22.25,0,1400,18051600,"S"
"VND","13:06:41",22.25,0,1000,18050200,"S"
"VND","13:06:38",22.25,0,1100,18049200,"S"
"VND","13:06:38",22.2,-0.05,200,18048100,"B"
"VND","13:06:36",22.25,0,200,18047900,"S"
"VND","13:06:25",22.25,0,2000,18047700,"S"
"VND","13:06:24",22.25,0,600,18045700,"S"
"VND","13:06:22",22.25,0,100,18045100,"S"
"VND","13:06:20",22.25,0,100,18045000,"S"
"VND","13:06:16",22.25,0,2300,18044900,"S"
"VND","13:06:14",22.25,0,500,18042600,"S"
"VND","13:06:03",22.25,0,50000,18042100,"S"
"VND","13:05:58",22.25,0,4000,17992100,"S"
"VND","13:05:50",22.25,0,10000,17988100,"S"
"VND","13:05:47",22.25,0,6900,17978100,"S"
"VND","13:05:43",22.25,0,100,17971200,"S"
"VND","13:05:40",22.25,0,3000,17971100,"S"
"VND","13:05:39",22.2,-0.05,2200,17968100,"B"
"VND","13:05:36",22.25,0,1000,17965900,"S"
"VND","13:05:34",22.25,0,200,17964900,"S"
"VND","13:05:25",22.25,0,700,17964700,"S"
"VND","13:05:23",22.25,0,500,17964000,"S"
"VND","13:05:16",22.25,0,1000,17963500,"S"
"VND","13:05:15",22.25,0,500,17962500,"S"
"VND","13:05:08",22.25,0,50000,17962000,"S"
"VND","13:05:05",22.25,0,7100,17912000,"S"
"VND","13:05:02",22.25,0,100,17904900,"S"
"VND","13:04:50",22.2,-0.05,500,17904800,"B"
"VND","13:04:49",22.2,-0.05,300,17904300,"B"
"VND","13:04:41",22.2,-0.05,300,17904000,"B"
"VND","13:04:39",22.2,-0.05,200,17903700,"B"
"VND","13:04:31",22.2,-0.05,300,17903500,"B"
"VND","13:04:30",22.25,0,100,17903200,"S"
"VND","13:04:29",22.2,-0.05,4400,17903100,"B"
"VND","13:04:28",22.25,0,3000,17898700,"S"
"VND","13:04:27",22.2,-0.05,300,17895700,"B"
"VND","13:04:21",22.2,-0.05,1300,17895400,"B"
"VND","13:04:17",22.25,0,3000,17894100,"S"
"VND","13:04:15",22.2,-0.05,5000,17891100,"B"
"VND","13:04:13",22.2,-0.05,100,17886100,"B"
"VND","13:04:00",22.2,-0.05,10100,17886000,"B"
"VND","13:03:38",22.2,-0.05,1000,17875900,"B"
"VND","13:03:30",22.25,0,1000,17874900,"S"
"VND","13:03:30",22.2,-0.05,10000,17873900,"B"
"VND","13:03:27",22.25,0,10000,17863900,"S"
"VND","13:03:27",22.2,-0.05,4000,17853900,"B"
"VND","13:03:14",22.25,0,1000,17849900,"S"
"VND","13:03:13",22.25,0,1000,17848900,"S"
"VND","13:03:06",22.25,0,500,17847900,"S"
"VND","13:03:05",22.25,0,500,17847400,"S"
"VND","13:03:02",22.25,0,2000,17846900,"S"
"VND","13:02:55",22.25,0,100,17844900,"S"
"VND","13:02:48",22.25,0,10000,17844800,"S"
"VND","13:02:27",22.25,0,200,17834800,"S"
"VND","13:02:23",22.25,0,1000,17834600,"S"
"VND","13:02:12",22.25,0,200,17833600,"S"
"VND","13:01:58",22.25,0,1400,17833400,"S"
"VND","13:01:57",22.2,-0.05,30000,17832000,"B"
"VND","13:01:44",22.25,0,200,17802000,"S"
"VND","13:01:38",22.2,-0.05,10000,17801800,"B"
"VND","13:01:21",22.2,-0.05,1000,17791800,"B"
"VND","13:01:18",22.25,0,1000,17790800,"S"
"VND","13:01:14",22.2,-0.05,300,17789800,"B"
"VND","13:01:04",22.25,0,800,17789500,"S"
"VND","13:00:46",22.2,-0.05,100,17788700,"B"
"VND","13:00:39",22.25,0,500,17788600,"S"
"VND","13:00:34",22.2,-0.05,5000,17788100,"B"
"VND","13:00:27",22.25,0,300,17783100,"S"
"VND","13:00:26",22.25,0,14500,17782800,"S"
"VND","13:00:26",22.25,0,1200,17768300,"S"
"VND","13:00:22",22.2,-0.05,1000,17767100,"B"
"VND","13:00:21",22.2,-0.05,600,17766100,"B"
"VND","13:00:20",22.25,0,400,17765500,"S"
"VND","13:00:18",22.25,0,500,17765100,"S"
"VND","13:00:17",22.25,0,200,17764600,"S"
"VND","13:00:17",22.25,0,22500,17764400,"S"
"VND","13:00:15",22.25,0,11000,17740900,"S"
"VND","13:00:15",22.25,0,800,17729900,"S"
"VND","13:00:14",22.25,0,1000,17729100,"S"
"VND","13:00:13",22.25,0,200,17728100,"S"
"VND","13:00:10",22.25,0,500,17727900,"S"
"VND","13:00:09",22.25,0,4500,17727400,"S"
"VND","13:00:07",22.25,0,600,17722900,"S"
"VND","13:00:05",22.25,0,600,17722300,"S"
"VND","13:00:05",22.25,0,1100,17721700,"S"
"VND","13:00:04",22.25,0,300,17720600,"S"
"VND","13:00:03",22.25,0,1000,17720300,"S"
"VND","13:00:02",22.25,0,8700,17719300,"S"
"VND","13:00:02",22.2,-0.05,500,17710600,"B"
"VND","13:00:02",22.25,0,6900,17710100,"S"
"VND","13:00:01",22.25,0,1200,17703200,"S"
"VND","13:00:01",22.2,-0.05,6000,17702000,"B"
"VND","13:00:00",22.2,-0.05,1000,17696000,"B"
"VND","13:00:00",22.25,0,2000,17695000,"S"
"VND","13:00:00",22.2,-0.05,100,17693000,"B"
"VND","13:00:00",22.25,0,165300,17692900,"B"
"VND","11:29:55",22.25,0,38000,17527600,"B"
"VND","11:29:51",22.25,0,100,17489600,"B"
"VND","11:29:46",22.25,0,3000,17489500,"B"
"VND","11:29:44",22.3,0.05,100,17486500,"S"
"VND","11:29:39",22.25,0,500,17486400,"B"
"VND","11:29:38",22.3,0.05,2600,17485900,"S"
"VND","11:29:37",22.25,0,5000,17483300,"B"
"VND","11:29:30",22.25,0,300,17478300,"B"
"VND","11:29:24",22.25,0,1000,17478000,"B"
"VND","11:29:21",22.3,0.05,500,17477000,"S"
"VND","11:29:20",22.25,0,5000,17476500,"B"
"VND","11:29:17",22.3,0.05,300,17471500,"S"
"VND","11:29:02",22.3,0.05,1000,17471200,"S"
"VND","11:29:01",22.3,0.05,100,17470200,"S"
"VND","11:28:56",22.3,0.05,100,17470100,"S"
"VND","11:28:55",22.3,0.05,200,17470000,"S"
"VND","11:28:52",22.3,0.05,27600,17469800,"B"
"VND","11:28:48",22.3,0.05,200,17442200,"B"
"VND","11:28:37",22.3,0.05,600,17442000,"B"
"VND","11:28:35",22.35,0.1,1000,17441400,"S"
"VND","11:28:31",22.3,0.05,2000,17440400,"B"
"VND","11:28:30",22.3,0.05,200,17438400,"B"
"VND","11:28:25",22.3,0.05,500,17438200,"B"
"VND","11:28:18",22.3,0.05,102300,17437700,"B"
"VND","11:28:10",22.3,0.05,2000,17335400,"B"
"VND","11:28:05",22.35,0.1,2000,17333400,"S"
"VND","11:28:01",22.35,0.1,5000,17331400,"S"
"VND","11:27:59",22.35,0.1,400,17326400,"S"
"VND","11:27:54",22.35,0.1,1000,17326000,"S"
"VND","11:27:45",22.35,0.1,200,17325000,"S"
"VND","11:27:45",22.3,0.05,2500,17324800,"B"
"VND","11:27:43",22.35,0.1,2400,17322300,"S"
"VND","11:27:35",22.35,0.1,1000,17319900,"S"
"VND","11:27:34",22.35,0.1,1600,17318900,"S"
"VND","11:27:31",22.3,0.05,1000,17317300,"B"
"VND","11:27:17",22.3,0.05,100,17316300,"B"
"VND","11:27:16",22.35,0.1,500,17316200,"S"
"VND","11:27:16",22.3,0.05,4200,17315700,"S"
"VND","11:27:14",22.3,0.05,3400,17311500,"S"
"VND","11:27:13",22.3,0.05,200,17308100,"S"
"VND","11:27:11",22.3,0.05,500,17307900,"S"
"VND","11:27:10",22.3,0.05,10000,17307400,"S"
"VND","11:27:08",22.3,0.05,500,17297400,"S"
"VND","11:27:06",22.3,0.05,14000,17296900,"S"
"VND","11:27:04",22.3,0.05,2800,17282900,"S"
"VND","11:27:03",22.3,0.05,500,17280100,"S"
"VND","11:27:01",22.3,0.05,100,17279600,"S"
"VND","11:27:00",22.3,0.05,2900,17279500,"S"
"VND","11:26:58",22.3,0.05,2200,17276600,"S"
"VND","11:26:56",22.3,0.05,100,17274400,"S"
"VND","11:26:53",22.3,0.05,500,17274300,"S"
"VND","11:26:52",22.3,0.05,1700,17273800,"S"
"VND","11:26:52",22.3,0.05,1000,17272100,"S"
"VND","11:26:51",22.3,0.05,1000,17271100,"S"
"VND","11:26:49",22.3,0.05,2500,17270100,"S"
"VND","11:26:49",22.3,0.05,3400,17267600,"S"
"VND","11:26:48",22.3,0.05,600,17264200,"S"
"VND","11:26:47",22.3,0.05,10000,17263600,"S"
"VND","11:26:47",22.3,0.05,100,17253600,"S"
"VND","11:26:45",22.3,0.05,500,17253400,"S"
"VND","11:26:43",22.3,0.05,1000,17252900,"S"
"VND","11:26:42",22.3,0.05,10000,17251900,"S"
"VND","11:26:40",22.3,0.05,50000,17241900,"S"
"VND","11:26:37",22.3,0.05,200,17191900,"S"
"VND","11:26:35",22.3,0.05,2000,17191700,"S"
"VND","11:26:32",22.3,0.05,1000,17189700,"S"
"VND","11:26:30",22.3,0.05,500,17188700,"S"
"VND","11:26:28",22.3,0.05,100,17188200,"S"
"VND","11:26:27",22.3,0.05,400,17188100,"S"
"VND","11:26:15",22.3,0.05,1100,17187700,"S"
"VND","11:26:10",22.3,0.05,1500,17186600,"S"
"VND","11:26:10",22.25,0,600,17185100,"B"
"VND","11:26:05",22.3,0.05,500,17184500,"S"
"VND","11:26:05",22.25,0,1100,17184000,"B"
"VND","11:26:05",22.3,0.05,2500,17182900,"S"
"VND","11:26:04",22.3,0.05,1600,17180400,"S"
"VND","11:26:03",22.3,0.05,1000,17178800,"S"
"VND","11:25:59",22.3,0.05,100,17177800,"S"
"VND","11:25:58",22.3,0.05,2000,17177700,"S"
"VND","11:25:58",22.3,0.05,300,17175700,"S"
"VND","11:25:57",22.3,0.05,500,17175400,"S"
"VND","11:25:55",22.3,0.05,1000,17174900,"S"
"VND","11:25:49",22.3,0.05,3000,17173900,"S"
"VND","11:25:46",22.3,0.05,5000,17170900,"S"
"VND","11:25:44",22.3,0.05,5000,17165900,"S"
"VND","11:25:40",22.3,0.05,5000,17160900,"S"
"VND","11:25:38",22.25,0,10400,17155900,"S"
"VND","11:25:37",22.25,0,6100,17145500,"S"
"VND","11:25:37",22.25,0,55000,17139400,"S"
"VND","11:25:36",22.25,0,2100,17084400,"S"
"VND","11:25:36",22.25,0,5500,17082300,"S"
"VND","11:25:35",22.25,0,11500,17076800,"S"
"VND","11:25:34",22.25,0,500,17065300,"S"
"VND","11:25:33",22.25,0,2000,17064800,"S"
"VND","11:25:33",22.25,0,3500,17062800,"S"
"VND","11:25:32",22.25,0,15000,17059300,"S"
"VND","11:25:31",22.25,0,3000,17044300,"S"
"VND","11:25:31",22.25,0,500,17041300,"S"
"VND","11:25:29",22.25,0,3000,17040800,"S"
"VND","11:25:28",22.25,0,5000,17037800,"S"
"VND","11:25:28",22.2,-0.05,100,17032800,"B"
"VND","11:25:28",22.25,0,7100,17032700,"S"
"VND","11:25:27",22.25,0,500,17025600,"S"
"VND","11:25:26",22.25,0,3800,17025100,"S"
"VND","11:25:25",22.25,0,3200,17021300,"S"
"VND","11:25:24",22.25,0,1000,17018100,"S"
"VND","11:25:23",22.25,0,200,17017100,"S"
"VND","11:25:22",22.25,0,100,17016900,"S"
"VND","11:25:21",22.25,0,1000,17016800,"S"
"VND","11:25:19",22.25,0,10000,17015800,"S"
"VND","11:25:18",22.25,0,500,17005800,"S"
"VND","11:25:15",22.25,0,2200,17005300,"S"
"VND","11:25:10",22.25,0,5000,17003100,"S"
"VND","11:25:09",22.25,0,100,16998100,"S"
"VND","11:25:07",22.2,-0.05,6500,16998000,"B"
"VND","11:25:07",22.25,0,5000,16991500,"S"
"VND","11:25:03",22.25,0,100,16986500,"S"
"VND","11:25:02",22.25,0,300,16986400,"S"
"VND","11:25:02",22.25,0,500,16986100,"S"
"VND","11:24:59",22.2,-0.05,600,16985600,"B"
"VND","11:24:59",22.25,0,800,16985000,"S"
"VND","11:24:56",22.25,0,20000,16984200,"S"
"VND","11:24:30",22.2,-0.05,5000,16964200,"B"
"VND","11:24:19",22.2,-0.05,800,16959200,"B"
"VND","11:24:12",22.2,-0.05,100,16958400,"B"
"VND","11:24:08",22.25,0,30000,16958300,"S"
"VND","11:24:06",22.2,-0.05,52900,16928300,"B"
"VND","11:24:02",22.2,-0.05,1000,16875400,"B"
"VND","11:23:58",22.25,0,500,16874400,"S"
"VND","11:23:56",22.2,-0.05,2500,16873900,"B"
"VND","11:23:55",22.2,-0.05,300,16871400,"B"
"VND","11:23:53",22.2,-0.05,100,16871100,"B"
"VND","11:23:47",22.2,-0.05,8200,16871000,"B"
"VND","11:23:47",22.2,-0.05,4700,16862800,"B"
"VND","11:23:43",22.2,-0.05,500,16858100,"B"
"VND","11:23:43",22.2,-0.05,10000,16857600,"B"
"VND","11:23:41",22.2,-0.05,18300,16847600,"B"
"VND","11:23:41",22.2,-0.05,31700,16829300,"B"
"VND","11:23:37",22.2,-0.05,500,16797600,"B"
"VND","11:23:36",22.2,-0.05,14200,16797100,"B"
"VND","11:23:33",22.2,-0.05,500,16782900,"B"
"VND","11:23:32",22.2,-0.05,400,16782400,"B"
"VND","11:23:31",22.2,-0.05,1000,16782000,"B"
"VND","11:23:31",22.25,0,1000,16781000,"S"
"VND","11:23:30",22.2,-0.05,1000,16780000,"B"
"VND","11:23:27",22.2,-0.05,6000,16779000,"B"
"VND","11:23:27",22.2,-0.05,2000,16773000,"B"
"VND","11:23:26",22.25,0,2000,16771000,"S"
"VND","11:23:25",22.2,-0.05,200,16769000,"B"
"VND","11:23:24",22.2,-0.05,1500,16768800,"B"
"VND","11:23:23",22.2,-0.05,2000,16767300,"B"
"VND","11:23:21",22.2,-0.05,500,16765300,"B"
"VND","11:23:20",22.2,-0.05,300,16764800,"B"
"VND","11:23:16",22.2,-0.05,1000,16764500,"B"
"VND","11:23:16",22.2,-0.05,6000,16763500,"B"
"VND","11:23:02",22.2,-0.05,3200,16757500,"B"
"VND","11:22:59",22.2,-0.05,20000,16754300,"B"
"VND","11:22:55",22.25,0,2000,16734300,"S"
"VND","11:22:53",22.2,-0.05,2000,16732300,"B"
"VND","11:22:53",22.2,-0.05,6500,16730300,"B"
"VND","11:22:48",22.25,0,1000,16723800,"S"
"VND","11:22:45",22.25,0,1000,16722800,"S"
"VND","11:22:45",22.2,-0.05,3000,16721800,"B"
"VND","11:22:40",22.25,0,200,16718800,"S"
"VND","11:22:38",22.2,-0.05,5000,16718600,"B"
"VND","11:22:29",22.25,0,300,16713600,"S"
"VND","11:22:25",22.2,-0.05,3000,16713300,"B"
"VND","11:22:23",22.2,-0.05,1000,16710300,"B"
"VND","11:22:18",22.25,0,3000,16709300,"S"
"VND","11:22:15",22.25,0,1000,16706300,"S"
"VND","11:22:13",22.25,0,400,16705300,"S"
"VND","11:22:10",22.25,0,1000,16704900,"S"
"VND","11:22:09",22.2,-0.05,300,16703900,"B"
"VND","11:22:08",22.2,-0.05,1000,16703600,"B"
"VND","11:22:04",22.25,0,100,16702600,"S"
"VND","11:21:57",22.2,-0.05,5000,16702500,"B"
"VND","11:21:52",22.25,0,5000,16697500,"S"
"VND","11:21:50",22.2,-0.05,200,16692500,"B"
"VND","11:21:49",22.2,-0.05,7500,16692300,"B"
"VND","11:21:48",22.2,-0.05,300,16684800,"B"
"VND","11:21:43",22.2,-0.05,2000,16684500,"B"
"VND","11:21:37",22.2,-0.05,5000,16682500,"B"
"VND","11:21:32",22.2,-0.05,300,16677500,"B"
"VND","11:21:30",22.2,-0.05,5000,16677200,"B"
"VND","11:21:30",22.25,0,500,16672200,"S"
"VND","11:21:26",22.2,-0.05,5000,16671700,"B"
"VND","11:21:22",22.25,0,8000,16666700,"S"
"VND","11:21:19",22.2,-0.05,1000,16658700,"B"
"VND","11:21:19",22.2,-0.05,1000,16657700,"B"
"VND","11:21:15",22.2,-0.05,200,16656700,"B"
"VND","11:21:13",22.2,-0.05,700,16656500,"B"
"VND","11:21:09",22.2,-0.05,1600,16655800,"S"
"VND","11:21:09",22.2,-0.05,2500,16654200,"S"
"VND","11:21:08",22.2,-0.05,3200,16651700,"S"
"VND","11:21:07",22.2,-0.05,600,16648500,"S"
"VND","11:21:06",22.2,-0.05,35000,16647900,"S"
"VND","11:21:06",22.2,-0.05,2000,16612900,"S"
"VND","11:21:04",22.2,-0.05,4900,16610900,"S"
"VND","11:21:01",22.2,-0.05,200,16605900,"S"
"VND","11:20:58",22.2,-0.05,1000,16605700,"S"
"VND","11:20:57",22.15,-0.1,1500,16604700,"B"
"VND","11:20:55",22.2,-0.05,22700,16603200,"S"
"VND","11:20:54",22.2,-0.05,12300,16580500,"S"
"VND","11:20:53",22.2,-0.05,6500,16568200,"S"
"VND","11:20:51",22.15,-0.1,1000,16561700,"B"
"VND","11:20:50",22.2,-0.05,500,16560700,"S"
"VND","11:20:46",22.2,-0.05,2500,16560200,"S"
"VND","11:20:42",22.2,-0.05,500,16557700,"S"
"VND","11:20:40",22.15,-0.1,300,16557200,"B"
"VND","11:20:40",22.2,-0.05,200,16556900,"S"
"VND","11:20:37",22.2,-0.05,1200,16556700,"S"
"VND","11:20:32",22.2,-0.05,1000,16555500,"S"
"VND","11:20:31",22.2,-0.05,100,16554500,"S"
"VND","11:20:24",22.2,-0.05,41300,16554400,"S"
"VND","11:20:21",22.15,-0.1,5500,16513100,"B"
"VND","11:20:21",22.2,-0.05,300,16507600,"S"
"VND","11:20:20",22.15,-0.1,100,16507300,"B"
"VND","11:20:16",22.2,-0.05,1000,16507200,"S"
"VND","11:20:15",22.15,-0.1,800,16506200,"B"
"VND","11:20:07",22.15,-0.1,8500,16505400,"B"
"VND","11:20:05",22.2,-0.05,5000,16496900,"S"
"VND","11:20:04",22.15,-0.1,1000,16491900,"B"
"VND","11:20:02",22.2,-0.05,500,16490900,"S"
"VND","11:20:01",22.15,-0.1,3000,16490400,"B"
"VND","11:20:00",22.15,-0.1,1000,16487400,"B"
"VND","11:20:00",22.2,-0.05,200,16486400,"S"
"VND","11:19:58",22.15,-0.1,700,16486200,"B"
"VND","11:19:57",22.2,-0.05,500,16485500,"S"
"VND","11:19:57",22.15,-0.1,2000,16485000,"B"
"VND","11:19:55",22.15,-0.1,2000,16483000,"B"
"VND","11:19:46",22.15,-0.1,100,16481000,"B"
"VND","11:19:44",22.2,-0.05,200,16480900,"S"
"VND","11:19:43",22.15,-0.1,3000,16480700,"B"
"VND","11:19:42",22.2,-0.05,500,16477700,"S"
"VND","11:19:40",22.2,-0.05,600,16477200,"S"
"VND","11:19:38",22.2,-0.05,2000,16476600,"S"
"VND","11:19:34",22.2,-0.05,3500,16474600,"S"
"VND","11:19:31",22.2,-0.05,200,16471100,"S"
"VND","11:19:26",22.2,-0.05,200,16470900,"S"
"VND","11:19:25",22.2,-0.05,100,16470700,"S"
"VND","11:19:24",22.2,-0.05,10000,16470600,"S"
"VND","11:19:21",22.2,-0.05,5300,16460600,"S"
"VND","11:19:20",22.2,-0.05,500,16455300,"S"
"VND","11:19:18",22.15,-0.1,4000,16454800,"B"
"VND","11:19:17",22.2,-0.05,200,16450800,"S"
"VND","11:19:16",22.2,-0.05,3000,16450600,"S"
"VND","11:19:15",22.2,-0.05,500,16447600,"S"
"VND","11:19:14",22.2,-0.05,100,16447100,"S"
"VND","11:19:11",22.2,-0.05,1000,16447000,"S"
"VND","11:19:11",22.15,-0.1,1000,16446000,"B"
"VND","11:19:08",22.2,-0.05,10000,16445000,"S"
"VND","11:19:06",22.2,-0.05,5000,16435000,"S"
"VND","11:19:05",22.2,-0.05,2000,16430000,"S"
"VND","11:19:00",22.2,-0.05,3100,16428000,"S"
"VND","11:18:54",22.15,-0.1,6000,16424900,"B"
"VND","11:18:52",22.2,-0.05,100,16418900,"S"
"VND","11:18:52",22.15,-0.1,6000,16418800,"B"
"VND","11:18:49",22.15,-0.1,100,16412800,"B"
"VND","11:18:49",22.15,-0.1,6000,16412700,"B"
"VND","11:18:48",22.15,-0.1,500,16406700,"B"
"VND","11:18:41",22.15,-0.1,14000,16406200,"B"
"VND","11:18:39",22.15,-0.1,1500,16392200,"B"
"VND","11:18:26",22.15,-0.1,15700,16390700,"B"
"VND","11:18:17",22.15,-0.1,500,16375000,"B"
"VND","11:18:11",22.15,-0.1,1000,16374500,"B"
"VND","11:18:03",22.15,-0.1,500,16373500,"B"
"VND","11:18:00",22.2,-0.05,200,16373000,"S"
"VND","11:17:53",22.2,-0.05,100,16372800,"S"
"VND","11:17:47",22.2,-0.05,1000,16372700,"S"
"VND","11:17:43",22.2,-0.05,300,16371700,"S"
"VND","11:17:40",22.15,-0.1,1600,16371400,"B"
"VND","11:17:32",22.15,-0.1,200,16369800,"S"
"VND","11:17:29",22.2,-0.05,14400,16369600,"S"
"VND","11:17:29",22.15,-0.1,85600,16355200,"S"
"VND","11:17:26",22.1,-0.15,2500,16269600,"B"
"VND","11:17:24",22.15,-0.1,1000,16267100,"S"
"VND","11:17:24",22.1,-0.15,5000,16266100,"B"
"VND","11:17:23",22.15,-0.1,300,16261100,"S"
"VND","11:17:23",22.1,-0.15,20000,16260800,"B"
"VND","11:17:18",22.1,-0.15,500,16240800,"B"
"VND","11:17:15",22.1,-0.15,40000,16240300,"B"
"VND","11:17:13",22.1,-0.15,100,16200300,"B"
"VND","11:17:07",22.1,-0.15,500,16200200,"B"
"VND","11:17:04",22.1,-0.15,3000,16199700,"B"
"VND","11:17:00",22.1,-0.15,6400,16196700,"B"
"VND","11:16:58",22.15,-0.1,100,16190300,"S"
"VND","11:16:49",22.1,-0.15,800,16190200,"B"
"VND","11:16:43",22.1,-0.15,5000,16189400,"B"
"VND","11:16:36",22.1,-0.15,2000,16184400,"B"
"VND","11:16:35",22.1,-0.15,200,16182400,"B"
"VND","11:16:35",22.1,-0.15,2000,16182200,"B"
"VND","11:16:34",22.1,-0.15,15000,16180200,"B"
"VND","11:16:33",22.15,-0.1,200,16165200,"S"
"VND","11:16:33",22.1,-0.15,600,16165000,"B"
"VND","11:16:31",22.1,-0.15,200,16164400,"B"
"VND","11:16:31",22.1,-0.15,300,16164200,"B"
"VND","11:16:27",22.1,-0.15,5000,16163900,"B"
"VND","11:16:26",22.1,-0.15,20300,16157900,"B"
"VND","11:16:24",22.15,-0.1,500,16137600,"S"
"VND","11:16:24",22.1,-0.15,5000,16137100,"B"
"VND","11:16:23",22.15,-0.1,700,16132100,"S"
"VND","11:16:22",22.1,-0.15,3000,16131400,"B"
"VND","11:16:17",22.1,-0.15,12100,16108400,"B"
"VND","11:16:15",22.1,-0.15,15000,16096300,"B"
"VND","11:16:14",22.1,-0.15,1000,16081300,"B"
"VND","11:16:13",22.1,-0.15,5000,16080300,"B"
"VND","11:16:02",22.1,-0.15,5000,16075300,"B"
"VND","11:16:02",22.1,-0.15,5000,16070300,"B"
"VND","11:16:01",22.1,-0.15,900,16065300,"B"
"VND","11:16:01",22.1,-0.15,100,16064400,"B"
"VND","11:15:56",22.1,-0.15,2600,16064300,"B"
"VND","11:15:52",22.1,-0.15,5000,16061700,"B"
"VND","11:15:52",22.1,-0.15,5900,16056700,"B"
"VND","11:15:49",22.1,-0.15,5000,16050800,"B"
"VND","11:15:48",22.1,-0.15,900,16045800,"B"
"VND","11:15:46",22.1,-0.15,1000,16044900,"B"
"VND","11:15:45",22.1,-0.15,2000,16043900,"S"
"VND","11:15:43",22.1,-0.15,100,16041900,"B"
"VND","11:15:42",22.1,-0.15,900,16041800,"B"
"VND","11:15:42",22.1,-0.15,500,16040900,"B"
"VND","11:15:41",22.1,-0.15,100,16040400,"B"
"VND","11:15:39",22.1,-0.15,600,16040300,"S"
"VND","11:15:39",22.1,-0.15,1000,16039700,"S"
"VND","11:15:38",22.1,-0.15,2100,16038700,"S"
"VND","11:15:37",22.1,-0.15,200,16036600,"S"
"VND","11:15:37",22.1,-0.15,400,16036400,"S"
"VND","11:15:36",22.1,-0.15,1000,16036000,"S"
"VND","11:15:35",22.1,-0.15,5000,16035000,"S"
"VND","11:15:33",22.1,-0.15,100,16030000,"S"
"VND","11:15:30",22.1,-0.15,1000,16029900,"S"
"VND","11:15:29",22.1,-0.15,133400,16028900,"B"
"VND","11:15:28",22.1,-0.15,1500,15895500,"B"
"VND","11:15:27",22.15,-0.1,6500,15893300,"S"
"VND","11:15:25",22.15,-0.1,1000,15886800,"S"
"VND","11:15:23",22.1,-0.15,25000,15885800,"B"
"VND","11:15:20",22.15,-0.1,500,15860800,"S"
"VND","11:15:20",22.15,-0.1,500,15860300,"S"
"VND","11:15:18",22.15,-0.1,4000,15859800,"S"
"VND","11:15:17",22.1,-0.15,1100,15855800,"B"
"VND","11:15:14",22.1,-0.15,4600,15854700,"B"
"VND","11:15:14",22.1,-0.15,10000,15850100,"B"
"VND","11:15:13",22.15,-0.1,100,15840100,"S"
"VND","11:15:12",22.1,-0.15,100,15840000,"B"
"VND","11:15:11",22.1,-0.15,30000,15839900,"B"
"VND","11:15:11",22.15,-0.1,2200,15809900,"S"
"VND","11:15:10",22.15,-0.1,100,15807700,"S"
"VND","11:15:10",22.15,-0.1,500,15807600,"S"
"VND","11:15:09",22.15,-0.1,1000,15807100,"S"
"VND","11:15:09",22.15,-0.1,20000,15806100,"S"
"VND","11:15:06",22.15,-0.1,5000,15786100,"S"
"VND","11:15:06",22.15,-0.1,10000,15781100,"S"
"VND","11:15:05",22.15,-0.1,1000,15771100,"S"
"VND","11:15:03",22.15,-0.1,1300,15770100,"S"
"VND","11:15:02",22.15,-0.1,1400,15768800,"S"
"VND","11:15:01",22.15,-0.1,2000,15767400,"S"
"VND","11:14:58",22.15,-0.1,500,15765400,"S"
"VND","11:14:57",22.15,-0.1,16100,15764900,"B"
"VND","11:14:56",22.15,-0.1,52500,15748800,"B"
"VND","11:14:54",22.2,-0.05,100,15696300,"S"
"VND","11:14:53",22.15,-0.1,4000,15696200,"B"
"VND","11:14:52",22.15,-0.1,26000,15692200,"B"
"VND","11:14:50",22.15,-0.1,1000,15666200,"B"
"VND","11:14:48",22.15,-0.1,1800,15665200,"B"
"VND","11:14:47",22.15,-0.1,10000,15663400,"B"
"VND","11:14:46",22.15,-0.1,21000,15653400,"B"
"VND","11:14:45",22.15,-0.1,10000,15632400,"B"
"VND","11:14:41",22.15,-0.1,2000,15622400,"B"
"VND","11:14:34",22.15,-0.1,6700,15620400,"B"
"VND","11:14:32",22.2,-0.05,2000,15613700,"S"
"VND","11:14:32",22.15,-0.1,4200,15611700,"B"
"VND","11:14:30",22.2,-0.05,100,15607500,"S"
"VND","11:14:28",22.15,-0.1,5000,15607400,"B"
"VND","11:14:27",22.2,-0.05,2000,15602400,"S"
"VND","11:14:27",22.15,-0.1,500,15600400,"B"
"VND","11:14:22",22.15,-0.1,100,15599900,"B"
"VND","11:14:21",22.15,-0.1,2000,15599800,"B"
"VND","11:14:21",22.2,-0.05,24500,15597800,"B"
"VND","11:14:20",22.2,-0.05,55000,15573300,"B"
"VND","11:14:19",22.2,-0.05,800,15518300,"B"
"VND","11:14:18",22.2,-0.05,20400,15517500,"B"
"VND","11:14:16",22.2,-0.05,5100,15497100,"B"
"VND","11:14:15",22.2,-0.05,80000,15492000,"B"
"VND","11:14:15",22.2,-0.05,12700,15412000,"B"
"VND","11:14:14",22.2,-0.05,1500,15399300,"B"
"VND","11:14:13",22.2,-0.05,50000,15397800,"B"
"VND","11:14:11",22.2,-0.05,90000,15347800,"B"
"VND","11:14:07",22.2,-0.05,15000,15257800,"B"
"VND","11:14:06",22.2,-0.05,15000,15242800,"B"
"VND","11:14:04",22.2,-0.05,15000,15227800,"B"
"VND","11:14:03",22.2,-0.05,2000,15212800,"B"
"VND","11:14:02",22.2,-0.05,15000,15210800,"B"
"VND","11:14:01",22.2,-0.05,5000,15195800,"B"
"VND","11:13:57",22.2,-0.05,1000,15190800,"B"
"VND","11:13:52",22.2,-0.05,100,15189800,"B"
"VND","11:13:51",22.2,-0.05,100,15189700,"B"
"VND","11:13:44",22.2,-0.05,500,15189600,"B"
"VND","11:13:43",22.2,-0.05,3000,15189100,"B"
"VND","11:13:43",22.25,0,1400,15186100,"S"
"VND","11:13:38",22.2,-0.05,3300,15184700,"B"
"VND","11:13:37",22.2,-0.05,5000,15181400,"B"
"VND","11:13:35",22.2,-0.05,500,15176400,"B"
"VND","11:13:31",22.2,-0.05,500,15175900,"B"
"VND","11:13:31",22.25,0,2000,15175400,"S"
"VND","11:13:28",22.25,0,500,15173400,"S"
"VND","11:13:25",22.2,-0.05,3000,15172900,"B"
"VND","11:13:24",22.2,-0.05,1900,15169900,"B"
"VND","11:13:24",22.2,-0.05,13100,15168000,"B"
"VND","11:13:22",22.2,-0.05,2000,15154900,"B"
"VND","11:13:19",22.2,-0.05,10300,15152900,"B"
"VND","11:13:16",22.25,0,1000,15142600,"S"
"VND","11:13:15",22.2,-0.05,7000,15141600,"B"
"VND","11:13:15",22.2,-0.05,56600,15134600,"B"
"VND","11:13:11",22.2,-0.05,100,15078000,"B"
"VND","11:13:08",22.2,-0.05,500,15077900,"B"
"VND","11:13:05",22.25,0,100,15077400,"S"
"VND","11:13:02",22.2,-0.05,5100,15077300,"B"
"VND","11:13:02",22.2,-0.05,10000,15072200,"B"
"VND","11:13:00",22.2,-0.05,500,15062200,"B"
"VND","11:12:58",22.2,-0.05,30000,15061700,"B"
"VND","11:12:58",22.2,-0.05,2100,15031700,"B"
"VND","11:12:54",22.2,-0.05,4000,15029600,"B"
"VND","11:12:54",22.25,0,100,15025600,"S"
"VND","11:12:53",22.25,0,10000,15025500,"S"
"VND","11:12:52",22.2,-0.05,5000,15015500,"B"
"VND","11:12:51",22.2,-0.05,200,15010500,"B"
"VND","11:12:50",22.2,-0.05,1900,15010300,"B"
"VND","11:12:49",22.25,0,2000,15008400,"S"
"VND","11:12:47",22.2,-0.05,10000,15006400,"B"
"VND","11:12:47",22.25,0,400,14996400,"S"
"VND","11:12:43",22.2,-0.05,6000,14996000,"B"
"VND","11:12:42",22.25,0,800,14990000,"S"
"VND","11:12:39",22.2,-0.05,5200,14989200,"B"
"VND","11:12:36",22.2,-0.05,200,14984000,"B"
"VND","11:12:36",22.25,0,500,14983800,"S"
"VND","11:12:35",22.2,-0.05,2000,14983300,"B"
"VND","11:12:30",22.25,0,200,14981300,"S"
"VND","11:12:27",22.25,0,1000,14981100,"S"
"VND","11:12:25",22.25,0,1600,14980100,"S"
"VND","11:12:25",22.2,-0.05,9500,14978500,"B"
"VND","11:12:19",22.25,0,200,14969000,"S"
"VND","11:12:19",22.2,-0.05,1000,14968800,"B"
"VND","11:12:17",22.25,0,200,14967800,"S"
"VND","11:12:16",22.25,0,200,14967600,"S"
"VND","11:12:15",22.25,0,1000,14967400,"S"
"VND","11:12:03",22.25,0,10000,14966400,"S"
"VND","11:11:59",22.25,0,900,14956400,"S"
"VND","11:11:58",22.2,-0.05,2000,14955500,"B"
"VND","11:11:57",22.25,0,3000,14953500,"S"
"VND","11:11:55",22.2,-0.05,4700,14950500,"B"
"VND","11:11:55",22.25,0,100,14945800,"S"
"VND","11:11:52",22.25,0,500,14945700,"S"
"VND","11:11:42",22.25,0,400,14945200,"S"
"VND","11:11:41",22.25,0,2300,14944800,"S"
"VND","11:11:37",22.25,0,500,14942500,"S"
"VND","11:11:37",22.2,-0.05,2000,14942000,"B"
"VND","11:11:36",22.25,0,300,14940000,"S"
"VND","11:11:34",22.25,0,100,14939700,"S"
"VND","11:11:31",22.25,0,100,14939600,"S"
"VND","11:11:30",22.25,0,2000,14939500,"S"
"VND","11:11:27",22.25,0,900,14937500,"S"
"VND","11:11:25",22.2,-0.05,1100,14936600,"B"
"VND","11:11:23",22.25,0,1000,14935500,"S"
"VND","11:11:18",22.25,0,3800,14934500,"S"
"VND","11:11:16",22.25,0,5000,14930700,"S"
"VND","11:11:15",22.2,-0.05,1000,14925700,"B"
"VND","11:11:10",22.25,0,200,14924700,"S"
"VND","11:11:08",22.25,0,300,14924500,"S"
"VND","11:10:59",22.25,0,3000,14924200,"S"
"VND","11:10:56",22.25,0,1000,14921200,"S"
"VND","11:10:51",22.25,0,1000,14920200,"S"
"VND","11:10:50",22.25,0,1000,14919200,"S"
"VND","11:10:45",22.25,0,400,14918200,"B"
"VND","11:10:43",22.25,0,200,14917800,"B"
"VND","11:10:42",22.25,0,11700,14917600,"S"
"VND","11:10:41",22.2,-0.05,4000,14905900,"B"
"VND","11:10:40",22.25,0,6000,14901900,"S"
"VND","11:10:38",22.25,0,30300,14895900,"B"
"VND","11:10:37",22.25,0,1900,14865600,"B"
"VND","11:10:36",22.25,0,3000,14863700,"S"
"VND","11:10:33",22.2,-0.05,1000,14860700,"B"
"VND","11:10:33",22.25,0,1000,14859700,"B"
"VND","11:10:32",22.25,0,500,14858700,"S"
"VND","11:10:31",22.25,0,10000,14858200,"S"
"VND","11:10:31",22.2,-0.05,1000,14848200,"B"
"VND","11:10:30",22.2,-0.05,1200,14847200,"B"
"VND","11:10:29",22.2,-0.05,1800,14846000,"B"
"VND","11:10:25",22.25,0,7800,14844200,"S"
"VND","11:10:24",22.25,0,1000,14836400,"S"
"VND","11:10:21",22.25,0,100,14835400,"S"
"VND","11:10:18",22.25,0,6000,14835300,"S"
"VND","11:10:15",22.25,0,2100,14829300,"S"
"VND","11:10:15",22.2,-0.05,10000,14827200,"B"
"VND","11:10:12",22.25,0,100,14815200,"S"
"VND","11:10:12",22.25,0,500,14815100,"S"
"VND","11:10:11",22.25,0,200,14814600,"S"
"VND","11:10:10",22.25,0,300,14814400,"B"
"VND","11:10:10",22.25,0,3700,14814100,"B"
"VND","11:10:08",22.25,0,3000,14810400,"B"
"VND","11:10:07",22.25,0,500,14807400,"B"
"VND","11:10:04",22.25,0,5000,14806900,"B"
"VND","11:10:03",22.25,0,500,14801900,"B"
"VND","11:10:02",22.25,0,1000,14801400,"B"
"VND","11:10:00",22.25,0,500,14800400,"B"
"VND","11:09:55",22.25,0,2500,14799900,"B"
"VND","11:09:54",22.25,0,10000,14797400,"B"
"VND","11:09:54",22.25,0,500,14787400,"B"
"VND","11:09:52",22.25,0,5000,14786900,"B"
"VND","11:09:50",22.25,0,5000,14781900,"B"
"VND","11:09:46",22.25,0,10000,14776900,"B"
"VND","11:09:40",22.25,0,400,14766900,"B"
"VND","11:09:39",22.25,0,4900,14766500,"B"
"VND","11:09:39",22.25,0,100,14761600,"B"
"VND","11:09:38",22.25,0,1500,14761500,"B"
"VND","11:09:35",22.25,0,31000,14760000,"B"
"VND","11:09:34",22.25,0,100,14729000,"B"
"VND","11:09:32",22.25,0,6100,14728900,"B"
"VND","11:09:25",22.25,0,200,14722800,"B"
"VND","11:09:21",22.25,0,100,14722600,"B"
"VND","11:09:20",22.25,0,15000,14722500,"B"
"VND","11:09:18",22.25,0,400,14707500,"B"
"VND","11:09:13",22.25,0,200,14707100,"B"
"VND","11:09:11",22.25,0,9900,14706900,"B"
"VND","11:09:04",22.25,0,15000,14697000,"B"
"VND","11:08:58",22.3,0.05,800,14682000,"S"
"VND","11:08:57",22.25,0,400,14681200,"B"
"VND","11:08:56",22.25,0,5800,14680800,"S"
"VND","11:08:55",22.25,0,100,14675000,"S"
"VND","11:08:54",22.25,0,100,14674900,"B"
"VND","11:08:54",22.25,0,500,14674800,"B"
"VND","11:08:53",22.25,0,200,14674300,"S"
"VND","11:08:52",22.25,0,10000,14674100,"S"
"VND","11:08:51",22.25,0,29800,14664100,"B"
"VND","11:08:44",22.25,0,2400,14634300,"S"
"VND","11:08:44",22.25,0,9800,14631900,"S"
"VND","11:08:43",22.25,0,3000,14622100,"S"
"VND","11:08:42",22.25,0,25800,14619100,"S"
"VND","11:08:42",22.25,0,8000,14593300,"S"
"VND","11:08:41",22.25,0,500,14585300,"S"
"VND","11:08:40",22.25,0,200,14584800,"S"
"VND","11:08:37",22.25,0,6000,14584600,"S"
"VND","11:08:35",22.25,0,500,14578600,"S"
"VND","11:08:35",22.25,0,10200,14578100,"S"
"VND","11:08:34",22.25,0,21000,14567900,"S"
"VND","11:08:29",22.25,0,7000,14546900,"S"
"VND","11:08:29",22.25,0,1300,14539900,"S"
"VND","11:08:28",22.25,0,800,14538600,"S"
"VND","11:08:27",22.25,0,5000,14537800,"S"
"VND","11:08:25",22.25,0,100,14532800,"S"
"VND","11:08:24",22.25,0,2100,14532700,"B"
"VND","11:08:22",22.25,0,1700,14530600,"B"
"VND","11:08:20",22.25,0,10000,14528600,"B"
"VND","11:08:20",22.25,0,2000,14518600,"B"
"VND","11:08:19",22.25,0,3000,14516600,"B"
"VND","11:08:18",22.25,0,10100,14513600,"B"
"VND","11:08:16",22.25,0,200,14503500,"B"
"VND","11:08:15",22.25,0,6000,14503300,"B"
"VND","11:08:12",22.25,0,5000,14497300,"B"
"VND","11:08:10",22.25,0,27100,14492300,"B"
"VND","11:08:10",22.25,0,3300,14465200,"B"
"VND","11:08:08",22.25,0,27000,14461900,"B"
"VND","11:08:06",22.25,0,200,14434900,"B"
"VND","11:08:03",22.25,0,5000,14434700,"B"
"VND","11:08:02",22.25,0,1900,14429700,"B"
"VND","11:08:01",22.25,0,33200,14427800,"B"
"VND","11:07:58",22.25,0,6000,14394600,"B"
"VND","11:07:56",22.25,0,2300,14388600,"B"
"VND","11:07:55",22.25,0,20000,14386300,"B"
"VND","11:07:53",22.25,0,3000,14366300,"B"
"VND","11:07:49",22.25,0,1200,14363300,"B"
"VND","11:07:48",22.25,0,2000,14362100,"B"
"VND","11:07:45",22.25,0,3500,14360100,"B"
"VND","11:07:43",22.25,0,9900,14356600,"B"
"VND","11:07:40",22.25,0,2100,14346700,"B"
"VND","11:07:38",22.25,0,48500,14344600,"B"
"VND","11:07:38",22.3,0.05,100,14296100,"S"
"VND","11:07:38",22.25,0,5000,14296000,"B"
"VND","11:07:35",22.3,0.05,500,14291000,"S"
"VND","11:07:31",22.25,0,1000,14290500,"B"
"VND","11:07:29",22.25,0,100000,14289500,"B"
"VND","11:07:29",22.3,0.05,1100,14189500,"S"
"VND","11:07:28",22.25,0,2000,14188400,"B"
"VND","11:07:24",22.25,0,200,14186400,"B"
"VND","11:07:13",22.25,0,2000,14186200,"B"
"VND","11:07:11",22.3,0.05,300,14184200,"S"
"VND","11:07:08",22.25,0,5000,14183900,"B"
"VND","11:07:06",22.25,0,100,14178900,"B"
"VND","11:07:01",22.25,0,100,14178800,"B"
"VND","11:06:58",22.3,0.05,700,14178700,"S"
"VND","11:06:58",22.25,0,100,14178000,"B"
"VND","11:06:56",22.25,0,20000,14177900,"B"
"VND","11:06:55",22.25,0,2100,14157900,"B"
"VND","11:06:50",22.25,0,500,14155800,"B"
"VND","11:06:49",22.25,0,20500,14155300,"B"
"VND","11:06:44",22.25,0,100,14134800,"B"
"VND","11:06:42",22.25,0,1000,14134700,"B"
"VND","11:06:39",22.25,0,100,14133700,"B"
"VND","11:06:35",22.25,0,100,14133600,"B"
"VND","11:06:33",22.3,0.05,1500,14133500,"S"
"VND","11:06:30",22.25,0,10000,14132000,"B"
"VND","11:06:29",22.3,0.05,100,14122000,"S"
"VND","11:06:27",22.3,0.05,200,14121900,"S"
"VND","11:06:25",22.3,0.05,5000,14121700,"S"
"VND","11:06:21",22.3,0.05,800,14116700,"S"
"VND","11:06:20",22.3,0.05,500,14115900,"S"
"VND","11:06:19",22.3,0.05,1000,14115400,"S"
"VND","11:06:19",22.3,0.05,100,14114400,"S"
"VND","11:06:17",22.3,0.05,5000,14114300,"S"
"VND","11:06:15",22.3,0.05,500,14109300,"S"
"VND","11:06:15",22.3,0.05,3300,14108800,"S"
"VND","11:06:14",22.3,0.05,200,14105500,"S"
"VND","11:06:11",22.3,0.05,100,14105300,"S"
"VND","11:06:09",22.3,0.05,1000,14105200,"S"
"VND","11:06:07",22.3,0.05,300,14104200,"S"
"VND","11:06:07",22.3,0.05,282300,14103900,"B"
"VND","11:06:05",22.3,0.05,200,13821600,"B"
"VND","11:05:58",22.3,0.05,2000,13821400,"B"
"VND","11:05:58",22.3,0.05,300,13819400,"B"
"VND","11:05:57",22.35,0.1,500,13819100,"S"
"VND","11:05:54",22.3,0.05,300,13818600,"B"
"VND","11:05:54",22.35,0.1,1500,13818300,"S"
"VND","11:05:49",22.3,0.05,5900,13816800,"B"
"VND","11:05:47",22.35,0.1,2000,13810900,"S"
"VND","11:05:47",22.3,0.05,200,13808900,"B"
"VND","11:05:45",22.35,0.1,200,13808700,"S"
"VND","11:05:42",22.35,0.1,500,13808500,"S"
"VND","11:05:41",22.3,0.05,100,13808000,"B"
"VND","11:05:36",22.35,0.1,14000,13807900,"S"
"VND","11:05:35",22.3,0.05,1000,13793900,"B"
"VND","11:05:30",22.35,0.1,100,13792800,"S"
"VND","11:05:24",22.35,0.1,14200,13792700,"B"
"VND","11:05:20",22.35,0.1,1000,13778500,"B"
"VND","11:05:16",22.35,0.1,100,13777500,"B"
"VND","11:05:13",22.35,0.1,2100,13777400,"B"
"VND","11:05:12",22.35,0.1,2000,13775300,"B"
"VND","11:05:11",22.35,0.1,9300,13773300,"B"
"VND","11:05:10",22.35,0.1,300,13764000,"B"
"VND","11:05:07",22.35,0.1,5000,13763700,"B"
"VND","11:05:06",22.35,0.1,20000,13758700,"B"
"VND","11:05:04",22.35,0.1,1000,13738700,"B"
"VND","11:05:02",22.35,0.1,5000,13737700,"B"
"VND","11:05:02",22.35,0.1,200,13732700,"B"
"VND","11:05:00",22.35,0.1,1000,13732500,"B"
"VND","11:04:58",22.35,0.1,3000,13731500,"B"
"VND","11:04:56",22.35,0.1,11000,13728500,"B"
"VND","11:04:51",22.35,0.1,400,13717500,"B"
"VND","11:04:50",22.35,0.1,32400,13717100,"B"
"VND","11:04:49",22.35,0.1,27600,13684700,"B"
"VND","11:04:48",22.35,0.1,7500,13657100,"B"
"VND","11:04:46",22.35,0.1,5000,13649600,"B"
"VND","11:04:40",22.35,0.1,2500,13644600,"B"
"VND","11:04:37",22.4,0.15,500,13642100,"S"
"VND","11:04:31",22.4,0.15,400,13641600,"S"
"VND","11:04:30",22.4,0.15,3500,13641200,"S"
"VND","11:04:23",22.4,0.15,2500,13637700,"S"
"VND","11:04:22",22.4,0.15,200,13635200,"S"
"VND","11:04:22",22.35,0.1,900,13635000,"B"
"VND","11:04:16",22.4,0.15,7100,13634100,"S"
"VND","11:04:14",22.4,0.15,1000,13627000,"S"
"VND","11:04:11",22.35,0.1,100,13626000,"B"
"VND","11:04:10",22.4,0.15,800,13625900,"S"
"VND","11:04:08",22.4,0.15,2100,13625100,"S"
"VND","11:04:04",22.35,0.1,400,13623000,"B"
"VND","11:03:59",22.4,0.15,500,13622600,"S"
"VND","11:03:53",22.4,0.15,500,13622100,"S"
"VND","11:03:52",22.4,0.15,1000,13621600,"S"
"VND","11:03:45",22.4,0.15,3000,13620600,"S"
"VND","11:03:42",22.4,0.15,1000,13617600,"S"
"VND","11:03:41",22.35,0.1,600,13616600,"B"
"VND","11:03:41",22.4,0.15,3200,13616000,"S"
"VND","11:03:38",22.35,0.1,100,13612800,"B"
"VND","11:03:36",22.4,0.15,1000,13612700,"S"
"VND","11:03:34",22.4,0.15,1000,13611700,"S"
"VND","11:03:33",22.4,0.15,300,13610700,"S"
"VND","11:03:22",22.4,0.15,200,13610400,"S"
"VND","11:03:21",22.4,0.15,200,13610200,"S"
"VND","11:03:17",22.4,0.15,1000,13610000,"S"
"VND","11:03:10",22.4,0.15,2000,13609000,"S"
"VND","11:03:02",22.4,0.15,1000,13607000,"S"
"VND","11:02:59",22.4,0.15,10000,13606000,"S"
"VND","11:02:55",22.4,0.15,5000,13596000,"S"
"VND","11:02:53",22.4,0.15,5000,13591000,"S"
"VND","11:02:52",22.4,0.15,2000,13586000,"S"
"VND","11:02:50",22.4,0.15,100,13584000,"S"
"VND","11:02:48",22.4,0.15,400,13583900,"S"
"VND","11:02:47",22.4,0.15,1000,13583500,"S"
"VND","11:02:45",22.4,0.15,600,13582500,"S"
"VND","11:02:42",22.4,0.15,200,13581900,"B"
"VND","11:02:39",22.45,0.2,21500,13581700,"S"
"VND","11:02:37",22.4,0.15,5000,13560200,"B"
"VND","11:02:36",22.4,0.15,200,13555200,"S"
"VND","11:02:35",22.4,0.15,100,13555000,"S"
"VND","11:02:34",22.4,0.15,700,13554900,"B"
"VND","11:02:31",22.4,0.15,1500,13554200,"B"
"VND","11:02:30",22.45,0.2,42400,13552700,"S"
"VND","11:02:30",22.4,0.15,1500,13510300,"B"
"VND","11:02:20",22.4,0.15,156100,13508800,"S"
"VND","11:02:20",22.35,0.1,200,13352700,"B"
"VND","11:02:16",22.4,0.15,100,13352500,"S"
"VND","11:02:15",22.35,0.1,3000,13352400,"B"
"VND","11:02:14",22.35,0.1,4000,13349400,"B"
"VND","11:02:12",22.35,0.1,100,13342400,"B"
"VND","11:02:07",22.35,0.1,7500,13342300,"B"
"VND","11:02:05",22.35,0.1,14800,13334800,"B"
"VND","11:02:05",22.4,0.15,42500,13320000,"S"
"VND","11:02:01",22.4,0.15,100,13277500,"S"
"VND","11:01:59",22.4,0.15,3000,13277400,"S"
"VND","11:01:57",22.35,0.1,100,13274400,"B"
"VND","11:01:43",22.4,0.15,1000,13274300,"S"
"VND","11:01:41",22.4,0.15,7000,13273100,"S"
"VND","11:01:38",22.4,0.15,1000,13266100,"S"
"VND","11:01:37",22.4,0.15,300,13265100,"S"
"VND","11:01:30",22.4,0.15,500,13264800,"S"
"VND","11:01:26",22.4,0.15,2000,13264300,"S"
"VND","11:01:26",22.4,0.15,100,13262300,"S"
"VND","11:01:23",22.4,0.15,10300,13262200,"S"
"VND","11:01:22",22.35,0.1,4000,13251900,"B"
"VND","11:01:19",22.35,0.1,20000,13247900,"B"
"VND","11:01:17",22.4,0.15,5000,13227900,"S"
"VND","11:01:15",22.4,0.15,2000,13222900,"S"
"VND","11:01:15",22.35,0.1,10500,13220900,"B"
"VND","11:01:14",22.35,0.1,1200,13210400,"B"
"VND","11:01:10",22.35,0.1,300,13209200,"B"
"VND","11:01:09",22.35,0.1,6000,13208900,"B"
"VND","11:01:07",22.35,0.1,1000,13202900,"B"
"VND","11:01:05",22.35,0.1,100,13201900,"B"
"VND","11:01:04",22.4,0.15,3500,13201800,"S"
"VND","11:01:04",22.35,0.1,52600,13198300,"S"
"VND","11:01:03",22.35,0.1,43900,13145700,"S"
"VND","11:01:03",22.3,0.05,1000,13101800,"B"
"VND","11:01:02",22.35,0.1,1000,13100800,"S"
"VND","11:01:02",22.3,0.05,5000,13099800,"B"
"VND","11:01:02",22.35,0.1,1000,13094800,"S"
"VND","11:00:55",22.3,0.05,2000,13093800,"B"
"VND","11:00:53",22.3,0.05,2000,13091800,"B"
"VND","11:00:52",22.35,0.1,900,13089800,"S"
"VND","11:00:51",22.35,0.1,500,13088900,"S"
"VND","11:00:50",22.35,0.1,1000,13088400,"S"
"VND","11:00:49",22.35,0.1,20000,13087400,"S"
"VND","11:00:45",22.35,0.1,100,13067400,"S"
"VND","11:00:40",22.3,0.05,12000,13067300,"B"
"VND","11:00:36",22.3,0.05,600,13055300,"B"
"VND","11:00:36",22.35,0.1,200,13054700,"S"
"VND","11:00:35",22.3,0.05,1400,13054500,"B"
"VND","11:00:33",22.3,0.05,200,13053100,"B"
"VND","11:00:32",22.35,0.1,3000,13052900,"S"
"VND","11:00:31",22.3,0.05,500,13049900,"B"
"VND","11:00:29",22.3,0.05,1000,13049400,"B"
"VND","11:00:28",22.3,0.05,300,13048400,"B"
"VND","11:00:25",22.3,0.05,50000,13048100,"B"
"VND","11:00:20",22.3,0.05,2000,12998100,"B"
"VND","11:00:16",22.3,0.05,1000,12996100,"B"
"VND","11:00:15",22.3,0.05,20500,12995100,"S"
"VND","11:00:14",22.25,0,500,12974600,"B"
"VND","11:00:13",22.3,0.05,1000,12974100,"S"
"VND","11:00:10",22.3,0.05,4000,12973100,"S"
"VND","11:00:10",22.3,0.05,600,12969100,"S"
"VND","11:00:09",22.25,0,1600,12968500,"B"
"VND","11:00:06",22.3,0.05,500,12966900,"S"
"VND","11:00:05",22.3,0.05,1700,12966400,"S"
"VND","11:00:03",22.3,0.05,600,12964700,"S"
"VND","10:59:59",22.3,0.05,9000,12964100,"S"
"VND","10:59:59",22.3,0.05,10000,12955100,"S"
"VND","10:59:56",22.3,0.05,2000,12945100,"S"
"VND","10:59:55",22.3,0.05,5000,12943100,"S"
"VND","10:59:53",22.3,0.05,300,12938100,"S"
"VND","10:59:52",22.3,0.05,300,12937800,"S"
"VND","10:59:51",22.3,0.05,300,12937500,"S"
"VND","10:59:50",22.3,0.05,29900,12937200,"B"
"VND","10:59:49",22.3,0.05,500,12907300,"B"
"VND","10:59:46",22.3,0.05,5900,12906800,"B"
"VND","10:59:44",22.3,0.05,400,12900900,"B"
"VND","10:59:44",22.3,0.05,500,12900500,"B"
"VND","10:59:43",22.3,0.05,300,12900000,"B"
"VND","10:59:38",22.3,0.05,100,12899700,"B"
"VND","10:59:37",22.35,0.1,2000,12899600,"S"
"VND","10:59:36",22.3,0.05,2100,12897600,"S"
"VND","10:59:36",22.3,0.05,5000,12895500,"S"
"VND","10:59:35",22.3,0.05,2000,12890500,"S"
"VND","10:59:34",22.3,0.05,10000,12888500,"S"
"VND","10:59:33",22.3,0.05,2100,12878500,"S"
"VND","10:59:32",22.3,0.05,1000,12876400,"S"
"VND","10:59:31",22.3,0.05,100,12875400,"S"
"VND","10:59:30",22.3,0.05,1500,12875300,"S"
"VND","10:59:28",22.35,0.1,38600,12873800,"S"
"VND","10:59:28",22.3,0.05,1400,12835200,"S"
"VND","10:59:28",22.3,0.05,2000,12833800,"S"
"VND","10:59:26",22.3,0.05,74000,12831800,"S"
"VND","10:59:24",22.3,0.05,10400,12757800,"S"
"VND","10:59:19",22.3,0.05,6000,12747400,"S"
"VND","10:59:14",22.25,0,100,12741400,"B"
"VND","10:59:13",22.3,0.05,1000,12741300,"S"
"VND","10:59:10",22.3,0.05,500,12740300,"S"
"VND","10:59:09",22.25,0,3000,12739800,"B"
"VND","10:59:07",22.3,0.05,200,12736800,"S"
"VND","10:59:03",22.3,0.05,1000,12736600,"S"
"VND","10:58:59",22.25,0,5000,12735600,"B"
"VND","10:58:59",22.3,0.05,2000,12730600,"S"
"VND","10:58:59",22.3,0.05,10000,12728600,"S"
"VND","10:58:58",22.3,0.05,100,12717600,"S"
"VND","10:58:55",22.3,0.05,1300,12717500,"S"
"VND","10:58:54",22.3,0.05,100,12716200,"S"
"VND","10:58:52",22.3,0.05,400,12716100,"S"
"VND","10:58:47",22.3,0.05,5500,12715700,"B"
"VND","10:58:45",22.3,0.05,1600,12710200,"B"
"VND","10:58:45",22.35,0.1,300,12708600,"S"
"VND","10:58:44",22.3,0.05,400,12708300,"B"
"VND","10:58:43",22.3,0.05,1000,12707900,"B"
"VND","10:58:39",22.25,0,46800,12706900,"B"
"VND","10:58:38",22.3,0.05,300,12656900,"S"
"VND","10:58:37",22.3,0.05,700,12656600,"B"
"VND","10:58:37",22.3,0.05,20000,12655900,"B"
"VND","10:58:33",22.3,0.05,2000,12635900,"B"
"VND","10:58:31",22.3,0.05,1000,12633900,"B"
"VND","10:58:30",22.3,0.05,5000,12632900,"B"
"VND","10:58:29",22.3,0.05,3000,12627900,"B"
"VND","10:58:28",22.35,0.1,1000,12624900,"S"
"VND","10:58:26",22.3,0.05,1500,12623900,"B"
"VND","10:58:25",22.3,0.05,1000,12622400,"B"
"VND","10:58:23",22.3,0.05,100,12621400,"B"
"VND","10:58:22",22.3,0.05,500,12621300,"B"
"VND","10:58:19",22.3,0.05,1000,12620800,"B"
"VND","10:58:18",22.3,0.05,5200,12619800,"S"
"VND","10:58:17",22.3,0.05,100,12614600,"S"
"VND","10:58:16",22.3,0.05,2000,12614500,"S"
"VND","10:58:15",22.3,0.05,100,12612500,"S"
"VND","10:58:14",22.3,0.05,3800,12612400,"B"
"VND","10:58:13",22.3,0.05,1000,12608600,"B"
"VND","10:58:10",22.3,0.05,300,12607600,"B"
"VND","10:58:09",22.3,0.05,2500,12607300,"B"
"VND","10:58:08",22.35,0.1,200,12604800,"S"
"VND","10:58:05",22.3,0.05,200,12604600,"B"
"VND","10:58:04",22.3,0.05,1000,12604400,"B"
"VND","10:58:03",22.3,0.05,1000,12603400,"B"
"VND","10:58:03",22.35,0.1,3600,12602400,"S"
"VND","10:58:02",22.3,0.05,5000,12598800,"B"
"VND","10:58:02",22.3,0.05,500,12593800,"B"
"VND","10:58:01",22.3,0.05,1200,12593300,"B"
"VND","10:58:00",22.3,0.05,2400,12592100,"B"
"VND","10:57:59",22.3,0.05,2200,12589700,"B"
"VND","10:57:59",22.3,0.05,100,12587500,"B"
"VND","10:57:58",22.3,0.05,13000,12587400,"B"
"VND","10:57:57",22.3,0.05,300,12574400,"B"
