"id","symbol","truncTime","matchType","matchVol","matchPrice","accumulatedVolume","createdAt","updatedAt"
164258873,"DRC","1704786289","unknown","96200","27100","601000","2024-01-09T07:45:03.945Z","2024-01-09T07:45:03.945Z"
164249275,"DRC","1704785228","s","3800","26850","504800","2024-01-09T07:27:22.922Z","2024-01-09T07:27:22.922Z"
164249274,"DRC","1704785228","s","100","26850","504800","2024-01-09T07:27:22.922Z","2024-01-09T07:27:22.922Z"
164249273,"DRC","1704785228","s","1000","26850","504800","2024-01-09T07:27:22.922Z","2024-01-09T07:27:22.922Z"
164249272,"DRC","1704785228","s","100","26850","504800","2024-01-09T07:27:22.922Z","2024-01-09T07:27:22.922Z"
164248117,"DRC","1704785209","s","900","26850","497000","2024-01-09T07:27:04.962Z","2024-01-09T07:27:04.962Z"
164248116,"DRC","1704785209","s","1900","26850","497000","2024-01-09T07:27:04.962Z","2024-01-09T07:27:04.962Z"
164245554,"DRC","1704785148","b","100","26900","497000","2024-01-09T07:26:02.964Z","2024-01-09T07:26:02.964Z"
164240798,"DRC","1704785056","s","2700","26850","494200","2024-01-09T07:24:31.924Z","2024-01-09T07:24:31.924Z"
164239059,"DRC","1704785016","b","100","26950","494100","2024-01-09T07:23:50.928Z","2024-01-09T07:23:50.928Z"
164235496,"DRC","1704784922","b","400","26850","493700","2024-01-09T07:22:16.917Z","2024-01-09T07:22:16.917Z"
164234007,"DRC","1704784884","b","100","26850","493600","2024-01-09T07:21:38.933Z","2024-01-09T07:21:38.933Z"
164232455,"DRC","1704784843","s","1000","26850","492600","2024-01-09T07:20:57.917Z","2024-01-09T07:20:57.917Z"
164229204,"DRC","1704784753","b","100","26950","492500","2024-01-09T07:19:27.911Z","2024-01-09T07:19:27.911Z"
164227757,"DRC","1704784709","s","2500","26800","487500","2024-01-09T07:18:43.917Z","2024-01-09T07:18:43.917Z"
164227756,"DRC","1704784709","s","1000","26800","487500","2024-01-09T07:18:43.917Z","2024-01-09T07:18:43.917Z"
164227755,"DRC","1704784709","s","100","26850","487500","2024-01-09T07:18:43.917Z","2024-01-09T07:18:43.917Z"
164227754,"DRC","1704784709","s","100","26850","487500","2024-01-09T07:18:43.917Z","2024-01-09T07:18:43.917Z"
164227753,"DRC","1704784709","s","1000","26900","487500","2024-01-09T07:18:43.917Z","2024-01-09T07:18:43.917Z"
164227752,"DRC","1704784709","s","300","26900","487500","2024-01-09T07:18:43.917Z","2024-01-09T07:18:43.917Z"
164226545,"DRC","1704784675","b","100","26900","487500","2024-01-09T07:18:09.910Z","2024-01-09T07:18:09.910Z"
164224740,"DRC","1704784622","b","100","26900","487300","2024-01-09T07:17:15.925Z","2024-01-09T07:17:15.925Z"
164219969,"DRC","1704784490","b","100","26950","487200","2024-01-09T07:15:04.939Z","2024-01-09T07:15:04.939Z"
164219723,"DRC","1704784484","b","500","26950","486700","2024-01-09T07:14:57.905Z","2024-01-09T07:14:57.905Z"
164217999,"DRC","1704784447","s","2400","26750","481200","2024-01-09T07:14:21.904Z","2024-01-09T07:14:21.904Z"
164217998,"DRC","1704784447","s","100","26800","481200","2024-01-09T07:14:21.904Z","2024-01-09T07:14:21.904Z"
164217997,"DRC","1704784447","s","200","26800","481200","2024-01-09T07:14:21.904Z","2024-01-09T07:14:21.904Z"
164217996,"DRC","1704784447","s","1000","26800","481200","2024-01-09T07:14:21.904Z","2024-01-09T07:14:21.904Z"
164217995,"DRC","1704784447","s","500","26800","481200","2024-01-09T07:14:21.904Z","2024-01-09T07:14:21.904Z"
164217994,"DRC","1704784447","s","1300","26800","481200","2024-01-09T07:14:21.904Z","2024-01-09T07:14:21.904Z"
164217203,"DRC","1704784428","s","1600","26800","476200","2024-01-09T07:14:02.912Z","2024-01-09T07:14:02.912Z"
164217202,"DRC","1704784428","s","100","26800","476200","2024-01-09T07:14:02.912Z","2024-01-09T07:14:02.912Z"
164217201,"DRC","1704784428","s","600","26800","476200","2024-01-09T07:14:02.912Z","2024-01-09T07:14:02.912Z"
164217200,"DRC","1704784428","s","100","26800","476200","2024-01-09T07:14:02.912Z","2024-01-09T07:14:02.912Z"
164217199,"DRC","1704784428","s","1000","26800","476200","2024-01-09T07:14:02.912Z","2024-01-09T07:14:02.912Z"
164217198,"DRC","1704784428","s","200","26800","476200","2024-01-09T07:14:02.912Z","2024-01-09T07:14:02.912Z"
164217197,"DRC","1704784428","s","500","26800","476200","2024-01-09T07:14:02.912Z","2024-01-09T07:14:02.912Z"
164217196,"DRC","1704784428","s","300","26800","476200","2024-01-09T07:14:02.912Z","2024-01-09T07:14:02.912Z"
164217195,"DRC","1704784428","s","200","26850","476200","2024-01-09T07:14:02.912Z","2024-01-09T07:14:02.912Z"
164217194,"DRC","1704784428","s","400","26850","476200","2024-01-09T07:14:02.912Z","2024-01-09T07:14:02.912Z"
164217149,"DRC","1704784427","s","600","26850","476200","2024-01-09T07:14:01.915Z","2024-01-09T07:14:01.915Z"
164217148,"DRC","1704784427","s","1000","26850","476200","2024-01-09T07:14:01.915Z","2024-01-09T07:14:01.915Z"
164217147,"DRC","1704784427","s","200","26850","476200","2024-01-09T07:14:01.915Z","2024-01-09T07:14:01.915Z"
164217146,"DRC","1704784427","s","600","26850","476200","2024-01-09T07:14:01.915Z","2024-01-09T07:14:01.915Z"
164217145,"DRC","1704784427","s","500","26850","476200","2024-01-09T07:14:01.915Z","2024-01-09T07:14:01.915Z"
164217144,"DRC","1704784427","s","100","26850","476200","2024-01-09T07:14:01.915Z","2024-01-09T07:14:01.915Z"
164217143,"DRC","1704784427","s","1000","26900","476200","2024-01-09T07:14:01.915Z","2024-01-09T07:14:01.915Z"
164217142,"DRC","1704784427","s","1000","26900","476200","2024-01-09T07:14:01.915Z","2024-01-09T07:14:01.915Z"
164216232,"DRC","1704784411","b","1200","26950","469200","2024-01-09T07:13:45.935Z","2024-01-09T07:13:45.935Z"
164216231,"DRC","1704784411","b","800","26950","469200","2024-01-09T07:13:45.935Z","2024-01-09T07:13:45.935Z"
164213540,"DRC","1704784360","b","1000","26950","469200","2024-01-09T07:12:54.917Z","2024-01-09T07:12:54.917Z"
164213497,"DRC","1704784358","b","100","26950","468100","2024-01-09T07:12:53.927Z","2024-01-09T07:12:53.927Z"
164211198,"DRC","1704784301","b","1000","26950","468100","2024-01-09T07:11:55.904Z","2024-01-09T07:11:55.904Z"
164207427,"DRC","1704784236","b","2000","26950","465100","2024-01-09T07:10:50.917Z","2024-01-09T07:10:50.917Z"
164206737,"DRC","1704784226","b","100","26950","465000","2024-01-09T07:10:40.915Z","2024-01-09T07:10:40.915Z"
164202039,"DRC","1704784144","b","300","26950","464700","2024-01-09T07:09:17.903Z","2024-01-09T07:09:17.903Z"
164201649,"DRC","1704784136","b","2900","26950","464700","2024-01-09T07:09:10.907Z","2024-01-09T07:09:10.907Z"
164201021,"DRC","1704784122","s","100","26950","461700","2024-01-09T07:08:56.911Z","2024-01-09T07:08:56.911Z"
164200217,"DRC","1704784110","b","1200","27000","458000","2024-01-09T07:08:43.927Z","2024-01-09T07:08:43.927Z"
164200216,"DRC","1704784110","b","2500","27000","458000","2024-01-09T07:08:43.927Z","2024-01-09T07:08:43.927Z"
164199603,"DRC","1704784095","b","100","27000","457900","2024-01-09T07:08:29.948Z","2024-01-09T07:08:29.948Z"
164197892,"DRC","1704784057","b","200","26950","457900","2024-01-09T07:07:50.891Z","2024-01-09T07:07:50.891Z"
164196322,"DRC","1704784031","b","100","26950","457600","2024-01-09T07:07:25.906Z","2024-01-09T07:07:25.906Z"
164195751,"DRC","1704784019","b","600","26950","455600","2024-01-09T07:07:14.909Z","2024-01-09T07:07:14.909Z"
164195750,"DRC","1704784019","b","900","26950","455600","2024-01-09T07:07:14.909Z","2024-01-09T07:07:14.909Z"
164195749,"DRC","1704784019","b","500","26950","455600","2024-01-09T07:07:14.909Z","2024-01-09T07:07:14.909Z"
164193586,"DRC","1704783964","b","100","26950","455600","2024-01-09T07:06:18.920Z","2024-01-09T07:06:18.920Z"
164193533,"DRC","1704783962","b","300","26950","455500","2024-01-09T07:06:16.902Z","2024-01-09T07:06:16.902Z"
164193532,"DRC","1704783962","b","900","26950","455500","2024-01-09T07:06:16.902Z","2024-01-09T07:06:16.902Z"
164193531,"DRC","1704783962","b","400","26950","455500","2024-01-09T07:06:16.902Z","2024-01-09T07:06:16.902Z"
164189919,"DRC","1704783873","b","200","26950","453700","2024-01-09T07:04:47.900Z","2024-01-09T07:04:47.900Z"
164189747,"DRC","1704783868","b","1600","26950","452100","2024-01-09T07:04:43.910Z","2024-01-09T07:04:43.910Z"
164188428,"DRC","1704783833","b","100","26950","452100","2024-01-09T07:04:07.935Z","2024-01-09T07:04:07.935Z"
164188173,"DRC","1704783826","b","2500","26950","449500","2024-01-09T07:04:01.939Z","2024-01-09T07:04:01.939Z"
164187986,"DRC","1704783821","s","1100","26900","448400","2024-01-09T07:03:56.898Z","2024-01-09T07:03:56.898Z"
164183182,"DRC","1704783700","b","100","26950","448300","2024-01-09T07:01:54.923Z","2024-01-09T07:01:54.923Z"
164177508,"DRC","1704783570","b","100","26950","448200","2024-01-09T06:59:44.969Z","2024-01-09T06:59:44.969Z"
164175876,"DRC","1704783548","s","2000","26850","446200","2024-01-09T06:59:21.899Z","2024-01-09T06:59:21.899Z"
164168638,"DRC","1704783438","b","100","27000","446100","2024-01-09T06:57:31.899Z","2024-01-09T06:57:31.899Z"
164164330,"DRC","1704783380","s","1000","26800","446100","2024-01-09T06:56:34.934Z","2024-01-09T06:56:34.934Z"
164163412,"DRC","1704783369","s","3700","26800","395100","2024-01-09T06:56:25.017Z","2024-01-09T06:56:25.017Z"
164163411,"DRC","1704783369","s","200","26800","395100","2024-01-09T06:56:25.017Z","2024-01-09T06:56:25.017Z"
164163410,"DRC","1704783369","s","100","26800","395100","2024-01-09T06:56:25.017Z","2024-01-09T06:56:25.017Z"
164163409,"DRC","1704783369","s","200","26800","395100","2024-01-09T06:56:25.017Z","2024-01-09T06:56:25.017Z"
164163408,"DRC","1704783369","s","300","26800","395100","2024-01-09T06:56:25.017Z","2024-01-09T06:56:25.017Z"
164163407,"DRC","1704783369","s","100","26800","395100","2024-01-09T06:56:25.017Z","2024-01-09T06:56:25.017Z"
164163406,"DRC","1704783369","s","100","26800","395100","2024-01-09T06:56:25.017Z","2024-01-09T06:56:25.017Z"
164163405,"DRC","1704783369","s","200","26800","395100","2024-01-09T06:56:25.017Z","2024-01-09T06:56:25.017Z"
164163404,"DRC","1704783369","s","5000","26800","395100","2024-01-09T06:56:25.017Z","2024-01-09T06:56:25.017Z"
164163403,"DRC","1704783369","s","100","26800","395100","2024-01-09T06:56:25.017Z","2024-01-09T06:56:25.017Z"
164163402,"DRC","1704783369","s","1800","26800","395100","2024-01-09T06:56:25.017Z","2024-01-09T06:56:25.017Z"
164163401,"DRC","1704783369","s","3000","26800","395100","2024-01-09T06:56:25.017Z","2024-01-09T06:56:25.017Z"
164163400,"DRC","1704783369","s","100","26800","395100","2024-01-09T06:56:25.017Z","2024-01-09T06:56:25.017Z"
164163399,"DRC","1704783369","s","1000","26800","395100","2024-01-09T06:56:25.017Z","2024-01-09T06:56:25.017Z"
164163398,"DRC","1704783369","s","1000","26800","395100","2024-01-09T06:56:25.017Z","2024-01-09T06:56:25.017Z"
164163397,"DRC","1704783369","s","1000","26800","395100","2024-01-09T06:56:25.017Z","2024-01-09T06:56:25.017Z"
164163396,"DRC","1704783369","s","1000","26800","395100","2024-01-09T06:56:25.017Z","2024-01-09T06:56:25.017Z"
164163395,"DRC","1704783369","s","3700","26850","395100","2024-01-09T06:56:25.017Z","2024-01-09T06:56:25.017Z"
164163394,"DRC","1704783369","s","500","26850","395100","2024-01-09T06:56:25.017Z","2024-01-09T06:56:25.017Z"
164163393,"DRC","1704783369","s","1000","26850","395100","2024-01-09T06:56:25.017Z","2024-01-09T06:56:25.017Z"
