"id","symbol","truncTime","matchType","matchVol","matchPrice","accumulatedVolume","createdAt","updatedAt"
164259028,"HSL","1704786290","unknown","42400","8180","2265600","2024-01-09T07:45:05.008Z","2024-01-09T07:45:05.008Z"
164246035,"HSL","1704785158","b","100","8150","2223100","2024-01-09T07:26:12.935Z","2024-01-09T07:26:12.935Z"
164246034,"HSL","1704785158","b","400","8140","2223100","2024-01-09T07:26:12.935Z","2024-01-09T07:26:12.935Z"
164236044,"HSL","1704784936","b","100","8150","2218600","2024-01-09T07:22:31.912Z","2024-01-09T07:22:31.912Z"
164236043,"HSL","1704784936","b","3000","8140","2218600","2024-01-09T07:22:31.912Z","2024-01-09T07:22:31.912Z"
164236042,"HSL","1704784936","b","100","8140","2218600","2024-01-09T07:22:31.912Z","2024-01-09T07:22:31.912Z"
164236041,"HSL","1704784936","b","700","8140","2218600","2024-01-09T07:22:31.912Z","2024-01-09T07:22:31.912Z"
164236040,"HSL","1704784936","b","200","8130","2218600","2024-01-09T07:22:31.912Z","2024-01-09T07:22:31.912Z"
164235419,"HSL","1704784921","s","1000","8100","2218600","2024-01-09T07:22:15.924Z","2024-01-09T07:22:15.924Z"
164233807,"HSL","1704784880","s","18000","8090","2188600","2024-01-09T07:21:34.918Z","2024-01-09T07:21:34.918Z"
164233806,"HSL","1704784880","s","500","8090","2188600","2024-01-09T07:21:34.918Z","2024-01-09T07:21:34.918Z"
164233805,"HSL","1704784880","s","4000","8090","2188600","2024-01-09T07:21:34.918Z","2024-01-09T07:21:34.918Z"
164233804,"HSL","1704784880","s","1000","8090","2188600","2024-01-09T07:21:34.918Z","2024-01-09T07:21:34.918Z"
164233803,"HSL","1704784880","s","600","8090","2188600","2024-01-09T07:21:34.918Z","2024-01-09T07:21:34.918Z"
164233802,"HSL","1704784880","s","3000","8090","2188600","2024-01-09T07:21:34.918Z","2024-01-09T07:21:34.918Z"
164233801,"HSL","1704784880","s","1000","8090","2188600","2024-01-09T07:21:34.918Z","2024-01-09T07:21:34.918Z"
164233800,"HSL","1704784880","s","600","8090","2188600","2024-01-09T07:21:34.918Z","2024-01-09T07:21:34.918Z"
164233799,"HSL","1704784880","s","300","8100","2188600","2024-01-09T07:21:34.918Z","2024-01-09T07:21:34.918Z"
164233776,"HSL","1704784879","b","1700","8100","2186900","2024-01-09T07:21:34.918Z","2024-01-09T07:21:34.918Z"
164232972,"HSL","1704784857","b","1200","8100","2186900","2024-01-09T07:21:11.911Z","2024-01-09T07:21:11.911Z"
164232791,"HSL","1704784852","b","300","8100","2185700","2024-01-09T07:21:06.911Z","2024-01-09T07:21:06.911Z"
164230441,"HSL","1704784788","b","100","8100","2185400","2024-01-09T07:20:01.924Z","2024-01-09T07:20:01.924Z"
164230302,"HSL","1704784785","s","1000","8100","2178600","2024-01-09T07:19:59.916Z","2024-01-09T07:19:59.916Z"
164230301,"HSL","1704784785","s","600","8100","2178600","2024-01-09T07:19:59.916Z","2024-01-09T07:19:59.916Z"
164230300,"HSL","1704784785","s","600","8100","2178600","2024-01-09T07:19:59.916Z","2024-01-09T07:19:59.916Z"
164230299,"HSL","1704784785","s","3000","8100","2178600","2024-01-09T07:19:59.916Z","2024-01-09T07:19:59.916Z"
164230298,"HSL","1704784785","s","600","8100","2178600","2024-01-09T07:19:59.916Z","2024-01-09T07:19:59.916Z"
164230297,"HSL","1704784785","s","900","8100","2178600","2024-01-09T07:19:59.916Z","2024-01-09T07:19:59.916Z"
164228602,"HSL","1704784736","b","100","8140","2178600","2024-01-09T07:19:09.924Z","2024-01-09T07:19:09.924Z"
164225104,"HSL","1704784633","s","300","8100","2176500","2024-01-09T07:17:27.903Z","2024-01-09T07:17:27.903Z"
164225103,"HSL","1704784633","s","1000","8100","2176500","2024-01-09T07:17:27.903Z","2024-01-09T07:17:27.903Z"
164225102,"HSL","1704784633","s","500","8100","2176500","2024-01-09T07:17:27.903Z","2024-01-09T07:17:27.903Z"
164225101,"HSL","1704784633","s","200","8100","2176500","2024-01-09T07:17:27.903Z","2024-01-09T07:17:27.903Z"
164219495,"HSL","1704784477","s","6900","8100","2166500","2024-01-09T07:14:51.908Z","2024-01-09T07:14:51.908Z"
164219494,"HSL","1704784477","s","600","8100","2166500","2024-01-09T07:14:51.908Z","2024-01-09T07:14:51.908Z"
164219493,"HSL","1704784477","s","100","8100","2166500","2024-01-09T07:14:51.908Z","2024-01-09T07:14:51.908Z"
164219492,"HSL","1704784477","s","2000","8100","2166500","2024-01-09T07:14:51.908Z","2024-01-09T07:14:51.908Z"
164219491,"HSL","1704784477","s","400","8100","2166500","2024-01-09T07:14:51.908Z","2024-01-09T07:14:51.908Z"
164215914,"HSL","1704784407","s","200","8100","2165500","2024-01-09T07:13:41.961Z","2024-01-09T07:13:41.961Z"
164215913,"HSL","1704784407","s","800","8100","2165500","2024-01-09T07:13:41.961Z","2024-01-09T07:13:41.961Z"
164212967,"HSL","1704784343","b","4200","8100","2165500","2024-01-09T07:12:37.978Z","2024-01-09T07:12:37.978Z"
164209450,"HSL","1704784277","s","300","8100","2161300","2024-01-09T07:11:31.906Z","2024-01-09T07:11:31.906Z"
164209449,"HSL","1704784277","s","900","8100","2161300","2024-01-09T07:11:31.906Z","2024-01-09T07:11:31.906Z"
164209448,"HSL","1704784277","s","3000","8100","2161300","2024-01-09T07:11:31.906Z","2024-01-09T07:11:31.906Z"
164209447,"HSL","1704784277","s","1000","8100","2161300","2024-01-09T07:11:31.906Z","2024-01-09T07:11:31.906Z"
164209446,"HSL","1704784277","s","600","8100","2161300","2024-01-09T07:11:31.906Z","2024-01-09T07:11:31.906Z"
164205761,"HSL","1704784207","b","100","8100","2155400","2024-01-09T07:10:22.931Z","2024-01-09T07:10:22.931Z"
164204284,"HSL","1704784182","b","1300","8100","2154100","2024-01-09T07:09:56.937Z","2024-01-09T07:09:56.937Z"
164203961,"HSL","1704784176","b","6600","8100","2154100","2024-01-09T07:09:50.908Z","2024-01-09T07:09:50.908Z"
164203960,"HSL","1704784176","b","8400","8100","2154100","2024-01-09T07:09:50.908Z","2024-01-09T07:09:50.908Z"
164203184,"HSL","1704784165","b","400","8100","2139100","2024-01-09T07:09:39.903Z","2024-01-09T07:09:39.903Z"
164202622,"HSL","1704784156","b","1200","8100","2136400","2024-01-09T07:09:30.907Z","2024-01-09T07:09:30.907Z"
164202621,"HSL","1704784156","b","1100","8100","2136400","2024-01-09T07:09:30.907Z","2024-01-09T07:09:30.907Z"
164202559,"HSL","1704784154","b","1200","8100","2136400","2024-01-09T07:09:27.917Z","2024-01-09T07:09:27.917Z"
164201221,"HSL","1704784128","b","1200","8100","2135200","2024-01-09T07:09:01.913Z","2024-01-09T07:09:01.913Z"
164199718,"HSL","1704784097","s","2500","8100","2131500","2024-01-09T07:08:31.907Z","2024-01-09T07:08:31.907Z"
164199537,"HSL","1704784094","s","2300","8100","2121500","2024-01-09T07:08:28.943Z","2024-01-09T07:08:28.943Z"
164199536,"HSL","1704784094","s","600","8100","2121500","2024-01-09T07:08:28.943Z","2024-01-09T07:08:28.943Z"
164199535,"HSL","1704784094","s","7100","8100","2121500","2024-01-09T07:08:28.943Z","2024-01-09T07:08:28.943Z"
164194111,"HSL","1704783976","b","500","8100","2121500","2024-01-09T07:06:30.915Z","2024-01-09T07:06:30.915Z"
164193758,"HSL","1704783967","b","400","8100","2120600","2024-01-09T07:06:21.902Z","2024-01-09T07:06:21.902Z"
164193619,"HSL","1704783964","b","300","8100","2119700","2024-01-09T07:06:18.920Z","2024-01-09T07:06:18.920Z"
164193618,"HSL","1704783964","b","600","8100","2119700","2024-01-09T07:06:18.920Z","2024-01-09T07:06:18.920Z"
164190835,"HSL","1704783902","b","1000","8100","2118700","2024-01-09T07:05:15.912Z","2024-01-09T07:05:15.912Z"
164190096,"HSL","1704783879","s","100","8100","2118700","2024-01-09T07:04:53.947Z","2024-01-09T07:04:53.947Z"
164190095,"HSL","1704783879","s","1000","8100","2118700","2024-01-09T07:04:53.947Z","2024-01-09T07:04:53.947Z"
164190094,"HSL","1704783879","s","300","8100","2118700","2024-01-09T07:04:53.947Z","2024-01-09T07:04:53.947Z"
164190093,"HSL","1704783879","s","7000","8100","2118700","2024-01-09T07:04:53.947Z","2024-01-09T07:04:53.947Z"
164190045,"HSL","1704783877","s","7000","8100","2100300","2024-01-09T07:04:51.903Z","2024-01-09T07:04:51.903Z"
164190044,"HSL","1704783877","s","3000","8100","2100300","2024-01-09T07:04:51.903Z","2024-01-09T07:04:51.903Z"
164185445,"HSL","1704783754","s","1000","8100","2097800","2024-01-09T07:02:48.898Z","2024-01-09T07:02:48.898Z"
164185444,"HSL","1704783754","s","1000","8100","2097800","2024-01-09T07:02:48.898Z","2024-01-09T07:02:48.898Z"
164185443,"HSL","1704783754","s","500","8100","2097800","2024-01-09T07:02:48.898Z","2024-01-09T07:02:48.898Z"
164179232,"HSL","1704783606","b","1700","8100","2097800","2024-01-09T07:00:20.923Z","2024-01-09T07:00:20.923Z"
164179231,"HSL","1704783606","b","100","8100","2097800","2024-01-09T07:00:20.923Z","2024-01-09T07:00:20.923Z"
164169939,"HSL","1704783455","s","600","8090","2095400","2024-01-09T06:57:49.933Z","2024-01-09T06:57:49.933Z"
164167542,"HSL","1704783423","b","2000","8100","2093400","2024-01-09T06:57:17.941Z","2024-01-09T06:57:17.941Z"
164162656,"HSL","1704783363","s","5000","8100","2075500","2024-01-09T06:56:16.922Z","2024-01-09T06:56:16.922Z"
164162655,"HSL","1704783363","s","200","8100","2075500","2024-01-09T06:56:16.922Z","2024-01-09T06:56:16.922Z"
164162654,"HSL","1704783363","s","5000","8100","2075500","2024-01-09T06:56:16.922Z","2024-01-09T06:56:16.922Z"
164162653,"HSL","1704783363","s","200","8100","2075500","2024-01-09T06:56:16.922Z","2024-01-09T06:56:16.922Z"
164162652,"HSL","1704783363","s","500","8100","2075500","2024-01-09T06:56:16.922Z","2024-01-09T06:56:16.922Z"
164162651,"HSL","1704783363","s","3000","8100","2075500","2024-01-09T06:56:16.922Z","2024-01-09T06:56:16.922Z"
164162650,"HSL","1704783363","s","100","8100","2075500","2024-01-09T06:56:16.922Z","2024-01-09T06:56:16.922Z"
164162649,"HSL","1704783363","s","300","8100","2075500","2024-01-09T06:56:16.922Z","2024-01-09T06:56:16.922Z"
164162648,"HSL","1704783363","s","500","8110","2075500","2024-01-09T06:56:16.922Z","2024-01-09T06:56:16.922Z"
164162647,"HSL","1704783363","s","100","8110","2075500","2024-01-09T06:56:16.922Z","2024-01-09T06:56:16.922Z"
164162646,"HSL","1704783363","s","100","8110","2075500","2024-01-09T06:56:16.922Z","2024-01-09T06:56:16.922Z"
164162645,"HSL","1704783363","s","1400","8110","2075500","2024-01-09T06:56:16.922Z","2024-01-09T06:56:16.922Z"
164162644,"HSL","1704783363","s","1500","8110","2075500","2024-01-09T06:56:16.922Z","2024-01-09T06:56:16.922Z"
164155625,"HSL","1704783268","s","500","8110","2075500","2024-01-09T06:54:42.893Z","2024-01-09T06:54:42.893Z"
164141534,"HSL","1704783006","b","100","8110","2075000","2024-01-09T06:50:20.896Z","2024-01-09T06:50:20.896Z"
164141533,"HSL","1704783006","b","1300","8110","2075000","2024-01-09T06:50:20.896Z","2024-01-09T06:50:20.896Z"
164139611,"HSL","1704782967","b","200","8110","2073400","2024-01-09T06:49:40.881Z","2024-01-09T06:49:40.881Z"
164139593,"HSL","1704782966","s","100","8100","2073300","2024-01-09T06:49:40.881Z","2024-01-09T06:49:40.881Z"
164139103,"HSL","1704782947","s","8300","8110","2073300","2024-01-09T06:49:21.881Z","2024-01-09T06:49:21.881Z"
164133366,"HSL","1704782764","s","200","8110","2064800","2024-01-09T06:46:18.874Z","2024-01-09T06:46:18.874Z"
164132840,"HSL","1704782750","s","500","8110","2064800","2024-01-09T06:46:04.877Z","2024-01-09T06:46:04.877Z"
164127086,"HSL","1704782551","b","1600","8100","2062700","2024-01-09T06:42:45.871Z","2024-01-09T06:42:45.871Z"
164126679,"HSL","1704782534","s","27000","8100","2062700","2024-01-09T06:42:28.886Z","2024-01-09T06:42:28.886Z"
