"id","symbol","truncTime","matchType","matchVol","matchPrice","accumulatedVolume","createdAt","updatedAt"
164259071,"PSH","1704786291","unknown","9100","8380","941100","2024-01-09T07:45:05.008Z","2024-01-09T07:45:05.008Z"
164258111,"PSH","1704785386","b","100","8380","931900","2024-01-09T07:29:59.923Z","2024-01-09T07:29:59.923Z"
164255391,"PSH","1704785340","b","100","8380","931900","2024-01-09T07:29:14.936Z","2024-01-09T07:29:14.936Z"
164244998,"PSH","1704785134","b","200","8380","931600","2024-01-09T07:25:48.933Z","2024-01-09T07:25:48.933Z"
164243508,"PSH","1704785103","b","800","8380","931600","2024-01-09T07:25:18.918Z","2024-01-09T07:25:18.918Z"
164241040,"PSH","1704785060","b","20000","8380","930800","2024-01-09T07:24:34.913Z","2024-01-09T07:24:34.913Z"
164237740,"PSH","1704784984","b","100","8380","910700","2024-01-09T07:23:17.920Z","2024-01-09T07:23:17.920Z"
164237505,"PSH","1704784976","b","2800","8380","907900","2024-01-09T07:23:10.913Z","2024-01-09T07:23:10.913Z"
164237070,"PSH","1704784965","b","100","8380","907800","2024-01-09T07:22:58.939Z","2024-01-09T07:22:58.939Z"
164236539,"PSH","1704784950","b","200","8380","907600","2024-01-09T07:22:44.919Z","2024-01-09T07:22:44.919Z"
164230042,"PSH","1704784779","b","1600","8380","907600","2024-01-09T07:19:53.935Z","2024-01-09T07:19:53.935Z"
164230041,"PSH","1704784779","b","200","8380","907600","2024-01-09T07:19:53.935Z","2024-01-09T07:19:53.935Z"
164223623,"PSH","1704784589","b","100","8380","905800","2024-01-09T07:16:43.919Z","2024-01-09T07:16:43.919Z"
164219465,"PSH","1704784477","b","3500","8380","905700","2024-01-09T07:14:50.921Z","2024-01-09T07:14:50.921Z"
164219343,"PSH","1704784473","b","1900","8380","902200","2024-01-09T07:14:47.932Z","2024-01-09T07:14:47.932Z"
164209354,"PSH","1704784274","b","1000","8380","900300","2024-01-09T07:11:28.943Z","2024-01-09T07:11:28.943Z"
164209154,"PSH","1704784270","b","100","8380","899200","2024-01-09T07:11:24.902Z","2024-01-09T07:11:24.902Z"
164208647,"PSH","1704784259","b","200","8380","899200","2024-01-09T07:11:13.932Z","2024-01-09T07:11:13.932Z"
164208022,"PSH","1704784247","b","2000","8380","899000","2024-01-09T07:11:01.946Z","2024-01-09T07:11:01.946Z"
164205220,"PSH","1704784197","b","100","8380","897000","2024-01-09T07:10:10.942Z","2024-01-09T07:10:10.942Z"
164192729,"PSH","1704783944","b","100","8380","896900","2024-01-09T07:05:58.903Z","2024-01-09T07:05:58.903Z"
164188527,"PSH","1704783835","b","800","8380","895800","2024-01-09T07:04:09.905Z","2024-01-09T07:04:09.905Z"
164188526,"PSH","1704783835","b","200","8380","895800","2024-01-09T07:04:09.905Z","2024-01-09T07:04:09.905Z"
164185316,"PSH","1704783749","b","500","8380","892700","2024-01-09T07:02:43.919Z","2024-01-09T07:02:43.919Z"
164185315,"PSH","1704783749","b","2600","8380","892700","2024-01-09T07:02:43.919Z","2024-01-09T07:02:43.919Z"
164178344,"PSH","1704783586","b","400","8380","892700","2024-01-09T07:00:00.913Z","2024-01-09T07:00:00.913Z"
164174211,"PSH","1704783521","b","100","8380","892200","2024-01-09T06:58:55.899Z","2024-01-09T06:58:55.899Z"
164138947,"PSH","1704782943","b","500","8380","892200","2024-01-09T06:49:16.878Z","2024-01-09T06:49:16.878Z"
164134570,"PSH","1704782809","b","200","8380","891700","2024-01-09T06:47:03.879Z","2024-01-09T06:47:03.879Z"
164132614,"PSH","1704782737","b","900","8380","890600","2024-01-09T06:45:50.896Z","2024-01-09T06:45:50.896Z"
164131540,"PSH","1704782716","b","200","8380","890400","2024-01-09T06:45:30.876Z","2024-01-09T06:45:30.876Z"
164127230,"PSH","1704782555","b","1000","8380","890400","2024-01-09T06:42:49.876Z","2024-01-09T06:42:49.876Z"
164123700,"PSH","1704782424","b","500","8380","889400","2024-01-09T06:40:37.886Z","2024-01-09T06:40:37.886Z"
164123699,"PSH","1704782424","b","1100","8380","889400","2024-01-09T06:40:37.886Z","2024-01-09T06:40:37.886Z"
164123698,"PSH","1704782424","b","1400","8380","889400","2024-01-09T06:40:37.886Z","2024-01-09T06:40:37.886Z"
164123571,"PSH","1704782421","b","1900","8380","886400","2024-01-09T06:40:35.869Z","2024-01-09T06:40:35.869Z"
164119513,"PSH","1704782266","b","200","8380","884500","2024-01-09T06:38:00.867Z","2024-01-09T06:38:00.867Z"
164117535,"PSH","1704782180","b","100","8380","884200","2024-01-09T06:36:34.875Z","2024-01-09T06:36:34.875Z"
164113097,"PSH","1704782019","b","1000","8380","884200","2024-01-09T06:33:53.868Z","2024-01-09T06:33:53.868Z"
164107994,"PSH","1704781853","b","100","8380","883200","2024-01-09T06:31:07.860Z","2024-01-09T06:31:07.860Z"
164107835,"PSH","1704781848","b","500","8380","882600","2024-01-09T06:31:02.867Z","2024-01-09T06:31:02.867Z"
164107768,"PSH","1704781846","b","2000","8380","882600","2024-01-09T06:31:00.872Z","2024-01-09T06:31:00.872Z"
164107316,"PSH","1704781830","b","100","8380","880600","2024-01-09T06:30:44.895Z","2024-01-09T06:30:44.895Z"
164107197,"PSH","1704781829","b","200","8380","880500","2024-01-09T06:30:43.912Z","2024-01-09T06:30:43.912Z"
164105556,"PSH","1704781774","b","400","8380","880300","2024-01-09T06:29:48.863Z","2024-01-09T06:29:48.863Z"
164105522,"PSH","1704781772","b","100","8380","879900","2024-01-09T06:29:46.869Z","2024-01-09T06:29:46.869Z"
164103133,"PSH","1704781680","b","500","8380","879800","2024-01-09T06:28:14.893Z","2024-01-09T06:28:14.893Z"
164102883,"PSH","1704781671","b","5000","8380","874300","2024-01-09T06:28:05.866Z","2024-01-09T06:28:05.866Z"
164100933,"PSH","1704781600","b","100","8380","874300","2024-01-09T06:26:53.865Z","2024-01-09T06:26:53.865Z"
164098360,"PSH","1704781502","b","500","8380","873700","2024-01-09T06:25:16.870Z","2024-01-09T06:25:16.870Z"
164089214,"PSH","1704781204","b","5900","8380","865700","2024-01-09T06:20:18.901Z","2024-01-09T06:20:18.901Z"
164089213,"PSH","1704781204","b","1000","8380","865700","2024-01-09T06:20:18.901Z","2024-01-09T06:20:18.901Z"
164089212,"PSH","1704781204","b","500","8380","865700","2024-01-09T06:20:18.901Z","2024-01-09T06:20:18.901Z"
164089211,"PSH","1704781204","b","600","8380","865700","2024-01-09T06:20:18.901Z","2024-01-09T06:20:18.901Z"
164088076,"PSH","1704781167","b","400","8380","865700","2024-01-09T06:19:40.889Z","2024-01-09T06:19:40.889Z"
164088075,"PSH","1704781167","b","600","8380","865700","2024-01-09T06:19:40.889Z","2024-01-09T06:19:40.889Z"
164088047,"PSH","1704781166","b","500","8380","864200","2024-01-09T06:19:39.863Z","2024-01-09T06:19:39.863Z"
164086819,"PSH","1704781123","b","2400","8380","864200","2024-01-09T06:18:57.855Z","2024-01-09T06:18:57.855Z"
164074382,"PSH","1704780737","b","500","8380","861300","2024-01-09T06:12:31.906Z","2024-01-09T06:12:31.906Z"
164073579,"PSH","1704780707","b","100","8380","861300","2024-01-09T06:12:01.865Z","2024-01-09T06:12:01.865Z"
164072772,"PSH","1704780673","b","100","8380","861200","2024-01-09T06:11:27.857Z","2024-01-09T06:11:27.857Z"
164072328,"PSH","1704780657","b","100","8380","861000","2024-01-09T06:11:11.855Z","2024-01-09T06:11:11.855Z"
164070348,"PSH","1704780586","b","200","8380","861000","2024-01-09T06:10:00.906Z","2024-01-09T06:10:00.906Z"
164070033,"PSH","1704780575","b","200","8380","860600","2024-01-09T06:09:49.881Z","2024-01-09T06:09:49.881Z"
164069738,"PSH","1704780563","b","200","8380","860600","2024-01-09T06:09:37.845Z","2024-01-09T06:09:37.845Z"
164069272,"PSH","1704780546","b","900","8380","860400","2024-01-09T06:09:20.844Z","2024-01-09T06:09:20.844Z"
164060089,"PSH","1704780233","b","200","8380","859500","2024-01-09T06:04:07.846Z","2024-01-09T06:04:07.846Z"
164059957,"PSH","1704780230","b","100","8380","859300","2024-01-09T06:04:04.882Z","2024-01-09T06:04:04.882Z"
164055793,"PSH","1704780101","b","1000","8380","859200","2024-01-09T06:01:56.839Z","2024-01-09T06:01:56.839Z"
164051517,"PSH","1704780000","b","300","8380","857900","2024-01-09T06:00:14.923Z","2024-01-09T06:00:14.923Z"
164050761,"PSH","1704779996","b","100","8380","857900","2024-01-09T06:00:10.980Z","2024-01-09T06:00:10.980Z"
164049437,"PSH","1704779993","b","300","8380","857800","2024-01-09T06:00:08.082Z","2024-01-09T06:00:08.082Z"
164049394,"PSH","1704779993","b","1000","8380","857800","2024-01-09T06:00:08.082Z","2024-01-09T06:00:08.082Z"
164049389,"PSH","1704779993","b","200","8380","857800","2024-01-09T06:00:08.082Z","2024-01-09T06:00:08.082Z"
164048559,"PSH","1704779991","b","100","8380","856300","2024-01-09T06:00:05.017Z","2024-01-09T06:00:05.017Z"
164048064,"PSH","1704774586","b","100","8380","856100","2024-01-09T04:29:59.791Z","2024-01-09T04:29:59.791Z"
164047281,"PSH","1704774548","b","500","8380","856100","2024-01-09T04:29:22.782Z","2024-01-09T04:29:22.782Z"
164045729,"PSH","1704774484","b","1000","8380","855600","2024-01-09T04:28:17.779Z","2024-01-09T04:28:17.779Z"
164043637,"PSH","1704774381","b","200","8380","854600","2024-01-09T04:26:34.801Z","2024-01-09T04:26:34.801Z"
164040361,"PSH","1704774220","b","100","8380","854300","2024-01-09T04:23:54.780Z","2024-01-09T04:23:54.780Z"
164038981,"PSH","1704774139","b","100","8380","854200","2024-01-09T04:22:33.776Z","2024-01-09T04:22:33.776Z"
164035744,"PSH","1704773968","b","1000","8380","854200","2024-01-09T04:19:42.779Z","2024-01-09T04:19:42.779Z"
164033749,"PSH","1704773853","b","100","8380","853200","2024-01-09T04:17:47.774Z","2024-01-09T04:17:47.774Z"
164030661,"PSH","1704773669","b","500","8380","853100","2024-01-09T04:14:44.779Z","2024-01-09T04:14:44.779Z"
164027974,"PSH","1704773550","b","100","8380","852500","2024-01-09T04:12:44.771Z","2024-01-09T04:12:44.771Z"
164027222,"PSH","1704773518","b","500","8380","852000","2024-01-09T04:12:12.770Z","2024-01-09T04:12:12.770Z"
164024960,"PSH","1704773427","b","100","8380","851900","2024-01-09T04:10:41.768Z","2024-01-09T04:10:41.768Z"
164024472,"PSH","1704773418","b","16700","8380","851900","2024-01-09T04:10:32.768Z","2024-01-09T04:10:32.768Z"
164022551,"PSH","1704773360","b","500","8380","835200","2024-01-09T04:09:33.811Z","2024-01-09T04:09:33.811Z"
164021470,"PSH","1704773329","b","100","8380","834700","2024-01-09T04:09:03.777Z","2024-01-09T04:09:03.777Z"
164019664,"PSH","1704773285","b","100","8380","834500","2024-01-09T04:08:19.763Z","2024-01-09T04:08:19.763Z"
164015609,"PSH","1704773200","b","200","8380","834300","2024-01-09T04:06:54.800Z","2024-01-09T04:06:54.800Z"
164014507,"PSH","1704773171","b","1000","8380","834300","2024-01-09T04:06:25.781Z","2024-01-09T04:06:25.781Z"
164006662,"PSH","1704772924","b","2500","8380","830800","2024-01-09T04:02:18.758Z","2024-01-09T04:02:18.758Z"
164006012,"PSH","1704772889","b","200","8380","830800","2024-01-09T04:01:43.770Z","2024-01-09T04:01:43.770Z"
164005106,"PSH","1704772847","b","500","8380","830100","2024-01-09T04:01:01.766Z","2024-01-09T04:01:01.766Z"
164002006,"PSH","1704772663","b","100","8380","830000","2024-01-09T03:57:57.755Z","2024-01-09T03:57:57.755Z"
164000415,"PSH","1704772592","b","1000","8380","830000","2024-01-09T03:56:45.755Z","2024-01-09T03:56:45.755Z"
163999383,"PSH","1704772509","b","1200","8380","827800","2024-01-09T03:55:23.756Z","2024-01-09T03:55:23.756Z"
163994397,"PSH","1704772232","b","100","8380","827700","2024-01-09T03:50:46.747Z","2024-01-09T03:50:46.747Z"
