"id","symbol","truncTime","matchType","matchVol","matchPrice","accumulatedVolume","createdAt","updatedAt"
164258944,"TNI","1704786290","unknown","1700","2700","136400","2024-01-09T07:45:05.008Z","2024-01-09T07:45:05.008Z"
164253706,"TNI","1704785307","b","200","2700","134700","2024-01-09T07:28:41.925Z","2024-01-09T07:28:41.925Z"
164252409,"TNI","1704785284","b","200","2700","134500","2024-01-09T07:28:18.940Z","2024-01-09T07:28:18.940Z"
164247986,"TNI","1704785205","b","5000","2700","134300","2024-01-09T07:26:59.918Z","2024-01-09T07:26:59.918Z"
164246363,"TNI","1704785166","b","3000","2700","129300","2024-01-09T07:26:20.942Z","2024-01-09T07:26:20.942Z"
164238782,"TNI","1704785010","b","1000","2700","126300","2024-01-09T07:23:44.929Z","2024-01-09T07:23:44.929Z"
164229539,"TNI","1704784764","b","2400","2700","122900","2024-01-09T07:19:38.928Z","2024-01-09T07:19:38.928Z"
164225335,"TNI","1704784641","b","3000","2700","119900","2024-01-09T07:17:35.902Z","2024-01-09T07:17:35.902Z"
164225030,"TNI","1704784630","b","4200","2700","115700","2024-01-09T07:17:25.935Z","2024-01-09T07:17:25.935Z"
164215930,"TNI","1704784407","s","100","2700","107800","2024-01-09T07:13:42.923Z","2024-01-09T07:13:42.923Z"
164215929,"TNI","1704784407","s","7800","2700","107800","2024-01-09T07:13:42.923Z","2024-01-09T07:13:42.923Z"
164207080,"TNI","1704784231","s","3700","2700","107800","2024-01-09T07:10:44.934Z","2024-01-09T07:10:44.934Z"
164203335,"TNI","1704784167","s","300","2700","104100","2024-01-09T07:09:42.928Z","2024-01-09T07:09:42.928Z"
164179430,"TNI","1704783610","s","6000","2700","103800","2024-01-09T07:00:24.894Z","2024-01-09T07:00:24.894Z"
164174316,"TNI","1704783523","s","5000","2700","97800","2024-01-09T06:58:57.904Z","2024-01-09T06:58:57.904Z"
164173694,"TNI","1704783509","s","800","2700","92800","2024-01-09T06:58:42.889Z","2024-01-09T06:58:42.889Z"
164173693,"TNI","1704783509","s","200","2700","92800","2024-01-09T06:58:42.889Z","2024-01-09T06:58:42.889Z"
164145176,"TNI","1704783081","s","800","2700","90500","2024-01-09T06:51:34.921Z","2024-01-09T06:51:34.921Z"
164145175,"TNI","1704783081","s","500","2700","90500","2024-01-09T06:51:34.921Z","2024-01-09T06:51:34.921Z"
164135251,"TNI","1704782832","s","200","2700","90500","2024-01-09T06:47:26.901Z","2024-01-09T06:47:26.901Z"
164134051,"TNI","1704782791","s","200","2700","90100","2024-01-09T06:46:44.874Z","2024-01-09T06:46:44.874Z"
164097956,"TNI","1704781486","b","600","2710","90100","2024-01-09T06:25:00.864Z","2024-01-09T06:25:00.864Z"
164097214,"TNI","1704781459","b","100","2710","89500","2024-01-09T06:24:33.887Z","2024-01-09T06:24:33.887Z"
164097213,"TNI","1704781459","b","800","2710","89500","2024-01-09T06:24:33.887Z","2024-01-09T06:24:33.887Z"
164097212,"TNI","1704781459","b","100","2710","89500","2024-01-09T06:24:33.887Z","2024-01-09T06:24:33.887Z"
164095566,"TNI","1704781404","b","100","2710","88500","2024-01-09T06:23:38.901Z","2024-01-09T06:23:38.901Z"
164094414,"TNI","1704781373","s","500","2700","88400","2024-01-09T06:23:07.864Z","2024-01-09T06:23:07.864Z"
164084743,"TNI","1704781052","b","8600","2700","87900","2024-01-09T06:17:46.885Z","2024-01-09T06:17:46.885Z"
164082305,"TNI","1704780975","b","100","2700","79200","2024-01-09T06:16:29.854Z","2024-01-09T06:16:29.854Z"
164081247,"TNI","1704780949","b","100","2700","79200","2024-01-09T06:16:03.867Z","2024-01-09T06:16:03.867Z"
164075773,"TNI","1704780785","s","3500","2690","75100","2024-01-09T06:13:19.855Z","2024-01-09T06:13:19.855Z"
164075772,"TNI","1704780785","s","500","2690","75100","2024-01-09T06:13:19.855Z","2024-01-09T06:13:19.855Z"
164074507,"TNI","1704780741","b","500","2700","74600","2024-01-09T06:12:34.852Z","2024-01-09T06:12:34.852Z"
164070439,"TNI","1704780588","s","6000","2700","74600","2024-01-09T06:10:02.868Z","2024-01-09T06:10:02.868Z"
164066678,"TNI","1704780457","s","700","2700","68600","2024-01-09T06:07:51.855Z","2024-01-09T06:07:51.855Z"
164066677,"TNI","1704780457","s","5000","2700","68600","2024-01-09T06:07:51.855Z","2024-01-09T06:07:51.855Z"
164066676,"TNI","1704780457","s","1800","2700","68600","2024-01-09T06:07:51.855Z","2024-01-09T06:07:51.855Z"
164065377,"TNI","1704780408","s","100","2700","61100","2024-01-09T06:07:02.848Z","2024-01-09T06:07:02.848Z"
164055088,"TNI","1704780078","s","600","2700","60400","2024-01-09T06:01:32.838Z","2024-01-09T06:01:32.838Z"
164046771,"TNI","1704774527","b","7500","2700","60400","2024-01-09T04:29:01.794Z","2024-01-09T04:29:01.794Z"
164042614,"TNI","1704774328","s","2000","2700","52900","2024-01-09T04:25:41.782Z","2024-01-09T04:25:41.782Z"
164042613,"TNI","1704774328","s","500","2700","52900","2024-01-09T04:25:41.782Z","2024-01-09T04:25:41.782Z"
164006105,"TNI","1704772892","b","2000","2710","50400","2024-01-09T04:01:45.758Z","2024-01-09T04:01:45.758Z"
164005958,"TNI","1704772886","b","4600","2710","48400","2024-01-09T04:01:40.762Z","2024-01-09T04:01:40.762Z"
164005957,"TNI","1704772886","b","5400","2700","48400","2024-01-09T04:01:40.762Z","2024-01-09T04:01:40.762Z"
164005543,"TNI","1704772869","s","100","2700","38400","2024-01-09T04:01:23.780Z","2024-01-09T04:01:23.780Z"
164005542,"TNI","1704772869","s","4500","2700","38400","2024-01-09T04:01:23.780Z","2024-01-09T04:01:23.780Z"
163999112,"TNI","1704772494","s","1100","2700","33800","2024-01-09T03:55:08.759Z","2024-01-09T03:55:08.759Z"
163997609,"TNI","1704772399","s","4600","2700","28100","2024-01-09T03:53:33.755Z","2024-01-09T03:53:33.755Z"
163990859,"TNI","1704772024","s","1400","2700","28100","2024-01-09T03:47:19.746Z","2024-01-09T03:47:19.746Z"
163989315,"TNI","1704771945","s","1000","2700","26700","2024-01-09T03:45:58.754Z","2024-01-09T03:45:58.754Z"
163974357,"TNI","1704771204","s","100","2700","25600","2024-01-09T03:33:38.732Z","2024-01-09T03:33:38.732Z"
163969777,"TNI","1704770975","b","100","2710","25600","2024-01-09T03:29:49.726Z","2024-01-09T03:29:49.726Z"
163969763,"TNI","1704770974","s","1000","2700","24500","2024-01-09T03:29:48.742Z","2024-01-09T03:29:48.742Z"
163969547,"TNI","1704770963","s","1100","2700","24500","2024-01-09T03:29:37.729Z","2024-01-09T03:29:37.729Z"
163965243,"TNI","1704770760","s","200","2700","23400","2024-01-09T03:26:14.727Z","2024-01-09T03:26:14.727Z"
163959322,"TNI","1704770483","b","1000","2700","23200","2024-01-09T03:21:37.715Z","2024-01-09T03:21:37.715Z"
163959321,"TNI","1704770483","b","800","2700","23200","2024-01-09T03:21:37.715Z","2024-01-09T03:21:37.715Z"
163959032,"TNI","1704770473","b","300","2700","21400","2024-01-09T03:21:27.711Z","2024-01-09T03:21:27.711Z"
163955481,"TNI","1704770331","b","100","2700","21100","2024-01-09T03:19:05.724Z","2024-01-09T03:19:05.724Z"
163955004,"TNI","1704770307","b","200","2700","21000","2024-01-09T03:18:41.714Z","2024-01-09T03:18:41.714Z"
163953529,"TNI","1704770253","s","200","2700","18600","2024-01-09T03:17:47.708Z","2024-01-09T03:17:47.708Z"
163953528,"TNI","1704770253","s","500","2700","18600","2024-01-09T03:17:47.708Z","2024-01-09T03:17:47.708Z"
163953527,"TNI","1704770253","s","200","2700","18600","2024-01-09T03:17:47.708Z","2024-01-09T03:17:47.708Z"
163953526,"TNI","1704770253","s","1000","2700","18600","2024-01-09T03:17:47.708Z","2024-01-09T03:17:47.708Z"
163953525,"TNI","1704770253","s","300","2700","18600","2024-01-09T03:17:47.708Z","2024-01-09T03:17:47.708Z"
163934544,"TNI","1704769525","b","100","2710","18600","2024-01-09T03:05:39.706Z","2024-01-09T03:05:39.706Z"
163929731,"TNI","1704769355","s","200","2700","18500","2024-01-09T03:02:49.707Z","2024-01-09T03:02:49.707Z"
163929730,"TNI","1704769355","s","100","2700","18500","2024-01-09T03:02:49.707Z","2024-01-09T03:02:49.707Z"
163919560,"TNI","1704768988","b","600","2710","18200","2024-01-09T02:56:42.696Z","2024-01-09T02:56:42.696Z"
163919559,"TNI","1704768988","b","600","2710","18200","2024-01-09T02:56:42.696Z","2024-01-09T02:56:42.696Z"
163919558,"TNI","1704768988","b","1800","2710","18200","2024-01-09T02:56:42.696Z","2024-01-09T02:56:42.696Z"
163893663,"TNI","1704768152","b","500","2710","15200","2024-01-09T02:42:46.699Z","2024-01-09T02:42:46.699Z"
163884846,"TNI","1704767996","b","100","2710","14700","2024-01-09T02:40:09.702Z","2024-01-09T02:40:09.702Z"
163877841,"TNI","1704767866","s","400","2670","14600","2024-01-09T02:38:00.738Z","2024-01-09T02:38:00.738Z"
163877840,"TNI","1704767866","s","2000","2680","14600","2024-01-09T02:38:00.738Z","2024-01-09T02:38:00.738Z"
163877839,"TNI","1704767866","s","600","2680","14600","2024-01-09T02:38:00.738Z","2024-01-09T02:38:00.738Z"
163877838,"TNI","1704767866","s","600","2680","14600","2024-01-09T02:38:00.738Z","2024-01-09T02:38:00.738Z"
163877837,"TNI","1704767866","s","500","2690","14600","2024-01-09T02:38:00.738Z","2024-01-09T02:38:00.738Z"
163877836,"TNI","1704767866","s","100","2690","14600","2024-01-09T02:38:00.738Z","2024-01-09T02:38:00.738Z"
163877835,"TNI","1704767866","s","1000","2700","14600","2024-01-09T02:38:00.738Z","2024-01-09T02:38:00.738Z"
163877834,"TNI","1704767866","s","100","2700","14600","2024-01-09T02:38:00.738Z","2024-01-09T02:38:00.738Z"
163877833,"TNI","1704767866","s","300","2700","14600","2024-01-09T02:38:00.738Z","2024-01-09T02:38:00.738Z"
163877832,"TNI","1704767866","s","5000","2700","14600","2024-01-09T02:38:00.738Z","2024-01-09T02:38:00.738Z"
163877831,"TNI","1704767866","s","1000","2700","14600","2024-01-09T02:38:00.738Z","2024-01-09T02:38:00.738Z"
163877830,"TNI","1704767866","s","300","2700","14600","2024-01-09T02:38:00.738Z","2024-01-09T02:38:00.738Z"
163877829,"TNI","1704767866","s","100","2700","14600","2024-01-09T02:38:00.738Z","2024-01-09T02:38:00.738Z"
163873636,"TNI","1704767776","b","200","2710","2600","2024-01-09T02:36:30.698Z","2024-01-09T02:36:30.698Z"
163858257,"TNI","1704767354","s","700","2710","2400","2024-01-09T02:29:28.680Z","2024-01-09T02:29:28.680Z"
163858248,"TNI","1704767354","s","700","2710","1000","2024-01-09T02:29:27.686Z","2024-01-09T02:29:27.686Z"
163846417,"TNI","1704767008","s","300","2710","1000","2024-01-09T02:23:42.674Z","2024-01-09T02:23:42.674Z"
163846416,"TNI","1704767008","s","100","2710","1000","2024-01-09T02:23:42.674Z","2024-01-09T02:23:42.674Z"
163846415,"TNI","1704767008","s","100","2710","1000","2024-01-09T02:23:42.674Z","2024-01-09T02:23:42.674Z"
163830052,"TNI","1704766492","unknown","500","2710","500","2024-01-09T02:15:05.682Z","2024-01-09T02:15:05.682Z"
