"id","symbol","truncTime","matchType","matchVol","matchPrice","accumulatedVolume","createdAt","updatedAt"
164258904,"TNT","1704786289","unknown","3900","4680","134600","2024-01-09T07:45:03.945Z","2024-01-09T07:45:03.945Z"
164249727,"TNT","1704785236","b","100","4680","130600","2024-01-09T07:27:30.913Z","2024-01-09T07:27:30.913Z"
164247286,"TNT","1704785184","s","100","4640","130500","2024-01-09T07:26:38.940Z","2024-01-09T07:26:38.940Z"
164245500,"TNT","1704785146","b","400","4660","130100","2024-01-09T07:26:00.934Z","2024-01-09T07:26:00.934Z"
164244404,"TNT","1704785118","s","1000","4640","130100","2024-01-09T07:25:32.920Z","2024-01-09T07:25:32.920Z"
164244403,"TNT","1704785118","s","200","4640","130100","2024-01-09T07:25:32.920Z","2024-01-09T07:25:32.920Z"
164244402,"TNT","1704785118","s","200","4640","130100","2024-01-09T07:25:32.920Z","2024-01-09T07:25:32.920Z"
164244401,"TNT","1704785118","s","100","4640","130100","2024-01-09T07:25:32.920Z","2024-01-09T07:25:32.920Z"
164244400,"TNT","1704785118","s","3000","4640","130100","2024-01-09T07:25:32.920Z","2024-01-09T07:25:32.920Z"
164244399,"TNT","1704785118","s","800","4640","130100","2024-01-09T07:25:32.920Z","2024-01-09T07:25:32.920Z"
164244398,"TNT","1704785118","s","700","4640","130100","2024-01-09T07:25:32.920Z","2024-01-09T07:25:32.920Z"
164239602,"TNT","1704785028","s","1000","4650","120200","2024-01-09T07:24:01.918Z","2024-01-09T07:24:01.918Z"
164239601,"TNT","1704785028","s","200","4650","120200","2024-01-09T07:24:01.918Z","2024-01-09T07:24:01.918Z"
164239600,"TNT","1704785028","s","100","4650","120200","2024-01-09T07:24:01.918Z","2024-01-09T07:24:01.918Z"
164239599,"TNT","1704785028","s","500","4650","120200","2024-01-09T07:24:01.918Z","2024-01-09T07:24:01.918Z"
164239598,"TNT","1704785028","s","100","4650","120200","2024-01-09T07:24:01.918Z","2024-01-09T07:24:01.918Z"
164239597,"TNT","1704785028","s","1000","4650","120200","2024-01-09T07:24:01.918Z","2024-01-09T07:24:01.918Z"
164239596,"TNT","1704785028","s","200","4650","120200","2024-01-09T07:24:01.918Z","2024-01-09T07:24:01.918Z"
164239595,"TNT","1704785028","s","800","4650","120200","2024-01-09T07:24:01.918Z","2024-01-09T07:24:01.918Z"
164236274,"TNT","1704784944","s","600","4660","119600","2024-01-09T07:22:38.929Z","2024-01-09T07:22:38.929Z"
164173554,"TNT","1704783506","s","1200","4650","109600","2024-01-09T06:58:40.917Z","2024-01-09T06:58:40.917Z"
164173553,"TNT","1704783506","s","8800","4650","109600","2024-01-09T06:58:40.917Z","2024-01-09T06:58:40.917Z"
164171736,"TNT","1704783481","s","100","4650","109600","2024-01-09T06:58:15.906Z","2024-01-09T06:58:15.906Z"
164171015,"TNT","1704783470","s","1100","4650","108400","2024-01-09T06:58:04.900Z","2024-01-09T06:58:04.900Z"
164170754,"TNT","1704783466","s","100","4650","108300","2024-01-09T06:57:59.922Z","2024-01-09T06:57:59.922Z"
164168425,"TNT","1704783434","s","300","4650","108300","2024-01-09T06:57:28.919Z","2024-01-09T06:57:28.919Z"
164168424,"TNT","1704783434","s","100","4650","108300","2024-01-09T06:57:28.919Z","2024-01-09T06:57:28.919Z"
164168423,"TNT","1704783434","s","600","4650","108300","2024-01-09T06:57:28.919Z","2024-01-09T06:57:28.919Z"
164154450,"TNT","1704783247","s","400","4650","106300","2024-01-09T06:54:20.941Z","2024-01-09T06:54:20.941Z"
164154449,"TNT","1704783247","s","600","4660","106300","2024-01-09T06:54:20.941Z","2024-01-09T06:54:20.941Z"
164125284,"TNT","1704782486","b","600","4690","106300","2024-01-09T06:41:40.874Z","2024-01-09T06:41:40.874Z"
164118942,"TNT","1704782247","b","2000","4690","103700","2024-01-09T06:37:40.866Z","2024-01-09T06:37:40.866Z"
164094813,"TNT","1704781386","s","1300","4640","101000","2024-01-09T06:23:19.867Z","2024-01-09T06:23:19.867Z"
164094812,"TNT","1704781386","s","1400","4650","101000","2024-01-09T06:23:19.867Z","2024-01-09T06:23:19.867Z"
164088691,"TNT","1704781186","s","3600","4650","96800","2024-01-09T06:20:00.860Z","2024-01-09T06:20:00.860Z"
164088690,"TNT","1704781186","s","200","4650","96800","2024-01-09T06:20:00.860Z","2024-01-09T06:20:00.860Z"
164088689,"TNT","1704781186","s","300","4680","96800","2024-01-09T06:20:00.860Z","2024-01-09T06:20:00.860Z"
164088688,"TNT","1704781186","s","100","4690","96800","2024-01-09T06:20:00.860Z","2024-01-09T06:20:00.860Z"
164086953,"TNT","1704781128","s","900","4690","96800","2024-01-09T06:19:02.884Z","2024-01-09T06:19:02.884Z"
164075331,"TNT","1704780771","s","2500","4690","95900","2024-01-09T06:13:05.855Z","2024-01-09T06:13:05.855Z"
164075016,"TNT","1704780758","s","9000","4690","93400","2024-01-09T06:12:51.862Z","2024-01-09T06:12:51.862Z"
164067961,"TNT","1704780500","b","1400","4690","83000","2024-01-09T06:08:34.881Z","2024-01-09T06:08:34.881Z"
164063698,"TNT","1704780357","b","200","4690","82800","2024-01-09T06:06:11.878Z","2024-01-09T06:06:11.878Z"
164062053,"TNT","1704780303","b","500","4690","82300","2024-01-09T06:05:17.858Z","2024-01-09T06:05:17.858Z"
164060642,"TNT","1704780256","b","500","4690","82300","2024-01-09T06:04:30.844Z","2024-01-09T06:04:30.844Z"
164046714,"TNT","1704774526","b","300","4710","81500","2024-01-09T04:29:00.795Z","2024-01-09T04:29:00.795Z"
164039096,"TNT","1704774141","b","100","4720","81500","2024-01-09T04:22:36.785Z","2024-01-09T04:22:36.785Z"
164037922,"TNT","1704774085","b","400","4650","81400","2024-01-09T04:21:39.777Z","2024-01-09T04:21:39.777Z"
164037813,"TNT","1704774079","s","800","4650","78900","2024-01-09T04:21:33.789Z","2024-01-09T04:21:33.789Z"
164037812,"TNT","1704774079","s","1000","4650","78900","2024-01-09T04:21:33.789Z","2024-01-09T04:21:33.789Z"
164037811,"TNT","1704774079","s","100","4650","78900","2024-01-09T04:21:33.789Z","2024-01-09T04:21:33.789Z"
164037810,"TNT","1704774079","s","100","4650","78900","2024-01-09T04:21:33.789Z","2024-01-09T04:21:33.789Z"
164037809,"TNT","1704774079","s","100","4650","78900","2024-01-09T04:21:33.789Z","2024-01-09T04:21:33.789Z"
164037720,"TNT","1704774073","b","100","4710","78800","2024-01-09T04:21:27.789Z","2024-01-09T04:21:27.789Z"
164023794,"TNT","1704773397","s","7000","4650","71800","2024-01-09T04:10:11.774Z","2024-01-09T04:10:11.774Z"
164021662,"TNT","1704773336","s","2400","4650","71800","2024-01-09T04:09:10.774Z","2024-01-09T04:09:10.774Z"
164021661,"TNT","1704773336","s","500","4650","71800","2024-01-09T04:09:10.774Z","2024-01-09T04:09:10.774Z"
164021660,"TNT","1704773336","s","1000","4650","71800","2024-01-09T04:09:10.774Z","2024-01-09T04:09:10.774Z"
164021659,"TNT","1704773336","s","500","4650","71800","2024-01-09T04:09:10.774Z","2024-01-09T04:09:10.774Z"
164021658,"TNT","1704773336","s","500","4650","71800","2024-01-09T04:09:10.774Z","2024-01-09T04:09:10.774Z"
164021657,"TNT","1704773336","s","1000","4650","71800","2024-01-09T04:09:10.774Z","2024-01-09T04:09:10.774Z"
164021656,"TNT","1704773336","s","100","4650","71800","2024-01-09T04:09:10.774Z","2024-01-09T04:09:10.774Z"
164021655,"TNT","1704773336","s","500","4650","71800","2024-01-09T04:09:10.774Z","2024-01-09T04:09:10.774Z"
164021654,"TNT","1704773336","s","2000","4650","71800","2024-01-09T04:09:10.774Z","2024-01-09T04:09:10.774Z"
164021653,"TNT","1704773336","s","3000","4650","71800","2024-01-09T04:09:10.774Z","2024-01-09T04:09:10.774Z"
164021652,"TNT","1704773336","s","2500","4650","71800","2024-01-09T04:09:10.774Z","2024-01-09T04:09:10.774Z"
164021651,"TNT","1704773336","s","600","4660","71800","2024-01-09T04:09:10.774Z","2024-01-09T04:09:10.774Z"
164021650,"TNT","1704773336","s","200","4660","71800","2024-01-09T04:09:10.774Z","2024-01-09T04:09:10.774Z"
164021649,"TNT","1704773336","s","5000","4660","71800","2024-01-09T04:09:10.774Z","2024-01-09T04:09:10.774Z"
164021648,"TNT","1704773336","s","100","4660","71800","2024-01-09T04:09:10.774Z","2024-01-09T04:09:10.774Z"
164021647,"TNT","1704773336","s","1000","4660","71800","2024-01-09T04:09:10.774Z","2024-01-09T04:09:10.774Z"
164021646,"TNT","1704773336","s","200","4660","71800","2024-01-09T04:09:10.774Z","2024-01-09T04:09:10.774Z"
164021645,"TNT","1704773336","s","1000","4660","71800","2024-01-09T04:09:10.774Z","2024-01-09T04:09:10.774Z"
164021644,"TNT","1704773336","s","200","4670","71800","2024-01-09T04:09:10.774Z","2024-01-09T04:09:10.774Z"
164021643,"TNT","1704773336","s","100","4670","71800","2024-01-09T04:09:10.774Z","2024-01-09T04:09:10.774Z"
164021642,"TNT","1704773336","s","600","4670","71800","2024-01-09T04:09:10.774Z","2024-01-09T04:09:10.774Z"
164007188,"TNT","1704772954","s","400","4670","42200","2024-01-09T04:02:48.771Z","2024-01-09T04:02:48.771Z"
164007187,"TNT","1704772954","s","1000","4670","42200","2024-01-09T04:02:48.771Z","2024-01-09T04:02:48.771Z"
164007186,"TNT","1704772954","s","500","4670","42200","2024-01-09T04:02:48.771Z","2024-01-09T04:02:48.771Z"
164007185,"TNT","1704772954","s","500","4680","42200","2024-01-09T04:02:48.771Z","2024-01-09T04:02:48.771Z"
164007184,"TNT","1704772954","s","2100","4680","42200","2024-01-09T04:02:48.771Z","2024-01-09T04:02:48.771Z"
164007183,"TNT","1704772954","s","1000","4680","42200","2024-01-09T04:02:48.771Z","2024-01-09T04:02:48.771Z"
164007182,"TNT","1704772954","s","100","4680","42200","2024-01-09T04:02:48.771Z","2024-01-09T04:02:48.771Z"
164007181,"TNT","1704772954","s","1000","4690","42200","2024-01-09T04:02:48.771Z","2024-01-09T04:02:48.771Z"
163995057,"TNT","1704772273","s","800","4700","42200","2024-01-09T03:51:27.768Z","2024-01-09T03:51:27.768Z"
163984467,"TNT","1704771705","b","200","4700","41200","2024-01-09T03:41:58.750Z","2024-01-09T03:41:58.750Z"
163979145,"TNT","1704771434","b","5000","4700","33000","2024-01-09T03:37:28.752Z","2024-01-09T03:37:28.752Z"
163979144,"TNT","1704771434","b","3200","4700","33000","2024-01-09T03:37:28.752Z","2024-01-09T03:37:28.752Z"
163966028,"TNT","1704770803","b","1000","4700","32000","2024-01-09T03:26:57.724Z","2024-01-09T03:26:57.724Z"
163957304,"TNT","1704770405","b","100","4700","31900","2024-01-09T03:20:19.718Z","2024-01-09T03:20:19.718Z"
163946624,"TNT","1704769997","s","3000","4660","31900","2024-01-09T03:13:31.712Z","2024-01-09T03:13:31.712Z"
163943438,"TNT","1704769881","s","1000","4660","18900","2024-01-09T03:11:34.729Z","2024-01-09T03:11:34.729Z"
163943437,"TNT","1704769881","s","500","4660","18900","2024-01-09T03:11:34.729Z","2024-01-09T03:11:34.729Z"
163943436,"TNT","1704769881","s","100","4660","18900","2024-01-09T03:11:34.729Z","2024-01-09T03:11:34.729Z"
163943435,"TNT","1704769881","s","200","4660","18900","2024-01-09T03:11:34.729Z","2024-01-09T03:11:34.729Z"
163943434,"TNT","1704769881","s","300","4660","18900","2024-01-09T03:11:34.729Z","2024-01-09T03:11:34.729Z"
163943433,"TNT","1704769881","s","100","4660","18900","2024-01-09T03:11:34.729Z","2024-01-09T03:11:34.729Z"
163943432,"TNT","1704769881","s","200","4660","18900","2024-01-09T03:11:34.729Z","2024-01-09T03:11:34.729Z"
163943431,"TNT","1704769881","s","400","4660","18900","2024-01-09T03:11:34.729Z","2024-01-09T03:11:34.729Z"
163943430,"TNT","1704769881","s","4600","4660","18900","2024-01-09T03:11:34.729Z","2024-01-09T03:11:34.729Z"
