"id","symbol","truncTime","matchType","matchVol","matchPrice","accumulatedVolume","createdAt","updatedAt"
164259044,"VPG","1704786290","unknown","123900","18500","2329100","2024-01-09T07:45:05.008Z","2024-01-09T07:45:05.008Z"
164257316,"VPG","1704785372","b","2000","18450","2205200","2024-01-09T07:29:46.935Z","2024-01-09T07:29:46.935Z"
164255484,"VPG","1704785342","b","10000","18450","2193200","2024-01-09T07:29:15.939Z","2024-01-09T07:29:15.939Z"
164255045,"VPG","1704785334","b","2500","18450","2183200","2024-01-09T07:29:08.926Z","2024-01-09T07:29:08.926Z"
164255044,"VPG","1704785334","b","2000","18400","2183200","2024-01-09T07:29:08.926Z","2024-01-09T07:29:08.926Z"
164255043,"VPG","1704785334","b","2000","18400","2183200","2024-01-09T07:29:08.926Z","2024-01-09T07:29:08.926Z"
164255042,"VPG","1704785334","b","2000","18400","2183200","2024-01-09T07:29:08.926Z","2024-01-09T07:29:08.926Z"
164255041,"VPG","1704785334","b","1500","18400","2183200","2024-01-09T07:29:08.926Z","2024-01-09T07:29:08.926Z"
164254841,"VPG","1704785329","b","10000","18400","2183200","2024-01-09T07:29:03.930Z","2024-01-09T07:29:03.930Z"
164254532,"VPG","1704785323","b","3500","18400","2163200","2024-01-09T07:28:57.924Z","2024-01-09T07:28:57.924Z"
164254531,"VPG","1704785323","b","2000","18400","2163200","2024-01-09T07:28:57.924Z","2024-01-09T07:28:57.924Z"
164254530,"VPG","1704785323","b","4500","18400","2163200","2024-01-09T07:28:57.924Z","2024-01-09T07:28:57.924Z"
164253313,"VPG","1704785300","b","300","18400","2163200","2024-01-09T07:28:33.932Z","2024-01-09T07:28:33.932Z"
164251324,"VPG","1704785269","b","1500","18400","2161400","2024-01-09T07:28:03.960Z","2024-01-09T07:28:03.960Z"
164251133,"VPG","1704785263","b","500","18400","2160900","2024-01-09T07:27:57.917Z","2024-01-09T07:27:57.917Z"
164250789,"VPG","1704785256","b","1000","18350","2159900","2024-01-09T07:27:51.923Z","2024-01-09T07:27:51.923Z"
164250718,"VPG","1704785255","s","100","18350","2158400","2024-01-09T07:27:49.920Z","2024-01-09T07:27:49.920Z"
164250717,"VPG","1704785255","s","1400","18350","2158400","2024-01-09T07:27:49.920Z","2024-01-09T07:27:49.920Z"
164250176,"VPG","1704785243","b","1000","18350","2158400","2024-01-09T07:27:36.938Z","2024-01-09T07:27:36.938Z"
164250175,"VPG","1704785243","b","2000","18350","2158400","2024-01-09T07:27:36.938Z","2024-01-09T07:27:36.938Z"
164250174,"VPG","1704785243","b","600","18350","2158400","2024-01-09T07:27:36.938Z","2024-01-09T07:27:36.938Z"
164248786,"VPG","1704785222","b","5000","18350","2149800","2024-01-09T07:27:16.918Z","2024-01-09T07:27:16.918Z"
164248020,"VPG","1704785206","b","200","18350","2149600","2024-01-09T07:27:00.929Z","2024-01-09T07:27:00.929Z"
164247931,"VPG","1704785203","s","1000","18350","2149600","2024-01-09T07:26:58.944Z","2024-01-09T07:26:58.944Z"
164247821,"VPG","1704785200","b","500","18400","2148600","2024-01-09T07:26:54.914Z","2024-01-09T07:26:54.914Z"
164247657,"VPG","1704785194","b","300","18400","2147800","2024-01-09T07:26:48.949Z","2024-01-09T07:26:48.949Z"
164247570,"VPG","1704785191","s","100","18350","2147700","2024-01-09T07:26:44.918Z","2024-01-09T07:26:44.918Z"
164247431,"VPG","1704785188","b","700","18400","2147000","2024-01-09T07:26:41.922Z","2024-01-09T07:26:41.922Z"
164247082,"VPG","1704785180","b","300","18400","2146700","2024-01-09T07:26:34.941Z","2024-01-09T07:26:34.941Z"
164246944,"VPG","1704785179","s","100","18350","2146700","2024-01-09T07:26:32.931Z","2024-01-09T07:26:32.931Z"
164246742,"VPG","1704785173","s","3800","18350","2136600","2024-01-09T07:26:27.939Z","2024-01-09T07:26:27.939Z"
164246741,"VPG","1704785173","s","5000","18350","2136600","2024-01-09T07:26:27.939Z","2024-01-09T07:26:27.939Z"
164246740,"VPG","1704785173","s","200","18350","2136600","2024-01-09T07:26:27.939Z","2024-01-09T07:26:27.939Z"
164246739,"VPG","1704785173","s","200","18350","2136600","2024-01-09T07:26:27.939Z","2024-01-09T07:26:27.939Z"
164246738,"VPG","1704785173","s","800","18350","2136600","2024-01-09T07:26:27.939Z","2024-01-09T07:26:27.939Z"
164246676,"VPG","1704785173","b","200","18400","2136600","2024-01-09T07:26:26.938Z","2024-01-09T07:26:26.938Z"
164246380,"VPG","1704785166","b","300","18400","2136100","2024-01-09T07:26:20.942Z","2024-01-09T07:26:20.942Z"
164245330,"VPG","1704785142","b","500","18400","2136100","2024-01-09T07:25:56.935Z","2024-01-09T07:25:56.935Z"
164245087,"VPG","1704785135","b","1300","18400","2134300","2024-01-09T07:25:49.973Z","2024-01-09T07:25:49.973Z"
164244822,"VPG","1704785128","b","700","18400","2133600","2024-01-09T07:25:42.922Z","2024-01-09T07:25:42.922Z"
164244609,"VPG","1704785123","b","500","18400","2133600","2024-01-09T07:25:37.919Z","2024-01-09T07:25:37.919Z"
164244481,"VPG","1704785120","b","2000","18400","2131100","2024-01-09T07:25:34.916Z","2024-01-09T07:25:34.916Z"
164244369,"VPG","1704785117","b","2100","18400","2131100","2024-01-09T07:25:31.918Z","2024-01-09T07:25:31.918Z"
164244064,"VPG","1704785112","b","400","18400","2128600","2024-01-09T07:25:26.921Z","2024-01-09T07:25:26.921Z"
164243531,"VPG","1704785104","b","1800","18400","2126800","2024-01-09T07:25:18.918Z","2024-01-09T07:25:18.918Z"
164243187,"VPG","1704785097","b","700","18400","2126800","2024-01-09T07:25:11.956Z","2024-01-09T07:25:11.956Z"
164242775,"VPG","1704785091","b","300","18400","2126100","2024-01-09T07:25:05.924Z","2024-01-09T07:25:05.924Z"
164242701,"VPG","1704785089","b","600","18400","2120800","2024-01-09T07:25:03.961Z","2024-01-09T07:25:03.961Z"
164242700,"VPG","1704785089","b","4400","18400","2120800","2024-01-09T07:25:03.961Z","2024-01-09T07:25:03.961Z"
164242417,"VPG","1704785086","b","600","18400","2119600","2024-01-09T07:25:00.927Z","2024-01-09T07:25:00.927Z"
164242416,"VPG","1704785086","b","600","18400","2119600","2024-01-09T07:25:00.927Z","2024-01-09T07:25:00.927Z"
164242105,"VPG","1704785081","b","500","18400","2119100","2024-01-09T07:24:55.939Z","2024-01-09T07:24:55.939Z"
164241844,"VPG","1704785075","b","400","18400","2118700","2024-01-09T07:24:49.924Z","2024-01-09T07:24:49.924Z"
164241772,"VPG","1704785074","s","100","18350","2118600","2024-01-09T07:24:48.943Z","2024-01-09T07:24:48.943Z"
164240969,"VPG","1704785058","b","500","18400","2117500","2024-01-09T07:24:32.963Z","2024-01-09T07:24:32.963Z"
164240968,"VPG","1704785058","b","300","18400","2117500","2024-01-09T07:24:32.963Z","2024-01-09T07:24:32.963Z"
164240967,"VPG","1704785058","b","300","18400","2117500","2024-01-09T07:24:32.963Z","2024-01-09T07:24:32.963Z"
164240619,"VPG","1704785053","b","500","18400","2117000","2024-01-09T07:24:27.942Z","2024-01-09T07:24:27.942Z"
164240115,"VPG","1704785042","b","700","18400","2117000","2024-01-09T07:24:16.922Z","2024-01-09T07:24:16.922Z"
164239769,"VPG","1704785034","b","500","18400","2115100","2024-01-09T07:24:07.927Z","2024-01-09T07:24:07.927Z"
164239768,"VPG","1704785034","b","700","18400","2115100","2024-01-09T07:24:07.927Z","2024-01-09T07:24:07.927Z"
164239554,"VPG","1704785026","b","300","18400","2115100","2024-01-09T07:24:00.912Z","2024-01-09T07:24:00.912Z"
164239295,"VPG","1704785021","b","400","18400","2114400","2024-01-09T07:23:55.918Z","2024-01-09T07:23:55.918Z"
164239002,"VPG","1704785014","b","800","18400","2113600","2024-01-09T07:23:48.917Z","2024-01-09T07:23:48.917Z"
164238891,"VPG","1704785012","s","20000","18350","2113600","2024-01-09T07:23:46.920Z","2024-01-09T07:23:46.920Z"
164238720,"VPG","1704785007","b","700","18400","2092900","2024-01-09T07:23:42.914Z","2024-01-09T07:23:42.914Z"
164238526,"VPG","1704785002","b","1100","18400","2092900","2024-01-09T07:23:37.913Z","2024-01-09T07:23:37.913Z"
164238306,"VPG","1704784997","b","500","18400","2091300","2024-01-09T07:23:30.939Z","2024-01-09T07:23:30.939Z"
164238087,"VPG","1704784991","b","500","18400","2090300","2024-01-09T07:23:25.909Z","2024-01-09T07:23:25.909Z"
164238086,"VPG","1704784991","b","500","18400","2090300","2024-01-09T07:23:25.909Z","2024-01-09T07:23:25.909Z"
164237867,"VPG","1704784986","b","500","18400","2089800","2024-01-09T07:23:19.933Z","2024-01-09T07:23:19.933Z"
164237659,"VPG","1704784981","b","600","18400","2089200","2024-01-09T07:23:15.938Z","2024-01-09T07:23:15.938Z"
164237462,"VPG","1704784975","s","100","18350","2089200","2024-01-09T07:23:09.914Z","2024-01-09T07:23:09.914Z"
164237416,"VPG","1704784974","b","600","18400","2088500","2024-01-09T07:23:08.916Z","2024-01-09T07:23:08.916Z"
164237217,"VPG","1704784969","b","800","18400","2088500","2024-01-09T07:23:03.922Z","2024-01-09T07:23:03.922Z"
164237213,"VPG","1704784969","b","200","18400","2087500","2024-01-09T07:23:03.922Z","2024-01-09T07:23:03.922Z"
164237035,"VPG","1704784963","b","600","18400","2086900","2024-01-09T07:22:57.929Z","2024-01-09T07:22:57.929Z"
164236851,"VPG","1704784958","b","400","18400","2086900","2024-01-09T07:22:52.919Z","2024-01-09T07:22:52.919Z"
164236850,"VPG","1704784958","b","100","18400","2086900","2024-01-09T07:22:52.919Z","2024-01-09T07:22:52.919Z"
164233160,"VPG","1704784864","s","3000","18350","2083400","2024-01-09T07:21:17.914Z","2024-01-09T07:21:17.914Z"
164231356,"VPG","1704784813","b","900","18400","2079400","2024-01-09T07:20:27.907Z","2024-01-09T07:20:27.907Z"
164231355,"VPG","1704784813","b","3100","18400","2079400","2024-01-09T07:20:27.907Z","2024-01-09T07:20:27.907Z"
164230786,"VPG","1704784798","b","1000","18400","2079400","2024-01-09T07:20:11.914Z","2024-01-09T07:20:11.914Z"
164229835,"VPG","1704784772","s","6000","18350","2068400","2024-01-09T07:19:46.958Z","2024-01-09T07:19:46.958Z"
164229834,"VPG","1704784772","s","4000","18350","2068400","2024-01-09T07:19:46.958Z","2024-01-09T07:19:46.958Z"
164229754,"VPG","1704784771","s","1000","18350","2068400","2024-01-09T07:19:45.910Z","2024-01-09T07:19:45.910Z"
164229535,"VPG","1704784763","b","900","18400","2062400","2024-01-09T07:19:37.911Z","2024-01-09T07:19:37.911Z"
164229534,"VPG","1704784763","b","500","18400","2062400","2024-01-09T07:19:37.911Z","2024-01-09T07:19:37.911Z"
164229533,"VPG","1704784763","b","1000","18400","2062400","2024-01-09T07:19:37.911Z","2024-01-09T07:19:37.911Z"
164229532,"VPG","1704784763","b","2600","18400","2062400","2024-01-09T07:19:37.911Z","2024-01-09T07:19:37.911Z"
164224222,"VPG","1704784606","s","400","18400","2062000","2024-01-09T07:16:59.923Z","2024-01-09T07:16:59.923Z"
164223841,"VPG","1704784595","s","200","18400","2062000","2024-01-09T07:16:48.926Z","2024-01-09T07:16:48.926Z"
164223840,"VPG","1704784595","s","100","18400","2062000","2024-01-09T07:16:48.926Z","2024-01-09T07:16:48.926Z"
164223488,"VPG","1704784583","b","100","18450","2061600","2024-01-09T07:16:37.907Z","2024-01-09T07:16:37.907Z"
164223415,"VPG","1704784581","s","900","18400","2060600","2024-01-09T07:16:35.913Z","2024-01-09T07:16:35.913Z"
164223414,"VPG","1704784581","s","100","18400","2060600","2024-01-09T07:16:35.913Z","2024-01-09T07:16:35.913Z"
164221978,"VPG","1704784541","s","100","18400","2060500","2024-01-09T07:15:55.915Z","2024-01-09T07:15:55.915Z"
164220526,"VPG","1704784506","s","800","18400","2057500","2024-01-09T07:15:19.949Z","2024-01-09T07:15:19.949Z"
164220525,"VPG","1704784506","s","1200","18400","2057500","2024-01-09T07:15:19.949Z","2024-01-09T07:15:19.949Z"
164220524,"VPG","1704784506","s","1000","18400","2057500","2024-01-09T07:15:19.949Z","2024-01-09T07:15:19.949Z"
