"symbol","time","price","change","vol","total","side"
"DGW","14:45:01",56.7,1.1,127900,2475800,
"DGW","14:29:55",56.5,0.9,900,2347900,"B"
"DGW","14:29:53",56.6,1,500,2347000,"S"
"DGW","14:29:47",56.6,1,100,2346500,"S"
"DGW","14:29:44",56.6,1,100,2346400,"S"
"DGW","14:29:43",56.6,1,200,2346300,"S"
"DGW","14:29:40",56.6,1,200,2346100,"S"
"DGW","14:29:29",56.6,1,200,2345900,"S"
"DGW","14:29:26",56.6,1,300,2345700,"S"
"DGW","14:29:09",56.5,0.9,1000,2345400,"B"
"DGW","14:29:00",56.6,1,300,2344400,"B"
"DGW","14:28:57",56.6,1,100,2344100,"B"
"DGW","14:28:55",56.6,1,100,2344000,"S"
"DGW","14:28:51",56.6,1,1000,2343900,"B"
"DGW","14:28:50",56.6,1,4000,2342900,"B"
"DGW","14:28:50",56.6,1,1000,2338900,"B"
"DGW","14:28:49",56.6,1,1000,2337900,"B"
"DGW","14:28:49",56.6,1,1500,2336900,"B"
"DGW","14:28:48",56.6,1,200,2335400,"B"
"DGW","14:28:44",56.6,1,100,2335200,"B"
"DGW","14:28:42",56.6,1,200,2335100,"B"
"DGW","14:28:41",56.6,1,1000,2334900,"B"
"DGW","14:28:40",56.6,1,3700,2333900,"B"
"DGW","14:28:38",56.6,1,2000,2330200,"B"
"DGW","14:28:25",56.6,1,500,2328200,"B"
"DGW","14:28:20",56.7,1.1,1000,2327700,"S"
"DGW","14:28:13",56.7,1.1,400,2326700,"S"
"DGW","14:28:10",56.7,1.1,200,2326300,"S"
"DGW","14:28:01",56.6,1,3000,2326100,"B"
"DGW","14:28:00",56.7,1.1,2600,2323100,"B"
"DGW","14:27:57",56.8,1.2,200,2320500,"S"
"DGW","14:27:56",56.7,1.1,1000,2320300,"B"
"DGW","14:27:54",56.7,1.1,3000,2319300,"B"
"DGW","14:27:50",56.7,1.1,100,2316300,"B"
"DGW","14:27:46",56.7,1.1,200,2316200,"B"
"DGW","14:27:37",56.7,1.1,17500,2316000,"B"
"DGW","14:27:36",56.7,1.1,7000,2298500,"B"
"DGW","14:27:36",56.8,1.2,600,2291500,"S"
"DGW","14:27:25",56.8,1.2,1000,2290900,"S"
"DGW","14:27:20",56.8,1.2,900,2289900,"S"
"DGW","14:27:19",56.8,1.2,700,2289000,"S"
"DGW","14:27:17",56.8,1.2,1000,2288300,"S"
"DGW","14:27:12",56.7,1.1,10000,2287300,"B"
"DGW","14:27:08",56.8,1.2,10000,2277300,"S"
"DGW","14:27:05",56.8,1.2,100,2267300,"S"
"DGW","14:27:00",56.7,1.1,1000,2267200,"B"
"DGW","14:26:59",56.8,1.2,100,2266200,"S"
"DGW","14:26:52",56.7,1.1,1000,2266100,"B"
"DGW","14:26:37",56.7,1.1,100,2265100,"B"
"DGW","14:26:33",56.7,1.1,500,2265000,"B"
"DGW","14:26:31",56.7,1.1,500,2264500,"B"
"DGW","14:26:30",56.8,1.2,100,2264000,"S"
"DGW","14:26:29",56.8,1.2,600,2263900,"S"
"DGW","14:26:21",56.7,1.1,4600,2263300,"B"
"DGW","14:26:18",56.8,1.2,1000,2258700,"S"
"DGW","14:26:15",56.8,1.2,2000,2257700,"B"
"DGW","14:26:14",56.7,1.1,4900,2255700,"B"
"DGW","14:26:14",56.8,1.2,100,2250800,"B"
"DGW","14:26:09",56.8,1.2,500,2250700,"S"
"DGW","14:26:07",56.7,1.1,100,2250200,"B"
"DGW","14:26:03",56.7,1.1,1800,2250100,"B"
"DGW","14:26:03",56.8,1.2,100,2248300,"S"
"DGW","14:26:01",56.7,1.1,100,2248200,"B"
"DGW","14:26:00",56.7,1.1,100,2248100,"S"
"DGW","14:25:58",57,1.4,8500,2248000,"S"
"DGW","14:25:58",56.9,1.3,15200,2239500,"S"
"DGW","14:25:58",56.8,1.2,15800,2224300,"S"
"DGW","14:25:53",56.7,1.1,4500,2198000,"B"
"DGW","14:25:47",56.7,1.1,1000,2193500,"B"
"DGW","14:25:46",56.8,1.2,2100,2192500,"S"
"DGW","14:25:46",56.7,1.1,1000,2190400,"S"
"DGW","14:25:45",56.7,1.1,600,2189400,"S"
"DGW","14:25:45",56.7,1.1,2500,2188800,"S"
"DGW","14:25:44",56.7,1.1,400,2186300,"S"
"DGW","14:25:39",56.7,1.1,7500,2185900,"S"
"DGW","14:25:30",56.7,1.1,1500,2178400,"S"
"DGW","14:25:22",56.7,1.1,2000,2176900,"S"
"DGW","14:25:15",56.7,1.1,500,2174900,"S"
"DGW","14:25:12",56.6,1,800,2174400,"S"
"DGW","14:25:11",56.6,1,17100,2173600,"S"
"DGW","14:25:11",56.5,0.9,500,2156500,"B"
"DGW","14:25:10",56.6,1,100,2156000,"S"
"DGW","14:25:08",56.6,1,5000,2155900,"S"
"DGW","14:24:49",56.6,1,5500,2150900,"S"
"DGW","14:24:48",56.6,1,6900,2145400,"S"
"DGW","14:24:48",56.5,0.9,8600,2138500,"S"
"DGW","14:24:39",56.5,0.9,20200,2129900,"S"
"DGW","14:24:39",56.5,0.9,54800,2109700,"S"
"DGW","14:24:32",56.4,0.8,2200,2054900,"S"
"DGW","14:24:25",56.3,0.7,2700,2044600,"S"
"DGW","14:24:18",56.2,0.6,8700,2041900,"B"
"DGW","14:24:14",56.2,0.6,3200,2033200,"S"
"DGW","14:24:14",56.1,0.5,3000,2030000,"S"
"DGW","14:24:03",56.1,0.5,100,2027000,"S"
"DGW","14:24:03",56,0.4,5000,2026900,"B"
"DGW","14:23:55",56,0.4,100,2021900,"B"
"DGW","14:23:54",56,0.4,100,2021800,"B"
"DGW","14:23:51",56,0.4,4000,2021700,"B"
"DGW","14:23:43",56,0.4,3000,2017700,"B"
"DGW","14:23:19",56,0.4,4500,2014700,"S"
"DGW","14:23:17",56,0.4,100,2010200,"S"
"DGW","14:23:13",55.9,0.3,500,2010100,"B"
"DGW","14:23:08",55.9,0.3,400,2009600,"B"
"DGW","14:22:50",55.9,0.3,300,2009200,"B"
"DGW","14:22:49",55.9,0.3,700,2008900,"B"
"DGW","14:22:29",56,0.4,1600,2008200,"B"
"DGW","14:22:22",56,0.4,1000,2006600,"B"
"DGW","14:22:19",56,0.4,1000,2005600,"B"
"DGW","14:22:17",56,0.4,200,2004600,"B"
"DGW","14:22:17",56,0.4,400,2004400,"B"
"DGW","14:22:14",56,0.4,5000,2004000,"B"
"DGW","14:22:13",56,0.4,1000,1999000,"B"
"DGW","14:22:10",56,0.4,2700,1998000,"B"
"DGW","14:22:07",56,0.4,5000,1995300,"B"
"DGW","14:22:00",56,0.4,200,1990300,"B"
"DGW","14:21:59",56,0.4,1000,1990100,"B"
"DGW","14:21:51",56,0.4,500,1989100,"B"
"DGW","14:21:26",56,0.4,2000,1988600,"B"
"DGW","14:21:19",56,0.4,400,1986600,"B"
"DGW","14:21:05",56,0.4,100,1986200,"B"
"DGW","14:21:01",56.1,0.5,1900,1986100,"B"
"DGW","14:20:57",56.1,0.5,22800,1984200,"B"
"DGW","14:20:54",56.1,0.5,20000,1961400,"B"
"DGW","14:20:50",56.2,0.6,100,1941400,"S"
"DGW","14:20:42",56.1,0.5,20000,1941300,"B"
"DGW","14:20:31",56.1,0.5,1000,1921300,"B"
"DGW","14:20:08",56.1,0.5,2500,1920300,"B"
"DGW","14:19:55",56.2,0.6,200,1917800,"S"
"DGW","14:19:53",56.2,0.6,1300,1917600,"B"
"DGW","14:19:36",56.2,0.6,400,1916300,"S"
"DGW","14:19:29",56.2,0.6,700,1915900,"B"
"DGW","14:19:15",56.2,0.6,200,1915200,"B"
"DGW","14:19:05",56.2,0.6,2600,1915000,"S"
"DGW","14:18:39",56.2,0.6,100,1912400,"S"
"DGW","14:18:30",56.2,0.6,200,1912300,"S"
"DGW","14:18:20",56.2,0.6,200,1912100,"S"
"DGW","14:18:06",56.2,0.6,1800,1911900,"B"
"DGW","14:18:02",56.2,0.6,300,1910100,"B"
"DGW","14:17:53",56.2,0.6,1000,1909800,"B"
"DGW","14:17:51",56.3,0.7,14400,1908800,"S"
"DGW","14:17:18",56.3,0.7,100,1894400,"S"
"DGW","14:17:17",56.2,0.6,1100,1894300,"S"
"DGW","14:17:12",56.2,0.6,2000,1893200,"S"
"DGW","14:17:09",56.2,0.6,500,1891200,"S"
"DGW","14:16:52",56.2,0.6,1000,1890700,"S"
"DGW","14:16:41",56.2,0.6,2000,1889700,"S"
"DGW","14:15:57",56.2,0.6,300,1887700,"S"
"DGW","14:15:34",56.2,0.6,800,1887400,"B"
"DGW","14:15:30",56.2,0.6,3300,1886600,"S"
"DGW","14:15:28",56.2,0.6,2000,1883300,"S"
"DGW","14:14:45",56.2,0.6,2400,1881300,"B"
"DGW","14:14:38",56.2,0.6,2600,1878900,"S"
"DGW","14:14:32",56.2,0.6,5000,1876300,"S"
"DGW","14:14:01",56.2,0.6,1100,1871300,"S"
"DGW","14:13:45",56.2,0.6,2000,1870200,"S"
"DGW","14:13:20",56.2,0.6,100,1868200,"S"
"DGW","14:13:05",56.2,0.6,2900,1868100,"S"
"DGW","14:12:37",56.2,0.6,200,1865200,"S"
"DGW","14:12:18",56.2,0.6,200,1865000,"S"
"DGW","14:11:45",56.2,0.6,2000,1864800,"S"
"DGW","14:11:36",56.2,0.6,500,1862800,"S"
"DGW","14:11:33",56.2,0.6,200,1862300,"S"
"DGW","14:11:25",56.2,0.6,4000,1862100,"S"
"DGW","14:11:15",56.2,0.6,200,1858100,"S"
"DGW","14:10:52",56.2,0.6,100,1857900,"S"
"DGW","14:10:25",56.1,0.5,100,1857800,"B"
"DGW","14:09:25",56.2,0.6,400,1857700,"S"
"DGW","14:09:22",56.2,0.6,500,1857300,"S"
"DGW","14:09:09",56.2,0.6,400,1856800,"S"
"DGW","14:08:57",56.2,0.6,1000,1856400,"S"
"DGW","14:08:39",56.2,0.6,400,1855400,"S"
"DGW","14:08:01",56.2,0.6,1000,1855000,"S"
"DGW","14:08:01",56.1,0.5,100,1854000,"B"
"DGW","14:07:56",56.2,0.6,100,1853900,"S"
"DGW","14:07:53",56.1,0.5,2200,1853800,"B"
"DGW","14:07:38",56.2,0.6,800,1851600,"B"
"DGW","14:07:37",56.2,0.6,11000,1850800,"B"
"DGW","14:07:36",56.2,0.6,200,1839800,"B"
"DGW","14:07:32",56.2,0.6,6000,1839600,"B"
"DGW","14:07:13",56.2,0.6,200,1833600,"B"
"DGW","14:07:06",56.2,0.6,900,1833400,"B"
"DGW","14:07:05",56.2,0.6,500,1832500,"B"
"DGW","14:07:04",56.2,0.6,100,1832000,"B"
"DGW","14:06:59",56.2,0.6,2000,1831900,"B"
"DGW","14:06:48",56.2,0.6,100,1829900,"B"
"DGW","14:06:47",56.2,0.6,500,1829800,"B"
"DGW","14:06:47",56.2,0.6,200,1829300,"B"
"DGW","14:06:45",56.2,0.6,400,1829100,"B"
"DGW","14:06:41",56.2,0.6,100,1828700,"B"
"DGW","14:06:39",56.2,0.6,300,1828600,"B"
"DGW","14:06:01",56.3,0.7,400,1828300,"B"
"DGW","14:05:53",56.3,0.7,20000,1827900,"B"
"DGW","14:05:38",56.4,0.8,1000,1807900,"S"
"DGW","14:05:25",56.4,0.8,200,1806900,"S"
"DGW","14:05:25",56.4,0.8,100,1806700,"S"
"DGW","14:05:09",56.4,0.8,1000,1806600,"B"
"DGW","14:05:08",56.4,0.8,100,1805600,"B"
"DGW","14:05:07",56.4,0.8,1000,1805500,"B"
"DGW","14:04:54",56.4,0.8,500,1804500,"B"
"DGW","14:04:53",56.4,0.8,300,1804000,"B"
"DGW","14:04:46",56.5,0.9,1000,1803700,"S"
"DGW","14:04:26",56.5,0.9,3000,1802700,"S"
"DGW","14:04:25",56.4,0.8,100,1799700,"B"
"DGW","14:03:55",56.5,0.9,1000,1799600,"B"
"DGW","14:03:50",56.6,1,2000,1798600,"S"
"DGW","14:03:48",56.4,0.8,20000,1796600,"B"
"DGW","14:03:47",56.5,0.9,300,1776600,"S"
"DGW","14:03:31",56.6,1,500,1776300,"S"
"DGW","14:03:23",56.6,1,100,1775800,"S"
"DGW","14:03:10",56.6,1,400,1775700,"S"
"DGW","14:03:10",56.5,0.9,1600,1775300,"S"
"DGW","14:03:09",56.5,0.9,1100,1773700,"B"
"DGW","14:03:08",56.5,0.9,200,1772600,"B"
"DGW","14:03:07",56.5,0.9,300,1772400,"B"
"DGW","14:03:07",56.6,1,100,1772100,"S"
"DGW","14:03:06",56.5,0.9,2500,1772000,"B"
"DGW","14:02:58",56.5,0.9,100,1769500,"B"
"DGW","14:02:56",56.5,0.9,100,1769400,"B"
"DGW","14:02:54",56.5,0.9,500,1769300,"B"
"DGW","14:02:54",56.5,0.9,100,1768800,"B"
"DGW","14:02:48",56.5,0.9,200,1768700,"B"
"DGW","14:02:46",56.5,0.9,2000,1768500,"B"
"DGW","14:02:46",56.6,1,100,1766500,"S"
"DGW","14:02:42",56.5,0.9,1000,1766400,"B"
"DGW","14:02:37",56.5,0.9,100,1765400,"B"
"DGW","14:02:36",56.5,0.9,3000,1765300,"B"
"DGW","14:02:35",56.5,0.9,400,1762300,"S"
"DGW","14:02:34",56.5,0.9,5000,1761900,"S"
"DGW","14:02:32",56.5,0.9,1600,1756900,"S"
"DGW","14:02:31",56.5,0.9,1100,1755300,"S"
"DGW","14:02:29",56.5,0.9,1900,1754200,"B"
"DGW","14:02:24",56.5,0.9,100,1752300,"S"
"DGW","14:02:24",56.5,0.9,300,1752200,"S"
"DGW","14:02:21",56.5,0.9,1000,1751900,"S"
"DGW","14:02:18",56.5,0.9,100,1750900,"S"
"DGW","14:02:17",56.5,0.9,4000,1750800,"S"
"DGW","14:02:16",56.5,0.9,5000,1746800,"S"
"DGW","14:02:15",56.5,0.9,3000,1741800,"S"
"DGW","14:02:15",56.5,0.9,3400,1738800,"S"
"DGW","14:02:14",56.5,0.9,1000,1735400,"S"
"DGW","14:02:12",56.5,0.9,100,1734400,"S"
"DGW","14:02:11",56.5,0.9,26400,1734300,"S"
"DGW","14:02:08",56.4,0.8,100,1707900,"B"
"DGW","14:02:08",56.5,0.9,4500,1707800,"S"
"DGW","14:02:05",56.5,0.9,100,1703300,"S"
"DGW","14:02:01",56.4,0.8,200,1703200,"B"
"DGW","14:01:57",56.5,0.9,100,1703000,"S"
"DGW","14:01:47",56.4,0.8,5800,1702900,"S"
"DGW","14:01:36",56.4,0.8,300,1697100,"S"
"DGW","14:00:59",56.5,0.9,100,1696800,"S"
"DGW","14:00:54",56.5,0.9,100,1696700,"S"
"DGW","14:00:54",56.4,0.8,200,1696600,"S"
"DGW","14:00:41",56.5,0.9,300,1696400,"S"
"DGW","14:00:31",56.3,0.7,300,1696100,"B"
"DGW","14:00:23",56.5,0.9,1000,1695800,"S"
"DGW","14:00:23",56.4,0.8,24000,1694800,"S"
"DGW","14:00:17",56.4,0.8,600,1670800,"S"
"DGW","14:00:14",56.4,0.8,700,1670200,"S"
"DGW","14:00:09",56.4,0.8,500,1669500,"S"
"DGW","13:59:56",56.4,0.8,100,1669000,"S"
"DGW","13:59:44",56.4,0.8,13700,1668900,"S"
"DGW","13:59:43",56.4,0.8,100,1655200,"S"
"DGW","13:59:30",56.3,0.7,100,1655100,"S"
"DGW","13:59:25",56.3,0.7,500,1655000,"S"
"DGW","13:59:17",56.3,0.7,4500,1654500,"S"
"DGW","13:59:12",56.3,0.7,700,1650000,"S"
"DGW","13:58:46",56.3,0.7,2800,1649300,"B"
"DGW","13:58:42",56.3,0.7,100,1646500,"B"
"DGW","13:58:37",56.3,0.7,500,1646400,"B"
"DGW","13:58:35",56.3,0.7,3000,1645900,"B"
"DGW","13:58:09",56.3,0.7,100,1642900,"B"
"DGW","13:58:01",56.3,0.7,100,1642800,"B"
"DGW","13:57:59",56.4,0.8,3000,1642700,"S"
"DGW","13:57:56",56.4,0.8,100,1639700,"S"
"DGW","13:57:46",56.3,0.7,400,1639600,"S"
"DGW","13:57:31",56.3,0.7,1000,1639200,"B"
"DGW","13:57:07",56.3,0.7,4300,1638200,"S"
"DGW","13:57:06",56.3,0.7,700,1633900,"S"
"DGW","13:57:05",56.3,0.7,200,1633200,"S"
"DGW","13:57:02",56.3,0.7,1000,1633000,"S"
"DGW","13:56:27",56.2,0.6,100,1632000,"B"
"DGW","13:56:16",56.2,0.6,1000,1631900,"B"
"DGW","13:56:04",56.2,0.6,100,1630900,"B"
"DGW","13:55:57",56.2,0.6,100,1630800,"B"
"DGW","13:55:38",56.3,0.7,1000,1630700,"S"
"DGW","13:55:29",56.3,0.7,2900,1629700,"S"
"DGW","13:55:22",56.3,0.7,1000,1626800,"S"
"DGW","13:55:21",56.2,0.6,10000,1625800,"B"
"DGW","13:55:14",56.3,0.7,10000,1615800,"S"
"DGW","13:54:59",56.3,0.7,4100,1605800,"S"
"DGW","13:54:57",56.2,0.6,500,1601700,"B"
"DGW","13:54:51",56.3,0.7,100,1601200,"S"
"DGW","13:54:51",56.2,0.6,1000,1601100,"B"
"DGW","13:54:43",56.2,0.6,200,1600100,"B"
"DGW","13:54:27",56.2,0.6,17600,1599900,"S"
"DGW","13:54:19",56.2,0.6,2000,1582300,"S"
"DGW","13:54:15",56.2,0.6,100,1580300,"S"
"DGW","13:53:40",56.2,0.6,100,1580200,"S"
"DGW","13:53:33",56.1,0.5,100,1580100,"B"
"DGW","13:52:51",56.1,0.5,2900,1580000,"B"
"DGW","13:52:03",56.1,0.5,200,1577100,"B"
"DGW","13:51:56",56.1,0.5,4400,1576900,"S"
"DGW","13:51:21",56,0.4,200,1572500,"B"
"DGW","13:51:11",56,0.4,100,1572300,"B"
"DGW","13:50:16",56,0.4,300,1572200,"B"
"DGW","13:50:16",56.1,0.5,700,1571900,"B"
"DGW","13:50:09",56.1,0.5,300,1571200,"B"
"DGW","13:50:03",56.1,0.5,200,1570900,"S"
"DGW","13:50:01",56,0.4,1000,1570700,"B"
"DGW","13:49:49",56,0.4,600,1569700,"B"
"DGW","13:49:46",56,0.4,10000,1569100,"B"
"DGW","13:49:45",56,0.4,200,1559100,"B"
"DGW","13:49:19",56.1,0.5,200,1558900,"B"
"DGW","13:49:07",56.1,0.5,100,1558700,"B"
"DGW","13:49:05",56.1,0.5,200,1558600,"B"
"DGW","13:48:56",56.1,0.5,1000,1558400,"B"
"DGW","13:48:48",56.1,0.5,500,1557400,"B"
"DGW","13:48:40",56.1,0.5,2000,1556900,"S"
"DGW","13:48:15",56.1,0.5,200,1554900,"S"
"DGW","13:48:04",56.1,0.5,600,1554700,"S"
"DGW","13:47:57",56.1,0.5,100,1554100,"B"
"DGW","13:47:56",56.1,0.5,300,1554000,"B"
"DGW","13:47:28",56.1,0.5,100,1553700,"B"
"DGW","13:47:21",56.1,0.5,13300,1553600,"B"
"DGW","13:47:07",56.1,0.5,100,1540300,"B"
"DGW","13:46:55",56.1,0.5,200,1540200,"B"
"DGW","13:46:44",56.1,0.5,6700,1540000,"B"
"DGW","13:46:36",56.2,0.6,1000,1533300,"S"
"DGW","13:46:31",56.2,0.6,500,1532300,"S"
"DGW","13:46:05",56.2,0.6,200,1531800,"S"
"DGW","13:45:54",56.2,0.6,100,1531600,"S"
"DGW","13:45:52",56.2,0.6,5100,1531500,"B"
"DGW","13:45:37",56.2,0.6,200,1526400,"B"
"DGW","13:45:32",56.2,0.6,100,1526200,"B"
"DGW","13:45:31",56.3,0.7,500,1526100,"S"
"DGW","13:45:07",56.3,0.7,2000,1525600,"S"
"DGW","13:44:54",56.3,0.7,300,1523600,"S"
"DGW","13:44:48",56.3,0.7,100,1523300,"S"
"DGW","13:44:47",56.2,0.6,200,1523200,"B"
"DGW","13:44:31",56.3,0.7,24800,1523000,"S"
"DGW","13:44:31",56.2,0.6,1100,1498200,"S"
"DGW","13:44:29",56.2,0.6,3300,1497100,"S"
"DGW","13:44:27",56.2,0.6,300,1493800,"S"
"DGW","13:44:19",56.2,0.6,4400,1493500,"S"
"DGW","13:44:18",56.2,0.6,100,1489100,"S"
"DGW","13:44:16",56.2,0.6,300,1489000,"S"
"DGW","13:44:11",56.2,0.6,1000,1488700,"S"
"DGW","13:44:05",56.2,0.6,2100,1487700,"S"
"DGW","13:44:01",56.2,0.6,5000,1485600,"S"
"DGW","13:43:54",56.2,0.6,7900,1480600,"S"
"DGW","13:43:42",56.1,0.5,100,1472700,"B"
"DGW","13:43:33",56.2,0.6,100,1472600,"S"
"DGW","13:43:32",56.1,0.5,100,1472500,"B"
"DGW","13:43:08",56.1,0.5,100,1472400,"B"
"DGW","13:42:41",56.1,0.5,1000,1472300,"B"
"DGW","13:42:36",56.1,0.5,100,1471300,"B"
"DGW","13:42:24",56.1,0.5,100,1471200,"B"
"DGW","13:42:14",56.1,0.5,100,1471100,"S"
"DGW","13:41:48",56,0.4,2000,1471000,"B"
"DGW","13:41:47",56.1,0.5,2000,1469000,"S"
"DGW","13:41:32",56.1,0.5,100,1467000,"S"
"DGW","13:41:28",56.1,0.5,100,1466900,"S"
"DGW","13:41:22",56.1,0.5,1500,1466800,"S"
"DGW","13:41:15",56.1,0.5,300,1465300,"S"
"DGW","13:40:49",56,0.4,1000,1465000,"B"
"DGW","13:40:47",56,0.4,1000,1464000,"B"
"DGW","13:40:28",56.1,0.5,200,1463000,"S"
"DGW","13:40:06",56.1,0.5,200,1462800,"S"
"DGW","13:39:59",56.1,0.5,1000,1462600,"S"
"DGW","13:39:44",56.1,0.5,700,1461600,"S"
"DGW","13:39:44",56,0.4,6400,1460900,"S"
"DGW","13:39:40",56,0.4,600,1454500,"S"
"DGW","13:39:39",56,0.4,1000,1453900,"S"
"DGW","13:39:23",56,0.4,200,1452900,"S"
"DGW","13:39:18",56,0.4,200,1452700,"S"
"DGW","13:39:13",56,0.4,500,1452500,"B"
"DGW","13:38:50",56.1,0.5,600,1452000,"B"
"DGW","13:38:49",56.2,0.6,100,1451400,"S"
"DGW","13:38:28",56.2,0.6,1000,1451300,"S"
"DGW","13:38:26",56.2,0.6,400,1450300,"B"
"DGW","13:38:23",56.2,0.6,100,1449900,"B"
"DGW","13:38:18",56.2,0.6,1500,1449800,"B"
"DGW","13:38:16",56.3,0.7,500,1448300,"S"
"DGW","13:38:14",56.2,0.6,2000,1447800,"B"
"DGW","13:38:10",56.2,0.6,100,1445800,"B"
"DGW","13:38:07",56.3,0.7,100,1445700,"S"
"DGW","13:38:07",56.2,0.6,100,1445600,"B"
"DGW","13:38:06",56.3,0.7,600,1445500,"S"
"DGW","13:38:04",56.2,0.6,100,1444900,"B"
"DGW","13:37:43",56.3,0.7,2600,1444800,"B"
"DGW","13:37:30",56.3,0.7,100,1442200,"B"
"DGW","13:37:18",56.3,0.7,100,1442100,"B"
"DGW","13:37:15",56.3,0.7,100,1442000,"B"
"DGW","13:37:13",56.3,0.7,100,1441900,"B"
"DGW","13:37:07",56.3,0.7,900,1441800,"S"
"DGW","13:36:53",56.4,0.8,900,1440900,"S"
"DGW","13:36:53",56.3,0.7,4900,1440000,"S"
"DGW","13:36:42",56.3,0.7,200,1435100,"S"
"DGW","13:36:41",56.3,0.7,200,1434900,"B"
"DGW","13:36:34",56.3,0.7,100,1434700,"B"
"DGW","13:36:26",56.4,0.8,100,1434600,"S"
"DGW","13:36:25",56.3,0.7,1200,1434500,"B"
"DGW","13:36:21",56.4,0.8,2000,1433300,"S"
"DGW","13:36:20",56.3,0.7,1100,1431300,"B"
"DGW","13:36:12",56.4,0.8,2700,1430200,"S"
"DGW","13:36:08",56.3,0.7,100,1427500,"B"
"DGW","13:36:04",56.3,0.7,1000,1427400,"B"
"DGW","13:36:00",56.4,0.8,500,1426400,"S"
"DGW","13:35:58",56.4,0.8,200,1425900,"S"
"DGW","13:35:56",56.3,0.7,100,1425700,"B"
"DGW","13:35:55",56.4,0.8,400,1425600,"S"
"DGW","13:35:47",56.3,0.7,300,1425200,"B"
"DGW","13:35:47",56.4,0.8,400,1424900,"B"
"DGW","13:35:47",56.5,0.9,100,1424500,"S"
"DGW","13:35:47",56.4,0.8,100,1424400,"S"
"DGW","13:35:46",56.4,0.8,1100,1424300,"B"
"DGW","13:35:45",56.4,0.8,200,1423200,"B"
"DGW","13:35:43",56.4,0.8,1000,1423000,"B"
"DGW","13:35:40",56.4,0.8,7200,1421900,"S"
"DGW","13:35:36",56.4,0.8,100,1414700,"B"
"DGW","13:35:34",56.4,0.8,500,1414600,"B"
"DGW","13:35:34",56.4,0.8,100,1414100,"B"
"DGW","13:35:33",56.5,0.9,100,1414000,"S"
"DGW","13:35:32",56.4,0.8,3800,1413900,"S"
"DGW","13:35:31",56.4,0.8,1000,1410100,"S"
"DGW","13:35:23",56.4,0.8,3000,1409100,"S"
"DGW","13:35:22",56.4,0.8,100,1406100,"S"
"DGW","13:35:19",56.4,0.8,600,1406000,"S"
"DGW","13:35:18",56.4,0.8,1900,1405400,"S"
"DGW","13:35:16",56.3,0.7,200,1403500,"B"
"DGW","13:35:13",56.4,0.8,4200,1403300,"S"
"DGW","13:35:12",56.3,0.7,2000,1399100,"B"
"DGW","13:35:12",56.4,0.8,300,1397100,"S"
"DGW","13:35:11",56.4,0.8,100,1396800,"S"
"DGW","13:35:09",56.3,0.7,100,1396700,"B"
"DGW","13:35:08",56.4,0.8,100,1396600,"S"
"DGW","13:35:01",56.3,0.7,100,1396500,"S"
"DGW","13:34:58",56.4,0.8,10500,1396400,"S"
"DGW","13:34:58",56.3,0.7,8600,1385900,"S"
"DGW","13:34:56",56.3,0.7,100,1377300,"S"
"DGW","13:34:51",56.2,0.6,500,1377200,"S"
"DGW","13:34:49",56.2,0.6,900,1376700,"S"
"DGW","13:34:48",56.2,0.6,4900,1375800,"S"
"DGW","13:34:46",56.2,0.6,200,1370900,"S"
"DGW","13:34:42",56.2,0.6,100,1370700,"S"
"DGW","13:34:40",56.2,0.6,10000,1370600,"S"
"DGW","13:34:39",56.1,0.5,400,1360600,"B"
"DGW","13:34:38",56.2,0.6,500,1360200,"S"
"DGW","13:34:35",56.2,0.6,100,1359700,"S"
"DGW","13:34:32",56.1,0.5,4700,1359600,"S"
"DGW","13:34:28",56,0.4,2000,1354900,"B"
"DGW","13:34:26",56.1,0.5,1000,1352900,"S"
"DGW","13:34:25",56.1,0.5,1000,1351900,"S"
"DGW","13:34:17",56.1,0.5,600,1350900,"S"
"DGW","13:34:12",56.1,0.5,2000,1350300,"S"
"DGW","13:34:12",56,0.4,1000,1348300,"B"
"DGW","13:34:11",56.1,0.5,100,1347300,"S"
"DGW","13:34:10",56,0.4,6600,1347200,"B"
"DGW","13:34:08",56.1,0.5,500,1340600,"S"
"DGW","13:34:05",56,0.4,100,1340100,"B"
"DGW","13:34:04",56.1,0.5,100,1340000,"S"
"DGW","13:34:01",56,0.4,9400,1339900,"S"
"DGW","13:34:00",56,0.4,100,1330500,"S"
"DGW","13:33:59",56,0.4,500,1330400,"S"
"DGW","13:33:57",56,0.4,9000,1329900,"S"
"DGW","13:33:55",56,0.4,400,1320900,"S"
"DGW","13:33:54",56,0.4,2700,1320500,"S"
"DGW","13:33:50",56,0.4,5000,1317800,"S"
"DGW","13:33:43",56,0.4,100,1312800,"S"
"DGW","13:33:41",55.9,0.3,16300,1312700,"S"
"DGW","13:33:25",55.9,0.3,200,1296400,"S"
"DGW","13:33:18",55.9,0.3,1800,1296200,"S"
"DGW","13:33:13",55.9,0.3,200,1294400,"S"
"DGW","13:33:06",55.9,0.3,1000,1294200,"S"
"DGW","13:32:58",55.9,0.3,100,1293200,"S"
"DGW","13:32:54",55.8,0.2,100,1293100,"B"
"DGW","13:32:43",55.8,0.2,300,1293000,"B"
"DGW","13:32:35",55.8,0.2,200,1292700,"B"
"DGW","13:32:30",55.8,0.2,100,1292500,"B"
"DGW","13:32:17",55.8,0.2,200,1292400,"B"
"DGW","13:31:55",55.9,0.3,100,1292200,"S"
"DGW","13:31:52",55.8,0.2,4600,1292100,"S"
"DGW","13:31:52",55.8,0.2,500,1287500,"S"
"DGW","13:31:51",55.7,0.1,500,1286900,"B"
"DGW","13:31:50",55.7,0.1,300,1286400,"B"
"DGW","13:31:42",55.7,0.1,500,1286100,"B"
"DGW","13:31:42",55.8,0.2,300,1285600,"S"
"DGW","13:31:41",55.7,0.1,800,1285300,"B"
"DGW","13:31:38",55.8,0.2,2000,1284500,"S"
"DGW","13:31:37",55.7,0.1,2000,1282500,"B"
"DGW","13:31:35",55.7,0.1,500,1280500,"B"
"DGW","13:31:35",55.8,0.2,5000,1280000,"S"
"DGW","13:31:32",55.7,0.1,200,1275000,"B"
"DGW","13:31:26",55.7,0.1,300,1274800,"B"
"DGW","13:31:25",55.8,0.2,5000,1274500,"S"
"DGW","13:31:19",55.7,0.1,500,1269500,"B"
"DGW","13:31:12",55.7,0.1,200,1269000,"B"
"DGW","13:31:10",55.8,0.2,600,1268800,"S"
"DGW","13:31:08",55.7,0.1,100,1268200,"B"
"DGW","13:31:00",55.8,0.2,5000,1268100,"S"
"DGW","13:30:44",55.7,0.1,2000,1263100,"B"
"DGW","13:30:42",55.8,0.2,100,1261100,"S"
"DGW","13:30:34",55.7,0.1,100,1261000,"B"
"DGW","13:30:29",55.7,0.1,100,1260900,"B"
"DGW","13:30:27",55.8,0.2,100,1260800,"S"
"DGW","13:30:24",55.7,0.1,2200,1260700,"S"
"DGW","13:30:22",55.6,0,500,1258500,"B"
"DGW","13:30:08",55.7,0.1,20000,1258000,"S"
"DGW","13:29:41",55.7,0.1,2500,1238000,"S"
"DGW","13:29:34",55.7,0.1,2000,1235500,"S"
"DGW","13:29:29",55.6,0,100,1233500,"B"
"DGW","13:29:12",55.7,0.1,200,1233400,"S"
"DGW","13:28:55",55.6,0,900,1233200,"B"
"DGW","13:28:47",55.7,0.1,100,1232300,"S"
"DGW","13:28:36",55.6,0,200,1232200,"B"
"DGW","13:28:29",55.6,0,15800,1232000,"S"
"DGW","13:28:27",55.6,0,1000,1216200,"S"
"DGW","13:28:05",55.6,0,1000,1215200,"S"
"DGW","13:28:03",55.5,-0.1,100,1214200,"B"
"DGW","13:27:24",55.6,0,1000,1214100,"S"
"DGW","13:26:55",55.6,0,100,1213100,"S"
"DGW","13:26:43",55.6,0,100,1213000,"S"
"DGW","13:26:41",55.6,0,200,1212900,"S"
"DGW","13:26:40",55.6,0,7900,1212700,"B"
"DGW","13:26:33",55.6,0,200,1204800,"B"
"DGW","13:26:20",55.6,0,1000,1204600,"B"
"DGW","13:26:17",55.6,0,1400,1203600,"B"
"DGW","13:26:12",55.6,0,300,1202200,"B"
"DGW","13:26:11",55.6,0,900,1201900,"B"
"DGW","13:25:53",55.6,0,10000,1201000,"B"
"DGW","13:25:46",55.6,0,100,1191000,"B"
"DGW","13:25:31",55.6,0,100,1190900,"B"
"DGW","13:25:14",55.6,0,200,1190800,"B"
"DGW","13:25:03",55.6,0,100,1190600,"B"
"DGW","13:24:53",55.7,0.1,100,1190500,"S"
"DGW","13:24:31",55.6,0,4000,1190400,"B"
"DGW","13:23:48",55.6,0,400,1186400,"B"
"DGW","13:23:19",55.6,0,100,1186000,"B"
"DGW","13:23:01",55.6,0,500,1185900,"B"
"DGW","13:22:53",55.6,0,3900,1185400,"B"
"DGW","13:22:53",55.6,0,2000,1181500,"B"
"DGW","13:22:47",55.6,0,100,1179500,"B"
"DGW","13:22:12",55.6,0,100,1179400,"B"
"DGW","13:21:48",55.6,0,200,1179300,"B"
"DGW","13:21:38",55.6,0,100,1179100,"B"
"DGW","13:21:15",55.6,0,100,1179000,"B"
"DGW","13:20:42",55.6,0,200,1178900,"B"
"DGW","13:20:22",55.6,0,200,1178700,"B"
"DGW","13:20:09",55.7,0.1,400,1178500,"S"
"DGW","13:19:52",55.7,0.1,200,1178100,"S"
"DGW","13:19:09",55.7,0.1,5000,1177900,"S"
"DGW","13:18:46",55.7,0.1,1000,1172900,"S"
"DGW","13:18:21",55.6,0,1000,1171900,"B"
"DGW","13:17:40",55.7,0.1,3000,1170900,"S"
"DGW","13:17:23",55.7,0.1,4100,1167900,"B"
"DGW","13:16:50",55.7,0.1,200,1163800,"B"
"DGW","13:16:36",55.7,0.1,300,1163600,"B"
"DGW","13:16:34",55.7,0.1,11400,1163300,"S"
"DGW","13:15:53",55.7,0.1,200,1151900,"S"
"DGW","13:15:50",55.7,0.1,1000,1151700,"S"
"DGW","13:15:43",55.7,0.1,800,1150700,"S"
"DGW","13:15:13",55.7,0.1,1500,1149900,"S"
"DGW","13:15:05",55.7,0.1,500,1148400,"S"
"DGW","13:14:34",55.7,0.1,100,1147900,"S"
"DGW","13:14:16",55.7,0.1,100,1147800,"S"
"DGW","13:14:08",55.7,0.1,1100,1147700,"S"
"DGW","13:13:57",55.7,0.1,500,1146600,"S"
"DGW","13:12:52",55.7,0.1,100,1146100,"S"
"DGW","13:12:45",55.7,0.1,200,1146000,"S"
"DGW","13:11:42",55.7,0.1,4000,1145800,"S"
"DGW","13:11:36",55.7,0.1,600,1141800,"S"
"DGW","13:11:19",55.7,0.1,400,1141200,"S"
"DGW","13:11:03",55.7,0.1,900,1140800,"S"
"DGW","13:10:03",55.7,0.1,1800,1139900,"S"
"DGW","13:09:57",55.6,0,300,1138100,"B"
"DGW","13:09:23",55.7,0.1,500,1137800,"S"
"DGW","13:09:18",55.6,0,1400,1137300,"S"
"DGW","13:09:10",55.6,0,900,1135900,"S"
"DGW","13:09:00",55.6,0,1000,1135000,"S"
"DGW","13:08:58",55.6,0,500,1134000,"S"
"DGW","13:08:39",55.6,0,2000,1133500,"S"
"DGW","13:08:37",55.6,0,800,1131500,"S"
"DGW","13:08:29",55.5,-0.1,200,1130700,"B"
"DGW","13:08:13",55.6,0,200,1130500,"S"
"DGW","13:07:55",55.6,0,2600,1130300,"S"
"DGW","13:07:47",55.6,0,2000,1127700,"S"
"DGW","13:07:34",55.5,-0.1,1000,1125700,"B"
"DGW","13:07:18",55.5,-0.1,1000,1124700,"B"
"DGW","13:07:14",55.5,-0.1,8300,1123700,"B"
"DGW","13:07:12",55.5,-0.1,300,1115400,"B"
"DGW","13:07:09",55.6,0,500,1115100,"S"
"DGW","13:07:08",55.5,-0.1,200,1114600,"B"
"DGW","13:06:59",55.5,-0.1,6000,1114400,"B"
"DGW","13:06:08",55.6,0,800,1108400,"S"
"DGW","13:06:02",55.5,-0.1,100,1107600,"B"
"DGW","13:06:01",55.5,-0.1,400,1107500,"B"
"DGW","13:05:52",55.5,-0.1,1000,1107100,"B"
"DGW","13:05:47",55.5,-0.1,200,1106100,"B"
"DGW","13:05:43",55.5,-0.1,600,1105900,"B"
"DGW","13:05:39",55.5,-0.1,3000,1105300,"B"
"DGW","13:05:33",55.5,-0.1,200,1102300,"B"
"DGW","13:05:30",55.5,-0.1,400,1102100,"B"
"DGW","13:05:08",55.5,-0.1,600,1101700,"B"
"DGW","13:04:57",55.5,-0.1,7000,1101100,"B"
"DGW","13:04:18",55.5,-0.1,200,1094100,"B"
"DGW","13:04:06",55.6,0,400,1093900,"S"
"DGW","13:03:59",55.5,-0.1,1000,1093500,"B"
"DGW","13:03:36",55.6,0,100,1092500,"S"
"DGW","13:03:24",55.6,0,100,1092400,"S"
"DGW","13:02:43",55.6,0,400,1092300,"S"
"DGW","13:02:38",55.6,0,100,1091900,"S"
"DGW","13:02:31",55.6,0,300,1091800,"S"
"DGW","13:02:17",55.6,0,100,1091500,"S"
"DGW","13:02:12",55.6,0,100,1091400,"S"
"DGW","13:02:05",55.5,-0.1,200,1091300,"B"
"DGW","13:02:04",55.6,0,600,1091100,"S"
"DGW","13:00:59",55.6,0,800,1090500,"B"
"DGW","13:00:50",55.6,0,1500,1089700,"B"
"DGW","13:00:20",55.7,0.1,100,1088200,"S"
"DGW","13:00:18",55.7,0.1,100,1088100,"S"
"DGW","13:00:14",55.6,0,300,1088000,"S"
"DGW","11:29:46",55.7,0.1,1500,1087700,"S"
"DGW","11:29:14",55.6,0,1600,1086200,"S"
"DGW","11:28:53",55.6,0,1300,1084600,"S"
"DGW","11:28:35",55.6,0,1000,1083300,"B"
"DGW","11:26:37",55.7,0.1,1800,1082300,"S"
"DGW","11:26:37",55.6,0,2600,1080500,"S"
"DGW","11:26:36",55.6,0,100,1077900,"B"
"DGW","11:26:32",55.6,0,1500,1077800,"B"
"DGW","11:24:11",55.6,0,500,1076300,"B"
"DGW","11:22:14",55.7,0.1,5600,1075600,"S"
"DGW","11:22:12",55.6,0,10000,1070000,"B"
"DGW","11:21:13",55.7,0.1,800,1060000,"S"
"DGW","11:21:09",55.6,0,5000,1059200,"B"
"DGW","11:17:30",55.7,0.1,1200,1054200,"S"
"DGW","11:16:29",55.6,0,200,1053000,"B"
"DGW","11:16:20",55.6,0,600,1052800,"B"
"DGW","11:13:59",55.7,0.1,2000,1052200,"S"
"DGW","11:13:57",55.6,0,900,1050200,"B"
"DGW","11:13:27",55.6,0,200,1049300,"B"
"DGW","11:13:00",55.7,0.1,4200,1049100,"B"
"DGW","11:12:46",55.7,0.1,1000,1044900,"B"
"DGW","11:12:38",55.8,0.2,1500,1043900,"S"
"DGW","11:12:01",55.8,0.2,4400,1042400,"B"
"DGW","11:11:33",55.8,0.2,600,1038000,"S"
"DGW","11:11:31",55.7,0.1,200,1037400,"B"
"DGW","11:08:30",55.8,0.2,200,1037200,"S"
"DGW","11:06:34",55.8,0.2,7800,1037000,"S"
"DGW","11:06:30",55.8,0.2,300,1029200,"S"
"DGW","11:06:07",55.7,0.1,8700,1028900,"S"
"DGW","11:04:31",55.6,0,2100,1020200,"B"
"DGW","11:03:53",55.7,0.1,200,1018100,"S"
"DGW","11:03:19",55.7,0.1,14100,1017900,"B"
"DGW","11:03:11",55.7,0.1,100,1003800,"B"
"DGW","11:01:37",55.7,0.1,3000,1003700,"B"
"DGW","11:01:07",55.7,0.1,200,1000700,"B"
"DGW","11:00:59",55.7,0.1,100,1000500,"B"
"DGW","11:00:56",55.8,0.2,500,1000400,"S"
"DGW","11:00:37",55.7,0.1,100,999900,"B"
"DGW","10:58:54",55.8,0.2,100,999800,"S"
"DGW","10:58:48",55.7,0.1,100,999700,"B"
"DGW","10:57:11",55.8,0.2,2500,999600,"B"
"DGW","10:57:10",55.8,0.2,100,997100,"B"
"DGW","10:56:58",55.8,0.2,500,997000,"B"
"DGW","10:56:53",55.8,0.2,200,996500,"B"
"DGW","10:56:46",55.8,0.2,500,996300,"S"
"DGW","10:56:45",55.8,0.2,11200,995800,"S"
"DGW","10:56:14",55.7,0.1,2000,984600,"B"
"DGW","10:56:11",55.7,0.1,500,982600,"B"
"DGW","10:56:01",55.7,0.1,2000,982100,"B"
"DGW","10:55:22",55.8,0.2,9900,980100,"B"
"DGW","10:55:20",55.8,0.2,1000,970200,"B"
"DGW","10:54:19",55.8,0.2,100,969200,"B"
"DGW","10:54:15",55.8,0.2,100,969100,"B"
"DGW","10:53:00",55.8,0.2,100,969000,"B"
"DGW","10:52:51",55.8,0.2,3000,968900,"B"
"DGW","10:52:41",55.8,0.2,2000,965900,"B"
"DGW","10:51:44",55.8,0.2,3000,963900,"B"
"DGW","10:51:22",55.8,0.2,7000,960900,"B"
"DGW","10:51:16",55.8,0.2,200,953900,"B"
"DGW","10:51:01",55.8,0.2,100,953700,"B"
"DGW","10:50:51",55.8,0.2,500,953600,"B"
"DGW","10:50:28",55.8,0.2,3700,953100,"S"
"DGW","10:50:21",55.8,0.2,200,949400,"S"
"DGW","10:50:10",55.7,0.1,200,949200,"B"
"DGW","10:49:41",55.7,0.1,200,949000,"S"
"DGW","10:49:13",55.6,0,2000,948800,"B"
"DGW","10:49:08",55.7,0.1,100,946800,"S"
"DGW","10:48:50",55.6,0,3000,946700,"B"
"DGW","10:48:37",55.7,0.1,500,943700,"S"
"DGW","10:48:25",55.7,0.1,200,943200,"B"
"DGW","10:47:59",55.6,0,400,943000,"B"
"DGW","10:47:52",55.6,0,200,942600,"B"
"DGW","10:47:34",55.7,0.1,500,942400,"S"
"DGW","10:47:21",55.8,0.2,2000,941900,"S"
"DGW","10:47:15",55.7,0.1,1000,939900,"B"
"DGW","10:47:13",55.8,0.2,700,938900,"S"
"DGW","10:47:13",55.7,0.1,1000,938200,"B"
"DGW","10:47:03",55.7,0.1,100,937200,"B"
"DGW","10:47:02",55.8,0.2,1000,937100,"S"
"DGW","10:46:59",55.8,0.2,500,936100,"S"
"DGW","10:45:53",55.8,0.2,100,935600,"B"
"DGW","10:45:15",55.8,0.2,300,935500,"B"
"DGW","10:45:10",55.8,0.2,600,935200,"S"
"DGW","10:45:04",55.8,0.2,2200,934600,"S"
"DGW","10:44:59",55.8,0.2,2300,932400,"B"
"DGW","10:44:50",55.8,0.2,1000,930100,"B"
"DGW","10:44:17",55.8,0.2,3500,929100,"B"
"DGW","10:44:16",55.8,0.2,1000,925600,"B"
"DGW","10:42:40",55.8,0.2,3200,924600,"S"
"DGW","10:42:40",55.7,0.1,2000,921400,"S"
"DGW","10:42:17",55.7,0.1,100,919400,"S"
"DGW","10:41:24",55.7,0.1,200,919300,"S"
"DGW","10:41:12",55.7,0.1,1000,919100,"S"
"DGW","10:39:20",55.6,0,100,918100,"S"
"DGW","10:39:18",55.6,0,1900,918000,"B"
"DGW","10:39:00",55.6,0,500,916100,"S"
"DGW","10:38:47",55.7,0.1,100,915600,"S"
"DGW","10:38:31",55.5,-0.1,800,915500,"S"
"DGW","10:38:30",55.5,-0.1,100,914700,"S"
"DGW","10:38:24",55.5,-0.1,30000,914600,"S"
"DGW","10:38:11",55.5,-0.1,100,884600,"S"
"DGW","10:38:08",55.5,-0.1,100,884500,"S"
"DGW","10:38:06",55.5,-0.1,23500,884400,"B"
"DGW","10:38:06",55.6,0,22600,860900,"B"
"DGW","10:38:06",55.7,0.1,2800,838300,"B"
"DGW","10:38:05",55.8,0.2,200,835500,"S"
"DGW","10:38:04",55.8,0.2,2000,835300,"S"
"DGW","10:37:02",55.7,0.1,4000,833300,"B"
"DGW","10:36:49",55.7,0.1,200,829300,"B"
"DGW","10:36:13",55.8,0.2,2000,829100,"B"
"DGW","10:35:48",55.8,0.2,100,827100,"B"
"DGW","10:35:34",55.8,0.2,400,827000,"S"
"DGW","10:35:30",55.8,0.2,100,826600,"S"
"DGW","10:35:15",55.7,0.1,100,826500,"B"
"DGW","10:33:10",55.7,0.1,10000,826400,"B"
"DGW","10:33:00",55.7,0.1,200,816400,"B"
"DGW","10:32:50",55.8,0.2,300,816200,"S"
"DGW","10:32:16",55.8,0.2,4900,815900,"B"
"DGW","10:32:16",55.9,0.3,800,811000,"B"
"DGW","10:31:25",55.9,0.3,1200,810200,"S"
"DGW","10:30:57",55.9,0.3,500,809000,"S"
"DGW","10:30:41",55.8,0.2,200,808500,"B"
"DGW","10:29:26",55.8,0.2,500,808300,"B"
"DGW","10:28:49",55.9,0.3,1000,807800,"S"
"DGW","10:28:38",55.8,0.2,700,806800,"B"
"DGW","10:28:33",55.8,0.2,500,806100,"B"
"DGW","10:28:20",55.8,0.2,500,805600,"B"
"DGW","10:27:13",55.8,0.2,10000,805100,"B"
"DGW","10:27:09",55.9,0.3,1000,795100,"S"
"DGW","10:27:05",55.9,0.3,600,794100,"S"
"DGW","10:26:44",55.9,0.3,500,793500,"B"
"DGW","10:26:26",55.9,0.3,600,793000,"S"
"DGW","10:26:17",55.9,0.3,5700,792400,"B"
"DGW","10:25:45",55.9,0.3,2000,786700,"B"
"DGW","10:25:29",55.9,0.3,1000,784700,"B"
"DGW","10:24:41",55.9,0.3,500,783700,"S"
"DGW","10:24:38",55.9,0.3,1000,783200,"S"
"DGW","10:24:32",55.9,0.3,1000,782200,"S"
"DGW","10:24:22",55.9,0.3,1000,781200,"S"
"DGW","10:23:46",55.9,0.3,1000,780200,"S"
"DGW","10:23:34",55.8,0.2,200,779200,"B"
"DGW","10:22:42",55.8,0.2,1700,779000,"B"
"DGW","10:22:42",55.9,0.3,100,777300,"S"
"DGW","10:22:39",55.9,0.3,500,777200,"S"
"DGW","10:21:55",55.9,0.3,100,776700,"S"
"DGW","10:21:43",55.9,0.3,700,776600,"B"
"DGW","10:21:04",56,0.4,800,775900,"S"
"DGW","10:21:04",55.9,0.3,10000,775100,"B"
"DGW","10:20:39",56,0.4,800,765100,"B"
"DGW","10:20:36",56,0.4,1000,764300,"S"
"DGW","10:20:29",56,0.4,400,763300,"S"
"DGW","10:20:24",56,0.4,200,762900,"S"
"DGW","10:20:11",56,0.4,4300,762700,"S"
"DGW","10:20:08",55.9,0.3,10000,758400,"B"
"DGW","10:19:50",56,0.4,2000,748400,"S"
"DGW","10:19:03",56,0.4,900,746400,"S"
"DGW","10:18:51",56,0.4,1000,745500,"S"
"DGW","10:18:42",56,0.4,300,744500,"S"
"DGW","10:18:14",56,0.4,10600,744200,"B"
"DGW","10:17:58",56.1,0.5,1300,733600,"S"
"DGW","10:17:56",56,0.4,100,732300,"B"
"DGW","10:17:55",56,0.4,200,732200,"B"
"DGW","10:17:52",56.1,0.5,1200,732000,"S"
"DGW","10:17:47",56,0.4,1000,730800,"B"
"DGW","10:17:19",56,0.4,500,729800,"B"
"DGW","10:17:08",56,0.4,1000,729300,"B"
"DGW","10:17:07",56,0.4,200,728300,"S"
"DGW","10:16:45",55.9,0.3,200,728100,"B"
"DGW","10:16:39",56,0.4,11700,727900,"B"
"DGW","10:16:29",56.1,0.5,22800,716200,"B"
"DGW","10:16:18",56.2,0.6,8500,693400,"B"
"DGW","10:15:46",56.2,0.6,100,684900,"B"
"DGW","10:15:21",56.2,0.6,10000,684800,"B"
"DGW","10:14:10",56.2,0.6,3000,674800,"B"
"DGW","10:14:01",56.2,0.6,2000,671800,"B"
"DGW","10:13:51",56.2,0.6,900,669800,"B"
"DGW","10:13:31",56.2,0.6,200,668900,"B"
"DGW","10:12:56",56.2,0.6,500,668700,"B"
"DGW","10:12:54",56.3,0.7,5000,668200,"S"
"DGW","10:12:43",56.3,0.7,100,663200,"S"
"DGW","10:12:22",56.3,0.7,1600,663100,"B"
"DGW","10:12:19",56.3,0.7,500,661500,"B"
"DGW","10:12:13",56.3,0.7,200,661000,"B"
"DGW","10:12:03",56.3,0.7,100,660800,"B"
"DGW","10:12:00",56.3,0.7,100,660700,"B"
"DGW","10:11:57",56.3,0.7,500,660600,"B"
"DGW","10:11:41",56.3,0.7,1000,660100,"B"
"DGW","10:11:18",56.3,0.7,200,659100,"S"
"DGW","10:11:15",56.3,0.7,600,658900,"S"
"DGW","10:11:12",56.3,0.7,1000,658300,"S"
"DGW","10:11:03",56.2,0.6,800,657300,"B"
"DGW","10:11:01",56.2,0.6,5000,656500,"B"
"DGW","10:10:48",56.3,0.7,100,651500,"S"
"DGW","10:10:43",56.3,0.7,100,651400,"B"
"DGW","10:10:33",56.3,0.7,1000,651300,"B"
"DGW","10:10:16",56.4,0.8,300,650300,"S"
"DGW","10:10:08",56.3,0.7,1100,650000,"B"
"DGW","10:10:04",56.3,0.7,1000,648900,"B"
"DGW","10:09:52",56.4,0.8,200,647900,"S"
"DGW","10:09:49",56.4,0.8,200,647700,"S"
"DGW","10:09:42",56.4,0.8,1000,647500,"S"
"DGW","10:09:37",56.4,0.8,1000,646500,"S"
"DGW","10:09:36",56.4,0.8,4300,645500,"S"
"DGW","10:09:33",56.3,0.7,100,641200,"B"
"DGW","10:09:31",56.4,0.8,100,641100,"S"
"DGW","10:09:30",56.4,0.8,4000,641000,"S"
"DGW","10:09:17",56.4,0.8,17900,637000,"S"
"DGW","10:09:06",56.4,0.8,1000,619100,"B"
"DGW","10:08:37",56.4,0.8,100,618100,"S"
"DGW","10:08:33",56.6,1,3000,618000,"S"
"DGW","10:08:33",56.5,0.9,12400,615000,"S"
"DGW","10:08:33",56.4,0.8,4600,602600,"S"
"DGW","10:08:30",56.4,0.8,200,598000,"S"
"DGW","10:08:24",56.4,0.8,100,597800,"S"
"DGW","10:08:15",56.4,0.8,2000,597700,"S"
"DGW","10:07:55",56.4,0.8,300,595700,"S"
"DGW","10:07:49",56.4,0.8,1000,595400,"B"
"DGW","10:07:37",56.4,0.8,400,594400,"S"
"DGW","10:07:34",56.4,0.8,800,594000,"S"
"DGW","10:07:21",56.4,0.8,300,593200,"S"
"DGW","10:07:19",56.4,0.8,200,592900,"B"
"DGW","10:07:14",56.4,0.8,300,592700,"B"
"DGW","10:07:04",56.5,0.9,500,592400,"S"
"DGW","10:07:03",56.5,0.9,200,591900,"S"
"DGW","10:06:57",56.5,0.9,600,591700,"B"
"DGW","10:06:54",56.5,0.9,1100,591100,"S"
"DGW","10:06:52",56.5,0.9,500,590000,"S"
"DGW","10:06:52",56.4,0.8,500,589500,"B"
"DGW","10:06:50",56.5,0.9,400,589000,"S"
"DGW","10:06:46",56.5,0.9,10500,588600,"S"
"DGW","10:06:45",56.5,0.9,400,578100,"S"
"DGW","10:06:41",56.5,0.9,5700,577700,"S"
"DGW","10:06:38",56.5,0.9,2800,572000,"B"
"DGW","10:06:38",56.6,1,1700,569200,"S"
"DGW","10:06:32",56.5,0.9,200,567500,"S"
"DGW","10:06:32",56.5,0.9,600,567300,"S"
"DGW","10:06:31",56.5,0.9,6000,566700,"S"
"DGW","10:06:29",56.5,0.9,500,560700,"S"
"DGW","10:06:29",56.5,0.9,500,560200,"S"
"DGW","10:06:28",56.5,0.9,2000,559700,"S"
"DGW","10:06:27",56.5,0.9,1000,557700,"S"
"DGW","10:06:26",56.5,0.9,5000,556700,"S"
"DGW","10:06:25",56.5,0.9,10000,551700,"S"
"DGW","10:06:24",56.4,0.8,500,541700,"B"
"DGW","10:06:22",56.5,0.9,1000,541200,"S"
"DGW","10:06:17",56.5,0.9,400,540200,"S"
"DGW","10:06:16",56.4,0.8,100,539800,"B"
"DGW","10:06:09",56.4,0.8,1400,539700,"S"
"DGW","10:06:08",56.3,0.7,200,538300,"B"
"DGW","10:05:59",56.3,0.7,3100,538100,"S"
"DGW","10:05:53",56.3,0.7,1300,535000,"S"
"DGW","10:05:53",56.2,0.6,700,533700,"S"
"DGW","10:05:47",56.2,0.6,100,533000,"S"
"DGW","10:05:43",56.2,0.6,2000,532900,"S"
"DGW","10:05:40",56.2,0.6,1900,530900,"S"
"DGW","10:05:38",56.2,0.6,100,529000,"S"
"DGW","10:05:37",56.2,0.6,400,528900,"S"
"DGW","10:05:35",56.2,0.6,100,528500,"S"
"DGW","10:05:30",56.2,0.6,1000,528400,"S"
"DGW","10:05:23",56.1,0.5,10900,527400,"S"
"DGW","10:05:17",56,0.4,100,516500,"B"
"DGW","10:05:15",56.1,0.5,300,516400,"S"
"DGW","10:05:14",56.1,0.5,200,516100,"S"
"DGW","10:05:12",56,0.4,200,515900,"B"
"DGW","10:05:09",56,0.4,12600,515700,"S"
"DGW","10:04:53",56,0.4,12200,503100,"S"
"DGW","10:04:53",55.9,0.3,2800,490900,"S"
"DGW","10:04:23",55.9,0.3,200,488100,"S"
"DGW","10:03:42",55.9,0.3,100,487900,"S"
"DGW","10:03:32",55.9,0.3,100,487800,"S"
"DGW","10:03:18",55.9,0.3,900,487700,"B"
"DGW","10:03:17",55.9,0.3,200,486800,"B"
"DGW","10:03:11",56,0.4,100,486600,"S"
"DGW","10:02:45",55.9,0.3,100,486500,"S"
"DGW","10:02:34",55.9,0.3,100,486400,"S"
"DGW","10:02:21",55.7,0.1,100,486300,"B"
"DGW","10:02:21",55.9,0.3,2900,486200,"B"
"DGW","10:02:15",56,0.4,6000,483300,"S"
"DGW","10:01:44",55.9,0.3,7100,477300,"S"
"DGW","10:01:39",55.9,0.3,100,470200,"S"
"DGW","10:01:31",55.9,0.3,1000,470100,"S"
"DGW","10:01:12",55.9,0.3,5800,469100,"S"
"DGW","10:01:12",55.8,0.2,700,463300,"S"
"DGW","10:01:12",55.7,0.1,2500,462600,"S"
"DGW","10:00:40",55.7,0.1,100,460100,"S"
"DGW","10:00:18",55.7,0.1,100,460000,"S"
"DGW","09:59:55",55.7,0.1,500,459900,"S"
"DGW","09:59:28",55.7,0.1,2200,459400,"S"
"DGW","09:59:27",55.7,0.1,100,457200,"S"
"DGW","09:59:18",55.7,0.1,300,457100,"S"
"DGW","09:58:02",55.7,0.1,3800,456800,"B"
"DGW","09:58:01",55.7,0.1,300,453000,"B"
"DGW","09:57:51",55.7,0.1,1200,452700,"S"
"DGW","09:57:43",55.7,0.1,200,451500,"S"
"DGW","09:57:31",55.7,0.1,1800,451300,"B"
"DGW","09:57:15",55.7,0.1,200,449500,"B"
"DGW","09:57:08",55.7,0.1,1000,449300,"S"
"DGW","09:56:30",55.6,0,6500,448300,"B"
"DGW","09:56:30",55.7,0.1,3500,441800,"B"
"DGW","09:56:26",55.7,0.1,900,438300,"B"
"DGW","09:56:19",55.7,0.1,1600,437400,"S"
"DGW","09:56:16",55.7,0.1,500,435800,"S"
"DGW","09:56:05",55.7,0.1,2900,435300,"B"
"DGW","09:55:23",55.7,0.1,500,432400,"B"
"DGW","09:55:08",55.9,0.3,300,431900,"S"
"DGW","09:55:03",55.9,0.3,5000,431600,"S"
"DGW","09:54:59",55.9,0.3,6200,426600,"S"
"DGW","09:54:58",55.9,0.3,1000,420400,"S"
"DGW","09:54:58",55.8,0.2,800,419400,"S"
"DGW","09:54:54",55.8,0.2,1200,418600,"B"
"DGW","09:54:53",55.8,0.2,100,417400,"B"
"DGW","09:54:44",55.8,0.2,3300,417300,"B"
"DGW","09:54:30",55.8,0.2,3200,414000,"S"
"DGW","09:54:26",55.8,0.2,4100,410800,"S"
"DGW","09:54:18",55.8,0.2,700,406700,"S"
"DGW","09:54:07",55.7,0.1,1700,406000,"S"
"DGW","09:54:00",55.6,0,200,404300,"B"
"DGW","09:53:02",55.6,0,4400,404100,"S"
"DGW","09:52:52",55.6,0,7100,399700,"S"
"DGW","09:52:51",55.5,-0.1,700,392600,"B"
"DGW","09:52:42",55.6,0,200,391900,"S"
"DGW","09:52:33",55.5,-0.1,300,391700,"S"
"DGW","09:52:29",55.5,-0.1,100,391400,"S"
"DGW","09:52:17",55.5,-0.1,500,391300,"S"
"DGW","09:52:08",55.5,-0.1,2000,390800,"S"
"DGW","09:51:46",55.5,-0.1,2300,388800,"S"
"DGW","09:51:25",55.5,-0.1,9900,386500,"B"
"DGW","09:51:08",55.5,-0.1,1500,376600,"B"
"DGW","09:50:24",55.5,-0.1,300,375100,"S"
"DGW","09:49:50",55.5,-0.1,100,374800,"B"
"DGW","09:49:46",55.5,-0.1,200,374700,"B"
"DGW","09:48:54",55.5,-0.1,2900,374500,"S"
"DGW","09:48:52",55.5,-0.1,1500,371600,"S"
"DGW","09:47:37",55.4,-0.2,3100,370100,"S"
"DGW","09:47:27",55.4,-0.2,6900,367000,"B"
"DGW","09:47:25",55.5,-0.1,300,360100,"S"
"DGW","09:47:16",55.5,-0.1,300,359800,"S"
"DGW","09:46:21",55.4,-0.2,500,359500,"B"
"DGW","09:46:15",55.5,-0.1,100,359000,"S"
"DGW","09:46:02",55.5,-0.1,100,358900,"S"
"DGW","09:45:29",55.5,-0.1,1300,358800,"B"
"DGW","09:45:23",55.5,-0.1,3700,357500,"S"
"DGW","09:45:04",55.4,-0.2,2000,353800,"B"
"DGW","09:45:04",55.5,-0.1,100,351800,"S"
"DGW","09:44:54",55.4,-0.2,3600,351700,"B"
"DGW","09:44:42",55.5,-0.1,1600,348100,"S"
"DGW","09:43:49",55.5,-0.1,3500,346500,"S"
"DGW","09:43:31",55.5,-0.1,3500,343000,"S"
"DGW","09:43:14",55.5,-0.1,5000,339500,"S"
"DGW","09:42:39",55.4,-0.2,2600,334500,"S"
"DGW","09:42:38",55.4,-0.2,2000,331900,"S"
"DGW","09:42:33",55.4,-0.2,300,329900,"S"
"DGW","09:42:22",55.4,-0.2,1100,329600,"S"
"DGW","09:42:19",55.4,-0.2,1800,328500,"S"
"DGW","09:42:16",55.4,-0.2,100,326700,"S"
"DGW","09:42:13",55.4,-0.2,100,326600,"S"
"DGW","09:42:02",55.4,-0.2,100,326500,"S"
"DGW","09:42:01",55.4,-0.2,500,326400,"S"
"DGW","09:41:57",55.4,-0.2,500,325900,"S"
"DGW","09:41:53",55.4,-0.2,2000,325400,"S"
"DGW","09:41:39",55.4,-0.2,500,323400,"S"
"DGW","09:41:38",55.4,-0.2,1000,322900,"S"
"DGW","09:41:25",55.4,-0.2,5000,321900,"S"
"DGW","09:40:59",55.3,-0.3,500,316900,"B"
"DGW","09:40:44",55.3,-0.3,5200,316400,"S"
"DGW","09:40:43",55.2,-0.4,2500,311200,"B"
"DGW","09:40:42",55.3,-0.3,2000,308700,"S"
"DGW","09:40:41",55.3,-0.3,5200,306700,"S"
"DGW","09:40:37",55.3,-0.3,1000,301500,"S"
"DGW","09:40:35",55.3,-0.3,2000,300500,"S"
"DGW","09:40:30",55.3,-0.3,2000,298500,"S"
"DGW","09:40:29",55.3,-0.3,100,296500,"S"
"DGW","09:40:19",55.3,-0.3,1000,296400,"S"
"DGW","09:40:18",55.3,-0.3,500,295400,"S"
"DGW","09:40:11",55.3,-0.3,100,294900,"S"
"DGW","09:39:51",55.3,-0.3,20000,294800,"S"
"DGW","09:39:42",55.2,-0.4,2000,274800,"B"
"DGW","09:39:26",55.3,-0.3,1500,272800,"S"
"DGW","09:39:15",55.3,-0.3,5000,271300,"S"
"DGW","09:39:04",55.2,-0.4,5000,266300,"B"
"DGW","09:38:52",55.2,-0.4,1000,261300,"B"
"DGW","09:38:46",55.2,-0.4,1800,260300,"B"
"DGW","09:38:46",55.2,-0.4,500,258500,"B"
"DGW","09:38:37",55.2,-0.4,22000,258000,"B"
"DGW","09:38:28",55.3,-0.3,100,236000,"S"
"DGW","09:37:35",55.2,-0.4,100,235900,"B"
"DGW","09:37:29",55.3,-0.3,100,235800,"S"
"DGW","09:37:22",55.3,-0.3,5000,235700,"S"
"DGW","09:37:18",55.3,-0.3,100,230700,"S"
"DGW","09:37:12",55.3,-0.3,300,230600,"S"
"DGW","09:36:48",55.3,-0.3,400,230300,"S"
"DGW","09:36:37",55.3,-0.3,100,229900,"S"
"DGW","09:36:32",55.3,-0.3,100,229800,"S"
"DGW","09:36:30",55.3,-0.3,300,229700,"S"
"DGW","09:36:28",55.3,-0.3,100,229400,"S"
"DGW","09:36:28",55.3,-0.3,100,229300,"S"
"DGW","09:36:26",55.3,-0.3,100,229200,"S"
"DGW","09:36:24",55.3,-0.3,2000,229100,"S"
"DGW","09:36:20",55.3,-0.3,200,227100,"S"
"DGW","09:36:18",55.3,-0.3,2000,226900,"S"
"DGW","09:36:17",55.3,-0.3,100,224900,"S"
"DGW","09:36:11",55.3,-0.3,100,224800,"S"
"DGW","09:36:11",55.3,-0.3,500,224700,"S"
"DGW","09:36:09",55.3,-0.3,100,224200,"S"
"DGW","09:36:07",55.3,-0.3,100,224100,"S"
"DGW","09:36:04",55.3,-0.3,5000,224000,"S"
"DGW","09:36:00",55.3,-0.3,1900,219000,"S"
"DGW","09:35:59",55.3,-0.3,100,217100,"S"
"DGW","09:35:55",55.3,-0.3,100,217000,"S"
"DGW","09:35:46",55.3,-0.3,300,216900,"S"
"DGW","09:35:38",55.2,-0.4,100,216600,"B"
"DGW","09:35:37",55.3,-0.3,500,216500,"S"
"DGW","09:35:28",55.3,-0.3,2500,216000,"S"
"DGW","09:35:27",55.3,-0.3,200,213500,"S"
"DGW","09:35:15",55.3,-0.3,300,213300,"S"
"DGW","09:35:13",55.3,-0.3,2000,213000,"S"
"DGW","09:35:11",55.3,-0.3,2000,211000,"S"
"DGW","09:35:03",55.3,-0.3,500,209000,"S"
"DGW","09:34:42",55.3,-0.3,1000,208500,"S"
"DGW","09:34:33",55.3,-0.3,700,207500,"S"
"DGW","09:34:20",55.3,-0.3,100,206800,"S"
"DGW","09:34:14",55.3,-0.3,200,206700,"S"
"DGW","09:33:55",55.3,-0.3,100,206500,"S"
"DGW","09:33:49",55.3,-0.3,100,206400,"S"
"DGW","09:33:36",55.3,-0.3,200,206300,"S"
"DGW","09:33:26",55.2,-0.4,1900,206100,"B"
"DGW","09:33:11",55.3,-0.3,3000,204200,"B"
"DGW","09:32:40",55.2,-0.4,500,201200,"B"
"DGW","09:32:40",55.3,-0.3,500,200700,"B"
"DGW","09:32:37",55.3,-0.3,100,200200,"B"
"DGW","09:32:20",55.3,-0.3,1800,200100,"S"
"DGW","09:32:18",55.3,-0.3,3200,198300,"B"
"DGW","09:32:07",55.3,-0.3,800,195100,"S"
"DGW","09:32:04",55.3,-0.3,500,194300,"S"
"DGW","09:32:01",55.3,-0.3,100,193800,"S"
"DGW","09:32:00",55.3,-0.3,8600,193700,"B"
"DGW","09:31:59",55.4,-0.2,500,185100,"S"
"DGW","09:31:46",55.4,-0.2,1500,184600,"S"
"DGW","09:31:45",55.3,-0.3,300,183100,"B"
"DGW","09:31:37",55.4,-0.2,500,182800,"S"
"DGW","09:31:33",55.4,-0.2,1500,182300,"S"
"DGW","09:31:32",55.4,-0.2,500,180800,"S"
"DGW","09:31:28",55.4,-0.2,6200,180300,"B"
"DGW","09:31:22",55.4,-0.2,100,174100,"B"
"DGW","09:31:20",55.4,-0.2,1800,174000,"B"
"DGW","09:31:07",55.4,-0.2,500,172200,"B"
"DGW","09:31:05",55.4,-0.2,2100,171700,"S"
"DGW","09:31:05",55.4,-0.2,5000,169600,"S"
"DGW","09:31:00",55.3,-0.3,5100,164600,"B"
"DGW","09:30:58",55.4,-0.2,500,159500,"S"
"DGW","09:30:55",55.4,-0.2,3600,159000,"B"
"DGW","09:30:50",55.5,-0.1,500,155400,"S"
"DGW","09:30:47",55.4,-0.2,2000,154900,"B"
"DGW","09:30:39",55.5,-0.1,1800,152900,"S"
"DGW","09:30:28",55.4,-0.2,1400,151100,"B"
"DGW","09:30:18",55.4,-0.2,6000,149700,"B"
"DGW","09:30:17",55.5,-0.1,100,143700,"S"
"DGW","09:30:16",55.5,-0.1,600,143600,"S"
"DGW","09:30:15",55.5,-0.1,3000,143000,"S"
"DGW","09:30:15",55.4,-0.2,5000,140000,"B"
"DGW","09:30:01",55.5,-0.1,5000,135000,"S"
"DGW","09:30:00",55.5,-0.1,5000,130000,"S"
"DGW","09:29:58",55.4,-0.2,600,125000,"B"
"DGW","09:29:55",55.5,-0.1,2000,124400,"S"
"DGW","09:29:53",55.5,-0.1,200,122400,"S"
"DGW","09:29:49",55.5,-0.1,500,122200,"S"
"DGW","09:29:42",55.4,-0.2,800,121700,"B"
"DGW","09:29:22",55.5,-0.1,200,120900,"S"
"DGW","09:29:14",55.5,-0.1,200,120700,"S"
"DGW","09:29:13",55.5,-0.1,200,120500,"S"
"DGW","09:29:10",55.5,-0.1,100,120300,"S"
"DGW","09:29:01",55.5,-0.1,800,120200,"B"
"DGW","09:28:50",55.4,-0.2,300,119400,"S"
"DGW","09:28:47",55.4,-0.2,9700,119100,"B"
"DGW","09:28:44",55.4,-0.2,3500,109400,"B"
"DGW","09:28:44",55.5,-0.1,6500,105900,"B"
"DGW","09:28:36",55.5,-0.1,11300,99400,"B"
"DGW","09:28:32",55.6,0,100,88100,"S"
"DGW","09:28:22",55.6,0,1500,88000,"S"
"DGW","09:27:55",55.6,0,100,86500,"S"
"DGW","09:27:54",55.6,0,200,86400,"S"
"DGW","09:27:50",55.6,0,1300,86200,"B"
"DGW","09:27:30",55.6,0,6000,84900,"B"
"DGW","09:27:20",55.7,0.1,100,78900,"S"
"DGW","09:27:16",55.7,0.1,100,78800,"S"
"DGW","09:27:15",55.6,0,100,78700,"B"
"DGW","09:27:14",55.6,0,7000,78600,"B"
"DGW","09:27:14",55.7,0.1,100,71600,"S"
"DGW","09:27:13",55.6,0,100,71500,"B"
"DGW","09:26:54",55.6,0,500,71400,"B"
"DGW","09:26:37",55.6,0,2000,70900,"B"
"DGW","09:26:34",55.6,0,100,68900,"B"
"DGW","09:26:27",55.6,0,3000,68800,"B"
"DGW","09:26:22",55.6,0,1000,65800,"B"
"DGW","09:26:11",55.7,0.1,1000,64800,"S"
"DGW","09:25:49",55.6,0,1800,63800,"B"
"DGW","09:25:48",55.7,0.1,300,62000,"S"
"DGW","09:25:32",55.7,0.1,900,61700,"S"
"DGW","09:25:29",55.7,0.1,100,60800,"S"
"DGW","09:24:56",55.7,0.1,1900,60700,"B"
"DGW","09:24:45",55.7,0.1,200,58800,"B"
"DGW","09:24:37",55.7,0.1,500,58600,"B"
"DGW","09:24:29",55.7,0.1,100,58100,"B"
"DGW","09:24:15",55.7,0.1,100,58000,"B"
"DGW","09:24:03",55.7,0.1,2000,57900,"B"
"DGW","09:23:50",55.7,0.1,1000,55900,"B"
"DGW","09:23:18",55.7,0.1,3000,54900,"B"
"DGW","09:23:16",55.7,0.1,1000,51900,"B"
"DGW","09:22:19",55.8,0.2,400,50900,"S"
"DGW","09:22:17",55.8,0.2,1600,50500,"B"
"DGW","09:21:50",55.9,0.3,3000,48900,"S"
"DGW","09:21:50",55.8,0.2,1500,45900,"S"
"DGW","09:21:41",55.8,0.2,4700,44400,"S"
"DGW","09:21:35",55.8,0.2,200,39700,"S"
"DGW","09:21:11",55.8,0.2,2000,39500,"B"
"DGW","09:21:10",55.8,0.2,700,37500,"B"
"DGW","09:20:58",55.8,0.2,100,36800,"B"
"DGW","09:20:41",55.8,0.2,500,36700,"B"
"DGW","09:20:38",55.8,0.2,1000,36200,"B"
"DGW","09:20:33",55.9,0.3,200,35200,"S"
"DGW","09:20:30",55.8,0.2,200,35000,"B"
"DGW","09:20:27",55.8,0.2,200,34800,"B"
"DGW","09:20:24",55.8,0.2,100,34600,"B"
"DGW","09:20:15",55.8,0.2,500,34500,"B"
"DGW","09:19:40",55.8,0.2,300,34000,"B"
"DGW","09:19:20",55.8,0.2,3000,33700,"B"
"DGW","09:19:10",55.8,0.2,5000,30700,"B"
"DGW","09:18:59",55.8,0.2,1000,25700,"B"
"DGW","09:18:33",55.8,0.2,2000,24700,"B"
"DGW","09:18:32",55.9,0.3,100,22700,"S"
"DGW","09:18:30",55.9,0.3,1000,22600,"S"
"DGW","09:18:09",55.9,0.3,400,21600,"S"
"DGW","09:17:57",55.9,0.3,300,21200,"S"
"DGW","09:17:49",55.8,0.2,100,20900,"B"
"DGW","09:17:49",55.8,0.2,700,20800,"B"
"DGW","09:17:44",55.8,0.2,100,20100,"B"
"DGW","09:17:32",55.8,0.2,200,20000,"B"
"DGW","09:17:19",55.9,0.3,1000,19800,"S"
"DGW","09:17:09",55.9,0.3,100,18800,"S"
"DGW","09:16:53",55.9,0.3,100,18700,"S"
"DGW","09:16:46",55.9,0.3,3200,18600,"B"
"DGW","09:16:26",55.9,0.3,200,15400,"S"
"DGW","09:16:15",55.9,0.3,500,15200,"B"
"DGW","09:15:30",55.9,0.3,300,14700,"B"
"DGW","09:15:03",55.9,0.3,100,14400,"B"
"DGW","09:15:03",55.9,0.3,200,14300,"B"
"DGW","09:15:02",56,0.4,300,14100,"S"
"DGW","09:15:01",55.9,0.3,100,13800,"B"
"DGW","09:15:00",56,0.4,13700,13700,
