"symbol","time","price","change","vol","total","side"
"EVF","14:45:00",18,0.9,662500,17514400,
"EVF","14:29:14",17.9,0.8,10000,16851900,"S"
"EVF","14:28:53",17.9,0.8,100,16841900,"S"
"EVF","14:28:42",17.9,0.8,92300,16841800,"B"
"EVF","14:28:36",17.9,0.8,500,16749500,"B"
"EVF","14:28:27",17.9,0.8,7000,16749000,"B"
"EVF","14:28:13",17.9,0.8,200,16742000,"B"
"EVF","14:28:11",17.9,0.8,500,16741800,"B"
"EVF","14:28:07",17.9,0.8,50000,16741300,"B"
"EVF","14:28:04",17.9,0.8,2000,16691300,"B"
"EVF","14:27:58",17.9,0.8,1000,16689300,"B"
"EVF","14:27:49",17.9,0.8,50000,16688300,"B"
"EVF","14:27:42",17.9,0.8,26600,16638300,"S"
"EVF","14:27:34",17.85,0.75,1000,16611700,"B"
"EVF","14:27:19",17.85,0.75,900,16610700,"B"
"EVF","14:27:12",17.9,0.8,5000,16609800,"S"
"EVF","14:26:33",17.85,0.75,2100,16604800,"B"
"EVF","14:26:17",17.9,0.8,5000,16602700,"S"
"EVF","14:24:27",17.9,0.8,5000,16597700,"S"
"EVF","14:23:47",17.9,0.8,8000,16592700,"S"
"EVF","14:23:43",17.9,0.8,3000,16584700,"S"
"EVF","14:23:39",17.9,0.8,5000,16581700,"S"
"EVF","14:23:31",17.9,0.8,500,16576700,"S"
"EVF","14:23:24",17.9,0.8,100,16576200,"S"
"EVF","14:23:23",17.9,0.8,12000,16576100,"S"
"EVF","14:22:52",17.9,0.8,5000,16564100,"B"
"EVF","14:22:44",17.9,0.8,500,16559100,"B"
"EVF","14:22:40",17.9,0.8,100,16558600,"B"
"EVF","14:22:36",17.9,0.8,10000,16558500,"B"
"EVF","14:22:31",17.9,0.8,700,16548500,"S"
"EVF","14:22:23",17.9,0.8,2000,16547800,"S"
"EVF","14:22:02",17.9,0.8,10000,16545800,"S"
"EVF","14:21:58",17.9,0.8,300,16535800,"S"
"EVF","14:21:38",17.9,0.8,100,16535500,"S"
"EVF","14:21:21",17.9,0.8,4000,16535400,"S"
"EVF","14:21:06",17.9,0.8,20000,16531400,"S"
"EVF","14:20:56",17.9,0.8,700,16511400,"S"
"EVF","14:20:49",17.9,0.8,40000,16510700,"S"
"EVF","14:20:28",17.85,0.75,2800,16470700,"B"
"EVF","14:20:20",17.85,0.75,2000,16467900,"B"
"EVF","14:19:26",17.85,0.75,100,16465900,"B"
"EVF","14:19:11",17.85,0.75,1000,16465800,"B"
"EVF","14:19:07",17.85,0.75,1000,16464800,"B"
"EVF","14:19:05",17.9,0.8,100,16463800,"S"
"EVF","14:18:50",17.85,0.75,2600,16463700,"B"
"EVF","14:18:36",17.85,0.75,300,16461100,"B"
"EVF","14:18:22",17.9,0.8,800,16460800,"S"
"EVF","14:17:22",17.85,0.75,1000,16460000,"B"
"EVF","14:17:01",17.85,0.75,100,16459000,"B"
"EVF","14:16:53",17.85,0.75,1600,16458900,"B"
"EVF","14:16:34",17.85,0.75,1900,16457300,"B"
"EVF","14:15:01",17.85,0.75,1000,16455400,"B"
"EVF","14:14:22",17.9,0.8,800,16454400,"S"
"EVF","14:14:10",17.9,0.8,5700,16453600,"S"
"EVF","14:14:08",17.9,0.8,9500,16447900,"S"
"EVF","14:13:51",17.9,0.8,1200,16438400,"S"
"EVF","14:13:14",17.9,0.8,200,16437200,"S"
"EVF","14:13:03",17.85,0.75,300,16437000,"B"
"EVF","14:13:01",17.9,0.8,4000,16436700,"S"
"EVF","14:12:42",17.85,0.75,400,16432700,"B"
"EVF","14:12:33",17.85,0.75,4100,16432300,"B"
"EVF","14:12:27",17.85,0.75,5000,16428200,"B"
"EVF","14:11:02",17.9,0.8,200,16423200,"S"
"EVF","14:11:01",17.85,0.75,100,16423000,"B"
"EVF","14:10:56",17.85,0.75,29600,16422900,"S"
"EVF","14:09:45",17.85,0.75,2000,16393300,"S"
"EVF","14:08:35",17.85,0.75,100,16391300,"S"
"EVF","14:08:21",17.85,0.75,100,16391200,"S"
"EVF","14:07:50",17.85,0.75,30000,16391100,"S"
"EVF","14:07:43",17.85,0.75,5300,16361100,"S"
"EVF","14:07:08",17.85,0.75,700,16355800,"S"
"EVF","14:06:42",17.85,0.75,200,16355100,"S"
"EVF","14:06:37",17.85,0.75,200,16354900,"S"
"EVF","14:06:37",17.8,0.7,600,16354700,"B"
"EVF","14:06:37",17.85,0.75,5000,16354100,"S"
"EVF","14:06:29",17.85,0.75,100,16349100,"S"
"EVF","14:06:16",17.85,0.75,100,16349000,"S"
"EVF","14:05:39",17.85,0.75,10800,16348900,"B"
"EVF","14:05:15",17.85,0.75,500,16338100,"B"
"EVF","14:05:04",17.85,0.75,300,16337600,"B"
"EVF","14:04:49",17.85,0.75,3500,16337300,"B"
"EVF","14:04:24",17.85,0.75,800,16333800,"B"
"EVF","14:04:12",17.85,0.75,11700,16333000,"S"
"EVF","14:04:07",17.85,0.75,5000,16321300,"S"
"EVF","14:04:06",17.85,0.75,200,16316300,"S"
"EVF","14:02:58",17.85,0.75,285600,16316100,"B"
"EVF","14:00:24",17.9,0.8,7100,16030500,"S"
"EVF","14:00:14",17.9,0.8,200,16023400,"S"
"EVF","14:00:04",17.9,0.8,1000,16023200,"S"
"EVF","13:57:29",17.85,0.75,3000,16022200,"B"
"EVF","13:56:49",17.85,0.75,11600,16019200,"S"
"EVF","13:56:45",17.85,0.75,30000,16007600,"S"
"EVF","13:56:11",17.85,0.75,3500,15977600,"S"
"EVF","13:56:07",17.85,0.75,5000,15974100,"S"
"EVF","13:55:49",17.85,0.75,100,15969100,"S"
"EVF","13:55:38",17.85,0.75,5100,15969000,"B"
"EVF","13:55:33",17.9,0.8,200,15963900,"S"
"EVF","13:55:19",17.9,0.8,7000,15963700,"S"
"EVF","13:54:58",17.85,0.75,500,15956700,"B"
"EVF","13:54:48",17.9,0.8,200,15956200,"S"
"EVF","13:54:42",17.9,0.8,500,15956000,"S"
"EVF","13:53:47",17.9,0.8,10000,15955500,"S"
"EVF","13:53:44",17.9,0.8,200,15945500,"S"
"EVF","13:53:37",17.9,0.8,600,15945300,"S"
"EVF","13:53:29",17.9,0.8,100,15944700,"S"
"EVF","13:53:28",17.9,0.8,500,15944600,"S"
"EVF","13:53:23",17.9,0.8,5000,15944100,"S"
"EVF","13:53:17",17.9,0.8,1300,15939100,"S"
"EVF","13:53:13",17.9,0.8,300,15937800,"S"
"EVF","13:53:02",17.9,0.8,500,15937500,"S"
"EVF","13:53:01",17.9,0.8,27800,15937000,"S"
"EVF","13:53:00",17.9,0.8,60000,15909200,"S"
"EVF","13:52:54",17.9,0.8,50000,15849200,"S"
"EVF","13:52:14",17.9,0.8,100000,15799200,"S"
"EVF","13:52:06",17.8,0.7,204600,15699200,"S"
"EVF","13:51:48",17.75,0.65,4100,15494600,"S"
"EVF","13:51:47",17.75,0.65,3000,15490500,"S"
"EVF","13:51:43",17.75,0.65,1000,15487500,"S"
"EVF","13:51:39",17.75,0.65,600,15486500,"S"
"EVF","13:51:34",17.75,0.65,100,15485900,"S"
"EVF","13:51:31",17.75,0.65,500,15485800,"S"
"EVF","13:51:28",17.75,0.65,1000,15485300,"S"
"EVF","13:51:24",17.75,0.65,300,15484300,"S"
"EVF","13:51:19",17.75,0.65,1000,15484000,"S"
"EVF","13:51:03",17.75,0.65,2600,15483000,"B"
"EVF","13:51:00",17.75,0.65,9900,15480400,"B"
"EVF","13:50:51",17.75,0.65,600,15470500,"B"
"EVF","13:50:47",17.8,0.7,15000,15469900,"S"
"EVF","13:50:44",17.75,0.65,200,15454900,"B"
"EVF","13:50:43",17.8,0.7,5000,15454700,"S"
"EVF","13:50:36",17.75,0.65,50300,15449700,"B"
"EVF","13:50:03",17.8,0.7,5000,15399400,"S"
"EVF","13:49:54",17.7,0.6,500,15394400,"B"
"EVF","13:49:04",17.7,0.6,1300,15393900,"B"
"EVF","13:48:52",17.8,0.7,330200,15392600,"B"
"EVF","13:48:52",17.85,0.75,111100,15062400,"B"
"EVF","13:48:52",17.9,0.8,30700,14951300,"B"
"EVF","13:48:39",17.9,0.8,300,14920600,"B"
"EVF","13:48:38",18,0.9,39700,14920300,"S"
"EVF","13:48:38",17.9,0.8,473500,14880600,"B"
"EVF","13:48:38",17.95,0.85,36500,14407100,"B"
"EVF","13:48:36",17.95,0.85,100,14370600,"B"
"EVF","13:48:32",17.95,0.85,4700,14370500,"B"
"EVF","13:48:32",17.95,0.85,2000,14365800,"B"
"EVF","13:48:30",17.95,0.85,100,14363800,"B"
"EVF","13:48:25",17.95,0.85,1000,14363700,"B"
"EVF","13:48:16",17.95,0.85,500,14362700,"B"
"EVF","13:48:11",17.95,0.85,160000,14362200,"B"
"EVF","13:48:05",17.95,0.85,200,14202200,"B"
"EVF","13:47:57",18,0.9,200,14202000,"S"
"EVF","13:46:58",18,0.9,100,14201800,"S"
"EVF","13:46:36",18,0.9,6000,14201700,"S"
"EVF","13:46:34",17.95,0.85,1000,14195700,"B"
"EVF","13:46:31",18,0.9,4000,14194700,"S"
"EVF","13:46:29",17.95,0.85,3400,14190700,"B"
"EVF","13:46:28",18,0.9,1000,14187300,"S"
"EVF","13:46:10",18,0.9,2000,14186300,"S"
"EVF","13:46:08",17.95,0.85,1000,14184300,"B"
"EVF","13:46:07",18,0.9,900,14183300,"S"
"EVF","13:46:06",18,0.9,6000,14182400,"S"
"EVF","13:46:02",18,0.9,8000,14176400,"S"
"EVF","13:45:58",18,0.9,28900,14168400,"S"
"EVF","13:45:37",17.95,0.85,1300,14139500,"B"
"EVF","13:45:27",17.95,0.85,3000,14138200,"B"
"EVF","13:45:23",18,0.9,1100,14135200,"S"
"EVF","13:44:42",18,0.9,20000,14134100,"S"
"EVF","13:44:15",18,0.9,10000,14114100,"S"
"EVF","13:44:11",18,0.9,5000,14104100,"S"
"EVF","13:44:06",18,0.9,19000,14099100,"S"
"EVF","13:43:06",17.95,0.85,5000,14080100,"B"
"EVF","13:42:57",18,0.9,7000,14075100,"S"
"EVF","13:42:53",18,0.9,6000,14068100,"S"
"EVF","13:42:51",18,0.9,5000,14062100,"S"
"EVF","13:42:47",18,0.9,19000,14057100,"S"
"EVF","13:42:43",18,0.9,200,14038100,"S"
"EVF","13:42:42",18,0.9,15000,14037900,"S"
"EVF","13:42:38",17.95,0.85,100,14022900,"B"
"EVF","13:42:34",17.95,0.85,15000,14022800,"B"
"EVF","13:42:26",17.95,0.85,100,14007800,"B"
"EVF","13:42:12",18,0.9,10000,14007700,"S"
"EVF","13:42:08",18,0.9,8000,13997700,"S"
"EVF","13:42:04",18,0.9,5000,13989700,"S"
"EVF","13:42:03",17.95,0.85,500,13984700,"B"
"EVF","13:41:51",17.95,0.85,1000,13984200,"B"
"EVF","13:41:43",17.95,0.85,1000,13983200,"B"
"EVF","13:41:37",17.95,0.85,25000,13982200,"S"
"EVF","13:41:33",17.95,0.85,10000,13957200,"S"
"EVF","13:41:32",17.95,0.85,31000,13947200,"S"
"EVF","13:41:31",17.9,0.8,500,13916200,"B"
"EVF","13:41:28",17.95,0.85,3700,13915700,"S"
"EVF","13:41:26",17.9,0.8,100,13912000,"B"
"EVF","13:41:18",17.95,0.85,4700,13911900,"S"
"EVF","13:41:17",17.95,0.85,5300,13907200,"S"
"EVF","13:41:16",17.9,0.8,100,13901900,"B"
"EVF","13:41:12",17.95,0.85,20000,13901800,"S"
"EVF","13:41:12",17.9,0.8,100,13881800,"B"
"EVF","13:41:01",17.9,0.8,100,13881700,"B"
"EVF","13:40:56",17.9,0.8,600,13881600,"B"
"EVF","13:40:54",17.9,0.8,100,13881000,"B"
"EVF","13:40:50",17.9,0.8,100,13880900,"B"
"EVF","13:40:43",17.9,0.8,100,13880800,"B"
"EVF","13:40:39",17.9,0.8,100,13880700,"B"
"EVF","13:40:28",17.9,0.8,100,13880600,"B"
"EVF","13:40:21",17.9,0.8,100,13880500,"B"
"EVF","13:40:19",17.9,0.8,10000,13880400,"B"
"EVF","13:40:08",17.9,0.8,1000,13870400,"B"
"EVF","13:39:59",17.95,0.85,1000,13869400,"S"
"EVF","13:39:53",17.9,0.8,100,13868400,"B"
"EVF","13:39:49",17.9,0.8,100,13868300,"B"
"EVF","13:39:39",17.9,0.8,100,13868200,"B"
"EVF","13:39:38",17.95,0.85,1000,13868100,"S"
"EVF","13:39:33",17.95,0.85,100,13867100,"S"
"EVF","13:39:32",17.9,0.8,100,13867000,"B"
"EVF","13:39:16",17.95,0.85,100,13866900,"S"
"EVF","13:38:54",17.95,0.85,5000,13866800,"S"
"EVF","13:38:41",17.95,0.85,100,13861800,"S"
"EVF","13:38:39",17.9,0.8,100,13861700,"B"
"EVF","13:38:35",17.9,0.8,400,13861600,"B"
"EVF","13:38:33",17.9,0.8,100,13861200,"B"
"EVF","13:38:28",17.9,0.8,100,13861100,"B"
"EVF","13:38:27",17.95,0.85,12100,13861000,"S"
"EVF","13:38:24",17.9,0.8,100,13848900,"B"
"EVF","13:38:23",17.95,0.85,1100,13848800,"S"
"EVF","13:38:21",17.95,0.85,300,13847700,"S"
"EVF","13:38:18",17.9,0.8,100,13847400,"B"
"EVF","13:37:56",17.9,0.8,100,13847300,"B"
"EVF","13:37:41",17.9,0.8,1000,13847200,"B"
"EVF","13:37:34",17.9,0.8,2300,13846200,"B"
"EVF","13:37:32",17.9,0.8,2600,13843900,"B"
"EVF","13:37:29",17.95,0.85,1000,13841300,"S"
"EVF","13:37:26",17.9,0.8,10000,13840300,"B"
"EVF","13:37:19",17.9,0.8,2100,13830300,"B"
"EVF","13:37:13",17.95,0.85,3700,13828200,"S"
"EVF","13:37:03",17.9,0.8,40000,13824500,"B"
"EVF","13:36:57",17.95,0.85,1000,13784500,"S"
"EVF","13:36:56",17.95,0.85,2000,13783500,"S"
"EVF","13:36:54",17.95,0.85,20000,13781500,"S"
"EVF","13:36:47",17.95,0.85,400,13761500,"S"
"EVF","13:36:45",17.95,0.85,2000,13761100,"S"
"EVF","13:36:40",17.95,0.85,100,13759100,"S"
"EVF","13:36:39",17.95,0.85,8000,13759000,"S"
"EVF","13:36:35",17.95,0.85,1500,13751000,"S"
"EVF","13:36:35",17.95,0.85,5000,13749500,"S"
"EVF","13:36:32",17.9,0.8,1600,13744500,"B"
"EVF","13:36:26",17.95,0.85,5000,13742900,"S"
"EVF","13:36:21",17.95,0.85,10000,13737900,"S"
"EVF","13:35:54",17.95,0.85,60000,13727900,"S"
"EVF","13:35:44",17.95,0.85,80000,13667900,"S"
"EVF","13:35:43",17.9,0.8,400,13587900,"B"
"EVF","13:35:40",17.9,0.8,1000,13587500,"B"
"EVF","13:35:12",17.9,0.8,10000,13586500,"B"
"EVF","13:35:01",17.9,0.8,300,13576500,"B"
"EVF","13:34:55",17.95,0.85,100,13576200,"S"
"EVF","13:34:54",17.95,0.85,15000,13576100,"S"
"EVF","13:34:50",17.95,0.85,30000,13561100,"S"
"EVF","13:34:47",17.95,0.85,5000,13531100,"S"
"EVF","13:34:45",17.95,0.85,10100,13526100,"S"
"EVF","13:34:41",17.95,0.85,30000,13516000,"S"
"EVF","13:34:36",17.95,0.85,50000,13486000,"S"
"EVF","13:34:33",17.95,0.85,100,13436000,"S"
"EVF","13:34:07",17.95,0.85,287800,13435900,"B"
"EVF","13:34:06",18,0.9,100,13148100,"S"
"EVF","13:33:13",18,0.9,100,13148000,"S"
"EVF","13:33:02",17.95,0.85,9000,13147900,"B"
"EVF","13:32:59",17.95,0.85,20000,13138900,"B"
"EVF","13:32:19",18,0.9,600,13118900,"S"
"EVF","13:31:43",18,0.9,10000,13118300,"S"
"EVF","13:31:30",18,0.9,1300,13108300,"S"
"EVF","13:31:27",18,0.9,500,13107000,"S"
"EVF","13:31:09",18,0.9,20000,13106500,"S"
"EVF","13:30:42",18,0.9,1000,13086500,"S"
"EVF","13:30:40",18,0.9,2800,13085500,"S"
"EVF","13:30:39",17.95,0.85,100,13082700,"B"
"EVF","13:30:33",18,0.9,500,13082600,"S"
"EVF","13:30:26",18,0.9,500,13082100,"S"
"EVF","13:30:13",18,0.9,800,13081600,"B"
"EVF","13:30:12",18,0.9,500,13080800,"B"
"EVF","13:30:10",18,0.9,1700,13080300,"S"
"EVF","13:30:08",18,0.9,5100,13078600,"S"
"EVF","13:30:03",18,0.9,2000,13073500,"S"
"EVF","13:30:01",18,0.9,300,13071500,"S"
"EVF","13:29:57",18,0.9,1000,13071200,"S"
"EVF","13:29:44",18,0.9,1000,13070200,"S"
"EVF","13:29:40",18,0.9,15000,13069200,"S"
"EVF","13:29:39",18,0.9,4000,13054200,"S"
"EVF","13:29:36",18,0.9,8600,13050200,"S"
"EVF","13:29:35",18,0.9,22400,13041600,"S"
"EVF","13:29:31",18,0.9,500,13019200,"S"
"EVF","13:29:30",18,0.9,3000,13018700,"S"
"EVF","13:29:28",18,0.9,1000,13015700,"S"
"EVF","13:29:12",18,0.9,1700,13014700,"S"
"EVF","13:28:56",18,0.9,4000,13013000,"S"
"EVF","13:28:55",18,0.9,1300,13009000,"S"
"EVF","13:28:44",18,0.9,15000,13007700,"S"
"EVF","13:28:42",18,0.9,12000,12992700,"S"
"EVF","13:28:40",18,0.9,1000,12980700,"S"
"EVF","13:28:38",18,0.9,6000,12979700,"S"
"EVF","13:28:35",18,0.9,5000,12973700,"S"
"EVF","13:28:33",18,0.9,500,12968700,"S"
"EVF","13:28:30",18,0.9,1000,12968200,"S"
"EVF","13:28:29",18,0.9,500,12967200,"S"
"EVF","13:28:23",18,0.9,300,12966700,"S"
"EVF","13:28:21",18,0.9,5000,12966400,"S"
"EVF","13:28:15",18,0.9,500,12961400,"S"
"EVF","13:28:15",18,0.9,20000,12960900,"S"
"EVF","13:28:15",17.95,0.85,600,12940900,"B"
"EVF","13:28:13",18,0.9,100,12940300,"S"
"EVF","13:28:13",18,0.9,800,12940200,"S"
"EVF","13:28:12",18,0.9,5000,12939400,"S"
"EVF","13:28:12",18,0.9,500,12934400,"S"
"EVF","13:28:11",18,0.9,500,12933900,"S"
"EVF","13:28:09",17.95,0.85,100,12933400,"B"
"EVF","13:28:09",18,0.9,1400,12933300,"S"
"EVF","13:28:01",18,0.9,1200,12931900,"S"
"EVF","13:27:58",18,0.9,10100,12930700,"S"
"EVF","13:27:57",18,0.9,1000,12920600,"S"
"EVF","13:27:54",18,0.9,100000,12919600,"S"
"EVF","13:27:50",18,0.9,5000,12819600,"S"
"EVF","13:27:48",18,0.9,8000,12814600,"S"
"EVF","13:27:47",18,0.9,100,12806600,"S"
"EVF","13:27:45",18,0.9,2000,12806500,"S"
"EVF","13:27:40",18,0.9,1600,12804500,"S"
"EVF","13:27:40",18,0.9,6200,12802900,"S"
"EVF","13:27:37",18,0.9,3000,12796700,"S"
"EVF","13:27:35",18,0.9,100,12793700,"S"
"EVF","13:27:33",18,0.9,6000,12793600,"S"
"EVF","13:27:32",17.95,0.85,100,12787600,"B"
"EVF","13:27:29",18,0.9,1000,12787500,"S"
"EVF","13:27:09",18,0.9,1000,12786500,"S"
"EVF","13:27:08",18,0.9,100,12785500,"S"
"EVF","13:27:06",18,0.9,28000,12785400,"S"
"EVF","13:26:57",18,0.9,30000,12757400,"S"
"EVF","13:26:56",17.95,0.85,5000,12727400,"B"
"EVF","13:26:53",18,0.9,10000,12722400,"S"
"EVF","13:26:49",18,0.9,8000,12712400,"S"
"EVF","13:26:44",18,0.9,5000,12704400,"S"
"EVF","13:26:43",18,0.9,100,12699400,"S"
"EVF","13:26:41",17.95,0.85,800,12699300,"B"
"EVF","13:26:30",18,0.9,1000,12698500,"S"
"EVF","13:26:25",18,0.9,15000,12697500,"S"
"EVF","13:26:21",17.95,0.85,300,12682500,"B"
"EVF","13:26:20",18,0.9,20000,12682200,"S"
"EVF","13:26:14",18,0.9,8000,12662200,"S"
"EVF","13:26:13",18,0.9,17800,12654200,"S"
"EVF","13:26:09",18,0.9,6000,12636400,"S"
"EVF","13:26:08",17.95,0.85,200,12630400,"B"
"EVF","13:26:07",18,0.9,600,12630200,"S"
"EVF","13:26:00",17.95,0.85,500,12629600,"B"
"EVF","13:25:53",17.95,0.85,1300,12629100,"B"
"EVF","13:25:50",18,0.9,1200,12627800,"S"
"EVF","13:25:49",17.95,0.85,20000,12626600,"B"
"EVF","13:25:48",18,0.9,500,12606600,"S"
"EVF","13:25:42",18,0.9,50000,12606100,"S"
"EVF","13:25:41",17.95,0.85,1600,12556100,"B"
"EVF","13:25:33",17.95,0.85,3500,12554500,"B"
"EVF","13:25:30",17.95,0.85,2000,12551000,"B"
"EVF","13:25:24",17.95,0.85,20000,12549000,"B"
"EVF","13:25:23",18,0.9,100,12529000,"S"
"EVF","13:25:22",17.95,0.85,10000,12528900,"B"
"EVF","13:25:17",17.95,0.85,1000,12518900,"B"
"EVF","13:25:13",17.95,0.85,15900,12517900,"B"
"EVF","13:25:06",17.95,0.85,2000,12502000,"B"
"EVF","13:24:58",18,0.9,200,12500000,"S"
"EVF","13:24:57",18,0.9,7100,12499800,"S"
"EVF","13:24:47",18.05,0.95,9700,12492700,"S"
"EVF","13:24:47",18,0.9,2500,12483000,"S"
"EVF","13:24:45",18,0.9,400,12480500,"B"
"EVF","13:24:45",18,0.9,1800,12480100,"B"
"EVF","13:24:44",18,0.9,4000,12478300,"B"
"EVF","13:24:43",18.05,0.95,400,12474300,"S"
"EVF","13:24:41",18,0.9,300,12473900,"B"
"EVF","13:24:41",18,0.9,400,12473600,"B"
"EVF","13:24:40",18,0.9,301600,12473200,"B"
"EVF","13:24:37",18.05,0.95,500,12171600,"S"
"EVF","13:24:33",18.05,0.95,80700,12171100,"B"
"EVF","13:24:31",18.05,0.95,1000,12090400,"B"
"EVF","13:24:29",18.05,0.95,51000,12089400,"B"
"EVF","13:24:23",18.05,0.95,800,12038400,"B"
"EVF","13:24:21",18.1,1,1000,12037600,"S"
"EVF","13:24:21",18.05,0.95,6000,12036600,"B"
"EVF","13:24:13",18.1,1,7000,12030600,"S"
"EVF","13:24:09",18.1,1,4000,12023600,"S"
"EVF","13:24:08",18.05,0.95,3200,12019600,"B"
"EVF","13:24:07",18.1,1,500,12016400,"S"
"EVF","13:24:04",18.05,0.95,38000,12015900,"B"
"EVF","13:24:03",18.05,0.95,1000,11977900,"B"
"EVF","13:23:56",18.1,1,287400,11976900,"B"
"EVF","13:23:54",18.15,1.05,11000,11689500,"S"
"EVF","13:23:50",18.15,1.05,10000,11678500,"S"
"EVF","13:23:47",18.1,1,5000,11668500,"B"
"EVF","13:23:41",18.15,1.05,1000,11663500,"S"
"EVF","13:23:40",18.15,1.05,200,11662500,"S"
"EVF","13:23:33",18.15,1.05,500,11662300,"S"
"EVF","13:23:31",18.15,1.05,163700,11661800,"B"
"EVF","13:23:30",18.15,1.05,5000,11498100,"B"
"EVF","13:23:29",18.2,1.1,100,11493100,"S"
"EVF","13:23:25",18.2,1.1,6000,11493000,"S"
"EVF","13:23:24",18.2,1.1,500,11487000,"S"
"EVF","13:23:17",18.15,1.05,6000,11486500,"B"
"EVF","13:23:17",18.2,1.1,200,11480500,"S"
"EVF","13:23:11",18.2,1.1,500,11480300,"S"
"EVF","13:23:07",18.15,1.05,6500,11479800,"B"
"EVF","13:23:05",18.2,1.1,10000,11473300,"S"
"EVF","13:23:02",18.2,1.1,30000,11463300,"S"
"EVF","13:22:59",18.2,1.1,700,11433300,"S"
"EVF","13:22:52",18.2,1.1,1600,11432600,"S"
"EVF","13:22:49",18.2,1.1,100,11431000,"S"
"EVF","13:22:47",18.2,1.1,60000,11430900,"S"
"EVF","13:22:45",18.2,1.1,500,11370900,"S"
"EVF","13:22:43",18.2,1.1,500,11370400,"S"
"EVF","13:22:41",18.2,1.1,30000,11369900,"S"
"EVF","13:22:39",18.15,1.05,100,11339900,"B"
"EVF","13:22:38",18.2,1.1,20000,11339800,"S"
"EVF","13:22:27",18.15,1.05,6000,11319800,"B"
"EVF","13:22:26",18.2,1.1,6000,11313800,"S"
"EVF","13:22:24",18.2,1.1,2000,11307800,"S"
"EVF","13:22:22",18.2,1.1,6600,11305800,"S"
"EVF","13:22:21",18.2,1.1,1000,11299200,"S"
"EVF","13:22:20",18.2,1.1,2000,11298200,"S"
"EVF","13:22:19",18.2,1.1,19000,11296200,"S"
"EVF","13:22:19",18.2,1.1,1200,11277200,"S"
"EVF","13:22:16",18.2,1.1,10000,11276000,"S"
"EVF","13:22:15",18.2,1.1,100,11266000,"S"
"EVF","13:22:12",18.2,1.1,35000,11265900,"S"
"EVF","13:22:11",18.2,1.1,32000,11230900,"S"
"EVF","13:22:07",18.2,1.1,80000,11198900,"S"
"EVF","13:22:06",18.2,1.1,1200,11118900,"S"
"EVF","13:22:01",18.2,1.1,100,11117700,"S"
"EVF","13:21:59",18.2,1.1,100,11117600,"S"
"EVF","13:21:59",18.2,1.1,8000,11117500,"S"
"EVF","13:21:58",18.2,1.1,50000,11109500,"S"
"EVF","13:21:58",18.2,1.1,100,11059500,"S"
"EVF","13:21:57",18.2,1.1,300,11059400,"S"
"EVF","13:21:55",18.2,1.1,100,11059100,"S"
"EVF","13:21:46",18.2,1.1,50100,11059000,"S"
"EVF","13:21:41",18.15,1.05,44500,11008900,"S"
"EVF","13:21:39",18.15,1.05,20000,10964400,"S"
"EVF","13:21:39",18.15,1.05,2800,10944400,"S"
"EVF","13:21:38",18.15,1.05,500,10941600,"S"
"EVF","13:21:37",18.1,1,400,10941100,"B"
"EVF","13:21:35",18.15,1.05,30000,10940700,"S"
"EVF","13:21:34",18.15,1.05,1000,10910700,"S"
"EVF","13:21:33",18.15,1.05,4600,10909700,"S"
"EVF","13:21:31",18.15,1.05,2000,10905100,"S"
"EVF","13:21:29",18.15,1.05,400,10903100,"S"
"EVF","13:21:25",18.15,1.05,17000,10902700,"S"
"EVF","13:21:24",18.15,1.05,100,10885700,"S"
"EVF","13:21:20",18.15,1.05,15000,10885600,"S"
"EVF","13:21:18",18.15,1.05,19000,10870600,"S"
"EVF","13:21:16",18.15,1.05,2000,10851600,"S"
"EVF","13:21:15",18.15,1.05,30000,10849600,"S"
"EVF","13:21:12",18.15,1.05,1000,10819600,"S"
"EVF","13:21:09",18.15,1.05,1000,10818600,"S"
"EVF","13:21:07",18.15,1.05,50000,10817600,"S"
"EVF","13:21:04",18.15,1.05,2100,10767600,"S"
"EVF","13:21:04",18.1,1,1000,10765500,"B"
"EVF","13:20:55",18.15,1.05,150000,10764500,"S"
"EVF","13:20:52",18.1,1,5000,10614500,"B"
"EVF","13:20:50",18.1,1,1000,10609500,"B"
"EVF","13:20:48",18.1,1,1000,10608500,"B"
"EVF","13:20:47",18.1,1,34500,10607500,"S"
"EVF","13:20:46",18.05,0.95,20000,10573000,"B"
"EVF","13:20:46",18.1,1,3400,10553000,"S"
"EVF","13:20:45",18.1,1,2000,10549600,"S"
"EVF","13:20:44",18.1,1,200,10547600,"S"
"EVF","13:20:44",18.1,1,50000,10547400,"S"
"EVF","13:20:43",18.1,1,500,10497400,"S"
"EVF","13:20:42",18.1,1,5000,10496900,"S"
"EVF","13:20:40",18.1,1,3300,10491900,"S"
"EVF","13:20:39",18.1,1,11000,10488600,"S"
"EVF","13:20:38",18.1,1,4700,10477600,"S"
"EVF","13:20:36",18.1,1,50000,10472900,"S"
"EVF","13:20:30",18.1,1,200000,10422900,"S"
"EVF","13:20:26",18.1,1,200000,10222900,"S"
"EVF","13:20:19",18.05,0.95,99400,10022900,"S"
"EVF","13:20:17",18.05,0.95,10000,9923500,"S"
"EVF","13:20:11",18.05,0.95,50000,9913500,"S"
"EVF","13:20:09",18,0.9,3000,9863500,"B"
"EVF","13:20:07",18.05,0.95,500,9860500,"S"
"EVF","13:20:00",18.05,0.95,400,9860000,"S"
"EVF","13:19:58",18.05,0.95,2000,9859600,"S"
"EVF","13:19:56",18.05,0.95,10000,9857600,"S"
"EVF","13:19:52",18.05,0.95,600,9847600,"S"
"EVF","13:19:51",18.05,0.95,100,9847000,"S"
"EVF","13:19:50",18.05,0.95,3000,9846900,"S"
"EVF","13:19:43",18.05,0.95,100000,9843900,"S"
"EVF","13:19:43",18,0.9,500,9743900,"B"
"EVF","13:19:40",18.05,0.95,8000,9743400,"S"
"EVF","13:19:34",18.05,0.95,100,9735400,"S"
"EVF","13:19:32",18.05,0.95,8600,9735300,"S"
"EVF","13:19:30",18,0.9,300,9726700,"B"
"EVF","13:19:28",18,0.9,100,9726400,"B"
"EVF","13:19:28",18,0.9,2000,9726300,"B"
"EVF","13:19:28",18.05,0.95,9700,9724300,"S"
"EVF","13:19:27",18.05,0.95,300,9714600,"S"
"EVF","13:19:25",18,0.9,3000,9714300,"B"
"EVF","13:19:22",18,0.9,400,9711300,"B"
"EVF","13:19:19",18,0.9,20600,9710900,"B"
"EVF","13:19:15",18,0.9,100,9690300,"B"
"EVF","13:19:09",18,0.9,10000,9690200,"B"
"EVF","13:19:07",18,0.9,500,9680200,"B"
"EVF","13:19:06",18,0.9,600,9679700,"S"
"EVF","13:19:05",18,0.9,5800,9679100,"S"
"EVF","13:19:04",18,0.9,7000,9673300,"S"
"EVF","13:19:02",17.95,0.85,1000,9666300,"B"
"EVF","13:19:02",18,0.9,29700,9665300,"S"
"EVF","13:19:00",18,0.9,200,9635600,"S"
"EVF","13:18:59",18,0.9,23500,9635400,"S"
"EVF","13:18:57",18,0.9,400,9611900,"S"
"EVF","13:18:56",18,0.9,2000,9611500,"S"
"EVF","13:18:55",18,0.9,70000,9609500,"S"
"EVF","13:18:55",18,0.9,500,9539500,"S"
"EVF","13:18:54",18,0.9,5000,9539000,"S"
"EVF","13:18:52",18,0.9,100000,9534000,"S"
"EVF","13:18:48",18,0.9,50000,9434000,"S"
"EVF","13:18:48",17.95,0.85,500,9384000,"B"
"EVF","13:18:47",18,0.9,10000,9383500,"S"
"EVF","13:18:45",18,0.9,1000,9373500,"S"
"EVF","13:18:42",18,0.9,800,9372500,"S"
"EVF","13:18:41",18,0.9,1000,9371700,"S"
"EVF","13:18:39",18,0.9,16800,9370700,"S"
"EVF","13:18:38",18,0.9,14500,9353900,"S"
"EVF","13:18:37",18,0.9,2000,9339400,"S"
"EVF","13:18:36",18,0.9,200,9337400,"S"
"EVF","13:18:34",17.95,0.85,3000,9337200,"B"
"EVF","13:18:32",18,0.9,900,9334200,"S"
"EVF","13:18:31",18,0.9,30000,9333300,"S"
"EVF","13:18:30",18,0.9,2000,9303300,"S"
"EVF","13:18:29",18,0.9,2000,9301300,"S"
"EVF","13:18:28",17.95,0.85,100,9299300,"B"
"EVF","13:18:27",18,0.9,118000,9299200,"S"
"EVF","13:18:25",18,0.9,3000,9181200,"S"
"EVF","13:18:24",18,0.9,300,9178200,"S"
"EVF","13:18:23",18,0.9,4400,9177900,"S"
"EVF","13:18:22",18,0.9,100,9173500,"S"
"EVF","13:18:22",17.95,0.85,100,9173400,"B"
"EVF","13:18:21",18,0.9,5000,9173300,"S"
"EVF","13:18:16",17.95,0.85,1000,9168300,"B"
"EVF","13:18:14",18,0.9,5500,9167300,"S"
"EVF","13:18:12",18,0.9,300000,9161800,"S"
"EVF","13:18:09",17.95,0.85,100,8861800,"B"
"EVF","13:18:09",18,0.9,13000,8861700,"S"
"EVF","13:18:07",18,0.9,100000,8848700,"S"
"EVF","13:18:06",18,0.9,20000,8748700,"S"
"EVF","13:18:03",18,0.9,30000,8728700,"S"
"EVF","13:17:59",18,0.9,2000,8698700,"S"
"EVF","13:17:52",18,0.9,50000,8696700,"S"
"EVF","13:17:47",17.95,0.85,4300,8646700,"B"
"EVF","13:17:45",17.95,0.85,2000,8642400,"B"
"EVF","13:17:43",18,0.9,6000,8640400,"S"
"EVF","13:17:41",17.95,0.85,13400,8634400,"S"
"EVF","13:17:40",17.95,0.85,42800,8621000,"S"
"EVF","13:17:39",17.95,0.85,1000,8578200,"S"
"EVF","13:17:33",17.95,0.85,700,8577200,"S"
"EVF","13:17:33",17.9,0.8,1000,8576500,"B"
"EVF","13:17:32",17.95,0.85,50000,8575500,"S"
"EVF","13:17:29",17.95,0.85,400,8525500,"S"
"EVF","13:17:27",17.95,0.85,30000,8525100,"S"
"EVF","13:17:23",17.95,0.85,17100,8495100,"S"
"EVF","13:17:20",17.9,0.8,100,8478000,"B"
"EVF","13:17:18",17.95,0.85,100000,8477900,"S"
"EVF","13:17:12",17.95,0.85,30000,8377900,"S"
"EVF","13:17:08",17.95,0.85,2000,8347900,"S"
"EVF","13:17:08",17.9,0.8,1000,8345900,"B"
"EVF","13:17:07",17.9,0.8,1000,8344900,"B"
"EVF","13:17:03",17.9,0.8,2000,8343900,"B"
"EVF","13:17:02",17.9,0.8,50000,8341900,"B"
"EVF","13:17:01",17.9,0.8,2000,8291900,"B"
"EVF","13:16:59",17.9,0.8,21400,8289900,"S"
"EVF","13:16:53",17.85,0.75,50000,8268500,"B"
"EVF","13:16:52",17.9,0.8,2800,8218500,"S"
"EVF","13:16:48",17.9,0.8,300,8215700,"S"
"EVF","13:16:41",17.9,0.8,7700,8215400,"S"
"EVF","13:16:35",17.9,0.8,50000,8207700,"S"
"EVF","13:16:34",17.9,0.8,500,8157700,"S"
"EVF","13:16:34",17.9,0.8,2000,8157200,"S"
"EVF","13:16:26",17.9,0.8,28400,8155200,"B"
"EVF","13:16:22",17.95,0.85,600,8126800,"S"
"EVF","13:16:11",17.95,0.85,10000,8126200,"S"
"EVF","13:16:08",17.95,0.85,500,8116200,"S"
"EVF","13:16:01",17.9,0.8,29100,8115700,"S"
"EVF","13:16:00",17.9,0.8,6000,8086600,"S"
"EVF","13:15:59",17.9,0.8,8900,8080600,"S"
"EVF","13:15:56",17.9,0.8,2000,8071700,"S"
"EVF","13:15:55",17.9,0.8,18100,8069700,"S"
"EVF","13:15:54",17.9,0.8,100,8051600,"S"
"EVF","13:15:53",17.9,0.8,3200,8051500,"S"
"EVF","13:15:50",17.9,0.8,1000,8048300,"S"
"EVF","13:15:49",17.9,0.8,10000,8047300,"S"
"EVF","13:15:47",17.9,0.8,200000,8037300,"S"
"EVF","13:15:42",17.9,0.8,9000,7837300,"S"
"EVF","13:15:38",17.9,0.8,200,7828300,"S"
"EVF","13:15:38",17.9,0.8,1500,7828100,"S"
"EVF","13:15:33",17.9,0.8,200,7826600,"S"
"EVF","13:15:31",17.85,0.75,100,7826400,"B"
"EVF","13:15:28",17.9,0.8,10200,7826300,"S"
"EVF","13:15:28",17.85,0.75,163900,7816100,"S"
"EVF","13:15:22",17.85,0.75,5000,7652200,"S"
"EVF","13:15:21",17.85,0.75,4100,7647200,"S"
"EVF","13:15:17",17.8,0.7,10000,7643100,"B"
"EVF","13:15:08",17.85,0.75,1500,7633100,"S"
"EVF","13:15:08",17.8,0.7,34700,7631600,"S"
"EVF","13:15:07",17.8,0.7,2000,7596900,"S"
"EVF","13:15:06",17.8,0.7,90000,7594900,"S"
"EVF","13:15:05",17.8,0.7,300000,7504900,"S"
"EVF","13:14:58",17.8,0.7,50000,7204900,"S"
"EVF","13:14:52",17.75,0.65,100,7154900,"B"
"EVF","13:14:47",17.8,0.7,40000,7154800,"S"
"EVF","13:14:43",17.8,0.7,11000,7114800,"S"
"EVF","13:14:40",17.75,0.65,200,7103800,"B"
"EVF","13:14:40",17.8,0.7,50000,7103600,"S"
"EVF","13:14:37",17.8,0.7,30000,7053600,"S"
"EVF","13:14:34",17.8,0.7,23100,7023600,"S"
"EVF","13:14:34",17.75,0.65,31900,7000500,"S"
"EVF","13:14:33",17.75,0.65,6000,6968600,"S"
"EVF","13:14:32",17.75,0.65,30000,6962600,"S"
"EVF","13:14:25",17.75,0.65,3000,6932600,"S"
"EVF","13:14:24",17.75,0.65,1000,6929600,"S"
"EVF","13:14:23",17.75,0.65,15000,6928600,"S"
"EVF","13:14:22",17.75,0.65,16900,6913600,"S"
"EVF","13:14:22",17.7,0.6,200,6896700,"B"
"EVF","13:14:21",17.75,0.65,10000,6896500,"S"
"EVF","13:14:10",17.7,0.6,300,6886500,"B"
"EVF","13:14:05",17.75,0.65,50000,6886200,"S"
"EVF","13:14:04",17.7,0.6,100,6836200,"B"
"EVF","13:13:51",17.7,0.6,28900,6836100,"S"
"EVF","13:13:51",17.7,0.6,155500,6807200,"S"
"EVF","13:13:44",17.7,0.6,2000,6651700,"S"
"EVF","13:13:42",17.7,0.6,22000,6649700,"S"
"EVF","13:13:38",17.7,0.6,200,6627700,"S"
"EVF","13:13:32",17.7,0.6,300,6627500,"S"
"EVF","13:13:30",17.7,0.6,10000,6627200,"S"
"EVF","13:13:28",17.7,0.6,100,6617200,"S"
"EVF","13:13:28",17.7,0.6,30000,6617100,"S"
"EVF","13:13:21",17.7,0.6,19000,6587100,"S"
"EVF","13:13:10",17.65,0.55,11200,6568100,"B"
"EVF","13:12:58",17.65,0.55,900,6556900,"S"
"EVF","13:12:55",17.65,0.55,1100,6556000,"S"
"EVF","13:12:54",17.65,0.55,3900,6554900,"S"
"EVF","13:12:54",17.65,0.55,15000,6551000,"S"
"EVF","13:12:53",17.65,0.55,500,6536000,"S"
"EVF","13:12:51",17.65,0.55,19700,6535500,"S"
"EVF","13:12:47",17.65,0.55,10000,6515800,"S"
"EVF","13:12:45",17.65,0.55,70000,6505800,"S"
"EVF","13:12:45",17.65,0.55,20000,6435800,"S"
"EVF","13:12:41",17.65,0.55,60000,6415800,"S"
"EVF","13:12:38",17.65,0.55,36000,6355800,"S"
"EVF","13:12:30",17.6,0.5,5000,6319800,"B"
"EVF","13:12:28",17.6,0.5,5000,6314800,"B"
"EVF","13:12:27",17.65,0.55,11300,6309800,"S"
"EVF","13:12:25",17.6,0.5,41800,6298500,"S"
"EVF","13:12:21",17.6,0.5,2200,6256700,"S"
"EVF","13:12:14",17.6,0.5,6200,6254500,"B"
"EVF","13:12:13",17.6,0.5,1000,6248300,"B"
"EVF","13:12:09",17.6,0.5,100,6247300,"B"
"EVF","13:12:01",17.6,0.5,6700,6247200,"S"
"EVF","13:11:59",17.6,0.5,5000,6240500,"S"
"EVF","13:11:55",17.6,0.5,60000,6235500,"S"
"EVF","13:11:53",17.55,0.45,1300,6175500,"B"
"EVF","13:11:51",17.6,0.5,9500,6174200,"S"
"EVF","13:11:51",17.6,0.5,50000,6164700,"S"
"EVF","13:11:46",17.6,0.5,15000,6114700,"S"
"EVF","13:11:44",17.6,0.5,700,6099700,"S"
"EVF","13:11:41",17.6,0.5,4000,6099000,"S"
"EVF","13:11:40",17.6,0.5,10000,6095000,"S"
"EVF","13:11:35",17.6,0.5,100000,6085000,"S"
"EVF","13:11:26",17.6,0.5,300,5985000,"S"
"EVF","13:11:24",17.6,0.5,12000,5984700,"S"
"EVF","13:11:20",17.6,0.5,33000,5972700,"S"
"EVF","13:11:15",17.6,0.5,20000,5939700,"S"
"EVF","13:11:09",17.6,0.5,18000,5919700,"S"
"EVF","13:11:08",17.55,0.45,200,5901700,"B"
"EVF","13:11:04",17.6,0.5,50000,5901500,"S"
"EVF","13:11:00",17.6,0.5,30000,5851500,"S"
"EVF","13:10:59",17.55,0.45,2000,5821500,"B"
"EVF","13:10:53",17.6,0.5,10000,5819500,"S"
"EVF","13:10:51",17.55,0.45,100,5809500,"B"
"EVF","13:10:49",17.6,0.5,19000,5809400,"S"
"EVF","13:10:46",17.55,0.45,3000,5790400,"B"
"EVF","13:10:45",17.6,0.5,200,5787400,"S"
"EVF","13:10:38",17.55,0.45,500,5787200,"B"
"EVF","13:10:37",17.55,0.45,1200,5786700,"S"
"EVF","13:10:33",17.55,0.45,300,5785500,"S"
"EVF","13:10:29",17.55,0.45,1800,5785200,"B"
"EVF","13:10:25",17.55,0.45,68200,5783400,"S"
"EVF","13:10:21",17.55,0.45,3400,5715200,"S"
"EVF","13:10:18",17.55,0.45,19000,5711800,"S"
"EVF","13:10:18",17.55,0.45,100,5692800,"S"
"EVF","13:10:15",17.55,0.45,15000,5692700,"S"
"EVF","13:10:14",17.55,0.45,30000,5677700,"S"
"EVF","13:10:07",17.55,0.45,5000,5647700,"S"
"EVF","13:10:05",17.5,0.4,25000,5642700,"B"
"EVF","13:10:00",17.55,0.45,5100,5617700,"S"
"EVF","13:09:57",17.55,0.45,30000,5612600,"S"
"EVF","13:09:52",17.5,0.4,500,5582600,"B"
"EVF","13:09:49",17.55,0.45,50000,5582100,"S"
"EVF","13:09:49",17.5,0.4,2000,5532100,"B"
"EVF","13:09:42",17.55,0.45,38100,5530100,"S"
"EVF","13:09:39",17.5,0.4,500,5492000,"B"
"EVF","13:09:39",17.55,0.45,18000,5491500,"S"
"EVF","13:09:37",17.55,0.45,10000,5473500,"S"
"EVF","13:09:35",17.55,0.45,5300,5463500,"S"
"EVF","13:09:30",17.55,0.45,19000,5458200,"S"
"EVF","13:09:26",17.55,0.45,10000,5439200,"S"
"EVF","13:09:24",17.55,0.45,20000,5429200,"S"
"EVF","13:09:13",17.5,0.4,37100,5409200,"S"
"EVF","13:09:09",17.5,0.4,8000,5372100,"S"
"EVF","13:09:09",17.5,0.4,500,5364100,"S"
"EVF","13:09:04",17.5,0.4,10000,5363600,"S"
"EVF","13:09:03",17.5,0.4,900,5353600,"S"
"EVF","13:09:02",17.5,0.4,500,5352700,"S"
"EVF","13:09:01",17.5,0.4,45000,5352200,"S"
"EVF","13:08:59",17.5,0.4,4000,5307200,"S"
"EVF","13:08:58",17.5,0.4,5000,5303200,"S"
"EVF","13:08:57",17.5,0.4,3000,5298200,"S"
"EVF","13:08:56",17.5,0.4,14000,5295200,"S"
"EVF","13:08:55",17.5,0.4,31600,5281200,"S"
"EVF","13:08:54",17.5,0.4,3400,5249600,"S"
"EVF","13:08:53",17.5,0.4,120000,5246200,"S"
"EVF","13:08:50",17.5,0.4,15000,5126200,"S"
"EVF","13:08:45",17.5,0.4,25000,5111200,"S"
"EVF","13:08:42",17.5,0.4,15000,5086200,"S"
"EVF","13:08:39",17.5,0.4,700,5071200,"S"
"EVF","13:08:36",17.5,0.4,30000,5070500,"S"
"EVF","13:08:35",17.5,0.4,5000,5040500,"S"
"EVF","13:08:32",17.5,0.4,200,5035500,"S"
"EVF","13:08:25",17.5,0.4,500,5035300,"S"
"EVF","13:08:25",17.5,0.4,20000,5034800,"S"
"EVF","13:08:20",17.5,0.4,100000,5014800,"S"
"EVF","13:08:17",17.5,0.4,5000,4914800,"S"
"EVF","13:08:14",17.5,0.4,81400,4909800,"S"
"EVF","13:08:10",17.5,0.4,5000,4828400,"S"
"EVF","13:08:06",17.5,0.4,17100,4823400,"S"
"EVF","13:07:52",17.5,0.4,60000,4806300,"S"
"EVF","13:07:48",17.5,0.4,19000,4746300,"S"
"EVF","13:07:48",17.45,0.35,400,4727300,"B"
"EVF","13:07:32",17.5,0.4,30000,4726900,"S"
"EVF","13:07:29",17.45,0.35,4000,4696900,"B"
"EVF","13:07:28",17.5,0.4,50000,4692900,"S"
"EVF","13:07:27",17.45,0.35,100,4642900,"B"
"EVF","13:07:22",17.45,0.35,52400,4642800,"S"
"EVF","13:07:14",17.45,0.35,30000,4590400,"S"
"EVF","13:07:12",17.45,0.35,1000,4560400,"S"
"EVF","13:07:11",17.45,0.35,60000,4559400,"S"
"EVF","13:07:04",17.45,0.35,50000,4499400,"S"
"EVF","13:06:52",17.4,0.3,5000,4449400,"B"
"EVF","13:06:44",17.4,0.3,53800,4444400,"S"
"EVF","13:06:43",17.4,0.3,45000,4390600,"S"
"EVF","13:06:42",17.4,0.3,5000,4345600,"S"
"EVF","13:06:34",17.4,0.3,10000,4340600,"S"
"EVF","13:06:17",17.4,0.3,15000,4330600,"S"
"EVF","13:06:15",17.4,0.3,300,4315600,"S"
"EVF","13:06:13",17.4,0.3,800,4315300,"S"
"EVF","13:06:11",17.4,0.3,10000,4314500,"S"
"EVF","13:06:10",17.4,0.3,65000,4304500,"S"
"EVF","13:06:07",17.4,0.3,33000,4239500,"S"
"EVF","13:06:01",17.4,0.3,20000,4206500,"S"
"EVF","13:05:58",17.4,0.3,10000,4186500,"S"
"EVF","13:05:44",17.4,0.3,40000,4176500,"S"
"EVF","13:05:30",17.4,0.3,20000,4136500,"S"
"EVF","13:05:26",17.4,0.3,50000,4116500,"S"
"EVF","13:05:22",17.35,0.25,77600,4066500,"S"
"EVF","13:05:16",17.35,0.25,2000,3988900,"S"
"EVF","13:05:14",17.35,0.25,20000,3986900,"S"
"EVF","13:05:06",17.35,0.25,3700,3966900,"S"
"EVF","13:05:04",17.35,0.25,50000,3963200,"S"
"EVF","13:05:01",17.35,0.25,10000,3913200,"S"
"EVF","13:04:53",17.3,0.2,5000,3903200,"B"
"EVF","13:04:51",17.35,0.25,5000,3898200,"S"
"EVF","13:04:42",17.35,0.25,20000,3893200,"S"
"EVF","13:04:42",17.35,0.25,100,3873200,"S"
"EVF","13:04:41",17.35,0.25,1100,3873100,"S"
"EVF","13:04:37",17.35,0.25,50000,3872000,"S"
"EVF","13:04:34",17.35,0.25,3000,3822000,"S"
"EVF","13:04:33",17.35,0.25,90000,3819000,"S"
"EVF","13:04:29",17.35,0.25,5800,3729000,"S"
"EVF","13:04:17",17.35,0.25,20000,3723200,"S"
"EVF","13:04:17",17.3,0.2,500,3703200,"B"
"EVF","13:04:03",17.35,0.25,400,3702700,"S"
"EVF","13:03:52",17.35,0.25,6000,3702300,"S"
"EVF","13:03:44",17.35,0.25,20000,3696300,"S"
"EVF","13:03:41",17.35,0.25,60000,3676300,"S"
"EVF","13:03:33",17.35,0.25,50000,3616300,"S"
"EVF","13:03:31",17.3,0.2,500,3566300,"B"
"EVF","13:02:58",17.3,0.2,37500,3565800,"S"
"EVF","13:02:52",17.25,0.15,200,3528300,"B"
"EVF","13:02:45",17.3,0.2,200,3528100,"S"
"EVF","13:02:44",17.3,0.2,40000,3527900,"S"
"EVF","13:02:38",17.3,0.2,50000,3487900,"S"
"EVF","13:02:35",17.3,0.2,100000,3437900,"S"
"EVF","13:02:21",17.25,0.15,6500,3337900,"B"
"EVF","13:02:12",17.25,0.15,500,3331400,"B"
"EVF","13:02:10",17.25,0.15,1400,3330900,"B"
"EVF","13:02:04",17.25,0.15,9100,3329500,"B"
"EVF","13:02:04",17.25,0.15,1000,3320400,"B"
"EVF","13:02:03",17.25,0.15,19300,3319400,"S"
"EVF","13:01:47",17.2,0.1,5200,3300100,"B"
"EVF","13:01:47",17.25,0.15,1100,3294900,"B"
"EVF","13:01:45",17.25,0.15,6900,3293800,"B"
"EVF","13:01:41",17.25,0.15,32800,3286900,"B"
"EVF","13:01:38",17.25,0.15,5000,3254100,"B"
"EVF","13:01:13",17.25,0.15,14200,3249100,"S"
"EVF","13:01:09",17.25,0.15,50000,3234900,"S"
"EVF","13:01:04",17.25,0.15,30000,3184900,"S"
"EVF","13:00:51",17.2,0.1,2000,3154900,"B"
"EVF","13:00:02",17.2,0.1,100,3152900,"B"
"EVF","11:29:16",17.25,0.15,3100,3152800,"S"
"EVF","11:26:51",17.25,0.15,5000,3149700,"S"
"EVF","11:26:31",17.25,0.15,10000,3144700,"S"
"EVF","11:26:07",17.25,0.15,10000,3134700,"S"
"EVF","11:25:49",17.25,0.15,20000,3124700,"S"
"EVF","11:24:00",17.25,0.15,20000,3104700,"S"
"EVF","11:23:49",17.2,0.1,1900,3084700,"B"
"EVF","11:23:42",17.25,0.15,15000,3082800,"S"
"EVF","11:23:34",17.2,0.1,2700,3067800,"B"
"EVF","11:22:33",17.25,0.15,5000,3062800,"S"
"EVF","11:22:07",17.25,0.15,11900,3057800,"B"
"EVF","11:22:02",17.25,0.15,20000,3045900,"B"
"EVF","11:21:57",17.25,0.15,100,3025900,"B"
"EVF","11:21:39",17.25,0.15,1200,3025800,"B"
"EVF","11:21:39",17.25,0.15,21800,3024600,"S"
"EVF","11:20:44",17.25,0.15,2000,3002800,"B"
"EVF","11:20:34",17.25,0.15,50000,3000800,"B"
"EVF","11:20:23",17.25,0.15,2000,2950800,"B"
"EVF","11:20:16",17.25,0.15,3000,2948800,"B"
"EVF","11:20:16",17.25,0.15,10000,2945800,"B"
"EVF","11:20:05",17.25,0.15,33000,2935800,"S"
"EVF","11:19:44",17.25,0.15,62300,2902800,"B"
"EVF","11:19:34",17.25,0.15,9500,2840500,"B"
"EVF","11:18:48",17.25,0.15,100,2831000,"B"
"EVF","11:17:51",17.25,0.15,50000,2830900,"B"
"EVF","11:17:35",17.3,0.2,50000,2780900,"S"
"EVF","11:17:12",17.25,0.15,200,2730900,"B"
"EVF","11:16:41",17.25,0.15,15000,2730700,"B"
"EVF","11:16:19",17.25,0.15,31600,2715700,"S"
"EVF","11:16:15",17.2,0.1,6000,2684100,"B"
"EVF","11:15:31",17.25,0.15,5000,2678100,"S"
"EVF","11:15:27",17.25,0.15,2000,2673100,"S"
"EVF","11:15:22",17.25,0.15,1000,2671100,"S"
"EVF","11:15:17",17.25,0.15,8000,2670100,"S"
"EVF","11:15:13",17.25,0.15,6000,2662100,"S"
"EVF","11:15:08",17.25,0.15,3000,2656100,"S"
"EVF","11:14:48",17.25,0.15,9000,2653100,"S"
"EVF","11:14:44",17.25,0.15,5000,2644100,"S"
"EVF","11:14:39",17.25,0.15,3000,2639100,"S"
"EVF","11:12:54",17.25,0.15,9000,2636100,"S"
"EVF","11:12:51",17.25,0.15,7000,2627100,"S"
"EVF","11:12:46",17.25,0.15,5000,2620100,"S"
"EVF","11:11:43",17.25,0.15,10000,2615100,"S"
"EVF","11:10:55",17.2,0.1,100,2605100,"B"
"EVF","11:10:46",17.2,0.1,20500,2605000,"S"
"EVF","11:10:29",17.2,0.1,5000,2584500,"S"
"EVF","11:10:24",17.2,0.1,10000,2579500,"S"
"EVF","11:10:19",17.2,0.1,15000,2569500,"S"
"EVF","11:10:09",17.2,0.1,19000,2554500,"S"
"EVF","11:09:30",17.2,0.1,500,2535500,"S"
"EVF","11:08:24",17.2,0.1,10000,2535000,"S"
"EVF","11:08:09",17.2,0.1,20000,2525000,"S"
"EVF","11:08:02",17.2,0.1,15000,2505000,"S"
"EVF","11:07:55",17.2,0.1,8000,2490000,"S"
"EVF","11:07:49",17.2,0.1,11000,2482000,"S"
"EVF","11:07:44",17.2,0.1,5000,2471000,"S"
"EVF","11:06:47",17.15,0.05,28200,2466000,"S"
"EVF","11:06:39",17.15,0.05,11000,2437800,"S"
"EVF","11:06:32",17.15,0.05,9000,2426800,"S"
"EVF","11:06:14",17.1,0,5900,2417800,"B"
"EVF","11:06:13",17.15,0.05,11000,2411900,"S"
"EVF","11:06:04",17.15,0.05,30000,2400900,"S"
"EVF","11:04:15",17.1,0,2000,2370900,"B"
"EVF","11:03:39",17.1,0,19800,2368900,"S"
"EVF","11:03:22",17.05,-0.05,1000,2349100,"B"
"EVF","11:01:55",17.05,-0.05,8000,2348100,"B"
"EVF","10:56:34",17.05,-0.05,100,2340100,"B"
"EVF","10:55:17",17.05,-0.05,1900,2340000,"B"
"EVF","10:52:31",17.05,-0.05,1500,2338100,"B"
"EVF","10:51:19",17.1,0,100,2336600,"S"
"EVF","10:50:44",17.1,0,100,2336500,"S"
"EVF","10:50:23",17.05,-0.05,1300,2336400,"B"
"EVF","10:49:02",17.1,0,100,2335100,"S"
"EVF","10:48:46",17.05,-0.05,3000,2335000,"B"
"EVF","10:48:25",17.1,0,15000,2332000,"S"
"EVF","10:48:19",17.1,0,10000,2317000,"S"
"EVF","10:48:09",17.1,0,8000,2307000,"S"
"EVF","10:48:05",17.1,0,5000,2299000,"S"
"EVF","10:48:01",17.1,0,20000,2294000,"S"
"EVF","10:47:16",17.05,-0.05,1000,2274000,"B"
"EVF","10:47:13",17.05,-0.05,2400,2273000,"B"
"EVF","10:46:44",17.05,-0.05,900,2270600,"B"
"EVF","10:46:04",17.05,-0.05,3000,2269700,"B"
"EVF","10:45:18",17.05,-0.05,1000,2266700,"B"
"EVF","10:45:01",17.05,-0.05,100,2265700,"B"
"EVF","10:42:08",17.1,0,100,2265600,"S"
"EVF","10:41:38",17.1,0,1000,2265500,"S"
"EVF","10:41:06",17.1,0,42800,2264500,"B"
"EVF","10:41:03",17.1,0,100,2221700,"B"
"EVF","10:40:59",17.1,0,500,2221600,"B"
"EVF","10:40:53",17.1,0,6000,2221100,"B"
"EVF","10:40:41",17.1,0,40000,2215100,"B"
"EVF","10:39:49",17.1,0,100000,2175100,"B"
"EVF","10:39:32",17.1,0,1100,2075100,"B"
"EVF","10:38:38",17.15,0.05,5000,2074000,"S"
"EVF","10:35:20",17.15,0.05,5000,2069000,"S"
"EVF","10:35:00",17.15,0.05,20000,2064000,"S"
"EVF","10:33:35",17.15,0.05,500,2044000,"S"
"EVF","10:31:53",17.15,0.05,100,2043500,"S"
"EVF","10:31:43",17.15,0.05,100,2043400,"S"
"EVF","10:31:19",17.15,0.05,159700,2043300,"B"
"EVF","10:31:04",17.15,0.05,10000,1883600,"B"
"EVF","10:30:55",17.15,0.05,20000,1873600,"B"
"EVF","10:30:39",17.15,0.05,15000,1853600,"B"
"EVF","10:30:20",17.15,0.05,15000,1838600,"B"
"EVF","10:29:07",17.15,0.05,20000,1823600,"B"
"EVF","10:27:54",17.2,0.1,5000,1803600,"S"
"EVF","10:27:46",17.2,0.1,10000,1798600,"S"
"EVF","10:27:37",17.15,0.05,12400,1788600,"B"
"EVF","10:27:37",17.2,0.1,20000,1776200,"S"
"EVF","10:26:59",17.15,0.05,7600,1756200,"B"
"EVF","10:26:50",17.15,0.05,1000,1748600,"B"
"EVF","10:24:14",17.15,0.05,24900,1747600,"S"
"EVF","10:20:37",17.1,0,3100,1722700,"B"
"EVF","10:19:16",17.1,0,400,1719600,"B"
"EVF","10:17:43",17.1,0,2000,1719200,"B"
"EVF","10:13:22",17.15,0.05,100,1717200,"S"
"EVF","10:13:03",17.15,0.05,20000,1717100,"S"
"EVF","10:12:39",17.1,0,3000,1697100,"B"
"EVF","10:11:00",17.15,0.05,10300,1694100,"B"
"EVF","10:10:32",17.15,0.05,1300,1683800,"B"
"EVF","10:09:17",17.15,0.05,8400,1682500,"S"
"EVF","10:07:57",17.15,0.05,100,1674100,"S"
"EVF","10:07:49",17.1,0,600,1674000,"B"
"EVF","10:06:45",17.1,0,2000,1673400,"B"
"EVF","10:06:07",17.15,0.05,91900,1671400,"B"
"EVF","10:05:38",17.15,0.05,5000,1579500,"B"
"EVF","10:05:31",17.2,0.1,100,1574500,"S"
"EVF","10:05:26",17.2,0.1,100,1574400,"S"
"EVF","10:03:25",17.2,0.1,1000,1574300,"S"
"EVF","10:02:41",17.2,0.1,4000,1573300,"S"
"EVF","10:02:14",17.2,0.1,20000,1569300,"S"
"EVF","10:01:48",17.2,0.1,56600,1549300,"B"
"EVF","10:01:48",17.25,0.15,54600,1492700,"B"
"EVF","10:01:00",17.3,0.2,15000,1438100,"S"
"EVF","10:00:47",17.25,0.15,1200,1423100,"B"
"EVF","09:59:45",17.25,0.15,200,1421900,"B"
"EVF","09:59:18",17.3,0.2,30000,1421700,"S"
"EVF","09:59:18",17.25,0.15,9800,1391700,"B"
"EVF","09:59:14",17.3,0.2,25000,1381900,"S"
"EVF","09:58:55",17.3,0.2,8000,1356900,"S"
"EVF","09:58:51",17.3,0.2,5000,1348900,"S"
"EVF","09:58:48",17.3,0.2,15000,1343900,"S"
"EVF","09:58:44",17.25,0.15,400,1328900,"B"
"EVF","09:58:36",17.25,0.15,2000,1328500,"B"
"EVF","09:57:55",17.25,0.15,3000,1326500,"B"
"EVF","09:57:49",17.3,0.2,5000,1323500,"S"
"EVF","09:57:47",17.25,0.15,30300,1318500,"S"
"EVF","09:57:27",17.25,0.15,50000,1288200,"S"
"EVF","09:57:14",17.2,0.1,900,1238200,"B"
"EVF","09:56:26",17.2,0.1,1700,1237300,"B"
"EVF","09:56:15",17.25,0.15,15000,1235600,"S"
"EVF","09:55:54",17.25,0.15,8000,1220600,"S"
"EVF","09:55:50",17.2,0.1,500,1212600,"B"
"EVF","09:55:49",17.2,0.1,11300,1212100,"S"
"EVF","09:55:29",17.2,0.1,5600,1200800,"S"
"EVF","09:55:06",17.2,0.1,3000,1195200,"S"
"EVF","09:54:56",17.2,0.1,8000,1192200,"S"
"EVF","09:54:55",17.2,0.1,1100,1184200,"S"
"EVF","09:54:44",17.2,0.1,5000,1183100,"S"
"EVF","09:52:19",17.2,0.1,9100,1178100,"B"
"EVF","09:51:54",17.2,0.1,900,1169000,"S"
"EVF","09:51:49",17.2,0.1,10000,1168100,"S"
"EVF","09:51:40",17.2,0.1,5000,1158100,"S"
"EVF","09:51:38",17.2,0.1,6000,1153100,"S"
"EVF","09:51:35",17.2,0.1,5000,1147100,"S"
"EVF","09:51:33",17.2,0.1,3000,1142100,"S"
"EVF","09:51:26",17.2,0.1,5000,1139100,"S"
"EVF","09:50:12",17.15,0.05,1600,1134100,"B"
"EVF","09:49:35",17.15,0.05,9100,1132500,"S"
"EVF","09:46:13",17.1,0,10000,1123400,"B"
"EVF","09:46:06",17.1,0,2000,1113400,"B"
"EVF","09:45:32",17.1,0,8600,1111400,"B"
"EVF","09:44:47",17.1,0,7000,1102800,"B"
"EVF","09:43:52",17.1,0,100,1095800,"B"
"EVF","09:42:07",17.15,0.05,100,1095700,"S"
"EVF","09:42:07",17.1,0,6200,1095600,"B"
"EVF","09:41:09",17.1,0,6500,1089400,"B"
"EVF","09:41:03",17.15,0.05,10000,1082900,"S"
"EVF","09:39:20",17.15,0.05,500,1072900,"S"
"EVF","09:37:58",17.15,0.05,1000,1072400,"S"
"EVF","09:37:00",17.15,0.05,2000,1071400,"S"
"EVF","09:36:13",17.15,0.05,90400,1069400,"B"
"EVF","09:36:07",17.15,0.05,100,979000,"B"
"EVF","09:35:28",17.15,0.05,1000,978900,"B"
"EVF","09:35:17",17.15,0.05,5000,977900,"B"
"EVF","09:35:16",17.15,0.05,5000,972900,"B"
"EVF","09:35:11",17.15,0.05,6000,967900,"B"
"EVF","09:34:58",17.15,0.05,5000,961900,"B"
"EVF","09:32:35",17.2,0.1,200,956900,"S"
"EVF","09:32:13",17.2,0.1,500,956700,"S"
"EVF","09:31:53",17.2,0.1,25700,956200,"B"
"EVF","09:31:44",17.2,0.1,60000,930500,"B"
"EVF","09:31:37",17.2,0.1,50000,870500,"B"
"EVF","09:31:20",17.2,0.1,100,820500,"B"
"EVF","09:31:18",17.2,0.1,1000,820400,"B"
"EVF","09:31:13",17.2,0.1,500,819400,"B"
"EVF","09:31:09",17.2,0.1,1000,818900,"B"
"EVF","09:30:28",17.2,0.1,10000,817900,"B"
"EVF","09:30:23",17.2,0.1,6000,807900,"B"
"EVF","09:29:30",17.2,0.1,1500,801900,"B"
"EVF","09:29:02",17.25,0.15,46000,800400,"B"
"EVF","09:28:08",17.3,0.2,2000,754400,"S"
"EVF","09:27:50",17.25,0.15,5000,752400,"B"
"EVF","09:27:26",17.25,0.15,1000,747400,"B"
"EVF","09:27:22",17.25,0.15,1000,746400,"B"
"EVF","09:27:21",17.3,0.2,18900,745400,"S"
"EVF","09:27:13",17.25,0.15,500,726500,"B"
"EVF","09:26:43",17.25,0.15,500,726000,"B"
"EVF","09:26:42",17.25,0.15,300,725500,"B"
"EVF","09:26:08",17.25,0.15,2000,725200,"B"
"EVF","09:25:35",17.3,0.2,10000,723200,"S"
"EVF","09:25:21",17.25,0.15,10000,713200,"B"
"EVF","09:25:17",17.25,0.15,900,703200,"B"
"EVF","09:24:57",17.3,0.2,71200,702300,"B"
"EVF","09:24:45",17.35,0.25,200,631100,"S"
"EVF","09:24:36",17.35,0.25,89500,630900,"B"
"EVF","09:24:28",17.4,0.3,40600,541400,"B"
"EVF","09:24:27",17.4,0.3,1000,500800,"B"
"EVF","09:24:21",17.4,0.3,12000,499800,"B"
"EVF","09:24:02",17.4,0.3,5000,487800,"B"
"EVF","09:23:48",17.4,0.3,2000,482800,"B"
"EVF","09:23:04",17.5,0.4,17200,480800,"S"
"EVF","09:23:04",17.45,0.35,800,463600,"S"
"EVF","09:22:58",17.45,0.35,2300,462800,"B"
"EVF","09:22:57",17.45,0.35,300,460500,"B"
"EVF","09:22:57",17.5,0.4,6000,460200,"S"
"EVF","09:22:53",17.45,0.35,200,454200,"B"
"EVF","09:22:50",17.45,0.35,5000,454000,"B"
"EVF","09:22:50",17.5,0.4,19000,449000,"S"
"EVF","09:22:48",17.45,0.35,200,430000,"B"
"EVF","09:22:45",17.5,0.4,15000,429800,"S"
"EVF","09:22:42",17.45,0.35,100,414800,"B"
"EVF","09:22:41",17.5,0.4,10000,414700,"S"
"EVF","09:22:38",17.45,0.35,8000,404700,"B"
"EVF","09:22:37",17.5,0.4,200,396700,"S"
"EVF","09:22:36",17.5,0.4,30000,396500,"S"
"EVF","09:22:36",17.45,0.35,700,366500,"B"
"EVF","09:22:29",17.45,0.35,35200,365800,"S"
"EVF","09:22:12",17.45,0.35,19000,330600,"S"
"EVF","09:22:08",17.45,0.35,8000,311600,"S"
"EVF","09:21:46",17.45,0.35,5000,303600,"S"
"EVF","09:21:43",17.45,0.35,10000,298600,"S"
"EVF","09:21:40",17.4,0.3,100,288600,"B"
"EVF","09:21:38",17.45,0.35,20000,288500,"S"
"EVF","09:21:36",17.4,0.3,100,268500,"B"
"EVF","09:21:35",17.45,0.35,100,268400,"S"
"EVF","09:21:20",17.4,0.3,100,268300,"B"
"EVF","09:21:15",17.4,0.3,25200,268200,"S"
"EVF","09:21:14",17.4,0.3,1000,243000,"S"
"EVF","09:20:52",17.4,0.3,24100,242000,"S"
"EVF","09:20:52",17.4,0.3,5900,217900,"S"
"EVF","09:20:47",17.4,0.3,9000,212000,"S"
"EVF","09:20:43",17.4,0.3,15000,203000,"S"
"EVF","09:20:38",17.4,0.3,10000,188000,"S"
"EVF","09:20:34",17.4,0.3,5000,178000,"S"
"EVF","09:20:33",17.4,0.3,3000,173000,"S"
"EVF","09:20:29",17.4,0.3,5000,170000,"S"
"EVF","09:20:26",17.35,0.25,100,165000,"B"
"EVF","09:20:22",17.35,0.25,20400,164900,"S"
"EVF","09:20:21",17.35,0.25,100,144500,"S"
"EVF","09:20:17",17.35,0.25,20000,144400,"S"
"EVF","09:19:54",17.3,0.2,33800,124400,"S"
"EVF","09:19:53",17.25,0.15,900,90600,"B"
"EVF","09:19:49",17.25,0.15,400,89700,"S"
"EVF","09:19:04",17.25,0.15,100,89300,"B"
"EVF","09:17:20",17.25,0.15,200,89200,"S"
"EVF","09:15:42",17.35,0.25,1000,89000,"S"
"EVF","09:15:01",17.35,0.25,88000,88000,
