"symbol","time","price","change","vol","total","side"
"HAH","14:45:02",37.9,-0.4,202300,2243900,
"HAH","14:29:57",38,-0.3,1000,2041600,"S"
"HAH","14:29:55",38,-0.3,200,2040600,"S"
"HAH","14:29:48",38,-0.3,1000,2040400,"S"
"HAH","14:29:48",38,-0.3,100,2039400,"S"
"HAH","14:29:45",38,-0.3,5000,2039300,"S"
"HAH","14:29:45",38,-0.3,14200,2034300,"B"
"HAH","14:29:44",38,-0.3,400,2020100,"B"
"HAH","14:29:40",38,-0.3,400,2019700,"B"
"HAH","14:29:32",38.05,-0.25,2100,2019300,"S"
"HAH","14:29:24",38,-0.3,400,2017200,"B"
"HAH","14:29:22",38,-0.3,2000,2016800,"B"
"HAH","14:29:14",38,-0.3,100,2014800,"B"
"HAH","14:29:14",38.05,-0.25,500,2014700,"S"
"HAH","14:29:10",38,-0.3,700,2014200,"B"
"HAH","14:28:55",38,-0.3,3900,2013500,"S"
"HAH","14:28:51",38,-0.3,1000,2009600,"S"
"HAH","14:28:49",38,-0.3,300,2008600,"S"
"HAH","14:28:49",38,-0.3,500,2008300,"S"
"HAH","14:28:47",38,-0.3,1000,2007800,"S"
"HAH","14:28:47",38,-0.3,1000,2006800,"S"
"HAH","14:28:43",38,-0.3,1000,2005800,"S"
"HAH","14:28:43",38,-0.3,5000,2004800,"S"
"HAH","14:28:41",38,-0.3,2000,1999800,"S"
"HAH","14:28:40",37.95,-0.35,1000,1997800,"B"
"HAH","14:28:36",38,-0.3,1800,1996800,"S"
"HAH","14:28:33",38,-0.3,100,1995000,"S"
"HAH","14:28:26",38,-0.3,1000,1994900,"S"
"HAH","14:28:06",38,-0.3,300,1993900,"S"
"HAH","14:28:05",37.95,-0.35,800,1993600,"B"
"HAH","14:27:54",37.95,-0.35,2900,1992800,"B"
"HAH","14:27:51",38,-0.3,100,1989900,"S"
"HAH","14:27:41",37.95,-0.35,700,1989800,"B"
"HAH","14:27:34",38,-0.3,4100,1989100,"S"
"HAH","14:27:04",38,-0.3,500,1985000,"S"
"HAH","14:27:01",38,-0.3,9800,1984500,"B"
"HAH","14:26:51",38.05,-0.25,700,1974700,"B"
"HAH","14:26:36",38.05,-0.25,500,1974000,"S"
"HAH","14:26:11",38,-0.3,4800,1973500,"B"
"HAH","14:26:11",38.05,-0.25,200,1968700,"B"
"HAH","14:26:05",38.1,-0.2,100,1968500,"S"
"HAH","14:25:55",38.1,-0.2,24800,1968400,"S"
"HAH","14:25:55",38.05,-0.25,200,1943600,"S"
"HAH","14:25:40",38,-0.3,400,1943400,"B"
"HAH","14:25:31",38,-0.3,800,1943000,"S"
"HAH","14:25:27",38,-0.3,6800,1942200,"S"
"HAH","14:25:25",38,-0.3,300,1935400,"S"
"HAH","14:25:21",38,-0.3,100,1935100,"S"
"HAH","14:25:19",38,-0.3,600,1935000,"S"
"HAH","14:25:05",38,-0.3,3000,1934400,"S"
"HAH","14:25:02",38,-0.3,2000,1931400,"S"
"HAH","14:25:01",37.95,-0.35,6700,1929400,"B"
"HAH","14:25:00",38,-0.3,100,1922700,"S"
"HAH","14:24:59",38,-0.3,1400,1922600,"S"
"HAH","14:24:57",38,-0.3,1000,1921200,"S"
"HAH","14:24:44",38,-0.3,500,1920200,"S"
"HAH","14:24:43",38,-0.3,200,1919700,"S"
"HAH","14:24:41",38,-0.3,2000,1919500,"S"
"HAH","14:24:03",38,-0.3,100,1917500,"S"
"HAH","14:23:57",37.95,-0.35,300,1917400,"S"
"HAH","14:23:54",37.9,-0.4,400,1917100,"B"
"HAH","14:23:50",37.95,-0.35,200,1916700,"S"
"HAH","14:23:49",37.95,-0.35,1000,1916500,"S"
"HAH","14:23:47",37.95,-0.35,500,1915500,"S"
"HAH","14:23:39",37.95,-0.35,2000,1915000,"S"
"HAH","14:23:38",37.95,-0.35,700,1913000,"S"
"HAH","14:23:34",37.95,-0.35,5300,1912300,"B"
"HAH","14:23:32",37.95,-0.35,1500,1907000,"B"
"HAH","14:23:27",37.95,-0.35,2000,1905500,"B"
"HAH","14:23:09",37.95,-0.35,500,1903500,"B"
"HAH","14:23:07",37.95,-0.35,700,1903000,"S"
"HAH","14:23:06",37.95,-0.35,1000,1902300,"S"
"HAH","14:23:05",37.95,-0.35,300,1901300,"B"
"HAH","14:23:04",37.95,-0.35,1700,1901000,"S"
"HAH","14:23:03",37.95,-0.35,1000,1899300,"S"
"HAH","14:23:03",37.9,-0.4,300,1898300,"B"
"HAH","14:23:01",37.95,-0.35,200,1898000,"S"
"HAH","14:23:01",37.95,-0.35,1000,1897800,"S"
"HAH","14:23:00",37.95,-0.35,100,1896800,"S"
"HAH","14:22:58",37.9,-0.4,400,1896700,"B"
"HAH","14:22:57",37.95,-0.35,500,1896300,"S"
"HAH","14:22:50",37.95,-0.35,1500,1895800,"S"
"HAH","14:22:49",38,-0.3,2100,1894300,"S"
"HAH","14:22:49",37.95,-0.35,2900,1892200,"S"
"HAH","14:22:48",37.95,-0.35,200,1889300,"S"
"HAH","14:22:40",37.95,-0.35,500,1889100,"S"
"HAH","14:22:39",37.95,-0.35,700,1888600,"S"
"HAH","14:22:30",37.95,-0.35,3000,1887900,"S"
"HAH","14:22:30",37.9,-0.4,3000,1884900,"B"
"HAH","14:22:25",37.9,-0.4,28900,1881900,"B"
"HAH","14:22:23",37.95,-0.35,1400,1853000,"S"
"HAH","14:22:22",37.9,-0.4,300,1851600,"B"
"HAH","14:22:14",37.95,-0.35,500,1851300,"B"
"HAH","14:22:12",37.9,-0.4,3000,1850800,"B"
"HAH","14:22:12",37.95,-0.35,100,1847800,"B"
"HAH","14:22:11",37.95,-0.35,200,1847700,"S"
"HAH","14:22:11",37.9,-0.4,2300,1847500,"B"
"HAH","14:22:07",37.95,-0.35,300,1845200,"B"
"HAH","14:22:03",37.95,-0.35,5200,1844900,"S"
"HAH","14:22:02",37.95,-0.35,200,1839700,"S"
"HAH","14:21:59",37.95,-0.35,3000,1839500,"S"
"HAH","14:21:44",37.9,-0.4,10000,1836500,"B"
"HAH","14:21:44",37.95,-0.35,1000,1826500,"S"
"HAH","14:21:40",37.95,-0.35,1500,1825500,"S"
"HAH","14:21:37",37.95,-0.35,5200,1824000,"B"
"HAH","14:21:35",37.95,-0.35,1000,1818800,"B"
"HAH","14:21:25",37.95,-0.35,800,1817800,"B"
"HAH","14:21:22",38,-0.3,2000,1817000,"S"
"HAH","14:21:12",38,-0.3,500,1815000,"S"
"HAH","14:21:10",38,-0.3,1000,1814500,"S"
"HAH","14:21:08",38,-0.3,100,1813500,"S"
"HAH","14:21:07",38,-0.3,1700,1813400,"B"
"HAH","14:21:04",38,-0.3,20000,1811700,"B"
"HAH","14:21:02",38,-0.3,100,1791700,"B"
"HAH","14:20:54",38,-0.3,1900,1791600,"B"
"HAH","14:20:50",38.05,-0.25,100,1789700,"S"
"HAH","14:20:45",38,-0.3,5000,1789600,"B"
"HAH","14:20:41",38.05,-0.25,1000,1784600,"S"
"HAH","14:20:38",38,-0.3,800,1783600,"B"
"HAH","14:20:38",38.05,-0.25,2000,1782800,"S"
"HAH","14:20:34",38.05,-0.25,500,1780800,"S"
"HAH","14:20:30",38.05,-0.25,1200,1780300,"B"
"HAH","14:20:24",38,-0.3,4500,1779100,"B"
"HAH","14:20:24",38.05,-0.25,2500,1774600,"B"
"HAH","14:20:22",38,-0.3,1300,1772100,"B"
"HAH","14:20:22",38.05,-0.25,700,1770800,"B"
"HAH","14:20:22",38.05,-0.25,900,1770100,"S"
"HAH","14:20:20",38.05,-0.25,200,1769200,"S"
"HAH","14:20:19",38.05,-0.25,1000,1769000,"S"
"HAH","14:20:19",38,-0.3,23700,1768000,"B"
"HAH","14:20:19",38,-0.3,6300,1744300,"B"
"HAH","14:20:17",38.05,-0.25,500,1738000,"S"
"HAH","14:20:16",38,-0.3,34000,1737500,"B"
"HAH","14:20:15",38,-0.3,500,1703500,"B"
"HAH","14:20:14",38.05,-0.25,200,1703000,"S"
"HAH","14:20:07",38.05,-0.25,10000,1702800,"S"
"HAH","14:20:06",38,-0.3,1000,1692800,"B"
"HAH","14:20:01",38,-0.3,1000,1691800,"B"
"HAH","14:19:55",38,-0.3,100,1690800,"B"
"HAH","14:19:43",38,-0.3,5000,1690700,"B"
"HAH","14:19:42",38.05,-0.25,2000,1685700,"S"
"HAH","14:19:41",38,-0.3,4800,1683700,"B"
"HAH","14:19:39",38,-0.3,500,1678900,"B"
"HAH","14:19:30",38,-0.3,300,1678400,"B"
"HAH","14:19:26",38.05,-0.25,100,1678100,"S"
"HAH","14:19:25",38.05,-0.25,2000,1678000,"S"
"HAH","14:19:23",38,-0.3,100,1676000,"B"
"HAH","14:19:23",38,-0.3,15000,1675900,"B"
"HAH","14:19:22",38.05,-0.25,300,1660900,"B"
"HAH","14:19:21",38.05,-0.25,5000,1660600,"B"
"HAH","14:19:20",38.05,-0.25,5600,1655600,"B"
"HAH","14:19:13",38.05,-0.25,1000,1650000,"B"
"HAH","14:19:08",38.1,-0.2,6500,1649000,"B"
"HAH","14:19:07",38.1,-0.2,700,1642500,"B"
"HAH","14:19:03",38.1,-0.2,3000,1641800,"S"
"HAH","14:18:57",38.1,-0.2,32000,1638800,"B"
"HAH","14:18:49",38.1,-0.2,2900,1606800,"B"
"HAH","14:18:45",38.1,-0.2,16000,1603900,"B"
"HAH","14:18:33",38.1,-0.2,1000,1587900,"B"
"HAH","14:18:32",38.1,-0.2,5000,1586900,"B"
"HAH","14:18:30",38.15,-0.15,3000,1581900,"S"
"HAH","14:18:26",38.1,-0.2,3400,1578900,"B"
"HAH","14:18:13",38.1,-0.2,1000,1575500,"B"
"HAH","14:18:07",38.1,-0.2,500,1574500,"B"
"HAH","14:17:56",38.15,-0.15,5300,1574000,"S"
"HAH","14:17:49",38.15,-0.15,100,1568700,"S"
"HAH","14:17:38",38.15,-0.15,6200,1568600,"B"
"HAH","14:17:31",38.15,-0.15,2300,1562400,"B"
"HAH","14:17:05",38.15,-0.15,3000,1560100,"B"
"HAH","14:16:55",38.15,-0.15,7100,1557100,"B"
"HAH","14:16:01",38.15,-0.15,400,1550000,"B"
"HAH","14:15:52",38.15,-0.15,2000,1549600,"B"
"HAH","14:15:30",38.15,-0.15,2000,1547600,"B"
"HAH","14:15:22",38.15,-0.15,100,1545600,"B"
"HAH","14:15:16",38.15,-0.15,2300,1545500,"B"
"HAH","14:15:15",38.15,-0.15,400,1543200,"B"
"HAH","14:15:13",38.2,-0.1,100,1542800,"S"
"HAH","14:15:09",38.2,-0.1,2500,1542700,"S"
"HAH","14:14:53",38.2,-0.1,1300,1540200,"B"
"HAH","14:14:49",38.2,-0.1,50100,1538900,"B"
"HAH","14:14:27",38.2,-0.1,9700,1488800,"B"
"HAH","14:14:22",38.25,-0.05,100,1479100,"S"
"HAH","14:14:17",38.2,-0.1,12900,1479000,"B"
"HAH","14:14:17",38.2,-0.1,2100,1466100,"B"
"HAH","14:14:08",38.25,-0.05,100,1464000,"S"
"HAH","14:13:39",38.25,-0.05,1000,1463900,"S"
"HAH","14:13:29",38.25,-0.05,500,1462900,"S"
"HAH","14:12:51",38.25,-0.05,2500,1462400,"S"
"HAH","14:12:42",38.25,-0.05,200,1459900,"S"
"HAH","14:12:17",38.25,-0.05,100,1459700,"S"
"HAH","14:11:47",38.25,-0.05,1000,1459600,"S"
"HAH","14:11:21",38.25,-0.05,500,1458600,"S"
"HAH","14:11:18",38.2,-0.1,500,1458100,"B"
"HAH","14:11:10",38.2,-0.1,1900,1457600,"B"
"HAH","14:11:03",38.2,-0.1,500,1455700,"B"
"HAH","14:10:55",38.25,-0.05,100,1455200,"B"
"HAH","14:10:01",38.25,-0.05,1000,1455100,"S"
"HAH","14:09:41",38.25,-0.05,700,1454100,"S"
"HAH","14:09:35",38.25,-0.05,500,1453400,"S"
"HAH","14:09:15",38.25,-0.05,500,1452900,"S"
"HAH","14:08:52",38.2,-0.1,1400,1452400,"B"
"HAH","14:08:51",38.25,-0.05,500,1451000,"S"
"HAH","14:08:44",38.25,-0.05,2100,1450500,"B"
"HAH","14:08:27",38.25,-0.05,700,1448400,"B"
"HAH","14:08:27",38.25,-0.05,300,1447700,"B"
"HAH","14:07:55",38.25,-0.05,2000,1447400,"B"
"HAH","14:07:20",38.25,-0.05,3000,1445400,"B"
"HAH","14:06:45",38.25,-0.05,5000,1442400,"B"
"HAH","14:06:18",38.25,-0.05,500,1437400,"B"
"HAH","14:05:55",38.25,-0.05,300,1436900,"B"
"HAH","14:05:22",38.25,-0.05,400,1436600,"B"
"HAH","14:05:09",38.25,-0.05,200,1436200,"B"
"HAH","14:05:07",38.25,-0.05,100,1436000,"B"
"HAH","14:04:59",38.25,-0.05,200,1435900,"B"
"HAH","14:04:44",38.25,-0.05,20200,1435700,"B"
"HAH","14:03:22",38.25,-0.05,2200,1415500,"B"
"HAH","14:03:20",38.3,0,300,1413300,"S"
"HAH","14:02:53",38.3,0,500,1413000,"B"
"HAH","14:02:29",38.3,0,100,1412500,"B"
"HAH","14:02:00",38.3,0,100,1412400,"B"
"HAH","14:01:53",38.3,0,400,1412300,"S"
"HAH","14:01:51",38.3,0,500,1411900,"S"
"HAH","14:01:42",38.3,0,1800,1411400,"B"
"HAH","14:01:28",38.3,0,300,1409600,"S"
"HAH","14:01:27",38.3,0,1000,1409300,"S"
"HAH","14:01:27",38.3,0,2000,1408300,"S"
"HAH","14:01:26",38.3,0,1800,1406300,"S"
"HAH","14:01:25",38.3,0,200,1404500,"S"
"HAH","14:01:24",38.3,0,1000,1404300,"S"
"HAH","14:01:22",38.3,0,1000,1403300,"S"
"HAH","14:01:16",38.3,0,10000,1402300,"S"
"HAH","14:01:06",38.3,0,2000,1392300,"S"
"HAH","14:00:59",38.25,-0.05,1600,1390300,"B"
"HAH","14:00:52",38.3,0,300,1388700,"S"
"HAH","14:00:46",38.3,0,5000,1388400,"S"
"HAH","14:00:32",38.3,0,2000,1383400,"S"
"HAH","14:00:30",38.3,0,300,1381400,"S"
"HAH","14:00:21",38.3,0,700,1381100,"S"
"HAH","14:00:13",38.25,-0.05,500,1380400,"B"
"HAH","13:59:56",38.3,0,100,1379900,"S"
"HAH","13:59:11",38.3,0,2000,1379800,"S"
"HAH","13:59:03",38.3,0,800,1377800,"S"
"HAH","13:59:01",38.3,0,500,1377000,"S"
"HAH","13:58:44",38.3,0,100,1376500,"S"
"HAH","13:58:43",38.3,0,500,1376400,"S"
"HAH","13:58:42",38.3,0,1000,1375900,"S"
"HAH","13:58:40",38.3,0,1500,1374900,"S"
"HAH","13:58:25",38.3,0,1400,1373400,"S"
"HAH","13:58:17",38.3,0,1000,1372000,"S"
"HAH","13:58:12",38.25,-0.05,9600,1371000,"B"
"HAH","13:58:07",38.3,0,500,1361400,"S"
"HAH","13:57:52",38.25,-0.05,100,1360900,"B"
"HAH","13:57:27",38.25,-0.05,300,1360800,"B"
"HAH","13:56:45",38.25,-0.05,200,1360500,"B"
"HAH","13:56:32",38.25,-0.05,400,1360300,"B"
"HAH","13:56:06",38.3,0,5000,1359900,"S"
"HAH","13:55:48",38.3,0,300,1354900,"S"
"HAH","13:55:31",38.3,0,1000,1354600,"S"
"HAH","13:55:30",38.3,0,1000,1353600,"S"
"HAH","13:55:13",38.3,0,1000,1352600,"S"
"HAH","13:55:01",38.3,0,200,1351600,"S"
"HAH","13:54:34",38.25,-0.05,400,1351400,"B"
"HAH","13:54:19",38.25,-0.05,5600,1351000,"B"
"HAH","13:54:15",38.25,-0.05,2200,1345400,"B"
"HAH","13:54:06",38.3,0,100,1343200,"S"
"HAH","13:53:58",38.3,0,500,1343100,"S"
"HAH","13:53:21",38.25,-0.05,1300,1342600,"B"
"HAH","13:53:12",38.25,-0.05,1000,1341300,"B"
"HAH","13:52:53",38.25,-0.05,1100,1340300,"B"
"HAH","13:52:52",38.25,-0.05,100,1339200,"B"
"HAH","13:52:27",38.25,-0.05,100,1339100,"B"
"HAH","13:52:14",38.25,-0.05,2700,1339000,"B"
"HAH","13:52:13",38.25,-0.05,400,1336300,"B"
"HAH","13:51:46",38.25,-0.05,900,1335900,"B"
"HAH","13:51:22",38.25,-0.05,2000,1335000,"B"
"HAH","13:51:15",38.25,-0.05,1500,1333000,"B"
"HAH","13:50:28",38.25,-0.05,1000,1331500,"B"
"HAH","13:49:16",38.25,-0.05,1700,1330500,"B"
"HAH","13:48:59",38.25,-0.05,200,1328800,"B"
"HAH","13:48:44",38.25,-0.05,1000,1328600,"B"
"HAH","13:48:28",38.25,-0.05,500,1327600,"B"
"HAH","13:48:08",38.25,-0.05,1000,1327100,"B"
"HAH","13:47:58",38.25,-0.05,200,1326100,"B"
"HAH","13:46:29",38.25,-0.05,400,1325900,"B"
"HAH","13:46:26",38.25,-0.05,1000,1325500,"B"
"HAH","13:46:25",38.25,-0.05,200,1324500,"B"
"HAH","13:46:20",38.25,-0.05,400,1324300,"B"
"HAH","13:46:14",38.25,-0.05,500,1323900,"B"
"HAH","13:46:12",38.25,-0.05,1000,1323400,"B"
"HAH","13:46:01",38.25,-0.05,200,1322400,"B"
"HAH","13:45:42",38.25,-0.05,5000,1322200,"B"
"HAH","13:45:26",38.25,-0.05,300,1317200,"B"
"HAH","13:44:58",38.25,-0.05,2700,1316900,"B"
"HAH","13:44:40",38.3,0,100,1314200,"S"
"HAH","13:44:35",38.25,-0.05,500,1314100,"B"
"HAH","13:44:33",38.25,-0.05,600,1313600,"B"
"HAH","13:43:51",38.25,-0.05,100,1313000,"B"
"HAH","13:43:47",38.3,0,500,1312900,"S"
"HAH","13:43:30",38.25,-0.05,10000,1312400,"B"
"HAH","13:43:24",38.3,0,1000,1302400,"S"
"HAH","13:43:21",38.25,-0.05,100,1301400,"B"
"HAH","13:43:21",38.3,0,2000,1301300,"S"
"HAH","13:43:15",38.3,0,20000,1299300,"S"
"HAH","13:43:02",38.3,0,200,1279300,"S"
"HAH","13:42:46",38.3,0,200,1279100,"S"
"HAH","13:42:24",38.3,0,1000,1278900,"S"
"HAH","13:42:14",38.3,0,5000,1277900,"S"
"HAH","13:42:11",38.25,-0.05,2000,1272900,"B"
"HAH","13:41:43",38.25,-0.05,300,1270900,"B"
"HAH","13:40:53",38.25,-0.05,3300,1270600,"B"
"HAH","13:40:52",38.25,-0.05,3000,1267300,"B"
"HAH","13:40:40",38.25,-0.05,18900,1264300,"B"
"HAH","13:40:10",38.25,-0.05,500,1245400,"B"
"HAH","13:40:00",38.25,-0.05,12100,1244900,"B"
"HAH","13:39:21",38.3,0,5500,1232800,"B"
"HAH","13:39:16",38.3,0,2000,1227300,"B"
"HAH","13:38:21",38.3,0,2000,1225300,"B"
"HAH","13:38:14",38.3,0,500,1223300,"B"
"HAH","13:38:01",38.3,0,10000,1222800,"B"
"HAH","13:37:26",38.3,0,600,1212800,"B"
"HAH","13:36:51",38.3,0,500,1212200,"B"
"HAH","13:36:47",38.35,0.05,500,1211700,"S"
"HAH","13:36:36",38.3,0,100,1211200,"B"
"HAH","13:36:34",38.35,0.05,500,1211100,"S"
"HAH","13:36:23",38.35,0.05,100,1210600,"S"
"HAH","13:36:21",38.3,0,4200,1210500,"S"
"HAH","13:36:18",38.3,0,9000,1206300,"B"
"HAH","13:36:17",38.3,0,27300,1197300,"B"
"HAH","13:36:13",38.35,0.05,10000,1170000,"S"
"HAH","13:36:04",38.3,0,100,1160000,"B"
"HAH","13:35:56",38.3,0,100,1159900,"B"
"HAH","13:35:39",38.3,0,5000,1159800,"B"
"HAH","13:34:31",38.35,0.05,600,1154800,"S"
"HAH","13:34:28",38.3,0,5000,1154200,"B"
"HAH","13:34:21",38.3,0,100,1149200,"B"
"HAH","13:34:13",38.3,0,20000,1149100,"B"
"HAH","13:34:08",38.35,0.05,100,1129100,"S"
"HAH","13:33:44",38.35,0.05,500,1129000,"S"
"HAH","13:33:31",38.35,0.05,1000,1128500,"S"
"HAH","13:33:19",38.35,0.05,100,1127500,"S"
"HAH","13:33:17",38.35,0.05,1300,1127400,"B"
"HAH","13:32:56",38.35,0.05,300,1126100,"B"
"HAH","13:32:52",38.35,0.05,3700,1125800,"S"
"HAH","13:31:35",38.35,0.05,2400,1122100,"B"
"HAH","13:31:34",38.35,0.05,500,1119700,"B"
"HAH","13:31:31",38.35,0.05,500,1119200,"S"
"HAH","13:31:17",38.35,0.05,2000,1118700,"S"
"HAH","13:31:13",38.35,0.05,1000,1116700,"S"
"HAH","13:31:08",38.35,0.05,1800,1115700,"S"
"HAH","13:31:05",38.35,0.05,100,1113900,"S"
"HAH","13:30:23",38.35,0.05,1500,1113800,"S"
"HAH","13:29:34",38.35,0.05,100,1112300,"S"
"HAH","13:29:26",38.3,0,4000,1112200,"B"
"HAH","13:28:50",38.3,0,900,1108200,"B"
"HAH","13:28:15",38.35,0.05,4200,1107300,"B"
"HAH","13:27:59",38.4,0.1,5000,1103100,"S"
"HAH","13:27:49",38.35,0.05,1000,1098100,"B"
"HAH","13:27:36",38.35,0.05,100,1097100,"B"
"HAH","13:27:23",38.35,0.05,3000,1097000,"B"
"HAH","13:24:48",38.35,0.05,500,1094000,"B"
"HAH","13:23:39",38.35,0.05,2900,1093500,"B"
"HAH","13:23:01",38.35,0.05,5700,1090600,"B"
"HAH","13:22:49",38.4,0.1,200,1084900,"S"
"HAH","13:21:42",38.35,0.05,1000,1084700,"B"
"HAH","13:21:39",38.35,0.05,8000,1083700,"B"
"HAH","13:21:16",38.4,0.1,500,1075700,"S"
"HAH","13:21:03",38.4,0.1,200,1075200,"B"
"HAH","13:21:03",38.4,0.1,2800,1075000,"B"
"HAH","13:20:58",38.4,0.1,300,1072200,"B"
"HAH","13:20:53",38.4,0.1,100,1071900,"B"
"HAH","13:20:45",38.4,0.1,200,1071800,"B"
"HAH","13:20:31",38.4,0.1,3000,1071600,"B"
"HAH","13:20:26",38.4,0.1,400,1068600,"B"
"HAH","13:20:20",38.4,0.1,100,1068200,"B"
"HAH","13:20:14",38.4,0.1,1000,1068100,"B"
"HAH","13:19:38",38.4,0.1,100,1067100,"B"
"HAH","13:19:36",38.4,0.1,1000,1067000,"B"
"HAH","13:19:11",38.4,0.1,5100,1066000,"B"
"HAH","13:18:55",38.4,0.1,100,1060900,"B"
"HAH","13:18:43",38.4,0.1,2500,1060800,"B"
"HAH","13:18:13",38.45,0.15,100,1058300,"S"
"HAH","13:18:05",38.45,0.15,1000,1058200,"S"
"HAH","13:18:02",38.4,0.1,1400,1057200,"B"
"HAH","13:17:43",38.45,0.15,100,1055800,"S"
"HAH","13:16:29",38.45,0.15,1600,1055700,"S"
"HAH","13:16:13",38.45,0.15,4000,1054100,"S"
"HAH","13:16:10",38.4,0.1,300,1050100,"B"
"HAH","13:16:04",38.45,0.15,10000,1049800,"S"
"HAH","13:15:06",38.45,0.15,7000,1039800,"S"
"HAH","13:14:45",38.4,0.1,100,1032800,"B"
"HAH","13:14:15",38.4,0.1,700,1032700,"B"
"HAH","13:14:11",38.45,0.15,6800,1032000,"S"
"HAH","13:13:50",38.4,0.1,700,1025200,"B"
"HAH","13:13:49",38.4,0.1,1200,1024500,"B"
"HAH","13:13:28",38.4,0.1,5000,1023300,"B"
"HAH","13:13:19",38.4,0.1,500,1018300,"B"
"HAH","13:12:23",38.4,0.1,300,1017800,"B"
"HAH","13:12:17",38.4,0.1,1000,1017500,"B"
"HAH","13:12:11",38.4,0.1,6000,1016500,"B"
"HAH","13:12:05",38.4,0.1,500,1010500,"B"
"HAH","13:11:51",38.4,0.1,1000,1010000,"B"
"HAH","13:11:28",38.4,0.1,6000,1009000,"B"
"HAH","13:11:24",38.4,0.1,100,1003000,"B"
"HAH","13:11:21",38.45,0.15,6500,1002900,"S"
"HAH","13:10:51",38.4,0.1,3600,996400,"S"
"HAH","13:10:37",38.4,0.1,2000,992800,"S"
"HAH","13:10:33",38.4,0.1,11200,990800,"S"
"HAH","13:10:09",38.4,0.1,1000,979600,"S"
"HAH","13:09:58",38.35,0.05,100,978600,"B"
"HAH","13:09:56",38.4,0.1,10000,978500,"S"
"HAH","13:09:49",38.35,0.05,3300,968500,"B"
"HAH","13:09:11",38.35,0.05,2500,965200,"B"
"HAH","13:08:58",38.35,0.05,2000,962700,"B"
"HAH","13:07:29",38.35,0.05,500,960700,"B"
"HAH","13:07:18",38.35,0.05,100,960200,"B"
"HAH","13:05:06",38.4,0.1,100,960100,"S"
"HAH","13:04:57",38.35,0.05,100,960000,"B"
"HAH","13:04:49",38.4,0.1,300,959900,"S"
"HAH","13:04:41",38.35,0.05,1000,959600,"B"
"HAH","13:04:32",38.35,0.05,10000,958600,"B"
"HAH","13:03:45",38.35,0.05,3500,948600,"B"
"HAH","13:03:33",38.35,0.05,5000,945100,"B"
"HAH","13:03:30",38.35,0.05,1600,940100,"B"
"HAH","13:02:55",38.35,0.05,1000,938500,"B"
"HAH","13:02:54",38.35,0.05,5000,937500,"B"
"HAH","13:02:47",38.35,0.05,1000,932500,"S"
"HAH","13:02:41",38.35,0.05,500,931500,"S"
"HAH","13:02:38",38.35,0.05,10000,931000,"S"
"HAH","13:02:29",38.35,0.05,1000,921000,"S"
"HAH","13:02:07",38.3,0,10000,920000,"B"
"HAH","13:01:23",38.3,0,2600,910000,"B"
"HAH","13:00:53",38.3,0,1600,907400,"B"
"HAH","13:00:47",38.35,0.05,500,905800,"S"
"HAH","13:00:42",38.3,0,100,905300,"B"
"HAH","13:00:36",38.35,0.05,1000,905200,"S"
"HAH","13:00:18",38.35,0.05,600,904200,"S"
"HAH","13:00:06",38.35,0.05,500,903600,"B"
"HAH","13:00:01",38.3,0,14700,903100,"B"
"HAH","13:00:01",38.35,0.05,5300,888400,"B"
"HAH","13:00:00",38.35,0.05,1200,883100,"B"
"HAH","13:00:00",38.4,0.1,200,881900,"S"
"HAH","11:28:43",38.35,0.05,10000,881700,"B"
"HAH","11:28:40",38.35,0.05,10000,871700,"B"
"HAH","11:28:00",38.35,0.05,2000,861700,"B"
"HAH","11:26:48",38.4,0.1,14700,859700,"B"
"HAH","11:26:41",38.4,0.1,3400,845000,"B"
"HAH","11:26:06",38.4,0.1,2000,841600,"B"
"HAH","11:25:12",38.4,0.1,2000,839600,"B"
"HAH","11:24:15",38.45,0.15,1000,837600,"S"
"HAH","11:21:29",38.45,0.15,200,836600,"S"
"HAH","11:21:03",38.45,0.15,100,836400,"S"
"HAH","11:20:02",38.45,0.15,100,836300,"B"
"HAH","11:19:48",38.45,0.15,100,836200,"B"
"HAH","11:19:30",38.35,0.05,2100,836100,"B"
"HAH","11:19:30",38.35,0.05,12700,834000,"B"
"HAH","11:19:30",38.4,0.1,25200,821300,"B"
"HAH","11:18:53",38.4,0.1,100,796100,"B"
"HAH","11:18:53",38.45,0.15,9900,796000,"B"
"HAH","11:18:24",38.45,0.15,200,786100,"B"
"HAH","11:18:22",38.45,0.15,500,785900,"B"
"HAH","11:18:17",38.45,0.15,200,785400,"B"
"HAH","11:18:07",38.45,0.15,100,785200,"B"
"HAH","11:17:44",38.45,0.15,4000,785100,"B"
"HAH","11:16:19",38.45,0.15,100,781100,"B"
"HAH","11:16:09",38.45,0.15,5400,781000,"S"
"HAH","11:14:19",38.45,0.15,500,775600,"S"
"HAH","11:14:05",38.4,0.1,300,775100,"B"
"HAH","11:14:04",38.4,0.1,100,774800,"B"
"HAH","11:13:30",38.45,0.15,4600,774700,"B"
"HAH","11:13:08",38.45,0.15,6400,770100,"B"
"HAH","11:12:04",38.45,0.15,1900,763700,"B"
"HAH","11:10:44",38.45,0.15,100,761800,"B"
"HAH","11:10:29",38.45,0.15,100,761700,"B"
"HAH","11:09:58",38.45,0.15,200,761600,"B"
"HAH","11:09:35",38.45,0.15,2000,761400,"B"
"HAH","11:07:55",38.5,0.2,1300,759400,"S"
"HAH","11:07:12",38.5,0.2,100,758100,"S"
"HAH","11:06:18",38.45,0.15,600,758000,"B"
"HAH","11:06:03",38.45,0.15,500,757400,"S"
"HAH","11:04:37",38.45,0.15,1500,756900,"B"
"HAH","11:03:53",38.45,0.15,700,755400,"B"
"HAH","11:03:38",38.45,0.15,10000,754700,"B"
"HAH","11:03:02",38.45,0.15,1000,744700,"B"
"HAH","11:02:47",38.45,0.15,100,743700,"B"
"HAH","11:02:29",38.45,0.15,11700,743600,"S"
"HAH","11:02:28",38.45,0.15,37500,731900,"S"
"HAH","11:02:09",38.4,0.1,100,694400,"B"
"HAH","11:01:47",38.4,0.1,300,694300,"B"
"HAH","11:01:37",38.4,0.1,600,694000,"B"
"HAH","10:59:39",38.4,0.1,2000,693400,"B"
"HAH","10:59:34",38.4,0.1,500,691400,"B"
"HAH","10:59:25",38.4,0.1,7000,690900,"B"
"HAH","10:58:46",38.4,0.1,2000,683900,"B"
"HAH","10:58:33",38.4,0.1,2000,681900,"B"
"HAH","10:58:26",38.4,0.1,1000,679900,"B"
"HAH","10:58:03",38.4,0.1,4000,678900,"S"
"HAH","10:57:55",38.4,0.1,1000,674900,"S"
"HAH","10:57:53",38.4,0.1,15000,673900,"B"
"HAH","10:57:25",38.4,0.1,5000,658900,"B"
"HAH","10:57:04",38.4,0.1,200,653900,"B"
"HAH","10:56:50",38.4,0.1,100,653700,"B"
"HAH","10:56:44",38.4,0.1,500,653600,"B"
"HAH","10:56:05",38.4,0.1,300,653100,"B"
"HAH","10:55:24",38.4,0.1,1600,652800,"B"
"HAH","10:55:16",38.4,0.1,400,651200,"B"
"HAH","10:54:56",38.4,0.1,400,650800,"B"
"HAH","10:54:51",38.4,0.1,100,650400,"B"
"HAH","10:54:44",38.45,0.15,100,650300,"S"
"HAH","10:54:41",38.4,0.1,100,650200,"B"
"HAH","10:54:36",38.4,0.1,7000,650100,"B"
"HAH","10:54:20",38.4,0.1,500,643100,"B"
"HAH","10:54:10",38.45,0.15,100,642600,"S"
"HAH","10:53:49",38.4,0.1,2000,642500,"B"
"HAH","10:52:21",38.45,0.15,100,640500,"S"
"HAH","10:52:08",38.4,0.1,7200,640400,"B"
"HAH","10:52:07",38.45,0.15,100,633200,"S"
"HAH","10:51:57",38.4,0.1,100,633100,"B"
"HAH","10:51:21",38.4,0.1,100,633000,"B"
"HAH","10:51:17",38.4,0.1,500,632900,"B"
"HAH","10:50:55",38.45,0.15,500,632400,"S"
"HAH","10:50:47",38.4,0.1,300,631900,"B"
"HAH","10:50:37",38.4,0.1,5700,631600,"S"
"HAH","10:50:36",38.4,0.1,1900,625900,"S"
"HAH","10:50:25",38.35,0.05,100,624000,"B"
"HAH","10:49:36",38.35,0.05,100,623900,"B"
"HAH","10:49:09",38.35,0.05,1000,623800,"B"
"HAH","10:48:52",38.35,0.05,3000,622800,"B"
"HAH","10:48:41",38.4,0.1,500,619800,"S"
"HAH","10:48:38",38.35,0.05,1000,619300,"B"
"HAH","10:48:20",38.35,0.05,1700,618300,"B"
"HAH","10:48:17",38.35,0.05,5000,616600,"B"
"HAH","10:48:09",38.4,0.1,300,611600,"S"
"HAH","10:47:36",38.35,0.05,1000,611300,"B"
"HAH","10:46:38",38.35,0.05,200,610300,"B"
"HAH","10:45:36",38.35,0.05,6800,610100,"B"
"HAH","10:45:00",38.35,0.05,8000,603300,"B"
"HAH","10:43:59",38.35,0.05,2000,595300,"B"
"HAH","10:43:36",38.35,0.05,1200,593300,"B"
"HAH","10:43:36",38.4,0.1,1000,592100,"B"
"HAH","10:43:36",38.4,0.1,1000,591100,"B"
"HAH","10:43:16",38.4,0.1,100,590100,"B"
"HAH","10:43:12",38.4,0.1,100,590000,"B"
"HAH","10:42:57",38.4,0.1,900,589900,"S"
"HAH","10:42:50",38.4,0.1,1100,589000,"B"
"HAH","10:42:36",38.4,0.1,5000,587900,"B"
"HAH","10:42:16",38.4,0.1,100,582900,"B"
"HAH","10:41:46",38.4,0.1,200,582800,"B"
"HAH","10:41:23",38.4,0.1,1300,582600,"B"
"HAH","10:41:18",38.4,0.1,300,581300,"B"
"HAH","10:41:02",38.4,0.1,100,581000,"B"
"HAH","10:40:41",38.4,0.1,3000,580900,"B"
"HAH","10:40:31",38.45,0.15,500,577900,"S"
"HAH","10:40:15",38.4,0.1,1400,577400,"B"
"HAH","10:40:14",38.4,0.1,10000,576000,"B"
"HAH","10:40:13",38.4,0.1,200,566000,"B"
"HAH","10:40:12",38.4,0.1,1000,565800,"B"
"HAH","10:37:28",38.4,0.1,500,564800,"B"
"HAH","10:37:23",38.4,0.1,3000,564300,"B"
"HAH","10:37:03",38.4,0.1,1000,561300,"B"
"HAH","10:36:13",38.4,0.1,200,560300,"B"
"HAH","10:36:12",38.4,0.1,2000,560100,"B"
"HAH","10:36:00",38.45,0.15,1000,558100,"S"
"HAH","10:35:44",38.4,0.1,200,557100,"B"
"HAH","10:35:08",38.4,0.1,100,556900,"B"
"HAH","10:34:20",38.45,0.15,100,556800,"S"
"HAH","10:34:13",38.45,0.15,2000,556700,"S"
"HAH","10:33:52",38.45,0.15,2000,554700,"S"
"HAH","10:33:51",38.45,0.15,500,552700,"S"
"HAH","10:33:21",38.4,0.1,500,552200,"B"
"HAH","10:33:10",38.45,0.15,1000,551700,"S"
"HAH","10:32:42",38.4,0.1,200,550700,"B"
"HAH","10:31:51",38.4,0.1,1600,550500,"B"
"HAH","10:31:28",38.45,0.15,500,548900,"S"
"HAH","10:31:26",38.45,0.15,2000,548400,"S"
"HAH","10:30:29",38.45,0.15,5000,546400,"S"
"HAH","10:29:44",38.45,0.15,500,541400,"S"
"HAH","10:29:43",38.4,0.1,4000,540900,"B"
"HAH","10:29:27",38.4,0.1,300,536900,"B"
"HAH","10:29:19",38.4,0.1,10000,536600,"B"
"HAH","10:29:16",38.4,0.1,200,526600,"B"
"HAH","10:29:09",38.45,0.15,3200,526400,"S"
"HAH","10:28:56",38.4,0.1,300,523200,"B"
"HAH","10:27:49",38.4,0.1,1000,522900,"B"
"HAH","10:27:31",38.4,0.1,3000,521900,"B"
"HAH","10:27:26",38.4,0.1,500,518900,"B"
"HAH","10:26:52",38.4,0.1,100,518400,"B"
"HAH","10:26:33",38.4,0.1,700,518300,"B"
"HAH","10:26:29",38.4,0.1,200,517600,"B"
"HAH","10:26:17",38.4,0.1,6400,517400,"S"
"HAH","10:26:02",38.4,0.1,400,511000,"B"
"HAH","10:25:44",38.4,0.1,400,510600,"B"
"HAH","10:25:14",38.4,0.1,900,510200,"B"
"HAH","10:25:13",38.4,0.1,500,509300,"B"
"HAH","10:25:08",38.4,0.1,900,508800,"B"
"HAH","10:24:57",38.4,0.1,19800,507900,"B"
"HAH","10:24:21",38.45,0.15,100,488100,"S"
"HAH","10:23:42",38.45,0.15,1400,488000,"S"
"HAH","10:22:44",38.4,0.1,300,486600,"B"
"HAH","10:22:41",38.45,0.15,100,486300,"S"
"HAH","10:22:36",38.4,0.1,1500,486200,"B"
"HAH","10:22:34",38.45,0.15,600,484700,"S"
"HAH","10:21:57",38.45,0.15,4500,484100,"S"
"HAH","10:21:08",38.45,0.15,500,479600,"S"
"HAH","10:20:40",38.45,0.15,100,479100,"S"
"HAH","10:20:01",38.45,0.15,2000,479000,"S"
"HAH","10:20:00",38.4,0.1,1600,477000,"S"
"HAH","10:19:53",38.4,0.1,8900,475400,"B"
"HAH","10:19:50",38.45,0.15,10000,466500,"S"
"HAH","10:19:35",38.4,0.1,200,456500,"S"
"HAH","10:19:30",38.4,0.1,2900,456300,"B"
"HAH","10:19:24",38.4,0.1,3100,453400,"S"
"HAH","10:19:05",38.4,0.1,2400,450300,"B"
"HAH","10:18:41",38.4,0.1,100,447900,"B"
"HAH","10:18:12",38.4,0.1,100,447800,"B"
"HAH","10:18:02",38.4,0.1,5000,447700,"B"
"HAH","10:17:43",38.4,0.1,3500,442700,"B"
"HAH","10:17:40",38.45,0.15,200,439200,"S"
"HAH","10:17:40",38.4,0.1,800,439000,"B"
"HAH","10:16:28",38.4,0.1,300,438200,"B"
"HAH","10:16:27",38.4,0.1,100,437900,"B"
"HAH","10:15:56",38.4,0.1,500,437800,"B"
"HAH","10:15:40",38.4,0.1,300,437300,"S"
"HAH","10:15:36",38.35,0.05,200,437000,"B"
"HAH","10:15:22",38.4,0.1,1000,436800,"S"
"HAH","10:15:20",38.4,0.1,1000,435800,"S"
"HAH","10:14:47",38.35,0.05,2000,434800,"B"
"HAH","10:14:12",38.35,0.05,4500,432800,"B"
"HAH","10:13:37",38.35,0.05,500,428300,"B"
"HAH","10:13:35",38.4,0.1,400,427800,"S"
"HAH","10:13:13",38.35,0.05,500,427400,"B"
"HAH","10:12:42",38.3,0,21000,426900,"B"
"HAH","10:12:42",38.35,0.05,6000,405900,"B"
"HAH","10:12:09",38.4,0.1,1600,399900,"B"
"HAH","10:11:42",38.4,0.1,100,398300,"B"
"HAH","10:11:34",38.45,0.15,500,398200,"S"
"HAH","10:11:16",38.45,0.15,2200,397700,"B"
"HAH","10:10:40",38.45,0.15,200,395500,"B"
"HAH","10:10:08",38.5,0.2,1600,395300,"B"
"HAH","10:10:07",38.5,0.2,10000,393700,"B"
"HAH","10:09:45",38.5,0.2,1400,383700,"B"
"HAH","10:09:40",38.5,0.2,500,382300,"B"
"HAH","10:09:37",38.5,0.2,10000,381800,"B"
"HAH","10:08:51",38.5,0.2,1500,371800,"B"
"HAH","10:08:49",38.5,0.2,100,370300,"B"
"HAH","10:08:02",38.5,0.2,200,370200,"B"
"HAH","10:07:31",38.5,0.2,900,370000,"B"
"HAH","10:07:19",38.55,0.25,100,369100,"S"
"HAH","10:07:17",38.5,0.2,100,369000,"B"
"HAH","10:06:59",38.5,0.2,1000,368900,"B"
"HAH","10:05:05",38.5,0.2,100,367900,"B"
"HAH","10:05:04",38.55,0.25,2600,367800,"S"
"HAH","10:04:46",38.5,0.2,100,365200,"B"
"HAH","10:04:43",38.55,0.25,300,365100,"S"
"HAH","10:04:18",38.5,0.2,16500,364800,"S"
"HAH","10:04:09",38.45,0.15,2000,348300,"B"
"HAH","10:03:33",38.45,0.15,100,346300,"B"
"HAH","10:03:30",38.45,0.15,1500,346200,"B"
"HAH","10:03:25",38.45,0.15,400,344700,"B"
"HAH","10:03:16",38.45,0.15,500,344300,"B"
"HAH","10:03:14",38.45,0.15,200,343800,"B"
"HAH","10:02:58",38.45,0.15,100,343600,"S"
"HAH","10:02:54",38.45,0.15,900,343500,"S"
"HAH","10:02:47",38.45,0.15,3300,342600,"B"
"HAH","10:01:54",38.45,0.15,17600,339300,"S"
"HAH","10:01:50",38.4,0.1,500,321700,"S"
"HAH","10:01:48",38.35,0.05,2100,321200,"B"
"HAH","10:01:48",38.4,0.1,4500,319100,"B"
"HAH","10:01:36",38.4,0.1,200,314600,"B"
"HAH","10:01:26",38.4,0.1,400,314400,"B"
"HAH","10:00:52",38.4,0.1,100,314000,"B"
"HAH","10:00:42",38.4,0.1,1000,313900,"B"
"HAH","10:00:39",38.4,0.1,100,312900,"B"
"HAH","10:00:13",38.4,0.1,1000,312800,"B"
"HAH","10:00:08",38.4,0.1,100,311800,"B"
"HAH","10:00:06",38.4,0.1,1000,311700,"B"
"HAH","09:59:43",38.4,0.1,200,310700,"B"
"HAH","09:59:42",38.4,0.1,1800,310500,"B"
"HAH","09:59:29",38.4,0.1,200,308700,"B"
"HAH","09:59:17",38.4,0.1,400,308500,"B"
"HAH","09:59:04",38.4,0.1,100,308100,"B"
"HAH","09:58:40",38.4,0.1,5000,308000,"B"
"HAH","09:58:27",38.4,0.1,5000,303000,"B"
"HAH","09:58:07",38.4,0.1,17200,298000,"B"
"HAH","09:57:47",38.4,0.1,5000,280800,"B"
"HAH","09:57:42",38.45,0.15,400,275800,"S"
"HAH","09:57:25",38.45,0.15,100,275400,"S"
"HAH","09:56:54",38.45,0.15,1000,275300,"S"
"HAH","09:56:38",38.4,0.1,100,274300,"B"
"HAH","09:56:36",38.4,0.1,300,274200,"B"
"HAH","09:56:29",38.45,0.15,500,273900,"S"
"HAH","09:55:29",38.45,0.15,100,273400,"S"
"HAH","09:55:08",38.45,0.15,100,273300,"S"
"HAH","09:55:03",38.45,0.15,200,273200,"S"
"HAH","09:54:54",38.45,0.15,1500,273000,"S"
"HAH","09:54:48",38.45,0.15,500,271500,"S"
"HAH","09:54:32",38.45,0.15,500,271000,"S"
"HAH","09:54:27",38.45,0.15,500,270500,"S"
"HAH","09:54:03",38.45,0.15,200,270000,"S"
"HAH","09:53:34",38.4,0.1,100,269800,"B"
"HAH","09:53:03",38.4,0.1,4500,269700,"S"
"HAH","09:52:37",38.4,0.1,100,265200,"S"
"HAH","09:52:35",38.4,0.1,400,265100,"S"
"HAH","09:52:12",38.4,0.1,500,264700,"S"
"HAH","09:51:41",38.4,0.1,500,264200,"S"
"HAH","09:51:24",38.35,0.05,1300,263700,"B"
"HAH","09:51:15",38.4,0.1,2000,262400,"S"
"HAH","09:50:38",38.35,0.05,6600,260400,"S"
"HAH","09:50:35",38.35,0.05,500,253800,"S"
"HAH","09:49:32",38.35,0.05,1000,253300,"S"
"HAH","09:49:30",38.3,0,500,252300,"B"
"HAH","09:49:17",38.35,0.05,1000,251800,"S"
"HAH","09:49:12",38.35,0.05,300,250800,"S"
"HAH","09:49:05",38.35,0.05,4200,250500,"S"
"HAH","09:48:36",38.35,0.05,5000,246300,"S"
"HAH","09:48:06",38.3,0,800,241300,"B"
"HAH","09:48:02",38.3,0,100,240500,"B"
"HAH","09:47:09",38.3,0,1400,240400,"B"
"HAH","09:46:59",38.3,0,500,239000,"B"
"HAH","09:46:56",38.35,0.05,100,238500,"S"
"HAH","09:46:28",38.35,0.05,100,238400,"S"
"HAH","09:46:21",38.3,0,300,238300,"B"
"HAH","09:46:14",38.35,0.05,500,238000,"S"
"HAH","09:46:10",38.3,0,300,237500,"B"
"HAH","09:46:08",38.35,0.05,500,237200,"S"
"HAH","09:45:37",38.3,0,600,236700,"B"
"HAH","09:44:56",38.35,0.05,700,236100,"S"
"HAH","09:44:37",38.35,0.05,100,235400,"S"
"HAH","09:43:41",38.35,0.05,1000,235300,"S"
"HAH","09:43:29",38.35,0.05,200,234300,"S"
"HAH","09:43:04",38.3,0,32700,234100,"B"
"HAH","09:42:49",38.3,0,5000,201400,"B"
"HAH","09:42:19",38.35,0.05,6700,196400,"B"
"HAH","09:42:12",38.35,0.05,100,189700,"B"
"HAH","09:42:11",38.35,0.05,5000,189600,"B"
"HAH","09:42:00",38.4,0.1,100,184600,"S"
"HAH","09:41:18",38.4,0.1,900,184500,"B"
"HAH","09:41:03",38.4,0.1,100,183600,"S"
"HAH","09:40:53",38.4,0.1,1000,183500,"S"
"HAH","09:40:23",38.4,0.1,1000,182500,"S"
"HAH","09:40:08",38.4,0.1,200,181500,"S"
"HAH","09:39:58",38.4,0.1,300,181300,"S"
"HAH","09:39:53",38.4,0.1,9500,181000,"B"
"HAH","09:39:47",38.4,0.1,500,171500,"B"
"HAH","09:39:23",38.4,0.1,1800,171000,"B"
"HAH","09:39:11",38.45,0.15,200,169200,"B"
"HAH","09:38:53",38.45,0.15,1100,169000,"B"
"HAH","09:38:50",38.45,0.15,100,167900,"B"
"HAH","09:38:46",38.45,0.15,700,167800,"B"
"HAH","09:38:42",38.45,0.15,1500,167100,"B"
"HAH","09:38:21",38.45,0.15,1600,165600,"S"
"HAH","09:38:09",38.45,0.15,1000,164000,"S"
"HAH","09:36:10",38.4,0.1,400,163000,"B"
"HAH","09:35:01",38.4,0.1,500,162600,"B"
"HAH","09:34:14",38.45,0.15,300,162100,"S"
"HAH","09:33:56",38.45,0.15,500,161800,"S"
"HAH","09:33:49",38.45,0.15,500,161300,"S"
"HAH","09:33:26",38.45,0.15,3700,160800,"S"
"HAH","09:33:18",38.45,0.15,300,157100,"S"
"HAH","09:32:47",38.45,0.15,100,156800,"S"
"HAH","09:32:34",38.45,0.15,100,156700,"S"
"HAH","09:32:07",38.45,0.15,100,156600,"S"
"HAH","09:31:27",38.45,0.15,9400,156500,"B"
"HAH","09:30:27",38.45,0.15,300,147100,"B"
"HAH","09:30:08",38.5,0.2,500,146800,"S"
"HAH","09:30:03",38.45,0.15,10000,146300,"B"
"HAH","09:29:28",38.5,0.2,1000,136300,"S"
"HAH","09:29:10",38.5,0.2,100,135300,"S"
"HAH","09:28:57",38.5,0.2,700,135200,"B"
"HAH","09:28:55",38.5,0.2,1000,134500,"B"
"HAH","09:27:57",38.5,0.2,9600,133500,"S"
"HAH","09:27:42",38.5,0.2,3700,123900,"B"
"HAH","09:27:37",38.5,0.2,100,120200,"B"
"HAH","09:27:31",38.5,0.2,4200,120100,"S"
"HAH","09:27:18",38.5,0.2,300,115900,"S"
"HAH","09:27:16",38.5,0.2,2700,115600,"S"
"HAH","09:26:49",38.5,0.2,200,112900,"S"
"HAH","09:26:47",38.45,0.15,500,112700,"B"
"HAH","09:26:22",38.5,0.2,500,112200,"S"
"HAH","09:26:19",38.45,0.15,100,111700,"B"
"HAH","09:26:12",38.45,0.15,12200,111600,"S"
"HAH","09:26:08",38.35,0.05,100,99400,"S"
"HAH","09:25:56",38.45,0.15,1700,99300,"S"
"HAH","09:25:56",38.35,0.05,2600,97600,"S"
"HAH","09:25:50",38.35,0.05,100,95000,"S"
"HAH","09:25:49",38.35,0.05,500,94900,"S"
"HAH","09:25:44",38.35,0.05,200,94400,"S"
"HAH","09:25:42",38.35,0.05,500,94200,"S"
"HAH","09:25:41",38.35,0.05,200,93700,"B"
"HAH","09:25:41",38.4,0.1,1900,93500,"B"
"HAH","09:25:15",38.3,0,300,91600,"B"
"HAH","09:25:10",38.45,0.15,400,91300,"S"
"HAH","09:25:03",38.45,0.15,900,90900,"S"
"HAH","09:24:32",38.3,0,500,90000,"B"
"HAH","09:23:38",38.3,0,4000,89500,"B"
"HAH","09:23:38",38.35,0.05,4100,85500,"B"
"HAH","09:23:15",38.5,0.2,4100,81400,"S"
"HAH","09:23:09",38.5,0.2,2400,77300,"B"
"HAH","09:22:39",38.55,0.25,1000,74900,"B"
"HAH","09:22:37",38.6,0.3,500,73900,"S"
"HAH","09:21:59",38.6,0.3,1500,73400,"B"
"HAH","09:21:55",38.6,0.3,5000,71900,"B"
"HAH","09:21:46",38.6,0.3,200,66900,"B"
"HAH","09:21:18",38.65,0.35,600,66700,"S"
"HAH","09:21:05",38.65,0.35,1600,66100,"S"
"HAH","09:21:02",38.6,0.3,100,64500,"B"
"HAH","09:20:47",38.6,0.3,1000,64400,"B"
"HAH","09:20:32",38.65,0.35,2000,63400,"S"
"HAH","09:20:23",38.65,0.35,800,61400,"B"
"HAH","09:20:22",38.65,0.35,500,60600,"B"
"HAH","09:20:19",38.65,0.35,100,60100,"B"
"HAH","09:20:06",38.65,0.35,100,60000,"S"
"HAH","09:19:18",38.7,0.4,2900,59900,"S"
"HAH","09:19:18",38.65,0.35,2900,57000,"S"
"HAH","09:19:03",38.65,0.35,300,54100,"S"
"HAH","09:18:57",38.7,0.4,900,53800,"S"
"HAH","09:18:57",38.65,0.35,900,52900,"S"
"HAH","09:18:56",38.65,0.35,700,52000,"S"
"HAH","09:18:38",38.65,0.35,500,51300,"S"
"HAH","09:18:36",38.65,0.35,3400,50800,"B"
"HAH","09:18:33",38.65,0.35,100,47400,"B"
"HAH","09:18:31",38.65,0.35,100,47300,"B"
"HAH","09:18:16",38.65,0.35,1000,47200,"B"
"HAH","09:17:51",38.65,0.35,100,46200,"B"
"HAH","09:17:28",38.65,0.35,1000,46100,"B"
"HAH","09:17:23",38.65,0.35,200,45100,"B"
"HAH","09:17:12",38.65,0.35,600,44900,"B"
"HAH","09:17:04",38.7,0.4,1500,44300,"S"
"HAH","09:17:04",38.6,0.3,4500,42800,"S"
"HAH","09:17:01",38.6,0.3,10000,38300,"S"
"HAH","09:17:00",38.6,0.3,2000,28300,"S"
"HAH","09:16:37",38.55,0.25,500,26300,"B"
"HAH","09:16:26",38.55,0.25,1400,25800,"S"
"HAH","09:16:23",38.55,0.25,100,24400,"S"
"HAH","09:15:44",38.55,0.25,300,24300,"S"
"HAH","09:15:27",38.5,0.2,400,24000,"S"
"HAH","09:15:19",38.3,0,700,23600,"B"
"HAH","09:15:03",38.5,0.2,200,22900,"S"
"HAH","09:15:01",38.3,0,22700,22700,
