"symbol","time","price","change","vol","total","side"
"ITA","14:45:01",6.56,0.05,184200,3721300,
"ITA","14:29:55",6.56,0.05,6000,3537100,"S"
"ITA","14:29:33",6.55,0.04,2600,3531100,"B"
"ITA","14:29:29",6.56,0.05,5000,3528500,"S"
"ITA","14:29:23",6.55,0.04,500,3523500,"B"
"ITA","14:29:10",6.56,0.05,1000,3523000,"S"
"ITA","14:29:09",6.55,0.04,2000,3522000,"B"
"ITA","14:29:04",6.55,0.04,500,3520000,"B"
"ITA","14:28:58",6.56,0.05,2000,3519500,"S"
"ITA","14:28:53",6.55,0.04,2700,3517500,"S"
"ITA","14:28:49",6.55,0.04,2000,3514800,"S"
"ITA","14:28:48",6.55,0.04,10700,3512800,"B"
"ITA","14:28:06",6.55,0.04,500,3502100,"S"
"ITA","14:27:52",6.55,0.04,2500,3501600,"B"
"ITA","14:27:23",6.55,0.04,500,3499100,"S"
"ITA","14:27:17",6.55,0.04,18500,3498600,"S"
"ITA","14:27:10",6.55,0.04,200,3480100,"S"
"ITA","14:27:01",6.55,0.04,2500,3479900,"S"
"ITA","14:27:00",6.55,0.04,500,3477400,"S"
"ITA","14:26:58",6.55,0.04,1300,3476900,"S"
"ITA","14:26:47",6.55,0.04,300,3475600,"S"
"ITA","14:26:46",6.55,0.04,1000,3475300,"S"
"ITA","14:26:37",6.55,0.04,1700,3474300,"S"
"ITA","14:26:28",6.55,0.04,50000,3472600,"S"
"ITA","14:26:26",6.54,0.03,30000,3422600,"B"
"ITA","14:26:24",6.55,0.04,300,3392600,"S"
"ITA","14:26:21",6.55,0.04,300,3392300,"S"
"ITA","14:26:19",6.54,0.03,100,3392000,"B"
"ITA","14:26:17",6.55,0.04,8000,3391900,"S"
"ITA","14:26:06",6.55,0.04,500,3383900,"S"
"ITA","14:25:57",6.55,0.04,3000,3383400,"S"
"ITA","14:25:32",6.55,0.04,500,3380400,"S"
"ITA","14:25:12",6.54,0.03,300,3379900,"B"
"ITA","14:24:29",6.54,0.03,100,3379600,"B"
"ITA","14:24:27",6.54,0.03,200,3379500,"B"
"ITA","14:24:17",6.54,0.03,10000,3379300,"B"
"ITA","14:24:16",6.54,0.03,100,3369300,"B"
"ITA","14:24:04",6.54,0.03,5000,3369200,"B"
"ITA","14:24:02",6.54,0.03,2000,3364200,"B"
"ITA","14:23:58",6.55,0.04,8000,3362200,"S"
"ITA","14:23:28",6.54,0.03,100,3354200,"B"
"ITA","14:22:38",6.55,0.04,500,3354100,"S"
"ITA","14:22:26",6.55,0.04,300,3353600,"S"
"ITA","14:22:07",6.55,0.04,12800,3353300,"B"
"ITA","14:22:00",6.55,0.04,2200,3340500,"S"
"ITA","14:22:00",6.55,0.04,500,3338300,"S"
"ITA","14:21:51",6.55,0.04,10000,3337800,"S"
"ITA","14:21:47",6.55,0.04,500,3327800,"S"
"ITA","14:21:31",6.55,0.04,2000,3327300,"S"
"ITA","14:21:27",6.55,0.04,20000,3325300,"S"
"ITA","14:21:04",6.54,0.03,1000,3305300,"B"
"ITA","14:19:30",6.54,0.03,5000,3304300,"B"
"ITA","14:19:17",6.54,0.03,1800,3299300,"B"
"ITA","14:19:16",6.55,0.04,7000,3297500,"S"
"ITA","14:17:43",6.55,0.04,200,3290500,"S"
"ITA","14:17:19",6.55,0.04,10000,3290300,"S"
"ITA","14:15:44",6.54,0.03,500,3280300,"B"
"ITA","14:15:14",6.55,0.04,1000,3279800,"B"
"ITA","14:14:54",6.55,0.04,1800,3278800,"S"
"ITA","14:14:41",6.55,0.04,3000,3277000,"S"
"ITA","14:13:55",6.55,0.04,50000,3274000,"S"
"ITA","14:13:13",6.55,0.04,5000,3224000,"S"
"ITA","14:12:03",6.55,0.04,300,3219000,"S"
"ITA","14:11:18",6.55,0.04,10000,3218700,"S"
"ITA","14:11:15",6.55,0.04,300,3208700,"S"
"ITA","14:11:12",6.55,0.04,500,3208400,"S"
"ITA","14:10:00",6.55,0.04,200,3207900,"S"
"ITA","14:09:57",6.55,0.04,3500,3207700,"B"
"ITA","14:09:48",6.55,0.04,200,3204200,"B"
"ITA","14:09:46",6.55,0.04,100,3204000,"B"
"ITA","14:09:37",6.55,0.04,6500,3203900,"S"
"ITA","14:09:28",6.55,0.04,2000,3197400,"S"
"ITA","14:08:55",6.55,0.04,1200,3195400,"S"
"ITA","14:08:37",6.55,0.04,100,3194200,"S"
"ITA","14:08:23",6.55,0.04,300,3194100,"S"
"ITA","14:07:56",6.55,0.04,2200,3193800,"B"
"ITA","14:07:52",6.55,0.04,1000,3191600,"B"
"ITA","14:07:45",6.55,0.04,200,3190600,"B"
"ITA","14:07:41",6.55,0.04,10000,3190400,"B"
"ITA","14:07:38",6.55,0.04,10000,3180400,"B"
"ITA","14:07:21",6.55,0.04,1500,3170400,"B"
"ITA","14:07:16",6.55,0.04,200,3168900,"B"
"ITA","14:07:12",6.55,0.04,700,3168700,"B"
"ITA","14:06:26",6.55,0.04,1500,3168000,"B"
"ITA","14:06:22",6.55,0.04,2000,3166500,"B"
"ITA","14:06:21",6.56,0.05,10000,3164500,"S"
"ITA","14:06:16",6.55,0.04,2000,3154500,"B"
"ITA","14:06:15",6.55,0.04,2000,3152500,"B"
"ITA","14:06:01",6.55,0.04,54000,3150500,"B"
"ITA","14:05:45",6.55,0.04,6000,3096500,"B"
"ITA","14:05:27",6.55,0.04,6000,3090500,"B"
"ITA","14:04:45",6.55,0.04,1000,3084500,"B"
"ITA","14:03:53",6.55,0.04,2000,3083500,"B"
"ITA","14:03:02",6.55,0.04,1000,3081500,"B"
"ITA","14:02:13",6.55,0.04,3000,3080500,"B"
"ITA","14:01:49",6.55,0.04,1000,3077500,"B"
"ITA","14:00:01",6.55,0.04,5000,3076500,"B"
"ITA","13:59:31",6.55,0.04,200,3071500,"B"
"ITA","13:59:28",6.55,0.04,1000,3071300,"B"
"ITA","13:59:09",6.55,0.04,5000,3070300,"B"
"ITA","13:59:04",6.55,0.04,2000,3065300,"B"
"ITA","13:58:59",6.55,0.04,4000,3063300,"B"
"ITA","13:58:48",6.55,0.04,10000,3059300,"B"
"ITA","13:58:19",6.55,0.04,1900,3049300,"S"
"ITA","13:58:15",6.55,0.04,30000,3047400,"S"
"ITA","13:58:07",6.55,0.04,100,3017400,"S"
"ITA","13:57:45",6.55,0.04,5000,3017300,"S"
"ITA","13:57:00",6.54,0.03,800,3012300,"B"
"ITA","13:56:27",6.55,0.04,5900,3011500,"S"
"ITA","13:56:26",6.55,0.04,4000,3005600,"S"
"ITA","13:56:06",6.55,0.04,100,3001600,"S"
"ITA","13:56:01",6.55,0.04,5000,3001500,"S"
"ITA","13:55:54",6.55,0.04,1000,2996500,"S"
"ITA","13:55:42",6.54,0.03,4000,2995500,"B"
"ITA","13:55:38",6.55,0.04,5000,2991500,"S"
"ITA","13:55:36",6.55,0.04,10000,2986500,"S"
"ITA","13:55:33",6.55,0.04,10000,2976500,"S"
"ITA","13:55:21",6.55,0.04,1300,2966500,"S"
"ITA","13:55:20",6.55,0.04,200,2965200,"S"
"ITA","13:55:07",6.55,0.04,200,2965000,"S"
"ITA","13:55:02",6.55,0.04,7400,2964800,"S"
"ITA","13:54:32",6.54,0.03,9900,2957400,"B"
"ITA","13:52:27",6.54,0.03,200,2947500,"B"
"ITA","13:52:21",6.54,0.03,5200,2947300,"B"
"ITA","13:51:42",6.54,0.03,4800,2942100,"B"
"ITA","13:51:33",6.55,0.04,500,2937300,"S"
"ITA","13:50:27",6.55,0.04,600,2936800,"B"
"ITA","13:50:01",6.55,0.04,500,2936200,"S"
"ITA","13:49:43",6.55,0.04,200,2935700,"S"
"ITA","13:49:23",6.55,0.04,400,2935500,"B"
"ITA","13:49:09",6.55,0.04,200,2935100,"B"
"ITA","13:49:00",6.55,0.04,500,2934900,"B"
"ITA","13:48:52",6.55,0.04,3000,2934400,"B"
"ITA","13:48:46",6.55,0.04,6800,2931400,"B"
"ITA","13:48:41",6.55,0.04,20000,2924600,"B"
"ITA","13:48:11",6.55,0.04,10000,2904600,"B"
"ITA","13:47:52",6.55,0.04,10000,2894600,"B"
"ITA","13:47:41",6.55,0.04,2600,2884600,"B"
"ITA","13:47:19",6.55,0.04,400,2882000,"B"
"ITA","13:47:09",6.55,0.04,2500,2881600,"B"
"ITA","13:46:57",6.55,0.04,5200,2879100,"B"
"ITA","13:46:49",6.55,0.04,200,2873900,"B"
"ITA","13:46:32",6.55,0.04,5000,2873700,"B"
"ITA","13:45:46",6.55,0.04,11000,2868700,"B"
"ITA","13:44:48",6.55,0.04,900,2857700,"S"
"ITA","13:44:23",6.55,0.04,1100,2856800,"B"
"ITA","13:44:15",6.55,0.04,3900,2855700,"S"
"ITA","13:44:09",6.55,0.04,100,2851800,"B"
"ITA","13:43:52",6.55,0.04,200,2851700,"B"
"ITA","13:43:52",6.55,0.04,3800,2851500,"S"
"ITA","13:43:14",6.55,0.04,100,2847700,"S"
"ITA","13:43:01",6.55,0.04,1000,2847600,"S"
"ITA","13:42:56",6.55,0.04,2000,2846600,"S"
"ITA","13:42:43",6.55,0.04,1000,2844600,"S"
"ITA","13:42:40",6.55,0.04,200,2843600,"S"
"ITA","13:42:30",6.55,0.04,400,2843400,"S"
"ITA","13:42:26",6.55,0.04,400,2843000,"S"
"ITA","13:42:17",6.55,0.04,300,2842600,"S"
"ITA","13:41:58",6.55,0.04,6000,2842300,"S"
"ITA","13:41:54",6.55,0.04,600,2836300,"S"
"ITA","13:41:40",6.55,0.04,10000,2835700,"S"
"ITA","13:41:31",6.55,0.04,5000,2825700,"S"
"ITA","13:41:25",6.55,0.04,9500,2820700,"S"
"ITA","13:41:17",6.54,0.03,100,2811200,"B"
"ITA","13:41:07",6.55,0.04,600,2811100,"S"
"ITA","13:41:06",6.54,0.03,200,2810500,"B"
"ITA","13:40:58",6.55,0.04,3000,2810300,"S"
"ITA","13:40:21",6.54,0.03,300,2807300,"B"
"ITA","13:40:05",6.55,0.04,100000,2807000,"S"
"ITA","13:39:55",6.54,0.03,1000,2707000,"B"
"ITA","13:39:34",6.54,0.03,400,2706000,"S"
"ITA","13:39:33",6.54,0.03,3000,2705600,"S"
"ITA","13:39:27",6.54,0.03,100,2702600,"S"
"ITA","13:39:17",6.54,0.03,1700,2702500,"S"
"ITA","13:39:13",6.54,0.03,5000,2700800,"S"
"ITA","13:39:08",6.54,0.03,10000,2695800,"S"
"ITA","13:38:28",6.54,0.03,100,2685800,"S"
"ITA","13:38:18",6.54,0.03,5000,2685700,"S"
"ITA","13:38:17",6.54,0.03,3000,2680700,"S"
"ITA","13:37:54",6.54,0.03,2000,2677700,"S"
"ITA","13:37:53",6.54,0.03,200,2675700,"S"
"ITA","13:37:46",6.54,0.03,800,2675500,"S"
"ITA","13:37:33",6.54,0.03,200,2674700,"S"
"ITA","13:37:22",6.54,0.03,3000,2674500,"S"
"ITA","13:37:07",6.54,0.03,500,2671500,"S"
"ITA","13:36:57",6.54,0.03,6200,2671000,"S"
"ITA","13:36:35",6.54,0.03,3000,2664800,"S"
"ITA","13:36:16",6.54,0.03,50000,2661800,"S"
"ITA","13:35:41",6.54,0.03,100,2611800,"S"
"ITA","13:35:25",6.53,0.02,2000,2611700,"B"
"ITA","13:35:21",6.53,0.02,100,2609700,"B"
"ITA","13:35:01",6.53,0.02,1000,2609600,"B"
"ITA","13:34:34",6.53,0.02,900,2608600,"B"
"ITA","13:34:28",6.53,0.02,100,2607700,"B"
"ITA","13:34:26",6.53,0.02,2000,2607600,"B"
"ITA","13:34:00",6.53,0.02,100,2605600,"B"
"ITA","13:33:12",6.53,0.02,100,2605500,"B"
"ITA","13:33:08",6.54,0.03,500,2605400,"S"
"ITA","13:33:02",6.54,0.03,1000,2604900,"S"
"ITA","13:32:45",6.54,0.03,100,2603900,"S"
"ITA","13:31:26",6.54,0.03,100,2603800,"S"
"ITA","13:31:10",6.54,0.03,500,2603700,"S"
"ITA","13:31:00",6.54,0.03,500,2603200,"S"
"ITA","13:30:57",6.54,0.03,2400,2602700,"B"
"ITA","13:30:45",6.55,0.04,39000,2600300,"S"
"ITA","13:30:38",6.54,0.03,2600,2561300,"S"
"ITA","13:30:09",6.54,0.03,2000,2558700,"S"
"ITA","13:29:58",6.54,0.03,500,2556700,"S"
"ITA","13:29:52",6.54,0.03,100,2556200,"S"
"ITA","13:29:33",6.54,0.03,2300,2556100,"S"
"ITA","13:29:14",6.53,0.02,200,2553800,"B"
"ITA","13:28:44",6.54,0.03,4000,2553600,"S"
"ITA","13:28:43",6.54,0.03,100,2549600,"S"
"ITA","13:28:42",6.54,0.03,500,2549500,"B"
"ITA","13:28:28",6.54,0.03,200,2549000,"B"
"ITA","13:28:27",6.55,0.04,100,2548800,"S"
"ITA","13:28:14",6.54,0.03,100,2548700,"S"
"ITA","13:28:08",6.54,0.03,300,2548600,"S"
"ITA","13:28:01",6.54,0.03,4900,2548300,"S"
"ITA","13:28:01",6.54,0.03,100,2543400,"S"
"ITA","13:27:50",6.54,0.03,100,2543300,"S"
"ITA","13:27:35",6.54,0.03,100,2543200,"S"
"ITA","13:27:27",6.54,0.03,1000,2543100,"S"
"ITA","13:27:21",6.54,0.03,300,2542100,"S"
"ITA","13:26:54",6.54,0.03,100,2541800,"S"
"ITA","13:26:45",6.53,0.02,4000,2541700,"B"
"ITA","13:26:42",6.54,0.03,300,2537700,"S"
"ITA","13:26:26",6.54,0.03,500,2537400,"S"
"ITA","13:26:25",6.53,0.02,5100,2536900,"B"
"ITA","13:26:17",6.53,0.02,5000,2531800,"B"
"ITA","13:26:12",6.54,0.03,50000,2526800,"S"
"ITA","13:25:09",6.54,0.03,1000,2476800,"S"
"ITA","13:24:50",6.54,0.03,100,2475800,"S"
"ITA","13:24:02",6.54,0.03,300,2475700,"S"
"ITA","13:23:51",6.53,0.02,1000,2475400,"B"
"ITA","13:23:47",6.54,0.03,2000,2474400,"S"
"ITA","13:23:46",6.53,0.02,800,2472400,"B"
"ITA","13:23:29",6.54,0.03,1000,2471600,"S"
"ITA","13:23:12",6.54,0.03,2000,2470600,"S"
"ITA","13:23:08",6.54,0.03,300,2468600,"S"
"ITA","13:22:44",6.54,0.03,100,2468300,"S"
"ITA","13:22:39",6.54,0.03,100,2468200,"S"
"ITA","13:22:06",6.54,0.03,100,2468100,"S"
"ITA","13:22:01",6.54,0.03,3000,2468000,"S"
"ITA","13:21:45",6.54,0.03,600,2465000,"B"
"ITA","13:21:33",6.55,0.04,300,2464400,"S"
"ITA","13:21:16",6.54,0.03,2100,2464100,"B"
"ITA","13:21:14",6.54,0.03,2000,2462000,"B"
"ITA","13:21:04",6.54,0.03,400,2460000,"B"
"ITA","13:21:01",6.54,0.03,1000,2459600,"B"
"ITA","13:21:00",6.54,0.03,500,2458600,"B"
"ITA","13:20:52",6.54,0.03,5000,2458100,"B"
"ITA","13:20:51",6.55,0.04,3000,2453100,"S"
"ITA","13:20:41",6.54,0.03,6100,2450100,"B"
"ITA","13:20:28",6.55,0.04,3000,2444000,"S"
"ITA","13:20:20",6.55,0.04,100,2441000,"S"
"ITA","13:19:33",6.55,0.04,200,2440900,"S"
"ITA","13:19:19",6.55,0.04,400,2440700,"S"
"ITA","13:19:10",6.55,0.04,15000,2440300,"S"
"ITA","13:18:28",6.55,0.04,100,2425300,"S"
"ITA","13:18:23",6.54,0.03,2000,2425200,"B"
"ITA","13:18:09",6.54,0.03,200,2423200,"B"
"ITA","13:18:03",6.54,0.03,1000,2423000,"B"
"ITA","13:17:45",6.54,0.03,19400,2422000,"S"
"ITA","13:17:42",6.54,0.03,27700,2402600,"S"
"ITA","13:17:42",6.54,0.03,11800,2374900,"S"
"ITA","13:17:35",6.53,0.02,1000,2363100,"B"
"ITA","13:17:06",6.53,0.02,5000,2362100,"B"
"ITA","13:16:59",6.53,0.02,15000,2357100,"B"
"ITA","13:16:59",6.54,0.03,100,2342100,"S"
"ITA","13:16:05",6.54,0.03,100,2342000,"S"
"ITA","13:15:33",6.54,0.03,500,2341900,"S"
"ITA","13:15:27",6.53,0.02,13300,2341400,"B"
"ITA","13:15:23",6.54,0.03,1200,2328100,"S"
"ITA","13:15:07",6.54,0.03,3500,2326900,"B"
"ITA","13:14:53",6.54,0.03,2000,2323400,"B"
"ITA","13:14:53",6.54,0.03,200,2321400,"B"
"ITA","13:14:36",6.54,0.03,1500,2321200,"B"
"ITA","13:13:51",6.55,0.04,100,2319700,"S"
"ITA","13:13:50",6.54,0.03,5000,2319600,"B"
"ITA","13:13:30",6.54,0.03,300,2314600,"B"
"ITA","13:13:20",6.54,0.03,5000,2314300,"B"
"ITA","13:13:05",6.54,0.03,500,2309300,"B"
"ITA","13:13:02",6.55,0.04,100,2308800,"S"
"ITA","13:13:00",6.54,0.03,2000,2308700,"B"
"ITA","13:12:46",6.54,0.03,200,2306700,"B"
"ITA","13:12:21",6.54,0.03,17000,2306500,"S"
"ITA","13:12:03",6.53,0.02,2800,2289500,"S"
"ITA","13:12:00",6.53,0.02,200,2286700,"S"
"ITA","13:11:52",6.53,0.02,5500,2286500,"S"
"ITA","13:11:48",6.53,0.02,3500,2281000,"S"
"ITA","13:11:48",6.53,0.02,200,2277500,"S"
"ITA","13:11:44",6.53,0.02,5000,2277300,"S"
"ITA","13:11:43",6.53,0.02,600,2272300,"S"
"ITA","13:11:42",6.53,0.02,2000,2271700,"S"
"ITA","13:11:35",6.53,0.02,50000,2269700,"S"
"ITA","13:11:27",6.52,0.01,300,2219700,"B"
"ITA","13:11:21",6.53,0.02,2000,2219400,"S"
"ITA","13:11:20",6.53,0.02,5000,2217400,"S"
"ITA","13:10:42",6.52,0.01,200,2212400,"B"
"ITA","13:10:39",6.53,0.02,2000,2212200,"S"
"ITA","13:10:39",6.53,0.02,200,2210200,"S"
"ITA","13:10:33",6.53,0.02,300,2210000,"S"
"ITA","13:10:31",6.52,0.01,100,2209700,"B"
"ITA","13:10:14",6.52,0.01,5000,2209600,"B"
"ITA","13:10:07",6.52,0.01,100,2204600,"B"
"ITA","13:09:17",6.52,0.01,1500,2204500,"B"
"ITA","13:09:09",6.52,0.01,7800,2203000,"B"
"ITA","13:08:52",6.52,0.01,1000,2195200,"B"
"ITA","13:08:48",6.52,0.01,200,2194200,"B"
"ITA","13:08:27",6.52,0.01,4700,2194000,"B"
"ITA","13:08:19",6.53,0.02,100,2189300,"S"
"ITA","13:08:11",6.52,0.01,6400,2189200,"B"
"ITA","13:08:08",6.52,0.01,2000,2182800,"B"
"ITA","13:08:05",6.53,0.02,6400,2180800,"S"
"ITA","13:08:05",6.52,0.01,2000,2174400,"B"
"ITA","13:08:04",6.53,0.02,300,2172400,"S"
"ITA","13:07:33",6.52,0.01,1200,2172100,"B"
"ITA","13:07:21",6.53,0.02,3000,2170900,"S"
"ITA","13:06:46",6.52,0.01,2600,2167900,"B"
"ITA","13:06:45",6.53,0.02,2000,2165300,"S"
"ITA","13:06:30",6.53,0.02,2600,2163300,"S"
"ITA","13:06:07",6.53,0.02,100,2160700,"S"
"ITA","13:06:02",6.53,0.02,200,2160600,"S"
"ITA","13:05:42",6.52,0.01,500,2160400,"B"
"ITA","13:05:24",6.52,0.01,2000,2159900,"B"
"ITA","13:04:54",6.52,0.01,2000,2157900,"B"
"ITA","13:04:37",6.52,0.01,2000,2155900,"B"
"ITA","13:02:43",6.52,0.01,300,2153900,"B"
"ITA","13:02:36",6.52,0.01,200,2153600,"B"
"ITA","13:02:14",6.52,0.01,200,2153400,"B"
"ITA","13:02:08",6.52,0.01,100,2153200,"B"
"ITA","13:00:29",6.52,0.01,2000,2153100,"B"
"ITA","13:00:21",6.52,0.01,500,2151100,"B"
"ITA","13:00:19",6.52,0.01,300,2150600,"B"
"ITA","13:00:18",6.52,0.01,4500,2150300,"B"
"ITA","13:00:11",6.52,0.01,400,2145800,"B"
"ITA","13:00:08",6.52,0.01,2000,2145400,"B"
"ITA","13:00:04",6.53,0.02,50000,2143400,"S"
"ITA","13:00:04",6.52,0.01,28500,2093400,"S"
"ITA","13:00:03",6.52,0.01,2000,2064900,"S"
"ITA","13:00:00",6.52,0.01,200,2062900,"S"
"ITA","13:00:00",6.51,0,5000,2062700,"B"
"ITA","11:29:48",6.52,0.01,10000,2057700,"S"
"ITA","11:29:24",6.51,0,5000,2047700,"B"
"ITA","11:29:13",6.52,0.01,1000,2042700,"S"
"ITA","11:29:03",6.52,0.01,300,2041700,"S"
"ITA","11:28:55",6.52,0.01,1700,2041400,"B"
"ITA","11:28:33",6.52,0.01,1300,2039700,"S"
"ITA","11:28:13",6.52,0.01,100,2038400,"S"
"ITA","11:28:02",6.52,0.01,100,2038300,"B"
"ITA","11:28:01",6.52,0.01,4500,2038200,"B"
"ITA","11:27:26",6.53,0.02,300,2033700,"S"
"ITA","11:27:09",6.52,0.01,600,2033400,"S"
"ITA","11:27:04",6.52,0.01,100,2032800,"S"
"ITA","11:27:03",6.51,0,5000,2032700,"B"
"ITA","11:26:30",6.52,0.01,1700,2027700,"S"
"ITA","11:26:29",6.52,0.01,4600,2026000,"B"
"ITA","11:26:21",6.52,0.01,3000,2021400,"B"
"ITA","11:26:20",6.52,0.01,2400,2018400,"S"
"ITA","11:26:06",6.52,0.01,2100,2016000,"B"
"ITA","11:25:48",6.52,0.01,2000,2013900,"B"
"ITA","11:25:19",6.52,0.01,5000,2011900,"B"
"ITA","11:23:45",6.52,0.01,300,2006900,"B"
"ITA","11:22:41",6.52,0.01,3700,2006600,"S"
"ITA","11:22:35",6.52,0.01,100,2002900,"S"
"ITA","11:22:32",6.52,0.01,1000,2002800,"S"
"ITA","11:22:18",6.52,0.01,300,2001800,"S"
"ITA","11:22:16",6.52,0.01,1000,2001500,"S"
"ITA","11:22:02",6.52,0.01,200,2000500,"S"
"ITA","11:21:39",6.52,0.01,1700,2000300,"B"
"ITA","11:21:33",6.52,0.01,1000,1998600,"B"
"ITA","11:21:11",6.52,0.01,1000,1997600,"B"
"ITA","11:20:57",6.52,0.01,5000,1996600,"B"
"ITA","11:20:26",6.52,0.01,20000,1991600,"B"
"ITA","11:20:11",6.52,0.01,100,1971600,"B"
"ITA","11:20:01",6.52,0.01,1000,1971500,"B"
"ITA","11:19:52",6.53,0.02,300,1970500,"S"
"ITA","11:19:41",6.53,0.02,100,1970200,"S"
"ITA","11:19:19",6.52,0.01,100,1970100,"B"
"ITA","11:18:34",6.53,0.02,400,1970000,"S"
"ITA","11:18:21",6.52,0.01,200,1969600,"B"
"ITA","11:18:06",6.53,0.02,3500,1969400,"S"
"ITA","11:18:00",6.53,0.02,500,1965900,"S"
"ITA","11:17:21",6.53,0.02,100,1965400,"S"
"ITA","11:16:55",6.52,0.01,200,1965300,"B"
"ITA","11:16:17",6.52,0.01,2000,1965100,"B"
"ITA","11:15:34",6.52,0.01,6600,1963100,"B"
"ITA","11:15:05",6.52,0.01,2100,1956500,"S"
"ITA","11:15:04",6.52,0.01,500,1954400,"S"
"ITA","11:15:02",6.52,0.01,300,1953900,"S"
"ITA","11:14:34",6.52,0.01,100,1953600,"S"
"ITA","11:14:28",6.52,0.01,13500,1953500,"B"
"ITA","11:14:28",6.53,0.02,42000,1940000,"S"
"ITA","11:14:09",6.52,0.01,6000,1898000,"B"
"ITA","11:13:59",6.52,0.01,5000,1892000,"B"
"ITA","11:13:52",6.52,0.01,5700,1887000,"B"
"ITA","11:13:33",6.52,0.01,400,1881300,"B"
"ITA","11:13:10",6.52,0.01,3000,1880900,"B"
"ITA","11:12:46",6.52,0.01,300,1877900,"B"
"ITA","11:12:24",6.52,0.01,8000,1877600,"B"
"ITA","11:12:11",6.52,0.01,300,1869600,"B"
"ITA","11:11:59",6.52,0.01,100000,1869300,"B"
"ITA","11:11:52",6.53,0.02,100,1769300,"S"
"ITA","11:10:57",6.53,0.02,900,1769200,"S"
"ITA","11:10:42",6.53,0.02,900,1768300,"B"
"ITA","11:10:14",6.53,0.02,7000,1767400,"B"
"ITA","11:09:55",6.53,0.02,2600,1760400,"S"
"ITA","11:09:53",6.53,0.02,10600,1757800,"S"
"ITA","11:09:06",6.53,0.02,6800,1747200,"B"
"ITA","11:08:49",6.53,0.02,7200,1740400,"B"
"ITA","11:07:20",6.53,0.02,1000,1733200,"B"
"ITA","11:07:05",6.53,0.02,5000,1732200,"B"
"ITA","11:04:41",6.54,0.03,400,1727200,"S"
"ITA","11:04:39",6.53,0.02,10000,1726800,"S"
"ITA","11:04:30",6.53,0.02,90000,1716800,"B"
"ITA","11:04:11",6.54,0.03,10000,1626800,"S"
"ITA","11:03:46",6.53,0.02,2000,1616800,"B"
"ITA","11:02:46",6.54,0.03,3000,1614800,"S"
"ITA","11:02:09",6.54,0.03,4500,1611800,"S"
"ITA","10:59:46",6.53,0.02,200,1607300,"B"
"ITA","10:59:41",6.54,0.03,300,1607100,"S"
"ITA","10:59:29",6.54,0.03,2000,1606800,"S"
"ITA","10:59:07",6.54,0.03,5000,1604800,"S"
"ITA","10:59:00",6.54,0.03,3100,1599800,"B"
"ITA","10:57:24",6.54,0.03,3800,1596700,"S"
"ITA","10:57:03",6.54,0.03,5000,1592900,"S"
"ITA","10:56:53",6.54,0.03,8000,1587900,"S"
"ITA","10:56:27",6.54,0.03,100,1579900,"S"
"ITA","10:56:09",6.54,0.03,9800,1579800,"S"
"ITA","10:55:43",6.54,0.03,200,1570000,"S"
"ITA","10:55:42",6.54,0.03,200,1569800,"S"
"ITA","10:55:14",6.54,0.03,1000,1569600,"S"
"ITA","10:54:37",6.54,0.03,1300,1568600,"S"
"ITA","10:54:35",6.53,0.02,3000,1567300,"B"
"ITA","10:54:26",6.53,0.02,19600,1564300,"B"
"ITA","10:54:22",6.53,0.02,200,1544700,"B"
"ITA","10:54:11",6.53,0.02,100,1544500,"B"
"ITA","10:53:59",6.53,0.02,1000,1544400,"B"
"ITA","10:53:28",6.53,0.02,1100,1543400,"B"
"ITA","10:52:37",6.53,0.02,5000,1542300,"B"
"ITA","10:52:00",6.54,0.03,400,1537300,"B"
"ITA","10:51:40",6.54,0.03,15000,1536900,"B"
"ITA","10:51:06",6.54,0.03,5500,1521900,"B"
"ITA","10:51:05",6.54,0.03,500,1516400,"B"
"ITA","10:50:52",6.54,0.03,17000,1515900,"B"
"ITA","10:50:46",6.54,0.03,100,1498900,"B"
"ITA","10:48:50",6.55,0.04,600,1498800,"B"
"ITA","10:48:47",6.55,0.04,1000,1498200,"B"
"ITA","10:48:19",6.55,0.04,200,1497200,"B"
"ITA","10:48:16",6.55,0.04,500,1497000,"B"
"ITA","10:48:10",6.55,0.04,200,1496500,"B"
"ITA","10:48:09",6.55,0.04,800,1496300,"B"
"ITA","10:47:48",6.55,0.04,500,1495500,"B"
"ITA","10:47:47",6.55,0.04,100,1495000,"B"
"ITA","10:47:36",6.55,0.04,5000,1494900,"B"
"ITA","10:47:16",6.55,0.04,2000,1489900,"B"
"ITA","10:47:02",6.55,0.04,2000,1487900,"B"
"ITA","10:46:55",6.55,0.04,1000,1485900,"B"
"ITA","10:45:58",6.55,0.04,4400,1484900,"S"
"ITA","10:45:57",6.55,0.04,1000,1480500,"S"
"ITA","10:45:28",6.55,0.04,20000,1479500,"S"
"ITA","10:43:55",6.55,0.04,100,1459500,"S"
"ITA","10:43:11",6.55,0.04,3000,1459400,"S"
"ITA","10:43:06",6.54,0.03,500,1456400,"B"
"ITA","10:42:12",6.54,0.03,700,1455900,"B"
"ITA","10:42:12",6.55,0.04,2000,1455200,"S"
"ITA","10:42:08",6.54,0.03,700,1453200,"B"
"ITA","10:42:07",6.54,0.03,3500,1452500,"B"
"ITA","10:41:57",6.54,0.03,1000,1449000,"B"
"ITA","10:41:43",6.54,0.03,200,1448000,"B"
"ITA","10:41:06",6.54,0.03,2000,1447800,"B"
"ITA","10:40:56",6.55,0.04,1000,1445800,"S"
"ITA","10:39:23",6.55,0.04,2000,1444800,"S"
"ITA","10:39:16",6.54,0.03,15000,1442800,"B"
"ITA","10:39:16",6.55,0.04,3700,1427800,"B"
"ITA","10:39:07",6.55,0.04,2000,1424100,"B"
"ITA","10:38:54",6.55,0.04,5000,1422100,"B"
"ITA","10:38:38",6.55,0.04,9300,1417100,"S"
"ITA","10:38:14",6.55,0.04,45800,1407800,"B"
"ITA","10:38:08",6.55,0.04,10000,1362000,"B"
"ITA","10:37:51",6.55,0.04,300,1352000,"B"
"ITA","10:37:13",6.55,0.04,2400,1351700,"B"
"ITA","10:36:56",6.55,0.04,10000,1349300,"B"
"ITA","10:36:09",6.56,0.05,300,1339300,"S"
"ITA","10:34:57",6.56,0.05,5000,1339000,"S"
"ITA","10:34:56",6.56,0.05,4000,1334000,"S"
"ITA","10:34:19",6.55,0.04,2000,1330000,"B"
"ITA","10:34:01",6.55,0.04,4600,1328000,"B"
"ITA","10:33:55",6.55,0.04,5000,1323400,"B"
"ITA","10:33:52",6.55,0.04,6200,1318400,"S"
"ITA","10:33:26",6.55,0.04,500,1312200,"S"
"ITA","10:33:05",6.55,0.04,3300,1311700,"B"
"ITA","10:33:03",6.55,0.04,1700,1308400,"S"
"ITA","10:32:57",6.55,0.04,10000,1306700,"S"
"ITA","10:32:38",6.55,0.04,200,1296700,"S"
"ITA","10:32:32",6.55,0.04,3000,1296500,"S"
"ITA","10:32:27",6.55,0.04,1000,1293500,"S"
"ITA","10:32:21",6.55,0.04,8900,1292500,"B"
"ITA","10:31:42",6.55,0.04,3000,1283600,"B"
"ITA","10:30:21",6.55,0.04,2600,1280600,"B"
"ITA","10:30:20",6.55,0.04,5000,1278000,"B"
"ITA","10:30:11",6.55,0.04,8400,1273000,"B"
"ITA","10:30:07",6.55,0.04,2000,1264600,"B"
"ITA","10:30:06",6.55,0.04,10000,1262600,"B"
"ITA","10:29:37",6.56,0.05,500,1252600,"S"
"ITA","10:29:34",6.56,0.05,300,1252100,"S"
"ITA","10:28:59",6.56,0.05,100,1251800,"S"
"ITA","10:28:20",6.55,0.04,3100,1251700,"S"
"ITA","10:28:07",6.55,0.04,100,1248600,"S"
"ITA","10:27:59",6.55,0.04,58900,1248500,"B"
"ITA","10:27:59",6.56,0.05,2900,1189600,"B"
"ITA","10:27:53",6.56,0.05,10000,1186700,"B"
"ITA","10:27:46",6.57,0.06,100,1176700,"S"
"ITA","10:27:45",6.57,0.06,1500,1176600,"S"
"ITA","10:27:39",6.56,0.05,5000,1175100,"B"
"ITA","10:27:26",6.57,0.06,3000,1170100,"S"
"ITA","10:27:10",6.56,0.05,200,1167100,"B"
"ITA","10:27:03",6.56,0.05,7300,1166900,"S"
"ITA","10:26:49",6.56,0.05,1200,1159600,"B"
"ITA","10:26:15",6.56,0.05,4000,1158400,"S"
"ITA","10:26:10",6.56,0.05,1000,1154400,"S"
"ITA","10:25:55",6.56,0.05,400,1153400,"S"
"ITA","10:25:46",6.56,0.05,500,1153000,"S"
"ITA","10:25:39",6.56,0.05,1900,1152500,"B"
"ITA","10:25:30",6.56,0.05,200,1150600,"B"
"ITA","10:25:19",6.56,0.05,1000,1150400,"B"
"ITA","10:25:12",6.56,0.05,2100,1149400,"B"
"ITA","10:25:11",6.56,0.05,10000,1147300,"B"
"ITA","10:25:07",6.56,0.05,200,1137300,"B"
"ITA","10:24:55",6.56,0.05,500,1137100,"B"
"ITA","10:24:50",6.56,0.05,2400,1136600,"B"
"ITA","10:24:34",6.56,0.05,10000,1134200,"B"
"ITA","10:23:58",6.57,0.06,3000,1124200,"S"
"ITA","10:23:51",6.57,0.06,900,1121200,"S"
"ITA","10:23:43",6.57,0.06,3000,1120300,"S"
"ITA","10:23:11",6.57,0.06,50000,1117300,"S"
"ITA","10:22:40",6.56,0.05,400,1067300,"B"
"ITA","10:22:36",6.57,0.06,2000,1066900,"S"
"ITA","10:22:27",6.56,0.05,2000,1064900,"B"
"ITA","10:22:00",6.56,0.05,100,1062900,"B"
"ITA","10:21:51",6.56,0.05,800,1062800,"S"
"ITA","10:21:51",6.56,0.05,2000,1062000,"S"
"ITA","10:21:09",6.56,0.05,8200,1060000,"S"
"ITA","10:21:06",6.55,0.04,100,1051800,"S"
"ITA","10:21:02",6.55,0.04,9900,1051700,"B"
"ITA","10:20:38",6.56,0.05,1000,1041800,"S"
"ITA","10:20:35",6.56,0.05,5000,1040800,"S"
"ITA","10:19:56",6.56,0.05,2000,1035800,"S"
"ITA","10:19:24",6.55,0.04,500,1033800,"B"
"ITA","10:19:08",6.55,0.04,200,1033300,"B"
"ITA","10:19:00",6.55,0.04,25900,1033100,"S"
"ITA","10:18:41",6.55,0.04,500,1007200,"S"
"ITA","10:18:36",6.55,0.04,100,1006700,"S"
"ITA","10:18:24",6.55,0.04,26500,1006600,"B"
"ITA","10:17:43",6.56,0.05,300,980100,"S"
"ITA","10:17:36",6.56,0.05,2000,979800,"S"
"ITA","10:17:34",6.56,0.05,100,977800,"S"
"ITA","10:17:20",6.56,0.05,300,977700,"S"
"ITA","10:16:17",6.56,0.05,1500,977400,"S"
"ITA","10:16:04",6.56,0.05,200,975900,"S"
"ITA","10:15:58",6.56,0.05,500,975700,"B"
"ITA","10:15:57",6.56,0.05,10500,975200,"S"
"ITA","10:15:22",6.56,0.05,2000,964700,"S"
"ITA","10:15:14",6.56,0.05,500,962700,"S"
"ITA","10:14:37",6.56,0.05,600,962200,"S"
"ITA","10:14:28",6.56,0.05,400,961600,"B"
"ITA","10:14:15",6.56,0.05,500,961200,"B"
"ITA","10:14:14",6.57,0.06,1000,960700,"S"
"ITA","10:13:54",6.56,0.05,200,959700,"B"
"ITA","10:13:51",6.57,0.06,200,959500,"S"
"ITA","10:13:46",6.56,0.05,500,959300,"B"
"ITA","10:13:33",6.56,0.05,18400,958800,"S"
"ITA","10:13:22",6.56,0.05,1300,940400,"S"
"ITA","10:13:01",6.56,0.05,10000,939100,"S"
"ITA","10:12:32",6.55,0.04,2000,929100,"B"
"ITA","10:12:23",6.56,0.05,1000,927100,"S"
"ITA","10:11:39",6.56,0.05,500,926100,"S"
"ITA","10:11:23",6.56,0.05,3500,925600,"S"
"ITA","10:11:04",6.56,0.05,1700,922100,"S"
"ITA","10:11:00",6.56,0.05,500,920400,"S"
"ITA","10:10:57",6.56,0.05,500,919900,"S"
"ITA","10:10:55",6.56,0.05,2000,919400,"S"
"ITA","10:10:49",6.56,0.05,1000,917400,"S"
"ITA","10:10:24",6.55,0.04,1500,916400,"S"
"ITA","10:10:14",6.55,0.04,5500,914900,"B"
"ITA","10:10:07",6.55,0.04,12000,909400,"B"
"ITA","10:10:04",6.55,0.04,3100,897400,"S"
"ITA","10:10:01",6.55,0.04,1900,894300,"B"
"ITA","10:10:00",6.56,0.05,200,892400,"S"
"ITA","10:09:31",6.55,0.04,100,892200,"B"
"ITA","10:09:02",6.55,0.04,300,892100,"S"
"ITA","10:08:59",6.55,0.04,700,891800,"B"
"ITA","10:08:54",6.55,0.04,800,891100,"S"
"ITA","10:08:52",6.55,0.04,100,890300,"S"
"ITA","10:08:48",6.55,0.04,5000,890200,"S"
"ITA","10:08:23",6.55,0.04,1300,885200,"B"
"ITA","10:07:54",6.55,0.04,99500,883900,"B"
"ITA","10:07:54",6.56,0.05,500,784400,"B"
"ITA","10:07:50",6.56,0.05,2500,783900,"S"
"ITA","10:07:29",6.56,0.05,2500,781400,"B"
"ITA","10:07:23",6.56,0.05,5000,778900,"B"
"ITA","10:07:20",6.56,0.05,5000,773900,"B"
"ITA","10:07:19",6.56,0.05,100,768900,"B"
"ITA","10:06:26",6.57,0.06,5000,768800,"S"
"ITA","10:06:22",6.56,0.05,500,763800,"B"
"ITA","10:06:20",6.56,0.05,2000,763300,"B"
"ITA","10:06:06",6.57,0.06,4800,761300,"B"
"ITA","10:06:01",6.57,0.06,5000,756500,"B"
"ITA","10:06:00",6.57,0.06,7500,751500,"B"
"ITA","10:05:38",6.57,0.06,22700,744000,"S"
"ITA","10:05:22",6.57,0.06,27300,721300,"B"
"ITA","10:05:09",6.57,0.06,1500,694000,"B"
"ITA","10:04:33",6.57,0.06,4200,692500,"S"
"ITA","10:04:13",6.57,0.06,100,688300,"S"
"ITA","10:04:01",6.57,0.06,4800,688200,"B"
"ITA","10:03:57",6.57,0.06,5000,683400,"B"
"ITA","10:03:13",6.57,0.06,200,678400,"S"
"ITA","10:02:37",6.57,0.06,1900,678200,"B"
"ITA","10:02:37",6.58,0.07,10000,676300,"S"
"ITA","10:02:16",6.57,0.06,100,666300,"S"
"ITA","10:02:14",6.57,0.06,5000,666200,"S"
"ITA","10:02:06",6.57,0.06,500,661200,"S"
"ITA","10:02:05",6.57,0.06,4400,660700,"B"
"ITA","10:01:55",6.58,0.07,5000,656300,"S"
"ITA","10:01:39",6.57,0.06,25600,651300,"S"
"ITA","10:01:19",6.56,0.05,8600,625700,"S"
"ITA","10:00:56",6.56,0.05,1400,617100,"S"
"ITA","10:00:55",6.56,0.05,3600,615700,"S"
"ITA","10:00:49",6.56,0.05,200,612100,"S"
"ITA","10:00:30",6.55,0.04,5700,611900,"B"
"ITA","10:00:19",6.56,0.05,5000,606200,"S"
"ITA","09:59:53",6.55,0.04,100,601200,"B"
"ITA","09:59:26",6.55,0.04,8800,601100,"B"
"ITA","09:59:12",6.56,0.05,1000,592300,"S"
"ITA","09:59:11",6.56,0.05,100,591300,"S"
"ITA","09:59:01",6.56,0.05,5000,591200,"S"
"ITA","09:58:59",6.55,0.04,100,586200,"B"
"ITA","09:58:57",6.56,0.05,2000,586100,"S"
"ITA","09:58:33",6.56,0.05,5000,584100,"S"
"ITA","09:58:31",6.56,0.05,1000,579100,"S"
"ITA","09:58:04",6.56,0.05,5000,578100,"S"
"ITA","09:57:54",6.55,0.04,100,573100,"B"
"ITA","09:57:45",6.56,0.05,16300,573000,"B"
"ITA","09:57:26",6.56,0.05,100,556700,"B"
"ITA","09:57:14",6.57,0.06,100,556600,"S"
"ITA","09:56:38",6.56,0.05,200,556500,"B"
"ITA","09:56:28",6.56,0.05,5200,556300,"B"
"ITA","09:56:12",6.56,0.05,3000,551100,"S"
"ITA","09:55:40",6.56,0.05,2000,548100,"B"
"ITA","09:55:10",6.56,0.05,58500,546100,"S"
"ITA","09:54:40",6.55,0.04,2000,487600,"B"
"ITA","09:54:28",6.55,0.04,2000,485600,"B"
"ITA","09:54:23",6.55,0.04,1500,483600,"S"
"ITA","09:54:15",6.55,0.04,5000,482100,"S"
"ITA","09:53:49",6.55,0.04,3000,477100,"S"
"ITA","09:53:45",6.55,0.04,8500,474100,"B"
"ITA","09:53:19",6.55,0.04,6700,465600,"S"
"ITA","09:53:03",6.55,0.04,1000,458900,"S"
"ITA","09:53:03",6.54,0.03,5100,457900,"B"
"ITA","09:52:47",6.55,0.04,1000,452800,"S"
"ITA","09:52:26",6.55,0.04,2000,451800,"S"
"ITA","09:52:19",6.55,0.04,4000,449800,"S"
"ITA","09:52:09",6.54,0.03,500,445800,"B"
"ITA","09:52:00",6.55,0.04,100,445300,"S"
"ITA","09:51:45",6.55,0.04,10000,445200,"S"
"ITA","09:50:49",6.55,0.04,1000,435200,"S"
"ITA","09:49:39",6.55,0.04,300,434200,"S"
"ITA","09:47:26",6.55,0.04,1000,433900,"S"
"ITA","09:47:22",6.55,0.04,200,432900,"S"
"ITA","09:47:04",6.55,0.04,100,432700,"B"
"ITA","09:46:55",6.55,0.04,100,432600,"B"
"ITA","09:46:53",6.55,0.04,3000,432500,"B"
"ITA","09:46:13",6.55,0.04,1000,429500,"B"
"ITA","09:45:59",6.55,0.04,200,428500,"B"
"ITA","09:45:42",6.55,0.04,20000,428300,"B"
"ITA","09:45:41",6.56,0.05,900,408300,"S"
"ITA","09:45:41",6.55,0.04,500,407400,"B"
"ITA","09:45:29",6.55,0.04,200,406900,"B"
"ITA","09:45:28",6.55,0.04,2000,406700,"B"
"ITA","09:45:01",6.55,0.04,3900,404700,"S"
"ITA","09:44:23",6.55,0.04,300,400800,"S"
"ITA","09:44:11",6.55,0.04,100,400500,"S"
"ITA","09:41:53",6.51,0,200,400400,"B"
"ITA","09:41:30",6.51,0,200,400200,"B"
"ITA","09:41:30",6.54,0.03,100,400000,"B"
"ITA","09:41:19",6.51,0,49600,399900,"B"
"ITA","09:41:19",6.52,0.01,9300,350300,"B"
"ITA","09:41:19",6.53,0.02,42300,341000,"B"
"ITA","09:41:19",6.54,0.03,18800,298700,"B"
"ITA","09:41:03",6.54,0.03,600,279900,"B"
"ITA","09:40:40",6.54,0.03,200,279300,"B"
"ITA","09:40:24",6.54,0.03,2500,279100,"B"
"ITA","09:40:22",6.55,0.04,1000,276600,"S"
"ITA","09:39:34",6.54,0.03,9400,275600,"B"
"ITA","09:38:54",6.54,0.03,1000,266200,"B"
"ITA","09:38:26",6.55,0.04,3200,265200,"S"
"ITA","09:38:07",6.55,0.04,1300,262000,"B"
"ITA","09:37:45",6.55,0.04,4600,260700,"B"
"ITA","09:37:41",6.55,0.04,300,256100,"B"
"ITA","09:37:38",6.55,0.04,25000,255800,"B"
"ITA","09:37:21",6.55,0.04,100,230800,"B"
"ITA","09:37:20",6.55,0.04,900,230700,"B"
"ITA","09:37:05",6.55,0.04,2000,229800,"B"
"ITA","09:36:40",6.56,0.05,2100,227800,"S"
"ITA","09:36:03",6.56,0.05,2100,225700,"S"
"ITA","09:35:50",6.55,0.04,1000,223600,"B"
"ITA","09:35:37",6.55,0.04,100,222600,"B"
"ITA","09:35:21",6.56,0.05,300,222500,"B"
"ITA","09:35:17",6.55,0.04,3000,222200,"B"
"ITA","09:35:10",6.55,0.04,100,219200,"B"
"ITA","09:35:02",6.55,0.04,5000,219100,"B"
"ITA","09:34:57",6.56,0.05,5000,214100,"S"
"ITA","09:34:29",6.56,0.05,100,209100,"B"
"ITA","09:34:25",6.56,0.05,3200,209000,"B"
"ITA","09:34:11",6.56,0.05,2200,205800,"B"
"ITA","09:33:55",6.57,0.06,5000,203600,"S"
"ITA","09:33:44",6.56,0.05,300,198600,"B"
"ITA","09:33:11",6.57,0.06,500,198300,"S"
"ITA","09:33:04",6.57,0.06,300,197800,"S"
"ITA","09:33:02",6.57,0.06,5000,197500,"S"
"ITA","09:32:47",6.57,0.06,8900,192500,"B"
"ITA","09:32:38",6.58,0.07,3000,183600,"S"
"ITA","09:32:02",6.58,0.07,100,180600,"S"
"ITA","09:31:47",6.57,0.06,100,180500,"B"
"ITA","09:31:44",6.57,0.06,100,180400,"B"
"ITA","09:31:34",6.57,0.06,100,180300,"B"
"ITA","09:30:48",6.58,0.07,7300,180200,"B"
"ITA","09:30:38",6.58,0.07,7000,172900,"B"
"ITA","09:30:37",6.58,0.07,10800,165900,"B"
"ITA","09:30:21",6.59,0.08,3000,155100,"S"
"ITA","09:30:19",6.58,0.07,100,152100,"B"
"ITA","09:30:17",6.58,0.07,200,152000,"B"
"ITA","09:30:04",6.58,0.07,500,151800,"B"
"ITA","09:29:56",6.59,0.08,100,151300,"S"
"ITA","09:29:41",6.58,0.07,100,151200,"B"
"ITA","09:29:15",6.58,0.07,19200,151100,"S"
"ITA","09:29:15",6.57,0.06,1400,131900,"S"
"ITA","09:29:15",6.56,0.05,3600,130500,"S"
"ITA","09:29:05",6.56,0.05,2000,126900,"S"
"ITA","09:29:02",6.56,0.05,200,124900,"S"
"ITA","09:28:53",6.56,0.05,100,124700,"S"
"ITA","09:28:38",6.56,0.05,1400,124600,"B"
"ITA","09:28:22",6.56,0.05,400,123200,"S"
"ITA","09:28:16",6.56,0.05,100,122800,"B"
"ITA","09:28:13",6.57,0.06,3000,122700,"S"
"ITA","09:28:04",6.57,0.06,100,119700,"S"
"ITA","09:27:52",6.57,0.06,100,119600,"S"
"ITA","09:27:38",6.57,0.06,5000,119500,"S"
"ITA","09:27:29",6.55,0.04,9000,114500,"B"
"ITA","09:27:29",6.56,0.05,1000,105500,"B"
"ITA","09:27:28",6.56,0.05,200,104500,"S"
"ITA","09:27:22",6.56,0.05,100,104300,"S"
"ITA","09:27:19",6.56,0.05,200,104200,"B"
"ITA","09:27:06",6.56,0.05,1200,104000,"S"
"ITA","09:26:55",6.56,0.05,500,102800,"S"
"ITA","09:26:50",6.56,0.05,100,102300,"S"
"ITA","09:26:42",6.56,0.05,1500,102200,"S"
"ITA","09:26:34",6.56,0.05,2200,100700,"B"
"ITA","09:26:33",6.56,0.05,2800,98500,"S"
"ITA","09:26:26",6.56,0.05,7200,95700,"B"
"ITA","09:25:44",6.57,0.06,200,88500,"S"
"ITA","09:25:36",6.56,0.05,3000,88300,"B"
"ITA","09:24:09",6.56,0.05,800,85300,"S"
"ITA","09:23:41",6.56,0.05,2200,84500,"B"
"ITA","09:22:49",6.56,0.05,100,82300,"B"
"ITA","09:22:32",6.56,0.05,4000,82200,"B"
"ITA","09:22:12",6.56,0.05,200,78200,"B"
"ITA","09:22:08",6.56,0.05,100,78000,"B"
"ITA","09:22:03",6.56,0.05,300,77900,"B"
"ITA","09:22:02",6.56,0.05,1900,77600,"B"
"ITA","09:22:02",6.57,0.06,100,75700,"B"
"ITA","09:21:55",6.56,0.05,1900,75600,"B"
"ITA","09:21:55",6.57,0.06,3100,73700,"B"
"ITA","09:21:32",6.57,0.06,100,70600,"S"
"ITA","09:21:08",6.58,0.07,400,70500,"S"
"ITA","09:21:08",6.57,0.06,500,70100,"S"
"ITA","09:21:08",6.56,0.05,1100,69600,"S"
"ITA","09:21:05",6.56,0.05,1000,68500,"S"
"ITA","09:21:04",6.56,0.05,1800,67500,"S"
"ITA","09:20:59",6.56,0.05,6100,65700,"B"
"ITA","09:20:57",6.56,0.05,2800,59600,"B"
"ITA","09:20:53",6.58,0.07,1000,56800,"S"
"ITA","09:20:42",6.58,0.07,100,55800,"S"
"ITA","09:20:23",6.58,0.07,200,55700,"S"
"ITA","09:20:07",6.59,0.08,200,55500,"S"
"ITA","09:18:09",6.55,0.04,300,55300,"B"
"ITA","09:18:09",6.56,0.05,3000,55000,"B"
"ITA","09:17:15",6.55,0.04,3000,52000,"B"
"ITA","09:17:02",6.55,0.04,14100,49000,"S"
"ITA","09:17:00",6.55,0.04,2500,34900,"S"
"ITA","09:16:56",6.55,0.04,3000,32400,"S"
"ITA","09:16:25",6.55,0.04,3000,29400,"S"
"ITA","09:16:09",6.55,0.04,300,26400,"S"
"ITA","09:16:04",6.55,0.04,500,26100,"S"
"ITA","09:15:59",6.55,0.04,3000,25600,"S"
"ITA","09:15:39",6.55,0.04,200,22600,"S"
"ITA","09:15:38",6.55,0.04,100,22400,"S"
"ITA","09:15:11",6.55,0.04,2000,22300,"S"
"ITA","09:15:00",6.54,0.03,20300,20300,
