"symbol","time","price","change","vol","total","side"
"SHB","14:45:01",11.7,0.15,1551000,38345000,
"SHB","14:29:58",11.65,0.1,2000,36794000,"B"
"SHB","14:29:53",11.65,0.1,10000,36792000,"B"
"SHB","14:29:53",11.7,0.15,100,36782000,"S"
"SHB","14:29:50",11.65,0.1,200,36781900,"B"
"SHB","14:29:48",11.65,0.1,22800,36781700,"S"
"SHB","14:29:48",11.65,0.1,3000,36758900,"S"
"SHB","14:29:46",11.65,0.1,500,36755900,"S"
"SHB","14:29:45",11.65,0.1,57000,36755400,"S"
"SHB","14:29:43",11.65,0.1,2500,36698400,"S"
"SHB","14:29:42",11.65,0.1,250000,36695900,"S"
"SHB","14:29:41",11.65,0.1,48500,36445900,"S"
"SHB","14:29:37",11.65,0.1,900,36397400,"S"
"SHB","14:29:35",11.65,0.1,120800,36396500,"S"
"SHB","14:29:32",11.65,0.1,10200,36275700,"S"
"SHB","14:29:28",11.65,0.1,1000,36265500,"S"
"SHB","14:29:25",11.65,0.1,13000,36264500,"S"
"SHB","14:29:23",11.65,0.1,10000,36251500,"S"
"SHB","14:29:22",11.65,0.1,10000,36241500,"S"
"SHB","14:29:21",11.65,0.1,29500,36231500,"S"
"SHB","14:29:19",11.65,0.1,300000,36202000,"S"
"SHB","14:29:15",11.65,0.1,10000,35902000,"S"
"SHB","14:29:13",11.6,0.05,1000,35892000,"B"
"SHB","14:29:11",11.6,0.05,200,35891000,"B"
"SHB","14:29:09",11.6,0.05,700,35890800,"B"
"SHB","14:29:04",11.6,0.05,1500,35890100,"B"
"SHB","14:29:03",11.6,0.05,2000,35888600,"B"
"SHB","14:29:02",11.65,0.1,2000,35886600,"S"
"SHB","14:28:59",11.65,0.1,50000,35884600,"S"
"SHB","14:28:57",11.65,0.1,5700,35834600,"S"
"SHB","14:28:56",11.65,0.1,2000,35828900,"S"
"SHB","14:28:53",11.65,0.1,200,35826900,"S"
"SHB","14:28:52",11.6,0.05,500,35826700,"B"
"SHB","14:28:50",11.65,0.1,20000,35826200,"S"
"SHB","14:28:42",11.65,0.1,6000,35806200,"S"
"SHB","14:28:41",11.65,0.1,55000,35800200,"S"
"SHB","14:28:38",11.65,0.1,5000,35745200,"S"
"SHB","14:28:37",11.65,0.1,20000,35740200,"S"
"SHB","14:28:36",11.6,0.05,1000,35720200,"B"
"SHB","14:28:28",11.65,0.1,1000,35719200,"S"
"SHB","14:28:26",11.65,0.1,1100,35718200,"S"
"SHB","14:28:23",11.6,0.05,500,35717100,"B"
"SHB","14:28:13",11.65,0.1,6000,35716600,"S"
"SHB","14:28:12",11.65,0.1,21000,35710600,"S"
"SHB","14:28:09",11.65,0.1,10000,35689600,"S"
"SHB","14:28:07",11.65,0.1,600,35679600,"S"
"SHB","14:28:01",11.6,0.05,1400,35679000,"B"
"SHB","14:27:56",11.6,0.05,50000,35677600,"B"
"SHB","14:27:49",11.6,0.05,900,35627600,"B"
"SHB","14:27:45",11.6,0.05,1000,35626700,"B"
"SHB","14:27:36",11.6,0.05,200,35625700,"B"
"SHB","14:27:14",11.65,0.1,2900,35625500,"S"
"SHB","14:27:10",11.6,0.05,5000,35622600,"B"
"SHB","14:26:54",11.65,0.1,700,35617600,"S"
"SHB","14:26:49",11.65,0.1,100000,35615400,"S"
"SHB","14:26:47",11.6,0.05,2700,35515400,"B"
"SHB","14:26:43",11.65,0.1,6500,35512700,"S"
"SHB","14:26:37",11.6,0.05,6800,35506200,"B"
"SHB","14:26:36",11.6,0.05,200,35499400,"B"
"SHB","14:26:24",11.6,0.05,100,35499200,"B"
"SHB","14:26:23",11.6,0.05,100,35499100,"B"
"SHB","14:26:18",11.6,0.05,6000,35499000,"B"
"SHB","14:26:12",11.65,0.1,7000,35493000,"S"
"SHB","14:26:10",11.6,0.05,200,35486000,"B"
"SHB","14:26:06",11.65,0.1,2300,35485800,"S"
"SHB","14:26:00",11.65,0.1,2300,35483500,"S"
"SHB","14:25:54",11.65,0.1,100,35481200,"S"
"SHB","14:25:53",11.65,0.1,2300,35481100,"S"
"SHB","14:25:45",11.6,0.05,200,35478800,"B"
"SHB","14:25:44",11.6,0.05,2000,35478600,"B"
"SHB","14:25:40",11.65,0.1,9400,35476600,"S"
"SHB","14:25:38",11.6,0.05,5000,35467200,"B"
"SHB","14:25:26",11.6,0.05,8000,35462200,"B"
"SHB","14:25:20",11.6,0.05,5700,35454200,"B"
"SHB","14:25:19",11.65,0.1,500,35448500,"S"
"SHB","14:25:10",11.6,0.05,2500,35448000,"B"
"SHB","14:25:03",11.65,0.1,2000,35445500,"S"
"SHB","14:24:53",11.65,0.1,1000,35443500,"S"
"SHB","14:24:52",11.6,0.05,100,35442500,"B"
"SHB","14:24:50",11.6,0.05,500,35442400,"B"
"SHB","14:24:49",11.6,0.05,1000,35441900,"B"
"SHB","14:24:44",11.6,0.05,20000,35440900,"B"
"SHB","14:24:39",11.6,0.05,500,35420900,"B"
"SHB","14:24:38",11.6,0.05,23300,35420400,"B"
"SHB","14:24:23",11.6,0.05,5000,35397100,"B"
"SHB","14:24:19",11.65,0.1,100,35392100,"S"
"SHB","14:24:03",11.6,0.05,11800,35392000,"B"
"SHB","14:24:02",11.65,0.1,100,35380200,"S"
"SHB","14:24:01",11.6,0.05,200,35380100,"B"
"SHB","14:24:00",11.6,0.05,4600,35379900,"B"
"SHB","14:23:53",11.6,0.05,100,35375300,"B"
"SHB","14:23:48",11.6,0.05,100,35375200,"B"
"SHB","14:23:41",11.6,0.05,20000,35375100,"B"
"SHB","14:23:30",11.6,0.05,400,35355100,"B"
"SHB","14:23:28",11.6,0.05,1000,35354700,"B"
"SHB","14:23:04",11.6,0.05,500,35353700,"B"
"SHB","14:23:03",11.6,0.05,2000,35353200,"B"
"SHB","14:23:01",11.6,0.05,1000,35351200,"B"
"SHB","14:22:57",11.6,0.05,2000,35350200,"B"
"SHB","14:22:53",11.65,0.1,9400,35348200,"S"
"SHB","14:22:52",11.6,0.05,100,35338800,"B"
"SHB","14:22:49",11.6,0.05,300,35338700,"B"
"SHB","14:22:47",11.6,0.05,3500,35338400,"B"
"SHB","14:22:34",11.6,0.05,5000,35334900,"B"
"SHB","14:22:32",11.6,0.05,1000,35329900,"B"
"SHB","14:22:31",11.6,0.05,17000,35328900,"B"
"SHB","14:22:21",11.6,0.05,1000,35311900,"B"
"SHB","14:22:17",11.65,0.1,9400,35310900,"S"
"SHB","14:22:14",11.6,0.05,200,35301500,"B"
"SHB","14:22:11",11.6,0.05,23000,35301300,"S"
"SHB","14:22:07",11.6,0.05,1400,35278300,"S"
"SHB","14:22:06",11.6,0.05,50000,35276900,"S"
"SHB","14:21:59",11.6,0.05,100,35226900,"S"
"SHB","14:21:55",11.6,0.05,1100,35226800,"S"
"SHB","14:21:53",11.6,0.05,3000,35225700,"S"
"SHB","14:21:51",11.6,0.05,95000,35222700,"B"
"SHB","14:21:42",11.6,0.05,500,35127700,"B"
"SHB","14:21:38",11.6,0.05,37000,35127200,"B"
"SHB","14:21:33",11.6,0.05,300,35090200,"B"
"SHB","14:21:32",11.6,0.05,500,35080900,"B"
"SHB","14:21:27",11.6,0.05,1000,35080400,"B"
"SHB","14:21:24",11.6,0.05,50000,35079400,"B"
"SHB","14:21:17",11.6,0.05,1300,35029400,"B"
"SHB","14:21:14",11.6,0.05,8400,35028100,"B"
"SHB","14:21:14",11.6,0.05,134000,35019700,"B"
"SHB","14:21:06",11.6,0.05,5000,34885700,"B"
"SHB","14:21:05",11.6,0.05,10000,34880700,"B"
"SHB","14:21:05",11.6,0.05,1900,34870700,"B"
"SHB","14:20:57",11.6,0.05,2000,34868800,"B"
"SHB","14:20:55",11.6,0.05,5000,34866800,"B"
"SHB","14:20:54",11.6,0.05,5000,34861800,"B"
"SHB","14:20:54",11.6,0.05,1500,34856800,"B"
"SHB","14:20:53",11.6,0.05,800,34855300,"B"
"SHB","14:20:51",11.65,0.1,100,34854500,"S"
"SHB","14:20:48",11.6,0.05,1000,34854400,"B"
"SHB","14:20:45",11.6,0.05,500,34853400,"B"
"SHB","14:20:44",11.6,0.05,1000,34852900,"B"
"SHB","14:20:42",11.6,0.05,300,34851900,"B"
"SHB","14:20:39",11.6,0.05,94400,34851600,"S"
"SHB","14:20:37",11.6,0.05,2000,34757200,"S"
"SHB","14:20:32",11.6,0.05,2000,34755200,"S"
"SHB","14:20:31",11.6,0.05,6500,34753200,"S"
"SHB","14:20:29",11.6,0.05,30000,34746700,"S"
"SHB","14:20:22",11.6,0.05,500,34716700,"S"
"SHB","14:20:15",11.6,0.05,1000,34716200,"S"
"SHB","14:20:13",11.6,0.05,9000,34715200,"S"
"SHB","14:20:05",11.6,0.05,100,34706200,"S"
"SHB","14:20:04",11.6,0.05,4600,34706100,"B"
"SHB","14:20:03",11.6,0.05,30000,34701500,"B"
"SHB","14:20:01",11.6,0.05,5000,34671500,"B"
"SHB","14:19:59",11.6,0.05,400,34666500,"B"
"SHB","14:19:58",11.6,0.05,10000,34666100,"B"
"SHB","14:19:57",11.6,0.05,4200,34656100,"B"
"SHB","14:19:56",11.6,0.05,300,34651900,"B"
"SHB","14:19:56",11.6,0.05,6000,34651600,"B"
"SHB","14:19:54",11.6,0.05,200000,34645300,"B"
"SHB","14:19:51",11.6,0.05,5000,34445300,"B"
"SHB","14:19:50",11.6,0.05,46400,34440300,"B"
"SHB","14:19:50",11.6,0.05,3000,34393900,"B"
"SHB","14:19:49",11.6,0.05,2700,34390900,"B"
"SHB","14:19:49",11.6,0.05,15000,34388200,"B"
"SHB","14:19:47",11.6,0.05,27000,34371200,"B"
"SHB","14:19:46",11.6,0.05,30500,34344200,"B"
"SHB","14:19:45",11.6,0.05,9000,34313700,"B"
"SHB","14:19:44",11.6,0.05,5700,34304700,"B"
"SHB","14:19:43",11.6,0.05,3000,34299000,"B"
"SHB","14:19:41",11.6,0.05,1900,34296000,"B"
"SHB","14:19:40",11.6,0.05,20000,34294100,"B"
"SHB","14:19:39",11.6,0.05,10000,34274100,"B"
"SHB","14:19:38",11.6,0.05,5000,34264100,"B"
"SHB","14:19:37",11.6,0.05,234200,34259100,"B"
"SHB","14:19:34",11.6,0.05,2000,34024900,"B"
"SHB","14:19:32",11.6,0.05,205000,34022900,"B"
"SHB","14:19:24",11.6,0.05,50000,33817900,"B"
"SHB","14:19:22",11.6,0.05,10000,33767900,"B"
"SHB","14:19:21",11.6,0.05,4900,33757900,"B"
"SHB","14:19:19",11.6,0.05,5200,33753000,"B"
"SHB","14:19:16",11.6,0.05,200,33747800,"B"
"SHB","14:19:13",11.6,0.05,100,33747600,"B"
"SHB","14:19:12",11.6,0.05,6700,33747500,"B"
"SHB","14:19:09",11.6,0.05,32300,33740800,"B"
"SHB","14:19:07",11.6,0.05,1000,33708500,"B"
"SHB","14:19:04",11.6,0.05,1000,33707500,"B"
"SHB","14:18:58",11.6,0.05,600,33706500,"B"
"SHB","14:18:55",11.6,0.05,500,33705900,"B"
"SHB","14:18:54",11.6,0.05,12000,33705400,"B"
"SHB","14:18:51",11.6,0.05,1000,33693400,"B"
"SHB","14:18:50",11.6,0.05,300,33692400,"B"
"SHB","14:18:49",11.6,0.05,2700,33692100,"B"
"SHB","14:18:49",11.6,0.05,10000,33689400,"B"
"SHB","14:18:48",11.6,0.05,12000,33679400,"B"
"SHB","14:18:48",11.6,0.05,100,33667400,"B"
"SHB","14:18:45",11.6,0.05,40600,33667300,"B"
"SHB","14:18:42",11.6,0.05,500,33626700,"B"
"SHB","14:18:40",11.6,0.05,1000,33626200,"B"
"SHB","14:18:38",11.6,0.05,10000,33625200,"B"
"SHB","14:18:33",11.6,0.05,150000,33615200,"B"
"SHB","14:18:33",11.6,0.05,10000,33465200,"B"
"SHB","14:18:31",11.6,0.05,1000,33455200,"B"
"SHB","14:18:18",11.6,0.05,100,33454200,"B"
"SHB","14:18:16",11.6,0.05,100,33454100,"B"
"SHB","14:18:07",11.6,0.05,4400,33454000,"B"
"SHB","14:18:00",11.6,0.05,2000,33449600,"B"
"SHB","14:17:58",11.65,0.1,1000,33447600,"S"
"SHB","14:17:58",11.6,0.05,100000,33446600,"B"
"SHB","14:17:57",11.6,0.05,1000,33346600,"B"
"SHB","14:17:52",11.6,0.05,30000,33345600,"B"
"SHB","14:17:49",11.6,0.05,9000,33315600,"B"
"SHB","14:17:35",11.65,0.1,3800,33306600,"S"
"SHB","14:17:34",11.6,0.05,500,33302800,"B"
"SHB","14:17:31",11.6,0.05,10000,33302300,"B"
"SHB","14:17:30",11.6,0.05,100000,33292300,"B"
"SHB","14:17:24",11.6,0.05,100,33192300,"B"
"SHB","14:17:23",11.6,0.05,26500,33192200,"B"
"SHB","14:17:22",11.6,0.05,100,33165700,"B"
"SHB","14:17:19",11.6,0.05,8000,33165600,"B"
"SHB","14:17:18",11.6,0.05,10000,33157600,"B"
"SHB","14:17:14",11.6,0.05,500,33147600,"B"
"SHB","14:17:09",11.6,0.05,200,33147100,"B"
"SHB","14:17:07",11.65,0.1,200,33146900,"S"
"SHB","14:17:03",11.6,0.05,2000,33146700,"B"
"SHB","14:16:50",11.6,0.05,400,33144700,"B"
"SHB","14:16:45",11.6,0.05,50000,33144300,"B"
"SHB","14:16:44",11.6,0.05,6000,33094300,"B"
"SHB","14:16:44",11.6,0.05,800,33088300,"B"
"SHB","14:16:40",11.6,0.05,2000,33087500,"B"
"SHB","14:16:34",11.6,0.05,14400,33085500,"B"
"SHB","14:16:29",11.6,0.05,500,33071100,"B"
"SHB","14:16:27",11.6,0.05,4800,33070600,"B"
"SHB","14:16:16",11.6,0.05,100,33065800,"B"
"SHB","14:16:15",11.6,0.05,500,33065700,"B"
"SHB","14:16:12",11.6,0.05,700,33065200,"B"
"SHB","14:16:08",11.6,0.05,35400,33064500,"B"
"SHB","14:16:05",11.6,0.05,22000,33029100,"B"
"SHB","14:16:04",11.6,0.05,39000,33007100,"B"
"SHB","14:16:00",11.6,0.05,5000,32968100,"B"
"SHB","14:15:59",11.6,0.05,800,32963100,"B"
"SHB","14:15:59",11.6,0.05,400,32962300,"B"
"SHB","14:15:30",11.6,0.05,20000,32961900,"B"
"SHB","14:15:30",11.6,0.05,900,32941900,"B"
"SHB","14:15:23",11.6,0.05,2300,32941000,"B"
"SHB","14:15:21",11.65,0.1,400,32938700,"S"
"SHB","14:15:14",11.65,0.1,10000,32938300,"S"
"SHB","14:15:00",11.6,0.05,100,32928300,"B"
"SHB","14:14:49",11.6,0.05,100,32928200,"B"
"SHB","14:14:43",11.6,0.05,500,32928100,"B"
"SHB","14:14:38",11.6,0.05,200,32927600,"B"
"SHB","14:14:33",11.6,0.05,2000,32927400,"B"
"SHB","14:14:13",11.6,0.05,5000,32925400,"B"
"SHB","14:14:11",11.65,0.1,300,32920400,"S"
"SHB","14:13:43",11.6,0.05,1000,32920100,"B"
"SHB","14:13:32",11.6,0.05,2300,32919100,"B"
"SHB","14:13:31",11.6,0.05,600,32916800,"B"
"SHB","14:13:30",11.6,0.05,2000,32916200,"B"
"SHB","14:13:27",11.6,0.05,400,32914200,"B"
"SHB","14:13:26",11.65,0.1,9900,32913800,"S"
"SHB","14:13:25",11.65,0.1,20000,32903900,"S"
"SHB","14:13:17",11.6,0.05,200,32883900,"B"
"SHB","14:13:14",11.6,0.05,100,32883700,"B"
"SHB","14:13:08",11.6,0.05,10000,32883600,"B"
"SHB","14:13:05",11.6,0.05,10000,32873600,"B"
"SHB","14:13:03",11.6,0.05,5000,32863600,"B"
"SHB","14:13:01",11.6,0.05,6500,32858600,"B"
"SHB","14:13:00",11.6,0.05,20000,32852100,"B"
"SHB","14:12:58",11.6,0.05,500,32832100,"B"
"SHB","14:12:54",11.6,0.05,1000,32831600,"B"
"SHB","14:12:38",11.6,0.05,20000,32830600,"B"
"SHB","14:12:36",11.6,0.05,1500,32810600,"B"
"SHB","14:12:23",11.6,0.05,300,32809100,"B"
"SHB","14:12:18",11.6,0.05,100,32808800,"B"
"SHB","14:12:13",11.6,0.05,2000,32808700,"B"
"SHB","14:12:00",11.6,0.05,200,32806700,"B"
"SHB","14:11:50",11.6,0.05,10000,32806500,"B"
"SHB","14:11:47",11.6,0.05,12500,32796500,"B"
"SHB","14:11:46",11.65,0.1,100000,32784000,"S"
"SHB","14:11:33",11.6,0.05,1100,32684000,"B"
"SHB","14:11:23",11.65,0.1,3200,32682900,"S"
"SHB","14:11:10",11.65,0.1,200,32679700,"S"
"SHB","14:10:46",11.65,0.1,63000,32679500,"S"
"SHB","14:10:40",11.65,0.1,200,32616500,"S"
"SHB","14:10:35",11.6,0.05,500,32616300,"B"
"SHB","14:10:20",11.65,0.1,100,32615800,"S"
"SHB","14:10:05",11.65,0.1,1000,32615700,"S"
"SHB","14:09:48",11.65,0.1,100000,32614700,"S"
"SHB","14:09:30",11.65,0.1,500,32514700,"S"
"SHB","14:09:25",11.65,0.1,1000,32514200,"S"
"SHB","14:09:14",11.65,0.1,1000,32513200,"S"
"SHB","14:09:13",11.6,0.05,500,32512200,"B"
"SHB","14:09:01",11.65,0.1,3000,32511700,"S"
"SHB","14:08:53",11.65,0.1,10000,32508700,"S"
"SHB","14:08:52",11.6,0.05,1500,32498700,"B"
"SHB","14:08:43",11.65,0.1,100,32497200,"S"
"SHB","14:08:33",11.65,0.1,1000,32497100,"S"
"SHB","14:08:32",11.65,0.1,4000,32496100,"S"
"SHB","14:08:25",11.6,0.05,1000,32492100,"B"
"SHB","14:08:19",11.65,0.1,1000,32491100,"S"
"SHB","14:08:16",11.65,0.1,56000,32490100,"S"
"SHB","14:08:09",11.6,0.05,500,32434100,"B"
"SHB","14:07:56",11.6,0.05,10000,32430600,"B"
"SHB","14:07:42",11.65,0.1,31700,32420600,"S"
"SHB","14:07:34",11.65,0.1,300,32388900,"S"
"SHB","14:07:34",11.6,0.05,200,32388600,"B"
"SHB","14:07:18",11.65,0.1,2000,32388400,"S"
"SHB","14:07:11",11.6,0.05,100,32386400,"B"
"SHB","14:07:09",11.65,0.1,10000,32386300,"S"
"SHB","14:07:08",11.6,0.05,100000,32376300,"B"
"SHB","14:06:41",11.65,0.1,1000,32276300,"S"
"SHB","14:06:35",11.65,0.1,200,32275300,"S"
"SHB","14:06:30",11.65,0.1,5000,32275100,"S"
"SHB","14:06:25",11.65,0.1,400,32270100,"S"
"SHB","14:06:16",11.65,0.1,2000,32269700,"S"
"SHB","14:06:14",11.6,0.05,10000,32267700,"B"
"SHB","14:06:12",11.65,0.1,400,32257700,"S"
"SHB","14:05:54",11.65,0.1,2000,32257300,"S"
"SHB","14:05:51",11.65,0.1,100,32255300,"S"
"SHB","14:05:50",11.65,0.1,17400,32255200,"S"
"SHB","14:05:46",11.65,0.1,2400,32237800,"S"
"SHB","14:05:45",11.65,0.1,3500,32235400,"S"
"SHB","14:05:40",11.65,0.1,2000,32231900,"S"
"SHB","14:05:39",11.65,0.1,5000,32229900,"S"
"SHB","14:05:37",11.65,0.1,1400,32224900,"S"
"SHB","14:05:28",11.65,0.1,100000,32223500,"S"
"SHB","14:05:25",11.65,0.1,32700,32123500,"S"
"SHB","14:05:25",11.65,0.1,2300,32090800,"S"
"SHB","14:05:24",11.65,0.1,200,32088500,"S"
"SHB","14:05:23",11.65,0.1,200,32088300,"S"
"SHB","14:05:19",11.65,0.1,4000,32088100,"S"
"SHB","14:05:14",11.65,0.1,5000,32084100,"S"
"SHB","14:05:13",11.65,0.1,9500,32079100,"S"
"SHB","14:05:12",11.65,0.1,5000,32069600,"S"
"SHB","14:05:09",11.65,0.1,500,32064600,"S"
"SHB","14:05:08",11.65,0.1,800,32064100,"S"
"SHB","14:05:05",11.65,0.1,200,32063300,"S"
"SHB","14:05:05",11.65,0.1,100,32063100,"S"
"SHB","14:05:03",11.65,0.1,800,32063000,"S"
"SHB","14:05:02",11.65,0.1,21000,32062200,"S"
"SHB","14:04:57",11.65,0.1,3000,32041200,"S"
"SHB","14:04:56",11.65,0.1,20300,32038200,"S"
"SHB","14:04:53",11.65,0.1,5000,32017900,"S"
"SHB","14:04:50",11.65,0.1,190000,32012900,"S"
"SHB","14:04:49",11.6,0.05,1000,31822900,"B"
"SHB","14:04:47",11.65,0.1,100,31821900,"S"
"SHB","14:04:46",11.6,0.05,20000,31821800,"B"
"SHB","14:04:42",11.65,0.1,200000,31801800,"S"
"SHB","14:04:22",11.6,0.05,200,31601800,"B"
"SHB","14:04:16",11.65,0.1,55000,31601600,"S"
"SHB","14:04:04",11.65,0.1,150000,31546600,"S"
"SHB","14:04:03",11.65,0.1,3800,31396600,"S"
"SHB","14:03:59",11.65,0.1,10000,31392800,"S"
"SHB","14:03:44",11.65,0.1,5000,31382800,"S"
"SHB","14:03:42",11.65,0.1,500,31377800,"S"
"SHB","14:03:34",11.65,0.1,5000,31377300,"S"
"SHB","14:03:19",11.65,0.1,200,31372300,"S"
"SHB","14:03:17",11.65,0.1,1000,31372100,"S"
"SHB","14:02:53",11.65,0.1,500,31371100,"S"
"SHB","14:02:49",11.6,0.05,400,31370600,"B"
"SHB","14:02:42",11.6,0.05,20000,31370200,"B"
"SHB","14:02:39",11.65,0.1,400,31350200,"S"
"SHB","14:02:27",11.6,0.05,100,31349800,"B"
"SHB","14:02:23",11.65,0.1,25000,31349700,"S"
"SHB","14:02:21",11.65,0.1,100000,31324700,"S"
"SHB","14:02:19",11.6,0.05,300,31224700,"B"
"SHB","14:02:16",11.65,0.1,37800,31224400,"S"
"SHB","14:02:15",11.6,0.05,100,31186600,"B"
"SHB","14:02:12",11.6,0.05,40000,31186500,"B"
"SHB","14:02:10",11.65,0.1,20000,31146500,"S"
"SHB","14:02:07",11.6,0.05,5800,31126500,"B"
"SHB","14:01:47",11.6,0.05,700,31120700,"B"
"SHB","14:01:40",11.6,0.05,5000,31120000,"B"
"SHB","14:01:39",11.6,0.05,1000,31115000,"B"
"SHB","14:01:29",11.65,0.1,3000,31114000,"S"
"SHB","14:01:24",11.65,0.1,70000,31111000,"S"
"SHB","14:01:20",11.6,0.05,300000,31041000,"B"
"SHB","14:01:19",11.65,0.1,5000,30741000,"S"
"SHB","14:01:16",11.65,0.1,25000,30736000,"S"
"SHB","14:01:11",11.65,0.1,10000,30711000,"S"
"SHB","14:00:28",11.65,0.1,3000,30701000,"S"
"SHB","14:00:21",11.65,0.1,50000,30698000,"S"
"SHB","13:59:59",11.6,0.05,1000,30648000,"B"
"SHB","13:59:56",11.6,0.05,100,30647000,"B"
"SHB","13:59:56",11.65,0.1,200,30646900,"S"
"SHB","13:59:56",11.65,0.1,3000,30646700,"S"
"SHB","13:59:51",11.65,0.1,10000,30643700,"S"
"SHB","13:59:48",11.65,0.1,10400,30633700,"S"
"SHB","13:59:28",11.65,0.1,500,30623300,"S"
"SHB","13:59:27",11.6,0.05,100,30622800,"B"
"SHB","13:59:23",11.65,0.1,24900,30622700,"S"
"SHB","13:59:22",11.65,0.1,75100,30597800,"S"
"SHB","13:59:19",11.65,0.1,5000,30522700,"S"
"SHB","13:59:10",11.65,0.1,200,30517700,"S"
"SHB","13:59:05",11.6,0.05,500,30517500,"B"
"SHB","13:59:00",11.6,0.05,100,30517000,"B"
"SHB","13:58:30",11.65,0.1,1600,30516900,"S"
"SHB","13:58:29",11.65,0.1,1000,30515300,"S"
"SHB","13:58:27",11.65,0.1,500,30514300,"S"
"SHB","13:58:24",11.65,0.1,2000,30513800,"S"
"SHB","13:58:20",11.65,0.1,49600,30511800,"S"
"SHB","13:58:03",11.65,0.1,100,30462200,"S"
"SHB","13:58:00",11.65,0.1,3000,30462100,"S"
"SHB","13:57:57",11.65,0.1,1900,30459100,"S"
"SHB","13:57:54",11.65,0.1,5000,30457200,"S"
"SHB","13:57:53",11.65,0.1,2700,30452200,"S"
"SHB","13:57:44",11.65,0.1,9900,30449500,"S"
"SHB","13:57:39",11.65,0.1,200,30439600,"S"
"SHB","13:57:38",11.65,0.1,500,30439400,"S"
"SHB","13:57:34",11.65,0.1,800,30438900,"S"
"SHB","13:57:30",11.65,0.1,6000,30438100,"S"
"SHB","13:57:22",11.65,0.1,2000,30432100,"S"
"SHB","13:57:10",11.6,0.05,100,30430100,"B"
"SHB","13:56:48",11.65,0.1,100,30430000,"S"
"SHB","13:56:32",11.6,0.05,500,30429900,"B"
"SHB","13:56:26",11.65,0.1,5000,30429400,"S"
"SHB","13:56:22",11.6,0.05,500,30424400,"B"
"SHB","13:56:19",11.65,0.1,50000,30423900,"S"
"SHB","13:56:18",11.65,0.1,100,30373900,"S"
"SHB","13:56:00",11.6,0.05,1500,30373800,"B"
"SHB","13:55:50",11.6,0.05,1800,30372300,"B"
"SHB","13:55:49",11.6,0.05,10000,30370500,"B"
"SHB","13:55:25",11.6,0.05,1000,30360500,"B"
"SHB","13:55:01",11.65,0.1,100,30359500,"S"
"SHB","13:54:55",11.65,0.1,100,30359400,"S"
"SHB","13:54:41",11.65,0.1,100,30359300,"S"
"SHB","13:54:37",11.6,0.05,1000,30359200,"B"
"SHB","13:54:34",11.6,0.05,500,30358200,"B"
"SHB","13:54:32",11.6,0.05,2000,30357700,"B"
"SHB","13:54:24",11.6,0.05,3300,30355700,"B"
"SHB","13:54:14",11.65,0.1,200,30352400,"S"
"SHB","13:54:11",11.6,0.05,10000,30352200,"B"
"SHB","13:54:03",11.65,0.1,1000,30342200,"S"
"SHB","13:54:02",11.6,0.05,1000,30341200,"B"
"SHB","13:53:47",11.6,0.05,2700,30340200,"B"
"SHB","13:53:44",11.6,0.05,1300,30337500,"B"
"SHB","13:53:41",11.6,0.05,100,30336200,"B"
"SHB","13:53:40",11.6,0.05,100,30336100,"B"
"SHB","13:53:37",11.6,0.05,300,30336000,"B"
"SHB","13:53:30",11.6,0.05,300,30335700,"B"
"SHB","13:53:09",11.6,0.05,1000,30335400,"B"
"SHB","13:53:07",11.6,0.05,500,30334400,"B"
"SHB","13:53:05",11.65,0.1,100,30333900,"S"
"SHB","13:52:54",11.6,0.05,3000,30333800,"B"
"SHB","13:52:40",11.6,0.05,100,30330800,"B"
"SHB","13:52:32",11.6,0.05,1000,30330700,"B"
"SHB","13:52:28",11.6,0.05,100,30329700,"B"
"SHB","13:52:20",11.6,0.05,500,30329600,"B"
"SHB","13:52:19",11.65,0.1,1000,30329100,"S"
"SHB","13:52:15",11.6,0.05,100,30328100,"B"
"SHB","13:52:09",11.6,0.05,1300,30328000,"B"
"SHB","13:52:00",11.6,0.05,400,30326700,"B"
"SHB","13:51:50",11.6,0.05,100,30326300,"B"
"SHB","13:51:49",11.6,0.05,400,30326200,"B"
"SHB","13:51:47",11.6,0.05,1000,30325800,"B"
"SHB","13:51:31",11.6,0.05,500,30324800,"B"
"SHB","13:51:27",11.6,0.05,500,30324300,"B"
"SHB","13:51:11",11.6,0.05,2000,30323800,"B"
"SHB","13:50:52",11.6,0.05,500,30321800,"B"
"SHB","13:50:36",11.6,0.05,1500,30321300,"B"
"SHB","13:50:28",11.6,0.05,200,30319800,"B"
"SHB","13:50:21",11.6,0.05,253700,30319600,"S"
"SHB","13:50:18",11.55,0,200,30065900,"B"
"SHB","13:50:15",11.6,0.05,700,30065700,"S"
"SHB","13:50:13",11.6,0.05,100,30065000,"S"
"SHB","13:50:11",11.6,0.05,100,30064900,"S"
"SHB","13:50:00",11.6,0.05,7000,30064800,"S"
"SHB","13:49:47",11.6,0.05,3000,30057800,"S"
"SHB","13:49:44",11.55,0,100,30054800,"B"
"SHB","13:49:42",11.6,0.05,300,30054700,"S"
"SHB","13:49:34",11.55,0,200,30054400,"B"
"SHB","13:49:22",11.6,0.05,20000,30054200,"S"
"SHB","13:49:19",11.55,0,100,30034200,"B"
"SHB","13:49:05",11.6,0.05,800,30034100,"S"
"SHB","13:48:57",11.6,0.05,2500,30033300,"S"
"SHB","13:48:53",11.6,0.05,1800,30030800,"B"
"SHB","13:48:51",11.6,0.05,10000,30029000,"B"
"SHB","13:48:49",11.6,0.05,1000,30019000,"B"
"SHB","13:48:47",11.6,0.05,34800,30018000,"B"
"SHB","13:48:44",11.6,0.05,19900,29983200,"B"
"SHB","13:48:41",11.6,0.05,50000,29963300,"B"
"SHB","13:48:39",11.6,0.05,2500,29913300,"B"
"SHB","13:48:36",11.6,0.05,51700,29910800,"S"
"SHB","13:48:32",11.6,0.05,1000,29859100,"S"
"SHB","13:48:30",11.6,0.05,100,29858100,"S"
"SHB","13:48:30",11.55,0,100,29858000,"B"
"SHB","13:48:28",11.6,0.05,6100,29857900,"S"
"SHB","13:48:26",11.6,0.05,38000,29851800,"B"
"SHB","13:48:04",11.6,0.05,5000,29813800,"B"
"SHB","13:47:59",11.6,0.05,7000,29808800,"B"
"SHB","13:47:56",11.6,0.05,3000,29801800,"B"
"SHB","13:47:53",11.6,0.05,100000,29798800,"B"
"SHB","13:47:52",11.6,0.05,14400,29698800,"B"
"SHB","13:47:48",11.6,0.05,1500,29684400,"B"
"SHB","13:47:47",11.6,0.05,2000,29682900,"B"
"SHB","13:47:45",11.6,0.05,1800,29680900,"B"
"SHB","13:47:41",11.6,0.05,75800,29679100,"B"
"SHB","13:47:39",11.6,0.05,255000,29603300,"S"
"SHB","13:47:34",11.6,0.05,300,29348300,"S"
"SHB","13:47:30",11.6,0.05,10000,29348000,"S"
"SHB","13:47:14",11.6,0.05,2000,29337000,"S"
"SHB","13:47:12",11.6,0.05,20000,29335000,"S"
"SHB","13:47:11",11.55,0,14400,29315000,"B"
"SHB","13:47:11",11.6,0.05,277200,29300600,"B"
"SHB","13:47:07",11.6,0.05,4800,29023400,"B"
"SHB","13:47:02",11.6,0.05,18000,29018600,"S"
"SHB","13:46:53",11.6,0.05,1000,29000600,"S"
"SHB","13:46:47",11.6,0.05,4700,28999600,"B"
"SHB","13:46:45",11.6,0.05,95300,28994900,"S"
"SHB","13:46:26",11.55,0,100,28899600,"B"
"SHB","13:46:26",11.6,0.05,200,28899500,"S"
"SHB","13:46:21",11.6,0.05,5000,28899300,"S"
"SHB","13:46:13",11.6,0.05,2800,28894300,"S"
"SHB","13:46:12",11.6,0.05,57900,28891500,"B"
"SHB","13:46:09",11.6,0.05,62100,28833600,"S"
"SHB","13:46:09",11.55,0,4800,28771500,"B"
"SHB","13:46:08",11.6,0.05,3500,28766700,"S"
"SHB","13:46:04",11.6,0.05,4000,28763200,"S"
"SHB","13:45:56",11.6,0.05,19000,28759200,"S"
"SHB","13:45:53",11.6,0.05,100000,28740200,"S"
"SHB","13:45:51",11.6,0.05,100,28640200,"S"
"SHB","13:45:50",11.6,0.05,40700,28640100,"B"
"SHB","13:45:49",11.6,0.05,500,28599400,"B"
"SHB","13:45:45",11.6,0.05,30000,28598900,"B"
"SHB","13:45:41",11.6,0.05,800,28568900,"B"
"SHB","13:45:40",11.6,0.05,5000,28568100,"B"
"SHB","13:45:37",11.6,0.05,10000,28563100,"B"
"SHB","13:45:37",11.6,0.05,3500,28553100,"B"
"SHB","13:45:35",11.6,0.05,200,28549600,"B"
"SHB","13:45:32",11.6,0.05,419700,28549400,"S"
"SHB","13:45:28",11.55,0,8800,28129700,"B"
"SHB","13:45:21",11.6,0.05,500,28120900,"S"
"SHB","13:45:12",11.55,0,400,28120400,"B"
"SHB","13:44:57",11.55,0,100,28120000,"B"
"SHB","13:44:48",11.55,0,100,28119900,"B"
"SHB","13:44:38",11.6,0.05,5000,28119800,"S"
"SHB","13:44:35",11.6,0.05,700,28114800,"S"
"SHB","13:44:33",11.6,0.05,700,28114100,"S"
"SHB","13:44:23",11.55,0,4800,28113400,"B"
"SHB","13:44:15",11.6,0.05,10000,28108600,"S"
"SHB","13:44:12",11.55,0,100,28098600,"B"
"SHB","13:44:08",11.6,0.05,500,28098500,"S"
"SHB","13:44:07",11.6,0.05,200,28098000,"S"
"SHB","13:44:06",11.6,0.05,84200,28097800,"S"
"SHB","13:44:02",11.6,0.05,200,28013600,"S"
"SHB","13:43:55",11.6,0.05,3000,28013400,"S"
"SHB","13:43:54",11.6,0.05,5000,28010400,"S"
"SHB","13:43:53",11.55,0,4800,28005400,"B"
"SHB","13:43:53",11.6,0.05,42000,28000600,"S"
"SHB","13:43:45",11.6,0.05,1300,27958600,"S"
"SHB","13:43:44",11.6,0.05,1000,27957300,"S"
"SHB","13:43:42",11.6,0.05,10000,27956300,"S"
"SHB","13:43:36",11.6,0.05,40000,27946300,"S"
"SHB","13:43:34",11.6,0.05,500,27906300,"S"
"SHB","13:43:27",11.6,0.05,5000,27905800,"S"
"SHB","13:43:25",11.6,0.05,30000,27900800,"S"
"SHB","13:43:20",11.6,0.05,88900,27870800,"B"
"SHB","13:43:19",11.6,0.05,3500,27781900,"B"
"SHB","13:43:14",11.6,0.05,3000,27778400,"B"
"SHB","13:43:08",11.6,0.05,100,27775400,"B"
"SHB","13:43:07",11.6,0.05,1000,27775300,"B"
"SHB","13:43:01",11.6,0.05,100,27774300,"B"
"SHB","13:42:59",11.6,0.05,500,27774200,"B"
"SHB","13:42:51",11.6,0.05,15400,27773700,"B"
"SHB","13:42:50",11.6,0.05,91800,27758300,"S"
"SHB","13:42:41",11.6,0.05,143400,27666500,"B"
"SHB","13:42:40",11.6,0.05,100,27523100,"B"
"SHB","13:42:37",11.6,0.05,400,27523000,"B"
"SHB","13:42:32",11.6,0.05,100,27522600,"B"
"SHB","13:42:27",11.6,0.05,20000,27522500,"B"
"SHB","13:42:20",11.6,0.05,11200,27502500,"B"
"SHB","13:42:19",11.6,0.05,500,27491300,"B"
"SHB","13:42:17",11.6,0.05,20100,27490800,"B"
"SHB","13:42:13",11.6,0.05,40000,27470700,"B"
"SHB","13:42:07",11.6,0.05,1000,27430700,"B"
"SHB","13:42:02",11.6,0.05,4100,27429700,"B"
"SHB","13:41:58",11.6,0.05,100000,27415600,"B"
"SHB","13:41:54",11.6,0.05,2700,27315600,"B"
"SHB","13:41:49",11.6,0.05,600,27312900,"B"
"SHB","13:41:43",11.6,0.05,5000,27312300,"B"
"SHB","13:41:38",11.6,0.05,500,27307300,"B"
"SHB","13:41:38",11.65,0.1,5000,27306800,"S"
"SHB","13:41:37",11.6,0.05,2000,27301800,"B"
"SHB","13:41:34",11.6,0.05,5000,27299800,"B"
"SHB","13:41:27",11.6,0.05,100,27294800,"B"
"SHB","13:41:23",11.6,0.05,4500,27294700,"B"
"SHB","13:41:22",11.6,0.05,3000,27290200,"B"
"SHB","13:41:22",11.6,0.05,1000,27287200,"B"
"SHB","13:41:19",11.6,0.05,18000,27286200,"B"
"SHB","13:41:14",11.6,0.05,100,27268200,"B"
"SHB","13:41:08",11.6,0.05,5000,27268100,"B"
"SHB","13:41:06",11.6,0.05,5000,27263100,"B"
"SHB","13:41:02",11.6,0.05,20000,27258100,"B"
"SHB","13:40:59",11.6,0.05,2000,27238100,"B"
"SHB","13:40:58",11.6,0.05,5000,27236100,"B"
"SHB","13:40:49",11.6,0.05,3000,27231100,"B"
"SHB","13:40:32",11.6,0.05,5000,27228100,"B"
"SHB","13:40:28",11.65,0.1,100,27223100,"S"
"SHB","13:40:21",11.65,0.1,1000,27223000,"S"
"SHB","13:40:20",11.6,0.05,1500,27222000,"B"
"SHB","13:40:17",11.6,0.05,500,27220400,"B"
"SHB","13:40:16",11.6,0.05,3200,27219900,"B"
"SHB","13:40:13",11.6,0.05,9000,27216700,"B"
"SHB","13:40:11",11.6,0.05,500,27207700,"B"
"SHB","13:40:11",11.65,0.1,5000,27207200,"S"
"SHB","13:40:07",11.6,0.05,10000,27202200,"B"
"SHB","13:40:03",11.6,0.05,100,27192200,"B"
"SHB","13:40:03",11.6,0.05,5000,27192100,"B"
"SHB","13:39:43",11.6,0.05,1000,27187100,"B"
"SHB","13:39:42",11.6,0.05,2200,27186100,"B"
"SHB","13:39:40",11.6,0.05,100,27183900,"B"
"SHB","13:39:34",11.6,0.05,2000,27183800,"B"
"SHB","13:39:22",11.6,0.05,100,27181800,"B"
"SHB","13:39:17",11.6,0.05,800,27181700,"B"
"SHB","13:39:12",11.6,0.05,1000,27180900,"B"
"SHB","13:39:09",11.6,0.05,400,27179900,"B"
"SHB","13:39:05",11.6,0.05,5000,27179500,"B"
"SHB","13:39:02",11.6,0.05,500,27174500,"B"
"SHB","13:39:01",11.6,0.05,2800,27174000,"B"
"SHB","13:38:58",11.6,0.05,658700,27171200,"S"
"SHB","13:38:57",11.6,0.05,1600,26512500,"S"
"SHB","13:38:54",11.6,0.05,15000,26510900,"S"
"SHB","13:38:50",11.6,0.05,3000,26495900,"S"
"SHB","13:38:40",11.6,0.05,2000,26492900,"S"
"SHB","13:38:33",11.6,0.05,200,26490900,"S"
"SHB","13:38:31",11.6,0.05,1500,26490700,"S"
"SHB","13:38:30",11.6,0.05,5000,26489200,"S"
"SHB","13:38:25",11.6,0.05,3000,26484200,"S"
"SHB","13:38:17",11.6,0.05,22800,26481200,"S"
"SHB","13:38:14",11.6,0.05,100,26458400,"S"
"SHB","13:38:13",11.6,0.05,1000,26458300,"S"
"SHB","13:38:10",11.6,0.05,500000,26457300,"S"
"SHB","13:38:09",11.6,0.05,50000,25957300,"S"
"SHB","13:37:52",11.55,0,1000,25907300,"B"
"SHB","13:37:12",11.55,0,1000,25906300,"B"
"SHB","13:37:09",11.55,0,300,25905300,"B"
"SHB","13:36:54",11.55,0,1000,25905000,"B"
"SHB","13:36:53",11.6,0.05,500,25904000,"S"
"SHB","13:36:43",11.55,0,5000,25903500,"B"
"SHB","13:36:36",11.6,0.05,10000,25898500,"S"
"SHB","13:36:35",11.55,0,5000,25888500,"B"
"SHB","13:36:31",11.6,0.05,100,25883500,"S"
"SHB","13:36:22",11.55,0,800,25883400,"B"
"SHB","13:36:20",11.6,0.05,8600,25882600,"S"
"SHB","13:36:16",11.6,0.05,5100,25874000,"S"
"SHB","13:36:02",11.55,0,1000,25868900,"B"
"SHB","13:36:02",11.6,0.05,2000,25867900,"S"
"SHB","13:35:49",11.55,0,1100,25865900,"B"
"SHB","13:35:47",11.55,0,200,25864800,"B"
"SHB","13:35:46",11.55,0,1000,25864600,"B"
"SHB","13:35:37",11.55,0,200,25863600,"B"
"SHB","13:35:36",11.55,0,3500,25863400,"B"
"SHB","13:35:31",11.55,0,2000,25859900,"B"
"SHB","13:35:25",11.6,0.05,4000,25857900,"S"
"SHB","13:35:20",11.55,0,1800,25853900,"B"
"SHB","13:35:19",11.55,0,6200,25852100,"B"
"SHB","13:35:09",11.55,0,18700,25845900,"B"
"SHB","13:35:07",11.55,0,500,25827200,"B"
"SHB","13:35:05",11.55,0,70200,25826700,"B"
"SHB","13:34:55",11.55,0,100,25756500,"B"
"SHB","13:34:50",11.55,0,100,25756400,"B"
"SHB","13:34:49",11.55,0,2700,25756300,"B"
"SHB","13:34:36",11.55,0,5300,25753600,"B"
"SHB","13:34:35",11.55,0,3400,25748300,"B"
"SHB","13:34:23",11.55,0,100,25744900,"B"
"SHB","13:34:23",11.55,0,10000,25744800,"B"
"SHB","13:34:19",11.55,0,500,25734800,"B"
"SHB","13:34:18",11.55,0,600,25734300,"B"
"SHB","13:34:14",11.55,0,4000,25733700,"B"
"SHB","13:34:07",11.55,0,1700,25729700,"B"
"SHB","13:34:06",11.55,0,16600,25728000,"B"
"SHB","13:34:05",11.55,0,5000,25711400,"B"
"SHB","13:33:52",11.55,0,200,25706400,"B"
"SHB","13:33:48",11.55,0,100,25706200,"B"
"SHB","13:33:38",11.55,0,2000,25706100,"B"
"SHB","13:33:31",11.55,0,100,25704100,"B"
"SHB","13:33:26",11.55,0,1000,25704000,"B"
"SHB","13:33:25",11.55,0,2000,25703000,"B"
"SHB","13:33:21",11.55,0,2500,25701000,"B"
"SHB","13:33:00",11.55,0,2700,25698500,"B"
"SHB","13:32:58",11.55,0,300,25695800,"B"
"SHB","13:32:47",11.55,0,12000,25695500,"B"
"SHB","13:32:41",11.55,0,100,25683500,"B"
"SHB","13:32:33",11.55,0,1000,25683400,"B"
"SHB","13:32:29",11.55,0,200,25682400,"B"
"SHB","13:32:08",11.55,0,5000,25682200,"B"
"SHB","13:32:05",11.55,0,3000,25677200,"B"
"SHB","13:31:59",11.55,0,50000,25674200,"B"
"SHB","13:31:52",11.55,0,500,25624200,"B"
"SHB","13:31:48",11.55,0,1900,25623700,"B"
"SHB","13:31:47",11.55,0,5000,25621800,"B"
"SHB","13:31:46",11.55,0,5400,25616800,"B"
"SHB","13:31:39",11.55,0,100,25611400,"B"
"SHB","13:31:32",11.55,0,1000,25611300,"B"
"SHB","13:31:26",11.55,0,3100,25610300,"B"
"SHB","13:31:23",11.55,0,1000,25607200,"B"
"SHB","13:31:17",11.55,0,1000,25606200,"B"
"SHB","13:31:16",11.55,0,100,25605200,"B"
"SHB","13:31:12",11.55,0,100,25605100,"B"
"SHB","13:31:10",11.55,0,1000,25605000,"B"
"SHB","13:31:09",11.55,0,18000,25604000,"B"
"SHB","13:31:05",11.55,0,500,25586000,"B"
"SHB","13:31:00",11.55,0,17700,25585500,"B"
"SHB","13:30:59",11.55,0,100,25567800,"B"
"SHB","13:30:57",11.55,0,26000,25567700,"B"
"SHB","13:30:46",11.55,0,1000,25541700,"B"
"SHB","13:30:39",11.55,0,800,25540700,"B"
"SHB","13:30:37",11.55,0,48300,25539900,"B"
"SHB","13:30:36",11.55,0,45900,25491600,"B"
"SHB","13:30:34",11.55,0,700,25445700,"B"
"SHB","13:30:28",11.55,0,5000,25445000,"B"
"SHB","13:30:15",11.55,0,3000,25440000,"B"
"SHB","13:30:04",11.55,0,200,25437000,"B"
"SHB","13:30:01",11.55,0,100,25436800,"B"
"SHB","13:29:59",11.55,0,3000,25436700,"B"
"SHB","13:29:50",11.55,0,500,25433700,"B"
"SHB","13:29:44",11.55,0,100,25433200,"B"
"SHB","13:29:43",11.55,0,1300,25433100,"B"
"SHB","13:29:38",11.55,0,20000,25431800,"B"
"SHB","13:29:33",11.55,0,3300,25411800,"B"
"SHB","13:29:33",11.55,0,4500,25408500,"B"
"SHB","13:29:30",11.55,0,39000,25404000,"B"
"SHB","13:29:26",11.6,0.05,100,25365000,"S"
"SHB","13:29:17",11.6,0.05,100,25364900,"S"
"SHB","13:29:10",11.55,0,43000,25364800,"B"
"SHB","13:28:54",11.55,0,200,25321800,"B"
"SHB","13:28:42",11.55,0,4000,25321600,"B"
"SHB","13:28:32",11.6,0.05,20000,25317600,"S"
"SHB","13:28:29",11.6,0.05,700,25297600,"S"
"SHB","13:28:24",11.55,0,1300,25296900,"B"
"SHB","13:28:22",11.55,0,200,25295600,"B"
"SHB","13:28:14",11.55,0,100,25295400,"B"
"SHB","13:28:07",11.55,0,10300,25295300,"B"
"SHB","13:27:59",11.55,0,100,25285000,"B"
"SHB","13:27:44",11.55,0,3000,25284900,"B"
"SHB","13:27:42",11.6,0.05,500,25281900,"S"
"SHB","13:27:34",11.55,0,200,25281400,"B"
"SHB","13:27:25",11.55,0,400,25281200,"B"
"SHB","13:27:04",11.55,0,1000,25280800,"B"
"SHB","13:26:46",11.55,0,1600,25279800,"B"
"SHB","13:26:38",11.55,0,13000,25278200,"B"
"SHB","13:26:29",11.55,0,2000,25265200,"B"
"SHB","13:26:06",11.55,0,500,25263200,"B"
"SHB","13:26:02",11.55,0,400,25262700,"B"
"SHB","13:25:50",11.55,0,4600,25262300,"B"
"SHB","13:25:44",11.55,0,1000,25257700,"B"
"SHB","13:25:29",11.55,0,100,25256700,"B"
"SHB","13:25:11",11.6,0.05,800,25256600,"S"
"SHB","13:24:42",11.6,0.05,6900,25255800,"S"
"SHB","13:24:04",11.6,0.05,1500,25248900,"S"
"SHB","13:23:59",11.55,0,600,25247400,"B"
"SHB","13:23:50",11.55,0,5000,25246800,"B"
"SHB","13:23:45",11.6,0.05,100,25241800,"S"
"SHB","13:23:25",11.55,0,2000,25241700,"B"
"SHB","13:23:09",11.6,0.05,500,25239700,"S"
"SHB","13:23:07",11.55,0,2000,25239200,"B"
"SHB","13:23:06",11.55,0,400,25237200,"B"
"SHB","13:23:04",11.6,0.05,100,25236800,"S"
"SHB","13:23:02",11.55,0,200,25236700,"B"
"SHB","13:22:54",11.55,0,2000,25236500,"B"
"SHB","13:22:51",11.6,0.05,200,25234500,"S"
"SHB","13:22:41",11.6,0.05,3400,25234300,"S"
"SHB","13:22:33",11.6,0.05,200,25230900,"S"
"SHB","13:22:24",11.6,0.05,500,25230700,"S"
"SHB","13:22:12",11.6,0.05,500,25230200,"S"
"SHB","13:21:59",11.55,0,400,25229700,"B"
"SHB","13:21:57",11.6,0.05,100,25229300,"S"
"SHB","13:21:56",11.6,0.05,100,25229200,"S"
"SHB","13:21:47",11.55,0,3600,25229100,"B"
"SHB","13:21:37",11.55,0,1100,25225500,"B"
"SHB","13:21:34",11.6,0.05,100,25224400,"S"
"SHB","13:21:28",11.6,0.05,1000,25224300,"S"
"SHB","13:21:01",11.6,0.05,2600,25223300,"S"
"SHB","13:20:53",11.55,0,600,25220700,"B"
"SHB","13:20:44",11.55,0,1000,25220100,"B"
"SHB","13:20:43",11.55,0,6000,25219100,"B"
"SHB","13:20:32",11.55,0,1100,25213100,"B"
"SHB","13:20:31",11.6,0.05,200,25212000,"S"
"SHB","13:20:20",11.6,0.05,20000,25211800,"S"
"SHB","13:20:18",11.6,0.05,300,25191800,"S"
"SHB","13:20:06",11.6,0.05,100,25191500,"S"
"SHB","13:19:41",11.6,0.05,100,25191400,"S"
"SHB","13:19:31",11.6,0.05,500,25191300,"S"
"SHB","13:19:09",11.6,0.05,2000,25190800,"S"
"SHB","13:18:59",11.6,0.05,4800,25188800,"S"
"SHB","13:18:59",11.55,0,2000,25184000,"B"
"SHB","13:18:37",11.55,0,15200,25182000,"B"
"SHB","13:18:06",11.55,0,4300,25166800,"B"
"SHB","13:18:04",11.6,0.05,2600,25162500,"S"
"SHB","13:17:34",11.6,0.05,5000,25159900,"S"
"SHB","13:17:30",11.6,0.05,100,25154900,"S"
"SHB","13:17:26",11.6,0.05,100,25154800,"S"
"SHB","13:17:18",11.6,0.05,10000,25154700,"S"
"SHB","13:17:09",11.6,0.05,5000,25144700,"S"
"SHB","13:16:56",11.6,0.05,500,25139700,"S"
"SHB","13:16:55",11.6,0.05,31000,25139200,"S"
"SHB","13:16:52",11.6,0.05,1000,25108200,"S"
"SHB","13:16:46",11.6,0.05,2300,25107200,"S"
"SHB","13:16:42",11.55,0,3000,25104900,"B"
"SHB","13:16:31",11.55,0,200,25101900,"B"
"SHB","13:16:31",11.6,0.05,11000,25101700,"S"
"SHB","13:16:15",11.6,0.05,200,25090700,"S"
"SHB","13:16:04",11.6,0.05,2500,25090500,"S"
"SHB","13:15:57",11.55,0,9000,25088000,"B"
"SHB","13:15:48",11.6,0.05,6300,25079000,"B"
"SHB","13:15:47",11.6,0.05,29300,25072700,"B"
"SHB","13:15:46",11.6,0.05,100000,25043400,"B"
"SHB","13:15:44",11.6,0.05,500,24943400,"B"
"SHB","13:15:43",11.6,0.05,200,24942900,"B"
"SHB","13:15:42",11.6,0.05,14200,24942400,"B"
"SHB","13:15:41",11.6,0.05,100,24928200,"B"
"SHB","13:15:38",11.6,0.05,1000,24928100,"B"
"SHB","13:15:37",11.6,0.05,2500,24927100,"B"
"SHB","13:15:35",11.6,0.05,130500,24924600,"B"
"SHB","13:15:34",11.6,0.05,5000,24794100,"B"
"SHB","13:15:33",11.6,0.05,5000,24782100,"B"
"SHB","13:15:32",11.6,0.05,4000,24777100,"B"
"SHB","13:15:30",11.6,0.05,500,24773100,"B"
"SHB","13:15:29",11.6,0.05,124300,24772600,"B"
"SHB","13:15:29",11.6,0.05,40300,24648300,"B"
"SHB","13:15:27",11.6,0.05,5000,24608000,"B"
"SHB","13:15:26",11.6,0.05,4600,24603000,"B"
"SHB","13:15:25",11.6,0.05,4500,24598400,"B"
"SHB","13:15:24",11.6,0.05,5000,24593900,"B"
"SHB","13:15:22",11.6,0.05,100,24588900,"B"
"SHB","13:15:21",11.6,0.05,500,24588800,"B"
"SHB","13:15:21",11.6,0.05,5000,24588300,"B"
"SHB","13:15:20",11.6,0.05,500,24583300,"B"
"SHB","13:15:19",11.6,0.05,4000,24582800,"B"
"SHB","13:15:19",11.6,0.05,4800,24578800,"B"
"SHB","13:15:15",11.6,0.05,5000,24574000,"B"
"SHB","13:15:12",11.6,0.05,350000,24569000,"B"
"SHB","13:15:09",11.6,0.05,4900,24219000,"B"
"SHB","13:15:08",11.6,0.05,4500,24214100,"B"
"SHB","13:15:06",11.65,0.1,1000,24209600,"S"
"SHB","13:15:02",11.6,0.05,19000,24208600,"B"
"SHB","13:15:00",11.6,0.05,100,24189600,"B"
"SHB","13:14:49",11.6,0.05,500,24189500,"B"
"SHB","13:14:48",11.6,0.05,100,24189000,"B"
"SHB","13:14:42",11.6,0.05,500,24188900,"B"
"SHB","13:14:37",11.6,0.05,100,24188400,"B"
"SHB","13:14:26",11.6,0.05,500,24188300,"B"
"SHB","13:14:24",11.6,0.05,300,24187800,"B"
"SHB","13:14:21",11.6,0.05,500,24187500,"B"
"SHB","13:14:14",11.6,0.05,1000,24187000,"B"
"SHB","13:14:10",11.6,0.05,11000,24186000,"B"
"SHB","13:14:06",11.6,0.05,1000,24175000,"B"
"SHB","13:14:05",11.6,0.05,200,24174000,"B"
"SHB","13:14:04",11.65,0.1,200,24173800,"S"
"SHB","13:13:53",11.6,0.05,700,24173600,"B"
"SHB","13:13:52",11.6,0.05,4400,24172900,"B"
"SHB","13:13:46",11.6,0.05,500,24168500,"B"
"SHB","13:13:45",11.6,0.05,2500,24168000,"B"
"SHB","13:13:43",11.6,0.05,5000,24165500,"B"
"SHB","13:13:41",11.6,0.05,13000,24160500,"B"
"SHB","13:13:34",11.6,0.05,500,24147500,"B"
"SHB","13:13:31",11.6,0.05,10000,24147000,"B"
"SHB","13:13:10",11.6,0.05,4000,24137000,"B"
"SHB","13:13:09",11.6,0.05,800,24133000,"B"
"SHB","13:13:06",11.65,0.1,1000,24132200,"S"
"SHB","13:13:04",11.6,0.05,2000,24131200,"B"
"SHB","13:13:01",11.6,0.05,5000,24129200,"B"
"SHB","13:12:58",11.6,0.05,2000,24124200,"B"
"SHB","13:12:57",11.6,0.05,11400,24122200,"B"
"SHB","13:12:54",11.6,0.05,800,24110800,"B"
"SHB","13:12:54",11.65,0.1,500,24110000,"S"
"SHB","13:12:50",11.6,0.05,300,24109500,"B"
"SHB","13:12:48",11.6,0.05,100,24109200,"B"
"SHB","13:12:46",11.6,0.05,30300,24109100,"B"
"SHB","13:12:37",11.6,0.05,300,24078800,"B"
"SHB","13:12:35",11.6,0.05,100,24078500,"B"
"SHB","13:12:32",11.6,0.05,500,24078400,"B"
"SHB","13:12:28",11.6,0.05,200,24077900,"B"
"SHB","13:12:27",11.65,0.1,1000,24077700,"S"
"SHB","13:12:20",11.6,0.05,10000,24076700,"B"
"SHB","13:12:17",11.6,0.05,100,24066700,"B"
"SHB","13:12:15",11.6,0.05,900,24066600,"B"
"SHB","13:12:13",11.6,0.05,100,24065700,"B"
"SHB","13:12:10",11.6,0.05,2000,24065600,"B"
"SHB","13:12:08",11.6,0.05,1000,24063600,"B"
"SHB","13:12:07",11.6,0.05,500,24062600,"B"
"SHB","13:12:01",11.6,0.05,300,24062100,"B"
"SHB","13:12:00",11.6,0.05,2000,24061800,"B"
"SHB","13:11:56",11.6,0.05,200,24059800,"B"
"SHB","13:11:52",11.6,0.05,1000,24059600,"B"
"SHB","13:11:46",11.6,0.05,5000,24058600,"B"
"SHB","13:11:40",11.6,0.05,100,24053600,"B"
"SHB","13:11:38",11.6,0.05,200,24053500,"B"
"SHB","13:11:37",11.6,0.05,3100,24053300,"B"
"SHB","13:11:31",11.6,0.05,51700,24050200,"B"
"SHB","13:11:25",11.6,0.05,2800,23998500,"B"
"SHB","13:11:22",11.65,0.1,2000,23995700,"S"
"SHB","13:11:19",11.6,0.05,5000,23993700,"B"
"SHB","13:11:14",11.6,0.05,3000,23988700,"B"
"SHB","13:11:11",11.6,0.05,500,23985700,"B"
"SHB","13:11:10",11.6,0.05,800,23985200,"B"
"SHB","13:11:01",11.6,0.05,500,23984400,"B"
"SHB","13:10:49",11.6,0.05,7000,23983900,"B"
"SHB","13:10:48",11.6,0.05,1000,23976900,"B"
"SHB","13:10:45",11.6,0.05,1000,23975900,"B"
"SHB","13:10:45",11.6,0.05,500,23974900,"B"
"SHB","13:10:35",11.65,0.1,2000,23974400,"S"
"SHB","13:10:33",11.6,0.05,300,23972400,"B"
"SHB","13:10:27",11.6,0.05,200,23972100,"B"
"SHB","13:10:26",11.6,0.05,300,23971900,"B"
"SHB","13:10:23",11.6,0.05,11500,23971600,"B"
"SHB","13:10:19",11.6,0.05,100,23960100,"B"
"SHB","13:10:18",11.6,0.05,5000,23960000,"B"
"SHB","13:10:17",11.6,0.05,400,23955000,"B"
"SHB","13:10:08",11.6,0.05,13000,23954600,"B"
"SHB","13:10:04",11.6,0.05,400,23941600,"B"
"SHB","13:10:00",11.6,0.05,2000,23941200,"B"
"SHB","13:09:59",11.6,0.05,1000,23939200,"B"
"SHB","13:09:58",11.6,0.05,3000,23938200,"B"
"SHB","13:09:47",11.6,0.05,500,23935200,"B"
"SHB","13:09:46",11.6,0.05,10000,23934700,"B"
"SHB","13:09:40",11.6,0.05,100,23924700,"B"
"SHB","13:09:39",11.6,0.05,100,23924600,"B"
"SHB","13:09:38",11.6,0.05,100,23924500,"B"
"SHB","13:09:36",11.6,0.05,1500,23924400,"B"
"SHB","13:09:34",11.6,0.05,15000,23922900,"B"
"SHB","13:09:28",11.6,0.05,3400,23907900,"B"
"SHB","13:09:25",11.6,0.05,379800,23904500,"S"
"SHB","13:09:24",11.6,0.05,5000,23524700,"S"
"SHB","13:09:23",11.55,0,1500,23519700,"B"
"SHB","13:09:22",11.6,0.05,2000,23518200,"S"
"SHB","13:09:22",11.6,0.05,500000,23516200,"S"
"SHB","13:09:15",11.6,0.05,4000,23016200,"S"
"SHB","13:09:11",11.6,0.05,10000,23012200,"S"
"SHB","13:08:57",11.6,0.05,100,23002200,"S"
"SHB","13:08:42",11.6,0.05,1000,23002100,"S"
"SHB","13:08:33",11.6,0.05,50000,23001100,"S"
"SHB","13:08:33",11.55,0,20000,22951100,"B"
"SHB","13:07:57",11.6,0.05,68000,22931100,"S"
"SHB","13:07:53",11.6,0.05,25000,22863100,"S"
"SHB","13:07:43",11.6,0.05,100,22838100,"S"
"SHB","13:07:36",11.6,0.05,2000,22838000,"S"
"SHB","13:07:33",11.55,0,200,22836000,"B"
"SHB","13:07:30",11.6,0.05,2300,22835800,"S"
"SHB","13:07:28",11.6,0.05,2300,22833500,"S"
"SHB","13:07:23",11.6,0.05,200,22831200,"S"
"SHB","13:07:23",11.55,0,1000,22831000,"B"
"SHB","13:07:21",11.6,0.05,50000,22830000,"S"
"SHB","13:07:19",11.6,0.05,2000,22780000,"S"
"SHB","13:07:15",11.6,0.05,400,22778000,"S"
"SHB","13:07:14",11.55,0,500,22777600,"B"
"SHB","13:07:14",11.6,0.05,2300,22777100,"S"
"SHB","13:07:10",11.6,0.05,2300,22774800,"S"
"SHB","13:07:06",11.6,0.05,2300,22772500,"S"
"SHB","13:07:05",11.6,0.05,30000,22770200,"S"
"SHB","13:07:01",11.55,0,100,22740200,"B"
"SHB","13:07:00",11.55,0,2500,22740100,"B"
"SHB","13:06:59",11.55,0,300,22737600,"B"
"SHB","13:06:59",11.6,0.05,2300,22737300,"S"
"SHB","13:06:54",11.6,0.05,2300,22735000,"S"
"SHB","13:06:50",11.6,0.05,2300,22732700,"S"
"SHB","13:06:48",11.55,0,10000,22730400,"B"
"SHB","13:06:46",11.55,0,300,22720400,"B"
"SHB","13:06:38",11.6,0.05,700,22717800,"S"
"SHB","13:06:38",11.6,0.05,2300,22717100,"S"
"SHB","13:06:32",11.6,0.05,2300,22714800,"S"
"SHB","13:06:29",11.55,0,400,22712500,"B"
"SHB","13:06:26",11.6,0.05,2300,22712100,"S"
"SHB","13:06:21",11.6,0.05,2300,22709800,"S"
"SHB","13:06:16",11.6,0.05,2300,22707500,"S"
"SHB","13:06:12",11.55,0,9300,22705200,"B"
"SHB","13:06:11",11.55,0,400,22695900,"B"
"SHB","13:06:11",11.6,0.05,2300,22695500,"S"
"SHB","13:06:11",11.55,0,300,22693200,"B"
"SHB","13:06:07",11.55,0,13000,22692900,"B"
"SHB","13:06:06",11.6,0.05,2300,22679900,"S"
"SHB","13:06:00",11.6,0.05,2300,22677600,"S"
"SHB","13:05:57",11.55,0,500,22675300,"B"
"SHB","13:05:54",11.6,0.05,2300,22674800,"S"
"SHB","13:05:49",11.6,0.05,100,22672500,"S"
"SHB","13:05:48",11.6,0.05,500,22672400,"S"
"SHB","13:05:47",11.6,0.05,2300,22671900,"S"
"SHB","13:05:44",11.55,0,15600,22669600,"B"
"SHB","13:05:42",11.6,0.05,2300,22654000,"S"
"SHB","13:05:36",11.6,0.05,2300,22651700,"S"
"SHB","13:05:32",11.6,0.05,2300,22649400,"S"
"SHB","13:05:31",11.55,0,10000,22647100,"B"
"SHB","13:05:27",11.6,0.05,2300,22637100,"S"
"SHB","13:05:25",11.6,0.05,3500,22634800,"S"
"SHB","13:05:19",11.55,0,100,22631300,"B"
"SHB","13:05:19",11.6,0.05,2300,22631200,"S"
"SHB","13:05:05",11.55,0,20000,22628900,"B"
"SHB","13:05:04",11.55,0,5000,22608900,"B"
"SHB","13:05:02",11.55,0,100,22603900,"B"
"SHB","13:04:55",11.55,0,5000,22603800,"B"
"SHB","13:04:51",11.55,0,4800,22598800,"B"
"SHB","13:04:43",11.6,0.05,100,22594000,"S"
"SHB","13:04:38",11.55,0,200,22593900,"B"
"SHB","13:04:35",11.6,0.05,100,22593700,"S"
"SHB","13:04:29",11.55,0,1000,22593600,"B"
"SHB","13:04:27",11.55,0,15000,22592600,"B"
"SHB","13:04:25",11.55,0,300,22577600,"B"
"SHB","13:04:23",11.55,0,52100,22577300,"B"
"SHB","13:04:17",11.55,0,8600,22525200,"B"
"SHB","13:04:14",11.55,0,100,22516600,"B"
"SHB","13:04:13",11.6,0.05,14400,22516500,"S"
"SHB","13:04:11",11.55,0,9000,22502100,"B"
"SHB","13:04:10",11.6,0.05,2300,22493100,"S"
"SHB","13:04:09",11.55,0,15000,22490800,"B"
"SHB","13:04:03",11.55,0,60000,22475800,"B"
"SHB","13:04:03",11.55,0,14900,22415800,"B"
"SHB","13:03:58",11.55,0,2000,22400900,"B"
"SHB","13:03:53",11.55,0,10000,22398900,"B"
"SHB","13:03:49",11.55,0,5000,22388900,"B"
"SHB","13:03:15",11.55,0,2100,22383900,"B"
"SHB","13:02:54",11.55,0,500,22381800,"B"
"SHB","13:02:47",11.55,0,3000,22381300,"B"
"SHB","13:02:43",11.55,0,1000,22378300,"B"
"SHB","13:02:39",11.55,0,2600,22377300,"B"
"SHB","13:02:31",11.6,0.05,500,22374700,"S"
"SHB","13:02:24",11.6,0.05,2300,22374200,"S"
"SHB","13:02:19",11.6,0.05,2300,22371900,"S"
"SHB","13:02:18",11.55,0,100,22369600,"B"
"SHB","13:02:16",11.6,0.05,1000,22369500,"S"
"SHB","13:02:15",11.55,0,50000,22368500,"B"
"SHB","13:02:13",11.6,0.05,2300,22318500,"S"
"SHB","13:02:08",11.6,0.05,2300,22316200,"S"
"SHB","13:02:02",11.6,0.05,1000,22313900,"S"
"SHB","13:02:01",11.6,0.05,2300,22312900,"S"
"SHB","13:01:56",11.6,0.05,2300,22310600,"S"
"SHB","13:01:55",11.55,0,500,22308300,"B"
"SHB","13:01:53",11.55,0,5000,22307800,"B"
"SHB","13:01:51",11.6,0.05,2300,22302800,"S"
"SHB","13:01:46",11.6,0.05,2300,22300500,"S"
"SHB","13:01:43",11.6,0.05,200,22298200,"S"
"SHB","13:01:41",11.6,0.05,2300,22298000,"S"
"SHB","13:01:36",11.6,0.05,2300,22295700,"S"
"SHB","13:01:30",11.6,0.05,2300,22293400,"S"
"SHB","13:01:29",11.55,0,500,22291100,"B"
"SHB","13:01:25",11.6,0.05,2300,22290600,"S"
"SHB","13:01:24",11.6,0.05,500,22288300,"S"
"SHB","13:01:21",11.6,0.05,300,22287800,"S"
"SHB","13:01:20",11.6,0.05,2300,22287500,"S"
"SHB","13:01:14",11.6,0.05,2300,22285200,"S"
"SHB","13:01:07",11.6,0.05,2300,22282900,"S"
"SHB","13:01:05",11.55,0,800,22280600,"B"
"SHB","13:01:04",11.6,0.05,1000,22279800,"S"
"SHB","13:01:02",11.6,0.05,2100,22278800,"S"
"SHB","13:01:01",11.55,0,300,22276700,"B"
"SHB","13:00:59",11.6,0.05,100,22276400,"S"
"SHB","13:00:43",11.6,0.05,500,22276300,"S"
"SHB","13:00:39",11.6,0.05,300,22275800,"S"
"SHB","13:00:25",11.6,0.05,100,22275500,"S"
"SHB","13:00:25",11.55,0,200,22275400,"B"
"SHB","13:00:24",11.6,0.05,100,22275200,"S"
"SHB","13:00:24",11.55,0,43500,22275100,"B"
"SHB","13:00:23",11.55,0,500,22231600,"B"
"SHB","13:00:22",11.55,0,11500,22231100,"B"
"SHB","13:00:20",11.6,0.05,100,22219600,"S"
"SHB","13:00:20",11.55,0,3000,22219500,"B"
"SHB","13:00:19",11.55,0,3000,22216500,"B"
"SHB","13:00:19",11.55,0,1300,22213500,"B"
"SHB","13:00:18",11.55,0,3000,22212200,"B"
"SHB","13:00:16",11.55,0,300,22209200,"B"
"SHB","13:00:14",11.55,0,100,22208900,"B"
"SHB","13:00:13",11.55,0,17900,22206600,"B"
"SHB","13:00:12",11.55,0,10200,22188700,"B"
"SHB","13:00:11",11.55,0,700,22178500,"B"
"SHB","13:00:10",11.55,0,1300,22177800,"B"
"SHB","13:00:09",11.55,0,1800,22176500,"B"
"SHB","13:00:08",11.55,0,1200,22174700,"B"
"SHB","13:00:07",11.55,0,2000,22173500,"B"
"SHB","13:00:06",11.55,0,36300,22171500,"B"
"SHB","13:00:05",11.55,0,1500,22135200,"B"
"SHB","13:00:04",11.55,0,4600,22133700,"B"
"SHB","13:00:02",11.55,0,5200,22129100,"B"
"SHB","13:00:01",11.55,0,51400,22123900,"B"
"SHB","13:00:01",11.6,0.05,100,22072500,"S"
"SHB","13:00:01",11.55,0,2100,22072400,"B"
"SHB","13:00:01",11.6,0.05,508500,22070300,"S"
"SHB","13:00:01",11.55,0,500,21561800,"B"
"SHB","13:00:01",11.6,0.05,500000,21561300,"S"
"SHB","13:00:01",11.6,0.05,400,21061300,"S"
"SHB","13:00:00",11.55,0,7000,21060900,"B"
"SHB","13:00:00",11.6,0.05,1900,21053900,"S"
"SHB","13:00:00",11.55,0,202000,21052000,"B"
"SHB","13:00:00",11.6,0.05,100,20850000,"S"
"SHB","13:00:00",11.55,0,5800,20849900,"B"
"SHB","13:00:00",11.6,0.05,100,20844100,"S"
"SHB","11:29:52",11.55,0,5000,20844000,"B"
"SHB","11:29:52",11.55,0,1900,20839000,"B"
"SHB","11:29:44",11.55,0,1200,20837100,"B"
"SHB","11:29:43",11.55,0,14000,20835900,"B"
"SHB","11:29:37",11.55,0,4500,20821900,"B"
"SHB","11:29:32",11.55,0,14500,20817400,"B"
"SHB","11:29:32",11.55,0,12500,20802900,"B"
"SHB","11:29:29",11.55,0,18400,20790400,"B"
"SHB","11:29:22",11.55,0,200,20772000,"B"
"SHB","11:29:10",11.55,0,1300,20771800,"B"
"SHB","11:29:07",11.55,0,1000,20770500,"B"
"SHB","11:29:06",11.55,0,9600,20769500,"B"
"SHB","11:28:52",11.55,0,1000,20759900,"B"
"SHB","11:28:48",11.55,0,10000,20758900,"B"
"SHB","11:28:37",11.55,0,800,20748900,"B"
"SHB","11:28:35",11.55,0,1000,20748100,"B"
"SHB","11:28:30",11.55,0,2100,20747100,"B"
"SHB","11:28:23",11.55,0,5000,20745000,"B"
"SHB","11:28:22",11.55,0,600,20740000,"B"
"SHB","11:28:10",11.55,0,800,20739400,"B"
"SHB","11:28:10",11.55,0,4100,20738600,"B"
"SHB","11:28:08",11.55,0,500,20734500,"B"
"SHB","11:28:07",11.55,0,1100,20734000,"B"
"SHB","11:27:57",11.55,0,11000,20732900,"B"
"SHB","11:27:52",11.55,0,100,20721900,"B"
"SHB","11:27:37",11.55,0,1900,20721800,"B"
"SHB","11:27:36",11.55,0,3000,20719900,"B"
"SHB","11:27:35",11.55,0,200,20716900,"B"
"SHB","11:27:33",11.55,0,100,20716700,"B"
"SHB","11:27:28",11.55,0,1000,20716600,"B"
"SHB","11:27:25",11.55,0,100,20715600,"B"
"SHB","11:27:22",11.55,0,14900,20715500,"B"
"SHB","11:27:21",11.55,0,57900,20700600,"B"
"SHB","11:27:17",11.55,0,89600,20642700,"B"
"SHB","11:27:07",11.55,0,1700,20553100,"B"
"SHB","11:27:06",11.55,0,3000,20551400,"B"
"SHB","11:27:04",11.55,0,12500,20548400,"B"
"SHB","11:27:02",11.55,0,2000,20535900,"B"
"SHB","11:26:52",11.55,0,400,20533900,"B"
"SHB","11:26:39",11.55,0,3000,20533500,"B"
"SHB","11:26:37",11.55,0,1700,20530500,"B"
"SHB","11:26:32",11.55,0,800,20528800,"B"
"SHB","11:26:31",11.55,0,8400,20528000,"B"
"SHB","11:26:30",11.55,0,2200,20519600,"B"
"SHB","11:26:29",11.55,0,1900,20517400,"B"
"SHB","11:26:22",11.55,0,4600,20515500,"B"
"SHB","11:26:11",11.55,0,17100,20510900,"B"
"SHB","11:26:10",11.55,0,8000,20493800,"B"
"SHB","11:26:09",11.55,0,9800,20485800,"B"
"SHB","11:26:07",11.55,0,1900,20476000,"B"
"SHB","11:26:06",11.6,0.05,10000,20474100,"S"
"SHB","11:26:02",11.55,0,2000,20464100,"B"
"SHB","11:25:54",11.55,0,10000,20462100,"B"
"SHB","11:25:53",11.55,0,3000,20452100,"B"
"SHB","11:25:52",11.55,0,4300,20449100,"B"
"SHB","11:25:40",11.55,0,1000,20444800,"B"
"SHB","11:25:37",11.55,0,2400,20443800,"B"
"SHB","11:25:29",11.55,0,4500,20441400,"B"
"SHB","11:25:24",11.6,0.05,20000,20436900,"S"
"SHB","11:25:17",11.6,0.05,2100,20416900,"S"
"SHB","11:24:42",11.6,0.05,5000,20414800,"S"
"SHB","11:24:41",11.55,0,500,20409800,"B"
"SHB","11:23:52",11.55,0,500,20409300,"B"
"SHB","11:23:45",11.55,0,5000,20408800,"B"
"SHB","11:22:44",11.6,0.05,179100,20391800,"S"
"SHB","11:22:43",11.6,0.05,70900,20212700,"S"
"SHB","11:22:40",11.55,0,1500,20141800,"B"
"SHB","11:22:37",11.55,0,1500,20140300,"B"
"SHB","11:22:36",11.55,0,15000,20138800,"B"
"SHB","11:22:30",11.6,0.05,100,20123800,"S"
"SHB","11:22:22",11.55,0,200,20123700,"B"
"SHB","11:22:18",11.55,0,1700,20123500,"B"
"SHB","11:22:07",11.55,0,500,20121800,"B"
"SHB","11:22:02",11.55,0,200,20121300,"B"
"SHB","11:21:58",11.55,0,2300,20121100,"B"
"SHB","11:21:37",11.55,0,500,20118800,"B"
"SHB","11:21:30",11.55,0,500,20118300,"B"
"SHB","11:21:28",11.55,0,5000,20117800,"B"
"SHB","11:21:13",11.55,0,200,20112800,"B"
"SHB","11:21:11",11.55,0,100,20112600,"B"
"SHB","11:21:07",11.55,0,100,20112500,"B"
"SHB","11:21:06",11.55,0,1000,20112400,"B"
"SHB","11:20:52",11.55,0,100,20111400,"B"
"SHB","11:20:39",11.55,0,1000,20111300,"B"
"SHB","11:20:09",11.55,0,100,20110300,"B"
"SHB","11:20:07",11.55,0,400,20110200,"B"
"SHB","11:20:00",11.55,0,200,20109800,"B"
"SHB","11:19:54",11.55,0,4000,20109600,"B"
"SHB","11:19:53",11.55,0,400,20105600,"B"
"SHB","11:19:51",11.6,0.05,10000,20105200,"S"
"SHB","11:19:50",11.55,0,50000,20095200,"B"
"SHB","11:19:42",11.55,0,700,20045200,"B"
"SHB","11:19:37",11.55,0,600,20044500,"B"
"SHB","11:19:36",11.55,0,10000,20043900,"B"
"SHB","11:19:32",11.55,0,6000,20033900,"B"
"SHB","11:19:26",11.55,0,500,20027900,"B"
"SHB","11:19:07",11.55,0,600,20027400,"B"
"SHB","11:19:00",11.55,0,1000,20026800,"B"
"SHB","11:18:59",11.55,0,500,20025800,"B"
"SHB","11:18:37",11.55,0,600,20025300,"B"
"SHB","11:18:31",11.55,0,4000,20024700,"B"
"SHB","11:18:30",11.6,0.05,2000,20020700,"S"
"SHB","11:17:51",11.6,0.05,10000,20018700,"S"
"SHB","11:17:30",11.55,0,4200,20008700,"B"
"SHB","11:17:16",11.6,0.05,1500,20004500,"S"
"SHB","11:16:45",11.6,0.05,1300,20003000,"S"
"SHB","11:16:24",11.6,0.05,400,20001700,"S"
"SHB","11:15:57",11.6,0.05,300,20001300,"S"
"SHB","11:15:50",11.6,0.05,300,20001000,"S"
"SHB","11:15:43",11.6,0.05,5000,20000700,"S"
"SHB","11:15:36",11.6,0.05,200,19995700,"S"
"SHB","11:15:27",11.55,0,1000,19995500,"B"
"SHB","11:15:03",11.6,0.05,100,19994500,"S"
"SHB","11:14:54",11.6,0.05,1800,19994400,"S"
"SHB","11:14:40",11.6,0.05,8600,19992600,"S"
"SHB","11:14:16",11.6,0.05,100,19984000,"S"
"SHB","11:14:11",11.55,0,2000,19983900,"B"
"SHB","11:14:06",11.6,0.05,600,19981900,"S"
"SHB","11:13:55",11.6,0.05,4000,19981300,"S"
"SHB","11:13:33",11.6,0.05,6400,19977300,"S"
"SHB","11:13:25",11.6,0.05,1100,19970900,"S"
"SHB","11:13:22",11.6,0.05,2800,19969800,"S"
"SHB","11:12:21",11.6,0.05,100,19967000,"S"
"SHB","11:12:17",11.55,0,5000,19966900,"B"
"SHB","11:11:46",11.6,0.05,700,19961900,"S"
"SHB","11:11:38",11.55,0,2000,19961200,"B"
"SHB","11:11:19",11.55,0,100,19959200,"B"
"SHB","11:11:10",11.6,0.05,12600,19959100,"S"
"SHB","11:10:57",11.6,0.05,200,19946500,"S"
"SHB","11:10:46",11.6,0.05,500,19946300,"S"
"SHB","11:10:38",11.6,0.05,7800,19945800,"S"
"SHB","11:10:37",11.6,0.05,3000,19938000,"S"
"SHB","11:10:28",11.6,0.05,228000,19935000,"S"
"SHB","11:10:24",11.6,0.05,600,19707000,"S"
"SHB","11:10:02",11.6,0.05,3000,19706400,"S"
"SHB","11:10:00",11.6,0.05,5400,19703400,"S"
"SHB","11:09:34",11.6,0.05,5000,19698000,"S"
"SHB","11:09:28",11.6,0.05,2000,19693000,"S"
"SHB","11:08:46",11.6,0.05,100,19691000,"S"
"SHB","11:08:39",11.6,0.05,1000,19690900,"S"
"SHB","11:08:06",11.6,0.05,10000,19689900,"S"
"SHB","11:07:56",11.6,0.05,14200,19679900,"B"
"SHB","11:07:50",11.6,0.05,100000,19665700,"B"
"SHB","11:07:37",11.6,0.05,600,19565700,"B"
"SHB","11:07:36",11.6,0.05,18300,19565100,"B"
"SHB","11:07:35",11.6,0.05,2000,19546800,"B"
"SHB","11:07:35",11.6,0.05,10000,19544800,"B"
"SHB","11:07:34",11.6,0.05,100,19534800,"B"
"SHB","11:07:33",11.6,0.05,4000,19534700,"B"
"SHB","11:07:33",11.6,0.05,1000,19530700,"B"
"SHB","11:07:29",11.6,0.05,500,19529700,"B"
"SHB","11:07:28",11.6,0.05,500,19529200,"B"
"SHB","11:07:26",11.65,0.1,4000,19528700,"S"
"SHB","11:07:26",11.6,0.05,1000,19524700,"B"
"SHB","11:07:18",11.6,0.05,500,19523700,"B"
"SHB","11:07:15",11.6,0.05,100000,19523200,"B"
"SHB","11:07:13",11.6,0.05,500,19423200,"B"
"SHB","11:07:12",11.6,0.05,28000,19422700,"B"
"SHB","11:07:11",11.6,0.05,33400,19394700,"B"
"SHB","11:07:11",11.6,0.05,5200,19361300,"B"
"SHB","11:07:10",11.6,0.05,1800,19356100,"B"
"SHB","11:07:07",11.6,0.05,300,19354300,"B"
"SHB","11:07:00",11.6,0.05,500,19354000,"B"
"SHB","11:06:51",11.6,0.05,20000,19353500,"B"
"SHB","11:06:49",11.6,0.05,87500,19333500,"B"
"SHB","11:06:47",11.6,0.05,108500,19246000,"S"
"SHB","11:06:41",11.6,0.05,1000,19137500,"S"
"SHB","11:06:34",11.6,0.05,100,19136500,"S"
"SHB","11:06:22",11.6,0.05,23600,19136400,"B"
"SHB","11:06:22",11.6,0.05,37700,19112800,"B"
"SHB","11:06:21",11.6,0.05,20000,19075100,"B"
"SHB","11:06:20",11.6,0.05,13200,19055100,"B"
"SHB","11:06:19",11.6,0.05,6700,19041900,"B"
"SHB","11:06:19",11.6,0.05,14400,19035200,"B"
"SHB","11:06:18",11.6,0.05,30000,19020800,"B"
"SHB","11:06:10",11.6,0.05,10000,18990800,"B"
"SHB","11:06:00",11.6,0.05,200,18980800,"B"
"SHB","11:05:59",11.6,0.05,40000,18980600,"B"
"SHB","11:05:58",11.6,0.05,74700,18940600,"B"
"SHB","11:05:55",11.6,0.05,1000,18865900,"B"
"SHB","11:05:53",11.6,0.05,300,18864900,"B"
"SHB","11:05:51",11.65,0.1,600,18864600,"S"
"SHB","11:05:48",11.6,0.05,80800,18864000,"B"
"SHB","11:05:47",11.6,0.05,200,18783200,"B"
"SHB","11:05:44",11.6,0.05,1000,18783000,"B"
"SHB","11:05:42",11.6,0.05,5000,18782000,"B"
"SHB","11:05:19",11.6,0.05,20000,18777000,"B"
"SHB","11:05:12",11.6,0.05,100,18757000,"B"
"SHB","11:05:11",11.6,0.05,5000,18756900,"B"
"SHB","11:04:56",11.6,0.05,10000,18751900,"B"
"SHB","11:04:54",11.6,0.05,50000,18741900,"B"
"SHB","11:04:42",11.6,0.05,1000,18691900,"B"
"SHB","11:04:35",11.6,0.05,100,18690900,"B"
"SHB","11:04:30",11.6,0.05,2500,18690800,"B"
"SHB","11:04:27",11.6,0.05,200,18688300,"B"
"SHB","11:04:26",11.6,0.05,1000,18688100,"B"
"SHB","11:04:09",11.6,0.05,4400,18687100,"B"
"SHB","11:04:07",11.6,0.05,2000,18682700,"B"
"SHB","11:04:06",11.6,0.05,2000,18680700,"B"
"SHB","11:03:52",11.6,0.05,12000,18678700,"B"
"SHB","11:03:50",11.6,0.05,1000,18666700,"B"
"SHB","11:03:45",11.6,0.05,2500,18665700,"B"
"SHB","11:03:41",11.6,0.05,52300,18663200,"B"
"SHB","11:03:39",11.6,0.05,700,18610900,"B"
"SHB","11:03:30",11.6,0.05,200,18610200,"B"
"SHB","11:03:29",11.6,0.05,2100,18610000,"B"
"SHB","11:03:24",11.6,0.05,5300,18607900,"B"
"SHB","11:03:20",11.6,0.05,1000,18602600,"B"
"SHB","11:03:13",11.6,0.05,100,18601600,"B"
"SHB","11:03:13",11.6,0.05,1100,18601500,"B"
"SHB","11:02:55",11.6,0.05,1000,18600400,"B"
"SHB","11:02:53",11.6,0.05,10000,18599400,"B"
"SHB","11:02:52",11.6,0.05,500,18589400,"B"
"SHB","11:02:31",11.6,0.05,1000,18588900,"B"
"SHB","11:02:23",11.65,0.1,4000,18587900,"S"
"SHB","11:02:15",11.6,0.05,20000,18583900,"B"
"SHB","11:02:09",11.6,0.05,50000,18563900,"B"
"SHB","11:02:07",11.6,0.05,100,18513900,"B"
"SHB","11:02:05",11.6,0.05,1000,18513800,"B"
"SHB","11:01:57",11.6,0.05,300,18512800,"B"
"SHB","11:01:56",11.6,0.05,3000,18512500,"B"
"SHB","11:01:51",11.6,0.05,24100,18509500,"B"
"SHB","11:01:49",11.6,0.05,500,18485400,"B"
"SHB","11:01:31",11.6,0.05,5000,18484900,"B"
"SHB","11:01:27",11.6,0.05,2500,18479900,"B"
"SHB","11:01:26",11.6,0.05,1000,18477400,"B"
"SHB","11:01:17",11.6,0.05,9000,18476400,"B"
"SHB","11:01:14",11.6,0.05,5000,18467400,"B"
"SHB","11:01:09",11.6,0.05,250000,18462400,"B"
"SHB","11:01:04",11.6,0.05,100,18212400,"B"
"SHB","11:01:02",11.6,0.05,1000,18212300,"B"
"SHB","11:00:56",11.6,0.05,100,18211300,"B"
"SHB","11:00:51",11.6,0.05,400,18211200,"B"
"SHB","11:00:48",11.6,0.05,10000,18210800,"B"
"SHB","11:00:40",11.6,0.05,3000,18200800,"B"
"SHB","11:00:40",11.6,0.05,10000,18197800,"B"
"SHB","11:00:38",11.6,0.05,25000,18187800,"B"
"SHB","11:00:30",11.6,0.05,2600,18162800,"B"
"SHB","11:00:29",11.6,0.05,500,18160200,"B"
"SHB","11:00:27",11.6,0.05,600,18159700,"B"
"SHB","11:00:26",11.6,0.05,31000,18159100,"B"
"SHB","11:00:22",11.6,0.05,4900,18128100,"B"
"SHB","11:00:20",11.6,0.05,10000,18123200,"B"
"SHB","11:00:16",11.6,0.05,200,18113200,"B"
"SHB","11:00:09",11.6,0.05,250100,18113000,"B"
"SHB","11:00:07",11.6,0.05,200,17862900,"B"
"SHB","10:59:55",11.6,0.05,2000,17862700,"B"
"SHB","10:59:52",11.6,0.05,200,17860700,"B"
"SHB","10:59:45",11.6,0.05,2500,17860500,"B"
"SHB","10:59:37",11.6,0.05,400,17858000,"B"
"SHB","10:59:22",11.6,0.05,4900,17857600,"B"
"SHB","10:59:19",11.6,0.05,35800,17852700,"B"
"SHB","10:59:16",11.6,0.05,100,17816900,"B"
"SHB","10:59:14",11.6,0.05,200,17816800,"B"
"SHB","10:59:10",11.65,0.1,200,17816600,"S"
"SHB","10:59:07",11.6,0.05,13600,17816400,"B"
"SHB","10:59:00",11.6,0.05,100,17802800,"B"
"SHB","10:58:58",11.6,0.05,10500,17802700,"B"
"SHB","10:58:57",11.6,0.05,200,17792200,"B"
"SHB","10:58:54",11.6,0.05,1000,17792000,"B"
"SHB","10:58:52",11.6,0.05,104700,17791000,"B"
"SHB","10:58:51",11.6,0.05,30300,17686300,"S"
"SHB","10:58:49",11.6,0.05,10000,17656000,"S"
"SHB","10:58:44",11.6,0.05,300,17646000,"S"
"SHB","10:58:37",11.6,0.05,27400,17645700,"S"
"SHB","10:58:34",11.6,0.05,56000,17618300,"B"
"SHB","10:58:33",11.6,0.05,100,17562300,"B"
"SHB","10:58:30",11.6,0.05,10000,17562200,"B"
"SHB","10:58:29",11.65,0.1,100,17552200,"S"
"SHB","10:58:27",11.6,0.05,200,17552100,"B"
"SHB","10:58:26",11.6,0.05,100000,17551900,"B"
"SHB","10:58:22",11.6,0.05,17600,17451900,"B"
"SHB","10:58:12",11.6,0.05,1000,17434300,"B"
"SHB","10:58:10",11.6,0.05,165000,17433300,"B"
"SHB","10:58:09",11.6,0.05,500,17268300,"B"
"SHB","10:58:07",11.6,0.05,10000,17267800,"B"
"SHB","10:58:04",11.6,0.05,500,17257800,"B"
"SHB","10:58:00",11.6,0.05,100000,17257300,"B"
"SHB","10:57:52",11.6,0.05,400,17157300,"B"
"SHB","10:57:42",11.6,0.05,500,17156900,"B"
"SHB","10:57:37",11.6,0.05,3900,17156400,"B"
"SHB","10:57:36",11.6,0.05,25000,17152500,"B"
"SHB","10:57:31",11.6,0.05,5000,17127500,"B"
"SHB","10:57:28",11.65,0.1,1600,17122500,"S"
"SHB","10:57:26",11.6,0.05,1500,17120900,"B"
"SHB","10:57:25",11.6,0.05,100,17119400,"B"
"SHB","10:57:22",11.6,0.05,6000,17119300,"B"
"SHB","10:57:21",11.6,0.05,300,17113300,"B"
"SHB","10:57:13",11.6,0.05,10000,17113000,"B"
"SHB","10:57:09",11.65,0.1,500,17103000,"S"
"SHB","10:57:07",11.6,0.05,50100,17102500,"B"
"SHB","10:56:57",11.6,0.05,200,17052400,"B"
"SHB","10:56:52",11.6,0.05,1300,17052200,"B"
"SHB","10:56:50",11.6,0.05,6000,17050900,"B"
"SHB","10:56:48",11.6,0.05,7000,17044900,"B"
"SHB","10:56:37",11.6,0.05,500,17037900,"B"
"SHB","10:56:25",11.6,0.05,4000,17037400,"B"
"SHB","10:56:22",11.6,0.05,1500,17033400,"B"
"SHB","10:56:18",11.6,0.05,100,17031900,"B"
"SHB","10:56:14",11.6,0.05,2000,17031800,"B"
"SHB","10:56:09",11.6,0.05,9200,17029800,"B"
"SHB","10:56:08",11.6,0.05,4500,17020600,"B"
"SHB","10:56:02",11.65,0.1,200,17016100,"S"
"SHB","10:56:01",11.6,0.05,264500,17015900,"S"
"SHB","10:55:54",11.6,0.05,5000,16751400,"S"
"SHB","10:55:39",11.6,0.05,500,16746400,"S"
"SHB","10:55:32",11.6,0.05,300,16745900,"S"
"SHB","10:55:30",11.6,0.05,5000,16745600,"S"
"SHB","10:55:27",11.6,0.05,100,16740600,"S"
"SHB","10:55:09",11.6,0.05,222000,16740500,"S"
"SHB","10:55:05",11.6,0.05,10000,16518500,"S"
"SHB","10:54:57",11.6,0.05,4700,16508500,"S"
"SHB","10:54:48",11.6,0.05,10000,16503800,"S"
"SHB","10:54:39",11.6,0.05,200,16493800,"S"
"SHB","10:54:34",11.55,0,1400,16493600,"B"
"SHB","10:54:33",11.6,0.05,200,16492200,"S"
"SHB","10:54:31",11.6,0.05,200,16492000,"S"
"SHB","10:54:24",11.55,0,10000,16491800,"B"
"SHB","10:54:23",11.6,0.05,100,16481800,"S"
"SHB","10:54:16",11.55,0,300,16481700,"B"
"SHB","10:54:06",11.6,0.05,900,16481400,"S"
"SHB","10:54:03",11.6,0.05,3200,16480500,"S"
"SHB","10:53:57",11.6,0.05,3000,16477300,"S"
"SHB","10:53:36",11.55,0,300,16474300,"B"
"SHB","10:53:17",11.6,0.05,500,16474000,"S"
"SHB","10:53:10",11.6,0.05,300,16473500,"S"
"SHB","10:53:04",11.6,0.05,1500,16473200,"S"
"SHB","10:52:57",11.6,0.05,2000,16471700,"S"
"SHB","10:52:54",11.55,0,2500,16469700,"B"
"SHB","10:52:53",11.55,0,100,16467200,"B"
"SHB","10:52:51",11.6,0.05,7900,16467100,"S"
"SHB","10:52:44",11.6,0.05,300,16459200,"S"
"SHB","10:52:21",11.6,0.05,342700,16458900,"B"
"SHB","10:52:20",11.6,0.05,2000,16116200,"B"
"SHB","10:52:19",11.6,0.05,1000,16114200,"B"
"SHB","10:52:19",11.6,0.05,100000,16113200,"B"
"SHB","10:52:18",11.6,0.05,3600,16013200,"B"
"SHB","10:52:16",11.6,0.05,200,16009600,"B"
"SHB","10:52:14",11.6,0.05,4900,16009400,"B"
"SHB","10:52:13",11.6,0.05,5000,16004500,"B"
"SHB","10:52:12",11.6,0.05,20000,15999500,"B"
"SHB","10:52:12",11.6,0.05,21000,15979500,"B"
"SHB","10:52:11",11.6,0.05,50000,15958500,"B"
"SHB","10:52:11",11.6,0.05,100,15908500,"B"
"SHB","10:52:10",11.6,0.05,200,15908400,"B"
"SHB","10:52:09",11.6,0.05,20000,15908200,"B"
"SHB","10:52:06",11.6,0.05,10100,15888200,"B"
"SHB","10:52:05",11.6,0.05,54600,15878100,"B"
"SHB","10:52:05",11.6,0.05,50000,15823500,"B"
"SHB","10:52:04",11.6,0.05,2900,15773500,"B"
"SHB","10:51:59",11.6,0.05,500000,15770600,"B"
"SHB","10:51:57",11.6,0.05,2000,15270600,"B"
"SHB","10:51:57",11.6,0.05,400,15268600,"B"
"SHB","10:51:54",11.6,0.05,10000,15268200,"B"
"SHB","10:51:53",11.6,0.05,15000,15258200,"B"
"SHB","10:51:50",11.6,0.05,20000,15243200,"B"
"SHB","10:51:49",11.6,0.05,100,15223200,"B"
"SHB","10:51:49",11.6,0.05,900,15223100,"B"
"SHB","10:51:44",11.6,0.05,500,15222200,"B"
"SHB","10:51:43",11.6,0.05,400,15221700,"B"
"SHB","10:51:43",11.6,0.05,10100,15221300,"B"
"SHB","10:51:40",11.6,0.05,3200,15211200,"B"
"SHB","10:51:24",11.6,0.05,4200,15208000,"B"
"SHB","10:51:17",11.6,0.05,500,15203800,"B"
"SHB","10:51:11",11.6,0.05,26000,15203300,"B"
"SHB","10:51:10",11.65,0.1,2400,15177300,"S"
"SHB","10:51:07",11.6,0.05,2000,15174900,"B"
"SHB","10:51:04",11.6,0.05,21000,15172900,"B"
"SHB","10:51:03",11.6,0.05,52400,15151900,"B"
"SHB","10:50:55",11.6,0.05,5300,15099500,"B"
"SHB","10:50:54",11.6,0.05,20000,15094200,"B"
"SHB","10:50:51",11.6,0.05,70000,15074200,"B"
"SHB","10:50:49",11.6,0.05,4600,15004200,"B"
"SHB","10:50:45",11.6,0.05,63900,14999600,"B"
"SHB","10:50:44",11.6,0.05,36100,14935700,"B"
"SHB","10:50:42",11.6,0.05,2800,14899600,"B"
"SHB","10:50:33",11.6,0.05,100,14896800,"B"
"SHB","10:50:31",11.6,0.05,6800,14896700,"B"
"SHB","10:50:27",11.6,0.05,2000,14889900,"B"
"SHB","10:50:25",11.6,0.05,3000,14887900,"B"
"SHB","10:50:21",11.6,0.05,300,14884900,"B"
"SHB","10:50:20",11.6,0.05,800,14884600,"B"
"SHB","10:50:17",11.6,0.05,17900,14883800,"B"
"SHB","10:50:15",11.6,0.05,200,14865900,"B"
"SHB","10:50:06",11.6,0.05,100,14865700,"B"
"SHB","10:50:06",11.6,0.05,1000,14865600,"B"
"SHB","10:50:03",11.6,0.05,3500,14864600,"B"
"SHB","10:50:03",11.6,0.05,1500,14861100,"B"
"SHB","10:50:00",11.6,0.05,2000,14859600,"B"
"SHB","10:49:50",11.6,0.05,14500,14857600,"B"
"SHB","10:49:49",11.6,0.05,15000,14843100,"B"
"SHB","10:49:44",11.6,0.05,50200,14828100,"B"
"SHB","10:49:43",11.6,0.05,7000,14777900,"B"
"SHB","10:49:38",11.6,0.05,26000,14770900,"B"
"SHB","10:49:36",11.6,0.05,800,14744900,"B"
"SHB","10:49:35",11.6,0.05,23000,14744100,"B"
"SHB","10:49:34",11.6,0.05,1100,14721100,"B"
"SHB","10:49:33",11.6,0.05,2000,14720000,"B"
"SHB","10:49:30",11.6,0.05,34300,14718000,"B"
"SHB","10:49:28",11.6,0.05,9000,14683700,"B"
"SHB","10:49:27",11.6,0.05,2200,14674700,"B"
"SHB","10:49:26",11.65,0.1,100,14672500,"S"
"SHB","10:49:25",11.6,0.05,500,14672400,"B"
"SHB","10:49:23",11.6,0.05,2000,14671900,"B"
"SHB","10:49:21",11.6,0.05,3000,14669900,"B"
"SHB","10:49:19",11.6,0.05,5200,14666900,"B"
"SHB","10:49:19",11.6,0.05,2000,14661700,"B"
"SHB","10:49:16",11.6,0.05,5000,14659700,"B"
"SHB","10:49:15",11.6,0.05,3000,14654700,"B"
"SHB","10:49:13",11.6,0.05,200,14651700,"B"
"SHB","10:49:07",11.6,0.05,4000,14651500,"B"
"SHB","10:49:06",11.6,0.05,12200,14647500,"B"
"SHB","10:49:05",11.6,0.05,10000,14635300,"B"
"SHB","10:49:02",11.6,0.05,100000,14625300,"B"
"SHB","10:48:55",11.6,0.05,3000,14525300,"B"
"SHB","10:48:50",11.6,0.05,400,14522300,"B"
"SHB","10:48:46",11.6,0.05,1800,14521900,"B"
"SHB","10:48:45",11.6,0.05,5600,14520100,"B"
"SHB","10:48:42",11.6,0.05,30000,14514500,"B"
"SHB","10:48:37",11.6,0.05,300,14484500,"B"
"SHB","10:48:36",11.6,0.05,11800,14484200,"B"
"SHB","10:48:06",11.6,0.05,500,14472400,"B"
"SHB","10:48:05",11.6,0.05,400,14471900,"B"
"SHB","10:48:03",11.6,0.05,300,14471500,"B"
"SHB","10:47:58",11.6,0.05,10000,14471200,"B"
"SHB","10:47:56",11.6,0.05,30000,14461200,"B"
"SHB","10:47:37",11.6,0.05,100,14431200,"B"
"SHB","10:47:30",11.6,0.05,100,14431100,"B"
"SHB","10:47:23",11.6,0.05,800,14431000,"B"
"SHB","10:47:21",11.6,0.05,200,14430200,"B"
"SHB","10:47:12",11.6,0.05,2000,14430000,"B"
"SHB","10:46:44",11.6,0.05,2800,14428000,"B"
"SHB","10:46:40",11.6,0.05,1600,14425200,"B"
"SHB","10:46:14",11.65,0.1,100,14423600,"S"
"SHB","10:46:11",11.65,0.1,1200,14423500,"S"
"SHB","10:46:01",11.65,0.1,4100,14422300,"S"
"SHB","10:45:56",11.65,0.1,2500,14418200,"S"
"SHB","10:45:44",11.65,0.1,300,14415700,"S"
"SHB","10:45:37",11.6,0.05,5000,14415400,"B"
"SHB","10:45:31",11.6,0.05,300,14410400,"B"
"SHB","10:45:14",11.65,0.1,1000,14410100,"S"
"SHB","10:45:06",11.65,0.1,500,14409100,"S"
"SHB","10:44:52",11.6,0.05,5600,14408600,"B"
"SHB","10:44:49",11.6,0.05,6000,14403000,"B"
"SHB","10:44:46",11.65,0.1,100,14397000,"S"
"SHB","10:44:37",11.6,0.05,2600,14396900,"B"
"SHB","10:44:35",11.65,0.1,100,14394300,"S"
"SHB","10:44:30",11.6,0.05,5000,14394200,"B"
"SHB","10:44:18",11.65,0.1,2400,14389200,"S"
"SHB","10:44:14",11.65,0.1,400,14386800,"S"
"SHB","10:43:43",11.6,0.05,5000,14386400,"B"
"SHB","10:43:39",11.6,0.05,2600,14381400,"B"
"SHB","10:43:34",11.65,0.1,10000,14378800,"S"
"SHB","10:43:32",11.65,0.1,500,14368800,"S"
"SHB","10:43:27",11.65,0.1,800,14368300,"S"
"SHB","10:43:15",11.65,0.1,3000,14367500,"S"
"SHB","10:42:57",11.65,0.1,200,14364500,"S"
"SHB","10:42:48",11.6,0.05,300,14364300,"B"
"SHB","10:42:37",11.65,0.1,300,14364000,"S"
"SHB","10:42:31",11.65,0.1,500,14363700,"S"
"SHB","10:42:25",11.6,0.05,5300,14363200,"B"
"SHB","10:42:18",11.6,0.05,5600,14357900,"B"
"SHB","10:42:17",11.6,0.05,20000,14352300,"B"
"SHB","10:42:13",11.6,0.05,100,14332300,"B"
"SHB","10:42:02",11.6,0.05,3000,14332200,"B"
"SHB","10:41:54",11.65,0.1,1400,14329200,"S"
"SHB","10:41:52",11.6,0.05,100,14327800,"B"
"SHB","10:41:42",11.65,0.1,1000,14327700,"S"
"SHB","10:41:33",11.65,0.1,300,14326700,"S"
"SHB","10:41:29",11.65,0.1,500,14326400,"S"
"SHB","10:41:27",11.6,0.05,400,14325900,"B"
"SHB","10:41:25",11.65,0.1,11300,14325500,"S"
"SHB","10:41:20",11.6,0.05,700,14314200,"B"
"SHB","10:41:04",11.6,0.05,120000,14313500,"B"
"SHB","10:40:51",11.6,0.05,3000,14193500,"B"
"SHB","10:40:38",11.6,0.05,900,14190500,"B"
"SHB","10:40:21",11.65,0.1,17000,14189600,"S"
"SHB","10:40:21",11.6,0.05,200,14172600,"B"
"SHB","10:40:10",11.6,0.05,1000,14172400,"B"
"SHB","10:40:02",11.65,0.1,100,14171400,"S"
"SHB","10:39:54",11.6,0.05,700,14171300,"B"
"SHB","10:39:34",11.6,0.05,20000,14170600,"B"
"SHB","10:39:20",11.65,0.1,2000,14150600,"S"
"SHB","10:39:13",11.6,0.05,200,14148600,"B"
"SHB","10:39:12",11.6,0.05,700,14148400,"B"
"SHB","10:39:11",11.6,0.05,1000,14147700,"B"
"SHB","10:39:07",11.6,0.05,1000,14146700,"B"
"SHB","10:39:03",11.6,0.05,30000,14145700,"B"
"SHB","10:38:47",11.6,0.05,500,14115700,"B"
"SHB","10:38:39",11.65,0.1,100,14115200,"S"
"SHB","10:38:37",11.6,0.05,2000,14115100,"B"
"SHB","10:38:20",11.6,0.05,1000,14113100,"B"
"SHB","10:38:14",11.65,0.1,2000,14112100,"S"
"SHB","10:38:06",11.65,0.1,3700,14110100,"S"
"SHB","10:38:02",11.65,0.1,200,14106400,"S"
"SHB","10:38:01",11.6,0.05,1000,14106200,"B"
"SHB","10:37:55",11.65,0.1,6000,14105200,"S"
"SHB","10:37:49",11.65,0.1,7700,14099200,"S"
"SHB","10:37:47",11.65,0.1,2500,14091500,"S"
"SHB","10:37:46",11.6,0.05,1500,14089000,"B"
"SHB","10:37:38",11.6,0.05,500,14087500,"B"
"SHB","10:37:21",11.65,0.1,2000,14087000,"S"
"SHB","10:37:14",11.65,0.1,8000,14085000,"S"
"SHB","10:37:07",11.65,0.1,300,14077000,"S"
"SHB","10:37:05",11.65,0.1,100,14076700,"S"
"SHB","10:36:42",11.65,0.1,900,14076600,"S"
"SHB","10:36:37",11.65,0.1,200,14075700,"S"
"SHB","10:36:35",11.65,0.1,200,14075500,"S"
"SHB","10:36:23",11.65,0.1,500,14075300,"S"
"SHB","10:36:16",11.65,0.1,800,14074800,"S"
"SHB","10:36:15",11.6,0.05,2000,14074000,"B"
"SHB","10:36:09",11.65,0.1,5000,14072000,"S"
"SHB","10:36:05",11.6,0.05,100,14067000,"B"
"SHB","10:36:00",11.6,0.05,1000,14066900,"B"
"SHB","10:35:48",11.65,0.1,3000,14065900,"S"
"SHB","10:35:43",11.65,0.1,1800,14062900,"S"
"SHB","10:35:37",11.6,0.05,200,14061100,"B"
"SHB","10:35:21",11.6,0.05,500,14060900,"B"
"SHB","10:35:18",11.65,0.1,1000,14060400,"S"
"SHB","10:35:04",11.65,0.1,20000,14059400,"S"
"SHB","10:34:57",11.65,0.1,100,14039400,"S"
"SHB","10:34:41",11.65,0.1,2000,14039300,"S"
"SHB","10:34:30",11.65,0.1,1000,14037300,"S"
"SHB","10:34:28",11.6,0.05,1500,14036300,"B"
"SHB","10:34:23",11.6,0.05,3000,14034800,"B"
"SHB","10:34:14",11.65,0.1,20000,14031800,"S"
"SHB","10:34:10",11.65,0.1,10000,14011800,"S"
"SHB","10:34:07",11.65,0.1,10000,14001800,"S"
"SHB","10:34:02",11.65,0.1,1000,13991800,"S"
"SHB","10:33:54",11.65,0.1,8000,13990800,"S"
"SHB","10:33:50",11.65,0.1,700,13982800,"S"
"SHB","10:33:39",11.65,0.1,700,13982100,"S"
"SHB","10:33:27",11.65,0.1,300,13981400,"S"
"SHB","10:33:08",11.65,0.1,2000,13981100,"S"
"SHB","10:33:06",11.65,0.1,200,13979100,"S"
"SHB","10:33:02",11.65,0.1,100,13978900,"S"
"SHB","10:33:00",11.65,0.1,1000,13978800,"S"
"SHB","10:32:48",11.65,0.1,1000,13977800,"S"
"SHB","10:32:47",11.65,0.1,3500,13976800,"S"
"SHB","10:32:46",11.65,0.1,5000,13973300,"S"
"SHB","10:32:41",11.65,0.1,100,13968300,"S"
"SHB","10:32:36",11.65,0.1,50500,13968200,"B"
"SHB","10:32:27",11.65,0.1,100000,13917700,"B"
"SHB","10:32:25",11.65,0.1,15000,13817700,"B"
"SHB","10:32:18",11.65,0.1,15000,13802700,"B"
"SHB","10:32:12",11.65,0.1,50000,13787700,"B"
"SHB","10:32:08",11.65,0.1,800,13737700,"B"
"SHB","10:32:04",11.65,0.1,1000,13736900,"B"
"SHB","10:32:03",11.65,0.1,100,13735900,"B"
"SHB","10:31:57",11.65,0.1,1000,13735800,"B"
"SHB","10:31:53",11.65,0.1,100,13734800,"B"
"SHB","10:31:51",11.65,0.1,10000,13734700,"B"
"SHB","10:31:49",11.65,0.1,10000,13724700,"B"
"SHB","10:31:47",11.65,0.1,5000,13714700,"B"
"SHB","10:31:46",11.65,0.1,200,13709700,"B"
"SHB","10:31:44",11.65,0.1,2000,13709500,"B"
"SHB","10:31:33",11.65,0.1,500,13707500,"B"
"SHB","10:31:24",11.65,0.1,20000,13707000,"B"
"SHB","10:31:18",11.65,0.1,3900,13687000,"S"
"SHB","10:31:14",11.6,0.05,200,13683100,"B"
"SHB","10:31:08",11.65,0.1,100,13682900,"S"
"SHB","10:31:07",11.65,0.1,5000,13682800,"S"
"SHB","10:31:05",11.65,0.1,300,13677800,"S"
"SHB","10:30:52",11.65,0.1,3000,13677500,"S"
"SHB","10:30:46",11.65,0.1,500,13674500,"S"
"SHB","10:30:38",11.65,0.1,500,13674000,"S"
"SHB","10:30:37",11.65,0.1,500,13673500,"S"
"SHB","10:30:33",11.65,0.1,1700,13673000,"S"
"SHB","10:30:33",11.65,0.1,10000,13671300,"S"
"SHB","10:30:32",11.65,0.1,3400,13661300,"S"
"SHB","10:30:31",11.65,0.1,1200,13657900,"B"
"SHB","10:30:29",11.65,0.1,100,13656700,"B"
"SHB","10:30:27",11.65,0.1,3700,13656600,"S"
"SHB","10:30:26",11.65,0.1,4800,13652900,"S"
"SHB","10:30:25",11.65,0.1,500,13648100,"S"
"SHB","10:30:24",11.65,0.1,1000,13647600,"S"
"SHB","10:30:23",11.65,0.1,36000,13646600,"S"
"SHB","10:30:23",11.65,0.1,10000,13610600,"S"
"SHB","10:30:20",11.65,0.1,100,13600600,"S"
"SHB","10:30:19",11.65,0.1,3700,13600500,"S"
"SHB","10:30:16",11.65,0.1,700,13596800,"S"
"SHB","10:30:08",11.65,0.1,5500,13596100,"S"
"SHB","10:30:07",11.65,0.1,5000,13590600,"S"
"SHB","10:30:06",11.65,0.1,9600,13585600,"S"
"SHB","10:30:03",11.65,0.1,10100,13576000,"S"
"SHB","10:30:00",11.65,0.1,11500,13565900,"S"
"SHB","10:29:56",11.65,0.1,10000,13554400,"S"
"SHB","10:29:54",11.65,0.1,2000,13544400,"S"
"SHB","10:29:54",11.65,0.1,5000,13542400,"S"
"SHB","10:29:51",11.65,0.1,1000,13537400,"S"
"SHB","10:29:50",11.65,0.1,10000,13536400,"S"
"SHB","10:29:45",11.65,0.1,500,13526400,"S"
"SHB","10:29:41",11.65,0.1,10000,13525900,"S"
"SHB","10:29:39",11.65,0.1,3000,13515900,"S"
"SHB","10:29:38",11.65,0.1,700,13512900,"S"
"SHB","10:29:37",11.65,0.1,1000,13512200,"S"
"SHB","10:29:37",11.65,0.1,300,13511200,"S"
"SHB","10:29:34",11.65,0.1,12600,13510900,"S"
"SHB","10:29:32",11.65,0.1,3000,13498300,"S"
"SHB","10:29:30",11.65,0.1,200000,13495300,"S"
"SHB","10:29:29",11.65,0.1,2000,13295300,"S"
"SHB","10:29:26",11.65,0.1,20000,13293300,"S"
"SHB","10:29:23",11.65,0.1,500,13273300,"S"
"SHB","10:29:21",11.65,0.1,5000,13272800,"S"
"SHB","10:29:11",11.65,0.1,20000,13267800,"S"
"SHB","10:29:06",11.65,0.1,4000,13247800,"S"
"SHB","10:28:55",11.65,0.1,8000,13243800,"S"
"SHB","10:28:54",11.65,0.1,500,13235800,"S"
"SHB","10:28:38",11.65,0.1,400,13235300,"S"
"SHB","10:28:33",11.65,0.1,100,13234900,"S"
"SHB","10:28:30",11.65,0.1,6000,13234800,"S"
"SHB","10:28:23",11.65,0.1,1000,13228800,"S"
"SHB","10:28:04",11.65,0.1,15200,13227800,"S"
"SHB","10:27:56",11.65,0.1,150000,13212600,"S"
"SHB","10:27:48",11.65,0.1,1000,13062600,"S"
"SHB","10:27:41",11.65,0.1,10000,13061600,"S"
"SHB","10:27:28",11.65,0.1,2000,13051600,"S"
"SHB","10:27:06",11.65,0.1,100,13049600,"S"
"SHB","10:27:05",11.65,0.1,2000,13049500,"S"
"SHB","10:26:54",11.65,0.1,100,13047500,"S"
"SHB","10:26:54",11.6,0.05,1500,13047400,"B"
"SHB","10:26:49",11.65,0.1,1000,13045900,"S"
"SHB","10:26:39",11.65,0.1,5000,13044900,"S"
"SHB","10:26:27",11.65,0.1,10000,13039900,"S"
"SHB","10:26:07",11.65,0.1,10000,13029900,"S"
"SHB","10:26:00",11.65,0.1,10000,13019900,"S"
"SHB","10:26:00",11.6,0.05,200,13009900,"B"
"SHB","10:25:55",11.6,0.05,44000,13009700,"B"
"SHB","10:25:48",11.65,0.1,7000,12965700,"S"
"SHB","10:25:47",11.6,0.05,100,12958700,"B"
"SHB","10:25:44",11.6,0.05,100,12958600,"B"
"SHB","10:25:41",11.65,0.1,800,12958500,"S"
"SHB","10:25:38",11.6,0.05,1000,12957700,"B"
"SHB","10:25:31",11.6,0.05,1200,12956700,"B"
"SHB","10:25:29",11.6,0.05,5000,12955500,"B"
"SHB","10:25:26",11.65,0.1,1000,12950500,"S"
"SHB","10:25:24",11.65,0.1,1000,12949500,"S"
"SHB","10:25:15",11.65,0.1,100,12948500,"S"
"SHB","10:25:06",11.65,0.1,70000,12948400,"S"
"SHB","10:24:58",11.65,0.1,6000,12878400,"S"
"SHB","10:24:54",11.6,0.05,100000,12872400,"B"
"SHB","10:24:49",11.65,0.1,1000,12772400,"S"
"SHB","10:24:36",11.6,0.05,500,12771400,"B"
"SHB","10:24:28",11.65,0.1,10000,12770900,"S"
"SHB","10:24:24",11.6,0.05,500,12760900,"B"
"SHB","10:24:17",11.6,0.05,2000,12760400,"B"
"SHB","10:24:14",11.65,0.1,5000,12758400,"S"
"SHB","10:24:13",11.6,0.05,70000,12753400,"B"
"SHB","10:24:10",11.65,0.1,1000,12683400,"S"
"SHB","10:24:06",11.6,0.05,300,12682400,"B"
"SHB","10:23:55",11.6,0.05,500,12682100,"B"
"SHB","10:23:54",11.65,0.1,21000,12681600,"S"
"SHB","10:23:47",11.65,0.1,300,12660600,"S"
"SHB","10:23:43",11.6,0.05,1000,12660300,"B"
"SHB","10:23:38",11.65,0.1,1000,12659300,"S"
"SHB","10:23:35",11.65,0.1,400,12658300,"S"
"SHB","10:23:35",11.6,0.05,2000,12657900,"B"
"SHB","10:23:22",11.6,0.05,5800,12655900,"B"
"SHB","10:23:18",11.65,0.1,100,12650100,"S"
"SHB","10:23:09",11.6,0.05,1000,12650000,"B"
"SHB","10:23:06",11.6,0.05,50000,12649000,"B"
"SHB","10:22:59",11.6,0.05,7000,12599000,"B"
"SHB","10:22:58",11.65,0.1,2000,12592000,"S"
"SHB","10:22:55",11.65,0.1,400,12590000,"S"
"SHB","10:22:52",11.65,0.1,15000,12589600,"S"
"SHB","10:22:46",11.65,0.1,30000,12574600,"S"
"SHB","10:22:44",11.65,0.1,4000,12544600,"S"
"SHB","10:22:40",11.65,0.1,600,12540600,"S"
"SHB","10:22:37",11.65,0.1,100,12540000,"S"
"SHB","10:22:28",11.65,0.1,500,12539900,"S"
"SHB","10:22:22",11.65,0.1,10000,12539400,"S"
"SHB","10:22:16",11.65,0.1,1000,12529400,"S"
"SHB","10:22:15",11.65,0.1,10000,12528400,"S"
"SHB","10:22:13",11.65,0.1,100,12518400,"S"
"SHB","10:22:13",11.65,0.1,4800,12518300,"S"
"SHB","10:22:06",11.65,0.1,2000,12513500,"S"
"SHB","10:22:04",11.65,0.1,100,12511500,"S"
"SHB","10:22:01",11.65,0.1,14400,12511400,"S"
"SHB","10:21:57",11.65,0.1,1000,12497000,"S"
"SHB","10:21:35",11.6,0.05,1000,12496000,"B"
"SHB","10:21:33",11.65,0.1,90900,12495000,"B"
"SHB","10:21:33",11.65,0.1,25000,12404100,"B"
"SHB","10:21:32",11.65,0.1,15000,12379100,"B"
"SHB","10:21:31",11.7,0.15,200,12364100,"S"
"SHB","10:21:30",11.65,0.1,50000,12363900,"B"
"SHB","10:21:28",11.65,0.1,3000,12313900,"B"
"SHB","10:21:27",11.65,0.1,300,12310900,"B"
"SHB","10:21:24",11.65,0.1,4000,12310600,"B"
"SHB","10:21:22",11.65,0.1,13000,12306600,"B"
"SHB","10:21:21",11.65,0.1,100,12293600,"B"
"SHB","10:21:14",11.65,0.1,3000,12293500,"B"
"SHB","10:21:06",11.65,0.1,5000,12290500,"B"
"SHB","10:21:04",11.65,0.1,20000,12285500,"B"
"SHB","10:21:02",11.65,0.1,304000,12265500,"B"
"SHB","10:21:00",11.7,0.15,4800,11961500,"S"
"SHB","10:20:59",11.65,0.1,300,11956700,"B"
"SHB","10:20:55",11.65,0.1,200,11956400,"B"
"SHB","10:20:52",11.65,0.1,5000,11956200,"B"
"SHB","10:20:46",11.65,0.1,5000,11951200,"B"
"SHB","10:20:45",11.65,0.1,18300,11946200,"B"
"SHB","10:20:42",11.65,0.1,2000,11927900,"B"
"SHB","10:20:40",11.65,0.1,2000,11925900,"B"
"SHB","10:20:39",11.65,0.1,1000,11923900,"B"
"SHB","10:20:38",11.65,0.1,1000,11922900,"B"
"SHB","10:20:36",11.65,0.1,8200,11921900,"B"
"SHB","10:20:36",11.7,0.15,200,11913700,"S"
"SHB","10:20:35",11.65,0.1,11500,11913500,"B"
"SHB","10:20:33",11.65,0.1,9000,11902000,"B"
"SHB","10:20:31",11.65,0.1,12000,11893000,"B"
"SHB","10:20:30",11.65,0.1,400,11881000,"B"
"SHB","10:20:22",11.65,0.1,50000,11880600,"B"
"SHB","10:20:21",11.65,0.1,7100,11830600,"B"
"SHB","10:20:20",11.65,0.1,5000,11823500,"B"
"SHB","10:20:18",11.65,0.1,4000,11818500,"B"
"SHB","10:20:17",11.65,0.1,50000,11814500,"B"
"SHB","10:20:15",11.65,0.1,300,11764500,"B"
"SHB","10:20:11",11.65,0.1,8700,11764200,"B"
"SHB","10:20:10",11.65,0.1,100,11755500,"B"
"SHB","10:20:09",11.65,0.1,10000,11755400,"B"
"SHB","10:20:07",11.65,0.1,5000,11745400,"B"
"SHB","10:20:00",11.65,0.1,30000,11740400,"B"
"SHB","10:19:57",11.65,0.1,5000,11710400,"B"
"SHB","10:19:56",11.65,0.1,80000,11705400,"B"
"SHB","10:19:47",11.65,0.1,1000,11625400,"B"
"SHB","10:19:41",11.65,0.1,15000,11624400,"B"
"SHB","10:19:35",11.65,0.1,10000,11609400,"B"
"SHB","10:19:34",11.65,0.1,17000,11599400,"B"
"SHB","10:19:24",11.65,0.1,2100,11582400,"B"
"SHB","10:19:23",11.65,0.1,10000,11580300,"B"
"SHB","10:19:23",11.65,0.1,3000,11570300,"B"
"SHB","10:19:10",11.65,0.1,13000,11567300,"B"
"SHB","10:19:09",11.65,0.1,5000,11554300,"B"
"SHB","10:19:08",11.65,0.1,16400,11549300,"B"
"SHB","10:19:07",11.65,0.1,600,11532900,"B"
"SHB","10:19:00",11.65,0.1,30000,11532300,"B"
"SHB","10:18:54",11.65,0.1,100,11502300,"B"
"SHB","10:18:53",11.65,0.1,8000,11502200,"B"
"SHB","10:18:44",11.65,0.1,1000,11494200,"B"
"SHB","10:18:43",11.7,0.15,2000,11493200,"S"
"SHB","10:18:40",11.65,0.1,300,11491200,"B"
"SHB","10:18:28",11.65,0.1,100,11490900,"B"
"SHB","10:18:26",11.7,0.15,100,11490800,"S"
"SHB","10:18:24",11.65,0.1,300,11490700,"B"
"SHB","10:18:22",11.65,0.1,1000,11490400,"B"
"SHB","10:18:19",11.65,0.1,100,11489400,"B"
"SHB","10:18:16",11.7,0.15,4800,11489300,"S"
"SHB","10:18:10",11.65,0.1,300,11484500,"B"
"SHB","10:18:06",11.65,0.1,50000,11484200,"B"
"SHB","10:18:06",11.65,0.1,1000,11434200,"B"
"SHB","10:18:02",11.65,0.1,3200,11433200,"B"
"SHB","10:18:00",11.65,0.1,50000,11430000,"B"
"SHB","10:17:51",11.65,0.1,21000,11380000,"B"
"SHB","10:17:46",11.65,0.1,3500,11359000,"B"
"SHB","10:17:32",11.65,0.1,800,11355500,"B"
"SHB","10:17:23",11.65,0.1,2000,11354700,"B"
"SHB","10:17:22",11.7,0.15,300,11352700,"S"
"SHB","10:17:19",11.7,0.15,800,11352400,"S"
"SHB","10:17:14",11.65,0.1,100,11351600,"B"
"SHB","10:17:12",11.65,0.1,1000,11351500,"B"
"SHB","10:17:09",11.65,0.1,3000,11350500,"B"
"SHB","10:17:04",11.65,0.1,100,11347500,"B"
"SHB","10:17:02",11.65,0.1,1000,11347400,"B"
"SHB","10:16:53",11.65,0.1,200,11346400,"B"
"SHB","10:16:52",11.65,0.1,100,11346200,"B"
"SHB","10:16:44",11.65,0.1,5000,11346100,"B"
"SHB","10:16:39",11.65,0.1,100,11341100,"B"
"SHB","10:16:38",11.65,0.1,1000,11341000,"B"
"SHB","10:16:17",11.65,0.1,2000,11340000,"B"
"SHB","10:16:15",11.65,0.1,200000,11338000,"B"
"SHB","10:16:08",11.65,0.1,500,11138000,"B"
"SHB","10:15:57",11.65,0.1,2000,11137500,"B"
"SHB","10:15:54",11.65,0.1,10000,11135500,"B"
"SHB","10:15:44",11.65,0.1,200,11125500,"B"
"SHB","10:15:33",11.65,0.1,3000,11125300,"B"
"SHB","10:15:30",11.65,0.1,4400,11122300,"B"
"SHB","10:15:30",11.65,0.1,300,11117900,"B"
"SHB","10:15:11",11.65,0.1,5000,11117600,"B"
"SHB","10:15:03",11.7,0.15,1000,11112600,"S"
"SHB","10:15:01",11.65,0.1,10000,11111600,"B"
"SHB","10:14:59",11.65,0.1,2000,11101600,"B"
"SHB","10:14:57",11.65,0.1,1000,11099600,"B"
"SHB","10:14:56",11.65,0.1,50000,11098600,"B"
"SHB","10:14:55",11.7,0.15,1000,11048600,"S"
"SHB","10:14:54",11.65,0.1,1000,11047600,"B"
"SHB","10:14:51",11.65,0.1,300,11046600,"B"
"SHB","10:14:47",11.65,0.1,2000,11046300,"B"
"SHB","10:14:42",11.65,0.1,50000,11044300,"B"
"SHB","10:14:41",11.7,0.15,300,10994300,"S"
"SHB","10:14:31",11.65,0.1,200,10994000,"B"
"SHB","10:14:18",11.65,0.1,500,10993800,"B"
"SHB","10:13:52",11.65,0.1,600,10993300,"B"
"SHB","10:13:51",11.65,0.1,5000,10992700,"B"
"SHB","10:13:44",11.65,0.1,1000,10987700,"B"
"SHB","10:13:39",11.65,0.1,23000,10986700,"B"
"SHB","10:13:29",11.65,0.1,3000,10963700,"B"
"SHB","10:13:15",11.7,0.15,1000,10960700,"S"
"SHB","10:12:48",11.65,0.1,5000,10959700,"B"
"SHB","10:12:42",11.7,0.15,1100,10954700,"S"
"SHB","10:12:30",11.65,0.1,100,10953600,"B"
"SHB","10:12:20",11.7,0.15,100,10953500,"S"
"SHB","10:12:15",11.65,0.1,500,10953400,"B"
"SHB","10:12:09",11.7,0.15,1000,10952900,"S"
"SHB","10:12:05",11.7,0.15,100,10951900,"S"
"SHB","10:11:58",11.65,0.1,1000,10951800,"B"
"SHB","10:11:54",11.65,0.1,300,10950800,"B"
"SHB","10:11:41",11.7,0.15,600,10950500,"S"
"SHB","10:11:39",11.65,0.1,30000,10949900,"B"
"SHB","10:11:36",11.65,0.1,30000,10919900,"B"
"SHB","10:11:33",11.65,0.1,500,10889900,"B"
"SHB","10:11:30",11.65,0.1,10000,10889400,"B"
"SHB","10:11:17",11.65,0.1,1000,10879400,"B"
"SHB","10:11:07",11.65,0.1,15300,10878400,"B"
"SHB","10:10:33",11.65,0.1,100,10863100,"B"
"SHB","10:10:24",11.65,0.1,1000,10863000,"B"
"SHB","10:10:19",11.65,0.1,100,10862000,"B"
"SHB","10:10:04",11.65,0.1,10000,10861900,"B"
"SHB","10:09:55",11.65,0.1,3000,10851900,"B"
"SHB","10:09:48",11.65,0.1,100,10848900,"B"
"SHB","10:09:45",11.7,0.15,200,10848800,"S"
"SHB","10:09:35",11.65,0.1,3000,10848600,"B"
"SHB","10:09:33",11.7,0.15,100,10845600,"S"
"SHB","10:09:28",11.7,0.15,51000,10845500,"S"
"SHB","10:09:12",11.65,0.1,10000,10794500,"B"
"SHB","10:09:12",11.65,0.1,700,10784500,"B"
"SHB","10:09:09",11.65,0.1,30000,10783800,"B"
"SHB","10:09:04",11.65,0.1,20000,10753800,"B"
"SHB","10:09:00",11.7,0.15,4100,10733800,"S"
"SHB","10:08:55",11.7,0.15,600,10729700,"S"
"SHB","10:08:48",11.65,0.1,200,10729100,"B"
"SHB","10:08:47",11.7,0.15,200,10728900,"S"
"SHB","10:08:43",11.7,0.15,5000,10728700,"S"
"SHB","10:08:37",11.65,0.1,50000,10723700,"B"
"SHB","10:08:36",11.7,0.15,400,10673700,"S"
"SHB","10:08:33",11.7,0.15,500,10673300,"S"
"SHB","10:08:23",11.7,0.15,6200,10672800,"S"
"SHB","10:08:20",11.65,0.1,500,10666600,"B"
"SHB","10:08:11",11.7,0.15,2000,10666100,"S"
"SHB","10:08:08",11.65,0.1,300,10664100,"B"
"SHB","10:07:14",11.65,0.1,1000,10663800,"B"
"SHB","10:07:12",11.65,0.1,200,10662800,"B"
"SHB","10:07:07",11.65,0.1,100,10662600,"B"
"SHB","10:06:45",11.7,0.15,900,10662500,"S"
"SHB","10:06:32",11.7,0.15,500,10661600,"S"
"SHB","10:06:17",11.65,0.1,1000,10661100,"B"
"SHB","10:06:14",11.7,0.15,1700,10660100,"S"
"SHB","10:06:13",11.7,0.15,2000,10658400,"S"
"SHB","10:05:54",11.7,0.15,2000,10656400,"S"
"SHB","10:05:45",11.7,0.15,4000,10654400,"S"
"SHB","10:05:37",11.7,0.15,500,10650400,"S"
"SHB","10:05:30",11.7,0.15,10000,10649900,"S"
"SHB","10:05:25",11.7,0.15,300,10639900,"S"
"SHB","10:05:20",11.65,0.1,100,10639600,"B"
"SHB","10:05:17",11.65,0.1,500,10639500,"B"
"SHB","10:05:13",11.7,0.15,400,10639000,"S"
"SHB","10:04:46",11.65,0.1,400,10638600,"B"
"SHB","10:04:44",11.7,0.15,23500,10638200,"S"
"SHB","10:04:23",11.7,0.15,1600,10614700,"S"
"SHB","10:04:05",11.65,0.1,20000,10613100,"B"
"SHB","10:03:40",11.65,0.1,8400,10593100,"B"
"SHB","10:03:11",11.65,0.1,500,10584700,"B"
"SHB","10:02:54",11.7,0.15,18800,10584200,"S"
"SHB","10:02:42",11.7,0.15,5000,10565400,"S"
"SHB","10:02:36",11.7,0.15,1000,10560400,"S"
"SHB","10:02:28",11.7,0.15,300,10559400,"S"
"SHB","10:02:26",11.7,0.15,2000,10559100,"S"
"SHB","10:02:24",11.7,0.15,3000,10557100,"S"
"SHB","10:02:05",11.7,0.15,3000,10554100,"S"
"SHB","10:02:04",11.7,0.15,1700,10551100,"S"
"SHB","10:01:46",11.7,0.15,54800,10549400,"B"
"SHB","10:01:44",11.7,0.15,10000,10494600,"B"
"SHB","10:01:42",11.7,0.15,125000,10484600,"B"
"SHB","10:01:38",11.7,0.15,500,10359600,"B"
"SHB","10:01:37",11.7,0.15,90300,10359100,"B"
"SHB","10:01:35",11.7,0.15,2100,10268800,"B"
"SHB","10:01:31",11.7,0.15,11000,10266700,"B"
"SHB","10:01:27",11.7,0.15,1500,10255700,"B"
"SHB","10:01:25",11.7,0.15,700,10254200,"B"
"SHB","10:01:23",11.7,0.15,20000,10253500,"B"
"SHB","10:01:18",11.7,0.15,1000,10233500,"B"
"SHB","10:01:17",11.7,0.15,20000,10232500,"B"
"SHB","10:01:16",11.7,0.15,22100,10212500,"B"
"SHB","10:01:15",11.7,0.15,1000,10190400,"B"
"SHB","10:01:12",11.7,0.15,1000,10189400,"B"
"SHB","10:01:11",11.7,0.15,20000,10188400,"B"
"SHB","10:01:10",11.7,0.15,2000,10168400,"B"
"SHB","10:01:08",11.7,0.15,3000,10166400,"B"
"SHB","10:01:04",11.7,0.15,200,10163400,"B"
"SHB","10:01:03",11.7,0.15,400,10163200,"B"
"SHB","10:01:01",11.7,0.15,7000,10162800,"B"
"SHB","10:01:00",11.7,0.15,1000,10155800,"B"
"SHB","10:00:54",11.7,0.15,2000,10154800,"B"
"SHB","10:00:52",11.7,0.15,3600,10152800,"B"
"SHB","10:00:51",11.7,0.15,5200,10149200,"B"
"SHB","10:00:45",11.7,0.15,2000,10144000,"B"
"SHB","10:00:42",11.7,0.15,300,10142000,"B"
"SHB","10:00:42",11.7,0.15,5000,10141700,"B"
"SHB","10:00:40",11.7,0.15,200,10136700,"B"
"SHB","10:00:40",11.75,0.2,100000,10136500,"S"
"SHB","10:00:39",11.7,0.15,15000,10036500,"B"
"SHB","10:00:31",11.7,0.15,1000,10021500,"B"
"SHB","10:00:27",11.7,0.15,50000,10020500,"B"
"SHB","10:00:27",11.7,0.15,1500,9970500,"B"
"SHB","10:00:21",11.7,0.15,500,9969000,"B"
"SHB","10:00:15",11.7,0.15,1000,9968500,"B"
"SHB","10:00:15",11.7,0.15,3000,9967500,"B"
"SHB","10:00:14",11.7,0.15,3600,9964500,"B"
"SHB","10:00:13",11.7,0.15,200,9960900,"B"
"SHB","10:00:10",11.7,0.15,300,9960700,"B"
"SHB","10:00:06",11.7,0.15,4500,9960400,"B"
"SHB","10:00:02",11.7,0.15,100000,9955900,"B"
"SHB","09:59:57",11.7,0.15,5000,9855900,"B"
"SHB","09:59:53",11.7,0.15,100,9850900,"B"
"SHB","09:59:40",11.7,0.15,100,9850800,"B"
"SHB","09:59:21",11.7,0.15,1000,9850700,"B"
"SHB","09:59:12",11.75,0.2,10000,9849700,"S"
"SHB","09:58:51",11.7,0.15,4800,9839700,"B"
"SHB","09:58:51",11.7,0.15,100,9834900,"B"
"SHB","09:58:48",11.7,0.15,300,9834800,"B"
"SHB","09:58:41",11.7,0.15,200,9834500,"B"
"SHB","09:58:27",11.7,0.15,300,9834300,"B"
"SHB","09:58:20",11.7,0.15,3000,9834000,"B"
"SHB","09:58:17",11.7,0.15,100,9831000,"B"
"SHB","09:58:16",11.75,0.2,100,9830900,"S"
"SHB","09:58:12",11.7,0.15,20000,9830800,"B"
"SHB","09:58:11",11.7,0.15,50000,9810800,"B"
"SHB","09:58:07",11.7,0.15,30000,9760800,"B"
"SHB","09:58:07",11.7,0.15,1000,9730800,"B"
"SHB","09:58:06",11.7,0.15,50000,9729800,"B"
"SHB","09:58:05",11.7,0.15,1500,9679800,"B"
"SHB","09:58:04",11.7,0.15,1800,9678300,"B"
"SHB","09:58:01",11.7,0.15,500,9676500,"B"
"SHB","09:57:57",11.7,0.15,1200,9676000,"B"
"SHB","09:57:42",11.7,0.15,40000,9674800,"B"
"SHB","09:57:31",11.75,0.2,2000,9634800,"S"
"SHB","09:57:31",11.7,0.15,500,9632800,"B"
"SHB","09:57:25",11.7,0.15,1000,9632300,"B"
"SHB","09:57:24",11.7,0.15,150000,9631300,"B"
"SHB","09:57:16",11.7,0.15,2000,9481300,"B"
"SHB","09:57:14",11.75,0.2,100,9479300,"S"
"SHB","09:57:11",11.7,0.15,200,9479200,"B"
"SHB","09:57:07",11.7,0.15,2000,9479000,"B"
"SHB","09:57:02",11.7,0.15,100,9477000,"B"
"SHB","09:56:58",11.7,0.15,4000,9476900,"B"
"SHB","09:56:57",11.7,0.15,500,9472900,"B"
"SHB","09:56:56",11.7,0.15,2000,9472400,"B"
"SHB","09:56:55",11.7,0.15,2900,9470400,"B"
"SHB","09:56:54",11.7,0.15,1000,9467500,"B"
"SHB","09:56:53",11.7,0.15,20000,9466500,"B"
"SHB","09:56:48",11.7,0.15,100,9446500,"B"
"SHB","09:56:47",11.7,0.15,4000,9446400,"B"
"SHB","09:56:30",11.7,0.15,20000,9442400,"B"
"SHB","09:56:25",11.7,0.15,20000,9422400,"B"
"SHB","09:56:21",11.75,0.2,15200,9402400,"S"
"SHB","09:56:10",11.75,0.2,4800,9387200,"S"
"SHB","09:56:09",11.7,0.15,48000,9382400,"B"
"SHB","09:56:03",11.7,0.15,100,9334400,"B"
"SHB","09:56:03",11.7,0.15,300,9334300,"B"
"SHB","09:56:00",11.7,0.15,400,9334000,"B"
"SHB","09:55:56",11.7,0.15,500,9333600,"B"
"SHB","09:55:38",11.7,0.15,300,9333100,"B"
"SHB","09:55:36",11.75,0.2,200,9332800,"S"
"SHB","09:55:35",11.7,0.15,400,9332600,"B"
"SHB","09:55:28",11.7,0.15,1900,9332200,"B"
"SHB","09:55:26",11.7,0.15,500,9330300,"B"
"SHB","09:55:24",11.7,0.15,3100,9329800,"B"
"SHB","09:55:22",11.7,0.15,2100,9326700,"B"
"SHB","09:55:20",11.7,0.15,1500,9324600,"B"
"SHB","09:55:11",11.7,0.15,500,9323100,"B"
"SHB","09:55:07",11.7,0.15,500,9322600,"B"
"SHB","09:55:05",11.7,0.15,4100,9322100,"B"
"SHB","09:55:04",11.7,0.15,1000,9318000,"B"
"SHB","09:55:02",11.75,0.2,100,9317000,"S"
"SHB","09:55:02",11.7,0.15,1000,9316900,"B"
"SHB","09:55:01",11.7,0.15,3200,9315900,"B"
"SHB","09:54:59",11.7,0.15,500,9312700,"B"
"SHB","09:54:57",11.7,0.15,1500,9312200,"B"
"SHB","09:54:54",11.7,0.15,100,9310700,"B"
"SHB","09:54:51",11.7,0.15,500,9310600,"B"
"SHB","09:54:45",11.7,0.15,400,9310100,"B"
"SHB","09:54:42",11.7,0.15,1800,9309700,"B"
"SHB","09:54:41",11.7,0.15,100,9307900,"B"
"SHB","09:54:40",11.75,0.2,30000,9307800,"S"
"SHB","09:54:39",11.7,0.15,1000,9277800,"B"
"SHB","09:54:39",11.7,0.15,2500,9276800,"B"
"SHB","09:54:34",11.7,0.15,1200,9274300,"B"
"SHB","09:54:31",11.7,0.15,7000,9273100,"B"
"SHB","09:54:27",11.7,0.15,500,9266100,"B"
"SHB","09:54:22",11.7,0.15,20000,9265600,"B"
"SHB","09:54:21",11.7,0.15,1000,9245600,"B"
"SHB","09:54:04",11.7,0.15,500,9244600,"B"
"SHB","09:54:01",11.7,0.15,500,9244100,"B"
"SHB","09:53:48",11.7,0.15,5200,9243600,"B"
"SHB","09:53:46",11.75,0.2,100,9238400,"S"
"SHB","09:53:44",11.7,0.15,1500,9238300,"B"
"SHB","09:53:44",11.7,0.15,100,9236800,"B"
"SHB","09:53:43",11.7,0.15,51000,9236700,"B"
"SHB","09:53:39",11.7,0.15,400,9185700,"B"
"SHB","09:53:37",11.7,0.15,1000,9185300,"B"
"SHB","09:53:36",11.7,0.15,10000,9184300,"B"
"SHB","09:53:36",11.7,0.15,2000,9174300,"B"
"SHB","09:53:32",11.7,0.15,3000,9172300,"B"
"SHB","09:53:29",11.7,0.15,2000,9169300,"B"
"SHB","09:53:26",11.7,0.15,3000,9167300,"B"
"SHB","09:53:22",11.7,0.15,50000,9164300,"B"
"SHB","09:53:17",11.7,0.15,10000,9114300,"B"
"SHB","09:53:16",11.7,0.15,148700,9104300,"S"
"SHB","09:53:11",11.7,0.15,500000,8955600,"S"
"SHB","09:53:04",11.7,0.15,10000,8455600,"S"
"SHB","09:53:03",11.7,0.15,1900,8445600,"S"
"SHB","09:52:56",11.7,0.15,32300,8443700,"S"
"SHB","09:52:46",11.7,0.15,26000,8411400,"S"
"SHB","09:52:45",11.65,0.1,200,8385400,"B"
"SHB","09:52:42",11.7,0.15,19000,8385200,"S"
"SHB","09:52:29",11.7,0.15,4800,8366200,"S"
"SHB","09:52:27",11.7,0.15,300000,8361400,"S"
"SHB","09:52:14",11.7,0.15,5400,8061400,"S"
"SHB","09:52:14",11.7,0.15,194600,8056000,"S"
"SHB","09:52:06",11.7,0.15,300,7861400,"S"
"SHB","09:52:02",11.7,0.15,50000,7861100,"S"
"SHB","09:51:46",11.7,0.15,1000,7811100,"S"
"SHB","09:51:40",11.65,0.1,100,7810100,"B"
"SHB","09:51:38",11.65,0.1,9000,7810000,"B"
"SHB","09:51:31",11.7,0.15,8500,7801000,"S"
"SHB","09:51:24",11.65,0.1,6100,7792500,"B"
"SHB","09:51:23",11.65,0.1,30000,7786400,"B"
"SHB","09:51:19",11.65,0.1,10000,7756400,"B"
"SHB","09:51:18",11.65,0.1,4000,7746400,"B"
"SHB","09:51:15",11.65,0.1,10000,7742400,"B"
"SHB","09:51:13",11.7,0.15,1900,7732400,"S"
"SHB","09:51:08",11.7,0.15,4800,7730500,"S"
"SHB","09:51:08",11.65,0.1,5000,7725700,"B"
"SHB","09:51:07",11.7,0.15,100,7720700,"S"
"SHB","09:51:03",11.65,0.1,1400,7720600,"B"
"SHB","09:50:56",11.7,0.15,100,7719200,"S"
"SHB","09:50:49",11.65,0.1,100,7719100,"B"
"SHB","09:50:49",11.7,0.15,10000,7719000,"S"
"SHB","09:50:47",11.65,0.1,10000,7709000,"B"
"SHB","09:50:46",11.65,0.1,200,7699000,"B"
"SHB","09:50:33",11.7,0.15,4800,7698800,"S"
"SHB","09:50:24",11.65,0.1,1000,7694000,"B"
"SHB","09:50:19",11.65,0.1,1000,7693000,"B"
"SHB","09:50:11",11.65,0.1,400,7692000,"B"
"SHB","09:49:55",11.7,0.15,100,7691600,"S"
"SHB","09:49:53",11.7,0.15,2400,7691500,"S"
"SHB","09:49:46",11.7,0.15,100,7689100,"S"
"SHB","09:49:33",11.7,0.15,4800,7689000,"S"
"SHB","09:49:20",11.65,0.1,7900,7684200,"B"
"SHB","09:48:57",11.65,0.1,3000,7676300,"B"
"SHB","09:48:56",11.65,0.1,3000,7673300,"B"
"SHB","09:48:41",11.65,0.1,700,7670300,"B"
"SHB","09:48:38",11.65,0.1,5000,7669600,"B"
"SHB","09:48:30",11.65,0.1,2600,7664600,"B"
"SHB","09:48:30",11.7,0.15,4800,7662000,"S"
"SHB","09:48:21",11.65,0.1,1000,7657200,"B"
"SHB","09:48:20",11.65,0.1,100,7656200,"B"
"SHB","09:48:12",11.65,0.1,6000,7656100,"B"
"SHB","09:48:07",11.65,0.1,400,7650100,"B"
"SHB","09:48:06",11.65,0.1,11200,7649700,"B"
"SHB","09:48:01",11.65,0.1,200,7638500,"B"
"SHB","09:48:00",11.65,0.1,1000,7638300,"B"
"SHB","09:47:59",11.65,0.1,3000,7637300,"B"
"SHB","09:47:56",11.65,0.1,400,7634300,"B"
"SHB","09:47:53",11.65,0.1,100,7633900,"B"
"SHB","09:47:51",11.65,0.1,10000,7633800,"B"
"SHB","09:47:48",11.65,0.1,10000,7623800,"B"
"SHB","09:47:48",11.65,0.1,20000,7613800,"B"
"SHB","09:47:42",11.65,0.1,2000,7593800,"B"
"SHB","09:47:36",11.65,0.1,5000,7591800,"B"
"SHB","09:47:32",11.65,0.1,7500,7586800,"B"
"SHB","09:47:19",11.65,0.1,16000,7579300,"B"
"SHB","09:47:03",11.65,0.1,1000,7563300,"B"
"SHB","09:47:01",11.65,0.1,2000,7562300,"B"
"SHB","09:46:56",11.7,0.15,4800,7560300,"S"
"SHB","09:46:51",11.65,0.1,400,7555500,"B"
"SHB","09:46:50",11.65,0.1,100000,7555100,"B"
"SHB","09:46:43",11.65,0.1,100,7455100,"B"
"SHB","09:46:42",11.65,0.1,2000,7455000,"B"
"SHB","09:46:41",11.7,0.15,33400,7453000,"S"
"SHB","09:46:38",11.65,0.1,100,7419600,"B"
"SHB","09:46:33",11.7,0.15,100,7419500,"S"
"SHB","09:46:27",11.7,0.15,2000,7419400,"S"
"SHB","09:46:19",11.7,0.15,3000,7417400,"S"
"SHB","09:46:12",11.65,0.1,30000,7414400,"B"
"SHB","09:46:05",11.7,0.15,500,7384400,"S"
"SHB","09:46:01",11.65,0.1,2000,7383900,"B"
"SHB","09:45:56",11.65,0.1,5000,7381900,"B"
"SHB","09:45:53",11.65,0.1,4000,7376900,"B"
"SHB","09:45:19",11.65,0.1,300,7372900,"B"
"SHB","09:44:53",11.7,0.15,300,7372600,"S"
"SHB","09:44:52",11.65,0.1,1000,7372300,"B"
"SHB","09:44:51",11.65,0.1,35000,7371300,"B"
"SHB","09:44:50",11.7,0.15,500,7336300,"S"
"SHB","09:44:48",11.65,0.1,3000,7335800,"B"
"SHB","09:44:35",11.65,0.1,2000,7332800,"B"
"SHB","09:44:35",11.7,0.15,100,7330800,"S"
"SHB","09:44:33",11.7,0.15,4800,7330700,"S"
"SHB","09:44:19",11.65,0.1,100,7325900,"B"
"SHB","09:44:12",11.7,0.15,500,7325800,"S"
"SHB","09:44:08",11.65,0.1,10500,7325300,"B"
"SHB","09:44:02",11.7,0.15,2000,7314800,"S"
"SHB","09:43:59",11.7,0.15,2500,7312800,"S"
"SHB","09:43:55",11.65,0.1,3000,7310300,"B"
"SHB","09:43:54",11.7,0.15,400,7307300,"S"
"SHB","09:43:33",11.65,0.1,23000,7306900,"B"
"SHB","09:43:22",11.7,0.15,5500,7283900,"S"
"SHB","09:43:20",11.65,0.1,900,7278400,"B"
"SHB","09:43:17",11.65,0.1,700,7277500,"B"
"SHB","09:43:13",11.65,0.1,200,7276800,"B"
"SHB","09:43:12",11.7,0.15,1100,7276600,"S"
"SHB","09:43:03",11.7,0.15,200,7275500,"S"
"SHB","09:42:51",11.65,0.1,100,7275300,"B"
"SHB","09:42:49",11.7,0.15,4000,7275200,"S"
"SHB","09:42:48",11.7,0.15,400,7271200,"S"
"SHB","09:42:41",11.7,0.15,5000,7270800,"S"
"SHB","09:42:35",11.7,0.15,500,7265800,"S"
"SHB","09:42:29",11.7,0.15,10000,7265300,"S"
"SHB","09:42:21",11.7,0.15,200,7255300,"S"
"SHB","09:42:20",11.7,0.15,6900,7255100,"S"
"SHB","09:41:58",11.7,0.15,2000,7248200,"S"
"SHB","09:41:58",11.7,0.15,300,7246200,"S"
"SHB","09:41:54",11.7,0.15,3500,7245900,"S"
"SHB","09:41:50",11.7,0.15,1000,7242400,"S"
"SHB","09:41:49",11.65,0.1,100,7241400,"B"
"SHB","09:41:44",11.7,0.15,100,7241300,"S"
"SHB","09:41:30",11.7,0.15,800,7241200,"S"
"SHB","09:41:28",11.7,0.15,200,7240400,"S"
"SHB","09:41:27",11.7,0.15,5000,7240200,"S"
"SHB","09:41:26",11.7,0.15,7000,7235200,"S"
"SHB","09:41:22",11.7,0.15,5300,7228200,"S"
"SHB","09:41:11",11.7,0.15,300,7222900,"S"
"SHB","09:41:02",11.7,0.15,600,7222600,"S"
"SHB","09:40:58",11.7,0.15,50100,7222000,"S"
"SHB","09:40:52",11.7,0.15,9000,7171900,"S"
"SHB","09:40:45",11.7,0.15,200,7162900,"S"
"SHB","09:40:44",11.7,0.15,4500,7162700,"S"
"SHB","09:40:40",11.7,0.15,18000,7158200,"S"
"SHB","09:40:40",11.7,0.15,1000,7140200,"S"
"SHB","09:40:38",11.7,0.15,2000,7139200,"S"
"SHB","09:40:37",11.7,0.15,82600,7137200,"B"
"SHB","09:40:32",11.7,0.15,500,7054600,"B"
"SHB","09:40:30",11.7,0.15,3100,7054100,"B"
"SHB","09:40:29",11.7,0.15,10000,7051000,"B"
"SHB","09:40:27",11.7,0.15,19700,7041000,"S"
"SHB","09:40:26",11.7,0.15,100,7021300,"S"
"SHB","09:40:20",11.7,0.15,2000,7021200,"S"
"SHB","09:40:17",11.7,0.15,10000,7019200,"S"
"SHB","09:40:13",11.7,0.15,10000,7009200,"S"
"SHB","09:40:12",11.7,0.15,97000,6999200,"S"
"SHB","09:40:09",11.7,0.15,1700,6902200,"S"
"SHB","09:40:02",11.7,0.15,1800,6900500,"S"
"SHB","09:39:58",11.7,0.15,7000,6898700,"S"
"SHB","09:39:57",11.7,0.15,40000,6891700,"S"
"SHB","09:39:53",11.7,0.15,8800,6851700,"S"
"SHB","09:39:50",11.7,0.15,600,6842900,"S"
"SHB","09:39:46",11.7,0.15,1000,6842300,"S"
"SHB","09:39:45",11.7,0.15,3000,6841300,"S"
"SHB","09:39:41",11.7,0.15,1900,6838300,"S"
"SHB","09:39:39",11.7,0.15,2800,6836400,"S"
"SHB","09:39:35",11.7,0.15,600,6833600,"S"
"SHB","09:39:33",11.7,0.15,35000,6833000,"S"
"SHB","09:39:33",11.7,0.15,200,6798000,"S"
"SHB","09:39:31",11.7,0.15,200,6797800,"S"
"SHB","09:39:24",11.7,0.15,101500,6797600,"S"
"SHB","09:39:22",11.7,0.15,100,6696100,"S"
