"symbol","time","price","change","vol","total","side"
"TCB","14:45:01",34.1,0.9,247300,6323800,
"TCB","14:29:57",34,0.8,100,6076500,"B"
"TCB","14:29:51",34,0.8,100,6076400,"B"
"TCB","14:29:50",34,0.8,10000,6076300,"B"
"TCB","14:29:50",34,0.8,4000,6066300,"B"
"TCB","14:29:41",34,0.8,5000,6062300,"B"
"TCB","14:29:37",34,0.8,1000,6057300,"B"
"TCB","14:29:31",34.05,0.85,1000,6056300,"S"
"TCB","14:29:29",34,0.8,200,6055300,"B"
"TCB","14:29:26",34,0.8,3100,6055100,"B"
"TCB","14:29:25",34.05,0.85,200,6052000,"S"
"TCB","14:29:24",34,0.8,100,6051800,"B"
"TCB","14:29:23",34,0.8,1000,6051700,"B"
"TCB","14:29:21",34,0.8,400,6050700,"B"
"TCB","14:29:19",34,0.8,100,6050300,"B"
"TCB","14:29:18",34,0.8,5000,6050200,"S"
"TCB","14:29:09",34,0.8,200,6045200,"B"
"TCB","14:29:07",34,0.8,2000,6045000,"B"
"TCB","14:29:04",34,0.8,17800,6043000,"S"
"TCB","14:29:00",34,0.8,1000,6025200,"S"
"TCB","14:28:57",34,0.8,300,6024200,"S"
"TCB","14:28:50",34,0.8,500,6023900,"S"
"TCB","14:28:47",34,0.8,7700,6023400,"B"
"TCB","14:28:45",34,0.8,1000,6015700,"B"
"TCB","14:28:40",34,0.8,1600,6014700,"B"
"TCB","14:28:38",34,0.8,4000,6013100,"B"
"TCB","14:28:37",34,0.8,1500,6009100,"B"
"TCB","14:28:31",34,0.8,300,6007600,"B"
"TCB","14:28:30",34,0.8,500,6007300,"B"
"TCB","14:28:25",34,0.8,500,6006800,"B"
"TCB","14:28:17",34,0.8,100,6006300,"B"
"TCB","14:28:13",34,0.8,1000,6006200,"B"
"TCB","14:28:12",34,0.8,500,6005200,"B"
"TCB","14:28:07",34,0.8,1100,6004700,"B"
"TCB","14:28:05",34,0.8,800,6003600,"B"
"TCB","14:28:02",34,0.8,100,6002800,"B"
"TCB","14:27:59",34,0.8,1100,6002700,"B"
"TCB","14:27:52",34,0.8,43100,6001600,"S"
"TCB","14:27:44",34,0.8,200,5958500,"S"
"TCB","14:27:40",34,0.8,2800,5958300,"S"
"TCB","14:27:40",34,0.8,200,5955500,"S"
"TCB","14:27:34",34,0.8,100,5955300,"S"
"TCB","14:27:30",34,0.8,20000,5955200,"S"
"TCB","14:27:23",33.95,0.75,200,5935200,"B"
"TCB","14:27:17",34,0.8,5000,5935000,"S"
"TCB","14:27:07",33.95,0.75,300,5930000,"B"
"TCB","14:26:58",34,0.8,10000,5929700,"S"
"TCB","14:26:56",34,0.8,400,5919700,"S"
"TCB","14:26:48",34,0.8,9000,5919300,"S"
"TCB","14:26:44",33.95,0.75,2000,5910300,"B"
"TCB","14:26:43",33.95,0.75,1500,5908300,"B"
"TCB","14:26:36",34,0.8,200,5906800,"S"
"TCB","14:26:35",34,0.8,100,5906600,"S"
"TCB","14:26:31",34,0.8,500,5906500,"S"
"TCB","14:26:10",34,0.8,2500,5906000,"S"
"TCB","14:26:04",34,0.8,1800,5903500,"S"
"TCB","14:25:59",34,0.8,1800,5901700,"S"
"TCB","14:25:55",34,0.8,1800,5899900,"S"
"TCB","14:25:52",34,0.8,1000,5898100,"S"
"TCB","14:25:48",33.95,0.75,300,5897100,"B"
"TCB","14:25:47",33.95,0.75,1500,5896800,"B"
"TCB","14:25:43",33.95,0.75,400,5895300,"B"
"TCB","14:25:42",33.95,0.75,3700,5894900,"B"
"TCB","14:25:36",33.95,0.75,100,5891200,"B"
"TCB","14:25:17",33.95,0.75,2700,5891100,"S"
"TCB","14:25:16",33.95,0.75,100,5888400,"S"
"TCB","14:25:13",33.95,0.75,20000,5888300,"S"
"TCB","14:25:04",33.95,0.75,200,5868300,"S"
"TCB","14:25:01",33.9,0.7,300,5868100,"B"
"TCB","14:24:57",33.95,0.75,5000,5867800,"S"
"TCB","14:24:53",33.95,0.75,1000,5862800,"S"
"TCB","14:24:36",33.95,0.75,4500,5861800,"S"
"TCB","14:24:25",33.9,0.7,100,5857300,"B"
"TCB","14:24:01",33.9,0.7,500,5857200,"B"
"TCB","14:23:44",33.95,0.75,100,5856700,"S"
"TCB","14:23:42",33.9,0.7,1500,5856600,"B"
"TCB","14:23:37",33.9,0.7,10000,5855100,"B"
"TCB","14:23:29",33.9,0.7,100,5845100,"B"
"TCB","14:23:25",33.9,0.7,800,5845000,"S"
"TCB","14:23:25",33.9,0.7,5300,5844200,"S"
"TCB","14:23:13",33.9,0.7,2000,5838900,"S"
"TCB","14:23:12",33.9,0.7,1000,5836900,"S"
"TCB","14:23:03",33.9,0.7,100,5835900,"S"
"TCB","14:22:57",33.9,0.7,1600,5835800,"B"
"TCB","14:22:56",33.9,0.7,900,5834200,"S"
"TCB","14:22:55",33.9,0.7,10000,5833300,"S"
"TCB","14:22:45",33.9,0.7,500,5823300,"S"
"TCB","14:22:38",33.9,0.7,100,5822800,"S"
"TCB","14:22:30",33.9,0.7,10000,5822700,"S"
"TCB","14:22:26",33.85,0.65,1000,5812700,"B"
"TCB","14:22:14",33.85,0.65,16200,5811700,"B"
"TCB","14:22:05",33.9,0.7,3000,5795500,"S"
"TCB","14:22:02",33.9,0.7,100,5792500,"S"
"TCB","14:21:46",33.85,0.65,4000,5792400,"B"
"TCB","14:21:19",33.9,0.7,1700,5788400,"S"
"TCB","14:20:46",33.9,0.7,100,5786700,"S"
"TCB","14:20:31",33.9,0.7,400,5786600,"S"
"TCB","14:20:29",33.9,0.7,200,5786200,"S"
"TCB","14:20:24",33.9,0.7,5000,5786000,"S"
"TCB","14:20:19",33.9,0.7,300,5781000,"S"
"TCB","14:20:09",33.9,0.7,5000,5780700,"S"
"TCB","14:20:00",33.9,0.7,1000,5775700,"S"
"TCB","14:19:36",33.9,0.7,500,5774700,"S"
"TCB","14:19:31",33.85,0.65,800,5774200,"B"
"TCB","14:19:16",33.9,0.7,200,5773400,"S"
"TCB","14:19:10",33.9,0.7,7400,5773200,"B"
"TCB","14:18:53",33.9,0.7,1000,5765800,"B"
"TCB","14:18:52",33.9,0.7,200,5764800,"B"
"TCB","14:18:38",33.9,0.7,1200,5764600,"B"
"TCB","14:18:38",33.9,0.7,8800,5763400,"B"
"TCB","14:18:35",33.9,0.7,1000,5754600,"B"
"TCB","14:18:35",33.9,0.7,1000,5753600,"B"
"TCB","14:18:25",33.9,0.7,700,5752600,"B"
"TCB","14:18:21",33.9,0.7,1000,5751900,"B"
"TCB","14:18:17",33.9,0.7,1000,5750900,"B"
"TCB","14:18:04",33.9,0.7,500,5749900,"B"
"TCB","14:17:44",33.9,0.7,10000,5749400,"B"
"TCB","14:17:43",33.9,0.7,100,5739400,"B"
"TCB","14:17:28",33.95,0.75,20000,5739300,"S"
"TCB","14:17:22",33.9,0.7,300,5719300,"B"
"TCB","14:17:19",33.9,0.7,200,5719000,"B"
"TCB","14:17:15",33.9,0.7,1000,5718800,"B"
"TCB","14:17:14",33.9,0.7,100,5717800,"B"
"TCB","14:17:10",33.9,0.7,10000,5717700,"B"
"TCB","14:17:05",33.9,0.7,500,5707700,"B"
"TCB","14:17:00",33.9,0.7,10000,5707200,"B"
"TCB","14:16:54",33.9,0.7,10500,5697200,"S"
"TCB","14:16:51",33.85,0.65,1000,5686700,"B"
"TCB","14:16:51",33.9,0.7,100,5685700,"S"
"TCB","14:16:42",33.9,0.7,67900,5685600,"B"
"TCB","14:16:38",33.95,0.75,400,5617700,"S"
"TCB","14:16:37",33.9,0.7,100,5617300,"B"
"TCB","14:16:34",33.9,0.7,11400,5617200,"B"
"TCB","14:16:32",33.9,0.7,1500,5605800,"B"
"TCB","14:16:29",33.9,0.7,100,5604300,"B"
"TCB","14:16:24",33.9,0.7,100,5604200,"B"
"TCB","14:15:59",33.9,0.7,200,5604100,"B"
"TCB","14:15:31",33.95,0.75,500,5603900,"S"
"TCB","14:15:30",33.95,0.75,2000,5603400,"B"
"TCB","14:15:28",33.95,0.75,10200,5601400,"B"
"TCB","14:15:18",33.95,0.75,100,5591200,"B"
"TCB","14:15:03",34,0.8,2400,5591100,"S"
"TCB","14:15:03",33.95,0.75,10000,5588700,"B"
"TCB","14:14:54",33.95,0.75,5000,5578700,"B"
"TCB","14:14:53",34,0.8,100,5573700,"S"
"TCB","14:14:40",33.95,0.75,2900,5573600,"B"
"TCB","14:14:36",33.95,0.75,100,5570700,"B"
"TCB","14:14:21",33.95,0.75,25000,5570600,"B"
"TCB","14:14:20",33.95,0.75,1000,5545600,"B"
"TCB","14:14:19",33.95,0.75,1000,5544600,"B"
"TCB","14:14:18",34,0.8,1000,5543600,"S"
"TCB","14:14:10",33.95,0.75,100,5542600,"B"
"TCB","14:13:57",33.95,0.75,500,5542500,"B"
"TCB","14:13:46",33.95,0.75,3900,5542000,"B"
"TCB","14:13:45",33.95,0.75,6100,5538100,"B"
"TCB","14:13:42",33.95,0.75,200,5532000,"B"
"TCB","14:13:30",34,0.8,1000,5531800,"S"
"TCB","14:13:27",33.95,0.75,500,5530800,"B"
"TCB","14:13:24",33.95,0.75,100,5530300,"B"
"TCB","14:13:22",34,0.8,2000,5530200,"S"
"TCB","14:13:16",33.95,0.75,500,5528200,"B"
"TCB","14:13:02",33.95,0.75,2100,5527700,"B"
"TCB","14:12:55",33.95,0.75,500,5525600,"B"
"TCB","14:12:48",33.95,0.75,500,5525100,"B"
"TCB","14:12:44",34,0.8,200,5524600,"S"
"TCB","14:12:42",34,0.8,6900,5524400,"S"
"TCB","14:12:36",34,0.8,100,5517500,"S"
"TCB","14:12:24",34,0.8,2000,5517400,"S"
"TCB","14:12:22",33.95,0.75,2000,5515400,"B"
"TCB","14:12:21",33.95,0.75,500,5513400,"B"
"TCB","14:12:20",33.95,0.75,100,5512900,"B"
"TCB","14:12:16",33.95,0.75,600,5512800,"B"
"TCB","14:12:09",33.95,0.75,100,5512200,"B"
"TCB","14:11:48",33.95,0.75,100,5512100,"B"
"TCB","14:11:46",34,0.8,1000,5512000,"S"
"TCB","14:11:34",34,0.8,200,5511000,"S"
"TCB","14:11:32",33.95,0.75,200,5510800,"B"
"TCB","14:11:25",33.95,0.75,21800,5510600,"B"
"TCB","14:11:23",33.95,0.75,200,5488800,"B"
"TCB","14:11:00",33.95,0.75,800,5488600,"B"
"TCB","14:10:58",33.95,0.75,500,5487800,"B"
"TCB","14:10:52",34,0.8,100,5487300,"S"
"TCB","14:10:41",34,0.8,1700,5487200,"S"
"TCB","14:10:34",34,0.8,3000,5485500,"S"
"TCB","14:10:16",34,0.8,8600,5482500,"B"
"TCB","14:10:13",34,0.8,1500,5473900,"B"
"TCB","14:10:09",34,0.8,300,5472400,"B"
"TCB","14:10:08",34,0.8,1000,5472100,"B"
"TCB","14:10:06",34,0.8,1000,5471100,"B"
"TCB","14:09:59",34,0.8,500,5470100,"B"
"TCB","14:09:58",34,0.8,400,5469600,"B"
"TCB","14:09:56",34,0.8,1000,5469200,"B"
"TCB","14:09:54",34,0.8,100,5468200,"B"
"TCB","14:09:52",34,0.8,200,5468100,"B"
"TCB","14:09:43",34,0.8,10000,5467900,"B"
"TCB","14:09:39",34,0.8,200,5457900,"B"
"TCB","14:09:26",34,0.8,9500,5457700,"S"
"TCB","14:09:18",34,0.8,500,5448200,"S"
"TCB","14:09:05",34,0.8,1600,5447700,"S"
"TCB","14:08:45",34,0.8,4500,5446100,"B"
"TCB","14:08:43",34,0.8,2600,5441600,"B"
"TCB","14:08:40",34,0.8,1000,5439000,"B"
"TCB","14:08:38",34,0.8,300,5438000,"B"
"TCB","14:08:36",34,0.8,300,5437700,"B"
"TCB","14:08:35",34,0.8,500,5437400,"B"
"TCB","14:08:34",34,0.8,300,5436900,"B"
"TCB","14:08:31",34,0.8,2000,5436600,"B"
"TCB","14:08:30",34,0.8,200,5434600,"B"
"TCB","14:08:25",34,0.8,500,5434400,"B"
"TCB","14:08:23",34,0.8,500,5433900,"B"
"TCB","14:08:19",34,0.8,500,5433400,"B"
"TCB","14:08:18",34,0.8,2000,5432900,"B"
"TCB","14:08:12",34,0.8,100,5430900,"B"
"TCB","14:08:09",34,0.8,100,5430800,"B"
"TCB","14:08:00",34,0.8,100,5430700,"B"
"TCB","14:07:59",34,0.8,1500,5430600,"B"
"TCB","14:07:49",34,0.8,200,5429100,"B"
"TCB","14:07:44",34,0.8,5000,5428900,"B"
"TCB","14:07:37",34,0.8,1000,5423900,"B"
"TCB","14:07:21",34.05,0.85,1800,5422900,"S"
"TCB","14:07:09",34.05,0.85,100,5421100,"S"
"TCB","14:07:08",34,0.8,1500,5421000,"S"
"TCB","14:07:03",34,0.8,300,5419500,"S"
"TCB","14:06:58",34,0.8,500,5419200,"S"
"TCB","14:06:55",34,0.8,300,5418700,"B"
"TCB","14:06:53",34,0.8,79700,5418400,"S"
"TCB","14:06:51",34,0.8,700,5338700,"S"
"TCB","14:06:42",33.95,0.75,100,5338000,"B"
"TCB","14:06:34",33.95,0.75,200,5337900,"B"
"TCB","14:06:27",33.95,0.75,10000,5337700,"B"
"TCB","14:06:18",34,0.8,100,5327700,"S"
"TCB","14:05:23",34,0.8,600,5327600,"S"
"TCB","14:05:18",33.95,0.75,100,5327000,"B"
"TCB","14:05:16",33.95,0.75,3400,5326900,"S"
"TCB","14:05:12",33.95,0.75,2100,5323500,"B"
"TCB","14:05:12",33.95,0.75,1000,5321400,"B"
"TCB","14:05:06",33.95,0.75,4000,5320400,"B"
"TCB","14:05:04",33.95,0.75,80000,5316400,"B"
"TCB","14:05:00",33.95,0.75,2000,5236400,"B"
"TCB","14:04:48",33.95,0.75,200,5234400,"B"
"TCB","14:04:30",34,0.8,1200,5234200,"B"
"TCB","14:04:29",34,0.8,5000,5233000,"B"
"TCB","14:04:27",34,0.8,15200,5228000,"B"
"TCB","14:04:26",34,0.8,10100,5212800,"B"
"TCB","14:04:25",34,0.8,1000,5202700,"B"
"TCB","14:04:24",34,0.8,600,5201700,"B"
"TCB","14:04:22",34,0.8,1600,5201100,"B"
"TCB","14:04:22",34,0.8,7400,5199500,"B"
"TCB","14:04:21",34,0.8,1500,5192100,"B"
"TCB","14:04:19",34,0.8,20200,5190600,"B"
"TCB","14:04:18",34,0.8,3000,5170400,"B"
"TCB","14:04:17",34,0.8,10000,5167400,"B"
"TCB","14:04:10",34,0.8,20000,5157400,"B"
"TCB","14:04:08",34,0.8,300,5137400,"B"
"TCB","14:04:04",34,0.8,5200,5137100,"B"
"TCB","14:04:02",34,0.8,7200,5131900,"B"
"TCB","14:04:00",34,0.8,16000,5124700,"B"
"TCB","14:03:59",34,0.8,3000,5108700,"B"
"TCB","14:03:56",34,0.8,500,5105700,"B"
"TCB","14:03:55",34,0.8,5000,5105200,"B"
"TCB","14:03:55",34.05,0.85,500,5100200,"S"
"TCB","14:03:54",34,0.8,100,5099700,"B"
"TCB","14:03:50",34,0.8,3200,5099600,"B"
"TCB","14:03:44",34,0.8,1000,5096400,"B"
"TCB","14:03:42",34,0.8,2300,5095400,"B"
"TCB","14:03:39",34.05,0.85,600,5093100,"S"
"TCB","14:03:33",34,0.8,1000,5092500,"B"
"TCB","14:03:28",34,0.8,100,5091500,"B"
"TCB","14:03:27",34,0.8,300,5091400,"B"
"TCB","14:03:08",34,0.8,200,5091100,"B"
"TCB","14:03:03",34,0.8,1000,5090900,"B"
"TCB","14:03:03",34,0.8,10000,5089900,"B"
"TCB","14:03:01",34.05,0.85,100,5079900,"S"
"TCB","14:02:52",34,0.8,5000,5079800,"B"
"TCB","14:02:39",34.05,0.85,5800,5074800,"B"
"TCB","14:02:38",34.05,0.85,500,5069000,"B"
"TCB","14:02:37",34.05,0.85,16300,5068500,"B"
"TCB","14:02:35",34.05,0.85,10000,5052200,"B"
"TCB","14:02:34",34.05,0.85,1000,5042200,"B"
"TCB","14:02:34",34.1,0.9,1000,5041200,"S"
"TCB","14:02:30",34.05,0.85,40000,5040200,"B"
"TCB","14:02:28",34.05,0.85,1000,5000200,"B"
"TCB","14:02:22",34.05,0.85,200,4999200,"B"
"TCB","14:02:21",34.05,0.85,8200,4999000,"B"
"TCB","14:02:19",34.05,0.85,1000,4990800,"B"
"TCB","14:02:13",34.05,0.85,500,4989800,"B"
"TCB","14:02:05",34.1,0.9,1300,4989300,"S"
"TCB","14:01:58",34.05,0.85,100,4988000,"B"
"TCB","14:01:51",34.05,0.85,7200,4987900,"B"
"TCB","14:01:47",34.05,0.85,500,4980700,"B"
"TCB","14:01:36",34.1,0.9,1000,4980200,"S"
"TCB","14:01:33",34.1,0.9,1900,4979200,"S"
"TCB","14:01:31",34.05,0.85,500,4977300,"B"
"TCB","14:01:29",34.05,0.85,1000,4976800,"B"
"TCB","14:01:19",34.1,0.9,300,4975800,"S"
"TCB","14:01:10",34.1,0.9,800,4975500,"S"
"TCB","14:01:07",34.1,0.9,7000,4974700,"S"
"TCB","14:01:01",34.05,0.85,8400,4967700,"B"
"TCB","14:01:00",34.05,0.85,11600,4959300,"B"
"TCB","14:00:55",34.1,0.9,200,4947700,"S"
"TCB","14:00:53",34.05,0.85,500,4947500,"B"
"TCB","14:00:44",34.05,0.85,100,4947000,"B"
"TCB","14:00:38",34.1,0.9,100,4946900,"S"
"TCB","14:00:36",34.1,0.9,200,4946800,"S"
"TCB","14:00:34",34.1,0.9,2000,4946600,"S"
"TCB","14:00:30",34.05,0.85,5000,4944600,"B"
"TCB","14:00:27",34.1,0.9,5000,4939600,"S"
"TCB","14:00:21",34.1,0.9,300,4934600,"S"
"TCB","14:00:11",34.1,0.9,7600,4934300,"S"
"TCB","13:59:59",34.1,0.9,200,4926700,"S"
"TCB","13:59:50",34.1,0.9,700,4926500,"B"
"TCB","13:59:47",34.15,0.95,1600,4925800,"S"
"TCB","13:59:43",34.15,0.95,20200,4924200,"S"
"TCB","13:59:43",34.15,0.95,900,4904000,"S"
"TCB","13:59:41",34.1,0.9,3000,4903100,"S"
"TCB","13:59:39",34.1,0.9,6000,4900100,"S"
"TCB","13:59:34",34.1,0.9,5000,4894100,"S"
"TCB","13:59:32",34.1,0.9,2000,4889100,"S"
"TCB","13:59:30",34.05,0.85,100,4887100,"B"
"TCB","13:59:30",34.1,0.9,10000,4887000,"S"
"TCB","13:59:27",34.1,0.9,4000,4877000,"S"
"TCB","13:59:25",34.1,0.9,7500,4873000,"S"
"TCB","13:59:22",34.05,0.85,10000,4865500,"B"
"TCB","13:59:19",34.1,0.9,100,4855500,"S"
"TCB","13:59:13",34.1,0.9,15500,4855400,"S"
"TCB","13:59:10",34.05,0.85,100,4839900,"B"
"TCB","13:59:08",34.05,0.85,200,4839800,"B"
"TCB","13:59:07",34,0.8,500,4839600,"B"
"TCB","13:59:07",34.1,0.9,3700,4839100,"S"
"TCB","13:59:07",34.05,0.85,19300,4835400,"S"
"TCB","13:59:06",34.05,0.85,5000,4816100,"S"
"TCB","13:59:05",34.05,0.85,5000,4811100,"S"
"TCB","13:59:04",34.05,0.85,2000,4806100,"S"
"TCB","13:59:03",34,0.8,3000,4804100,"B"
"TCB","13:59:02",34.05,0.85,600,4801100,"S"
"TCB","13:59:00",34.05,0.85,5000,4800500,"S"
"TCB","13:58:52",34,0.8,176200,4795500,"S"
"TCB","13:58:47",34,0.8,300,4619300,"S"
"TCB","13:58:45",33.95,0.75,500,4619000,"B"
"TCB","13:58:35",33.95,0.75,100,4618500,"B"
"TCB","13:58:25",34,0.8,200,4618400,"S"
"TCB","13:58:21",34,0.8,300,4618200,"S"
"TCB","13:58:17",33.95,0.75,100,4617900,"B"
"TCB","13:58:17",34,0.8,200,4617800,"S"
"TCB","13:58:16",34,0.8,5600,4617600,"S"
"TCB","13:58:11",34,0.8,1400,4612000,"S"
"TCB","13:58:10",34,0.8,8600,4610600,"S"
"TCB","13:58:09",34,0.8,10000,4602000,"S"
"TCB","13:58:07",34,0.8,500,4592000,"S"
"TCB","13:58:03",34,0.8,21500,4591500,"S"
"TCB","13:58:03",34,0.8,3000,4570000,"S"
"TCB","13:58:02",34,0.8,10000,4567000,"S"
"TCB","13:57:59",34,0.8,10000,4557000,"S"
"TCB","13:57:57",34,0.8,7900,4547000,"S"
"TCB","13:57:53",34,0.8,50000,4539100,"S"
"TCB","13:57:50",33.95,0.75,100,4489100,"B"
"TCB","13:57:49",34,0.8,3000,4489000,"S"
"TCB","13:57:43",33.95,0.75,4000,4486000,"B"
"TCB","13:57:33",33.95,0.75,1000,4482000,"B"
"TCB","13:57:32",33.95,0.75,100,4481000,"B"
"TCB","13:57:31",34,0.8,10000,4480900,"S"
"TCB","13:57:26",34,0.8,5000,4470900,"S"
"TCB","13:57:24",34,0.8,18900,4465900,"S"
"TCB","13:57:24",34,0.8,11100,4447000,"S"
"TCB","13:57:19",33.95,0.75,400,4435900,"B"
"TCB","13:57:16",33.95,0.75,100,4435500,"B"
"TCB","13:57:08",33.95,0.75,10000,4435400,"B"
"TCB","13:57:05",33.95,0.75,100,4425400,"B"
"TCB","13:57:04",33.95,0.75,1000,4425300,"B"
"TCB","13:57:03",33.9,0.7,200,4424300,"B"
"TCB","13:56:57",33.9,0.7,1000,4424100,"B"
"TCB","13:56:56",34,0.8,18800,4423100,"S"
"TCB","13:56:56",33.95,0.75,87500,4404300,"S"
"TCB","13:56:55",33.9,0.7,83400,4316800,"S"
"TCB","13:56:42",33.9,0.7,4500,4233400,"S"
"TCB","13:56:36",33.9,0.7,1000,4228600,"S"
"TCB","13:56:34",33.85,0.65,500,4227600,"B"
"TCB","13:56:32",33.85,0.65,100,4227100,"B"
"TCB","13:56:30",33.9,0.7,100000,4227000,"S"
"TCB","13:56:27",33.85,0.65,10000,4127000,"B"
"TCB","13:56:20",33.85,0.65,200,4117000,"B"
"TCB","13:56:18",33.85,0.65,200,4116800,"B"
"TCB","13:56:15",33.85,0.65,100,4116600,"B"
"TCB","13:56:08",33.85,0.65,200,4116500,"B"
"TCB","13:56:07",33.85,0.65,5000,4116300,"B"
"TCB","13:56:00",33.85,0.65,300,4111300,"B"
"TCB","13:55:59",33.85,0.65,1000,4111000,"B"
"TCB","13:55:57",33.9,0.7,1000,4110000,"S"
"TCB","13:55:48",33.85,0.65,100,4109000,"B"
"TCB","13:55:48",33.85,0.65,1000,4108900,"B"
"TCB","13:55:45",33.85,0.65,900,4107900,"B"
"TCB","13:55:41",33.85,0.65,5000,4107000,"B"
"TCB","13:55:30",33.85,0.65,100,4102000,"B"
"TCB","13:55:28",33.85,0.65,3800,4101900,"S"
"TCB","13:55:27",33.85,0.65,7100,4098100,"S"
"TCB","13:55:25",33.85,0.65,3800,4091000,"S"
"TCB","13:55:21",33.85,0.65,10000,4087200,"S"
"TCB","13:55:20",33.85,0.65,5000,4077200,"S"
"TCB","13:55:17",33.85,0.65,1000,4072200,"S"
"TCB","13:55:10",33.85,0.65,5000,4071200,"S"
"TCB","13:55:06",33.85,0.65,5000,4066200,"S"
"TCB","13:55:02",33.85,0.65,5000,4061200,"S"
"TCB","13:55:00",33.85,0.65,400,4056200,"S"
"TCB","13:54:57",33.85,0.65,10000,4055800,"S"
"TCB","13:54:55",33.85,0.65,2000,4045800,"S"
"TCB","13:54:42",33.85,0.65,3000,4043800,"S"
"TCB","13:54:41",33.8,0.6,200,4040800,"B"
"TCB","13:54:40",33.85,0.65,400,4040600,"S"
"TCB","13:54:34",33.8,0.6,700,4040200,"B"
"TCB","13:54:28",33.8,0.6,200,4039500,"B"
"TCB","13:54:23",33.8,0.6,10000,4039300,"B"
"TCB","13:54:18",33.8,0.6,189500,4029300,"S"
"TCB","13:54:15",33.8,0.6,2000,3839800,"S"
"TCB","13:54:07",33.75,0.55,100,3837800,"S"
"TCB","13:53:59",33.8,0.6,2200,3837700,"S"
"TCB","13:53:59",33.75,0.55,108600,3835500,"S"
"TCB","13:53:58",33.75,0.55,4200,3726900,"S"
"TCB","13:53:38",33.75,0.55,2000,3722700,"S"
"TCB","13:53:34",33.7,0.5,100,3720700,"B"
"TCB","13:53:22",33.7,0.5,500,3720600,"B"
"TCB","13:53:17",33.75,0.55,1000,3720100,"S"
"TCB","13:52:58",33.75,0.55,1500,3719100,"S"
"TCB","13:52:55",33.75,0.55,1000,3717600,"S"
"TCB","13:52:55",33.7,0.5,200,3716600,"B"
"TCB","13:52:53",33.75,0.55,100,3716400,"S"
"TCB","13:52:43",33.75,0.55,1000,3716300,"S"
"TCB","13:52:35",33.75,0.55,3900,3715300,"S"
"TCB","13:52:23",33.7,0.5,2700,3711400,"S"
"TCB","13:52:22",33.7,0.5,1700,3708700,"S"
"TCB","13:52:21",33.7,0.5,300,3707000,"S"
"TCB","13:52:16",33.7,0.5,10000,3706700,"S"
"TCB","13:52:10",33.7,0.5,2000,3696700,"S"
"TCB","13:52:06",33.7,0.5,100,3694700,"S"
"TCB","13:51:46",33.7,0.5,2000,3694600,"S"
"TCB","13:51:42",33.7,0.5,800,3692600,"S"
"TCB","13:51:42",33.7,0.5,200,3691800,"S"
"TCB","13:51:37",33.7,0.5,6000,3691600,"S"
"TCB","13:51:35",33.7,0.5,7000,3685600,"S"
"TCB","13:51:29",33.7,0.5,1500,3678600,"S"
"TCB","13:51:28",33.7,0.5,500,3677100,"S"
"TCB","13:51:24",33.7,0.5,1000,3676600,"S"
"TCB","13:51:19",33.7,0.5,2000,3675600,"S"
"TCB","13:51:12",33.7,0.5,9000,3673600,"S"
"TCB","13:51:00",33.65,0.45,100,3664600,"B"
"TCB","13:50:59",33.7,0.5,2000,3664500,"S"
"TCB","13:50:57",33.7,0.5,800,3662500,"S"
"TCB","13:50:56",33.7,0.5,2400,3661700,"S"
"TCB","13:50:55",33.7,0.5,10400,3659300,"S"
"TCB","13:50:54",33.7,0.5,6000,3648900,"S"
"TCB","13:50:54",33.7,0.5,1100,3642900,"S"
"TCB","13:50:53",33.7,0.5,7600,3641800,"S"
"TCB","13:50:52",33.7,0.5,8800,3634200,"S"
"TCB","13:50:51",33.7,0.5,11400,3625400,"S"
"TCB","13:50:50",33.7,0.5,1500,3614000,"S"
"TCB","13:50:49",33.65,0.45,10000,3612500,"B"
"TCB","13:50:34",33.7,0.5,2300,3602500,"S"
"TCB","13:50:24",33.65,0.45,1000,3600200,"B"
"TCB","13:50:22",33.7,0.5,2000,3599200,"S"
"TCB","13:50:15",33.65,0.45,300,3597200,"B"
"TCB","13:50:13",33.65,0.45,1000,3596900,"B"
"TCB","13:50:09",33.65,0.45,300,3595900,"B"
"TCB","13:50:01",33.65,0.45,1000,3595600,"B"
"TCB","13:49:59",33.65,0.45,4200,3594600,"S"
"TCB","13:49:58",33.65,0.45,200,3590400,"S"
"TCB","13:49:55",33.65,0.45,400,3590200,"S"
"TCB","13:49:55",33.65,0.45,300,3589800,"S"
"TCB","13:49:54",33.65,0.45,13800,3589500,"S"
"TCB","13:49:54",33.65,0.45,1100,3575700,"S"
"TCB","13:49:53",33.65,0.45,3100,3574600,"S"
"TCB","13:49:52",33.65,0.45,7200,3571500,"S"
"TCB","13:49:52",33.65,0.45,4900,3564300,"S"
"TCB","13:49:51",33.65,0.45,3300,3559400,"S"
"TCB","13:49:51",33.65,0.45,2200,3556100,"S"
"TCB","13:49:50",33.65,0.45,5900,3553900,"S"
"TCB","13:49:50",33.65,0.45,700,3548000,"S"
"TCB","13:49:49",33.65,0.45,1000,3547300,"S"
"TCB","13:49:46",33.65,0.45,6700,3546300,"S"
"TCB","13:49:43",33.65,0.45,200,3539600,"S"
"TCB","13:49:38",33.65,0.45,8000,3539400,"S"
"TCB","13:49:37",33.6,0.4,200,3531400,"B"
"TCB","13:49:33",33.65,0.45,9000,3531200,"S"
"TCB","13:49:32",33.65,0.45,2000,3522200,"S"
"TCB","13:49:16",33.6,0.4,1000,3520200,"B"
"TCB","13:49:13",33.65,0.45,2000,3519200,"S"
"TCB","13:48:54",33.6,0.4,4200,3517200,"B"
"TCB","13:48:46",33.6,0.4,100,3513000,"B"
"TCB","13:48:37",33.65,0.45,100,3512900,"S"
"TCB","13:48:25",33.6,0.4,1500,3512800,"B"
"TCB","13:48:17",33.6,0.4,1500,3511300,"B"
"TCB","13:47:23",33.65,0.45,200,3509800,"S"
"TCB","13:47:16",33.65,0.45,3000,3509600,"S"
"TCB","13:47:11",33.6,0.4,11400,3506600,"B"
"TCB","13:46:30",33.65,0.45,2000,3495200,"S"
"TCB","13:46:09",33.65,0.45,1000,3493200,"S"
"TCB","13:46:03",33.65,0.45,2000,3492200,"S"
"TCB","13:45:58",33.65,0.45,5500,3490200,"B"
"TCB","13:45:48",33.65,0.45,7200,3484700,"B"
"TCB","13:45:42",33.65,0.45,2000,3477500,"B"
"TCB","13:45:38",33.65,0.45,7200,3475500,"B"
"TCB","13:45:37",33.65,0.45,3700,3468300,"B"
"TCB","13:45:28",33.65,0.45,7000,3464600,"B"
"TCB","13:45:17",33.7,0.5,200,3457600,"S"
"TCB","13:44:48",33.7,0.5,11100,3457400,"S"
"TCB","13:44:45",33.65,0.45,500,3446300,"B"
"TCB","13:44:19",33.7,0.5,2000,3445800,"S"
"TCB","13:44:11",33.7,0.5,100,3443800,"S"
"TCB","13:44:02",33.7,0.5,800,3443700,"S"
"TCB","13:44:02",33.7,0.5,1600,3442900,"S"
"TCB","13:43:49",33.7,0.5,5000,3441300,"S"
"TCB","13:43:35",33.7,0.5,10000,3436300,"S"
"TCB","13:42:52",33.7,0.5,1000,3426300,"S"
"TCB","13:42:43",33.65,0.45,100,3425300,"B"
"TCB","13:42:24",33.65,0.45,2200,3425200,"S"
"TCB","13:42:21",33.65,0.45,5000,3423000,"S"
"TCB","13:42:18",33.65,0.45,200,3418000,"S"
"TCB","13:42:15",33.65,0.45,3900,3417800,"S"
"TCB","13:42:12",33.65,0.45,1000,3413900,"S"
"TCB","13:42:09",33.6,0.4,100,3412900,"B"
"TCB","13:42:02",33.65,0.45,100,3412800,"B"
"TCB","13:41:50",33.65,0.45,7200,3412700,"B"
"TCB","13:41:48",33.65,0.45,2000,3405500,"B"
"TCB","13:41:44",33.65,0.45,6400,3403500,"S"
"TCB","13:41:43",33.65,0.45,44300,3397100,"S"
"TCB","13:41:34",33.6,0.4,17700,3352800,"S"
"TCB","13:41:21",33.6,0.4,102800,3335100,"S"
"TCB","13:41:06",33.6,0.4,100,3232300,"S"
"TCB","13:40:52",33.55,0.35,7200,3232200,"B"
"TCB","13:40:50",33.6,0.4,100,3225000,"S"
"TCB","13:40:45",33.55,0.35,100,3224900,"B"
"TCB","13:39:38",33.6,0.4,1900,3224800,"S"
"TCB","13:39:31",33.6,0.4,100,3222900,"S"
"TCB","13:39:08",33.6,0.4,1000,3222800,"S"
"TCB","13:38:45",33.55,0.35,2000,3221800,"B"
"TCB","13:38:43",33.55,0.35,300,3219800,"B"
"TCB","13:38:27",33.55,0.35,100,3219500,"B"
"TCB","13:38:21",33.55,0.35,51400,3219400,"S"
"TCB","13:38:21",33.5,0.3,400,3168000,"B"
"TCB","13:37:40",33.55,0.35,18600,3167600,"B"
"TCB","13:37:16",33.55,0.35,2000,3149000,"B"
"TCB","13:37:11",33.55,0.35,200,3147000,"B"
"TCB","13:37:10",33.55,0.35,24400,3146800,"S"
"TCB","13:36:59",33.5,0.3,500,3122400,"B"
"TCB","13:36:47",33.5,0.3,3500,3121900,"B"
"TCB","13:36:29",33.5,0.3,700,3118400,"B"
"TCB","13:35:29",33.55,0.35,5000,3117700,"S"
"TCB","13:35:27",33.55,0.35,200,3112700,"S"
"TCB","13:35:23",33.5,0.3,100,3112500,"B"
"TCB","13:35:17",33.5,0.3,200,3112400,"B"
"TCB","13:35:14",33.5,0.3,38000,3112200,"B"
"TCB","13:35:13",33.5,0.3,500,3074200,"B"
"TCB","13:34:53",33.5,0.3,500,3073700,"B"
"TCB","13:34:17",33.5,0.3,100,3073200,"B"
"TCB","13:33:58",33.55,0.35,10000,3073100,"S"
"TCB","13:33:54",33.55,0.35,200,3063100,"S"
"TCB","13:33:54",33.5,0.3,5000,3062900,"B"
"TCB","13:33:42",33.55,0.35,1000,3057900,"S"
"TCB","13:33:31",33.5,0.3,100,3056900,"B"
"TCB","13:33:09",33.5,0.3,4000,3056800,"B"
"TCB","13:32:56",33.45,0.25,6400,3052800,"B"
"TCB","13:32:56",33.5,0.3,3600,3046400,"B"
"TCB","13:32:47",33.5,0.3,18400,3042800,"S"
"TCB","13:32:10",33.5,0.3,100,3024400,"S"
"TCB","13:31:03",33.5,0.3,7900,3024300,"S"
"TCB","13:30:31",33.5,0.3,800,3016400,"B"
"TCB","13:30:30",33.5,0.3,1000,3015600,"B"
"TCB","13:30:29",33.5,0.3,200,3014600,"S"
"TCB","13:30:27",33.45,0.25,200,3014400,"B"
"TCB","13:30:22",33.5,0.3,300,3013400,"B"
"TCB","13:30:21",33.5,0.3,900,3013100,"S"
"TCB","13:30:20",33.5,0.3,1000,3012200,"S"
"TCB","13:30:14",33.5,0.3,300,3011200,"S"
"TCB","13:30:02",33.5,0.3,100,3010900,"S"
"TCB","13:30:01",33.5,0.3,1000,3010800,"S"
"TCB","13:29:53",33.5,0.3,100,3009800,"S"
"TCB","13:29:46",33.5,0.3,1000,3009700,"S"
"TCB","13:29:41",33.5,0.3,20200,3008700,"S"
"TCB","13:29:28",33.5,0.3,700,2988500,"S"
"TCB","13:29:23",33.5,0.3,500,2987800,"S"
"TCB","13:28:44",33.5,0.3,1000,2987300,"S"
"TCB","13:28:38",33.5,0.3,1000,2986300,"S"
"TCB","13:28:35",33.5,0.3,1000,2985300,"S"
"TCB","13:28:32",33.5,0.3,1000,2984300,"S"
"TCB","13:27:20",33.5,0.3,3400,2983300,"B"
"TCB","13:26:58",33.5,0.3,10000,2979900,"B"
"TCB","13:26:42",33.5,0.3,100,2969900,"B"
"TCB","13:26:32",33.5,0.3,500,2969800,"B"
"TCB","13:26:17",33.5,0.3,200,2969300,"B"
"TCB","13:26:11",33.5,0.3,5200,2969100,"B"
"TCB","13:26:08",33.5,0.3,100,2963900,"B"
"TCB","13:25:57",33.5,0.3,40000,2963800,"B"
"TCB","13:25:53",33.5,0.3,7200,2923800,"B"
"TCB","13:25:45",33.5,0.3,7200,2916600,"B"
"TCB","13:25:40",33.5,0.3,1000,2909400,"B"
"TCB","13:25:35",33.5,0.3,5000,2908400,"B"
"TCB","13:25:28",33.5,0.3,400,2903400,"B"
"TCB","13:25:23",33.5,0.3,100,2903000,"B"
"TCB","13:25:22",33.5,0.3,100,2902900,"B"
"TCB","13:25:14",33.5,0.3,200,2902800,"B"
"TCB","13:25:12",33.5,0.3,5000,2902600,"B"
"TCB","13:25:11",33.5,0.3,4500,2897600,"B"
"TCB","13:24:30",33.5,0.3,14000,2893100,"B"
"TCB","13:24:00",33.5,0.3,600,2879100,"B"
"TCB","13:24:00",33.55,0.35,400,2878500,"B"
"TCB","13:23:55",33.55,0.35,19800,2878100,"S"
"TCB","13:23:51",33.55,0.35,3000,2858300,"S"
"TCB","13:23:50",33.55,0.35,1000,2855300,"S"
"TCB","13:23:47",33.55,0.35,1000,2854300,"S"
"TCB","13:23:21",33.55,0.35,200,2853300,"S"
"TCB","13:22:38",33.55,0.35,1000,2853100,"S"
"TCB","13:22:10",33.55,0.35,20000,2852100,"S"
"TCB","13:21:56",33.5,0.3,300,2832100,"B"
"TCB","13:21:49",33.55,0.35,200,2831800,"S"
"TCB","13:21:45",33.5,0.3,500,2831600,"B"
"TCB","13:21:20",33.5,0.3,2000,2831100,"B"
"TCB","13:21:17",33.55,0.35,2000,2829100,"S"
"TCB","13:21:11",33.5,0.3,4000,2827100,"B"
"TCB","13:20:30",33.5,0.3,500,2823100,"B"
"TCB","13:20:25",33.5,0.3,7200,2822600,"B"
"TCB","13:20:21",33.5,0.3,500,2815400,"B"
"TCB","13:20:19",33.5,0.3,7200,2814900,"B"
"TCB","13:20:15",33.5,0.3,3000,2807700,"B"
"TCB","13:20:12",33.5,0.3,7200,2804700,"B"
"TCB","13:20:01",33.5,0.3,7200,2797500,"B"
"TCB","13:19:54",33.5,0.3,7200,2790300,"B"
"TCB","13:19:48",33.5,0.3,7200,2783100,"B"
"TCB","13:19:47",33.55,0.35,200,2775900,"S"
"TCB","13:19:34",33.5,0.3,10000,2775700,"B"
"TCB","13:19:33",33.5,0.3,100,2765700,"B"
"TCB","13:18:01",33.55,0.35,500,2765600,"S"
"TCB","13:17:41",33.55,0.35,500,2765100,"S"
"TCB","13:17:35",33.55,0.35,1000,2764600,"S"
"TCB","13:17:26",33.55,0.35,1000,2763600,"S"
"TCB","13:17:14",33.55,0.35,200,2762600,"S"
"TCB","13:16:51",33.5,0.3,1000,2762400,"B"
"TCB","13:16:48",33.55,0.35,16800,2761400,"B"
"TCB","13:16:44",33.55,0.35,200,2744600,"B"
"TCB","13:16:02",33.55,0.35,100,2744400,"B"
"TCB","13:15:17",33.55,0.35,3800,2744300,"B"
"TCB","13:15:03",33.55,0.35,100,2740500,"B"
"TCB","13:14:52",33.55,0.35,800,2740400,"B"
"TCB","13:14:25",33.55,0.35,500,2739600,"B"
"TCB","13:14:13",33.55,0.35,200,2739100,"B"
"TCB","13:14:02",33.55,0.35,1700,2738900,"S"
"TCB","13:13:41",33.55,0.35,200,2737200,"S"
"TCB","13:13:39",33.5,0.3,1000,2737000,"B"
"TCB","13:13:35",33.5,0.3,5000,2736000,"B"
"TCB","13:13:26",33.55,0.35,1000,2731000,"S"
"TCB","13:13:22",33.5,0.3,100,2730000,"B"
"TCB","13:13:03",33.5,0.3,4000,2729900,"B"
"TCB","13:12:47",33.55,0.35,3300,2725900,"B"
"TCB","13:12:41",33.55,0.35,200,2722600,"B"
"TCB","13:12:37",33.55,0.35,500,2722400,"B"
"TCB","13:12:32",33.55,0.35,300,2721900,"B"
"TCB","13:12:18",33.55,0.35,1300,2721600,"B"
"TCB","13:12:03",33.55,0.35,100,2720300,"B"
"TCB","13:11:49",33.55,0.35,1500,2720200,"B"
"TCB","13:11:47",33.55,0.35,500,2718700,"B"
"TCB","13:11:31",33.55,0.35,6000,2718200,"B"
"TCB","13:11:25",33.55,0.35,20000,2712200,"B"
"TCB","13:11:16",33.6,0.4,300,2692200,"S"
"TCB","13:11:04",33.55,0.35,10000,2691900,"B"
"TCB","13:10:52",33.55,0.35,100,2681900,"B"
"TCB","13:10:49",33.55,0.35,100,2681800,"B"
"TCB","13:10:45",33.55,0.35,100,2681700,"B"
"TCB","13:10:21",33.55,0.35,15000,2681600,"B"
"TCB","13:10:05",33.55,0.35,15000,2666600,"B"
"TCB","13:09:15",33.6,0.4,1200,2651600,"S"
"TCB","13:08:37",33.6,0.4,100,2650400,"S"
"TCB","13:08:24",33.55,0.35,1000,2650300,"B"
"TCB","13:08:21",33.55,0.35,5000,2649300,"B"
"TCB","13:08:02",33.55,0.35,100,2644300,"B"
"TCB","13:07:54",33.55,0.35,200,2644200,"B"
"TCB","13:07:40",33.55,0.35,3000,2644000,"B"
"TCB","13:07:35",33.6,0.4,200,2641000,"S"
"TCB","13:07:32",33.6,0.4,1800,2640800,"S"
"TCB","13:07:26",33.55,0.35,400,2639000,"B"
"TCB","13:07:15",33.6,0.4,1800,2636800,"S"
"TCB","13:07:08",33.55,0.35,8100,2635000,"S"
"TCB","13:07:07",33.55,0.35,5000,2626900,"S"
"TCB","13:07:03",33.55,0.35,1800,2621900,"S"
"TCB","13:07:00",33.55,0.35,1800,2620100,"S"
"TCB","13:06:55",33.55,0.35,1800,2618300,"S"
"TCB","13:06:50",33.55,0.35,1800,2616500,"S"
"TCB","13:06:43",33.55,0.35,1800,2614700,"S"
"TCB","13:06:39",33.55,0.35,5000,2612900,"S"
"TCB","13:06:38",33.55,0.35,1800,2607900,"S"
"TCB","13:06:35",33.55,0.35,100,2606100,"S"
"TCB","13:06:33",33.55,0.35,1800,2606000,"S"
"TCB","13:06:28",33.5,0.3,10000,2604200,"B"
"TCB","13:06:26",33.55,0.35,1800,2594200,"S"
"TCB","13:06:21",33.55,0.35,1800,2592400,"S"
"TCB","13:06:20",33.5,0.3,1000,2590600,"B"
"TCB","13:06:19",33.5,0.3,10000,2589600,"B"
"TCB","13:06:17",33.55,0.35,1800,2579600,"S"
"TCB","13:06:11",33.55,0.35,1800,2577800,"S"
"TCB","13:06:10",33.55,0.35,500,2576000,"S"
"TCB","13:06:07",33.55,0.35,1800,2575500,"S"
"TCB","13:06:01",33.55,0.35,1800,2573700,"S"
"TCB","13:05:56",33.55,0.35,1800,2571900,"S"
"TCB","13:05:53",33.55,0.35,100,2570100,"S"
"TCB","13:05:52",33.5,0.3,200,2570000,"B"
"TCB","13:05:48",33.55,0.35,1800,2569800,"S"
"TCB","13:05:43",33.55,0.35,1800,2568000,"S"
"TCB","13:05:37",33.55,0.35,1800,2566200,"S"
"TCB","13:05:33",33.55,0.35,1800,2564400,"S"
"TCB","13:05:31",33.55,0.35,100,2562600,"S"
"TCB","13:05:28",33.55,0.35,1800,2562500,"S"
"TCB","13:05:28",33.5,0.3,20500,2560700,"B"
"TCB","13:05:20",33.55,0.35,1800,2540200,"S"
"TCB","13:05:19",33.5,0.3,1000,2538400,"B"
"TCB","13:05:05",33.55,0.35,300,2537400,"S"
"TCB","13:05:03",33.5,0.3,100,2537100,"B"
"TCB","13:04:30",33.55,0.35,3000,2537000,"S"
"TCB","13:04:23",33.55,0.35,1000,2534000,"S"
"TCB","13:04:16",33.55,0.35,1100,2533000,"B"
"TCB","13:04:15",33.6,0.4,400,2531900,"S"
"TCB","13:04:13",33.6,0.4,11400,2531500,"S"
"TCB","13:04:12",33.55,0.35,4000,2520100,"B"
"TCB","13:04:11",33.6,0.4,1800,2516100,"S"
"TCB","13:04:06",33.55,0.35,500,2514300,"B"
"TCB","13:04:03",33.55,0.35,5000,2513800,"B"
"TCB","13:03:56",33.55,0.35,100,2508800,"B"
"TCB","13:03:47",33.55,0.35,900,2508700,"B"
"TCB","13:03:41",33.55,0.35,500,2507800,"B"
"TCB","13:03:27",33.55,0.35,30000,2507300,"B"
"TCB","13:03:01",33.55,0.35,11000,2477300,"B"
"TCB","13:02:46",33.55,0.35,5000,2466300,"B"
"TCB","13:02:41",33.55,0.35,15000,2461300,"B"
"TCB","13:02:27",33.6,0.4,1800,2446300,"S"
"TCB","13:02:23",33.6,0.4,1800,2444500,"S"
"TCB","13:02:21",33.55,0.35,5000,2442700,"B"
"TCB","13:02:18",33.6,0.4,1800,2437700,"S"
"TCB","13:02:16",33.6,0.4,5400,2435900,"S"
"TCB","13:02:14",33.6,0.4,1800,2430500,"S"
"TCB","13:02:13",33.55,0.35,15000,2428700,"B"
"TCB","13:02:07",33.6,0.4,1800,2413700,"S"
"TCB","13:02:01",33.6,0.4,1800,2411900,"S"
"TCB","13:01:56",33.6,0.4,1800,2410100,"S"
"TCB","13:01:52",33.6,0.4,1800,2408300,"S"
"TCB","13:01:45",33.6,0.4,1800,2406500,"S"
"TCB","13:01:41",33.6,0.4,1800,2404700,"S"
"TCB","13:01:34",33.6,0.4,1800,2402900,"S"
"TCB","13:01:29",33.6,0.4,1800,2401100,"S"
"TCB","13:01:25",33.6,0.4,100,2399300,"S"
"TCB","13:01:23",33.6,0.4,1800,2399200,"S"
"TCB","13:01:19",33.6,0.4,1800,2397400,"S"
"TCB","13:01:13",33.6,0.4,1800,2395600,"S"
"TCB","13:01:09",33.55,0.35,1400,2393800,"B"
"TCB","13:01:06",33.6,0.4,1800,2392400,"S"
"TCB","13:00:51",33.55,0.35,600,2390600,"B"
"TCB","13:00:41",33.55,0.35,20000,2390000,"B"
"TCB","13:00:25",33.55,0.35,1000,2370000,"B"
"TCB","13:00:23",33.6,0.4,800,2369000,"S"
"TCB","13:00:19",33.6,0.4,500,2368200,"S"
"TCB","13:00:10",33.55,0.35,300,2367700,"B"
"TCB","13:00:06",33.55,0.35,1800,2367400,"B"
"TCB","13:00:05",33.6,0.4,100,2365600,"S"
"TCB","13:00:04",33.6,0.4,300,2365500,"S"
"TCB","13:00:03",33.6,0.4,300,2365200,"S"
"TCB","13:00:01",33.55,0.35,700,2364900,"B"
"TCB","13:00:01",33.6,0.4,100,2364200,"S"
"TCB","13:00:00",33.6,0.4,700,2364100,"S"
"TCB","11:29:58",33.6,0.4,300,2363400,"S"
"TCB","11:29:11",33.6,0.4,300,2363100,"S"
"TCB","11:29:03",33.6,0.4,1000,2362800,"S"
"TCB","11:28:46",33.6,0.4,30000,2361800,"S"
"TCB","11:28:12",33.55,0.35,900,2331800,"B"
"TCB","11:27:38",33.6,0.4,500,2330900,"S"
"TCB","11:26:46",33.55,0.35,100,2330400,"B"
"TCB","11:26:37",33.55,0.35,200,2330300,"B"
"TCB","11:26:00",33.55,0.35,200,2330100,"B"
"TCB","11:25:15",33.55,0.35,900,2329900,"B"
"TCB","11:25:11",33.6,0.4,100,2329000,"S"
"TCB","11:25:07",33.6,0.4,200,2328900,"S"
"TCB","11:24:39",33.6,0.4,100,2328700,"S"
"TCB","11:23:48",33.6,0.4,100,2328600,"S"
"TCB","11:22:12",33.55,0.35,2000,2310800,"B"
"TCB","11:21:47",33.55,0.35,200,2308800,"B"
"TCB","11:21:13",33.6,0.4,500,2308600,"B"
"TCB","11:21:02",33.6,0.4,30000,2308100,"B"
"TCB","11:20:41",33.6,0.4,200,2278100,"B"
"TCB","11:20:36",33.6,0.4,500,2277900,"B"
"TCB","11:20:35",33.6,0.4,10000,2277400,"B"
"TCB","11:20:27",33.6,0.4,600,2267400,"B"
"TCB","11:19:47",33.6,0.4,2000,2266800,"B"
"TCB","11:19:41",33.6,0.4,400,2264800,"B"
"TCB","11:19:41",33.6,0.4,1700,2264400,"B"
"TCB","11:19:23",33.6,0.4,1000,2262700,"B"
"TCB","11:18:59",33.6,0.4,1900,2261700,"B"
"TCB","11:18:51",33.6,0.4,100,2259800,"B"
"TCB","11:18:35",33.6,0.4,10000,2259700,"B"
"TCB","11:18:34",33.6,0.4,300,2249700,"B"
"TCB","11:17:56",33.6,0.4,1000,2249400,"B"
"TCB","11:17:46",33.65,0.45,200,2248400,"S"
"TCB","11:17:06",33.6,0.4,1000,2248200,"B"
"TCB","11:16:49",33.6,0.4,20000,2247200,"B"
"TCB","11:16:33",33.6,0.4,1200,2227200,"B"
"TCB","11:16:18",33.6,0.4,20500,2226000,"S"
"TCB","11:16:03",33.6,0.4,400,2205500,"S"
"TCB","11:15:52",33.6,0.4,5000,2205100,"S"
"TCB","11:15:46",33.55,0.35,200,2200100,"B"
"TCB","11:15:26",33.55,0.35,100,2199900,"B"
"TCB","11:15:06",33.6,0.4,1500,2199800,"S"
"TCB","11:14:39",33.6,0.4,1500,2198300,"S"
"TCB","11:14:27",33.55,0.35,300,2196800,"B"
"TCB","11:14:04",33.55,0.35,2500,2196500,"B"
"TCB","11:13:57",33.55,0.35,14900,2194000,"S"
"TCB","11:13:57",33.55,0.35,1500,2179100,"S"
"TCB","11:13:42",33.55,0.35,1500,2177600,"S"
"TCB","11:13:40",33.55,0.35,2200,2176100,"S"
"TCB","11:13:29",33.5,0.3,1500,2173900,"B"
"TCB","11:13:25",33.55,0.35,2200,2172400,"S"
"TCB","11:13:14",33.5,0.3,1800,2170200,"S"
"TCB","11:12:49",33.5,0.3,200,2168400,"S"
"TCB","11:12:46",33.5,0.3,1200,2168200,"S"
"TCB","11:12:43",33.5,0.3,5000,2167000,"S"
"TCB","11:12:42",33.45,0.25,10000,2162000,"B"
"TCB","11:12:40",33.5,0.3,1000,2152000,"S"
"TCB","11:12:32",33.45,0.25,300,2151000,"B"
"TCB","11:12:19",33.5,0.3,5000,2150700,"S"
"TCB","11:12:14",33.5,0.3,100,2145700,"S"
"TCB","11:11:20",33.5,0.3,200,2145600,"S"
"TCB","11:10:19",33.5,0.3,400,2145400,"B"
"TCB","11:10:16",33.5,0.3,30000,2145000,"B"
"TCB","11:09:35",33.5,0.3,100,2115000,"B"
"TCB","11:09:01",33.55,0.35,3300,2114900,"S"
"TCB","11:08:45",33.55,0.35,2200,2111600,"S"
"TCB","11:08:31",33.55,0.35,17800,2109400,"B"
"TCB","11:08:23",33.55,0.35,500,2091600,"B"
"TCB","11:08:08",33.55,0.35,7200,2091100,"B"
"TCB","11:08:07",33.55,0.35,24700,2083900,"S"
"TCB","11:08:03",33.5,0.3,200,2059200,"B"
"TCB","11:07:59",33.5,0.3,1000,2059000,"B"
"TCB","11:07:56",33.55,0.35,6000,2058000,"S"
"TCB","11:07:56",33.5,0.3,600,2052000,"S"
"TCB","11:07:51",33.5,0.3,400,2051400,"B"
"TCB","11:07:48",33.5,0.3,7200,2051000,"B"
"TCB","11:07:42",33.5,0.3,7200,2043800,"B"
"TCB","11:07:28",33.5,0.3,200,2036600,"B"
"TCB","11:07:14",33.5,0.3,100,2036400,"B"
"TCB","11:06:16",33.55,0.35,300,2036300,"B"
"TCB","11:05:52",33.55,0.35,7300,2036000,"B"
"TCB","11:05:49",33.55,0.35,200,2028700,"B"
"TCB","11:05:27",33.55,0.35,100,2028500,"B"
"TCB","11:04:52",33.6,0.4,200,2028400,"S"
"TCB","11:04:33",33.6,0.4,2600,2028200,"B"
"TCB","11:02:50",33.6,0.4,100,2025600,"B"
"TCB","11:02:24",33.6,0.4,1100,2025500,"B"
"TCB","11:02:22",33.6,0.4,1200,2024400,"S"
"TCB","11:02:15",33.6,0.4,800,2023200,"B"
"TCB","11:02:13",33.6,0.4,800,2022400,"B"
"TCB","11:02:12",33.6,0.4,200,2021600,"B"
"TCB","11:02:11",33.6,0.4,2000,2021400,"B"
"TCB","11:02:02",33.6,0.4,300,2019400,"B"
"TCB","11:02:00",33.65,0.45,2200,2019100,"S"
"TCB","11:01:19",33.6,0.4,200,2016900,"B"
"TCB","11:01:00",33.6,0.4,100,2016700,"B"
"TCB","11:00:50",33.55,0.35,2000,2016600,"S"
"TCB","10:59:46",33.65,0.45,4800,2014600,"S"
"TCB","10:59:46",33.6,0.4,16500,2009800,"S"
"TCB","10:59:46",33.55,0.35,3700,1993300,"S"
"TCB","10:59:42",33.55,0.35,5000,1989600,"S"
"TCB","10:59:36",33.55,0.35,2000,1984600,"S"
"TCB","10:59:27",33.55,0.35,2000,1982600,"S"
"TCB","10:59:25",33.55,0.35,5000,1980600,"S"
"TCB","10:59:18",33.55,0.35,2000,1975600,"S"
"TCB","10:59:12",33.5,0.3,100,1973600,"S"
"TCB","10:59:11",33.5,0.3,2000,1973500,"S"
"TCB","10:59:10",33.5,0.3,5000,1971500,"S"
"TCB","10:59:03",33.5,0.3,2000,1966500,"S"
"TCB","10:58:56",33.5,0.3,44900,1964500,"B"
"TCB","10:58:48",33.5,0.3,400,1919600,"B"
"TCB","10:58:47",33.5,0.3,400,1919200,"B"
"TCB","10:58:33",33.5,0.3,800,1918800,"B"
"TCB","10:57:22",33.55,0.35,800,1918000,"S"
"TCB","10:57:19",33.55,0.35,700,1917200,"B"
"TCB","10:57:18",33.55,0.35,100,1916500,"S"
"TCB","10:57:10",33.55,0.35,900,1916400,"B"
"TCB","10:56:36",33.55,0.35,300,1915500,"B"
"TCB","10:56:34",33.55,0.35,15900,1915200,"B"
"TCB","10:56:33",33.55,0.35,19400,1899300,"B"
"TCB","10:56:16",33.55,0.35,200,1879900,"B"
"TCB","10:56:06",33.55,0.35,300,1879700,"B"
"TCB","10:56:01",33.55,0.35,1000,1879400,"B"
"TCB","10:55:19",33.55,0.35,900,1878400,"B"
"TCB","10:55:10",33.55,0.35,2000,1877500,"B"
"TCB","10:55:07",33.55,0.35,32000,1875500,"B"
"TCB","10:54:13",33.55,0.35,1300,1843500,"B"
"TCB","10:53:39",33.6,0.4,8400,1842200,"B"
"TCB","10:53:38",33.6,0.4,6300,1833800,"B"
"TCB","10:53:34",33.6,0.4,100,1827500,"B"
"TCB","10:53:17",33.6,0.4,1000,1827400,"B"
"TCB","10:53:07",33.6,0.4,600,1826400,"B"
"TCB","10:53:03",33.6,0.4,7200,1825800,"B"
"TCB","10:52:57",33.6,0.4,5000,1818600,"B"
"TCB","10:52:38",33.65,0.45,100,1813600,"S"
"TCB","10:51:52",33.6,0.4,1000,1813500,"B"
"TCB","10:51:47",33.6,0.4,500,1812500,"B"
"TCB","10:51:35",33.6,0.4,2100,1812000,"B"
"TCB","10:51:34",33.6,0.4,400,1809900,"B"
"TCB","10:51:03",33.6,0.4,800,1809500,"B"
"TCB","10:50:49",33.6,0.4,100,1808700,"B"
"TCB","10:50:40",33.65,0.45,100,1808600,"S"
"TCB","10:50:28",33.6,0.4,2000,1808500,"B"
"TCB","10:50:28",33.6,0.4,2000,1806500,"B"
"TCB","10:49:15",33.65,0.45,6200,1804500,"S"
"TCB","10:48:50",33.6,0.4,400,1798300,"B"
"TCB","10:48:29",33.6,0.4,2400,1797900,"B"
"TCB","10:48:17",33.65,0.45,200,1795500,"S"
"TCB","10:47:57",33.6,0.4,500,1795300,"B"
"TCB","10:47:56",33.6,0.4,200,1794800,"B"
"TCB","10:47:46",33.6,0.4,6100,1794600,"B"
"TCB","10:47:44",33.6,0.4,2000,1788500,"B"
"TCB","10:47:18",33.6,0.4,39000,1786500,"B"
"TCB","10:46:59",33.6,0.4,1600,1747500,"B"
"TCB","10:46:32",33.6,0.4,1000,1745900,"B"
"TCB","10:45:29",33.65,0.45,200,1744900,"B"
"TCB","10:45:23",33.65,0.45,300,1744700,"B"
"TCB","10:45:16",33.65,0.45,1500,1744400,"B"
"TCB","10:45:10",33.65,0.45,100,1742900,"B"
"TCB","10:45:06",33.65,0.45,500,1742800,"B"
"TCB","10:43:56",33.65,0.45,10000,1742300,"B"
"TCB","10:43:03",33.65,0.45,100,1732300,"B"
"TCB","10:42:24",33.65,0.45,200,1732200,"B"
"TCB","10:42:20",33.65,0.45,1000,1732000,"B"
"TCB","10:42:19",33.65,0.45,1000,1731000,"B"
"TCB","10:42:02",33.65,0.45,6100,1730000,"B"
"TCB","10:41:48",33.65,0.45,12000,1723900,"B"
"TCB","10:41:37",33.65,0.45,50000,1711900,"B"
"TCB","10:41:18",33.7,0.5,100,1661900,"S"
"TCB","10:41:06",33.65,0.45,200,1661800,"B"
"TCB","10:39:55",33.65,0.45,300,1661600,"B"
"TCB","10:39:50",33.65,0.45,500,1661300,"B"
"TCB","10:39:26",33.65,0.45,1000,1660800,"B"
"TCB","10:39:16",33.65,0.45,1000,1659800,"B"
"TCB","10:39:14",33.7,0.5,300,1658800,"S"
"TCB","10:39:05",33.7,0.5,1700,1658500,"S"
"TCB","10:38:59",33.65,0.45,3400,1656800,"B"
"TCB","10:38:40",33.65,0.45,200,1653400,"B"
"TCB","10:38:00",33.7,0.5,200,1653200,"S"
"TCB","10:37:51",33.65,0.45,3000,1653000,"B"
"TCB","10:37:50",33.7,0.5,300,1650000,"S"
"TCB","10:37:18",33.7,0.5,200,1649700,"S"
"TCB","10:37:11",33.7,0.5,3000,1649500,"S"
"TCB","10:36:45",33.7,0.5,22100,1646500,"B"
"TCB","10:36:34",33.7,0.5,5000,1624400,"B"
"TCB","10:36:25",33.7,0.5,300,1619400,"B"
"TCB","10:36:18",33.75,0.55,5400,1619100,"S"
"TCB","10:36:08",33.7,0.5,200,1613700,"B"
"TCB","10:35:39",33.7,0.5,1000,1613500,"B"
"TCB","10:35:36",33.75,0.55,2000,1612500,"S"
"TCB","10:35:26",33.7,0.5,100,1610500,"B"
"TCB","10:35:15",33.7,0.5,100,1610400,"B"
"TCB","10:34:46",33.7,0.5,100,1610300,"B"
"TCB","10:34:45",33.7,0.5,300,1610200,"B"
"TCB","10:34:36",33.7,0.5,10000,1609900,"B"
"TCB","10:34:31",33.7,0.5,400,1599900,"B"
"TCB","10:33:38",33.7,0.5,500,1599500,"B"
"TCB","10:33:27",33.75,0.55,1900,1599000,"B"
"TCB","10:33:01",33.75,0.55,10000,1597100,"B"
"TCB","10:32:47",33.8,0.6,200,1587100,"S"
"TCB","10:32:38",33.75,0.55,400,1586900,"B"
"TCB","10:32:34",33.75,0.55,100,1586500,"B"
"TCB","10:32:21",33.8,0.6,100,1586400,"S"
"TCB","10:32:14",33.75,0.55,300,1586300,"B"
"TCB","10:32:07",33.75,0.55,1600,1586000,"B"
"TCB","10:32:01",33.75,0.55,6000,1584400,"B"
"TCB","10:31:55",33.75,0.55,20000,1578400,"B"
"TCB","10:31:54",33.75,0.55,100,1558400,"B"
"TCB","10:31:47",33.75,0.55,300,1558300,"B"
"TCB","10:31:35",33.75,0.55,5000,1558000,"B"
"TCB","10:31:27",33.75,0.55,1500,1553000,"B"
"TCB","10:31:25",33.75,0.55,400,1551500,"B"
"TCB","10:31:12",33.75,0.55,1500,1551100,"B"
"TCB","10:31:11",33.75,0.55,100,1549600,"B"
"TCB","10:30:43",33.75,0.55,1000,1549500,"B"
"TCB","10:30:32",33.75,0.55,500,1548500,"B"
"TCB","10:30:32",33.75,0.55,300,1548000,"B"
"TCB","10:30:22",33.75,0.55,200,1547700,"B"
"TCB","10:29:37",33.75,0.55,1000,1547500,"B"
"TCB","10:29:24",33.75,0.55,7200,1546500,"B"
"TCB","10:28:52",33.75,0.55,100,1539300,"B"
"TCB","10:28:41",33.75,0.55,7200,1539200,"B"
"TCB","10:28:37",33.75,0.55,1000,1532000,"B"
"TCB","10:28:32",33.75,0.55,500,1531000,"B"
"TCB","10:28:29",33.75,0.55,2000,1530500,"B"
"TCB","10:28:19",33.75,0.55,1000,1528500,"B"
"TCB","10:27:47",33.75,0.55,7200,1527500,"B"
"TCB","10:27:32",33.75,0.55,100,1520300,"B"
"TCB","10:27:18",33.75,0.55,7000,1520200,"B"
"TCB","10:27:13",33.75,0.55,100,1513200,"B"
"TCB","10:27:01",33.75,0.55,1000,1513100,"B"
"TCB","10:26:56",33.75,0.55,7200,1512100,"B"
"TCB","10:26:49",33.75,0.55,20000,1504900,"B"
"TCB","10:26:28",33.8,0.6,4100,1484900,"S"
"TCB","10:25:35",33.8,0.6,500,1480800,"S"
"TCB","10:25:27",33.75,0.55,1000,1480300,"B"
"TCB","10:24:56",33.75,0.55,1000,1479300,"B"
"TCB","10:24:48",33.75,0.55,3000,1478300,"B"
"TCB","10:24:37",33.75,0.55,1500,1475300,"B"
"TCB","10:24:35",33.75,0.55,1900,1473800,"B"
"TCB","10:24:25",33.8,0.6,200,1471900,"S"
"TCB","10:23:33",33.8,0.6,2200,1471700,"S"
"TCB","10:23:04",33.75,0.55,100,1469500,"B"
"TCB","10:23:03",33.75,0.55,300,1469400,"B"
"TCB","10:22:57",33.75,0.55,100,1469100,"B"
"TCB","10:22:19",33.75,0.55,100,1469000,"B"
"TCB","10:22:00",33.8,0.6,11400,1468900,"S"
"TCB","10:21:52",33.8,0.6,300,1457500,"S"
"TCB","10:21:44",33.75,0.55,2000,1457200,"B"
"TCB","10:21:38",33.75,0.55,9200,1455200,"B"
"TCB","10:21:32",33.75,0.55,100,1446000,"B"
"TCB","10:21:28",33.75,0.55,700,1445900,"B"
"TCB","10:20:57",33.75,0.55,200,1445200,"B"
"TCB","10:20:48",33.75,0.55,2000,1445000,"B"
"TCB","10:20:45",33.75,0.55,500,1443000,"B"
"TCB","10:20:40",33.75,0.55,700,1442500,"B"
"TCB","10:20:18",33.75,0.55,100,1441800,"B"
"TCB","10:19:54",33.75,0.55,400,1441700,"B"
"TCB","10:19:47",33.75,0.55,1000,1441300,"B"
"TCB","10:19:22",33.75,0.55,6000,1440300,"B"
"TCB","10:18:52",33.75,0.55,100,1434300,"B"
"TCB","10:18:40",33.75,0.55,7200,1434200,"B"
"TCB","10:18:24",33.75,0.55,1000,1427000,"B"
"TCB","10:18:16",33.75,0.55,7200,1426000,"B"
"TCB","10:18:07",33.75,0.55,600,1418800,"B"
"TCB","10:16:35",33.8,0.6,7200,1418200,"S"
"TCB","10:16:27",33.8,0.6,7200,1411000,"S"
"TCB","10:16:14",33.8,0.6,6000,1403800,"S"
"TCB","10:16:14",33.75,0.55,1200,1397800,"S"
"TCB","10:16:04",33.8,0.6,3700,1396600,"S"
"TCB","10:16:04",33.75,0.55,3500,1392900,"S"
"TCB","10:15:54",33.7,0.5,500,1389400,"B"
"TCB","10:15:41",33.75,0.55,7200,1388900,"S"
"TCB","10:15:37",33.7,0.5,500,1381700,"B"
"TCB","10:15:22",33.75,0.55,900,1381200,"S"
"TCB","10:14:45",33.7,0.5,2000,1380300,"B"
"TCB","10:14:45",33.75,0.55,200,1378300,"B"
"TCB","10:14:40",33.75,0.55,100,1378100,"B"
"TCB","10:14:37",33.75,0.55,300,1378000,"B"
"TCB","10:14:11",33.7,0.5,2000,1377700,"B"
"TCB","10:14:08",33.8,0.6,4300,1375700,"S"
"TCB","10:14:08",33.75,0.55,3300,1371400,"B"
"TCB","10:14:05",33.75,0.55,18100,1368100,"S"
"TCB","10:13:59",33.75,0.55,100,1350000,"S"
"TCB","10:13:49",33.75,0.55,5700,1349900,"S"
"TCB","10:13:18",33.75,0.55,5700,1344200,"S"
"TCB","10:12:22",33.7,0.5,400,1338500,"B"
"TCB","10:12:15",33.7,0.5,2000,1338100,"B"
"TCB","10:11:31",33.7,0.5,6000,1336100,"B"
"TCB","10:11:17",33.7,0.5,100,1330100,"B"
"TCB","10:11:12",33.7,0.5,5300,1330000,"S"
"TCB","10:11:04",33.7,0.5,64700,1324700,"B"
"TCB","10:10:29",33.75,0.55,2000,1260000,"S"
"TCB","10:10:24",33.75,0.55,300,1258000,"S"
"TCB","10:10:21",33.75,0.55,1600,1257700,"B"
"TCB","10:10:13",33.75,0.55,1100,1256100,"B"
"TCB","10:09:43",33.75,0.55,9300,1255000,"S"
"TCB","10:09:25",33.75,0.55,10000,1245700,"S"
"TCB","10:09:11",33.75,0.55,2000,1235700,"S"
"TCB","10:09:03",33.75,0.55,5200,1233700,"S"
"TCB","10:08:56",33.75,0.55,5000,1228500,"S"
"TCB","10:08:52",33.75,0.55,100,1223500,"S"
"TCB","10:08:46",33.75,0.55,5000,1223400,"S"
"TCB","10:08:36",33.75,0.55,1200,1218400,"S"
"TCB","10:08:21",33.75,0.55,200,1217200,"S"
"TCB","10:08:11",33.75,0.55,23900,1217000,"B"
"TCB","10:07:44",33.75,0.55,1800,1193100,"B"
"TCB","10:07:40",33.75,0.55,10000,1191300,"B"
"TCB","10:07:39",33.75,0.55,1000,1181300,"B"
"TCB","10:07:36",33.8,0.6,3000,1180300,"S"
"TCB","10:07:34",33.8,0.6,100,1177300,"S"
"TCB","10:07:09",33.8,0.6,400,1177200,"S"
"TCB","10:07:06",33.8,0.6,10000,1176800,"S"
"TCB","10:07:01",33.8,0.6,500,1166800,"S"
"TCB","10:06:52",33.75,0.55,100,1166300,"B"
"TCB","10:06:22",33.8,0.6,100,1166200,"S"
"TCB","10:06:16",33.8,0.6,300,1166100,"S"
"TCB","10:06:09",33.8,0.6,500,1165800,"S"
"TCB","10:05:52",33.8,0.6,1500,1165300,"S"
"TCB","10:05:42",33.8,0.6,1500,1163800,"S"
"TCB","10:05:42",33.75,0.55,100,1162300,"B"
"TCB","10:05:38",33.8,0.6,1000,1162200,"S"
"TCB","10:05:15",33.8,0.6,3500,1161200,"S"
"TCB","10:05:00",33.75,0.55,200,1157700,"B"
"TCB","10:04:51",33.8,0.6,8200,1157500,"S"
"TCB","10:04:49",33.8,0.6,2000,1149300,"S"
"TCB","10:04:25",33.8,0.6,100,1147300,"S"
"TCB","10:04:17",33.8,0.6,2000,1147200,"S"
"TCB","10:04:12",33.8,0.6,1000,1145200,"S"
"TCB","10:04:03",33.8,0.6,4000,1144200,"S"
"TCB","10:03:59",33.8,0.6,8200,1140200,"S"
"TCB","10:03:52",33.8,0.6,100,1132000,"S"
"TCB","10:03:26",33.8,0.6,1000,1131900,"S"
"TCB","10:03:12",33.8,0.6,50000,1130900,"S"
"TCB","10:03:11",33.8,0.6,7000,1080900,"S"
"TCB","10:03:10",33.75,0.55,200,1073900,"B"
"TCB","10:03:05",33.75,0.55,500,1073700,"B"
"TCB","10:03:03",33.8,0.6,8600,1073200,"S"
"TCB","10:02:51",33.8,0.6,5400,1064600,"S"
"TCB","10:02:51",33.8,0.6,64600,1059200,"S"
"TCB","10:02:50",33.8,0.6,100,994600,"S"
"TCB","10:02:43",33.8,0.6,700,994500,"S"
"TCB","10:02:34",33.8,0.6,900,993800,"S"
"TCB","10:02:34",33.8,0.6,2600,992900,"S"
"TCB","10:02:33",33.8,0.6,500,990300,"S"
"TCB","10:02:33",33.8,0.6,2700,989800,"S"
"TCB","10:02:32",33.8,0.6,900,987100,"S"
"TCB","10:02:32",33.8,0.6,3500,986200,"S"
"TCB","10:02:31",33.8,0.6,1000,982700,"S"
"TCB","10:02:31",33.8,0.6,3500,981700,"S"
"TCB","10:02:30",33.8,0.6,900,978200,"S"
"TCB","10:02:30",33.8,0.6,500,977300,"S"
"TCB","10:02:30",33.75,0.55,1200,976800,"B"
"TCB","10:02:18",33.75,0.55,100,975600,"B"
"TCB","10:01:59",33.75,0.55,8600,975500,"S"
"TCB","10:01:49",33.75,0.55,100,966900,"S"
"TCB","10:01:45",33.75,0.55,1100,966800,"S"
"TCB","10:01:45",33.75,0.55,300,965700,"S"
"TCB","10:01:44",33.75,0.55,1700,965400,"S"
"TCB","10:01:44",33.75,0.55,800,963700,"S"
"TCB","10:01:43",33.75,0.55,3000,962900,"S"
"TCB","10:01:42",33.75,0.55,4200,959900,"S"
"TCB","10:01:42",33.75,0.55,700,955700,"S"
"TCB","10:01:41",33.75,0.55,3600,955000,"S"
"TCB","10:01:41",33.75,0.55,500,951400,"S"
"TCB","10:01:37",33.75,0.55,400,950900,"S"
"TCB","10:01:27",33.75,0.55,1000,950500,"S"
"TCB","10:01:26",33.75,0.55,3700,949500,"S"
"TCB","10:01:25",33.75,0.55,5100,945800,"S"
"TCB","10:01:24",33.75,0.55,9700,940700,"S"
"TCB","10:01:23",33.75,0.55,9700,931000,"S"
"TCB","10:01:22",33.75,0.55,10800,921300,"S"
"TCB","10:01:18",33.75,0.55,600,910500,"S"
"TCB","10:00:30",33.7,0.5,500,909900,"B"
"TCB","10:00:20",33.7,0.5,3000,909400,"B"
"TCB","10:00:04",33.75,0.55,700,906400,"S"
"TCB","09:59:30",33.7,0.5,100,905700,"B"
"TCB","09:59:29",33.7,0.5,3100,905600,"S"
"TCB","09:59:28",33.7,0.5,100,902500,"S"
"TCB","09:59:26",33.7,0.5,200,902400,"S"
"TCB","09:59:18",33.7,0.5,7500,902200,"B"
"TCB","09:59:10",33.7,0.5,300,894700,"B"
"TCB","09:59:09",33.7,0.5,500,894400,"B"
"TCB","09:59:08",33.7,0.5,4000,893900,"S"
"TCB","09:59:06",33.7,0.5,19800,889900,"S"
"TCB","09:59:05",33.7,0.5,200,870100,"S"
"TCB","09:59:03",33.7,0.5,3800,869900,"S"
"TCB","09:59:02",33.7,0.5,2000,866100,"S"
"TCB","09:59:01",33.7,0.5,200,864100,"S"
"TCB","09:58:34",33.7,0.5,600,863900,"S"
"TCB","09:58:20",33.7,0.5,3000,863300,"S"
"TCB","09:58:11",33.7,0.5,3000,860300,"S"
"TCB","09:58:11",33.65,0.45,10000,857300,"B"
"TCB","09:58:00",33.65,0.45,500,847300,"B"
"TCB","09:57:48",33.7,0.5,1500,846800,"S"
"TCB","09:57:45",33.7,0.5,200,845300,"S"
"TCB","09:57:40",33.7,0.5,2500,845100,"S"
"TCB","09:57:20",33.7,0.5,3000,842600,"S"
"TCB","09:57:17",33.7,0.5,7200,839600,"B"
"TCB","09:56:55",33.7,0.5,1300,832400,"S"
"TCB","09:56:52",33.7,0.5,40500,831100,"S"
"TCB","09:56:50",33.65,0.45,200,790600,"B"
"TCB","09:56:46",33.65,0.45,300,790400,"B"
"TCB","09:56:28",33.65,0.45,4000,790100,"B"
"TCB","09:56:24",33.65,0.45,100,786100,"B"
"TCB","09:56:17",33.65,0.45,100,786000,"B"
"TCB","09:56:14",33.65,0.45,54800,785900,"S"
"TCB","09:56:10",33.65,0.45,8700,731100,"S"
"TCB","09:55:57",33.65,0.45,1000,722400,"S"
"TCB","09:55:16",33.6,0.4,400,721400,"B"
"TCB","09:55:09",33.6,0.4,200,721000,"B"
"TCB","09:54:29",33.65,0.45,500,720800,"S"
"TCB","09:54:24",33.65,0.45,100,720300,"S"
"TCB","09:53:59",33.65,0.45,100,720200,"S"
"TCB","09:53:57",33.65,0.45,100,720100,"S"
"TCB","09:53:51",33.65,0.45,1000,720000,"S"
"TCB","09:53:42",33.6,0.4,200,719000,"B"
"TCB","09:53:22",33.65,0.45,7200,718800,"S"
"TCB","09:53:15",33.65,0.45,200,711600,"S"
"TCB","09:53:06",33.65,0.45,100,711400,"S"
"TCB","09:52:54",33.65,0.45,5700,711300,"S"
"TCB","09:52:01",33.65,0.45,5700,705600,"S"
"TCB","09:51:44",33.6,0.4,100,699900,"B"
"TCB","09:51:25",33.6,0.4,1000,699800,"B"
"TCB","09:51:18",33.6,0.4,6400,698800,"S"
"TCB","09:50:28",33.6,0.4,100,692400,"S"
"TCB","09:50:20",33.6,0.4,1000,692300,"S"
"TCB","09:50:15",33.6,0.4,500,691300,"S"
"TCB","09:50:14",33.6,0.4,100,690800,"S"
"TCB","09:50:08",33.6,0.4,5000,690700,"B"
"TCB","09:50:05",33.6,0.4,5000,685700,"S"
"TCB","09:50:04",33.65,0.45,2500,680700,"S"
"TCB","09:50:04",33.6,0.4,3200,678200,"S"
"TCB","09:49:50",33.6,0.4,100,675000,"S"
"TCB","09:49:43",33.6,0.4,3500,674900,"B"
"TCB","09:49:41",33.6,0.4,100,671400,"B"
"TCB","09:49:34",33.6,0.4,9100,671300,"B"
"TCB","09:49:11",33.6,0.4,100,662200,"B"
"TCB","09:49:09",33.6,0.4,13800,662100,"B"
"TCB","09:49:05",33.6,0.4,12000,648300,"B"
"TCB","09:49:02",33.65,0.45,5700,636300,"S"
"TCB","09:49:00",33.6,0.4,2300,630600,"B"
"TCB","09:48:58",33.6,0.4,1000,628300,"B"
"TCB","09:48:44",33.6,0.4,100,627300,"B"
"TCB","09:48:21",33.6,0.4,300,627200,"B"
"TCB","09:48:18",33.6,0.4,200,626900,"B"
"TCB","09:48:17",33.6,0.4,1000,626700,"B"
"TCB","09:48:12",33.6,0.4,2000,625700,"B"
"TCB","09:48:08",33.65,0.45,100,623700,"S"
"TCB","09:47:53",33.6,0.4,16500,623600,"B"
"TCB","09:47:51",33.6,0.4,500,607100,"B"
"TCB","09:47:42",33.6,0.4,100,606600,"B"
"TCB","09:47:02",33.6,0.4,5000,606500,"B"
"TCB","09:46:17",33.65,0.45,5700,601500,"S"
"TCB","09:46:12",33.6,0.4,2000,595800,"B"
"TCB","09:45:41",33.65,0.45,500,593800,"S"
"TCB","09:45:35",33.6,0.4,500,593300,"B"
"TCB","09:44:57",33.6,0.4,300,592800,"B"
"TCB","09:44:47",33.6,0.4,2000,592500,"B"
"TCB","09:44:28",33.6,0.4,300,590500,"B"
"TCB","09:43:46",33.65,0.45,5700,590200,"S"
"TCB","09:43:14",33.65,0.45,5700,584500,"S"
"TCB","09:43:10",33.6,0.4,600,578800,"B"
"TCB","09:42:49",33.6,0.4,400,578200,"B"
"TCB","09:42:36",33.6,0.4,1700,577800,"B"
"TCB","09:41:09",33.6,0.4,300,576100,"B"
"TCB","09:41:02",33.65,0.45,11000,575800,"S"
"TCB","09:40:48",33.65,0.45,13000,564800,"S"
"TCB","09:40:08",33.65,0.45,1000,551800,"S"
"TCB","09:40:07",33.65,0.45,2000,550800,"S"
"TCB","09:39:45",33.65,0.45,300,548800,"S"
"TCB","09:39:29",33.6,0.4,3000,548500,"B"
"TCB","09:39:18",33.6,0.4,700,545500,"B"
"TCB","09:38:47",33.6,0.4,2000,544800,"B"
"TCB","09:38:45",33.6,0.4,200,542800,"B"
"TCB","09:38:43",33.65,0.45,1500,542600,"S"
"TCB","09:38:23",33.6,0.4,200,541100,"B"
"TCB","09:37:54",33.6,0.4,100,540900,"B"
"TCB","09:37:29",33.6,0.4,3000,540800,"B"
"TCB","09:37:06",33.6,0.4,1900,537800,"B"
"TCB","09:37:04",33.6,0.4,5300,535900,"S"
"TCB","09:36:42",33.6,0.4,7200,530600,"S"
"TCB","09:36:24",33.6,0.4,6600,523400,"S"
"TCB","09:36:24",33.55,0.35,600,516800,"S"
"TCB","09:36:23",33.5,0.3,1500,516200,"B"
"TCB","09:36:22",33.55,0.35,1800,514700,"S"
"TCB","09:35:53",33.55,0.35,3800,512900,"S"
"TCB","09:35:53",33.5,0.3,3400,509100,"S"
"TCB","09:35:51",33.5,0.3,100,505700,"S"
"TCB","09:35:50",33.5,0.3,100,505600,"S"
"TCB","09:35:50",33.45,0.25,1000,505500,"B"
"TCB","09:35:46",33.5,0.3,6000,504500,"S"
"TCB","09:35:43",33.5,0.3,200,498500,"S"
"TCB","09:35:42",33.5,0.3,100,498300,"S"
"TCB","09:35:37",33.5,0.3,200,498200,"S"
"TCB","09:35:33",33.5,0.3,600,498000,"S"
"TCB","09:35:26",33.5,0.3,1700,497400,"S"
"TCB","09:35:21",33.5,0.3,500,495700,"S"
"TCB","09:35:21",33.5,0.3,7200,495200,"S"
"TCB","09:35:20",33.5,0.3,5000,488000,"S"
"TCB","09:34:31",33.5,0.3,3500,483000,"S"
"TCB","09:34:28",33.5,0.3,100,479500,"S"
"TCB","09:34:09",33.5,0.3,300,479400,"S"
"TCB","09:34:06",33.5,0.3,1800,479100,"S"
"TCB","09:33:54",33.5,0.3,2800,477300,"B"
"TCB","09:33:50",33.5,0.3,500,474500,"B"
"TCB","09:33:40",33.5,0.3,1000,474000,"B"
"TCB","09:33:36",33.5,0.3,1000,473000,"B"
"TCB","09:33:25",33.5,0.3,20000,472000,"B"
"TCB","09:33:19",33.6,0.4,1800,452000,"S"
"TCB","09:33:18",33.6,0.4,3800,450200,"S"
"TCB","09:33:17",33.6,0.4,40400,446400,"B"
"TCB","09:33:08",33.6,0.4,5000,406000,"B"
"TCB","09:33:07",33.6,0.4,300,401000,"B"
"TCB","09:32:58",33.6,0.4,3500,400700,"B"
"TCB","09:32:48",33.6,0.4,1200,397200,"B"
"TCB","09:32:46",33.6,0.4,5000,396000,"B"
"TCB","09:32:36",33.6,0.4,100,391000,"B"
"TCB","09:32:34",33.6,0.4,100,390900,"B"
"TCB","09:32:24",33.6,0.4,1000,390800,"B"
"TCB","09:32:17",33.6,0.4,3200,389800,"B"
"TCB","09:31:27",33.65,0.45,10200,386600,"B"
"TCB","09:31:25",33.65,0.45,500,376400,"B"
"TCB","09:31:16",33.65,0.45,800,375900,"S"
"TCB","09:31:14",33.65,0.45,200,375100,"B"
"TCB","09:31:08",33.7,0.5,1600,374900,"S"
"TCB","09:31:07",33.65,0.45,300,373300,"B"
"TCB","09:31:02",33.65,0.45,5000,373000,"B"
"TCB","09:30:49",33.7,0.5,3800,368000,"S"
"TCB","09:30:31",33.7,0.5,1800,364200,"S"
"TCB","09:30:27",33.65,0.45,2000,362400,"B"
"TCB","09:30:23",33.75,0.55,600,360400,"S"
"TCB","09:30:23",33.7,0.5,3200,359800,"S"
"TCB","09:30:20",33.7,0.5,100,356600,"S"
"TCB","09:30:16",33.7,0.5,1700,356500,"B"
"TCB","09:30:07",33.7,0.5,700,354800,"B"
"TCB","09:30:02",33.7,0.5,500,354100,"B"
"TCB","09:30:01",33.7,0.5,2000,353600,"B"
"TCB","09:29:54",33.7,0.5,1000,351600,"B"
"TCB","09:29:53",33.7,0.5,1000,350600,"B"
"TCB","09:29:52",33.75,0.55,3800,349600,"S"
"TCB","09:29:43",33.7,0.5,500,345800,"B"
"TCB","09:29:39",33.7,0.5,17700,345300,"B"
"TCB","09:29:36",33.7,0.5,300,327600,"B"
"TCB","09:29:35",33.7,0.5,1000,327300,"B"
"TCB","09:28:57",33.75,0.55,4200,326300,"S"
"TCB","09:28:56",33.7,0.5,1000,322100,"B"
"TCB","09:28:54",33.7,0.5,100,321100,"B"
"TCB","09:28:47",33.7,0.5,200,321000,"B"
"TCB","09:28:47",33.75,0.55,5000,320800,"S"
"TCB","09:28:45",33.75,0.55,1500,315800,"S"
"TCB","09:28:35",33.7,0.5,2000,314300,"B"
"TCB","09:28:34",33.7,0.5,100,312300,"B"
"TCB","09:28:30",33.7,0.5,5100,312200,"B"
"TCB","09:28:22",33.7,0.5,100,307100,"B"
"TCB","09:28:21",33.7,0.5,400,307000,"B"
"TCB","09:28:19",33.7,0.5,1000,306600,"B"
"TCB","09:28:16",33.7,0.5,2000,305600,"B"
"TCB","09:28:05",33.7,0.5,300,303600,"B"
"TCB","09:28:02",33.7,0.5,2000,303300,"B"
"TCB","09:27:37",33.8,0.6,600,301300,"S"
"TCB","09:27:37",33.75,0.55,3200,300700,"S"
"TCB","09:27:20",33.75,0.55,300,297500,"B"
"TCB","09:27:19",33.8,0.6,1000,297200,"S"
"TCB","09:27:18",33.75,0.55,1100,296200,"B"
"TCB","09:27:12",33.75,0.55,10000,295100,"B"
"TCB","09:27:09",33.75,0.55,300,285100,"B"
"TCB","09:27:07",33.75,0.55,5000,284800,"B"
"TCB","09:27:02",33.8,0.6,3900,279800,"S"
"TCB","09:27:00",33.75,0.55,8000,275900,"B"
"TCB","09:26:47",33.8,0.6,3800,267900,"S"
"TCB","09:26:36",33.8,0.6,400,264100,"S"
"TCB","09:26:16",33.8,0.6,3800,263700,"S"
"TCB","09:26:10",33.75,0.55,100,259900,"B"
"TCB","09:25:57",33.75,0.55,1700,259800,"B"
"TCB","09:25:49",33.75,0.55,100,258100,"B"
"TCB","09:25:43",33.75,0.55,500,258000,"B"
"TCB","09:25:38",33.75,0.55,6000,257500,"B"
"TCB","09:25:35",33.8,0.6,1800,251500,"S"
"TCB","09:25:32",33.8,0.6,11400,249700,"S"
"TCB","09:25:31",33.75,0.55,1000,238300,"B"
"TCB","09:25:29",33.8,0.6,1800,237300,"S"
"TCB","09:25:28",33.75,0.55,100,235500,"B"
"TCB","09:25:26",33.75,0.55,200,235400,"B"
"TCB","09:25:26",33.8,0.6,1800,235200,"S"
"TCB","09:25:23",33.75,0.55,3000,233400,"B"
"TCB","09:25:20",33.75,0.55,200,230400,"B"
"TCB","09:25:19",33.75,0.55,31900,230200,"S"
"TCB","09:25:18",33.7,0.5,500,198300,"B"
"TCB","09:25:15",33.75,0.55,3800,197800,"S"
"TCB","09:25:12",33.7,0.5,3500,194000,"B"
"TCB","09:24:51",33.7,0.5,4900,190500,"B"
"TCB","09:24:43",33.75,0.55,5000,185600,"S"
"TCB","09:24:09",33.75,0.55,100,180600,"S"
"TCB","09:24:05",33.7,0.5,100,180500,"B"
"TCB","09:24:00",33.7,0.5,200,180400,"B"
"TCB","09:23:50",33.7,0.5,100,180200,"B"
"TCB","09:23:37",33.7,0.5,100,180100,"B"
"TCB","09:23:31",33.75,0.55,200,180000,"S"
"TCB","09:23:24",33.7,0.5,3000,179800,"B"
"TCB","09:23:22",33.7,0.5,600,176800,"B"
"TCB","09:23:08",33.7,0.5,3000,176200,"B"
"TCB","09:23:06",33.75,0.55,1400,173200,"S"
"TCB","09:23:02",33.7,0.5,300,171800,"B"
"TCB","09:22:57",33.7,0.5,200,171500,"B"
"TCB","09:22:55",33.7,0.5,2600,171300,"S"
"TCB","09:22:49",33.7,0.5,6400,168700,"S"
"TCB","09:22:26",33.7,0.5,1300,162300,"S"
"TCB","09:22:08",33.7,0.5,500,161000,"S"
"TCB","09:21:56",33.7,0.5,200,160500,"S"
"TCB","09:21:51",33.65,0.45,5000,160300,"B"
"TCB","09:21:46",33.65,0.45,7600,155300,"S"
"TCB","09:21:32",33.6,0.4,2000,147700,"B"
"TCB","09:21:29",33.6,0.4,1000,145700,"B"
"TCB","09:21:22",33.6,0.4,100,144700,"B"
"TCB","09:21:20",33.6,0.4,600,144600,"S"
"TCB","09:21:16",33.55,0.35,500,144000,"B"
"TCB","09:21:14",33.6,0.4,500,143500,"S"
"TCB","09:21:02",33.6,0.4,1000,143000,"S"
"TCB","09:21:01",33.6,0.4,600,142000,"B"
"TCB","09:20:58",33.65,0.45,10000,141400,"S"
"TCB","09:20:49",33.6,0.4,1900,131400,"S"
"TCB","09:20:37",33.6,0.4,9100,129500,"B"
"TCB","09:20:24",33.6,0.4,100,120400,"B"
"TCB","09:20:22",33.6,0.4,800,120300,"S"
"TCB","09:20:17",33.6,0.4,15000,119500,"S"
"TCB","09:20:12",33.6,0.4,5000,104500,"S"
"TCB","09:20:06",33.55,0.35,500,99500,"B"
"TCB","09:20:05",33.55,0.35,12600,99000,"S"
"TCB","09:20:05",33.55,0.35,600,86400,"S"
"TCB","09:20:02",33.5,0.3,200,85800,"S"
"TCB","09:20:01",33.5,0.3,1000,85600,"S"
"TCB","09:19:59",33.5,0.3,2800,84600,"S"
"TCB","09:19:54",33.5,0.3,500,81800,"S"
"TCB","09:19:49",33.5,0.3,800,81300,"S"
"TCB","09:19:48",33.5,0.3,2000,80500,"S"
"TCB","09:19:44",33.5,0.3,1000,78500,"S"
"TCB","09:19:22",33.5,0.3,3800,77500,"S"
"TCB","09:19:08",33.45,0.25,300,73700,"B"
"TCB","09:18:55",33.5,0.3,5000,73400,"S"
"TCB","09:18:34",33.4,0.2,4800,68400,"S"
"TCB","09:18:33",33.4,0.2,200,63600,"S"
"TCB","09:18:32",33.4,0.2,100,63400,"S"
"TCB","09:18:27",33.4,0.2,800,63300,"S"
"TCB","09:18:24",33.4,0.2,6000,62500,"S"
"TCB","09:18:23",33.35,0.15,100,56500,"B"
"TCB","09:18:19",33.4,0.2,3800,56400,"S"
"TCB","09:18:14",33.4,0.2,100,52600,"S"
"TCB","09:17:29",33.35,0.15,3000,52500,"B"
"TCB","09:17:07",33.4,0.2,800,49500,"S"
"TCB","09:16:41",33.4,0.2,10400,48700,"B"
"TCB","09:15:02",33.5,0.3,38300,38300,
