"symbol","time","price","change","vol","total","side"
"TCD","14:45:02",7.38,0.38,102300,3430300,
"TCD","14:29:50",7.37,0.37,5000,3328000,"S"
"TCD","14:29:41",7.36,0.36,1000,3323000,"B"
"TCD","14:29:21",7.37,0.37,3000,3322000,"S"
"TCD","14:28:21",7.37,0.37,900,3319000,"S"
"TCD","14:27:57",7.37,0.37,800,3318100,"S"
"TCD","14:27:41",7.36,0.36,1000,3317300,"B"
"TCD","14:27:38",7.37,0.37,3000,3316300,"S"
"TCD","14:27:19",7.36,0.36,100,3313300,"B"
"TCD","14:27:18",7.36,0.36,1000,3313200,"B"
"TCD","14:27:12",7.36,0.36,1000,3312200,"B"
"TCD","14:26:58",7.36,0.36,6200,3311200,"B"
"TCD","14:26:23",7.36,0.36,1000,3305000,"B"
"TCD","14:25:59",7.36,0.36,1000,3304000,"B"
"TCD","14:25:52",7.36,0.36,5700,3303000,"S"
"TCD","14:25:41",7.36,0.36,2900,3297300,"S"
"TCD","14:25:40",7.36,0.36,100,3294400,"S"
"TCD","14:25:39",7.36,0.36,500,3294300,"S"
"TCD","14:25:38",7.36,0.36,700,3293800,"S"
"TCD","14:25:31",7.36,0.36,1000,3293100,"S"
"TCD","14:25:27",7.36,0.36,6600,3292100,"S"
"TCD","14:24:17",7.35,0.35,200,3285500,"B"
"TCD","14:23:12",7.36,0.36,700,3285300,"B"
"TCD","14:22:56",7.36,0.36,1000,3284600,"B"
"TCD","14:22:28",7.36,0.36,300,3283600,"S"
"TCD","14:22:17",7.36,0.36,200,3283300,"S"
"TCD","14:22:11",7.36,0.36,500,3283100,"S"
"TCD","14:22:07",7.36,0.36,1200,3282600,"S"
"TCD","14:21:57",7.36,0.36,100,3281400,"S"
"TCD","14:21:47",7.36,0.36,200,3281300,"S"
"TCD","14:21:21",7.35,0.35,1500,3281100,"B"
"TCD","14:20:57",7.36,0.36,4700,3279600,"S"
"TCD","14:20:54",7.36,0.36,1800,3274900,"S"
"TCD","14:20:48",7.35,0.35,100,3273100,"B"
"TCD","14:20:35",7.35,0.35,300,3273000,"B"
"TCD","14:20:22",7.36,0.36,3500,3272700,"B"
"TCD","14:20:00",7.36,0.36,1500,3269200,"B"
"TCD","14:19:58",7.36,0.36,100,3267700,"B"
"TCD","14:19:53",7.36,0.36,25000,3267600,"B"
"TCD","14:19:34",7.36,0.36,500,3242600,"B"
"TCD","14:18:51",7.36,0.36,5000,3242100,"B"
"TCD","14:18:41",7.37,0.37,5000,3231100,"S"
"TCD","14:18:40",7.37,0.37,4500,3226100,"S"
"TCD","14:18:38",7.37,0.37,4500,3221600,"S"
"TCD","14:18:14",7.36,0.36,500,3217100,"B"
"TCD","14:17:48",7.36,0.36,200,3216600,"B"
"TCD","14:17:34",7.36,0.36,600,3216400,"B"
"TCD","14:17:25",7.36,0.36,600,3215800,"B"
"TCD","14:17:19",7.37,0.37,1000,3215200,"S"
"TCD","14:17:18",7.37,0.37,3000,3214200,"S"
"TCD","14:17:09",7.36,0.36,500,3211200,"B"
"TCD","14:17:06",7.36,0.36,19000,3210700,"B"
"TCD","14:16:46",7.37,0.37,3500,3191700,"B"
"TCD","14:16:28",7.37,0.37,1500,3188200,"S"
"TCD","14:16:10",7.37,0.37,3200,3186700,"S"
"TCD","14:16:09",7.37,0.37,4900,3183500,"S"
"TCD","14:15:30",7.36,0.36,4000,3178600,"B"
"TCD","14:15:28",7.37,0.37,2000,3174600,"S"
"TCD","14:15:23",7.36,0.36,10000,3172600,"B"
"TCD","14:15:13",7.36,0.36,5000,3162600,"B"
"TCD","14:15:02",7.36,0.36,300,3157600,"B"
"TCD","14:14:46",7.36,0.36,1000,3157300,"B"
"TCD","14:14:22",7.36,0.36,5000,3156300,"B"
"TCD","14:14:18",7.37,0.37,300,3151300,"S"
"TCD","14:14:10",7.36,0.36,500,3151000,"B"
"TCD","14:13:58",7.37,0.37,2100,3150500,"S"
"TCD","14:13:58",7.37,0.37,2900,3148400,"S"
"TCD","14:13:51",7.37,0.37,2700,3145500,"S"
"TCD","14:13:27",7.37,0.37,500,3142800,"S"
"TCD","14:13:22",7.37,0.37,1600,3142300,"S"
"TCD","14:12:46",7.36,0.36,1600,3140500,"S"
"TCD","14:12:45",7.36,0.36,3000,3138900,"S"
"TCD","14:12:40",7.36,0.36,5000,3135900,"S"
"TCD","14:12:39",7.36,0.36,10000,3130900,"S"
"TCD","14:12:14",7.35,0.35,9600,3120900,"S"
"TCD","14:12:10",7.35,0.35,1100,3111300,"S"
"TCD","14:11:42",7.35,0.35,9400,3110200,"B"
"TCD","14:11:39",7.35,0.35,10000,3100800,"B"
"TCD","14:11:31",7.35,0.35,1000,3090800,"B"
"TCD","14:11:25",7.35,0.35,10000,3089800,"B"
"TCD","14:10:47",7.36,0.36,41400,3079800,"B"
"TCD","14:10:47",7.36,0.36,5000,3038400,"B"
"TCD","14:10:43",7.36,0.36,53000,3033400,"B"
"TCD","14:10:15",7.37,0.37,2200,2980400,"S"
"TCD","14:10:07",7.37,0.37,100,2978200,"S"
"TCD","14:10:04",7.36,0.36,600,2978100,"B"
"TCD","14:09:49",7.37,0.37,2000,2977500,"S"
"TCD","14:09:47",7.37,0.37,7300,2975500,"B"
"TCD","14:09:34",7.37,0.37,200,2968200,"B"
"TCD","14:09:31",7.37,0.37,1000,2968000,"B"
"TCD","14:09:28",7.37,0.37,1000,2967000,"B"
"TCD","14:09:20",7.37,0.37,30000,2966000,"B"
"TCD","14:08:49",7.37,0.37,10000,2936000,"B"
"TCD","14:08:31",7.37,0.37,3400,2926000,"B"
"TCD","14:08:31",7.38,0.38,6600,2922600,"B"
"TCD","14:08:29",7.38,0.38,200,2916000,"B"
"TCD","14:08:28",7.38,0.38,500,2915800,"B"
"TCD","14:08:17",7.38,0.38,10000,2915300,"B"
"TCD","14:08:01",7.38,0.38,200,2905300,"B"
"TCD","14:07:09",7.38,0.38,200,2905100,"B"
"TCD","14:06:52",7.39,0.39,7900,2904900,"S"
"TCD","14:06:48",7.39,0.39,200,2897000,"S"
"TCD","14:06:37",7.38,0.38,600,2896800,"B"
"TCD","14:06:28",7.39,0.39,7000,2896200,"S"
"TCD","14:06:26",7.38,0.38,100,2889200,"B"
"TCD","14:06:13",7.38,0.38,300,2889100,"B"
"TCD","14:06:10",7.38,0.38,3800,2888800,"S"
"TCD","14:05:47",7.38,0.38,1800,2885000,"S"
"TCD","14:05:12",7.38,0.38,300,2883200,"B"
"TCD","14:04:58",7.38,0.38,200,2882900,"B"
"TCD","14:04:53",7.38,0.38,5000,2882700,"B"
"TCD","14:04:48",7.38,0.38,5000,2877700,"B"
"TCD","14:04:46",7.38,0.38,1000,2872700,"B"
"TCD","14:04:44",7.38,0.38,2000,2871700,"B"
"TCD","14:04:36",7.38,0.38,500,2869700,"B"
"TCD","14:04:35",7.38,0.38,1000,2869200,"B"
"TCD","14:04:28",7.38,0.38,100,2868200,"B"
"TCD","14:04:26",7.38,0.38,500,2868100,"B"
"TCD","14:04:07",7.38,0.38,500,2867600,"B"
"TCD","14:04:02",7.38,0.38,5000,2867100,"B"
"TCD","14:03:48",7.38,0.38,1000,2862100,"B"
"TCD","14:03:13",7.38,0.38,700,2861100,"B"
"TCD","14:03:09",7.38,0.38,2900,2860400,"B"
"TCD","14:02:49",7.38,0.38,4000,2857500,"B"
"TCD","14:02:34",7.38,0.38,100,2853500,"B"
"TCD","14:02:32",7.38,0.38,1000,2853400,"B"
"TCD","14:02:08",7.38,0.38,200,2852400,"B"
"TCD","14:01:59",7.38,0.38,100,2852200,"B"
"TCD","14:01:55",7.38,0.38,1000,2852100,"B"
"TCD","14:01:51",7.38,0.38,8600,2851100,"B"
"TCD","14:01:24",7.38,0.38,500,2842500,"B"
"TCD","14:01:17",7.39,0.39,200,2842000,"S"
"TCD","14:01:15",7.38,0.38,100,2841800,"B"
"TCD","14:01:03",7.38,0.38,1000,2841700,"B"
"TCD","14:00:46",7.38,0.38,200,2840700,"B"
"TCD","14:00:39",7.39,0.39,100,2840500,"S"
"TCD","14:00:28",7.38,0.38,500,2840400,"S"
"TCD","14:00:25",7.38,0.38,600,2839900,"S"
"TCD","13:59:59",7.38,0.38,5100,2839300,"B"
"TCD","13:59:56",7.39,0.39,100,2834200,"S"
"TCD","13:59:54",7.39,0.39,16800,2834100,"S"
"TCD","13:59:54",7.38,0.38,3200,2817300,"S"
"TCD","13:59:52",7.38,0.38,1400,2814100,"S"
"TCD","13:59:47",7.38,0.38,500,2812700,"S"
"TCD","13:59:46",7.38,0.38,100,2812200,"S"
"TCD","13:59:39",7.38,0.38,5000,2812100,"S"
"TCD","13:58:55",7.38,0.38,13600,2807100,"B"
"TCD","13:58:51",7.38,0.38,200,2793500,"B"
"TCD","13:58:47",7.38,0.38,300,2793300,"B"
"TCD","13:58:20",7.39,0.39,1000,2793000,"S"
"TCD","13:58:17",7.38,0.38,1000,2792000,"B"
"TCD","13:58:03",7.38,0.38,100,2791000,"B"
"TCD","13:57:56",7.39,0.39,800,2790900,"S"
"TCD","13:57:42",7.38,0.38,4800,2790100,"S"
"TCD","13:57:41",7.38,0.38,200,2785300,"S"
"TCD","13:57:40",7.38,0.38,9600,2785100,"S"
"TCD","13:57:38",7.38,0.38,1100,2775500,"S"
"TCD","13:57:37",7.38,0.38,5000,2774400,"S"
"TCD","13:57:27",7.38,0.38,5000,2769400,"S"
"TCD","13:57:19",7.37,0.37,7500,2764400,"S"
"TCD","13:57:18",7.37,0.37,10200,2756900,"S"
"TCD","13:57:16",7.37,0.37,4800,2746700,"S"
"TCD","13:57:15",7.37,0.37,15000,2741900,"S"
"TCD","13:57:11",7.37,0.37,6800,2726900,"S"
"TCD","13:57:09",7.36,0.36,100,2720100,"B"
"TCD","13:57:08",7.36,0.36,1500,2720000,"B"
"TCD","13:56:56",7.36,0.36,100,2718500,"B"
"TCD","13:56:44",7.36,0.36,300,2718400,"B"
"TCD","13:56:38",7.36,0.36,1000,2718100,"B"
"TCD","13:56:30",7.36,0.36,100,2717100,"B"
"TCD","13:56:22",7.36,0.36,1700,2717000,"S"
"TCD","13:56:19",7.35,0.35,3300,2715300,"B"
"TCD","13:56:14",7.36,0.36,3400,2712000,"S"
"TCD","13:56:13",7.36,0.36,5000,2708600,"S"
"TCD","13:56:03",7.35,0.35,300,2703600,"B"
"TCD","13:55:55",7.35,0.35,42100,2703300,"S"
"TCD","13:55:54",7.35,0.35,200,2661200,"S"
"TCD","13:55:52",7.35,0.35,3500,2661000,"S"
"TCD","13:55:50",7.35,0.35,3700,2657500,"S"
"TCD","13:55:49",7.35,0.35,5000,2653800,"S"
"TCD","13:55:48",7.35,0.35,3700,2648800,"S"
"TCD","13:55:47",7.35,0.35,45000,2645100,"S"
"TCD","13:55:40",7.35,0.35,3700,2600100,"S"
"TCD","13:55:39",7.35,0.35,3700,2596400,"S"
"TCD","13:55:13",7.35,0.35,5000,2592700,"S"
"TCD","13:54:48",7.34,0.34,100,2587700,"B"
"TCD","13:54:46",7.35,0.35,10000,2587600,"S"
"TCD","13:54:37",7.34,0.34,2900,2577600,"S"
"TCD","13:54:27",7.34,0.34,3700,2574700,"S"
"TCD","13:54:27",7.34,0.34,15000,2571000,"S"
"TCD","13:54:26",7.34,0.34,11100,2556000,"S"
"TCD","13:54:25",7.34,0.34,15000,2544900,"S"
"TCD","13:54:20",7.33,0.33,1000,2529900,"B"
"TCD","13:54:13",7.33,0.33,100,2528900,"B"
"TCD","13:54:05",7.33,0.33,100,2528800,"B"
"TCD","13:53:40",7.33,0.33,900,2528700,"S"
"TCD","13:53:38",7.33,0.33,600,2527800,"B"
"TCD","13:53:09",7.33,0.33,400,2527200,"S"
"TCD","13:52:12",7.33,0.33,6500,2526800,"S"
"TCD","13:51:30",7.33,0.33,1000,2520300,"S"
"TCD","13:50:50",7.33,0.33,1800,2519300,"B"
"TCD","13:50:41",7.33,0.33,5000,2517500,"B"
"TCD","13:50:39",7.33,0.33,2100,2512500,"B"
"TCD","13:50:34",7.33,0.33,200,2510400,"B"
"TCD","13:50:12",7.33,0.33,200,2510200,"B"
"TCD","13:50:10",7.33,0.33,5000,2510000,"B"
"TCD","13:50:00",7.33,0.33,200,2505000,"B"
"TCD","13:49:46",7.33,0.33,1000,2504800,"B"
"TCD","13:49:27",7.33,0.33,200,2503800,"B"
"TCD","13:49:13",7.33,0.33,5000,2503600,"B"
"TCD","13:49:07",7.34,0.34,7500,2498600,"S"
"TCD","13:48:56",7.33,0.33,500,2491100,"B"
"TCD","13:48:56",7.34,0.34,1000,2490600,"S"
"TCD","13:48:53",7.33,0.33,100,2489600,"B"
"TCD","13:48:52",7.33,0.33,1000,2489500,"B"
"TCD","13:48:41",7.33,0.33,500,2488500,"B"
"TCD","13:48:27",7.33,0.33,200,2488000,"B"
"TCD","13:48:21",7.33,0.33,100,2487800,"B"
"TCD","13:48:10",7.33,0.33,6100,2487700,"S"
"TCD","13:48:04",7.33,0.33,2800,2481600,"S"
"TCD","13:48:03",7.33,0.33,30000,2478800,"S"
"TCD","13:47:54",7.33,0.33,3000,2448800,"S"
"TCD","13:47:47",7.32,0.32,100,2445800,"B"
"TCD","13:47:46",7.32,0.32,500,2445700,"B"
"TCD","13:47:04",7.32,0.32,200,2445200,"B"
"TCD","13:46:53",7.32,0.32,300,2445000,"S"
"TCD","13:46:50",7.32,0.32,2000,2444700,"S"
"TCD","13:46:46",7.32,0.32,1000,2442700,"S"
"TCD","13:46:41",7.32,0.32,1000,2441700,"S"
"TCD","13:46:38",7.32,0.32,2700,2440700,"S"
"TCD","13:46:37",7.32,0.32,1000,2438000,"S"
"TCD","13:46:29",7.32,0.32,3800,2437000,"S"
"TCD","13:46:29",7.32,0.32,100,2433200,"S"
"TCD","13:46:23",7.32,0.32,200,2433100,"S"
"TCD","13:46:18",7.32,0.32,100,2432900,"S"
"TCD","13:46:05",7.32,0.32,5000,2432800,"S"
"TCD","13:46:04",7.32,0.32,200,2427800,"S"
"TCD","13:45:44",7.32,0.32,5000,2427600,"S"
"TCD","13:45:43",7.32,0.32,2000,2422600,"S"
"TCD","13:45:33",7.32,0.32,10000,2420600,"S"
"TCD","13:45:09",7.31,0.31,200,2410600,"B"
"TCD","13:44:31",7.31,0.31,1700,2410400,"S"
"TCD","13:44:29",7.31,0.31,200,2408700,"S"
"TCD","13:44:21",7.31,0.31,100,2408500,"S"
"TCD","13:44:06",7.31,0.31,1500,2408400,"S"
"TCD","13:44:06",7.31,0.31,100,2406900,"S"
"TCD","13:44:05",7.31,0.31,2900,2406800,"S"
"TCD","13:43:43",7.31,0.31,5000,2403900,"S"
"TCD","13:43:42",7.31,0.31,20000,2398900,"S"
"TCD","13:43:23",7.31,0.31,5000,2378900,"S"
"TCD","13:42:59",7.3,0.3,1000,2373900,"B"
"TCD","13:41:09",7.3,0.3,6700,2372900,"S"
"TCD","13:41:02",7.3,0.3,100,2366200,"S"
"TCD","13:41:00",7.3,0.3,5000,2366100,"S"
"TCD","13:40:59",7.3,0.3,4600,2361100,"S"
"TCD","13:40:58",7.3,0.3,6000,2356500,"S"
"TCD","13:40:43",7.3,0.3,4600,2350500,"S"
"TCD","13:40:42",7.3,0.3,5000,2345900,"S"
"TCD","13:40:13",7.3,0.3,7000,2340900,"S"
"TCD","13:39:41",7.3,0.3,3000,2333900,"S"
"TCD","13:39:20",7.29,0.29,1000,2330900,"B"
"TCD","13:39:19",7.3,0.3,8000,2329900,"S"
"TCD","13:39:03",7.3,0.3,5000,2321900,"S"
"TCD","13:39:01",7.3,0.3,10000,2316900,"S"
"TCD","13:38:57",7.3,0.3,2000,2306900,"S"
"TCD","13:36:24",7.3,0.3,9000,2304900,"S"
"TCD","13:36:23",7.29,0.29,400,2295900,"B"
"TCD","13:36:18",7.29,0.29,1000,2295500,"B"
"TCD","13:35:28",7.3,0.3,7000,2294500,"S"
"TCD","13:35:10",7.3,0.3,2000,2287500,"S"
"TCD","13:35:08",7.3,0.3,300,2285500,"S"
"TCD","13:34:58",7.3,0.3,5000,2285200,"S"
"TCD","13:34:20",7.3,0.3,100,2280200,"S"
"TCD","13:34:00",7.3,0.3,5000,2280100,"S"
"TCD","13:32:39",7.3,0.3,2000,2275100,"S"
"TCD","13:32:24",7.3,0.3,500,2273100,"S"
"TCD","13:32:16",7.3,0.3,200,2272600,"B"
"TCD","13:31:32",7.3,0.3,1000,2272400,"B"
"TCD","13:31:07",7.3,0.3,100,2271400,"B"
"TCD","13:31:02",7.3,0.3,100,2271300,"B"
"TCD","13:30:40",7.3,0.3,1000,2271200,"B"
"TCD","13:30:30",7.3,0.3,900,2270200,"S"
"TCD","13:30:28",7.3,0.3,900,2269300,"S"
"TCD","13:30:23",7.3,0.3,2000,2268400,"S"
"TCD","13:30:21",7.29,0.29,1000,2266400,"B"
"TCD","13:30:13",7.3,0.3,2700,2265400,"S"
"TCD","13:30:12",7.3,0.3,1500,2262700,"S"
"TCD","13:29:50",7.3,0.3,500,2261200,"S"
"TCD","13:29:44",7.29,0.29,100,2260700,"B"
"TCD","13:29:32",7.3,0.3,400,2260600,"S"
"TCD","13:29:08",7.3,0.3,100,2260200,"S"
"TCD","13:28:40",7.3,0.3,1900,2260100,"S"
"TCD","13:28:39",7.3,0.3,1900,2258200,"S"
"TCD","13:28:38",7.3,0.3,2800,2256300,"S"
"TCD","13:28:19",7.3,0.3,5000,2253500,"S"
"TCD","13:27:51",7.3,0.3,500,2248500,"S"
"TCD","13:27:37",7.29,0.29,200,2248000,"B"
"TCD","13:27:26",7.3,0.3,10000,2247800,"S"
"TCD","13:27:16",7.3,0.3,30300,2237800,"B"
"TCD","13:27:14",7.3,0.3,100,2207500,"B"
"TCD","13:27:08",7.3,0.3,10000,2207400,"B"
"TCD","13:27:05",7.3,0.3,100,2197400,"B"
"TCD","13:26:57",7.3,0.3,3400,2197300,"B"
"TCD","13:26:54",7.3,0.3,500,2193900,"B"
"TCD","13:26:45",7.3,0.3,4000,2193400,"B"
"TCD","13:26:31",7.3,0.3,3000,2189400,"B"
"TCD","13:25:21",7.31,0.31,100,2186400,"S"
"TCD","13:25:18",7.31,0.31,100,2186300,"S"
"TCD","13:25:17",7.31,0.31,1400,2186200,"S"
"TCD","13:25:07",7.31,0.31,7000,2184800,"S"
"TCD","13:25:05",7.31,0.31,100,2177800,"S"
"TCD","13:24:33",7.31,0.31,3400,2177700,"S"
"TCD","13:24:31",7.31,0.31,3400,2174300,"S"
"TCD","13:24:30",7.31,0.31,3400,2170900,"S"
"TCD","13:24:29",7.31,0.31,3400,2167500,"S"
"TCD","13:24:28",7.31,0.31,3400,2164100,"S"
"TCD","13:24:23",7.31,0.31,3400,2160700,"S"
"TCD","13:24:22",7.3,0.3,100,2157300,"B"
"TCD","13:24:10",7.3,0.3,1000,2157200,"B"
"TCD","13:23:54",7.3,0.3,5000,2156200,"B"
"TCD","13:23:43",7.3,0.3,200,2151200,"B"
"TCD","13:23:23",7.3,0.3,10000,2151000,"B"
"TCD","13:22:45",7.29,0.29,3300,2141000,"B"
"TCD","13:22:36",7.29,0.29,900,2137700,"S"
"TCD","13:22:35",7.29,0.29,3000,2136800,"S"
"TCD","13:22:33",7.29,0.29,100,2133800,"S"
"TCD","13:22:15",7.29,0.29,2100,2133700,"S"
"TCD","13:22:14",7.29,0.29,16400,2131600,"B"
"TCD","13:22:12",7.3,0.3,7500,2112700,"S"
"TCD","13:21:58",7.3,0.3,200,2105200,"S"
"TCD","13:21:09",7.3,0.3,2000,2105000,"S"
"TCD","13:20:43",7.3,0.3,100,2103000,"S"
"TCD","13:20:39",7.29,0.29,200,2102900,"B"
"TCD","13:20:28",7.3,0.3,200,2102700,"S"
"TCD","13:20:17",7.3,0.3,200,2102500,"S"
"TCD","13:20:16",7.3,0.3,2800,2102300,"B"
"TCD","13:20:13",7.3,0.3,3000,2099500,"B"
"TCD","13:20:04",7.3,0.3,700,2096500,"B"
"TCD","13:19:34",7.3,0.3,2000,2095800,"B"
"TCD","13:19:27",7.3,0.3,2000,2093800,"B"
"TCD","13:19:11",7.3,0.3,500,2091800,"B"
"TCD","13:19:09",7.31,0.31,10100,2091300,"S"
"TCD","13:19:07",7.31,0.31,3400,2081200,"S"
"TCD","13:19:00",7.29,0.29,100,2077800,"B"
"TCD","13:18:51",7.3,0.3,100,2077700,"B"
"TCD","13:18:49",7.3,0.3,100,2077600,"B"
"TCD","13:18:48",7.3,0.3,2400,2077500,"S"
"TCD","13:18:47",7.3,0.3,50000,2075100,"S"
"TCD","13:17:42",7.3,0.3,200,2025100,"S"
"TCD","13:17:07",7.3,0.3,3400,2024900,"S"
"TCD","13:17:06",7.3,0.3,500,2021500,"S"
"TCD","13:17:04",7.29,0.29,15000,2021000,"B"
"TCD","13:16:19",7.29,0.29,1000,2006000,"B"
"TCD","13:15:39",7.29,0.29,200,2005000,"B"
"TCD","13:15:08",7.29,0.29,400,2004800,"B"
"TCD","13:14:44",7.29,0.29,13400,2004400,"S"
"TCD","13:14:09",7.29,0.29,3900,1991000,"S"
"TCD","13:13:31",7.29,0.29,400,1987100,"S"
"TCD","13:13:22",7.29,0.29,1000,1986700,"S"
"TCD","13:13:09",7.29,0.29,500,1985700,"B"
"TCD","13:12:54",7.29,0.29,500,1985200,"S"
"TCD","13:12:47",7.29,0.29,600,1984700,"S"
"TCD","13:12:27",7.28,0.28,400,1984100,"B"
"TCD","13:11:57",7.29,0.29,700,1983700,"S"
"TCD","13:11:39",7.29,0.29,1600,1983000,"B"
"TCD","13:11:21",7.29,0.29,600,1981400,"B"
"TCD","13:11:12",7.29,0.29,100,1980800,"B"
"TCD","13:11:01",7.3,0.3,4400,1980700,"S"
"TCD","13:10:54",7.3,0.3,7400,1976300,"S"
"TCD","13:10:54",7.3,0.3,22600,1968900,"S"
"TCD","13:10:47",7.29,0.29,6600,1946300,"S"
"TCD","13:10:44",7.29,0.29,2000,1939700,"S"
"TCD","13:10:42",7.29,0.29,1000,1937700,"S"
"TCD","13:10:31",7.29,0.29,3800,1936700,"S"
"TCD","13:10:24",7.29,0.29,100,1932900,"S"
"TCD","13:09:53",7.28,0.28,100,1932800,"B"
"TCD","13:08:12",7.28,0.28,500,1932700,"B"
"TCD","13:06:59",7.29,0.29,100,1932200,"S"
"TCD","13:06:36",7.29,0.29,400,1932100,"S"
"TCD","13:06:32",7.29,0.29,100,1931700,"B"
"TCD","13:06:00",7.3,0.3,4400,1931600,"S"
"TCD","13:05:58",7.29,0.29,10900,1927200,"S"
"TCD","13:05:57",7.29,0.29,700,1916300,"S"
"TCD","13:05:37",7.29,0.29,5000,1915600,"S"
"TCD","13:05:29",7.28,0.28,4000,1910600,"B"
"TCD","13:05:20",7.28,0.28,200,1906600,"B"
"TCD","13:04:54",7.28,0.28,100,1906400,"B"
"TCD","13:04:40",7.28,0.28,3100,1906300,"S"
"TCD","13:04:24",7.28,0.28,2500,1903200,"S"
"TCD","13:03:17",7.28,0.28,1000,1900700,"S"
"TCD","13:03:05",7.28,0.28,2000,1899700,"S"
"TCD","13:02:42",7.28,0.28,1000,1897700,"S"
"TCD","13:01:51",7.28,0.28,1000,1896700,"S"
"TCD","13:01:49",7.28,0.28,2000,1895700,"S"
"TCD","13:01:48",7.28,0.28,900,1893700,"S"
"TCD","13:01:44",7.28,0.28,3200,1892700,"S"
"TCD","13:01:22",7.28,0.28,4000,1889500,"S"
"TCD","13:00:58",7.28,0.28,2200,1885500,"B"
"TCD","13:00:46",7.28,0.28,10000,1883300,"B"
"TCD","13:00:42",7.28,0.28,10000,1873300,"B"
"TCD","13:00:19",7.29,0.29,23000,1863300,"S"
"TCD","13:00:17",7.28,0.28,16300,1840300,"B"
"TCD","13:00:07",7.29,0.29,4100,1824000,"S"
"TCD","13:00:06",7.29,0.29,100,1819900,"S"
"TCD","13:00:04",7.28,0.28,2700,1816800,"B"
"TCD","13:00:02",7.28,0.28,200,1814100,"B"
"TCD","13:00:01",7.28,0.28,44300,1813900,"B"
"TCD","11:29:59",7.29,0.29,1000,1769600,"S"
"TCD","11:29:48",7.28,0.28,100,1768600,"B"
"TCD","11:29:37",7.29,0.29,1000,1768500,"S"
"TCD","11:29:27",7.28,0.28,2000,1767500,"B"
"TCD","11:29:14",7.28,0.28,1000,1765500,"B"
"TCD","11:29:07",7.29,0.29,500,1764500,"B"
"TCD","11:29:03",7.29,0.29,400,1764000,"B"
"TCD","11:28:54",7.29,0.29,200,1763600,"B"
"TCD","11:28:48",7.29,0.29,2000,1763400,"B"
"TCD","11:28:32",7.29,0.29,1500,1761400,"B"
"TCD","11:28:21",7.29,0.29,500,1759900,"B"
"TCD","11:28:02",7.29,0.29,1000,1759400,"B"
"TCD","11:27:38",7.29,0.29,500,1758400,"B"
"TCD","11:27:37",7.29,0.29,10000,1757900,"B"
"TCD","11:25:22",7.3,0.3,17700,1747900,"S"
"TCD","11:25:20",7.3,0.3,100,1730200,"S"
"TCD","11:24:47",7.3,0.3,200,1730100,"S"
"TCD","11:22:19",7.29,0.29,1300,1722600,"B"
"TCD","11:21:59",7.29,0.29,300,1721300,"B"
"TCD","11:21:52",7.29,0.29,2400,1721000,"S"
"TCD","11:21:14",7.29,0.29,500,1718600,"S"
"TCD","11:20:41",7.29,0.29,1800,1718100,"B"
"TCD","11:20:35",7.29,0.29,5000,1716300,"B"
"TCD","11:20:29",7.29,0.29,2000,1711300,"B"
"TCD","11:20:27",7.29,0.29,2000,1709300,"B"
"TCD","11:20:19",7.29,0.29,10000,1707300,"B"
"TCD","11:20:15",7.29,0.29,5000,1697300,"B"
"TCD","11:20:14",7.29,0.29,500,1692300,"B"
"TCD","11:20:11",7.29,0.29,3000,1691800,"B"
"TCD","11:20:04",7.29,0.29,500,1688800,"B"
"TCD","11:19:59",7.29,0.29,7400,1688300,"B"
"TCD","11:19:57",7.29,0.29,5000,1680900,"B"
"TCD","11:19:54",7.29,0.29,5000,1675900,"B"
"TCD","11:19:52",7.29,0.29,500,1670900,"B"
"TCD","11:19:44",7.29,0.29,5000,1670400,"B"
"TCD","11:19:10",7.29,0.29,3000,1665400,"B"
"TCD","11:18:51",7.29,0.29,7400,1662400,"B"
"TCD","11:17:25",7.3,0.3,2000,1655000,"S"
"TCD","11:17:22",7.3,0.3,100,1653000,"S"
"TCD","11:17:00",7.3,0.3,900,1652900,"S"
"TCD","11:16:37",7.3,0.3,2900,1652000,"S"
"TCD","11:16:06",7.29,0.29,2000,1649100,"B"
"TCD","11:15:34",7.29,0.29,300,1647100,"B"
"TCD","11:15:30",7.3,0.3,100,1646800,"S"
"TCD","11:14:51",7.29,0.29,900,1646700,"B"
"TCD","11:14:17",7.3,0.3,1500,1645800,"S"
"TCD","11:14:14",7.3,0.3,2300,1644300,"B"
"TCD","11:14:13",7.3,0.3,100,1642000,"B"
"TCD","11:14:11",7.3,0.3,1000,1641900,"B"
"TCD","11:14:08",7.3,0.3,30500,1640900,"B"
"TCD","11:13:35",7.3,0.3,1000,1610400,"B"
"TCD","11:13:15",7.3,0.3,5000,1609400,"B"
"TCD","11:13:01",7.31,0.31,4600,1604400,"B"
"TCD","11:12:59",7.32,0.32,200,1599800,"S"
"TCD","11:12:43",7.31,0.31,100,1599600,"B"
"TCD","11:12:24",7.31,0.31,600,1599500,"S"
"TCD","11:12:23",7.31,0.31,2000,1598900,"S"
"TCD","11:12:14",7.31,0.31,1400,1596900,"B"
"TCD","11:12:13",7.31,0.31,8100,1595500,"B"
"TCD","11:12:10",7.31,0.31,1000,1587400,"B"
"TCD","11:12:10",7.31,0.31,100,1586400,"B"
"TCD","11:12:07",7.31,0.31,1000,1586300,"B"
"TCD","11:12:03",7.31,0.31,4000,1585300,"B"
"TCD","11:11:56",7.31,0.31,1000,1581300,"B"
"TCD","11:11:56",7.31,0.31,500,1580300,"B"
"TCD","11:11:34",7.31,0.31,200,1579800,"B"
"TCD","11:11:24",7.31,0.31,2600,1579600,"B"
"TCD","11:10:05",7.31,0.31,2000,1577000,"B"
"TCD","11:09:35",7.31,0.31,1000,1575000,"B"
"TCD","11:09:05",7.31,0.31,800,1574000,"S"
"TCD","11:09:02",7.31,0.31,1000,1573200,"S"
"TCD","11:09:01",7.31,0.31,2000,1572200,"S"
"TCD","11:08:56",7.31,0.31,2200,1570200,"S"
"TCD","11:08:55",7.31,0.31,500,1568000,"S"
"TCD","11:08:52",7.31,0.31,3400,1567500,"S"
"TCD","11:08:52",7.31,0.31,100,1564100,"S"
"TCD","11:08:46",7.32,0.32,8700,1564000,"S"
"TCD","11:08:46",7.31,0.31,1800,1555300,"S"
"TCD","11:08:43",7.31,0.31,700,1553500,"S"
"TCD","11:08:34",7.3,0.3,1000,1552800,"B"
"TCD","11:07:52",7.3,0.3,700,1551800,"B"
"TCD","11:07:52",7.31,0.31,100,1551100,"B"
"TCD","11:07:47",7.31,0.31,100,1551000,"B"
"TCD","11:07:44",7.31,0.31,300,1550900,"S"
"TCD","11:07:41",7.31,0.31,900,1550600,"S"
"TCD","11:07:40",7.3,0.3,500,1549700,"B"
"TCD","11:07:29",7.31,0.31,6000,1549200,"S"
"TCD","11:07:28",7.3,0.3,1000,1543200,"B"
"TCD","11:07:26",7.3,0.3,500,1542200,"B"
"TCD","11:07:06",7.3,0.3,12100,1541700,"S"
"TCD","11:07:05",7.3,0.3,10000,1529600,"S"
"TCD","11:07:02",7.3,0.3,400,1519600,"S"
"TCD","11:07:01",7.3,0.3,4600,1519200,"S"
"TCD","11:07:00",7.3,0.3,21400,1514600,"S"
"TCD","11:06:59",7.3,0.3,20000,1493200,"S"
"TCD","11:06:59",7.3,0.3,300,1473200,"S"
"TCD","11:06:57",7.3,0.3,10000,1472900,"S"
"TCD","11:06:53",7.3,0.3,5000,1462900,"S"
"TCD","11:06:52",7.3,0.3,5000,1457900,"S"
"TCD","11:06:50",7.3,0.3,5000,1452900,"S"
"TCD","11:06:49",7.3,0.3,200,1447900,"S"
"TCD","11:06:43",7.29,0.29,400,1447700,"S"
"TCD","11:06:42",7.29,0.29,4000,1447300,"S"
"TCD","11:06:41",7.29,0.29,20000,1443300,"S"
"TCD","11:06:36",7.28,0.28,100,1423300,"B"
"TCD","11:06:16",7.28,0.28,600,1423200,"B"
"TCD","11:05:52",7.28,0.28,300,1422600,"B"
"TCD","11:05:35",7.28,0.28,7000,1422300,"B"
"TCD","11:05:30",7.28,0.28,3800,1415300,"B"
"TCD","11:05:02",7.28,0.28,200,1411500,"B"
"TCD","11:04:51",7.28,0.28,1000,1411300,"B"
"TCD","11:04:39",7.28,0.28,7100,1410300,"S"
"TCD","11:04:37",7.28,0.28,5000,1403200,"S"
"TCD","11:04:28",7.28,0.28,1000,1398200,"S"
"TCD","11:03:56",7.28,0.28,100,1397200,"S"
"TCD","11:03:54",7.28,0.28,5000,1397100,"S"
"TCD","11:03:53",7.28,0.28,500,1392100,"S"
"TCD","11:03:40",7.28,0.28,4900,1391600,"S"
"TCD","11:03:39",7.28,0.28,100,1386700,"S"
"TCD","11:03:38",7.27,0.27,500,1386600,"B"
"TCD","11:03:36",7.27,0.27,21700,1386100,"S"
"TCD","11:03:34",7.27,0.27,10000,1364400,"S"
"TCD","11:03:22",7.27,0.27,200,1354400,"S"
"TCD","11:03:17",7.27,0.27,10000,1354200,"S"
"TCD","11:03:03",7.27,0.27,6000,1344200,"S"
"TCD","11:02:53",7.27,0.27,500,1338200,"S"
"TCD","11:02:41",7.27,0.27,5000,1337700,"S"
"TCD","11:02:41",7.27,0.27,100,1332700,"S"
"TCD","11:02:35",7.27,0.27,5000,1332600,"S"
"TCD","11:02:34",7.27,0.27,1200,1327600,"S"
"TCD","11:02:21",7.26,0.26,100,1326400,"B"
"TCD","11:02:07",7.27,0.27,5000,1326300,"S"
"TCD","11:02:06",7.27,0.27,500,1321300,"S"
"TCD","11:02:04",7.27,0.27,5000,1320800,"S"
"TCD","11:02:03",7.27,0.27,200,1315800,"S"
"TCD","11:01:54",7.27,0.27,5000,1315600,"S"
"TCD","11:01:54",7.27,0.27,8400,1310600,"S"
"TCD","11:01:50",7.26,0.26,10000,1302200,"B"
"TCD","11:01:48",7.27,0.27,5000,1292200,"S"
"TCD","11:01:47",7.27,0.27,1000,1287200,"S"
"TCD","11:01:43",7.26,0.26,400,1286200,"B"
"TCD","11:01:41",7.27,0.27,5000,1285800,"S"
"TCD","11:01:20",7.26,0.26,300,1280800,"B"
"TCD","11:01:15",7.26,0.26,12000,1280500,"B"
"TCD","11:01:05",7.26,0.26,100,1268500,"B"
"TCD","11:00:42",7.26,0.26,100,1268400,"B"
"TCD","11:00:26",7.27,0.27,1600,1268300,"S"
"TCD","11:00:26",7.27,0.27,3400,1266700,"S"
"TCD","11:00:25",7.27,0.27,4600,1263300,"S"
"TCD","11:00:16",7.26,0.26,100,1258700,"B"
"TCD","10:59:47",7.26,0.26,4000,1258600,"B"
"TCD","10:59:25",7.26,0.26,1000,1254600,"B"
"TCD","10:59:14",7.26,0.26,3000,1253600,"B"
"TCD","10:58:14",7.26,0.26,100,1250600,"B"
"TCD","10:57:59",7.26,0.26,3900,1250500,"B"
"TCD","10:57:58",7.27,0.27,5000,1246600,"S"
"TCD","10:57:56",7.27,0.27,500,1241600,"S"
"TCD","10:57:51",7.26,0.26,3100,1241100,"B"
"TCD","10:57:42",7.27,0.27,5000,1238000,"S"
"TCD","10:57:40",7.27,0.27,5000,1233000,"S"
"TCD","10:57:19",7.26,0.26,20000,1228000,"B"
"TCD","10:57:11",7.26,0.26,1000,1208000,"B"
"TCD","10:57:03",7.26,0.26,3000,1207000,"B"
"TCD","10:56:35",7.26,0.26,1000,1204000,"B"
"TCD","10:56:31",7.26,0.26,1200,1203000,"B"
"TCD","10:56:28",7.27,0.27,1000,1201800,"S"
"TCD","10:56:27",7.26,0.26,300,1200800,"B"
"TCD","10:56:25",7.27,0.27,500,1200500,"S"
"TCD","10:56:09",7.27,0.27,200,1200000,"S"
"TCD","10:55:55",7.26,0.26,10000,1199800,"B"
"TCD","10:55:35",7.26,0.26,2500,1189800,"B"
"TCD","10:55:18",7.26,0.26,1100,1187300,"B"
"TCD","10:54:19",7.27,0.27,5000,1186200,"S"
"TCD","10:54:18",7.27,0.27,500,1181200,"S"
"TCD","10:54:12",7.27,0.27,5000,1180700,"S"
"TCD","10:54:11",7.27,0.27,1000,1175700,"S"
"TCD","10:53:44",7.27,0.27,400,1174700,"S"
"TCD","10:53:40",7.26,0.26,30000,1174300,"B"
"TCD","10:53:33",7.26,0.26,5000,1144300,"B"
"TCD","10:53:20",7.26,0.26,5000,1139300,"B"
"TCD","10:53:15",7.27,0.27,800,1134300,"S"
"TCD","10:53:04",7.26,0.26,3900,1133500,"B"
"TCD","10:52:56",7.27,0.27,2500,1129600,"S"
"TCD","10:52:55",7.27,0.27,20000,1127100,"S"
"TCD","10:52:45",7.27,0.27,1000,1107100,"S"
"TCD","10:52:09",7.26,0.26,5000,1106100,"B"
"TCD","10:50:29",7.27,0.27,3400,1101100,"S"
"TCD","10:50:28",7.27,0.27,600,1097700,"S"
"TCD","10:50:04",7.27,0.27,300,1097100,"S"
"TCD","10:50:02",7.27,0.27,2000,1096800,"S"
"TCD","10:49:54",7.27,0.27,3200,1094800,"B"
"TCD","10:49:48",7.27,0.27,2700,1091600,"B"
"TCD","10:49:41",7.27,0.27,1000,1088900,"B"
"TCD","10:49:38",7.27,0.27,100,1087900,"B"
"TCD","10:49:26",7.27,0.27,200,1087800,"B"
"TCD","10:49:17",7.27,0.27,6000,1087600,"B"
"TCD","10:49:16",7.27,0.27,900,1081600,"B"
"TCD","10:49:04",7.27,0.27,200,1080700,"B"
"TCD","10:48:49",7.27,0.27,22700,1080500,"S"
"TCD","10:48:43",7.26,0.26,3600,1057800,"B"
"TCD","10:48:34",7.26,0.26,6600,1054200,"B"
"TCD","10:48:22",7.26,0.26,500,1047600,"B"
"TCD","10:48:19",7.27,0.27,7400,1047100,"S"
"TCD","10:48:18",7.27,0.27,2500,1039700,"S"
"TCD","10:48:18",7.26,0.26,1000,1037200,"B"
"TCD","10:48:12",7.26,0.26,5000,1036200,"B"
"TCD","10:48:07",7.27,0.27,2500,1031200,"S"
"TCD","10:48:03",7.26,0.26,1000,1028700,"B"
"TCD","10:47:50",7.26,0.26,4000,1027700,"B"
"TCD","10:47:34",7.26,0.26,500,1023700,"B"
"TCD","10:47:27",7.26,0.26,2800,1023200,"S"
"TCD","10:47:22",7.26,0.26,3000,1020400,"S"
"TCD","10:47:16",7.26,0.26,5000,1017400,"S"
"TCD","10:46:26",7.26,0.26,400,1012400,"B"
"TCD","10:46:09",7.26,0.26,100,1012000,"B"
"TCD","10:46:07",7.26,0.26,100,1011900,"B"
"TCD","10:46:01",7.26,0.26,2000,1011800,"B"
"TCD","10:45:59",7.26,0.26,2000,1009800,"B"
"TCD","10:45:21",7.26,0.26,10100,1007800,"S"
"TCD","10:44:53",7.25,0.25,1000,997700,"B"
"TCD","10:44:20",7.26,0.26,2000,996700,"S"
"TCD","10:44:07",7.26,0.26,100,994700,"S"
"TCD","10:42:31",7.26,0.26,2600,994600,"S"
"TCD","10:42:30",7.26,0.26,2000,992000,"S"
"TCD","10:41:49",7.26,0.26,3900,990000,"S"
"TCD","10:41:37",7.25,0.25,4900,986100,"S"
"TCD","10:41:08",7.25,0.25,200,981200,"B"
"TCD","10:40:54",7.25,0.25,2000,981000,"B"
"TCD","10:40:44",7.25,0.25,500,979000,"B"
"TCD","10:40:31",7.25,0.25,100,978500,"B"
"TCD","10:39:23",7.26,0.26,2100,978400,"S"
"TCD","10:39:22",7.25,0.25,100,976300,"B"
"TCD","10:39:10",7.25,0.25,18000,976200,"S"
"TCD","10:38:59",7.24,0.24,3800,958200,"S"
"TCD","10:38:51",7.23,0.23,17000,954400,"S"
"TCD","10:38:28",7.23,0.23,3000,937400,"S"
"TCD","10:38:12",7.24,0.24,3700,934400,"S"
"TCD","10:38:12",7.23,0.23,500,930700,"S"
"TCD","10:38:02",7.23,0.23,2200,930200,"S"
"TCD","10:37:44",7.23,0.23,2000,928000,"S"
"TCD","10:37:41",7.23,0.23,5500,926000,"B"
"TCD","10:37:11",7.24,0.24,2900,920500,"S"
"TCD","10:37:10",7.24,0.24,2900,917600,"S"
"TCD","10:37:10",7.24,0.24,300,914700,"S"
"TCD","10:36:44",7.23,0.23,1300,914400,"S"
"TCD","10:36:32",7.23,0.23,800,913100,"B"
"TCD","10:36:27",7.23,0.23,1200,912300,"B"
"TCD","10:36:09",7.23,0.23,3000,911100,"S"
"TCD","10:35:51",7.21,0.21,200,908100,"B"
"TCD","10:35:51",7.22,0.22,3800,907900,"B"
"TCD","10:35:10",7.22,0.22,2000,904100,"B"
"TCD","10:34:42",7.22,0.22,300,902100,"B"
"TCD","10:34:34",7.22,0.22,10000,901800,"B"
"TCD","10:31:45",7.22,0.22,2000,891800,"S"
"TCD","10:31:19",7.22,0.22,7400,889800,"S"
"TCD","10:30:08",7.22,0.22,5000,882400,"S"
"TCD","10:29:45",7.22,0.22,1500,877400,"S"
"TCD","10:29:22",7.22,0.22,4500,875900,"S"
"TCD","10:29:21",7.21,0.21,20900,871400,"B"
"TCD","10:29:21",7.22,0.22,19100,850500,"B"
"TCD","10:29:08",7.22,0.22,1000,831400,"B"
"TCD","10:28:54",7.23,0.23,300,830400,"S"
"TCD","10:28:42",7.23,0.23,600,830100,"B"
"TCD","10:28:39",7.23,0.23,3000,829500,"B"
"TCD","10:28:19",7.23,0.23,500,826500,"B"
"TCD","10:28:04",7.23,0.23,2000,826000,"B"
"TCD","10:27:55",7.23,0.23,1000,824000,"B"
"TCD","10:27:01",7.24,0.24,400,823000,"S"
"TCD","10:26:25",7.24,0.24,6200,822600,"S"
"TCD","10:25:43",7.24,0.24,100,816400,"S"
"TCD","10:25:31",7.24,0.24,1000,816300,"S"
"TCD","10:25:18",7.24,0.24,3000,815300,"B"
"TCD","10:25:07",7.25,0.25,1000,812300,"S"
"TCD","10:24:54",7.24,0.24,3200,811300,"S"
"TCD","10:24:43",7.24,0.24,200,808100,"B"
"TCD","10:24:26",7.25,0.25,2300,807900,"S"
"TCD","10:24:17",7.24,0.24,1000,805600,"S"
"TCD","10:24:16",7.24,0.24,5000,804600,"S"
"TCD","10:24:02",7.24,0.24,200,799600,"S"
"TCD","10:23:58",7.24,0.24,1000,799400,"S"
"TCD","10:23:48",7.24,0.24,3000,798400,"S"
"TCD","10:23:46",7.24,0.24,500,795400,"S"
"TCD","10:23:38",7.25,0.25,5000,794900,"S"
"TCD","10:23:38",7.23,0.23,1500,789900,"B"
"TCD","10:23:36",7.25,0.25,3200,788400,"S"
"TCD","10:23:35",7.25,0.25,1800,785200,"S"
"TCD","10:23:34",7.25,0.25,4400,783400,"S"
"TCD","10:23:34",7.24,0.24,600,779000,"S"
"TCD","10:23:29",7.23,0.23,3000,778400,"B"
"TCD","10:23:29",7.23,0.23,1900,775400,"S"
"TCD","10:23:25",7.23,0.23,100,773500,"S"
"TCD","10:23:23",7.23,0.23,1100,773400,"S"
"TCD","10:22:54",7.23,0.23,1000,772300,"S"
"TCD","10:22:37",7.22,0.22,500,771300,"S"
"TCD","10:22:33",7.21,0.21,2300,770800,"B"
"TCD","10:21:37",7.21,0.21,4000,768500,"B"
"TCD","10:21:27",7.21,0.21,500,764500,"B"
"TCD","10:21:09",7.22,0.22,4000,764000,"B"
"TCD","10:20:39",7.22,0.22,2000,760000,"S"
"TCD","10:20:36",7.22,0.22,1000,758000,"B"
"TCD","10:20:16",7.22,0.22,1000,757000,"B"
"TCD","10:19:48",7.25,0.25,21000,756000,"S"
"TCD","10:19:46",7.25,0.25,800,735000,"S"
"TCD","10:19:43",7.22,0.22,100,734200,"B"
"TCD","10:19:26",7.25,0.25,1200,734100,"B"
"TCD","10:19:20",7.25,0.25,100,732900,"B"
"TCD","10:19:18",7.25,0.25,4500,732800,"B"
"TCD","10:19:12",7.25,0.25,5000,728300,"B"
"TCD","10:19:01",7.26,0.26,2900,723300,"B"
"TCD","10:19:01",7.26,0.26,900,720400,"B"
"TCD","10:18:51",7.27,0.27,2000,719500,"S"
"TCD","10:18:47",7.26,0.26,100,717500,"B"
"TCD","10:18:44",7.27,0.27,500,717400,"S"
"TCD","10:18:31",7.27,0.27,1500,716900,"B"
"TCD","10:18:30",7.27,0.27,500,715400,"B"
"TCD","10:18:12",7.28,0.28,100,714900,"S"
"TCD","10:17:41",7.29,0.29,5500,714800,"S"
"TCD","10:17:41",7.28,0.28,300,709300,"S"
"TCD","10:17:37",7.29,0.29,100,709000,"S"
"TCD","10:17:24",7.29,0.29,5400,708900,"S"
"TCD","10:17:24",7.28,0.28,10600,703500,"S"
"TCD","10:17:24",7.25,0.25,500,692900,"B"
"TCD","10:17:15",7.25,0.25,100,692400,"B"
"TCD","10:17:13",7.25,0.25,1000,692300,"S"
"TCD","10:17:13",7.24,0.24,4600,691300,"S"
"TCD","10:16:57",7.24,0.24,100,686700,"S"
"TCD","10:16:57",7.23,0.23,100,686600,"S"
"TCD","10:16:54",7.25,0.25,5400,686500,"B"
"TCD","10:16:54",7.28,0.28,5200,681100,"S"
"TCD","10:16:54",7.27,0.27,2500,675900,"S"
"TCD","10:16:54",7.26,0.26,2300,673400,"S"
"TCD","10:16:53",7.25,0.25,1000,671100,"B"
"TCD","10:16:51",7.25,0.25,13600,670100,"S"
"TCD","10:16:48",7.21,0.21,600,656500,"B"
"TCD","10:16:48",7.22,0.22,100,655900,"B"
"TCD","10:16:47",7.25,0.25,29400,655800,"S"
"TCD","10:16:47",7.24,0.24,8500,626400,"S"
"TCD","10:16:47",7.23,0.23,2100,617900,"S"
"TCD","10:16:40",7.22,0.22,1000,615800,"B"
"TCD","10:16:34",7.22,0.22,8900,614800,"S"
"TCD","10:16:30",7.22,0.22,500,605900,"S"
"TCD","10:16:29",7.22,0.22,5000,605400,"S"
"TCD","10:16:16",7.22,0.22,3000,600400,"S"
"TCD","10:16:15",7.22,0.22,2000,597400,"S"
"TCD","10:16:07",7.21,0.21,500,595400,"B"
"TCD","10:16:05",7.21,0.21,5500,594900,"S"
"TCD","10:16:03",7.21,0.21,700,589400,"S"
"TCD","10:15:49",7.2,0.2,200,588700,"B"
"TCD","10:15:47",7.2,0.2,84600,588500,"S"
"TCD","10:15:47",7.19,0.19,900,503900,"S"
"TCD","10:15:34",7.19,0.19,9300,503000,"S"
"TCD","10:15:33",7.19,0.19,10700,493700,"S"
"TCD","10:15:32",7.18,0.18,100,483000,"B"
"TCD","10:15:22",7.19,0.19,20000,482900,"S"
"TCD","10:15:07",7.19,0.19,15000,462900,"S"
"TCD","10:14:57",7.18,0.18,2200,447900,"S"
"TCD","10:14:40",7.18,0.18,10000,445700,"S"
"TCD","10:14:28",7.18,0.18,5100,435700,"S"
"TCD","10:14:18",7.18,0.18,10000,430600,"S"
"TCD","10:14:04",7.16,0.16,500,420600,"B"
"TCD","10:13:42",7.16,0.16,500,420100,"B"
"TCD","10:13:01",7.18,0.18,1300,419600,"S"
"TCD","10:12:54",7.18,0.18,200,418300,"S"
"TCD","10:12:35",7.19,0.19,3800,418100,"S"
"TCD","10:12:35",7.18,0.18,200,414300,"S"
"TCD","10:12:27",7.19,0.19,10000,414100,"S"
"TCD","10:12:27",7.18,0.18,1000,404100,"S"
"TCD","10:12:23",7.17,0.17,1700,403100,"S"
"TCD","10:12:10",7.17,0.17,400,401400,"S"
"TCD","10:11:59",7.18,0.18,1900,401000,"B"
"TCD","10:11:56",7.19,0.19,2000,399100,"S"
"TCD","10:11:48",7.19,0.19,5800,397100,"S"
"TCD","10:11:48",7.18,0.18,4200,391300,"S"
"TCD","10:11:48",7.17,0.17,5000,387100,"S"
"TCD","10:11:45",7.17,0.17,200,382100,"S"
"TCD","10:11:42",7.17,0.17,3000,381900,"S"
"TCD","10:11:41",7.16,0.16,1000,378900,"B"
"TCD","10:11:38",7.16,0.16,100,377900,"B"
"TCD","10:11:34",7.16,0.16,11500,377800,"S"
"TCD","10:11:22",7.16,0.16,500,366300,"S"
"TCD","10:11:17",7.16,0.16,800,365800,"S"
"TCD","10:11:16",7.16,0.16,5000,365000,"S"
"TCD","10:11:10",7.16,0.16,4500,360000,"S"
"TCD","10:11:09",7.16,0.16,3000,355500,"S"
"TCD","10:11:08",7.16,0.16,3000,352500,"S"
"TCD","10:11:03",7.16,0.16,3000,349500,"S"
"TCD","10:10:57",7.15,0.15,1000,346500,"B"
"TCD","10:10:54",7.15,0.15,100,345500,"B"
"TCD","10:10:39",7.15,0.15,7300,345400,"S"
"TCD","10:10:35",7.15,0.15,600,338100,"S"
"TCD","10:10:32",7.15,0.15,4000,337500,"S"
"TCD","10:10:26",7.15,0.15,1800,333500,"S"
"TCD","10:10:15",7.15,0.15,300,331700,"S"
"TCD","10:10:14",7.15,0.15,10000,331400,"S"
"TCD","10:10:12",7.15,0.15,2000,321400,"S"
"TCD","10:09:57",7.13,0.13,1000,319400,"B"
"TCD","10:09:56",7.14,0.14,9200,318400,"S"
"TCD","10:09:48",7.13,0.13,500,309200,"B"
"TCD","10:09:46",7.13,0.13,3400,308700,"S"
"TCD","10:09:37",7.13,0.13,1800,305300,"S"
"TCD","10:09:35",7.12,0.12,100,303500,"S"
"TCD","10:09:13",7.13,0.13,2900,303400,"S"
"TCD","10:09:13",7.12,0.12,100,300500,"S"
"TCD","10:09:09",7.12,0.12,2000,300400,"S"
"TCD","10:08:54",7.12,0.12,2000,298400,"S"
"TCD","10:08:49",7.11,0.11,1000,296400,"B"
"TCD","10:08:34",7.11,0.11,1000,295400,"B"
"TCD","10:08:12",7.11,0.11,1000,294400,"B"
"TCD","10:07:53",7.11,0.11,1000,293400,"B"
"TCD","10:07:51",7.11,0.11,200,292400,"B"
"TCD","10:07:14",7.11,0.11,500,292200,"S"
"TCD","10:05:19",7.11,0.11,7800,291700,"S"
"TCD","10:04:59",7.1,0.1,8900,283900,"S"
"TCD","10:04:37",7.1,0.1,4100,275000,"B"
"TCD","10:03:40",7.1,0.1,3000,270900,"B"
"TCD","10:03:23",7.11,0.11,200,267900,"S"
"TCD","10:02:58",7.11,0.11,2000,267700,"B"
"TCD","10:02:42",7.11,0.11,100,265700,"B"
"TCD","10:01:43",7.12,0.12,5000,265600,"S"
"TCD","10:01:32",7.12,0.12,2900,260600,"S"
"TCD","10:01:27",7.12,0.12,4100,257700,"S"
"TCD","10:01:16",7.11,0.11,27900,253600,"S"
"TCD","10:01:08",7.1,0.1,500,225700,"B"
"TCD","10:00:33",7.1,0.1,300,225200,"B"
"TCD","10:00:23",7.1,0.1,2400,224900,"S"
"TCD","10:00:22",7.1,0.1,15000,222500,"S"
"TCD","10:00:18",7.1,0.1,8800,207500,"S"
"TCD","10:00:11",7.1,0.1,16200,198700,"S"
"TCD","10:00:11",7.09,0.09,3800,182500,"S"
"TCD","09:59:56",7.09,0.09,15000,178700,"S"
"TCD","09:59:37",7.09,0.09,20000,163700,"S"
"TCD","09:59:27",7.09,0.09,9400,143700,"S"
"TCD","09:59:27",7.07,0.07,600,134300,"S"
"TCD","09:59:26",7.07,0.07,400,133700,"B"
"TCD","09:57:34",7.09,0.09,4000,133300,"S"
"TCD","09:53:58",7.09,0.09,1300,129300,"S"
"TCD","09:53:58",7.08,0.08,1200,128000,"S"
"TCD","09:52:39",7.08,0.08,3200,126800,"S"
"TCD","09:52:36",7.08,0.08,20000,123600,"S"
"TCD","09:51:54",7.07,0.07,3800,103600,"S"
"TCD","09:51:26",7.06,0.06,200,99800,"S"
"TCD","09:49:57",7.06,0.06,7000,99600,"S"
"TCD","09:49:35",7.05,0.05,2000,92600,"S"
"TCD","09:48:37",7.05,0.05,3000,90600,"B"
"TCD","09:48:16",7.05,0.05,10000,87600,"B"
"TCD","09:45:43",7.05,0.05,5000,77600,"B"
"TCD","09:44:51",7.05,0.05,1000,72600,"B"
"TCD","09:44:01",7.05,0.05,100,71600,"B"
"TCD","09:42:08",7.06,0.06,5000,71500,"S"
"TCD","09:41:18",7.05,0.05,900,66500,"S"
"TCD","09:40:57",7.05,0.05,20000,65600,"S"
"TCD","09:40:43",7.05,0.05,10000,45600,"S"
"TCD","09:40:11",7.03,0.03,6800,35600,"S"
"TCD","09:39:26",7.02,0.02,200,28800,"B"
"TCD","09:39:24",7.03,0.03,100,28600,"S"
"TCD","09:39:17",7.02,0.02,100,28500,"B"
"TCD","09:38:34",7.05,0.05,11900,28400,"S"
"TCD","09:37:56",7.03,0.03,200,16500,"S"
"TCD","09:35:27",7.05,0.05,300,16300,"S"
"TCD","09:35:22",7.04,0.04,200,16000,"B"
"TCD","09:31:39",7.05,0.05,1100,15800,"S"
"TCD","09:30:00",7.05,0.05,700,14700,"B"
"TCD","09:29:50",7.05,0.05,7000,14000,"B"
"TCD","09:29:18",7.06,0.06,100,7000,"S"
"TCD","09:28:22",7.05,0.05,400,6900,"B"
"TCD","09:27:50",7.05,0.05,1000,6500,"B"
"TCD","09:26:43",7.05,0.05,500,5500,"B"
"TCD","09:25:19",7.05,0.05,100,5000,"B"
"TCD","09:21:47",7.05,0.05,2400,4900,"B"
"TCD","09:21:12",7.05,0.05,100,2500,"B"
"TCD","09:20:24",7.08,0.08,100,2400,"S"
"TCD","09:19:58",7.08,0.08,600,2300,"S"
"TCD","09:15:02",7.1,0.1,1700,1700,
