"symbol","time","price","change","vol","total","side"
"TPB","14:45:01",17.95,-0.05,189400,10132200,
"TPB","14:29:44",18,0,1400,9942800,"S"
"TPB","14:29:39",17.95,-0.05,1000,9941400,"B"
"TPB","14:29:38",18,0,3500,9940400,"S"
"TPB","14:29:35",17.95,-0.05,1000,9936900,"B"
"TPB","14:29:24",17.95,-0.05,1700,9935900,"B"
"TPB","14:29:18",17.95,-0.05,1000,9934200,"B"
"TPB","14:29:01",17.95,-0.05,300,9933200,"B"
"TPB","14:28:59",17.95,-0.05,2000,9932900,"B"
"TPB","14:28:28",17.95,-0.05,6000,9930900,"B"
"TPB","14:28:26",17.95,-0.05,5400,9924900,"B"
"TPB","14:28:25",17.95,-0.05,2600,9919500,"B"
"TPB","14:28:17",17.95,-0.05,1000,9916900,"B"
"TPB","14:28:08",17.95,-0.05,1000,9915900,"B"
"TPB","14:27:59",17.95,-0.05,1000,9914900,"B"
"TPB","14:27:50",17.95,-0.05,1000,9913900,"B"
"TPB","14:27:41",17.95,-0.05,1000,9912900,"B"
"TPB","14:27:32",17.95,-0.05,4200,9911900,"S"
"TPB","14:27:31",17.9,-0.1,1000,9907700,"B"
"TPB","14:27:27",17.95,-0.05,1000,9906700,"S"
"TPB","14:27:22",17.9,-0.1,1000,9905700,"B"
"TPB","14:27:19",17.95,-0.05,3000,9904700,"S"
"TPB","14:27:17",17.95,-0.05,100,9901700,"S"
"TPB","14:27:13",17.9,-0.1,1000,9901600,"B"
"TPB","14:27:12",17.95,-0.05,11800,9900600,"S"
"TPB","14:27:04",17.9,-0.1,1000,9888800,"B"
"TPB","14:26:59",17.95,-0.05,3000,9887800,"S"
"TPB","14:26:59",17.95,-0.05,200,9884800,"S"
"TPB","14:26:55",17.95,-0.05,2000,9884600,"S"
"TPB","14:26:55",17.9,-0.1,1000,9882600,"B"
"TPB","14:26:46",17.9,-0.1,1200,9881600,"B"
"TPB","14:26:44",17.9,-0.1,200,9880400,"B"
"TPB","14:26:37",17.9,-0.1,1000,9880200,"B"
"TPB","14:26:28",17.9,-0.1,1000,9879200,"B"
"TPB","14:26:26",17.95,-0.05,100,9878200,"S"
"TPB","14:26:18",17.9,-0.1,1000,9878100,"B"
"TPB","14:26:18",17.95,-0.05,10000,9877100,"S"
"TPB","14:26:10",17.95,-0.05,1000,9867100,"S"
"TPB","14:26:09",17.9,-0.1,1000,9866100,"B"
"TPB","14:26:05",17.95,-0.05,1000,9865100,"S"
"TPB","14:26:03",17.95,-0.05,1000,9864100,"S"
"TPB","14:26:03",17.95,-0.05,2000,9863100,"S"
"TPB","14:26:01",17.95,-0.05,5000,9861100,"S"
"TPB","14:26:00",17.9,-0.1,1000,9856100,"B"
"TPB","14:26:00",17.95,-0.05,1000,9855100,"S"
"TPB","14:25:55",17.95,-0.05,400,9854100,"S"
"TPB","14:25:54",17.95,-0.05,1000,9853700,"S"
"TPB","14:25:51",17.9,-0.1,1000,9852700,"B"
"TPB","14:25:42",17.9,-0.1,1000,9851700,"B"
"TPB","14:25:41",17.95,-0.05,1000,9850700,"S"
"TPB","14:25:40",17.95,-0.05,2100,9849700,"S"
"TPB","14:25:37",17.95,-0.05,100,9847600,"S"
"TPB","14:25:33",17.9,-0.1,1000,9847500,"B"
"TPB","14:25:24",17.9,-0.1,1000,9846500,"B"
"TPB","14:25:17",17.95,-0.05,100,9845500,"S"
"TPB","14:25:15",17.9,-0.1,1000,9845400,"B"
"TPB","14:25:05",17.9,-0.1,1000,9844400,"B"
"TPB","14:24:59",17.9,-0.1,1400,9843400,"B"
"TPB","14:24:56",17.9,-0.1,1000,9842000,"B"
"TPB","14:24:51",17.9,-0.1,10000,9841000,"B"
"TPB","14:24:47",17.9,-0.1,1000,9831000,"B"
"TPB","14:24:43",17.95,-0.05,100,9830000,"S"
"TPB","14:24:38",17.9,-0.1,1000,9829900,"B"
"TPB","14:24:29",17.9,-0.1,1100,9828900,"B"
"TPB","14:24:28",17.9,-0.1,10000,9827800,"B"
"TPB","14:24:22",17.95,-0.05,100,9817800,"S"
"TPB","14:24:20",17.9,-0.1,1000,9817700,"B"
"TPB","14:24:18",17.95,-0.05,200,9816700,"S"
"TPB","14:24:11",17.9,-0.1,1000,9816500,"B"
"TPB","14:24:10",17.95,-0.05,3300,9815500,"B"
"TPB","14:24:05",17.95,-0.05,10000,9812200,"B"
"TPB","14:24:02",17.95,-0.05,1000,9802200,"B"
"TPB","14:23:55",17.95,-0.05,20000,9801200,"B"
"TPB","14:23:53",17.95,-0.05,6000,9781200,"B"
"TPB","14:23:43",17.95,-0.05,1000,9775200,"B"
"TPB","14:23:34",17.95,-0.05,1000,9774200,"B"
"TPB","14:23:25",17.95,-0.05,1000,9773200,"B"
"TPB","14:23:18",17.95,-0.05,100,9772200,"B"
"TPB","14:23:16",17.95,-0.05,1000,9772100,"B"
"TPB","14:23:07",17.95,-0.05,1000,9771100,"B"
"TPB","14:22:58",17.95,-0.05,1100,9770100,"B"
"TPB","14:22:55",17.95,-0.05,2000,9769000,"B"
"TPB","14:22:53",18,0,2100,9767000,"S"
"TPB","14:22:52",17.95,-0.05,4700,9764900,"S"
"TPB","14:22:49",17.9,-0.1,1000,9760200,"B"
"TPB","14:22:49",17.95,-0.05,5000,9759200,"S"
"TPB","14:22:48",17.95,-0.05,2000,9754200,"S"
"TPB","14:22:41",17.95,-0.05,5000,9752200,"S"
"TPB","14:22:40",17.9,-0.1,1000,9747200,"B"
"TPB","14:22:36",17.95,-0.05,15000,9746200,"S"
"TPB","14:22:30",17.9,-0.1,1000,9731200,"B"
"TPB","14:22:21",17.9,-0.1,1000,9730200,"B"
"TPB","14:22:18",17.9,-0.1,5000,9729200,"B"
"TPB","14:22:18",17.95,-0.05,500,9724200,"S"
"TPB","14:22:17",17.95,-0.05,2100,9723700,"S"
"TPB","14:22:17",17.95,-0.05,100,9721600,"S"
"TPB","14:22:16",17.95,-0.05,700,9721500,"B"
"TPB","14:22:15",17.95,-0.05,5000,9720800,"B"
"TPB","14:22:13",17.95,-0.05,1000,9715800,"B"
"TPB","14:22:12",17.95,-0.05,1000,9714800,"B"
"TPB","14:22:11",17.95,-0.05,100,9713800,"B"
"TPB","14:22:09",17.95,-0.05,9900,9713700,"B"
"TPB","14:22:08",17.95,-0.05,25100,9703800,"B"
"TPB","14:22:03",17.95,-0.05,1000,9678700,"B"
"TPB","14:22:00",17.95,-0.05,400,9677700,"B"
"TPB","14:21:57",17.95,-0.05,1000,9677300,"B"
"TPB","14:21:54",17.95,-0.05,1000,9676300,"B"
"TPB","14:21:45",17.95,-0.05,1000,9675300,"B"
"TPB","14:21:44",17.95,-0.05,5000,9674300,"B"
"TPB","14:21:40",17.95,-0.05,300,9669300,"B"
"TPB","14:21:37",17.95,-0.05,10000,9669000,"B"
"TPB","14:21:36",17.95,-0.05,1000,9659000,"B"
"TPB","14:21:27",17.95,-0.05,1000,9658000,"B"
"TPB","14:21:20",17.95,-0.05,1000,9657000,"B"
"TPB","14:21:17",17.95,-0.05,1000,9656000,"B"
"TPB","14:21:13",17.95,-0.05,100,9655000,"B"
"TPB","14:21:08",17.95,-0.05,1000,9654900,"B"
"TPB","14:21:06",17.95,-0.05,2500,9653900,"B"
"TPB","14:20:59",17.95,-0.05,1000,9651400,"B"
"TPB","14:20:50",17.95,-0.05,1000,9650400,"B"
"TPB","14:20:41",17.95,-0.05,1000,9649400,"B"
"TPB","14:20:32",17.95,-0.05,1000,9648400,"B"
"TPB","14:20:23",17.95,-0.05,1000,9647400,"B"
"TPB","14:20:22",17.95,-0.05,5000,9646400,"B"
"TPB","14:20:14",17.95,-0.05,1000,9641400,"B"
"TPB","14:20:04",17.95,-0.05,1000,9640400,"B"
"TPB","14:19:55",17.95,-0.05,400,9639400,"B"
"TPB","14:19:55",17.95,-0.05,600,9639000,"B"
"TPB","14:19:46",17.95,-0.05,1000,9638400,"B"
"TPB","14:19:37",17.95,-0.05,1000,9637400,"B"
"TPB","14:19:28",17.95,-0.05,1000,9636400,"B"
"TPB","14:19:19",17.95,-0.05,1000,9635400,"B"
"TPB","14:19:10",17.95,-0.05,1000,9634400,"B"
"TPB","14:19:05",17.95,-0.05,600,9633400,"B"
"TPB","14:19:01",17.95,-0.05,1000,9632800,"B"
"TPB","14:18:52",17.95,-0.05,1000,9631800,"B"
"TPB","14:18:51",17.95,-0.05,500,9630800,"B"
"TPB","14:18:42",17.95,-0.05,1000,9630300,"B"
"TPB","14:18:42",17.95,-0.05,5000,9629300,"B"
"TPB","14:18:38",17.95,-0.05,5000,9624300,"B"
"TPB","14:18:33",17.95,-0.05,1000,9619300,"B"
"TPB","14:18:24",17.95,-0.05,1000,9618300,"B"
"TPB","14:18:15",17.95,-0.05,1000,9617300,"B"
"TPB","14:18:06",17.95,-0.05,1000,9616300,"B"
"TPB","14:18:03",17.95,-0.05,5000,9615300,"B"
"TPB","14:17:57",17.95,-0.05,1000,9610300,"B"
"TPB","14:17:49",17.95,-0.05,1000,9609300,"B"
"TPB","14:17:48",17.95,-0.05,1000,9608300,"B"
"TPB","14:17:39",17.95,-0.05,1000,9607300,"B"
"TPB","14:17:29",17.95,-0.05,1000,9606300,"B"
"TPB","14:17:29",18,0,7300,9605300,"S"
"TPB","14:17:20",17.95,-0.05,1000,9598000,"B"
"TPB","14:17:12",17.95,-0.05,400,9597000,"B"
"TPB","14:17:11",17.95,-0.05,1000,9596600,"B"
"TPB","14:17:02",17.95,-0.05,1000,9595600,"B"
"TPB","14:16:53",17.95,-0.05,1000,9594600,"B"
"TPB","14:16:44",17.95,-0.05,1000,9593600,"B"
"TPB","14:16:35",17.95,-0.05,1000,9592600,"B"
"TPB","14:16:35",17.95,-0.05,10000,9591600,"B"
"TPB","14:16:34",17.95,-0.05,6600,9581600,"B"
"TPB","14:16:30",17.95,-0.05,100,9575000,"B"
"TPB","14:16:27",17.95,-0.05,2200,9574900,"B"
"TPB","14:16:26",17.95,-0.05,1000,9572700,"B"
"TPB","14:16:16",17.95,-0.05,1000,9571700,"B"
"TPB","14:16:07",17.95,-0.05,1000,9570700,"B"
"TPB","14:16:03",17.95,-0.05,1000,9569700,"B"
"TPB","14:15:58",17.95,-0.05,1000,9568700,"B"
"TPB","14:15:49",17.95,-0.05,1000,9567700,"B"
"TPB","14:15:44",18,0,1900,9566700,"S"
"TPB","14:15:40",17.95,-0.05,1000,9564800,"B"
"TPB","14:15:35",18,0,300,9563800,"S"
"TPB","14:15:31",17.95,-0.05,1000,9563500,"B"
"TPB","14:15:30",18,0,5400,9562500,"B"
"TPB","14:15:29",18,0,400,9557100,"B"
"TPB","14:15:27",18,0,1000,9556700,"B"
"TPB","14:15:25",18.05,0.05,3000,9555700,"S"
"TPB","14:15:25",18,0,1000,9552700,"B"
"TPB","14:15:24",18,0,20000,9551700,"B"
"TPB","14:15:23",18,0,500,9531700,"B"
"TPB","14:15:22",18,0,6000,9531200,"B"
"TPB","14:15:20",18,0,1000,9525200,"B"
"TPB","14:15:15",18.05,0.05,5000,9524200,"S"
"TPB","14:15:14",18,0,30000,9519200,"B"
"TPB","14:15:13",18,0,24000,9489200,"B"
"TPB","14:15:03",18,0,1000,9465200,"B"
"TPB","14:14:58",18,0,2000,9464200,"B"
"TPB","14:14:57",18.05,0.05,900,9462200,"S"
"TPB","14:14:54",18,0,1000,9461300,"B"
"TPB","14:14:53",18.05,0.05,900,9460300,"S"
"TPB","14:14:49",18.05,0.05,9900,9459400,"B"
"TPB","14:14:46",18.1,0.1,1000,9449500,"S"
"TPB","14:14:45",18.05,0.05,1000,9448500,"B"
"TPB","14:14:43",18.05,0.05,8000,9447500,"B"
"TPB","14:14:40",18.1,0.1,2000,9439500,"S"
"TPB","14:14:39",18.1,0.1,1800,9437500,"S"
"TPB","14:14:36",18.05,0.05,1000,9435700,"B"
"TPB","14:14:33",18.05,0.05,100,9434700,"B"
"TPB","14:14:33",18.1,0.1,300,9434600,"S"
"TPB","14:14:32",18.1,0.1,6200,9434300,"B"
"TPB","14:14:31",18.1,0.1,4900,9428100,"B"
"TPB","14:14:29",18.1,0.1,18000,9423200,"B"
"TPB","14:14:29",18.1,0.1,50000,9405200,"B"
"TPB","14:14:28",18.1,0.1,5000,9355200,"B"
"TPB","14:14:28",18.1,0.1,5000,9350200,"B"
"TPB","14:14:27",18.1,0.1,1000,9345200,"B"
"TPB","14:14:24",18.1,0.1,150000,9344200,"B"
"TPB","14:14:22",18.1,0.1,40000,9194200,"B"
"TPB","14:14:16",18.1,0.1,500,9154200,"B"
"TPB","14:14:12",18.1,0.1,30000,9153700,"B"
"TPB","14:14:10",18.1,0.1,100,9123700,"B"
"TPB","14:14:09",18.15,0.15,10000,9123600,"S"
"TPB","14:14:09",18.1,0.1,50000,9113600,"B"
"TPB","14:14:00",18.1,0.1,100,9063600,"B"
"TPB","14:14:00",18.15,0.15,8900,9063500,"S"
"TPB","14:13:58",18.1,0.1,7000,9054600,"B"
"TPB","14:13:51",18.15,0.15,9600,9047600,"S"
"TPB","14:13:46",18.15,0.15,600,9038000,"S"
"TPB","14:13:40",18.15,0.15,2000,9037400,"S"
"TPB","14:13:40",18.1,0.1,30000,9035400,"B"
"TPB","14:13:38",18.15,0.15,9900,9005400,"S"
"TPB","14:13:36",18.15,0.15,500,8995500,"S"
"TPB","14:13:25",18.15,0.15,10200,8995000,"S"
"TPB","14:13:19",18.1,0.1,5000,8984800,"B"
"TPB","14:13:13",18.15,0.15,10000,8979800,"S"
"TPB","14:13:13",18.15,0.15,100,8969800,"S"
"TPB","14:13:12",18.1,0.1,1200,8969700,"B"
"TPB","14:13:10",18.15,0.15,8200,8968500,"S"
"TPB","14:13:03",18.1,0.1,6000,8960300,"B"
"TPB","14:13:03",18.15,0.15,10000,8954300,"S"
"TPB","14:13:02",18.1,0.1,100,8944300,"B"
"TPB","14:12:54",18.1,0.1,300,8944200,"B"
"TPB","14:12:42",18.1,0.1,500,8943900,"B"
"TPB","14:12:41",18.1,0.1,2000,8943400,"B"
"TPB","14:12:37",18.1,0.1,5000,8941400,"B"
"TPB","14:12:35",18.1,0.1,200,8936400,"B"
"TPB","14:12:35",18.15,0.15,3600,8936200,"S"
"TPB","14:12:35",18.15,0.15,15400,8932600,"S"
"TPB","14:12:34",18.1,0.1,500,8917200,"B"
"TPB","14:12:33",18.1,0.1,100,8916700,"B"
"TPB","14:12:31",18.1,0.1,1000,8916600,"B"
"TPB","14:12:22",18.1,0.1,10000,8915600,"B"
"TPB","14:12:21",18.1,0.1,1500,8905600,"B"
"TPB","14:12:07",18.1,0.1,3000,8904100,"B"
"TPB","14:12:03",18.1,0.1,4000,8901100,"B"
"TPB","14:11:58",18.15,0.15,100,8897100,"S"
"TPB","14:11:54",18.1,0.1,2000,8897000,"B"
"TPB","14:11:52",18.1,0.1,1000,8895000,"B"
"TPB","14:11:49",18.1,0.1,1500,8894000,"B"
"TPB","14:11:39",18.1,0.1,100,8892500,"B"
"TPB","14:11:31",18.1,0.1,31800,8892400,"S"
"TPB","14:11:30",18.1,0.1,20000,8860600,"S"
"TPB","14:11:17",18.1,0.1,50000,8840600,"S"
"TPB","14:10:49",18.1,0.1,2000,8790600,"S"
"TPB","14:10:48",18.1,0.1,2000,8788600,"S"
"TPB","14:10:46",18.1,0.1,1000,8786600,"S"
"TPB","14:10:43",18.1,0.1,2500,8785600,"S"
"TPB","14:10:42",18.05,0.05,100,8783100,"B"
"TPB","14:10:39",18.1,0.1,5000,8783000,"S"
"TPB","14:10:35",18.1,0.1,300,8778000,"S"
"TPB","14:10:30",18.1,0.1,1000,8777700,"S"
"TPB","14:10:27",18.1,0.1,1200,8776700,"S"
"TPB","14:10:20",18.1,0.1,1000,8775500,"S"
"TPB","14:10:17",18.1,0.1,5000,8774500,"S"
"TPB","14:10:15",18.1,0.1,10000,8769500,"S"
"TPB","14:10:06",18.1,0.1,100,8759500,"S"
"TPB","14:10:06",18.1,0.1,6800,8759400,"S"
"TPB","14:10:01",18.1,0.1,5400,8752600,"S"
"TPB","14:10:00",18.1,0.1,800,8747200,"S"
"TPB","14:09:59",18.1,0.1,6000,8746400,"S"
"TPB","14:09:58",18.1,0.1,151000,8740400,"S"
"TPB","14:09:52",18.1,0.1,2500,8589400,"S"
"TPB","14:09:51",18.1,0.1,4900,8586900,"S"
"TPB","14:09:50",18.1,0.1,6000,8582000,"S"
"TPB","14:09:49",18.05,0.05,5000,8576000,"B"
"TPB","14:09:47",18.1,0.1,5000,8571000,"S"
"TPB","14:09:37",18.1,0.1,14500,8566000,"S"
"TPB","14:09:37",18.1,0.1,5600,8551500,"S"
"TPB","14:09:33",18.1,0.1,35000,8545900,"S"
"TPB","14:09:30",18.1,0.1,1000,8510900,"S"
"TPB","14:09:29",18.1,0.1,100,8509900,"S"
"TPB","14:09:14",18.1,0.1,2000,8509800,"S"
"TPB","14:09:07",18.1,0.1,13000,8507800,"S"
"TPB","14:08:59",18.1,0.1,60000,8494800,"S"
"TPB","14:08:45",18.1,0.1,5000,8434800,"S"
"TPB","14:08:43",18.05,0.05,500,8429800,"B"
"TPB","14:08:38",18.05,0.05,46800,8429300,"S"
"TPB","14:08:35",18.05,0.05,1000,8382500,"S"
"TPB","14:08:30",18.05,0.05,2500,8381500,"S"
"TPB","14:08:29",18.05,0.05,6700,8379000,"B"
"TPB","14:08:29",18.05,0.05,1300,8372300,"B"
"TPB","14:08:25",18.05,0.05,100,8371000,"B"
"TPB","14:08:19",18.05,0.05,900,8370900,"B"
"TPB","14:08:13",18.05,0.05,145300,8370000,"S"
"TPB","14:08:13",18.05,0.05,4800,8224700,"S"
"TPB","14:08:01",18.05,0.05,5000,8219900,"S"
"TPB","14:07:54",18.05,0.05,10000,8214900,"S"
"TPB","14:07:52",18,0,4100,8204900,"B"
"TPB","14:07:46",18.05,0.05,7000,8200800,"S"
"TPB","14:07:36",18.05,0.05,1700,8193800,"S"
"TPB","14:07:34",18.05,0.05,5000,8192100,"S"
"TPB","14:07:21",18.05,0.05,100,8187100,"S"
"TPB","14:07:01",18.05,0.05,500,8187000,"S"
"TPB","14:06:54",18,0,1000,8186500,"B"
"TPB","14:06:52",18,0,11500,8185500,"B"
"TPB","14:06:52",18,0,18500,8174000,"B"
"TPB","14:06:51",18.05,0.05,1000,8155500,"S"
"TPB","14:06:49",18.05,0.05,4700,8154500,"S"
"TPB","14:06:45",18.05,0.05,200,8149800,"S"
"TPB","14:06:44",18,0,5000,8149600,"B"
"TPB","14:06:08",18,0,100,8144600,"B"
"TPB","14:06:06",18.05,0.05,5000,8144500,"S"
"TPB","14:06:00",18,0,77400,8139500,"S"
"TPB","14:05:55",18,0,100500,8062100,"S"
"TPB","14:05:48",17.95,-0.05,5000,7961600,"B"
"TPB","14:05:47",18,0,2000,7956600,"S"
"TPB","14:05:42",18,0,15000,7954600,"S"
"TPB","14:05:31",18,0,200,7939600,"S"
"TPB","14:05:23",18,0,1000,7939400,"S"
"TPB","14:05:14",18,0,25000,7938400,"S"
"TPB","14:05:07",18,0,2000,7913400,"S"
"TPB","14:05:04",17.95,-0.05,4900,7911400,"B"
"TPB","14:04:35",17.95,-0.05,5000,7906500,"B"
"TPB","14:04:30",17.95,-0.05,5000,7901500,"B"
"TPB","14:04:12",18,0,200,7896500,"S"
"TPB","14:03:38",18,0,1000,7896300,"S"
"TPB","14:03:22",18,0,100,7895300,"S"
"TPB","14:02:37",18,0,21400,7895200,"S"
"TPB","14:02:01",18,0,5000,7873800,"S"
"TPB","14:01:55",18,0,1200,7868800,"S"
"TPB","14:01:53",18,0,3000,7867600,"S"
"TPB","14:01:44",18,0,89200,7864600,"B"
"TPB","14:01:31",18.05,0.05,9900,7775400,"S"
"TPB","14:01:17",18.05,0.05,100,7765500,"S"
"TPB","14:00:52",18,0,1000,7765400,"B"
"TPB","14:00:28",18,0,80800,7764400,"S"
"TPB","14:00:24",18,0,40000,7683600,"S"
"TPB","14:00:12",18,0,500,7643600,"S"
"TPB","14:00:09",17.95,-0.05,500,7643100,"B"
"TPB","13:59:54",17.95,-0.05,5000,7642600,"B"
"TPB","13:59:34",17.95,-0.05,2000,7637600,"B"
"TPB","13:59:17",17.95,-0.05,1000,7635600,"B"
"TPB","13:59:08",17.95,-0.05,2700,7634600,"S"
"TPB","13:59:06",17.95,-0.05,10000,7631900,"S"
"TPB","13:59:04",17.95,-0.05,1000,7621900,"S"
"TPB","13:58:53",17.95,-0.05,1000,7620900,"S"
"TPB","13:58:52",17.95,-0.05,200,7619900,"S"
"TPB","13:58:49",17.95,-0.05,5000,7619700,"S"
"TPB","13:58:43",17.95,-0.05,5100,7614700,"B"
"TPB","13:58:40",17.95,-0.05,700,7609600,"B"
"TPB","13:58:39",17.95,-0.05,300,7608900,"B"
"TPB","13:58:22",17.95,-0.05,1500,7608600,"B"
"TPB","13:58:17",17.95,-0.05,18200,7607100,"S"
"TPB","13:58:16",17.95,-0.05,600,7588900,"S"
"TPB","13:58:12",17.95,-0.05,1500,7588300,"S"
"TPB","13:58:10",17.9,-0.1,30000,7586800,"B"
"TPB","13:58:09",17.95,-0.05,10000,7556800,"S"
"TPB","13:58:08",17.95,-0.05,1000,7546800,"S"
"TPB","13:58:07",17.95,-0.05,900,7545800,"S"
"TPB","13:58:01",17.95,-0.05,100,7544900,"S"
"TPB","13:57:59",17.95,-0.05,200,7544800,"S"
"TPB","13:57:56",17.95,-0.05,3000,7544600,"S"
"TPB","13:57:55",17.9,-0.1,1500,7541600,"B"
"TPB","13:57:51",17.95,-0.05,3000,7540100,"S"
"TPB","13:57:48",17.95,-0.05,200,7537100,"S"
"TPB","13:57:47",17.95,-0.05,400,7536900,"S"
"TPB","13:57:45",17.95,-0.05,20000,7536500,"S"
"TPB","13:57:41",17.95,-0.05,5800,7516500,"S"
"TPB","13:57:38",17.95,-0.05,500,7510700,"S"
"TPB","13:57:34",17.95,-0.05,12800,7510200,"S"
"TPB","13:57:32",17.95,-0.05,100,7497400,"S"
"TPB","13:57:30",17.95,-0.05,5000,7497300,"S"
"TPB","13:57:29",17.95,-0.05,100,7492300,"S"
"TPB","13:57:26",17.95,-0.05,100,7492200,"S"
"TPB","13:57:04",17.95,-0.05,5000,7492100,"S"
"TPB","13:56:35",17.95,-0.05,7700,7487100,"S"
"TPB","13:56:21",17.95,-0.05,3000,7479400,"S"
"TPB","13:55:59",17.9,-0.1,100,7476400,"B"
"TPB","13:55:55",17.95,-0.05,200,7476300,"S"
"TPB","13:55:48",17.9,-0.1,5000,7476100,"B"
"TPB","13:55:45",17.9,-0.1,5000,7471100,"B"
"TPB","13:55:24",17.95,-0.05,100,7466100,"S"
"TPB","13:55:17",17.95,-0.05,200,7466000,"S"
"TPB","13:55:16",17.9,-0.1,7700,7465800,"B"
"TPB","13:55:09",17.95,-0.05,900,7458100,"S"
"TPB","13:54:56",17.9,-0.1,5000,7457200,"B"
"TPB","13:53:57",17.9,-0.1,1000,7452200,"B"
"TPB","13:53:54",17.9,-0.1,1000,7451200,"B"
"TPB","13:53:27",17.9,-0.1,3800,7450200,"S"
"TPB","13:53:21",17.9,-0.1,100,7446400,"S"
"TPB","13:53:17",17.9,-0.1,2100,7446300,"S"
"TPB","13:53:16",17.9,-0.1,2000,7444200,"S"
"TPB","13:53:09",17.9,-0.1,11000,7442200,"S"
"TPB","13:53:02",17.9,-0.1,200,7431200,"S"
"TPB","13:52:51",17.9,-0.1,3500,7431000,"S"
"TPB","13:52:25",17.9,-0.1,100,7427500,"S"
"TPB","13:52:19",17.9,-0.1,500,7427400,"S"
"TPB","13:52:00",17.9,-0.1,500,7426900,"S"
"TPB","13:51:59",17.9,-0.1,100,7426400,"S"
"TPB","13:51:56",17.9,-0.1,5000,7426300,"S"
"TPB","13:51:54",17.9,-0.1,500,7421300,"S"
"TPB","13:51:50",17.9,-0.1,2000,7420800,"S"
"TPB","13:51:31",17.9,-0.1,20000,7418800,"S"
"TPB","13:51:23",17.85,-0.15,1000,7398800,"B"
"TPB","13:50:59",17.85,-0.15,5000,7397800,"B"
"TPB","13:50:56",17.85,-0.15,5000,7392800,"B"
"TPB","13:50:50",17.85,-0.15,17600,7387800,"S"
"TPB","13:50:49",17.85,-0.15,200,7370200,"S"
"TPB","13:50:48",17.8,-0.2,10000,7370000,"B"
"TPB","13:50:48",17.85,-0.15,10000,7360000,"S"
"TPB","13:50:47",17.85,-0.15,8000,7350000,"S"
"TPB","13:50:43",17.85,-0.15,1000,7342000,"S"
"TPB","13:50:35",17.85,-0.15,500,7341000,"S"
"TPB","13:50:33",17.85,-0.15,11500,7340500,"S"
"TPB","13:50:28",17.85,-0.15,600,7329000,"S"
"TPB","13:50:24",17.85,-0.15,1000,7328400,"S"
"TPB","13:50:18",17.85,-0.15,500,7327400,"S"
"TPB","13:50:15",17.85,-0.15,3000,7326900,"S"
"TPB","13:50:14",17.85,-0.15,1000,7323900,"S"
"TPB","13:50:08",17.85,-0.15,100,7322900,"S"
"TPB","13:50:06",17.85,-0.15,100,7322800,"S"
"TPB","13:50:03",17.85,-0.15,100,7322700,"S"
"TPB","13:50:02",17.85,-0.15,295400,7322600,"B"
"TPB","13:49:31",17.85,-0.15,200,7027200,"B"
"TPB","13:49:12",17.85,-0.15,200,7027000,"B"
"TPB","13:49:11",17.85,-0.15,4800,7026800,"B"
"TPB","13:48:53",17.9,-0.1,1000,7022000,"S"
"TPB","13:48:47",17.9,-0.1,2000,7021000,"S"
"TPB","13:48:46",17.85,-0.15,100,7019000,"B"
"TPB","13:48:41",17.9,-0.1,100,7018900,"S"
"TPB","13:48:31",17.9,-0.1,500,7018800,"S"
"TPB","13:48:24",17.85,-0.15,200,7018300,"B"
"TPB","13:48:20",17.9,-0.1,500,7018100,"S"
"TPB","13:48:16",17.9,-0.1,1000,7017600,"S"
"TPB","13:48:13",17.9,-0.1,1000,7016600,"S"
"TPB","13:48:09",17.9,-0.1,1000,7015600,"S"
"TPB","13:48:02",17.9,-0.1,1000,7014600,"S"
"TPB","13:47:55",17.9,-0.1,1000,7013600,"S"
"TPB","13:47:52",17.9,-0.1,1000,7012600,"S"
"TPB","13:47:48",17.9,-0.1,5000,7011600,"S"
"TPB","13:47:46",17.9,-0.1,1000,7006600,"S"
"TPB","13:47:39",17.9,-0.1,12000,7005600,"S"
"TPB","13:47:22",17.9,-0.1,5200,6993600,"S"
"TPB","13:47:20",17.9,-0.1,1600,6988400,"B"
"TPB","13:47:19",17.9,-0.1,50000,6986800,"B"
"TPB","13:47:11",17.9,-0.1,6600,6936800,"B"
"TPB","13:47:07",17.9,-0.1,2200,6930200,"B"
"TPB","13:46:39",17.95,-0.05,600,6928000,"S"
"TPB","13:46:27",17.95,-0.05,100,6927400,"S"
"TPB","13:46:13",17.95,-0.05,100,6927300,"S"
"TPB","13:46:09",17.9,-0.1,2200,6927200,"B"
"TPB","13:45:55",17.95,-0.05,100,6925000,"S"
"TPB","13:45:51",17.95,-0.05,10300,6924900,"S"
"TPB","13:45:48",17.9,-0.1,4200,6914600,"B"
"TPB","13:45:38",17.9,-0.1,5000,6910400,"B"
"TPB","13:45:38",17.9,-0.1,4200,6905400,"B"
"TPB","13:45:36",17.9,-0.1,1600,6901200,"B"
"TPB","13:45:28",17.9,-0.1,4000,6899600,"B"
"TPB","13:45:28",17.9,-0.1,5000,6895600,"B"
"TPB","13:45:25",17.95,-0.05,100,6890600,"S"
"TPB","13:45:21",17.95,-0.05,500,6890500,"S"
"TPB","13:45:14",17.95,-0.05,6700,6890000,"B"
"TPB","13:45:08",17.95,-0.05,10000,6883300,"B"
"TPB","13:44:43",17.95,-0.05,5000,6873300,"B"
"TPB","13:44:32",17.95,-0.05,100,6868300,"B"
"TPB","13:44:28",17.95,-0.05,400,6868200,"B"
"TPB","13:44:23",17.95,-0.05,2200,6867800,"B"
"TPB","13:44:11",17.95,-0.05,100,6865600,"B"
"TPB","13:44:09",18,0,1500,6865500,"S"
"TPB","13:43:56",17.95,-0.05,4200,6864000,"B"
"TPB","13:43:53",17.95,-0.05,2200,6859800,"B"
"TPB","13:43:51",17.95,-0.05,13000,6857600,"B"
"TPB","13:43:32",17.95,-0.05,5000,6844600,"B"
"TPB","13:43:25",17.95,-0.05,500,6839600,"B"
"TPB","13:43:14",17.95,-0.05,44600,6839100,"S"
"TPB","13:42:55",17.95,-0.05,10000,6794500,"S"
"TPB","13:42:49",17.95,-0.05,10000,6784500,"S"
"TPB","13:42:45",17.95,-0.05,100,6774500,"S"
"TPB","13:42:28",17.9,-0.1,2000,6774400,"B"
"TPB","13:42:25",17.9,-0.1,5000,6772400,"B"
"TPB","13:42:20",17.95,-0.05,1000,6767400,"S"
"TPB","13:42:20",17.9,-0.1,4200,6766400,"B"
"TPB","13:41:57",17.9,-0.1,1000,6762200,"B"
"TPB","13:41:51",17.9,-0.1,200,6761200,"B"
"TPB","13:41:50",17.9,-0.1,4200,6761000,"B"
"TPB","13:41:48",17.9,-0.1,3000,6756800,"B"
"TPB","13:41:44",17.9,-0.1,10500,6753800,"S"
"TPB","13:41:43",17.85,-0.15,1900,6743300,"B"
"TPB","13:41:42",17.9,-0.1,300,6741400,"S"
"TPB","13:41:40",17.9,-0.1,3000,6741100,"S"
"TPB","13:41:40",17.9,-0.1,500,6738100,"S"
"TPB","13:41:37",17.9,-0.1,400,6737600,"S"
"TPB","13:41:33",17.9,-0.1,2000,6737200,"S"
"TPB","13:41:30",17.9,-0.1,1000,6735200,"S"
"TPB","13:41:25",17.9,-0.1,200,6734200,"S"
"TPB","13:41:25",17.9,-0.1,5000,6734000,"S"
"TPB","13:41:24",17.85,-0.15,5000,6729000,"B"
"TPB","13:41:24",17.9,-0.1,5100,6724000,"S"
"TPB","13:41:20",17.9,-0.1,100,6718900,"S"
"TPB","13:41:18",17.9,-0.1,5000,6718800,"S"
"TPB","13:41:14",17.9,-0.1,1000,6713800,"S"
"TPB","13:41:12",17.9,-0.1,200,6712800,"S"
"TPB","13:41:10",17.9,-0.1,600,6712600,"S"
"TPB","13:41:08",17.9,-0.1,700,6712000,"S"
"TPB","13:40:56",17.9,-0.1,100,6711300,"S"
"TPB","13:40:54",17.9,-0.1,1000,6711200,"S"
"TPB","13:40:50",17.9,-0.1,500,6710200,"S"
"TPB","13:40:49",17.9,-0.1,33100,6709700,"S"
"TPB","13:40:46",17.9,-0.1,100,6676600,"S"
"TPB","13:40:40",17.9,-0.1,5000,6676500,"S"
"TPB","13:40:38",17.9,-0.1,5000,6671500,"S"
"TPB","13:40:21",17.9,-0.1,300,6666500,"S"
"TPB","13:40:10",17.9,-0.1,100,6666200,"S"
"TPB","13:40:09",17.9,-0.1,1000,6666100,"S"
"TPB","13:40:05",17.9,-0.1,100,6665100,"S"
"TPB","13:40:04",17.9,-0.1,10300,6665000,"S"
"TPB","13:39:59",17.9,-0.1,200,6654700,"S"
"TPB","13:39:55",17.9,-0.1,800,6654500,"S"
"TPB","13:39:48",17.9,-0.1,300,6653700,"S"
"TPB","13:39:43",17.85,-0.15,5000,6653400,"B"
"TPB","13:39:05",17.9,-0.1,100,6648400,"S"
"TPB","13:38:55",17.9,-0.1,100,6648300,"S"
"TPB","13:38:50",17.85,-0.15,100,6648200,"B"
"TPB","13:38:46",17.85,-0.15,400,6648100,"B"
"TPB","13:38:42",17.9,-0.1,100,6647700,"S"
"TPB","13:38:34",17.85,-0.15,100,6647600,"B"
"TPB","13:38:27",17.9,-0.1,2000,6647500,"S"
"TPB","13:38:24",17.9,-0.1,1000,6645500,"S"
"TPB","13:38:19",17.85,-0.15,5000,6644500,"B"
"TPB","13:38:19",17.9,-0.1,4600,6639500,"S"
"TPB","13:38:13",17.9,-0.1,600,6634900,"S"
"TPB","13:37:59",17.85,-0.15,100,6634300,"B"
"TPB","13:37:58",17.85,-0.15,56800,6634200,"B"
"TPB","13:37:58",17.85,-0.15,1000,6577400,"B"
"TPB","13:37:56",17.9,-0.1,5000,6576400,"S"
"TPB","13:37:55",17.9,-0.1,10000,6571400,"S"
"TPB","13:37:48",17.85,-0.15,2500,6561400,"B"
"TPB","13:37:32",17.9,-0.1,200,6558900,"S"
"TPB","13:37:28",17.9,-0.1,11700,6558700,"B"
"TPB","13:37:08",17.9,-0.1,200,6547000,"B"
"TPB","13:37:06",17.9,-0.1,100,6546800,"B"
"TPB","13:36:55",17.85,-0.15,3500,6546700,"B"
"TPB","13:36:52",17.9,-0.1,3500,6541700,"S"
"TPB","13:36:49",17.9,-0.1,2000,6538200,"S"
"TPB","13:36:43",17.9,-0.1,2000,6536200,"S"
"TPB","13:36:37",17.9,-0.1,9000,6534200,"S"
"TPB","13:36:23",17.9,-0.1,6000,6525200,"S"
"TPB","13:36:19",17.9,-0.1,100,6519200,"S"
"TPB","13:36:17",17.9,-0.1,2000,6519100,"S"
"TPB","13:36:16",17.9,-0.1,100,6517100,"S"
"TPB","13:35:53",17.9,-0.1,500,6507000,"S"
"TPB","13:35:47",17.9,-0.1,300,6506500,"S"
"TPB","13:35:45",17.9,-0.1,1000,6506200,"S"
"TPB","13:35:34",17.9,-0.1,100,6505200,"S"
"TPB","13:35:31",17.85,-0.15,5000,6505100,"B"
"TPB","13:35:28",17.9,-0.1,30000,6500100,"S"
"TPB","13:35:23",17.9,-0.1,50000,6470100,"S"
"TPB","13:35:20",17.9,-0.1,100,6420100,"S"
"TPB","13:35:05",17.9,-0.1,200,6420000,"S"
"TPB","13:34:56",17.9,-0.1,100,6419800,"S"
"TPB","13:34:52",17.9,-0.1,300,6419700,"S"
"TPB","13:34:42",17.85,-0.15,400,6419400,"B"
"TPB","13:34:32",17.9,-0.1,100,6419000,"S"
"TPB","13:34:18",17.9,-0.1,100,6418900,"S"
"TPB","13:34:09",17.85,-0.15,200,6418800,"B"
"TPB","13:33:58",17.9,-0.1,1000,6418600,"S"
"TPB","13:33:26",17.9,-0.1,500,6417600,"S"
"TPB","13:33:19",17.9,-0.1,100,6417100,"S"
"TPB","13:33:18",17.85,-0.15,5000,6417000,"B"
"TPB","13:33:06",17.85,-0.15,300,6412000,"B"
"TPB","13:32:40",17.9,-0.1,3700,6411700,"B"
"TPB","13:32:24",17.9,-0.1,5300,6408000,"S"
"TPB","13:32:11",17.9,-0.1,600,6402700,"B"
"TPB","13:32:09",17.9,-0.1,1000,6402100,"B"
"TPB","13:32:07",17.9,-0.1,500,6401100,"B"
"TPB","13:32:02",17.9,-0.1,100,6400600,"B"
"TPB","13:31:43",17.9,-0.1,5000,6400500,"B"
"TPB","13:31:42",17.9,-0.1,2900,6395500,"S"
"TPB","13:31:32",17.9,-0.1,4100,6392600,"B"
"TPB","13:31:23",17.9,-0.1,600,6388500,"B"
"TPB","13:31:14",17.9,-0.1,5000,6387900,"B"
"TPB","13:31:08",17.9,-0.1,500,6382900,"B"
"TPB","13:30:47",17.9,-0.1,7000,6382400,"B"
"TPB","13:30:42",17.9,-0.1,11000,6375400,"B"
"TPB","13:30:41",17.9,-0.1,3300,6364400,"B"
"TPB","13:30:39",17.9,-0.1,1100,6361100,"B"
"TPB","13:30:25",17.9,-0.1,2000,6360000,"B"
"TPB","13:30:23",17.95,-0.05,3000,6358000,"S"
"TPB","13:30:18",17.9,-0.1,10000,6355000,"B"
"TPB","13:29:53",17.9,-0.1,300,6345000,"B"
"TPB","13:29:34",17.9,-0.1,500,6344700,"B"
"TPB","13:29:28",17.9,-0.1,3600,6344200,"S"
"TPB","13:29:27",17.9,-0.1,1000,6340600,"S"
"TPB","13:28:56",17.9,-0.1,600,6339600,"B"
"TPB","13:28:55",17.9,-0.1,5000,6339000,"B"
"TPB","13:28:50",17.9,-0.1,5000,6334000,"B"
"TPB","13:28:16",17.9,-0.1,1000,6329000,"B"
"TPB","13:28:10",17.9,-0.1,10000,6328000,"B"
"TPB","13:28:06",17.9,-0.1,2000,6318000,"B"
"TPB","13:27:48",17.9,-0.1,1000,6316000,"B"
"TPB","13:27:46",17.9,-0.1,1500,6315000,"S"
"TPB","13:27:24",17.9,-0.1,100,6313500,"B"
"TPB","13:27:23",17.9,-0.1,4900,6313400,"B"
"TPB","13:27:07",17.9,-0.1,1400,6308500,"B"
"TPB","13:27:04",17.9,-0.1,6000,6307100,"B"
"TPB","13:26:58",17.9,-0.1,1000,6301100,"B"
"TPB","13:26:47",17.9,-0.1,4400,6300100,"B"
"TPB","13:26:46",17.9,-0.1,600,6295700,"B"
"TPB","13:26:25",17.9,-0.1,1000,6295100,"B"
"TPB","13:26:19",17.9,-0.1,5000,6294100,"B"
"TPB","13:26:14",17.9,-0.1,10000,6289100,"B"
"TPB","13:26:00",17.95,-0.05,1000,6279100,"S"
"TPB","13:25:56",17.9,-0.1,5000,6278100,"B"
"TPB","13:25:54",17.9,-0.1,2000,6273100,"B"
"TPB","13:25:53",17.9,-0.1,4200,6271100,"B"
"TPB","13:25:44",17.9,-0.1,4200,6266900,"B"
"TPB","13:25:32",17.9,-0.1,500,6262700,"B"
"TPB","13:25:03",17.9,-0.1,100,6262200,"B"
"TPB","13:24:56",17.9,-0.1,700,6262100,"B"
"TPB","13:24:50",17.9,-0.1,5000,6261400,"B"
"TPB","13:24:49",17.9,-0.1,1000,6256400,"B"
"TPB","13:24:44",17.9,-0.1,5700,6255400,"B"
"TPB","13:24:32",17.9,-0.1,5000,6249700,"B"
"TPB","13:24:17",17.9,-0.1,1000,6244700,"B"
"TPB","13:24:14",17.9,-0.1,200,6243700,"B"
"TPB","13:24:07",17.9,-0.1,100,6243500,"B"
"TPB","13:24:00",17.9,-0.1,1500,6243400,"B"
"TPB","13:23:42",17.9,-0.1,2000,6241900,"B"
"TPB","13:23:36",17.9,-0.1,1000,6239900,"B"
"TPB","13:23:21",17.9,-0.1,1000,6238900,"B"
"TPB","13:23:20",17.9,-0.1,900,6237900,"B"
"TPB","13:23:19",17.9,-0.1,5000,6237000,"B"
"TPB","13:23:06",17.9,-0.1,23500,6232000,"B"
"TPB","13:22:33",17.9,-0.1,1000,6208500,"B"
"TPB","13:22:03",17.9,-0.1,200,6207500,"B"
"TPB","13:21:59",17.9,-0.1,800,6207300,"B"
"TPB","13:21:56",17.9,-0.1,10000,6206500,"B"
"TPB","13:21:55",17.9,-0.1,2500,6196500,"S"
"TPB","13:21:43",17.85,-0.15,2000,6194000,"B"
"TPB","13:21:37",17.9,-0.1,5000,6192000,"S"
"TPB","13:21:28",17.9,-0.1,3100,6187000,"S"
"TPB","13:21:17",17.9,-0.1,300,6183900,"S"
"TPB","13:21:15",17.85,-0.15,300,6183600,"B"
"TPB","13:21:11",17.9,-0.1,2100,6183300,"S"
"TPB","13:21:09",17.9,-0.1,500,6181200,"S"
"TPB","13:21:08",17.9,-0.1,2300,6180700,"B"
"TPB","13:20:58",17.9,-0.1,600,6178400,"B"
"TPB","13:20:53",17.9,-0.1,400,6177800,"S"
"TPB","13:20:48",17.9,-0.1,100,6177400,"S"
"TPB","13:20:46",17.85,-0.15,200,6177300,"B"
"TPB","13:20:46",17.9,-0.1,6800,6177100,"B"
"TPB","13:20:46",17.9,-0.1,50000,6170300,"B"
"TPB","13:20:42",17.9,-0.1,6000,6120300,"B"
"TPB","13:20:37",17.9,-0.1,43900,6114300,"B"
"TPB","13:20:35",17.95,-0.05,300,6070400,"S"
"TPB","13:20:33",17.9,-0.1,300,6070100,"B"
"TPB","13:20:25",17.9,-0.1,4200,6069800,"B"
"TPB","13:20:19",17.9,-0.1,4200,6065600,"B"
"TPB","13:20:12",17.9,-0.1,4200,6061400,"B"
"TPB","13:20:11",17.9,-0.1,5000,6057200,"B"
"TPB","13:20:00",17.9,-0.1,4200,6052200,"B"
"TPB","13:19:54",17.9,-0.1,4200,6048000,"B"
"TPB","13:19:52",17.9,-0.1,1000,6043800,"B"
"TPB","13:19:48",17.9,-0.1,4200,6042800,"B"
"TPB","13:19:36",17.9,-0.1,2000,6038600,"B"
"TPB","13:19:22",17.9,-0.1,5000,6036600,"B"
"TPB","13:19:19",17.95,-0.05,1400,6031600,"S"
"TPB","13:19:17",17.9,-0.1,49500,6030200,"B"
"TPB","13:19:04",17.9,-0.1,5000,5980700,"B"
"TPB","13:18:39",17.95,-0.05,300,5975700,"S"
"TPB","13:18:27",17.95,-0.05,400,5975400,"S"
"TPB","13:18:02",17.95,-0.05,100,5975000,"S"
"TPB","13:17:54",17.9,-0.1,5000,5974900,"B"
"TPB","13:17:16",17.95,-0.05,100,5969900,"S"
"TPB","13:17:14",17.95,-0.05,300,5969800,"S"
"TPB","13:17:00",17.95,-0.05,5000,5969500,"S"
"TPB","13:16:50",17.9,-0.1,4000,5964500,"B"
"TPB","13:16:43",17.9,-0.1,2000,5960500,"B"
"TPB","13:16:28",17.9,-0.1,2000,5958500,"B"
"TPB","13:16:27",17.9,-0.1,2000,5956500,"B"
"TPB","13:16:11",17.9,-0.1,5000,5954500,"B"
"TPB","13:16:07",17.9,-0.1,500,5949500,"B"
"TPB","13:16:04",17.95,-0.05,5000,5949000,"S"
"TPB","13:15:56",17.9,-0.1,15400,5944000,"B"
"TPB","13:15:51",17.95,-0.05,100,5928600,"S"
"TPB","13:15:45",17.95,-0.05,100,5928500,"S"
"TPB","13:15:43",17.95,-0.05,5000,5928400,"S"
"TPB","13:15:29",17.95,-0.05,100,5923400,"S"
"TPB","13:15:26",17.9,-0.1,2300,5923300,"B"
"TPB","13:15:17",17.9,-0.1,5000,5921000,"B"
"TPB","13:15:17",17.95,-0.05,500,5916000,"S"
"TPB","13:15:07",17.95,-0.05,5000,5915500,"S"
"TPB","13:15:06",17.95,-0.05,1000,5910500,"S"
"TPB","13:14:55",17.95,-0.05,200,5909500,"S"
"TPB","13:14:52",17.95,-0.05,100,5909300,"S"
"TPB","13:14:36",17.95,-0.05,100,5909200,"S"
"TPB","13:14:25",17.95,-0.05,8000,5909100,"B"
"TPB","13:14:14",17.95,-0.05,30000,5901100,"B"
"TPB","13:14:14",17.95,-0.05,3000,5871100,"B"
"TPB","13:14:09",17.95,-0.05,1000,5868100,"B"
"TPB","13:14:01",17.95,-0.05,500,5867100,"B"
"TPB","13:14:00",17.95,-0.05,5000,5866600,"B"
"TPB","13:13:55",17.95,-0.05,700,5861600,"B"
"TPB","13:13:54",17.95,-0.05,5000,5860900,"B"
"TPB","13:13:51",17.95,-0.05,100,5855900,"B"
"TPB","13:13:39",17.95,-0.05,100,5855800,"B"
"TPB","13:13:35",17.95,-0.05,5000,5855700,"B"
"TPB","13:12:44",18,0,1700,5850700,"S"
"TPB","13:12:40",17.95,-0.05,200,5849000,"B"
"TPB","13:12:30",17.95,-0.05,10000,5848800,"B"
"TPB","13:12:28",17.95,-0.05,1000,5838800,"B"
"TPB","13:12:27",17.95,-0.05,100,5837800,"B"
"TPB","13:12:20",17.95,-0.05,100,5837700,"B"
"TPB","13:11:59",17.95,-0.05,1000,5837600,"B"
"TPB","13:11:53",17.95,-0.05,200,5836600,"B"
"TPB","13:11:46",17.95,-0.05,1600,5836400,"S"
"TPB","13:11:39",17.95,-0.05,200,5834800,"S"
"TPB","13:11:39",17.95,-0.05,2000,5834600,"S"
"TPB","13:11:38",17.95,-0.05,1000,5832600,"S"
"TPB","13:11:26",17.9,-0.1,5000,5831600,"B"
"TPB","13:11:22",17.95,-0.05,5700,5826600,"S"
"TPB","13:11:22",17.95,-0.05,94300,5820900,"S"
"TPB","13:11:14",17.95,-0.05,2000,5726600,"S"
"TPB","13:10:57",17.9,-0.1,3800,5724600,"B"
"TPB","13:10:39",17.95,-0.05,9000,5720800,"S"
"TPB","13:10:25",17.9,-0.1,100,5711800,"B"
"TPB","13:10:06",17.9,-0.1,10000,5711700,"B"
"TPB","13:09:44",17.9,-0.1,5000,5701700,"B"
"TPB","13:09:32",17.9,-0.1,20000,5696700,"B"
"TPB","13:09:13",17.9,-0.1,20000,5676700,"B"
"TPB","13:09:11",17.9,-0.1,6200,5656700,"B"
"TPB","13:09:01",17.9,-0.1,8100,5650500,"B"
"TPB","13:08:51",17.9,-0.1,15300,5642400,"B"
"TPB","13:08:48",17.9,-0.1,1100,5627100,"B"
"TPB","13:08:45",17.9,-0.1,100,5626000,"B"
"TPB","13:08:41",17.9,-0.1,200,5625900,"B"
"TPB","13:08:29",17.9,-0.1,2200,5625700,"B"
"TPB","13:08:28",17.9,-0.1,1700,5623500,"B"
"TPB","13:08:24",17.9,-0.1,5000,5621800,"B"
"TPB","13:08:01",17.9,-0.1,10000,5616800,"B"
"TPB","13:07:48",17.95,-0.05,500,5606800,"S"
"TPB","13:07:45",17.9,-0.1,10000,5606300,"B"
"TPB","13:07:32",17.95,-0.05,1000,5596300,"S"
"TPB","13:07:26",17.95,-0.05,1000,5595300,"S"
"TPB","13:07:24",17.9,-0.1,5000,5594300,"B"
"TPB","13:07:15",17.95,-0.05,1000,5589300,"S"
"TPB","13:07:09",17.95,-0.05,1000,5588300,"S"
"TPB","13:07:06",17.95,-0.05,1000,5587300,"S"
"TPB","13:06:59",17.95,-0.05,1000,5586300,"S"
"TPB","13:06:53",17.95,-0.05,1000,5585300,"S"
"TPB","13:06:52",17.9,-0.1,1000,5584300,"B"
"TPB","13:06:50",17.9,-0.1,5000,5583300,"B"
"TPB","13:06:48",17.95,-0.05,1000,5578300,"S"
"TPB","13:06:43",17.95,-0.05,1000,5577300,"S"
"TPB","13:06:38",17.95,-0.05,1000,5576300,"S"
"TPB","13:06:35",17.9,-0.1,2000,5575300,"B"
"TPB","13:06:33",17.95,-0.05,1000,5573300,"S"
"TPB","13:06:30",17.9,-0.1,11300,5572300,"B"
"TPB","13:06:28",17.9,-0.1,8000,5561000,"B"
"TPB","13:06:26",17.95,-0.05,1000,5553000,"S"
"TPB","13:06:22",17.95,-0.05,1000,5552000,"S"
"TPB","13:06:16",17.95,-0.05,1000,5551000,"S"
"TPB","13:06:10",17.95,-0.05,1000,5550000,"S"
"TPB","13:06:06",17.9,-0.1,5200,5549000,"B"
"TPB","13:06:04",17.95,-0.05,1000,5543800,"S"
"TPB","13:06:01",17.95,-0.05,1000,5542800,"S"
"TPB","13:05:56",17.95,-0.05,1000,5541800,"S"
"TPB","13:05:49",17.95,-0.05,1500,5540800,"S"
"TPB","13:05:42",17.95,-0.05,1000,5539300,"S"
"TPB","13:05:38",17.95,-0.05,1000,5538300,"S"
"TPB","13:05:33",17.95,-0.05,1000,5537300,"S"
"TPB","13:05:27",17.9,-0.1,600,5536300,"B"
"TPB","13:05:26",17.95,-0.05,1000,5535700,"S"
"TPB","13:05:23",17.9,-0.1,300,5534700,"B"
"TPB","13:05:20",17.9,-0.1,10000,5534400,"B"
"TPB","13:05:20",17.95,-0.05,1000,5524400,"S"
"TPB","13:05:13",17.9,-0.1,900,5523400,"B"
"TPB","13:05:06",17.9,-0.1,3000,5522500,"B"
"TPB","13:05:02",17.9,-0.1,39000,5519500,"B"
"TPB","13:05:01",17.9,-0.1,1000,5480500,"B"
"TPB","13:05:00",17.9,-0.1,1000,5479500,"B"
"TPB","13:04:58",17.9,-0.1,500,5478500,"B"
"TPB","13:04:50",17.9,-0.1,5000,5478000,"B"
"TPB","13:04:46",17.9,-0.1,500,5473000,"B"
"TPB","13:04:43",17.9,-0.1,300,5472500,"B"
"TPB","13:04:36",17.9,-0.1,24100,5472200,"B"
"TPB","13:04:26",17.9,-0.1,1600,5448100,"B"
"TPB","13:04:15",17.9,-0.1,5000,5446500,"B"
"TPB","13:04:13",17.95,-0.05,6600,5441500,"S"
"TPB","13:04:13",17.9,-0.1,300,5434900,"B"
"TPB","13:04:12",17.9,-0.1,13200,5434600,"B"
"TPB","13:04:11",17.9,-0.1,500,5421400,"B"
"TPB","13:04:09",17.95,-0.05,1000,5420900,"S"
"TPB","13:03:49",17.9,-0.1,100,5419900,"B"
"TPB","13:03:48",17.9,-0.1,900,5419800,"B"
"TPB","13:03:46",17.9,-0.1,10000,5418900,"B"
"TPB","13:03:40",17.9,-0.1,800,5408900,"B"
"TPB","13:03:33",17.9,-0.1,5000,5408100,"B"
"TPB","13:03:27",17.9,-0.1,5000,5403100,"B"
"TPB","13:03:26",17.9,-0.1,1600,5398100,"B"
"TPB","13:03:23",17.9,-0.1,300,5396500,"B"
"TPB","13:03:13",17.9,-0.1,100,5396200,"B"
"TPB","13:03:13",17.9,-0.1,6000,5396100,"B"
"TPB","13:02:23",17.95,-0.05,1000,5390100,"S"
"TPB","13:02:19",17.95,-0.05,1000,5389100,"S"
"TPB","13:02:15",17.95,-0.05,1000,5388100,"S"
"TPB","13:02:14",17.95,-0.05,3200,5387100,"S"
"TPB","13:02:10",17.95,-0.05,1000,5383900,"S"
"TPB","13:02:02",17.95,-0.05,1000,5382900,"S"
"TPB","13:01:56",17.95,-0.05,1000,5381900,"S"
"TPB","13:01:52",17.95,-0.05,1000,5380900,"S"
"TPB","13:01:45",17.95,-0.05,1000,5379900,"S"
"TPB","13:01:42",17.95,-0.05,1000,5378900,"S"
"TPB","13:01:36",17.95,-0.05,1000,5377900,"S"
"TPB","13:01:30",17.95,-0.05,1000,5376900,"S"
"TPB","13:01:26",17.9,-0.1,4000,5375900,"B"
"TPB","13:01:24",17.95,-0.05,1000,5371900,"S"
"TPB","13:01:19",17.95,-0.05,1000,5370900,"S"
"TPB","13:01:18",17.95,-0.05,12000,5369900,"S"
"TPB","13:01:15",17.95,-0.05,1000,5357900,"S"
"TPB","13:01:10",17.95,-0.05,2000,5356900,"S"
"TPB","13:01:09",17.95,-0.05,1000,5346900,"S"
"TPB","13:01:06",17.9,-0.1,3000,5345900,"B"
"TPB","13:00:47",17.9,-0.1,8000,5342900,"B"
"TPB","13:00:45",17.95,-0.05,69200,5334900,"B"
"TPB","13:00:45",18,0,5000,5265700,"S"
"TPB","13:00:32",17.95,-0.05,100,5260700,"B"
"TPB","13:00:26",17.95,-0.05,1000,5260600,"B"
"TPB","13:00:24",17.95,-0.05,1000,5259600,"B"
"TPB","13:00:23",17.95,-0.05,3000,5258600,"B"
"TPB","13:00:20",17.95,-0.05,100,5255600,"B"
"TPB","13:00:20",17.95,-0.05,5000,5255500,"B"
"TPB","13:00:19",18,0,100,5250500,"S"
"TPB","13:00:19",17.95,-0.05,100,5250400,"B"
"TPB","13:00:18",17.95,-0.05,100,5250300,"B"
"TPB","13:00:15",17.95,-0.05,25100,5250200,"S"
"TPB","13:00:13",17.95,-0.05,100,5225100,"S"
"TPB","13:00:13",17.9,-0.1,10100,5225000,"B"
"TPB","13:00:11",17.95,-0.05,300,5214900,"S"
"TPB","13:00:09",17.9,-0.1,24700,5214600,"B"
"TPB","13:00:08",17.95,-0.05,700,5189900,"S"
"TPB","13:00:07",17.95,-0.05,7600,5189200,"B"
"TPB","13:00:05",18,0,100,5181600,"S"
"TPB","13:00:04",17.95,-0.05,3800,5171500,"B"
"TPB","13:00:04",17.95,-0.05,2000,5167700,"B"
"TPB","13:00:02",17.95,-0.05,500,5165700,"B"
"TPB","13:00:01",17.95,-0.05,9300,5165200,"S"
"TPB","13:00:00",17.95,-0.05,1200,5155900,"S"
"TPB","13:00:00",17.9,-0.1,16900,5154700,"B"
"TPB","13:00:00",17.95,-0.05,30100,5137800,"S"
"TPB","11:29:26",17.95,-0.05,2500,5107700,"S"
"TPB","11:29:03",17.9,-0.1,3000,5105200,"B"
"TPB","11:28:30",17.9,-0.1,1200,5102200,"B"
"TPB","11:28:18",17.9,-0.1,3000,5101000,"B"
"TPB","11:27:59",17.9,-0.1,1200,5098000,"B"
"TPB","11:27:28",17.9,-0.1,1200,5096800,"B"
"TPB","11:26:58",17.9,-0.1,1200,5095600,"B"
"TPB","11:26:55",17.9,-0.1,1700,5094400,"B"
"TPB","11:26:54",17.9,-0.1,1300,5092700,"B"
"TPB","11:26:26",17.9,-0.1,1200,5091400,"B"
"TPB","11:26:18",17.9,-0.1,3000,5090200,"B"
"TPB","11:25:55",17.9,-0.1,1200,5087200,"B"
"TPB","11:25:30",17.9,-0.1,1500,5086000,"B"
"TPB","11:25:27",17.95,-0.05,5000,5084500,"S"
"TPB","11:25:24",17.9,-0.1,1200,5079500,"B"
"TPB","11:25:11",17.9,-0.1,3000,5078300,"B"
"TPB","11:25:00",17.95,-0.05,1100,5075300,"S"
"TPB","11:24:54",17.9,-0.1,1200,5074200,"B"
"TPB","11:24:23",17.9,-0.1,1200,5073000,"B"
"TPB","11:24:19",17.95,-0.05,1000,5071800,"S"
"TPB","11:24:18",17.9,-0.1,100,5070800,"B"
"TPB","11:23:52",17.9,-0.1,1200,5070700,"B"
"TPB","11:23:41",17.95,-0.05,2000,5069500,"S"
"TPB","11:22:43",17.95,-0.05,100,5058700,"S"
"TPB","11:22:37",17.95,-0.05,500,5058600,"S"
"TPB","11:22:35",17.95,-0.05,800,5058100,"S"
"TPB","11:22:27",17.95,-0.05,100,5057300,"S"
"TPB","11:22:18",17.9,-0.1,1200,5057200,"B"
"TPB","11:22:07",17.9,-0.1,900,5056000,"B"
"TPB","11:22:01",17.9,-0.1,3000,5055100,"B"
"TPB","11:21:48",17.9,-0.1,1200,5052100,"B"
"TPB","11:21:32",17.9,-0.1,3000,5050900,"B"
"TPB","11:21:23",17.9,-0.1,3000,5047900,"B"
"TPB","11:21:16",17.9,-0.1,1000,5044900,"B"
"TPB","11:21:16",17.9,-0.1,200,5043900,"B"
"TPB","11:20:44",17.9,-0.1,1200,5043700,"B"
"TPB","11:20:33",17.9,-0.1,2500,5042500,"B"
"TPB","11:20:28",17.9,-0.1,3000,5040000,"B"
"TPB","11:20:13",17.9,-0.1,1200,5037000,"B"
"TPB","11:19:48",17.9,-0.1,100,5035800,"B"
"TPB","11:19:42",17.9,-0.1,1200,5035700,"B"
"TPB","11:19:34",17.95,-0.05,100,5034500,"S"
"TPB","11:19:33",17.95,-0.05,4900,5034400,"B"
"TPB","11:19:28",17.95,-0.05,1000,5029500,"B"
"TPB","11:19:21",17.95,-0.05,1000,5028500,"B"
"TPB","11:19:15",17.95,-0.05,2900,5027500,"S"
"TPB","11:19:13",17.95,-0.05,10000,5024600,"S"
"TPB","11:19:12",17.9,-0.1,4200,5014600,"B"
"TPB","11:19:10",17.9,-0.1,30000,5010400,"B"
"TPB","11:18:59",17.9,-0.1,30000,4980400,"B"
"TPB","11:18:48",17.9,-0.1,30000,4950400,"B"
"TPB","11:18:41",17.9,-0.1,1200,4920400,"B"
"TPB","11:18:37",17.95,-0.05,100,4919200,"S"
"TPB","11:18:34",17.9,-0.1,3000,4919100,"B"
"TPB","11:18:33",17.9,-0.1,100,4916100,"B"
"TPB","11:18:30",17.95,-0.05,200,4916000,"S"
"TPB","11:18:27",17.95,-0.05,5000,4915800,"S"
"TPB","11:18:19",17.9,-0.1,1000,4910800,"B"
"TPB","11:18:10",17.9,-0.1,1200,4909800,"B"
"TPB","11:17:41",17.95,-0.05,700,4908600,"S"
"TPB","11:17:40",17.9,-0.1,2200,4907900,"B"
"TPB","11:17:40",17.9,-0.1,800,4905700,"B"
"TPB","11:17:39",17.9,-0.1,1200,4904900,"B"
"TPB","11:17:33",17.9,-0.1,2000,4903700,"B"
"TPB","11:17:09",17.9,-0.1,1200,4901700,"B"
"TPB","11:16:46",17.95,-0.05,100,4900500,"S"
"TPB","11:16:37",17.9,-0.1,1200,4900400,"B"
"TPB","11:16:32",17.95,-0.05,1000,4899200,"S"
"TPB","11:16:11",17.95,-0.05,1000,4898200,"S"
"TPB","11:16:06",17.9,-0.1,1200,4897200,"B"
"TPB","11:15:56",17.9,-0.1,3000,4896000,"B"
"TPB","11:15:54",17.9,-0.1,30000,4893000,"B"
"TPB","11:15:51",17.9,-0.1,1700,4863000,"B"
"TPB","11:15:48",17.9,-0.1,30000,4861300,"B"
"TPB","11:15:42",17.9,-0.1,40000,4831300,"B"
"TPB","11:15:42",17.9,-0.1,600,4791300,"B"
"TPB","11:15:35",17.9,-0.1,1200,4790700,"B"
"TPB","11:15:34",17.9,-0.1,5000,4789500,"B"
"TPB","11:15:30",17.9,-0.1,2000,4784500,"B"
"TPB","11:15:23",17.9,-0.1,9700,4782500,"B"
"TPB","11:15:21",17.9,-0.1,500,4772800,"B"
"TPB","11:15:11",17.9,-0.1,20000,4772300,"B"
"TPB","11:15:05",17.9,-0.1,15000,4752300,"B"
"TPB","11:15:04",17.9,-0.1,1100,4737300,"B"
"TPB","11:15:01",17.9,-0.1,20000,4736200,"B"
"TPB","11:14:34",17.9,-0.1,31100,4716200,"B"
"TPB","11:14:28",17.9,-0.1,3000,4685100,"B"
"TPB","11:14:12",17.9,-0.1,30000,4682100,"B"
"TPB","11:14:05",17.9,-0.1,30000,4652100,"B"
"TPB","11:14:03",17.9,-0.1,1100,4622100,"B"
"TPB","11:14:01",17.9,-0.1,900,4621000,"B"
"TPB","11:13:57",17.9,-0.1,40000,4620100,"B"
"TPB","11:13:50",17.9,-0.1,20000,4580100,"B"
"TPB","11:13:40",17.9,-0.1,50000,4560100,"B"
"TPB","11:13:32",17.9,-0.1,1100,4510100,"B"
"TPB","11:13:28",17.9,-0.1,40000,4509000,"B"
"TPB","11:13:20",17.9,-0.1,30000,4469000,"B"
"TPB","11:13:18",17.95,-0.05,1000,4439000,"S"
"TPB","11:13:16",17.95,-0.05,100,4438000,"S"
"TPB","11:13:14",17.9,-0.1,30000,4437900,"B"
"TPB","11:13:02",17.9,-0.1,1100,4407900,"B"
"TPB","11:12:55",17.95,-0.05,100,4406800,"S"
"TPB","11:12:54",17.9,-0.1,3000,4406700,"B"
"TPB","11:12:38",17.9,-0.1,500,4403700,"B"
"TPB","11:12:37",17.95,-0.05,300,4403200,"S"
"TPB","11:12:36",17.9,-0.1,400,4402900,"B"
"TPB","11:12:30",17.9,-0.1,1100,4402500,"B"
"TPB","11:12:29",17.9,-0.1,100,4401400,"B"
"TPB","11:12:01",17.9,-0.1,3000,4401300,"B"
"TPB","11:11:59",17.9,-0.1,1100,4398300,"B"
"TPB","11:11:46",17.95,-0.05,400,4397200,"S"
"TPB","11:11:34",17.95,-0.05,100,4396800,"S"
"TPB","11:11:29",17.9,-0.1,1100,4396700,"B"
"TPB","11:11:17",17.95,-0.05,200,4395600,"S"
"TPB","11:11:00",17.95,-0.05,7000,4395400,"S"
"TPB","11:10:58",17.9,-0.1,1100,4388400,"B"
"TPB","11:10:54",17.9,-0.1,3000,4387300,"B"
"TPB","11:10:53",17.95,-0.05,1500,4384300,"S"
"TPB","11:10:34",17.95,-0.05,7000,4382800,"S"
"TPB","11:10:27",17.9,-0.1,1100,4375800,"B"
"TPB","11:10:04",17.9,-0.1,3000,4374700,"B"
"TPB","11:09:58",17.95,-0.05,1000,4371700,"S"
"TPB","11:09:58",17.9,-0.1,500,4370700,"B"
"TPB","11:09:57",17.95,-0.05,2000,4370200,"S"
"TPB","11:09:56",17.9,-0.1,1100,4368200,"B"
"TPB","11:09:52",17.95,-0.05,1000,4367100,"S"
"TPB","11:09:42",17.95,-0.05,100,4366100,"S"
"TPB","11:09:33",17.95,-0.05,1000,4366000,"S"
"TPB","11:09:28",17.95,-0.05,500,4365000,"S"
"TPB","11:09:25",17.9,-0.1,4100,4364500,"B"
"TPB","11:09:24",17.95,-0.05,500,4360400,"S"
"TPB","11:09:18",17.95,-0.05,1000,4359900,"S"
"TPB","11:09:12",17.95,-0.05,500,4358900,"B"
"TPB","11:09:11",17.95,-0.05,200,4358400,"B"
"TPB","11:08:55",17.95,-0.05,1100,4358200,"B"
"TPB","11:08:52",17.95,-0.05,40000,4357100,"B"
"TPB","11:08:45",17.95,-0.05,30000,4317100,"B"
"TPB","11:08:37",17.95,-0.05,30000,4287100,"B"
"TPB","11:08:30",17.95,-0.05,50000,4257100,"B"
"TPB","11:08:23",17.95,-0.05,1100,4207100,"B"
"TPB","11:08:22",18,0,1200,4206000,"S"
"TPB","11:08:21",17.95,-0.05,50000,4204800,"B"
"TPB","11:08:14",17.95,-0.05,15000,4154800,"B"
"TPB","11:08:09",18,0,7500,4139800,"S"
"TPB","11:08:09",17.95,-0.05,3000,4132300,"B"
"TPB","11:08:08",17.95,-0.05,4200,4129300,"B"
"TPB","11:07:52",17.95,-0.05,1100,4125100,"B"
"TPB","11:07:48",17.95,-0.05,4200,4124000,"B"
"TPB","11:07:42",17.95,-0.05,4200,4119800,"B"
"TPB","11:07:23",17.95,-0.05,500,4115600,"B"
"TPB","11:07:21",17.95,-0.05,1100,4115100,"B"
"TPB","11:07:20",17.95,-0.05,17000,4114000,"B"
"TPB","11:07:11",17.95,-0.05,100,4097000,"B"
"TPB","11:06:59",17.95,-0.05,4200,4096900,"B"
"TPB","11:06:50",17.95,-0.05,5300,4092700,"B"
"TPB","11:06:27",17.95,-0.05,4200,4087400,"B"
"TPB","11:06:19",17.95,-0.05,1100,4083200,"B"
"TPB","11:06:16",17.95,-0.05,4200,4082100,"B"
"TPB","11:06:01",17.95,-0.05,1200,4077900,"B"
"TPB","11:05:52",17.95,-0.05,4200,4076700,"B"
"TPB","11:05:48",17.95,-0.05,1100,4072500,"B"
"TPB","11:05:39",18,0,6800,4071400,"S"
"TPB","11:05:31",18,0,1000,4064600,"S"
"TPB","11:05:21",18,0,1000,4063600,"S"
"TPB","11:05:18",17.95,-0.05,1100,4062600,"B"
"TPB","11:05:15",18,0,200,4061500,"S"
"TPB","11:05:13",17.95,-0.05,1800,4061300,"B"
"TPB","11:04:47",17.95,-0.05,1100,4059500,"B"
"TPB","11:04:40",17.95,-0.05,200,4058400,"B"
"TPB","11:04:39",17.95,-0.05,300,4058200,"B"
"TPB","11:04:38",18,0,100000,4057900,"S"
"TPB","11:04:24",18,0,10000,3957900,"S"
"TPB","11:04:16",17.95,-0.05,1100,3947900,"B"
"TPB","11:04:11",17.95,-0.05,2600,3946800,"B"
"TPB","11:03:46",17.95,-0.05,1100,3944200,"B"
"TPB","11:03:14",17.95,-0.05,1100,3943100,"B"
"TPB","11:03:12",18,0,1000,3942000,"S"
"TPB","11:02:59",18,0,100,3941000,"S"
"TPB","11:02:51",18,0,17100,3940900,"S"
"TPB","11:02:43",17.95,-0.05,1100,3923800,"B"
"TPB","11:02:28",18,0,1000,3922700,"S"
"TPB","11:02:23",18,0,2200,3921700,"S"
"TPB","11:02:16",18,0,14700,3919500,"S"
"TPB","11:02:12",17.95,-0.05,1100,3904800,"B"
"TPB","11:02:03",18,0,200,3903700,"S"
"TPB","11:01:51",18,0,2000,3903500,"S"
"TPB","11:01:46",18,0,1000,3901500,"S"
"TPB","11:01:40",17.95,-0.05,1100,3900500,"B"
"TPB","11:01:37",18,0,4600,3899400,"S"
"TPB","11:01:35",18,0,1000,3894800,"S"
"TPB","11:01:12",18,0,20000,3893800,"S"
"TPB","11:01:06",18,0,1000,3873800,"S"
"TPB","11:00:56",18,0,7000,3872800,"S"
"TPB","11:00:37",17.95,-0.05,1100,3865800,"B"
"TPB","10:59:50",17.95,-0.05,1000,3864700,"B"
"TPB","10:59:48",18,0,900,3863700,"S"
"TPB","10:59:43",18,0,500,3862800,"S"
"TPB","10:59:42",18,0,14000,3862300,"S"
"TPB","10:59:38",18,0,39000,3848300,"S"
"TPB","10:59:20",18,0,50000,3809300,"S"
"TPB","10:59:19",17.95,-0.05,1000,3759300,"B"
"TPB","10:58:51",17.95,-0.05,200,3758300,"B"
"TPB","10:58:48",17.95,-0.05,1000,3758100,"B"
"TPB","10:58:17",17.95,-0.05,1000,3757100,"B"
"TPB","10:58:13",18,0,200,3756100,"S"
"TPB","10:58:01",17.95,-0.05,400,3755900,"B"
"TPB","10:57:56",18,0,4200,3755500,"S"
"TPB","10:57:49",17.95,-0.05,2500,3751300,"B"
"TPB","10:57:46",17.95,-0.05,1000,3748800,"B"
"TPB","10:57:20",17.95,-0.05,4000,3747800,"B"
"TPB","10:57:15",17.95,-0.05,1000,3743800,"B"
"TPB","10:56:43",17.95,-0.05,1000,3742800,"B"
"TPB","10:56:17",17.95,-0.05,32000,3741800,"B"
"TPB","10:56:13",17.95,-0.05,1000,3709800,"B"
"TPB","10:56:04",17.95,-0.05,300,3708800,"B"
"TPB","10:55:42",17.95,-0.05,1000,3708500,"B"
"TPB","10:55:34",18,0,1000,3707500,"S"
"TPB","10:55:33",17.95,-0.05,100,3706500,"B"
"TPB","10:55:28",18,0,100,3706400,"S"
"TPB","10:55:11",17.95,-0.05,1000,3706300,"B"
"TPB","10:54:46",17.95,-0.05,1300,3705300,"B"
"TPB","10:54:40",17.95,-0.05,1000,3704000,"B"
"TPB","10:54:30",18,0,1000,3703000,"S"
"TPB","10:54:27",18,0,5700,3702000,"S"
"TPB","10:54:15",18,0,500,3696300,"S"
"TPB","10:54:09",17.95,-0.05,1000,3695800,"B"
"TPB","10:54:04",17.95,-0.05,4200,3694800,"B"
"TPB","10:53:52",17.95,-0.05,4200,3690600,"B"
"TPB","10:53:46",17.95,-0.05,1000,3686400,"B"
"TPB","10:53:45",17.95,-0.05,100,3685400,"B"
"TPB","10:53:39",17.95,-0.05,1000,3685300,"B"
"TPB","10:53:27",17.95,-0.05,400,3684300,"B"
"TPB","10:53:15",18,0,1200,3683900,"S"
"TPB","10:53:08",17.95,-0.05,1000,3682700,"B"
"TPB","10:53:07",17.95,-0.05,5000,3681700,"B"
"TPB","10:53:03",17.95,-0.05,4200,3676700,"B"
"TPB","10:52:50",17.95,-0.05,4200,3672500,"B"
"TPB","10:52:42",17.95,-0.05,4200,3668300,"B"
"TPB","10:52:37",17.95,-0.05,1000,3664100,"B"
"TPB","10:52:33",18,0,100,3663100,"S"
"TPB","10:52:32",18,0,7000,3663000,"S"
"TPB","10:52:28",17.95,-0.05,200000,3656000,"B"
"TPB","10:52:06",17.95,-0.05,800,3456000,"B"
"TPB","10:52:06",17.95,-0.05,200,3455200,"B"
"TPB","10:51:56",17.95,-0.05,200,3455000,"B"
"TPB","10:51:35",17.95,-0.05,1000,3454800,"B"
"TPB","10:51:33",17.95,-0.05,1000,3453800,"B"
"TPB","10:51:06",17.95,-0.05,1900,3452800,"B"
"TPB","10:51:04",17.95,-0.05,1000,3450900,"B"
"TPB","10:51:02",18,0,100,3449900,"S"
"TPB","10:50:33",17.95,-0.05,1000,3449800,"B"
"TPB","10:50:26",17.95,-0.05,100,3448800,"B"
"TPB","10:50:02",17.95,-0.05,1000,3448700,"B"
"TPB","10:49:49",18,0,200,3447700,"S"
"TPB","10:49:32",17.95,-0.05,1000,3447500,"B"
"TPB","10:49:24",17.95,-0.05,3600,3446500,"B"
"TPB","10:49:23",17.95,-0.05,600,3442900,"B"
"TPB","10:49:21",18,0,100,3442300,"S"
"TPB","10:49:04",18,0,1000,3442200,"S"
"TPB","10:49:01",17.95,-0.05,1000,3441200,"B"
"TPB","10:48:41",18,0,79500,3440200,"B"
"TPB","10:48:39",18,0,200,3360700,"B"
"TPB","10:48:37",18,0,20000,3360500,"B"
"TPB","10:48:30",18,0,1000,3340500,"B"
"TPB","10:48:27",18,0,8000,3339500,"B"
"TPB","10:48:24",18,0,5000,3331500,"B"
"TPB","10:48:23",18,0,30000,3326500,"B"
"TPB","10:48:14",18,0,30000,3296500,"B"
"TPB","10:48:11",18,0,800,3266500,"B"
"TPB","10:48:10",18,0,1100,3265700,"B"
"TPB","10:48:06",18,0,30000,3264600,"B"
"TPB","10:47:59",18,0,1000,3234600,"B"
"TPB","10:47:53",18,0,30000,3233600,"B"
"TPB","10:47:49",18,0,5000,3203600,"B"
"TPB","10:47:31",18,0,40000,3198600,"B"
"TPB","10:47:28",18,0,1000,3158600,"B"
"TPB","10:46:58",18,0,1000,3157600,"B"
"TPB","10:46:54",18.05,0.05,5900,3156600,"S"
"TPB","10:46:49",18.05,0.05,5000,3150700,"S"
"TPB","10:46:29",18.05,0.05,100,3145700,"S"
"TPB","10:46:26",18,0,17300,3145600,"B"
"TPB","10:46:26",18,0,23700,3128300,"B"
"TPB","10:46:20",18,0,40000,3104600,"B"
"TPB","10:46:16",18.05,0.05,2000,3064600,"S"
"TPB","10:46:14",18,0,30000,3062600,"B"
"TPB","10:46:08",18,0,30000,3032600,"B"
"TPB","10:45:55",18.05,0.05,100,3002600,"S"
"TPB","10:45:55",18,0,1000,3002500,"B"
"TPB","10:45:40",18,0,400,3001500,"B"
"TPB","10:45:30",18.05,0.05,700,3001100,"S"
"TPB","10:45:25",18,0,1000,3000400,"B"
"TPB","10:45:21",18.05,0.05,1200,2999400,"S"
"TPB","10:44:58",18.05,0.05,10000,2998200,"S"
"TPB","10:44:54",18,0,1000,2988200,"B"
"TPB","10:44:53",18.05,0.05,1100,2987200,"S"
"TPB","10:44:43",18.05,0.05,2000,2986100,"S"
"TPB","10:44:23",18,0,1000,2984100,"B"
"TPB","10:44:03",18,0,10000,2983100,"B"
"TPB","10:43:52",18,0,1000,2973100,"B"
"TPB","10:43:48",18,0,500,2972100,"B"
"TPB","10:43:43",18,0,1000,2971600,"B"
"TPB","10:43:37",18,0,200,2970600,"B"
"TPB","10:43:36",18.05,0.05,100,2970400,"S"
"TPB","10:43:21",18,0,1000,2970300,"B"
"TPB","10:43:15",18.05,0.05,10000,2969300,"S"
"TPB","10:42:50",18,0,1000,2959300,"B"
"TPB","10:42:38",18.05,0.05,1000,2958300,"S"
"TPB","10:42:28",18.05,0.05,2000,2957300,"B"
"TPB","10:42:27",18.05,0.05,500,2955300,"B"
"TPB","10:42:20",18.05,0.05,1000,2954800,"B"
"TPB","10:42:15",18.05,0.05,20700,2953800,"B"
"TPB","10:42:15",18.05,0.05,9300,2933100,"B"
"TPB","10:42:08",18.05,0.05,30000,2923800,"B"
"TPB","10:41:55",18.05,0.05,30000,2893800,"B"
"TPB","10:41:49",18.05,0.05,1000,2863800,"B"
"TPB","10:41:34",18.05,0.05,20000,2862800,"B"
"TPB","10:41:21",18.05,0.05,19000,2842800,"B"
"TPB","10:41:20",18.05,0.05,11000,2823800,"B"
"TPB","10:41:18",18.05,0.05,1000,2812800,"B"
"TPB","10:40:56",18.1,0.1,81900,2811800,"B"
"TPB","10:40:55",18.15,0.15,500,2729900,"S"
"TPB","10:40:52",18.1,0.1,40000,2729400,"B"
"TPB","10:40:48",18.1,0.1,1000,2689400,"B"
"TPB","10:40:43",18.1,0.1,30000,2688400,"B"
"TPB","10:40:27",18.1,0.1,40000,2658400,"B"
"TPB","10:40:17",18.1,0.1,40000,2618400,"B"
"TPB","10:40:17",18.1,0.1,4000,2578400,"B"
"TPB","10:40:16",18.1,0.1,1000,2574400,"B"
"TPB","10:40:13",18.15,0.15,10000,2573400,"S"
"TPB","10:40:04",18.1,0.1,30000,2563400,"B"
"TPB","10:39:50",18.1,0.1,5000,2533400,"B"
"TPB","10:39:45",18.1,0.1,1000,2528400,"B"
"TPB","10:39:42",18.1,0.1,30000,2527400,"B"
"TPB","10:39:39",18.1,0.1,500,2497400,"B"
"TPB","10:39:36",18.1,0.1,50000,2496900,"B"
"TPB","10:39:24",18.1,0.1,2800,2446900,"B"
"TPB","10:39:14",18.1,0.1,1000,2444100,"B"
"TPB","10:39:11",18.15,0.15,100,2443100,"S"
"TPB","10:39:01",18.1,0.1,500,2443000,"B"
"TPB","10:38:43",18.1,0.1,1000,2442500,"B"
"TPB","10:38:42",18.15,0.15,1200,2441500,"S"
"TPB","10:38:24",18.1,0.1,100,2440300,"B"
"TPB","10:38:15",18.1,0.1,100,2440200,"B"
"TPB","10:38:10",18.1,0.1,1000,2440100,"B"
"TPB","10:37:44",18.1,0.1,2000,2439100,"B"
"TPB","10:37:42",18.1,0.1,1500,2437100,"B"
"TPB","10:37:39",18.1,0.1,6000,2435600,"B"
"TPB","10:37:37",18.1,0.1,2000,2429600,"B"
"TPB","10:37:36",18.1,0.1,300,2427600,"B"
"TPB","10:37:35",18.1,0.1,3000,2427300,"B"
"TPB","10:37:20",18.1,0.1,100,2424300,"B"
"TPB","10:37:08",18.1,0.1,1000,2424200,"B"
"TPB","10:37:04",18.1,0.1,400,2423200,"B"
"TPB","10:37:03",18.1,0.1,100,2422800,"B"
"TPB","10:36:53",18.1,0.1,500,2422700,"B"
"TPB","10:36:47",18.1,0.1,1000,2422200,"B"
"TPB","10:36:35",18.1,0.1,1000,2421200,"B"
"TPB","10:36:28",18.1,0.1,42600,2420200,"S"
"TPB","10:36:05",18.05,0.05,1000,2377600,"B"
"TPB","10:35:58",18.1,0.1,7000,2376600,"S"
"TPB","10:35:34",18.05,0.05,1000,2369600,"B"
"TPB","10:35:04",18.05,0.05,1000,2368600,"B"
"TPB","10:34:55",18.1,0.1,1000,2367600,"S"
"TPB","10:34:44",18.1,0.1,2000,2366600,"S"
"TPB","10:34:41",18.05,0.05,3000,2364600,"B"
"TPB","10:34:36",18.1,0.1,1000,2361600,"S"
"TPB","10:34:32",18.05,0.05,1000,2360600,"B"
"TPB","10:34:14",18.05,0.05,5000,2359600,"B"
"TPB","10:34:09",18.05,0.05,1300,2354600,"B"
"TPB","10:34:01",18.05,0.05,1000,2353300,"B"
"TPB","10:33:30",18.05,0.05,1000,2352300,"B"
"TPB","10:33:26",18.1,0.1,19600,2351300,"S"
"TPB","10:33:25",18.1,0.1,80400,2331700,"S"
"TPB","10:32:59",18.05,0.05,1000,2251300,"B"
"TPB","10:32:40",18.1,0.1,10000,2250300,"S"
"TPB","10:32:28",18.05,0.05,1000,2240300,"B"
"TPB","10:31:58",18.05,0.05,1000,2239300,"B"
"TPB","10:31:26",18.05,0.05,1000,2238300,"B"
"TPB","10:30:59",18.05,0.05,1000,2237300,"B"
"TPB","10:30:56",18.05,0.05,1000,2236300,"B"
"TPB","10:30:50",18.1,0.1,200,2235300,"S"
"TPB","10:30:45",18.05,0.05,1000,2235100,"B"
"TPB","10:30:40",18.05,0.05,2000,2234100,"B"
"TPB","10:30:28",18.1,0.1,100,2232100,"S"
"TPB","10:30:25",18.05,0.05,1000,2232000,"B"
"TPB","10:30:20",18.1,0.1,1000,2231000,"S"
"TPB","10:29:54",18.05,0.05,1000,2230000,"B"
"TPB","10:29:27",18.1,0.1,1000,2229000,"S"
"TPB","10:29:24",18.05,0.05,5200,2228000,"B"
"TPB","10:29:20",18.05,0.05,3100,2222800,"S"
"TPB","10:28:53",18.05,0.05,300,2219700,"S"
"TPB","10:28:53",18,0,1000,2219400,"B"
"TPB","10:28:50",18.05,0.05,1000,2218400,"S"
"TPB","10:28:47",18.05,0.05,10000,2217400,"S"
"TPB","10:28:26",18.05,0.05,5000,2207400,"S"
"TPB","10:28:26",18.05,0.05,1000,2202400,"S"
"TPB","10:28:22",18,0,1000,2201400,"B"
"TPB","10:28:22",18.05,0.05,1000,2200400,"S"
"TPB","10:28:04",18.05,0.05,100,2199400,"S"
"TPB","10:27:50",18,0,4000,2199300,"B"
"TPB","10:27:41",18.05,0.05,7000,2195300,"S"
"TPB","10:27:23",18,0,1000,2188300,"B"
"TPB","10:27:20",18,0,1000,2187300,"B"
"TPB","10:27:17",18.05,0.05,7000,2186300,"S"
"TPB","10:27:06",18.05,0.05,26500,2179300,"B"
"TPB","10:26:51",18.1,0.1,50000,2152800,"S"
"TPB","10:26:49",18.05,0.05,1000,2102800,"B"
"TPB","10:26:43",18.05,0.05,22500,2101800,"S"
"TPB","10:26:31",18.05,0.05,100,2079300,"S"
"TPB","10:26:30",18.05,0.05,2200,2079200,"S"
"TPB","10:26:24",18.05,0.05,4600,2077000,"B"
"TPB","10:26:17",18.05,0.05,1000,2072400,"B"
"TPB","10:26:09",18.05,0.05,4400,2071400,"S"
"TPB","10:26:04",18.05,0.05,45600,2067000,"B"
"TPB","10:25:47",18.05,0.05,1000,2021400,"B"
"TPB","10:25:46",18.1,0.1,4000,2020400,"S"
"TPB","10:25:15",18.05,0.05,1000,2016400,"B"
"TPB","10:25:13",18.1,0.1,5000,2015400,"S"
"TPB","10:25:12",18.05,0.05,5900,2010400,"S"
"TPB","10:25:10",18.05,0.05,100,2004500,"S"
"TPB","10:25:08",18.05,0.05,500,2004400,"S"
"TPB","10:24:54",18.05,0.05,500,2003900,"S"
"TPB","10:24:49",18.05,0.05,600,2003400,"S"
"TPB","10:24:44",18,0,1000,2002800,"B"
"TPB","10:24:41",18.05,0.05,5000,2001800,"S"
"TPB","10:24:35",18.05,0.05,100,1996800,"S"
"TPB","10:24:35",18.05,0.05,200,1996700,"S"
"TPB","10:24:33",18.05,0.05,1000,1996500,"S"
"TPB","10:24:25",18.05,0.05,200,1995500,"S"
"TPB","10:24:19",18.05,0.05,1000,1995300,"S"
"TPB","10:24:15",18.05,0.05,500,1994300,"S"
"TPB","10:24:13",18,0,1000,1993800,"B"
"TPB","10:24:12",18.05,0.05,100,1992800,"S"
"TPB","10:24:06",18.05,0.05,1900,1992700,"S"
"TPB","10:23:57",18.05,0.05,100,1990800,"S"
"TPB","10:23:51",18.05,0.05,200,1990700,"S"
"TPB","10:23:45",18.05,0.05,13100,1990500,"B"
"TPB","10:23:42",18.05,0.05,1000,1977400,"B"
"TPB","10:23:18",18.05,0.05,5200,1976400,"B"
"TPB","10:23:18",18.05,0.05,24800,1971200,"B"
"TPB","10:23:17",18.05,0.05,29600,1946400,"B"
"TPB","10:23:11",18.05,0.05,1000,1916800,"B"
"TPB","10:22:57",18.05,0.05,23000,1915800,"B"
"TPB","10:22:40",18.05,0.05,1000,1892800,"B"
"TPB","10:22:35",18.1,0.1,1000,1891800,"S"
"TPB","10:22:25",18.05,0.05,1000,1890800,"B"
"TPB","10:22:13",18.1,0.1,12200,1889800,"S"
"TPB","10:22:09",18.05,0.05,1000,1877600,"B"
"TPB","10:21:38",18.05,0.05,1000,1876600,"B"
"TPB","10:21:36",18.05,0.05,100,1875600,"B"
"TPB","10:21:28",18.05,0.05,100,1875500,"B"
"TPB","10:21:21",18.05,0.05,100,1875400,"B"
"TPB","10:21:20",18.05,0.05,1000,1875300,"B"
"TPB","10:21:13",18.05,0.05,100,1874300,"B"
"TPB","10:21:07",18.05,0.05,1000,1874200,"B"
"TPB","10:21:04",18.05,0.05,100,1873200,"B"
"TPB","10:21:00",18.1,0.1,2200,1873100,"S"
"TPB","10:20:46",18.05,0.05,500,1870900,"B"
"TPB","10:20:36",18.05,0.05,1000,1870400,"B"
"TPB","10:20:33",18.05,0.05,200,1869400,"B"
"TPB","10:20:17",18.1,0.1,100,1869200,"S"
"TPB","10:20:05",18.05,0.05,1000,1869100,"B"
"TPB","10:19:41",18.05,0.05,1000,1868100,"B"
"TPB","10:19:40",18.05,0.05,2500,1867100,"B"
"TPB","10:19:36",18.05,0.05,500,1864600,"B"
"TPB","10:19:34",18.05,0.05,1000,1864100,"B"
"TPB","10:19:24",18.05,0.05,500,1863100,"B"
"TPB","10:19:17",18.05,0.05,600,1862600,"S"
"TPB","10:19:11",18.05,0.05,17000,1862000,"S"
"TPB","10:19:04",18.05,0.05,200,1845000,"S"
"TPB","10:19:03",18,0,1000,1844800,"B"
"TPB","10:18:42",18.05,0.05,10000,1843800,"S"
"TPB","10:18:41",18.05,0.05,42500,1833800,"S"
"TPB","10:18:40",18,0,4200,1791300,"B"
"TPB","10:18:33",18,0,1000,1787100,"B"
"TPB","10:18:18",18,0,400,1786100,"B"
"TPB","10:18:16",18,0,4200,1785700,"B"
"TPB","10:18:16",18.05,0.05,2200,1781500,"S"
"TPB","10:18:02",18,0,1000,1779300,"B"
"TPB","10:17:35",18.05,0.05,5000,1778300,"S"
"TPB","10:17:30",18,0,1000,1773300,"B"
"TPB","10:17:16",18.05,0.05,18400,1772300,"B"
"TPB","10:17:14",18.05,0.05,4200,1753900,"B"
"TPB","10:17:07",18.05,0.05,4200,1749700,"B"
"TPB","10:17:00",18.05,0.05,1000,1745500,"B"
"TPB","10:16:49",18.1,0.1,5000,1744500,"S"
"TPB","10:16:29",18.05,0.05,1000,1739500,"B"
"TPB","10:16:22",18.05,0.05,2000,1738500,"B"
"TPB","10:15:58",18.05,0.05,1100,1736500,"B"
"TPB","10:15:42",18.05,0.05,13300,1735400,"S"
"TPB","10:15:27",18,0,1000,1722100,"B"
"TPB","10:15:27",18.05,0.05,200,1721100,"S"
"TPB","10:15:23",18.05,0.05,1000,1720900,"S"
"TPB","10:15:16",18.05,0.05,800,1719900,"S"
"TPB","10:15:08",18.05,0.05,1000,1719100,"S"
"TPB","10:14:56",18,0,1000,1718100,"B"
"TPB","10:14:53",18.05,0.05,300,1717100,"S"
"TPB","10:14:49",18.05,0.05,500,1716800,"S"
"TPB","10:14:26",18,0,1000,1716300,"B"
"TPB","10:14:22",18.05,0.05,15500,1715300,"S"
"TPB","10:14:21",18.05,0.05,500,1699800,"S"
"TPB","10:14:16",18.05,0.05,500,1699300,"S"
"TPB","10:14:15",18.05,0.05,2700,1698800,"S"
"TPB","10:14:03",18.05,0.05,100,1696100,"S"
"TPB","10:13:58",18.05,0.05,1000,1696000,"S"
"TPB","10:13:55",18.05,0.05,500,1695000,"S"
"TPB","10:13:55",18,0,1000,1694500,"B"
"TPB","10:13:51",18,0,200,1693500,"B"
"TPB","10:13:49",18.05,0.05,1000,1693300,"S"
"TPB","10:13:47",18.05,0.05,2000,1692300,"S"
"TPB","10:13:44",18.05,0.05,500,1690300,"S"
"TPB","10:13:23",18,0,1000,1689800,"B"
"TPB","10:13:06",18.05,0.05,500,1688800,"S"
"TPB","10:12:52",18,0,1000,1688300,"B"
"TPB","10:12:51",18.05,0.05,700,1687300,"S"
"TPB","10:12:35",18.05,0.05,100,1686600,"S"
"TPB","10:12:21",18,0,1000,1686500,"B"
"TPB","10:12:12",18.05,0.05,300,1685500,"S"
"TPB","10:11:50",18,0,1000,1685200,"B"
"TPB","10:11:49",18,0,3000,1684200,"B"
"TPB","10:11:46",18,0,3900,1681200,"B"
"TPB","10:11:23",18,0,500,1677300,"B"
"TPB","10:11:19",18,0,1000,1676800,"B"
"TPB","10:11:09",18,0,2000,1675800,"B"
"TPB","10:10:48",18,0,1000,1673800,"B"
"TPB","10:10:43",18.05,0.05,300,1672800,"S"
"TPB","10:10:17",18,0,1000,1672500,"B"
"TPB","10:10:00",18.05,0.05,100,1671500,"S"
"TPB","10:09:45",18,0,1000,1671400,"B"
"TPB","10:09:36",18.05,0.05,39900,1670400,"B"
"TPB","10:09:24",18.05,0.05,1100,1630500,"B"
"TPB","10:09:14",18.05,0.05,1000,1629400,"B"
"TPB","10:08:42",18.05,0.05,1100,1628400,"B"
"TPB","10:08:37",18.05,0.05,500,1627300,"B"
"TPB","10:08:34",18.05,0.05,2400,1626800,"B"
"TPB","10:08:32",18.05,0.05,500,1624400,"B"
"TPB","10:08:16",18.05,0.05,5000,1623900,"B"
"TPB","10:08:11",18.05,0.05,1000,1618900,"B"
"TPB","10:07:48",18.05,0.05,300,1617900,"B"
"TPB","10:07:41",18.05,0.05,1000,1617600,"B"
"TPB","10:07:40",18.05,0.05,1000,1616600,"B"
"TPB","10:07:34",18.05,0.05,2000,1615600,"B"
"TPB","10:07:33",18.05,0.05,48100,1613600,"B"
"TPB","10:07:11",18.05,0.05,2000,1565500,"B"
"TPB","10:07:09",18.05,0.05,1000,1563500,"B"
"TPB","10:06:51",18.05,0.05,30000,1562500,"B"
"TPB","10:06:38",18.05,0.05,1000,1532500,"B"
"TPB","10:06:25",18.05,0.05,8000,1531500,"B"
"TPB","10:06:14",18.05,0.05,300,1523500,"B"
"TPB","10:06:07",18.05,0.05,1000,1523200,"B"
"TPB","10:05:35",18.05,0.05,1000,1522200,"B"
"TPB","10:05:30",18.05,0.05,200,1521200,"B"
"TPB","10:05:13",18.05,0.05,100,1521000,"B"
"TPB","10:05:04",18.05,0.05,1000,1520900,"B"
"TPB","10:04:58",18.05,0.05,200,1519900,"B"
"TPB","10:04:33",18.05,0.05,1000,1519700,"B"
"TPB","10:04:23",18.05,0.05,2100,1518700,"B"
"TPB","10:04:20",18.05,0.05,100,1516600,"B"
"TPB","10:04:02",18.05,0.05,1000,1516500,"B"
"TPB","10:03:43",18.05,0.05,200,1515500,"B"
"TPB","10:03:32",18.05,0.05,1000,1515300,"B"
"TPB","10:03:00",18.05,0.05,1000,1514300,"B"
"TPB","10:02:29",18.05,0.05,1000,1513300,"B"
"TPB","10:01:58",18.05,0.05,1000,1512300,"B"
"TPB","10:01:42",18.1,0.1,700,1511300,"S"
"TPB","10:01:27",18.05,0.05,1000,1510600,"B"
"TPB","10:00:56",18.05,0.05,1000,1509600,"B"
"TPB","10:00:41",18.1,0.1,200,1508600,"S"
"TPB","10:00:33",18.1,0.1,200,1508400,"S"
"TPB","10:00:24",18.05,0.05,1000,1508200,"B"
"TPB","10:00:19",18.05,0.05,100,1507200,"B"
"TPB","10:00:18",18.05,0.05,100,1507100,"B"
"TPB","10:00:14",18.05,0.05,100,1507000,"B"
"TPB","09:59:53",18.05,0.05,1000,1506900,"B"
"TPB","09:59:52",18.05,0.05,100,1505900,"B"
"TPB","09:59:22",18.05,0.05,1000,1505800,"B"
"TPB","09:58:51",18.05,0.05,1000,1504800,"B"
"TPB","09:58:20",18.05,0.05,1000,1503800,"B"
"TPB","09:58:17",18.1,0.1,100,1502800,"S"
"TPB","09:57:56",18.1,0.1,500,1502700,"S"
"TPB","09:57:49",18.05,0.05,1000,1502200,"B"
"TPB","09:57:18",18.05,0.05,1000,1501200,"B"
"TPB","09:56:46",18.05,0.05,1000,1500200,"B"
"TPB","09:56:35",18.05,0.05,100,1499200,"B"
"TPB","09:56:15",18.05,0.05,1000,1499100,"B"
"TPB","09:56:13",18.05,0.05,4700,1498100,"B"
"TPB","09:56:10",18.1,0.1,2200,1493400,"S"
"TPB","09:56:02",18.1,0.1,2900,1491200,"S"
"TPB","09:55:43",18.05,0.05,1000,1488300,"B"
"TPB","09:55:27",18.1,0.1,2000,1487300,"S"
"TPB","09:55:20",18.1,0.1,1200,1485300,"S"
"TPB","09:55:18",18.05,0.05,2000,1484100,"B"
"TPB","09:55:12",18.05,0.05,1000,1482100,"B"
"TPB","09:54:59",18.05,0.05,3000,1481100,"B"
"TPB","09:54:51",18.05,0.05,800,1478100,"B"
"TPB","09:54:49",18.05,0.05,2700,1477300,"B"
"TPB","09:54:41",18.05,0.05,1000,1474600,"B"
"TPB","09:54:10",18.05,0.05,1000,1473600,"B"
"TPB","09:53:53",18.1,0.1,200,1472600,"S"
"TPB","09:53:39",18.05,0.05,1000,1472400,"B"
"TPB","09:53:30",18.05,0.05,200,1471400,"B"
"TPB","09:53:08",18.05,0.05,1000,1471200,"B"
"TPB","09:52:37",18.05,0.05,1000,1470200,"B"
"TPB","09:52:33",18.05,0.05,1500,1469200,"B"
"TPB","09:52:29",18.1,0.1,2200,1467700,"S"
"TPB","09:52:22",18.05,0.05,800,1465500,"B"
"TPB","09:52:18",18.05,0.05,16000,1464700,"B"
"TPB","09:52:06",18.05,0.05,1000,1448700,"B"
"TPB","09:52:00",18.05,0.05,300,1447700,"B"
"TPB","09:51:52",18.05,0.05,20000,1447400,"B"
"TPB","09:51:35",18.05,0.05,1000,1427400,"B"
"TPB","09:51:31",18.1,0.1,2200,1426400,"S"
"TPB","09:51:19",18.1,0.1,1100,1424200,"S"
"TPB","09:51:08",18.1,0.1,2200,1423100,"S"
"TPB","09:51:04",18.05,0.05,1000,1420900,"B"
"TPB","09:50:59",18.1,0.1,500,1419900,"S"
"TPB","09:50:33",18.05,0.05,1000,1419400,"B"
"TPB","09:50:33",18.1,0.1,2200,1418400,"S"
"TPB","09:50:25",18.05,0.05,1000,1416200,"B"
"TPB","09:50:17",18.1,0.1,8800,1415200,"S"
"TPB","09:50:06",18.1,0.1,1100,1406400,"S"
"TPB","09:50:02",18.05,0.05,1000,1405300,"B"
"TPB","09:50:02",18.1,0.1,2000,1404300,"S"
"TPB","09:49:41",18.1,0.1,100,1402300,"S"
"TPB","09:49:33",18.1,0.1,2200,1402200,"S"
"TPB","09:49:31",18.05,0.05,1000,1400000,"B"
"TPB","09:49:24",18.1,0.1,100000,1399000,"S"
"TPB","09:49:07",18.05,0.05,200,1299000,"B"
"TPB","09:49:00",18.05,0.05,1000,1298800,"B"
"TPB","09:48:57",18.1,0.1,100,1297800,"S"
"TPB","09:48:49",18.1,0.1,100,1297700,"S"
"TPB","09:48:30",18.1,0.1,2200,1297600,"S"
"TPB","09:48:29",18.1,0.1,1000,1295400,"S"
"TPB","09:48:13",18.05,0.05,10900,1294400,"S"
"TPB","09:47:19",18.05,0.05,2000,1283500,"S"
"TPB","09:46:56",18.05,0.05,2200,1281500,"S"
"TPB","09:46:53",18.05,0.05,2000,1279300,"S"
"TPB","09:46:52",18.05,0.05,1100,1277300,"S"
"TPB","09:46:38",18.05,0.05,400,1276200,"S"
"TPB","09:46:20",18,0,100,1275800,"B"
"TPB","09:46:08",18.05,0.05,13000,1275700,"S"
"TPB","09:45:55",18.05,0.05,24800,1262700,"B"
"TPB","09:45:32",18.05,0.05,1000,1237900,"B"
"TPB","09:45:19",18.05,0.05,200,1236900,"B"
"TPB","09:45:03",18.1,0.1,1000,1236700,"S"
"TPB","09:44:33",18.1,0.1,2200,1235700,"S"
"TPB","09:44:30",18.05,0.05,500,1233500,"B"
"TPB","09:44:29",18.05,0.05,78000,1233000,"S"
"TPB","09:44:21",18.05,0.05,1000,1155000,"S"
"TPB","09:44:07",18.05,0.05,500,1154000,"S"
"TPB","09:43:57",18,0,10000,1153500,"B"
"TPB","09:43:29",18,0,1000,1143500,"B"
"TPB","09:43:10",18,0,50000,1142500,"B"
"TPB","09:43:00",18.05,0.05,100,1092500,"S"
"TPB","09:42:55",18.05,0.05,1500,1092400,"S"
"TPB","09:42:47",18.05,0.05,100,1090900,"S"
"TPB","09:42:35",18.05,0.05,600,1090800,"S"
"TPB","09:42:29",18.05,0.05,300,1090200,"S"
"TPB","09:42:26",18.05,0.05,400,1089900,"S"
"TPB","09:42:25",18.05,0.05,200,1089500,"S"
"TPB","09:42:06",18,0,100,1089300,"B"
"TPB","09:41:52",18.05,0.05,1600,1089200,"S"
"TPB","09:41:39",18.05,0.05,5000,1087600,"S"
"TPB","09:41:01",18,0,1000,1082600,"B"
"TPB","09:41:00",18,0,500,1081600,"B"
"TPB","09:40:59",18.05,0.05,1000,1081100,"S"
"TPB","09:40:50",18,0,4000,1080100,"B"
"TPB","09:40:45",18,0,1000,1076100,"B"
"TPB","09:40:36",18,0,100,1075100,"B"
"TPB","09:40:19",18,0,300,1075000,"B"
"TPB","09:40:11",18,0,200,1074700,"B"
"TPB","09:39:57",18,0,15200,1074500,"B"
"TPB","09:39:56",18,0,1000,1059300,"B"
"TPB","09:39:33",18,0,500,1058300,"B"
"TPB","09:39:25",18,0,5000,1057800,"B"
"TPB","09:39:06",18.05,0.05,400,1052800,"S"
"TPB","09:38:38",18.05,0.05,300,1052400,"S"
"TPB","09:38:36",18,0,1000,1052100,"B"
"TPB","09:38:27",18,0,200,1051100,"B"
"TPB","09:38:25",18.05,0.05,1100,1050900,"S"
"TPB","09:37:44",18,0,12000,1049800,"B"
"TPB","09:37:32",18,0,6500,1037800,"B"
"TPB","09:37:32",18.05,0.05,2000,1031300,"B"
"TPB","09:36:36",18.1,0.1,100,1029300,"S"
"TPB","09:36:22",18.1,0.1,1000,1029200,"S"
"TPB","09:36:13",18,0,300,1028200,"B"
"TPB","09:35:49",18,0,500,1027900,"B"
"TPB","09:35:46",18,0,2000,1027400,"S"
"TPB","09:35:32",18,0,1000,1025400,"S"
"TPB","09:35:32",18,0,2000,1024400,"S"
"TPB","09:35:24",18,0,500,1022400,"S"
"TPB","09:35:17",18,0,200,1021900,"S"
"TPB","09:35:17",17.95,-0.05,200,1021700,"B"
"TPB","09:35:16",18,0,192500,1021500,"B"
"TPB","09:35:16",18.05,0.05,1800,829000,"B"
"TPB","09:35:15",18.05,0.05,3300,827200,"S"
"TPB","09:35:13",18.05,0.05,5000,823900,"S"
"TPB","09:35:11",18.05,0.05,7800,818900,"S"
"TPB","09:34:51",18.05,0.05,20000,811100,"S"
"TPB","09:34:34",18.05,0.05,74100,791100,"B"
"TPB","09:34:33",18.05,0.05,1000,717000,"B"
"TPB","09:34:23",18.1,0.1,2900,716000,"S"
"TPB","09:34:17",18.1,0.1,100,713100,"S"
"TPB","09:34:06",18.1,0.1,1000,713000,"S"
"TPB","09:33:50",18.1,0.1,500,712000,"S"
"TPB","09:33:18",18.1,0.1,1000,711500,"S"
"TPB","09:33:01",18.1,0.1,300,710500,"S"
"TPB","09:32:59",18.1,0.1,7000,710200,"S"
"TPB","09:32:32",18.1,0.1,1000,703200,"S"
"TPB","09:32:19",18.1,0.1,100,702200,"S"
"TPB","09:32:11",18.1,0.1,100,702100,"S"
"TPB","09:32:01",18.1,0.1,100,702000,"B"
"TPB","09:32:00",18.1,0.1,500,701900,"B"
"TPB","09:31:59",18.1,0.1,7200,701400,"B"
"TPB","09:31:43",18.1,0.1,500,694200,"B"
"TPB","09:31:35",18.15,0.15,100,693700,"S"
"TPB","09:31:21",18.1,0.1,1000,693600,"B"
"TPB","09:31:17",18.1,0.1,2500,692600,"B"
"TPB","09:31:12",18.1,0.1,400,690100,"B"
"TPB","09:31:01",18.15,0.15,100,689700,"S"
"TPB","09:31:01",18.1,0.1,100,689600,"B"
"TPB","09:30:29",18.15,0.15,1000,689500,"S"
"TPB","09:30:19",18.1,0.1,15000,688500,"B"
"TPB","09:30:12",18.1,0.1,500,673500,"B"
"TPB","09:30:04",18.1,0.1,100,673000,"B"
"TPB","09:29:59",18.1,0.1,5000,672900,"B"
"TPB","09:29:46",18.1,0.1,2500,667900,"B"
"TPB","09:29:41",18.1,0.1,800,665400,"B"
"TPB","09:29:38",18.1,0.1,3000,664600,"B"
"TPB","09:29:36",18.15,0.15,100,661600,"S"
"TPB","09:29:35",18.1,0.1,1400,661500,"B"
"TPB","09:29:25",18.1,0.1,400,660100,"B"
"TPB","09:29:21",18.1,0.1,1000,659700,"B"
"TPB","09:29:12",18.15,0.15,500,658700,"S"
"TPB","09:29:11",18.1,0.1,93200,658200,"S"
"TPB","09:29:10",18.1,0.1,1000,565000,"S"
"TPB","09:29:07",18.05,0.05,500,564000,"B"
"TPB","09:29:01",18.1,0.1,100,563500,"S"
"TPB","09:28:51",18.05,0.05,46000,563400,"B"
"TPB","09:28:29",18.1,0.1,600,517400,"S"
"TPB","09:28:26",18.05,0.05,100,516800,"B"
"TPB","09:28:04",18.1,0.1,200,516700,"S"
"TPB","09:27:32",18.1,0.1,1700,516500,"S"
"TPB","09:27:16",18.1,0.1,3000,514800,"S"
"TPB","09:27:15",18.1,0.1,500,511800,"S"
"TPB","09:27:13",18.05,0.05,100,511300,"B"
"TPB","09:26:38",18.1,0.1,100,511200,"S"
"TPB","09:26:35",18.1,0.1,10000,511100,"S"
"TPB","09:26:34",18.1,0.1,10000,501100,"S"
"TPB","09:26:27",18.1,0.1,100,491100,"S"
"TPB","09:26:23",18.1,0.1,5100,491000,"B"
"TPB","09:26:00",18.1,0.1,2000,485900,"B"
"TPB","09:25:58",18.15,0.15,300,483900,"S"
"TPB","09:25:42",18.15,0.15,300,483600,"S"
"TPB","09:25:38",18.15,0.15,1000,483300,"S"
"TPB","09:25:33",18.15,0.15,6600,482300,"S"
"TPB","09:25:31",18.15,0.15,1000,475700,"S"
"TPB","09:25:26",18.15,0.15,1000,474700,"S"
"TPB","09:25:21",18.15,0.15,1000,473700,"S"
"TPB","09:25:07",18.1,0.1,100,472700,"B"
"TPB","09:25:00",18.1,0.1,300,472600,"B"
"TPB","09:24:59",18.15,0.15,900,472300,"S"
"TPB","09:24:57",18.1,0.1,1000,471400,"B"
"TPB","09:24:50",18.1,0.1,15000,470400,"B"
"TPB","09:24:48",18.1,0.1,10000,455400,"B"
"TPB","09:24:43",18.1,0.1,500,445400,"B"
"TPB","09:24:38",18.1,0.1,2500,444900,"B"
"TPB","09:24:38",18.15,0.15,1000,442400,"S"
"TPB","09:24:36",18.1,0.1,20000,441400,"B"
"TPB","09:24:23",18.1,0.1,100,421400,"B"
"TPB","09:24:22",18.1,0.1,12000,421300,"B"
"TPB","09:24:20",18.1,0.1,100,409300,"B"
"TPB","09:24:13",18.1,0.1,5000,409200,"B"
"TPB","09:24:05",18.1,0.1,10000,404200,"B"
"TPB","09:23:57",18.15,0.15,2000,394200,"S"
"TPB","09:23:51",18.1,0.1,2500,392200,"B"
"TPB","09:23:47",18.1,0.1,100000,389700,"B"
"TPB","09:23:38",18.1,0.1,31500,289700,"B"
"TPB","09:23:29",18.1,0.1,20000,258200,"B"
"TPB","09:23:05",18.15,0.15,10000,238200,"S"
"TPB","09:23:01",18.1,0.1,500,228200,"B"
"TPB","09:22:58",18.15,0.15,1000,227700,"S"
"TPB","09:22:32",18.15,0.15,5000,226700,"S"
"TPB","09:22:31",18.15,0.15,2000,221700,"S"
"TPB","09:22:25",18.15,0.15,5000,219700,"S"
"TPB","09:22:09",18.15,0.15,500,214700,"S"
"TPB","09:22:08",18.15,0.15,500,214200,"S"
"TPB","09:22:04",18.1,0.1,100,213700,"B"
"TPB","09:21:46",18.1,0.1,500,213600,"B"
"TPB","09:21:40",18.1,0.1,100,213100,"B"
"TPB","09:21:22",18.1,0.1,100,213000,"B"
"TPB","09:21:18",18.15,0.15,1000,212900,"S"
"TPB","09:21:04",18.15,0.15,10000,211900,"S"
"TPB","09:20:52",18.15,0.15,4600,201900,"B"
"TPB","09:20:42",18.15,0.15,20000,197300,"B"
"TPB","09:20:38",18.15,0.15,500,177300,"B"
"TPB","09:20:32",18.15,0.15,900,176800,"B"
"TPB","09:20:17",18.15,0.15,100,175900,"B"
"TPB","09:20:03",18.15,0.15,5000,175800,"B"
"TPB","09:20:02",18.15,0.15,1300,170800,"B"
"TPB","09:19:53",18.15,0.15,200,169500,"B"
"TPB","09:19:52",18.15,0.15,2000,169300,"B"
"TPB","09:19:50",18.15,0.15,2000,167300,"B"
"TPB","09:19:48",18.15,0.15,600,165300,"B"
"TPB","09:19:44",18.15,0.15,4700,164700,"S"
"TPB","09:19:43",18.15,0.15,500,160000,"S"
"TPB","09:19:35",18.15,0.15,500,159500,"S"
"TPB","09:19:33",18.15,0.15,1000,159000,"S"
"TPB","09:19:31",18.15,0.15,1000,158000,"S"
"TPB","09:19:30",18.15,0.15,12400,157000,"B"
"TPB","09:19:22",18.15,0.15,300,144600,"B"
"TPB","09:19:21",18.15,0.15,3000,144300,"B"
"TPB","09:19:19",18.2,0.2,500,141300,"S"
"TPB","09:19:06",18.15,0.15,1000,140800,"B"
"TPB","09:18:43",18.15,0.15,11400,139800,"S"
"TPB","09:18:37",18.15,0.15,1500,128400,"S"
"TPB","09:18:36",18.1,0.1,1900,126900,"B"
"TPB","09:18:32",18.15,0.15,1600,125000,"S"
"TPB","09:18:29",18.15,0.15,2000,123400,"S"
"TPB","09:17:47",18.15,0.15,16900,121400,"B"
"TPB","09:17:18",18.15,0.15,200,104500,"B"
"TPB","09:17:07",18.15,0.15,100,104300,"B"
"TPB","09:17:03",18.15,0.15,3700,104200,"B"
"TPB","09:16:59",18.15,0.15,100,100500,"B"
"TPB","09:16:53",18.15,0.15,300,100400,"B"
"TPB","09:16:52",18.2,0.2,300,100100,"S"
"TPB","09:16:51",18.2,0.2,100,99800,"S"
"TPB","09:16:51",18.15,0.15,5000,99700,"B"
"TPB","09:16:35",18.15,0.15,2000,94700,"B"
"TPB","09:16:34",18.15,0.15,500,92700,"B"
"TPB","09:16:33",18.15,0.15,100,92200,"B"
"TPB","09:16:32",18.15,0.15,1000,92100,"B"
"TPB","09:16:28",18.15,0.15,100,91100,"B"
"TPB","09:16:24",18.15,0.15,200,91000,"S"
"TPB","09:16:22",18.15,0.15,300,90800,"B"
"TPB","09:16:19",18.15,0.15,500,90500,"B"
"TPB","09:16:14",18.15,0.15,200,90000,"B"
"TPB","09:16:03",18.1,0.1,200,89800,"B"
"TPB","09:15:23",18.1,0.1,500,89600,"B"
"TPB","09:15:16",18.1,0.1,3600,89100,"B"
"TPB","09:15:02",18.1,0.1,1400,85500,"B"
"TPB","09:15:01",18.2,0.2,84100,84100,
