"id","symbol","truncTime","matchType","matchVol","matchPrice","accumulatedVolume","createdAt","updatedAt"
162444182,"BAF","1704267889","unknown","303100","26350","4263000","2024-01-03T07:45:02.751Z","2024-01-03T07:45:02.751Z"
162442040,"BAF","1704266972","b","700","26250","3959900","2024-01-03T07:29:46.810Z","2024-01-03T07:29:46.810Z"
162442039,"BAF","1704266972","b","1000","26250","3959900","2024-01-03T07:29:46.810Z","2024-01-03T07:29:46.810Z"
162442038,"BAF","1704266972","b","200","26250","3959900","2024-01-03T07:29:46.810Z","2024-01-03T07:29:46.810Z"
162442037,"BAF","1704266972","b","100","26250","3959900","2024-01-03T07:29:46.810Z","2024-01-03T07:29:46.810Z"
162441243,"BAF","1704266965","b","500","26250","3957900","2024-01-03T07:29:38.749Z","2024-01-03T07:29:38.749Z"
162439225,"BAF","1704266938","b","300","26250","3957400","2024-01-03T07:29:11.791Z","2024-01-03T07:29:11.791Z"
162438451,"BAF","1704266928","b","1800","26250","3957100","2024-01-03T07:29:01.739Z","2024-01-03T07:29:01.739Z"
162438436,"BAF","1704266927","b","300","26250","3955300","2024-01-03T07:29:01.739Z","2024-01-03T07:29:01.739Z"
162438435,"BAF","1704266927","b","3500","26250","3955300","2024-01-03T07:29:01.739Z","2024-01-03T07:29:01.739Z"
162436643,"BAF","1704266894","b","800","26250","3951500","2024-01-03T07:28:27.739Z","2024-01-03T07:28:27.739Z"
162435949,"BAF","1704266881","b","1600","26250","3950700","2024-01-03T07:28:14.740Z","2024-01-03T07:28:14.740Z"
162435623,"BAF","1704266874","b","200","26250","3949100","2024-01-03T07:28:07.747Z","2024-01-03T07:28:07.747Z"
162433635,"BAF","1704266833","b","100","26250","3948900","2024-01-03T07:27:25.732Z","2024-01-03T07:27:25.732Z"
162433265,"BAF","1704266826","b","2200","26250","3946600","2024-01-03T07:27:19.751Z","2024-01-03T07:27:19.751Z"
162433006,"BAF","1704266819","s","300","26200","3946600","2024-01-03T07:27:13.738Z","2024-01-03T07:27:13.738Z"
162432766,"BAF","1704266815","b","1200","26250","3946300","2024-01-03T07:27:08.737Z","2024-01-03T07:27:08.737Z"
162431112,"BAF","1704266777","s","1000","26200","3945100","2024-01-03T07:26:30.730Z","2024-01-03T07:26:30.730Z"
162430930,"BAF","1704266773","s","400","26200","3944100","2024-01-03T07:26:26.734Z","2024-01-03T07:26:26.734Z"
162429964,"BAF","1704266748","b","1600","26250","3943700","2024-01-03T07:26:01.743Z","2024-01-03T07:26:01.743Z"
162429545,"BAF","1704266741","b","200","26250","3942100","2024-01-03T07:25:55.736Z","2024-01-03T07:25:55.736Z"
162428247,"BAF","1704266713","s","3000","26200","3941900","2024-01-03T07:25:27.764Z","2024-01-03T07:25:27.764Z"
162427924,"BAF","1704266706","b","1800","26250","3938900","2024-01-03T07:25:20.746Z","2024-01-03T07:25:20.746Z"
162427594,"BAF","1704266697","b","300","26250","3936800","2024-01-03T07:25:11.727Z","2024-01-03T07:25:11.727Z"
162427349,"BAF","1704266692","s","4000","26200","3936800","2024-01-03T07:25:05.723Z","2024-01-03T07:25:05.723Z"
162427348,"BAF","1704266692","s","300","26200","3936800","2024-01-03T07:25:05.723Z","2024-01-03T07:25:05.723Z"
162427345,"BAF","1704266692","s","400","26200","3931900","2024-01-03T07:25:04.782Z","2024-01-03T07:25:04.782Z"
162427344,"BAF","1704266692","s","100","26200","3931900","2024-01-03T07:25:04.782Z","2024-01-03T07:25:04.782Z"
162427343,"BAF","1704266692","s","100","26200","3931900","2024-01-03T07:25:04.782Z","2024-01-03T07:25:04.782Z"
162426868,"BAF","1704266682","b","2600","26250","3931900","2024-01-03T07:24:55.728Z","2024-01-03T07:24:55.728Z"
162425570,"BAF","1704266645","b","300","26250","3929300","2024-01-03T07:24:18.739Z","2024-01-03T07:24:18.739Z"
162425453,"BAF","1704266642","s","3600","26250","3929000","2024-01-03T07:24:15.726Z","2024-01-03T07:24:15.726Z"
162425337,"BAF","1704266638","s","11500","26250","3925400","2024-01-03T07:24:12.785Z","2024-01-03T07:24:12.785Z"
162425336,"BAF","1704266638","s","500","26250","3925400","2024-01-03T07:24:12.785Z","2024-01-03T07:24:12.785Z"
162425335,"BAF","1704266638","s","1000","26250","3925400","2024-01-03T07:24:12.785Z","2024-01-03T07:24:12.785Z"
162425334,"BAF","1704266638","s","7100","26250","3925400","2024-01-03T07:24:12.785Z","2024-01-03T07:24:12.785Z"
162425236,"BAF","1704266635","b","700","26300","3905300","2024-01-03T07:24:09.727Z","2024-01-03T07:24:09.727Z"
162425235,"BAF","1704266635","b","900","26300","3905300","2024-01-03T07:24:09.727Z","2024-01-03T07:24:09.727Z"
162425149,"BAF","1704266633","s","5900","26250","3897800","2024-01-03T07:24:06.768Z","2024-01-03T07:24:06.768Z"
162425052,"BAF","1704266630","b","2100","26300","3897800","2024-01-03T07:24:03.734Z","2024-01-03T07:24:03.734Z"
162424820,"BAF","1704266625","s","7000","26250","3895700","2024-01-03T07:23:58.725Z","2024-01-03T07:23:58.725Z"
162424819,"BAF","1704266625","s","500","26250","3895700","2024-01-03T07:23:58.725Z","2024-01-03T07:23:58.725Z"
162424818,"BAF","1704266625","s","500","26250","3895700","2024-01-03T07:23:58.725Z","2024-01-03T07:23:58.725Z"
162424817,"BAF","1704266625","s","1500","26250","3895700","2024-01-03T07:23:58.725Z","2024-01-03T07:23:58.725Z"
162424767,"BAF","1704266623","b","2000","26300","3886200","2024-01-03T07:23:55.745Z","2024-01-03T07:23:55.745Z"
162424766,"BAF","1704266623","b","200","26300","3886200","2024-01-03T07:23:55.745Z","2024-01-03T07:23:55.745Z"
162424561,"BAF","1704266618","s","5100","26250","3884000","2024-01-03T07:23:50.760Z","2024-01-03T07:23:50.760Z"
162424273,"BAF","1704266610","s","2000","26250","3878900","2024-01-03T07:23:43.732Z","2024-01-03T07:23:43.732Z"
162423840,"BAF","1704266594","s","1300","26250","3876900","2024-01-03T07:23:28.726Z","2024-01-03T07:23:28.726Z"
162422533,"BAF","1704266557","s","300","26250","3875600","2024-01-03T07:22:50.762Z","2024-01-03T07:22:50.762Z"
162421867,"BAF","1704266544","b","300","26300","3875300","2024-01-03T07:22:37.822Z","2024-01-03T07:22:37.822Z"
162421866,"BAF","1704266544","b","600","26300","3875300","2024-01-03T07:22:37.822Z","2024-01-03T07:22:37.822Z"
162421865,"BAF","1704266544","b","600","26300","3875300","2024-01-03T07:22:37.822Z","2024-01-03T07:22:37.822Z"
162421864,"BAF","1704266544","b","1100","26300","3875300","2024-01-03T07:22:37.822Z","2024-01-03T07:22:37.822Z"
162420762,"BAF","1704266512","s","1200","26250","3872700","2024-01-03T07:22:06.737Z","2024-01-03T07:22:06.737Z"
162419482,"BAF","1704266467","s","1600","26250","3869900","2024-01-03T07:21:20.729Z","2024-01-03T07:21:20.729Z"
162419193,"BAF","1704266457","s","600","26250","3869900","2024-01-03T07:21:10.720Z","2024-01-03T07:21:10.720Z"
162416621,"BAF","1704266366","b","6600","26300","3869300","2024-01-03T07:19:39.743Z","2024-01-03T07:19:39.743Z"
162416533,"BAF","1704266363","b","2500","26300","3862700","2024-01-03T07:19:36.722Z","2024-01-03T07:19:36.722Z"
162416188,"BAF","1704266349","b","1200","26300","3860200","2024-01-03T07:19:22.718Z","2024-01-03T07:19:22.718Z"
162415900,"BAF","1704266341","b","700","26300","3858300","2024-01-03T07:19:14.731Z","2024-01-03T07:19:14.731Z"
162415664,"BAF","1704266334","s","4800","26250","3858300","2024-01-03T07:19:07.733Z","2024-01-03T07:19:07.733Z"
162414513,"BAF","1704266301","b","600","26300","3852900","2024-01-03T07:18:34.720Z","2024-01-03T07:18:34.720Z"
162414154,"BAF","1704266292","b","4000","26300","3848900","2024-01-03T07:18:24.727Z","2024-01-03T07:18:24.727Z"
162413713,"BAF","1704266280","b","1400","26300","3848900","2024-01-03T07:18:13.730Z","2024-01-03T07:18:13.730Z"
162413425,"BAF","1704266270","s","400","26250","3847500","2024-01-03T07:18:03.727Z","2024-01-03T07:18:03.727Z"
162412199,"BAF","1704266231","s","1000","26250","3847100","2024-01-03T07:17:24.720Z","2024-01-03T07:17:24.720Z"
162411717,"BAF","1704266214","s","300","26250","3846100","2024-01-03T07:17:07.724Z","2024-01-03T07:17:07.724Z"
162410861,"BAF","1704266187","b","1000","26300","3845800","2024-01-03T07:16:40.735Z","2024-01-03T07:16:40.735Z"
162410338,"BAF","1704266171","s","300","26250","3844800","2024-01-03T07:16:24.726Z","2024-01-03T07:16:24.726Z"
162410304,"BAF","1704266170","b","2300","26300","3844500","2024-01-03T07:16:23.716Z","2024-01-03T07:16:23.716Z"
162409965,"BAF","1704266158","s","400","26250","3842200","2024-01-03T07:16:11.731Z","2024-01-03T07:16:11.731Z"
162409114,"BAF","1704266133","b","1800","26300","3841800","2024-01-03T07:15:46.723Z","2024-01-03T07:15:46.723Z"
162408291,"BAF","1704266111","b","100","26300","3840000","2024-01-03T07:15:23.727Z","2024-01-03T07:15:23.727Z"
162406873,"BAF","1704266076","b","5000","26300","3839900","2024-01-03T07:14:50.745Z","2024-01-03T07:14:50.745Z"
162405702,"BAF","1704266045","b","1300","26300","3834900","2024-01-03T07:14:18.720Z","2024-01-03T07:14:18.720Z"
162403690,"BAF","1704265981","b","2200","26300","3833600","2024-01-03T07:13:14.729Z","2024-01-03T07:13:14.729Z"
162403266,"BAF","1704265968","b","200","26300","3831200","2024-01-03T07:13:01.719Z","2024-01-03T07:13:01.719Z"
162403244,"BAF","1704265967","s","1700","26250","3831200","2024-01-03T07:13:00.725Z","2024-01-03T07:13:00.725Z"
162403134,"BAF","1704265964","b","300","26300","3829500","2024-01-03T07:12:57.742Z","2024-01-03T07:12:57.742Z"
162402657,"BAF","1704265946","b","400","26300","3829200","2024-01-03T07:12:39.719Z","2024-01-03T07:12:39.719Z"
162402034,"BAF","1704265927","b","10000","26300","3828800","2024-01-03T07:12:20.716Z","2024-01-03T07:12:20.716Z"
162401895,"BAF","1704265922","b","100","26300","3818800","2024-01-03T07:12:15.757Z","2024-01-03T07:12:15.757Z"
162401767,"BAF","1704265917","s","1100","26250","3818700","2024-01-03T07:12:10.723Z","2024-01-03T07:12:10.723Z"
162401711,"BAF","1704265915","b","100","26300","3817600","2024-01-03T07:12:08.759Z","2024-01-03T07:12:08.759Z"
162400969,"BAF","1704265894","b","1200","26300","3817500","2024-01-03T07:11:47.732Z","2024-01-03T07:11:47.732Z"
162400866,"BAF","1704265891","s","200","26250","3816300","2024-01-03T07:11:44.729Z","2024-01-03T07:11:44.729Z"
162399844,"BAF","1704265864","s","800","26250","3816100","2024-01-03T07:11:18.795Z","2024-01-03T07:11:18.795Z"
162397390,"BAF","1704265806","s","700","26250","3815300","2024-01-03T07:10:19.729Z","2024-01-03T07:10:19.729Z"
162397311,"BAF","1704265803","b","400","26300","3814600","2024-01-03T07:10:16.723Z","2024-01-03T07:10:16.723Z"
162395247,"BAF","1704265750","s","1100","26250","3813100","2024-01-03T07:09:23.718Z","2024-01-03T07:09:23.718Z"
162394985,"BAF","1704265743","b","3800","26300","3813100","2024-01-03T07:09:16.757Z","2024-01-03T07:09:16.757Z"
162394647,"BAF","1704265733","b","100","26300","3809300","2024-01-03T07:09:07.716Z","2024-01-03T07:09:07.716Z"
162392715,"BAF","1704265680","s","600","26250","3808600","2024-01-03T07:08:13.731Z","2024-01-03T07:08:13.731Z"
162392503,"BAF","1704265674","b","300","26300","3808300","2024-01-03T07:08:07.716Z","2024-01-03T07:08:07.716Z"
162392334,"BAF","1704265669","b","500","26300","3808300","2024-01-03T07:08:02.733Z","2024-01-03T07:08:02.733Z"
162391923,"BAF","1704265661","b","800","26300","3807800","2024-01-03T07:07:54.712Z","2024-01-03T07:07:54.712Z"
162391922,"BAF","1704265661","b","10000","26300","3807800","2024-01-03T07:07:54.712Z","2024-01-03T07:07:54.712Z"
162391921,"BAF","1704265661","b","1000","26300","3807800","2024-01-03T07:07:54.712Z","2024-01-03T07:07:54.712Z"
162391920,"BAF","1704265661","b","200","26300","3807800","2024-01-03T07:07:54.712Z","2024-01-03T07:07:54.712Z"
