"Stockcode","Package","TradingDate","Price","Vol","TotalVol","TotalVal","Change","IsBuy","PerChange"
"CII",144504,"/Date(1704181500000)/",17200,347500,5961700,103191000000,-50,true,-0.29
"CII",143000,"/Date(1704180597000)/",17200,10200,5614200,97214000000,-50,true,-0.29
"CII",143000,"/Date(1704180597000)/",17200,200,5604000,97038000000,-50,true,-0.29
"CII",143000,"/Date(1704180597000)/",17200,1000,5603800,97035000000,-50,true,-0.29
"CII",143000,"/Date(1704180597000)/",17200,300,5602800,97017000000,-50,true,-0.29
"CII",143000,"/Date(1704180597000)/",17200,2000,5602500,97012000000,-50,true,-0.29
"CII",143000,"/Date(1704180597000)/",17200,1100,5600500,96978000000,-50,true,-0.29
"CII",143000,"/Date(1704180597000)/",17200,200,5599400,96959000000,-50,true,-0.29
"CII",142940,"/Date(1704180579000)/",17200,100,5599200,96956000000,-50,true,-0.29
"CII",142940,"/Date(1704180579000)/",17200,900,5599100,96954000000,-50,true,-0.29
"CII",142937,"/Date(1704180576000)/",17250,2000,5598200,96938000000,0,false,0
"CII",142934,"/Date(1704180572000)/",17250,100,5596200,96904000000,0,false,0
"CII",142934,"/Date(1704180572000)/",17200,100,5596100,96902000000,-50,true,-0.29
"CII",142934,"/Date(1704180572000)/",17200,200,5596000,96900000000,-50,true,-0.29
"CII",142934,"/Date(1704180572000)/",17200,4700,5595800,96897000000,-50,true,-0.29
"CII",142934,"/Date(1704180570000)/",17200,30000,5591100,96816000000,-50,true,-0.29
"CII",142931,"/Date(1704180568000)/",17200,500,5561100,96300000000,-50,true,-0.29
"CII",142924,"/Date(1704180562000)/",17200,100,5560600,96292000000,-50,true,-0.29
"CII",142924,"/Date(1704180562000)/",17200,30000,5560500,96290000000,-50,true,-0.29
"CII",142918,"/Date(1704180556000)/",17250,500,5530500,95774000000,0,false,0
"CII",142912,"/Date(1704180549000)/",17250,1700,5530000,95765000000,0,false,0
"CII",142912,"/Date(1704180549000)/",17250,2500,5528300,95736000000,0,false,0
"CII",142912,"/Date(1704180549000)/",17250,100,5525800,95693000000,0,false,0
"CII",142912,"/Date(1704180549000)/",17250,500,5525700,95691000000,0,false,0
"CII",142912,"/Date(1704180549000)/",17250,200,5525200,95682000000,0,false,0
"CII",142912,"/Date(1704180549000)/",17250,1400,5525000,95679000000,0,false,0
"CII",142912,"/Date(1704180549000)/",17250,3600,5523600,95655000000,0,false,0
"CII",142852,"/Date(1704180531000)/",17250,1300,5520000,95593000000,0,false,0
"CII",142840,"/Date(1704180519000)/",17250,100,5518700,95570000000,0,false,0
"CII",142840,"/Date(1704180519000)/",17250,100,5518600,95569000000,0,false,0
"CII",142840,"/Date(1704180517000)/",17200,1000,5518500,95567000000,-50,true,-0.29
"CII",142840,"/Date(1704180516000)/",17250,2000,5517500,95550000000,0,false,0
"CII",142837,"/Date(1704180513000)/",17250,2900,5515500,95515000000,0,false,0
"CII",142837,"/Date(1704180513000)/",17250,2100,5512600,95465000000,0,false,0
"CII",142833,"/Date(1704180512000)/",17250,200,5510500,95429000000,0,false,0
"CII",142821,"/Date(1704180499000)/",17250,5000,5510300,95425000000,0,false,0
"CII",142821,"/Date(1704180498000)/",17250,2000,5505300,95339000000,0,false,0
"CII",142814,"/Date(1704180492000)/",17250,2700,5503300,95305000000,0,false,0
"CII",142814,"/Date(1704180492000)/",17250,1600,5500600,95258000000,0,false,0
"CII",142814,"/Date(1704180492000)/",17250,700,5499000,95231000000,0,false,0
"CII",142811,"/Date(1704180488000)/",17200,2000,5498300,95218000000,-50,true,-0.29
"CII",142811,"/Date(1704180487000)/",17200,500,5496300,95184000000,-50,true,-0.29
"CII",142758,"/Date(1704180476000)/",17200,500,5495800,95175000000,-50,true,-0.29
"CII",142758,"/Date(1704180476000)/",17200,10000,5495300,95167000000,-50,true,-0.29
"CII",142752,"/Date(1704180469000)/",17200,100,5485300,94995000000,-50,true,-0.29
"CII",142736,"/Date(1704180454000)/",17200,100,5485200,94993000000,-50,true,-0.29
"CII",142736,"/Date(1704180454000)/",17250,15200,5485100,94991000000,0,false,0
"CII",142736,"/Date(1704180454000)/",17250,1400,5469900,94729000000,0,false,0
"CII",142736,"/Date(1704180454000)/",17250,8000,5468500,94705000000,0,false,0
"CII",142736,"/Date(1704180454000)/",17250,600,5460500,94567000000,0,false,0
"CII",142736,"/Date(1704180454000)/",17250,3300,5459900,94557000000,0,false,0
"CII",142736,"/Date(1704180454000)/",17250,500,5456600,94500000000,0,false,0
"CII",142729,"/Date(1704180446000)/",17250,200,5456100,94491000000,0,false,0
"CII",142729,"/Date(1704180445000)/",17200,500,5455900,94488000000,-50,true,-0.29
"CII",142700,"/Date(1704180419000)/",17250,2800,5455400,94479000000,0,false,0
"CII",142657,"/Date(1704180415000)/",17250,1000,5452600,94431000000,0,false,0
"CII",142644,"/Date(1704180401000)/",17250,5000,5451600,94414000000,0,false,0
"CII",142635,"/Date(1704180393000)/",17200,3000,5446600,94327000000,-50,true,-0.29
"CII",142625,"/Date(1704180382000)/",17250,1500,5443600,94276000000,0,false,0
"CII",142625,"/Date(1704180382000)/",17250,200,5442100,94250000000,0,false,0
"CII",142625,"/Date(1704180382000)/",17250,400,5441900,94246000000,0,false,0
"CII",142622,"/Date(1704180380000)/",17200,10000,5441500,94239000000,-50,true,-0.29
"CII",142622,"/Date(1704180379000)/",17200,1000,5431500,94067000000,-50,true,-0.29
"CII",142619,"/Date(1704180376000)/",17200,1000,5430500,94050000000,-50,true,-0.29
"CII",142619,"/Date(1704180375000)/",17250,100,5429500,94033000000,0,false,0
"CII",142612,"/Date(1704180369000)/",17200,5000,5429400,94031000000,-50,true,-0.29
"CII",142612,"/Date(1704180369000)/",17200,100,5424400,93945000000,-50,true,-0.29
"CII",142612,"/Date(1704180369000)/",17200,900,5424300,93944000000,-50,true,-0.29
"CII",142609,"/Date(1704180368000)/",17250,1500,5423400,93928000000,0,false,0
"CII",142609,"/Date(1704180368000)/",17250,1000,5421900,93902000000,0,false,0
"CII",142609,"/Date(1704180368000)/",17250,2500,5420900,93885000000,0,false,0
"CII",142556,"/Date(1704180353000)/",17250,500,5418400,93842000000,0,false,0
"CII",142556,"/Date(1704180353000)/",17250,3500,5417900,93833000000,0,false,0
"CII",142547,"/Date(1704180345000)/",17200,1400,5414400,93773000000,-50,true,-0.29
"CII",142544,"/Date(1704180342000)/",17200,100,5413000,93749000000,-50,true,-0.29
"CII",142534,"/Date(1704180331000)/",17200,2600,5412900,93747000000,-50,true,-0.29
"CII",142534,"/Date(1704180331000)/",17200,400,5410300,93702000000,-50,true,-0.29
"CII",142531,"/Date(1704180328000)/",17200,4600,5409900,93695000000,-50,true,-0.29
"CII",142531,"/Date(1704180328000)/",17200,300,5405300,93616000000,-50,true,-0.29
"CII",142531,"/Date(1704180328000)/",17200,3000,5405000,93611000000,-50,true,-0.29
"CII",142531,"/Date(1704180328000)/",17200,100,5402000,93560000000,-50,true,-0.29
"CII",142531,"/Date(1704180328000)/",17200,1000,5401900,93558000000,-50,true,-0.29
"CII",142531,"/Date(1704180328000)/",17200,100,5400900,93541000000,-50,true,-0.29
"CII",142531,"/Date(1704180328000)/",17200,500,5400800,93539000000,-50,true,-0.29
"CII",142531,"/Date(1704180328000)/",17200,10000,5400300,93530000000,-50,true,-0.29
"CII",142531,"/Date(1704180328000)/",17200,400,5390300,93358000000,-50,true,-0.29
"CII",142531,"/Date(1704180327000)/",17200,100,5389900,93351000000,-50,true,-0.29
"CII",142531,"/Date(1704180327000)/",17200,1000,5389800,93350000000,-50,true,-0.29
"CII",142531,"/Date(1704180327000)/",17200,500,5388800,93333000000,-50,true,-0.29
"CII",142531,"/Date(1704180327000)/",17200,1300,5388300,93324000000,-50,true,-0.29
"CII",142524,"/Date(1704180323000)/",17200,5100,5387000,93302000000,-50,true,-0.29
"CII",142508,"/Date(1704180308000)/",17200,1000,5381900,93214000000,-50,true,-0.29
"CII",142508,"/Date(1704180305000)/",17250,100,5380900,93197000000,0,false,0
"CII",142502,"/Date(1704180300000)/",17250,400,5380800,93195000000,0,false,0
"CII",142502,"/Date(1704180300000)/",17250,1600,5380400,93188000000,0,false,0
"CII",142446,"/Date(1704180285000)/",17200,2600,5378800,93160000000,-50,true,-0.29
"CII",142446,"/Date(1704180285000)/",17200,400,5376200,93116000000,-50,true,-0.29
"CII",142443,"/Date(1704180280000)/",17250,100,5375800,93109000000,0,false,0
"CII",142436,"/Date(1704180275000)/",17250,1000,5375700,93107000000,0,true,0
"CII",142436,"/Date(1704180275000)/",17250,300,5374700,93090000000,0,true,0
"CII",142436,"/Date(1704180273000)/",17250,500,5374400,93085000000,0,true,0
"CII",142433,"/Date(1704180272000)/",17250,300,5373900,93076000000,0,true,0
"CII",142433,"/Date(1704180270000)/",17250,3400,5373600,93071000000,0,true,0
"CII",142433,"/Date(1704180270000)/",17250,100,5370200,93012000000,0,true,0
"CII",142433,"/Date(1704180270000)/",17250,100,5370100,93011000000,0,true,0
"CII",142433,"/Date(1704180270000)/",17250,1000,5370000,93009000000,0,true,0
"CII",142433,"/Date(1704180270000)/",17250,300,5369000,92992000000,0,true,0
"CII",142433,"/Date(1704180270000)/",17250,5000,5368700,92986000000,0,true,0
"CII",142433,"/Date(1704180270000)/",17250,100,5363700,92900000000,0,true,0
"CII",142433,"/Date(1704180270000)/",17250,100,5363600,92898000000,0,true,0
"CII",142433,"/Date(1704180270000)/",17250,100,5363500,92897000000,0,true,0
"CII",142433,"/Date(1704180270000)/",17250,1000,5363400,92895000000,0,true,0
"CII",142433,"/Date(1704180270000)/",17250,100,5362400,92878000000,0,true,0
"CII",142433,"/Date(1704180270000)/",17250,100,5362300,92876000000,0,true,0
"CII",142433,"/Date(1704180270000)/",17250,1000,5362200,92874000000,0,true,0
"CII",142433,"/Date(1704180270000)/",17250,2600,5361200,92857000000,0,true,0
"CII",142430,"/Date(1704180267000)/",17250,400,5358600,92812000000,0,true,0
"CII",142430,"/Date(1704180267000)/",17250,200,5358200,92805000000,0,true,0
"CII",142430,"/Date(1704180267000)/",17250,1000,5358000,92802000000,0,true,0
"CII",142430,"/Date(1704180267000)/",17250,2200,5357000,92785000000,0,true,0
"CII",142430,"/Date(1704180267000)/",17250,1000,5354800,92747000000,0,true,0
"CII",142430,"/Date(1704180267000)/",17250,1100,5353800,92729000000,0,true,0
"CII",142430,"/Date(1704180267000)/",17250,1900,5352700,92710000000,0,true,0
"CII",142430,"/Date(1704180267000)/",17250,2000,5350800,92678000000,0,true,0
"CII",142430,"/Date(1704180267000)/",17250,100,5348800,92643000000,0,true,0
"CII",142430,"/Date(1704180267000)/",17250,100,5348700,92641000000,0,true,0
"CII",142427,"/Date(1704180266000)/",17250,100,5348600,92640000000,0,true,0
"CII",142427,"/Date(1704180266000)/",17250,200,5348500,92638000000,0,true,0
"CII",142424,"/Date(1704180263000)/",17250,1000,5348300,92634000000,0,true,0
"CII",142424,"/Date(1704180261000)/",17250,2000,5347300,92617000000,0,true,0
"CII",142424,"/Date(1704180260000)/",17250,5000,5345300,92583000000,0,true,0
"CII",142424,"/Date(1704180260000)/",17250,500,5340300,92496000000,0,true,0
"CII",142424,"/Date(1704180260000)/",17250,1300,5339800,92488000000,0,true,0
"CII",142424,"/Date(1704180260000)/",17250,2000,5338500,92465000000,0,true,0
"CII",142424,"/Date(1704180260000)/",17250,500,5336500,92431000000,0,true,0
"CII",142424,"/Date(1704180260000)/",17250,10000,5336000,92422000000,0,true,0
"CII",142424,"/Date(1704180260000)/",17250,500,5326000,92250000000,0,true,0
"CII",142424,"/Date(1704180260000)/",17250,100,5325500,92241000000,0,true,0
"CII",142424,"/Date(1704180260000)/",17250,100,5325400,92239000000,0,true,0
"CII",142420,"/Date(1704180259000)/",17250,900,5325300,92238000000,0,true,0
"CII",142420,"/Date(1704180259000)/",17250,500,5324400,92222000000,0,true,0
"CII",142420,"/Date(1704180259000)/",17250,2000,5323900,92214000000,0,true,0
"CII",142420,"/Date(1704180259000)/",17250,16600,5321900,92179000000,0,true,0
"CII",142420,"/Date(1704180257000)/",17250,4700,5305300,91893000000,0,true,0
"CII",142420,"/Date(1704180257000)/",17250,100,5300600,91812000000,0,true,0
"CII",142417,"/Date(1704180255000)/",17250,100,5300500,91810000000,0,true,0
"CII",142417,"/Date(1704180255000)/",17250,6000,5300400,91808000000,0,true,0
"CII",142417,"/Date(1704180255000)/",17250,300,5294400,91705000000,0,true,0
"CII",142417,"/Date(1704180255000)/",17250,600,5294100,91700000000,0,true,0
"CII",142414,"/Date(1704180253000)/",17250,10000,5293500,91689000000,0,true,0
"CII",142414,"/Date(1704180252000)/",17250,8600,5283500,91517000000,0,true,0
"CII",142411,"/Date(1704180247000)/",17250,300,5274900,91368000000,0,true,0
"CII",142411,"/Date(1704180247000)/",17250,1700,5274600,91363000000,0,true,0
"CII",142408,"/Date(1704180244000)/",17250,7000,5272900,91334000000,0,true,0
"CII",142404,"/Date(1704180242000)/",17250,1000,5265900,91213000000,0,true,0
"CII",142358,"/Date(1704180237000)/",17250,2500,5264900,91196000000,0,true,0
"CII",142355,"/Date(1704180234000)/",17250,2000,5262400,91153000000,0,true,0
"CII",142336,"/Date(1704180212000)/",17250,200,5260400,91118000000,0,true,0
"CII",142326,"/Date(1704180203000)/",17250,2000,5260200,91115000000,0,true,0
"CII",142304,"/Date(1704180182000)/",17300,1000,5258200,91080000000,50,false,0.29
"CII",142219,"/Date(1704180135000)/",17300,100,5257200,91063000000,50,false,0.29
"CII",142219,"/Date(1704180135000)/",17300,100,5257100,91061000000,50,false,0.29
"CII",142212,"/Date(1704180130000)/",17250,2000,5257000,91060000000,0,true,0
"CII",142212,"/Date(1704180130000)/",17250,1000,5255000,91025000000,0,true,0
"CII",142046,"/Date(1704180044000)/",17300,100,5254000,91008000000,50,false,0.29
"CII",142020,"/Date(1704180018000)/",17300,100,5253900,91006000000,50,false,0.29
"CII",142016,"/Date(1704180015000)/",17300,700,5253800,91004000000,50,false,0.29
"CII",142016,"/Date(1704180015000)/",17300,300,5253100,90992000000,50,false,0.29
"CII",141951,"/Date(1704179988000)/",17300,700,5252800,90987000000,50,false,0.29
"CII",141951,"/Date(1704179988000)/",17300,200,5252100,90975000000,50,false,0.29
"CII",141951,"/Date(1704179988000)/",17300,2900,5251900,90971000000,50,false,0.29
"CII",141951,"/Date(1704179988000)/",17300,200,5249000,90921000000,50,false,0.29
"CII",141951,"/Date(1704179988000)/",17300,500,5248800,90918000000,50,false,0.29
"CII",141951,"/Date(1704179988000)/",17300,5500,5248300,90909000000,50,false,0.29
"CII",141844,"/Date(1704179923000)/",17300,4500,5242800,90814000000,50,false,0.29
"CII",141844,"/Date(1704179923000)/",17300,5000,5238300,90736000000,50,false,0.29
"CII",141844,"/Date(1704179923000)/",17300,500,5233300,90650000000,50,false,0.29
"CII",141828,"/Date(1704179906000)/",17300,100,5232800,90641000000,50,true,0.29
"CII",141828,"/Date(1704179906000)/",17300,1400,5232700,90639000000,50,true,0.29
"CII",141822,"/Date(1704179900000)/",17300,1200,5231300,90615000000,50,true,0.29
"CII",141822,"/Date(1704179899000)/",17300,200,5230100,90594000000,50,true,0.29
"CII",141822,"/Date(1704179898000)/",17300,1000,5229900,90591000000,50,true,0.29
"CII",141759,"/Date(1704179876000)/",17300,500,5228900,90574000000,50,true,0.29
"CII",141753,"/Date(1704179870000)/",17300,700,5228400,90565000000,50,true,0.29
"CII",141753,"/Date(1704179870000)/",17300,300,5227700,90553000000,50,true,0.29
"CII",141753,"/Date(1704179870000)/",17300,100,5227400,90548000000,50,true,0.29
"CII",141746,"/Date(1704179863000)/",17300,5000,5227300,90546000000,50,true,0.29
"CII",141743,"/Date(1704179862000)/",17300,1000,5222300,90459000000,50,true,0.29
"CII",141743,"/Date(1704179861000)/",17300,1000,5221300,90442000000,50,true,0.29
"CII",141740,"/Date(1704179859000)/",17300,5000,5220300,90425000000,50,true,0.29
"CII",141740,"/Date(1704179859000)/",17300,5000,5215300,90338000000,50,true,0.29
"CII",141740,"/Date(1704179859000)/",17300,1000,5210300,90252000000,50,true,0.29
"CII",141740,"/Date(1704179859000)/",17300,200,5209300,90234000000,50,true,0.29
"CII",141730,"/Date(1704179847000)/",17300,100,5209100,90231000000,50,true,0.29
"CII",141724,"/Date(1704179843000)/",17300,400,5209000,90229000000,50,true,0.29
"CII",141721,"/Date(1704179837000)/",17300,300,5208600,90222000000,50,true,0.29
"CII",141721,"/Date(1704179837000)/",17300,2000,5208300,90217000000,50,true,0.29
"CII",141721,"/Date(1704179837000)/",17300,2000,5206300,90183000000,50,true,0.29
"CII",141721,"/Date(1704179837000)/",17300,100,5204300,90148000000,50,true,0.29
"CII",141721,"/Date(1704179837000)/",17300,600,5204200,90146000000,50,true,0.29
"CII",141718,"/Date(1704179835000)/",17300,3000,5203600,90136000000,50,true,0.29
"CII",141708,"/Date(1704179827000)/",17300,1400,5200600,90084000000,50,true,0.29
"CII",141655,"/Date(1704179813000)/",17300,2000,5199200,90060000000,50,true,0.29
"CII",141633,"/Date(1704179790000)/",17300,5000,5197200,90025000000,50,true,0.29
"CII",141626,"/Date(1704179784000)/",17300,1000,5192200,89939000000,50,true,0.29
"CII",141620,"/Date(1704179779000)/",17350,600,5191200,89921000000,100,false,0.58
"CII",141620,"/Date(1704179779000)/",17350,8100,5190600,89911000000,100,false,0.58
"CII",141620,"/Date(1704179779000)/",17350,100,5182500,89770000000,100,false,0.58
"CII",141620,"/Date(1704179779000)/",17350,1000,5182400,89769000000,100,false,0.58
"CII",141620,"/Date(1704179779000)/",17350,1000,5181400,89751000000,100,false,0.58
"CII",141620,"/Date(1704179779000)/",17350,500,5180400,89734000000,100,false,0.58
"CII",141620,"/Date(1704179779000)/",17350,100,5179900,89725000000,100,false,0.58
"CII",141620,"/Date(1704179779000)/",17350,1000,5179800,89724000000,100,false,0.58
"CII",141620,"/Date(1704179779000)/",17350,500,5178800,89706000000,100,false,0.58
"CII",141620,"/Date(1704179779000)/",17350,500,5178300,89698000000,100,false,0.58
"CII",141620,"/Date(1704179779000)/",17350,5000,5177800,89689000000,100,false,0.58
"CII",141620,"/Date(1704179779000)/",17350,500,5172800,89602000000,100,false,0.58
"CII",141620,"/Date(1704179779000)/",17350,500,5172300,89593000000,100,false,0.58
"CII",141620,"/Date(1704179779000)/",17350,100,5171800,89585000000,100,false,0.58
"CII",141620,"/Date(1704179779000)/",17350,1500,5171700,89583000000,100,false,0.58
"CII",141620,"/Date(1704179779000)/",17350,100,5170200,89557000000,100,false,0.58
"CII",141620,"/Date(1704179779000)/",17350,5000,5170100,89555000000,100,false,0.58
"CII",141620,"/Date(1704179779000)/",17350,500,5165100,89468000000,100,false,0.58
"CII",141620,"/Date(1704179779000)/",17350,1000,5164600,89460000000,100,false,0.58
"CII",141620,"/Date(1704179779000)/",17350,1000,5163600,89442000000,100,false,0.58
"CII",141620,"/Date(1704179779000)/",17350,200,5162600,89425000000,100,false,0.58
"CII",141620,"/Date(1704179779000)/",17350,16000,5162400,89422000000,100,false,0.58
"CII",141620,"/Date(1704179779000)/",17350,500,5146400,89144000000,100,false,0.58
"CII",141620,"/Date(1704179779000)/",17350,100,5145900,89135000000,100,false,0.58
"CII",141620,"/Date(1704179779000)/",17350,500,5145800,89134000000,100,false,0.58
"CII",141620,"/Date(1704179779000)/",17350,1000,5145300,89125000000,100,false,0.58
"CII",141620,"/Date(1704179779000)/",17350,12800,5144300,89108000000,100,false,0.58
"CII",141620,"/Date(1704179779000)/",17350,200,5131500,88886000000,100,false,0.58
"CII",141620,"/Date(1704179779000)/",17350,10000,5131300,88882000000,100,false,0.58
"CII",141620,"/Date(1704179779000)/",17350,1000,5121300,88709000000,100,false,0.58
"CII",141620,"/Date(1704179779000)/",17350,1600,5120300,88691000000,100,false,0.58
"CII",141617,"/Date(1704179773000)/",17300,500,5118700,88663000000,50,true,0.29
"CII",141614,"/Date(1704179772000)/",17300,300,5118200,88655000000,50,true,0.29
"CII",141548,"/Date(1704179745000)/",17300,100,5117900,88650000000,50,true,0.29
"CII",141542,"/Date(1704179740000)/",17300,500,5117800,88648000000,50,false,0.29
"CII",141542,"/Date(1704179740000)/",17300,100,5117300,88639000000,50,false,0.29
"CII",141542,"/Date(1704179740000)/",17300,300,5117200,88637000000,50,false,0.29
"CII",141542,"/Date(1704179740000)/",17300,200,5116900,88632000000,50,false,0.29
"CII",141542,"/Date(1704179740000)/",17300,17600,5116700,88629000000,50,false,0.29
"CII",141542,"/Date(1704179740000)/",17300,1000,5099100,88324000000,50,false,0.29
"CII",141538,"/Date(1704179735000)/",17300,500,5098100,88307000000,50,false,0.29
"CII",141538,"/Date(1704179735000)/",17300,100,5097600,88298000000,50,false,0.29
"CII",141532,"/Date(1704179731000)/",17300,5000,5097500,88297000000,50,false,0.29
"CII",141457,"/Date(1704179695000)/",17300,900,5092500,88210000000,50,false,0.29
"CII",141457,"/Date(1704179695000)/",17300,3800,5091600,88195000000,50,false,0.29
"CII",141444,"/Date(1704179683000)/",17300,100,5087800,88129000000,50,true,0.29
"CII",141444,"/Date(1704179682000)/",17300,400,5087700,88127000000,50,true,0.29
"CII",141444,"/Date(1704179682000)/",17300,700,5087300,88120000000,50,true,0.29
"CII",141428,"/Date(1704179667000)/",17300,700,5086600,88108000000,50,false,0.29
"CII",141428,"/Date(1704179667000)/",17300,2000,5085900,88096000000,50,false,0.29
"CII",141428,"/Date(1704179667000)/",17300,300,5083900,88061000000,50,false,0.29
"CII",141428,"/Date(1704179667000)/",17300,300,5083600,88056000000,50,false,0.29
"CII",141428,"/Date(1704179666000)/",17300,700,5083300,88051000000,50,false,0.29
"CII",141422,"/Date(1704179659000)/",17300,600,5082600,88039000000,50,false,0.29
"CII",141422,"/Date(1704179659000)/",17300,800,5082000,88029000000,50,false,0.29
"CII",141422,"/Date(1704179659000)/",17300,4000,5081200,88015000000,50,false,0.29
"CII",141422,"/Date(1704179659000)/",17300,200,5077200,87945000000,50,false,0.29
"CII",141422,"/Date(1704179659000)/",17300,400,5077000,87942000000,50,false,0.29
"CII",141422,"/Date(1704179659000)/",17300,4000,5076600,87935000000,50,false,0.29
"CII",141406,"/Date(1704179643000)/",17300,1000,5072600,87866000000,50,false,0.29
"CII",141406,"/Date(1704179643000)/",17300,1000,5071600,87849000000,50,false,0.29
"CII",141406,"/Date(1704179643000)/",17300,1000,5070600,87831000000,50,false,0.29
"CII",141406,"/Date(1704179643000)/",17300,100,5069600,87814000000,50,false,0.29
"CII",141359,"/Date(1704179639000)/",17300,200,5069500,87812000000,50,false,0.29
"CII",141359,"/Date(1704179639000)/",17300,2000,5069300,87809000000,50,false,0.29
"CII",141359,"/Date(1704179639000)/",17300,200,5067300,87774000000,50,false,0.29
"CII",141359,"/Date(1704179639000)/",17300,500,5067100,87771000000,50,false,0.29
"CII",141359,"/Date(1704179639000)/",17300,2100,5066600,87762000000,50,false,0.29
"CII",141359,"/Date(1704179637000)/",17300,4900,5064500,87726000000,50,false,0.29
"CII",141359,"/Date(1704179637000)/",17300,5100,5059600,87641000000,50,false,0.29
"CII",141356,"/Date(1704179633000)/",17300,100,5054500,87553000000,50,false,0.29
"CII",141349,"/Date(1704179627000)/",17300,1000,5054400,87551000000,50,false,0.29
"CII",141343,"/Date(1704179620000)/",17300,10000,5053400,87534000000,50,false,0.29
"CII",141340,"/Date(1704179619000)/",17300,1500,5043400,87361000000,50,false,0.29
"CII",141337,"/Date(1704179615000)/",17300,22300,5041900,87335000000,50,false,0.29
"CII",141337,"/Date(1704179615000)/",17300,100,5019600,86949000000,50,false,0.29
"CII",141337,"/Date(1704179615000)/",17300,5600,5019500,86947000000,50,false,0.29
"CII",141337,"/Date(1704179614000)/",17300,4500,5013900,86850000000,50,false,0.29
"CII",141229,"/Date(1704179548000)/",17300,200,5009400,86773000000,50,false,0.29
"CII",141210,"/Date(1704179528000)/",17300,600,5009200,86769000000,50,false,0.29
"CII",141157,"/Date(1704179514000)/",17300,500,5008600,86759000000,50,false,0.29
"CII",141132,"/Date(1704179489000)/",17250,1000,5008100,86750000000,0,true,0
"CII",141112,"/Date(1704179469000)/",17250,2000,5007100,86733000000,0,true,0
"CII",141050,"/Date(1704179447000)/",17300,100,5005100,86698000000,50,false,0.29
"CII",141040,"/Date(1704179439000)/",17300,3000,5005000,86697000000,50,false,0.29
"CII",141024,"/Date(1704179422000)/",17250,2000,5002000,86645000000,0,true,0
"CII",140959,"/Date(1704179397000)/",17250,3000,5000000,86610000000,0,true,0
"CII",140933,"/Date(1704179370000)/",17250,1000,4997000,86558000000,0,true,0
"CII",140930,"/Date(1704179369000)/",17250,100,4996000,86541000000,0,true,0
"CII",140927,"/Date(1704179365000)/",17250,800,4995900,86539000000,0,true,0
"CII",140858,"/Date(1704179337000)/",17250,1200,4995100,86526000000,0,true,0
"CII",140852,"/Date(1704179330000)/",17300,600,4993900,86505000000,50,false,0.29
"CII",140817,"/Date(1704179295000)/",17300,2400,4993300,86495000000,50,false,0.29
"CII",140817,"/Date(1704179294000)/",17300,500,4990900,86453000000,50,false,0.29
"CII",140804,"/Date(1704179283000)/",17300,2000,4990400,86444000000,50,false,0.29
"CII",140801,"/Date(1704179279000)/",17300,1000,4988400,86410000000,50,true,0.29
"CII",140801,"/Date(1704179277000)/",17300,500,4987400,86393000000,50,true,0.29
"CII",140757,"/Date(1704179276000)/",17300,1000,4986900,86384000000,50,true,0.29
"CII",140754,"/Date(1704179273000)/",17300,100,4985900,86367000000,50,true,0.29
"CII",140754,"/Date(1704179271000)/",17300,100,4985800,86365000000,50,true,0.29
"CII",140751,"/Date(1704179268000)/",17300,10000,4985700,86363000000,50,true,0.29
"CII",140751,"/Date(1704179268000)/",17300,5300,4975700,86190000000,50,true,0.29
"CII",140748,"/Date(1704179265000)/",17300,10000,4970400,86098000000,50,false,0.29
"CII",140748,"/Date(1704179265000)/",17300,4700,4960400,85925000000,50,false,0.29
"CII",140748,"/Date(1704179264000)/",17300,2000,4955700,85844000000,50,false,0.29
"CII",140745,"/Date(1704179260000)/",17300,2000,4953700,85809000000,50,true,0.29
"CII",140741,"/Date(1704179260000)/",17300,4000,4951700,85775000000,50,true,0.29
"CII",140741,"/Date(1704179258000)/",17300,600,4947700,85706000000,50,true,0.29
"CII",140725,"/Date(1704179244000)/",17300,5000,4947100,85695000000,50,true,0.29
"CII",140725,"/Date(1704179244000)/",17300,1700,4942100,85609000000,50,true,0.29
"CII",140722,"/Date(1704179241000)/",17300,3300,4940400,85579000000,50,true,0.29
"CII",140722,"/Date(1704179240000)/",17300,400,4937100,85522000000,50,true,0.29
"CII",140722,"/Date(1704179240000)/",17300,1000,4936700,85515000000,50,true,0.29
"CII",140722,"/Date(1704179240000)/",17300,600,4935700,85498000000,50,true,0.29
"CII",140712,"/Date(1704179230000)/",17300,100,4935100,85488000000,50,true,0.29
"CII",140712,"/Date(1704179230000)/",17300,300,4935000,85486000000,50,true,0.29
"CII",140712,"/Date(1704179230000)/",17300,1900,4934700,85481000000,50,true,0.29
"CII",140712,"/Date(1704179230000)/",17300,500,4932800,85448000000,50,true,0.29
"CII",140712,"/Date(1704179230000)/",17300,300,4932300,85439000000,50,true,0.29
"CII",140712,"/Date(1704179229000)/",17300,600,4932000,85434000000,50,true,0.29
"CII",140709,"/Date(1704179228000)/",17300,5000,4931400,85424000000,50,true,0.29
"CII",140706,"/Date(1704179224000)/",17300,40000,4926400,85337000000,50,true,0.29
"CII",140706,"/Date(1704179223000)/",17300,500,4886400,84645000000,50,true,0.29
"CII",140703,"/Date(1704179220000)/",17300,3900,4885900,84637000000,50,true,0.29
"CII",140703,"/Date(1704179220000)/",17300,5000,4882000,84569000000,50,true,0.29
"CII",140703,"/Date(1704179220000)/",17300,700,4877000,84483000000,50,true,0.29
"CII",140703,"/Date(1704179220000)/",17300,10400,4876300,84470000000,50,true,0.29
"CII",140659,"/Date(1704179217000)/",17300,500,4865900,84291000000,50,true,0.29
"CII",140656,"/Date(1704179213000)/",17300,1000,4865400,84282000000,50,true,0.29
"CII",140650,"/Date(1704179209000)/",17300,34500,4864400,84265000000,50,true,0.29
"CII",140643,"/Date(1704179200000)/",17300,1000,4829900,83668000000,50,true,0.29
"CII",140611,"/Date(1704179170000)/",17300,500,4828900,83650000000,50,true,0.29
"CII",140552,"/Date(1704179151000)/",17300,3700,4828400,83642000000,50,true,0.29
"CII",140552,"/Date(1704179148000)/",17300,11400,4824700,83578000000,50,true,0.29
"CII",140552,"/Date(1704179148000)/",17300,100,4813300,83381000000,50,true,0.29
"CII",140552,"/Date(1704179148000)/",17300,3000,4813200,83379000000,50,true,0.29
"CII",140552,"/Date(1704179148000)/",17300,600,4810200,83327000000,50,true,0.29
"CII",140552,"/Date(1704179148000)/",17300,200,4809600,83317000000,50,true,0.29
"CII",140552,"/Date(1704179148000)/",17300,100,4809400,83313000000,50,true,0.29
"CII",140549,"/Date(1704179148000)/",17300,400,4809300,83311000000,50,true,0.29
"CII",140549,"/Date(1704179148000)/",17300,4200,4808900,83304000000,50,true,0.29
"CII",140546,"/Date(1704179144000)/",17350,200,4804700,83232000000,100,false,0.58
"CII",140533,"/Date(1704179131000)/",17300,500,4804500,83228000000,50,true,0.29
"CII",140530,"/Date(1704179127000)/",17300,100,4804000,83220000000,50,true,0.29
"CII",140520,"/Date(1704179117000)/",17350,200,4803900,83218000000,100,false,0.58
"CII",140520,"/Date(1704179117000)/",17350,500,4803700,83214000000,100,false,0.58
"CII",140520,"/Date(1704179117000)/",17350,200,4803200,83206000000,100,false,0.58
"CII",140520,"/Date(1704179117000)/",17350,100,4803000,83202000000,100,false,0.58
"CII",140429,"/Date(1704179066000)/",17350,100,4802900,83201000000,100,false,0.58
"CII",140423,"/Date(1704179060000)/",17300,300,4802800,83199000000,50,true,0.29
"CII",140410,"/Date(1704179048000)/",17350,200,4802500,83194000000,100,false,0.58
"CII",140348,"/Date(1704179026000)/",17300,200,4802300,83190000000,50,true,0.29
"CII",140338,"/Date(1704179015000)/",17300,600,4802100,83187000000,50,true,0.29
"CII",140332,"/Date(1704179008000)/",17300,900,4801500,83176000000,50,true,0.29
"CII",140322,"/Date(1704179000000)/",17300,200,4800600,83161000000,50,true,0.29
"CII",140250,"/Date(1704178969000)/",17300,200,4800400,83157000000,50,true,0.29
"CII",140250,"/Date(1704178969000)/",17350,2600,4800200,83154000000,100,false,0.58
"CII",140250,"/Date(1704178969000)/",17350,2500,4797600,83109000000,100,false,0.58
"CII",140215,"/Date(1704178933000)/",17300,2800,4795100,83065000000,50,true,0.29
"CII",140215,"/Date(1704178933000)/",17300,500,4792300,83017000000,50,true,0.29
"CII",140215,"/Date(1704178933000)/",17300,1700,4791800,83008000000,50,true,0.29
"CII",140208,"/Date(1704178925000)/",17300,100,4790100,82979000000,50,true,0.29
"CII",140205,"/Date(1704178922000)/",17300,2000,4790000,82977000000,50,true,0.29
"CII",140205,"/Date(1704178922000)/",17300,3000,4788000,82943000000,50,true,0.29
"CII",140152,"/Date(1704178910000)/",17300,500,4785000,82891000000,50,true,0.29
"CII",140149,"/Date(1704178907000)/",17300,1000,4784500,82882000000,50,true,0.29
"CII",140133,"/Date(1704178891000)/",17300,100,4783500,82865000000,50,true,0.29
"CII",140130,"/Date(1704178888000)/",17300,1000,4783400,82863000000,50,true,0.29
"CII",140130,"/Date(1704178886000)/",17300,500,4782400,82846000000,50,true,0.29
"CII",140124,"/Date(1704178881000)/",17300,200,4781900,82837000000,50,true,0.29
"CII",140114,"/Date(1704178872000)/",17300,5000,4781700,82834000000,50,true,0.29
"CII",140108,"/Date(1704178865000)/",17300,100,4776700,82747000000,50,true,0.29
"CII",140101,"/Date(1704178859000)/",17300,4800,4776600,82745000000,50,true,0.29
"CII",140101,"/Date(1704178859000)/",17300,200,4771800,82662000000,50,true,0.29
"CII",140055,"/Date(1704178852000)/",17300,300,4771600,82659000000,50,false,0.29
"CII",140049,"/Date(1704178846000)/",17300,300,4771300,82654000000,50,false,0.29
"CII",140045,"/Date(1704178843000)/",17300,100,4771000,82648000000,50,true,0.29
"CII",140045,"/Date(1704178843000)/",17300,300,4770900,82647000000,50,true,0.29
"CII",140042,"/Date(1704178841000)/",17350,1000,4770600,82642000000,100,false,0.58
"CII",140042,"/Date(1704178840000)/",17300,400,4769600,82624000000,50,true,0.29
"CII",140042,"/Date(1704178840000)/",17300,1600,4769200,82617000000,50,true,0.29
"CII",140036,"/Date(1704178834000)/",17300,100,4767600,82590000000,50,true,0.29
"CII",140029,"/Date(1704178829000)/",17300,3300,4767500,82588000000,50,false,0.29
"CII",140026,"/Date(1704178824000)/",17300,3700,4764200,82531000000,50,false,0.29
"CII",140026,"/Date(1704178824000)/",17300,1300,4760500,82467000000,50,false,0.29
"CII",140026,"/Date(1704178823000)/",17300,3700,4759200,82444000000,50,false,0.29
"CII",140026,"/Date(1704178823000)/",17300,400,4755500,82380000000,50,false,0.29
"CII",140026,"/Date(1704178823000)/",17300,900,4755100,82373000000,50,false,0.29
"CII",140023,"/Date(1704178822000)/",17300,100,4754200,82358000000,50,false,0.29
"CII",140017,"/Date(1704178814000)/",17300,500,4754100,82356000000,50,false,0.29
"CII",140017,"/Date(1704178814000)/",17300,100,4753600,82347000000,50,false,0.29
"CII",140017,"/Date(1704178814000)/",17300,6000,4753500,82346000000,50,false,0.29
"CII",140017,"/Date(1704178814000)/",17300,8400,4747500,82242000000,50,false,0.29
"CII",140004,"/Date(1704178802000)/",17300,1600,4739100,82097000000,50,false,0.29
"CII",140004,"/Date(1704178802000)/",17300,28400,4737500,82069000000,50,false,0.29
"CII",135954,"/Date(1704178793000)/",17300,100,4709100,81578000000,50,false,0.29
"CII",135951,"/Date(1704178789000)/",17300,500,4709000,81576000000,50,true,0.29
"CII",135951,"/Date(1704178789000)/",17300,1000,4708500,81567000000,50,true,0.29
"CII",135951,"/Date(1704178789000)/",17300,1000,4707500,81550000000,50,true,0.29
"CII",135951,"/Date(1704178789000)/",17300,3000,4706500,81533000000,50,true,0.29
"CII",135951,"/Date(1704178789000)/",17300,4100,4703500,81481000000,50,true,0.29
"CII",135951,"/Date(1704178789000)/",17300,100,4699400,81410000000,50,true,0.29
"CII",135951,"/Date(1704178789000)/",17300,100,4699300,81408000000,50,true,0.29
"CII",135951,"/Date(1704178789000)/",17300,1500,4699200,81406000000,50,true,0.29
"CII",135951,"/Date(1704178789000)/",17300,2300,4697700,81380000000,50,true,0.29
"CII",135951,"/Date(1704178789000)/",17300,2000,4695400,81341000000,50,true,0.29
"CII",135951,"/Date(1704178789000)/",17300,5900,4693400,81306000000,50,true,0.29
"CII",135948,"/Date(1704178787000)/",17300,1000,4687500,81204000000,50,true,0.29
"CII",135938,"/Date(1704178775000)/",17300,3100,4686500,81187000000,50,true,0.29
"CII",135938,"/Date(1704178775000)/",17300,300,4683400,81133000000,50,true,0.29
"CII",135938,"/Date(1704178775000)/",17300,100,4683100,81128000000,50,true,0.29
"CII",135938,"/Date(1704178775000)/",17300,700,4683000,81126000000,50,true,0.29
"CII",135938,"/Date(1704178775000)/",17300,3200,4682300,81114000000,50,true,0.29
"CII",135938,"/Date(1704178775000)/",17300,500,4679100,81059000000,50,true,0.29
"CII",135938,"/Date(1704178775000)/",17300,100,4678600,81050000000,50,true,0.29
"CII",135938,"/Date(1704178775000)/",17300,3300,4678500,81048000000,50,true,0.29
"CII",135938,"/Date(1704178775000)/",17300,200,4675200,80991000000,50,true,0.29
"CII",135938,"/Date(1704178775000)/",17300,8500,4675000,80988000000,50,true,0.29
"CII",135925,"/Date(1704178762000)/",17300,1000,4666500,80841000000,50,true,0.29
"CII",135922,"/Date(1704178761000)/",17300,500,4665500,80823000000,50,true,0.29
"CII",135853,"/Date(1704178732000)/",17300,100,4665000,80815000000,50,true,0.29
"CII",135844,"/Date(1704178722000)/",17300,10000,4664900,80813000000,50,true,0.29
"CII",135837,"/Date(1704178715000)/",17300,2000,4654900,80640000000,50,true,0.29
"CII",135834,"/Date(1704178712000)/",17300,2000,4652900,80605000000,50,true,0.29
"CII",135825,"/Date(1704178703000)/",17350,100,4650900,80571000000,100,false,0.58
"CII",135812,"/Date(1704178689000)/",17300,3000,4650800,80569000000,50,true,0.29
"CII",135753,"/Date(1704178672000)/",17350,100,4647800,80517000000,100,false,0.58
"CII",135746,"/Date(1704178666000)/",17350,100,4647700,80515000000,100,false,0.58
"CII",135743,"/Date(1704178656000)/",17350,100,4647600,80514000000,100,false,0.58
"CII",135737,"/Date(1704178653000)/",17300,1000,4647500,80512000000,50,true,0.29
"CII",135724,"/Date(1704178642000)/",17300,1000,4646500,80495000000,50,true,0.29
"CII",135721,"/Date(1704178637000)/",17350,100,4645500,80477000000,100,false,0.58
"CII",135711,"/Date(1704178630000)/",17300,100,4645400,80476000000,50,false,0.29
"CII",135711,"/Date(1704178630000)/",17300,300,4645300,80474000000,50,false,0.29
"CII",135711,"/Date(1704178630000)/",17300,500,4645000,80469000000,50,false,0.29
"CII",135708,"/Date(1704178626000)/",17300,500,4644500,80460000000,50,false,0.29
"CII",135708,"/Date(1704178626000)/",17300,1000,4644000,80451000000,50,false,0.29
"CII",135708,"/Date(1704178626000)/",17300,1000,4643000,80434000000,50,false,0.29
"CII",135708,"/Date(1704178626000)/",17300,1000,4642000,80417000000,50,false,0.29
"CII",135702,"/Date(1704178620000)/",17300,100,4641000,80399000000,50,false,0.29
"CII",135702,"/Date(1704178620000)/",17300,500,4640900,80398000000,50,false,0.29
"CII",135658,"/Date(1704178616000)/",17300,500,4640400,80389000000,50,false,0.29
"CII",135655,"/Date(1704178614000)/",17300,100,4639900,80380000000,50,false,0.29
"CII",135649,"/Date(1704178605000)/",17300,900,4639800,80379000000,50,false,0.29
"CII",135649,"/Date(1704178605000)/",17300,100,4638900,80363000000,50,false,0.29
"CII",135649,"/Date(1704178605000)/",17300,1700,4638800,80361000000,50,false,0.29
"CII",135642,"/Date(1704178600000)/",17300,1300,4637100,80332000000,50,false,0.29
"CII",135642,"/Date(1704178600000)/",17300,100,4635800,80309000000,50,false,0.29
"CII",135642,"/Date(1704178600000)/",17300,1000,4635700,80308000000,50,false,0.29
"CII",135642,"/Date(1704178600000)/",17300,200,4634700,80290000000,50,false,0.29
"CII",135642,"/Date(1704178600000)/",17300,5000,4634500,80287000000,50,false,0.29
"CII",135642,"/Date(1704178600000)/",17300,100,4629500,80200000000,50,false,0.29
"CII",135642,"/Date(1704178600000)/",17300,700,4629400,80199000000,50,false,0.29
"CII",135642,"/Date(1704178600000)/",17300,100,4628700,80187000000,50,false,0.29
"CII",135642,"/Date(1704178600000)/",17300,500,4628600,80185000000,50,false,0.29
"CII",135642,"/Date(1704178600000)/",17300,300,4628100,80176000000,50,false,0.29
"CII",135642,"/Date(1704178600000)/",17300,2100,4627800,80171000000,50,false,0.29
"CII",135642,"/Date(1704178600000)/",17300,10000,4625700,80135000000,50,false,0.29
"CII",135642,"/Date(1704178600000)/",17300,300,4615700,79962000000,50,false,0.29
"CII",135642,"/Date(1704178600000)/",17300,500,4615400,79957000000,50,false,0.29
"CII",135642,"/Date(1704178600000)/",17300,5000,4614900,79948000000,50,false,0.29
"CII",135642,"/Date(1704178600000)/",17300,3000,4609900,79861000000,50,false,0.29
"CII",135642,"/Date(1704178600000)/",17300,500,4606900,79809000000,50,false,0.29
"CII",135642,"/Date(1704178600000)/",17300,1000,4606400,79801000000,50,false,0.29
"CII",135642,"/Date(1704178600000)/",17300,3500,4605400,79784000000,50,false,0.29
"CII",135642,"/Date(1704178600000)/",17300,1000,4601900,79723000000,50,false,0.29
"CII",135642,"/Date(1704178600000)/",17300,1000,4600900,79706000000,50,false,0.29
"CII",135642,"/Date(1704178600000)/",17300,500,4599900,79688000000,50,false,0.29
"CII",135642,"/Date(1704178600000)/",17300,300,4599400,79680000000,50,false,0.29
"CII",135642,"/Date(1704178600000)/",17300,1000,4599100,79675000000,50,false,0.29
"CII",135642,"/Date(1704178600000)/",17300,600,4598100,79657000000,50,false,0.29
"CII",135642,"/Date(1704178600000)/",17300,100,4597500,79647000000,50,false,0.29
"CII",135642,"/Date(1704178600000)/",17300,300,4597400,79645000000,50,false,0.29
"CII",135639,"/Date(1704178596000)/",17250,1500,4597100,79640000000,0,true,0
"CII",135630,"/Date(1704178586000)/",17300,100,4595600,79614000000,50,false,0.29
"CII",135614,"/Date(1704178570000)/",17250,100,4595500,79612000000,0,true,0
"CII",135526,"/Date(1704178524000)/",17250,100,4595400,79611000000,0,true,0
"CII",135457,"/Date(1704178496000)/",17250,100,4595300,79609000000,0,true,0
"CII",135457,"/Date(1704178496000)/",17250,100,4595200,79607000000,0,true,0
"CII",135447,"/Date(1704178485000)/",17250,600,4595100,79605000000,0,false,0
"CII",135447,"/Date(1704178485000)/",17250,100,4594500,79595000000,0,false,0
"CII",135447,"/Date(1704178485000)/",17250,100,4594400,79593000000,0,false,0
"CII",135447,"/Date(1704178485000)/",17250,1400,4594300,79592000000,0,false,0
"CII",135447,"/Date(1704178485000)/",17250,500,4592900,79567000000,0,false,0
"CII",135447,"/Date(1704178485000)/",17250,2100,4592400,79559000000,0,false,0
"CII",135447,"/Date(1704178485000)/",17250,5800,4590300,79523000000,0,false,0
"CII",135447,"/Date(1704178485000)/",17250,400,4584500,79423000000,0,false,0
"CII",135447,"/Date(1704178485000)/",17250,1000,4584100,79416000000,0,false,0
"CII",135447,"/Date(1704178485000)/",17250,5000,4583100,79398000000,0,false,0
"CII",135447,"/Date(1704178485000)/",17250,5000,4578100,79312000000,0,false,0
"CII",135447,"/Date(1704178485000)/",17250,1000,4573100,79226000000,0,false,0
"CII",135447,"/Date(1704178485000)/",17250,4500,4572100,79209000000,0,false,0
"CII",135447,"/Date(1704178485000)/",17250,100,4567600,79131000000,0,false,0
"CII",135447,"/Date(1704178485000)/",17250,2000,4567500,79129000000,0,false,0
"CII",135447,"/Date(1704178485000)/",17250,18300,4565500,79095000000,0,false,0
"CII",135422,"/Date(1704178458000)/",17250,2500,4547200,78779000000,0,false,0
"CII",135422,"/Date(1704178458000)/",17250,4300,4544700,78736000000,0,false,0
"CII",135422,"/Date(1704178458000)/",17250,3000,4540400,78662000000,0,false,0
"CII",135422,"/Date(1704178458000)/",17250,200,4537400,78610000000,0,false,0
"CII",135340,"/Date(1704178419000)/",17250,100,4537200,78607000000,0,false,0
"CII",135312,"/Date(1704178390000)/",17250,3700,4537100,78605000000,0,false,0
"CII",135312,"/Date(1704178390000)/",17250,6300,4533400,78541000000,0,false,0
"CII",135305,"/Date(1704178383000)/",17200,500,4527100,78432000000,-50,true,-0.29
"CII",135214,"/Date(1704178332000)/",17200,300,4526600,78424000000,-50,true,-0.29
"CII",135204,"/Date(1704178323000)/",17200,400,4526300,78419000000,-50,true,-0.29
"CII",135136,"/Date(1704178293000)/",17200,100,4525900,78412000000,-50,true,-0.29
"CII",135107,"/Date(1704178265000)/",17200,600,4525800,78410000000,-50,false,-0.29
"CII",135101,"/Date(1704178259000)/",17200,500,4525200,78400000000,-50,true,-0.29
"CII",135101,"/Date(1704178259000)/",17200,400,4524700,78391000000,-50,true,-0.29
"CII",135101,"/Date(1704178259000)/",17200,3500,4524300,78384000000,-50,true,-0.29
"CII",135051,"/Date(1704178249000)/",17200,500,4520800,78324000000,-50,true,-0.29
"CII",135022,"/Date(1704178221000)/",17200,2000,4520300,78315000000,-50,true,-0.29
"CII",135022,"/Date(1704178220000)/",17200,600,4518300,78281000000,-50,true,-0.29
"CII",135022,"/Date(1704178220000)/",17200,1900,4517700,78271000000,-50,true,-0.29
"CII",134957,"/Date(1704178193000)/",17200,1000,4515800,78238000000,-50,false,-0.29
"CII",134957,"/Date(1704178193000)/",17200,2100,4514800,78221000000,-50,false,-0.29
"CII",134950,"/Date(1704178189000)/",17200,500,4512700,78185000000,-50,false,-0.29
"CII",134950,"/Date(1704178189000)/",17200,400,4512200,78176000000,-50,false,-0.29
"CII",134950,"/Date(1704178189000)/",17200,100,4511800,78169000000,-50,false,-0.29
"CII",134925,"/Date(1704178163000)/",17200,2900,4511700,78168000000,-50,true,-0.29
"CII",134925,"/Date(1704178163000)/",17200,600,4508800,78118000000,-50,true,-0.29
"CII",134925,"/Date(1704178163000)/",17200,100,4508200,78107000000,-50,true,-0.29
"CII",134925,"/Date(1704178163000)/",17200,200,4508100,78106000000,-50,true,-0.29
"CII",134925,"/Date(1704178163000)/",17200,200,4507900,78102000000,-50,true,-0.29
"CII",134925,"/Date(1704178163000)/",17200,300,4507700,78099000000,-50,true,-0.29
"CII",134925,"/Date(1704178163000)/",17200,500,4507400,78094000000,-50,true,-0.29
"CII",134925,"/Date(1704178163000)/",17200,500,4506900,78085000000,-50,true,-0.29
"CII",134925,"/Date(1704178163000)/",17200,400,4506400,78076000000,-50,true,-0.29
"CII",134925,"/Date(1704178163000)/",17200,100,4506000,78069000000,-50,true,-0.29
"CII",134925,"/Date(1704178163000)/",17200,900,4505900,78068000000,-50,true,-0.29
"CII",134925,"/Date(1704178163000)/",17200,28200,4505000,78052000000,-50,true,-0.29
"CII",134925,"/Date(1704178162000)/",17200,2800,4476800,77567000000,-50,true,-0.29
"CII",134922,"/Date(1704178159000)/",17200,800,4474000,77519000000,-50,true,-0.29
"CII",134918,"/Date(1704178155000)/",17200,400,4473200,77505000000,-50,true,-0.29
"CII",134915,"/Date(1704178152000)/",17200,7700,4472800,77498000000,-50,true,-0.29
"CII",134912,"/Date(1704178150000)/",17200,1000,4465100,77366000000,-50,true,-0.29
"CII",134906,"/Date(1704178142000)/",17200,900,4464100,77349000000,-50,true,-0.29
"CII",134853,"/Date(1704178131000)/",17200,2000,4463200,77333000000,-50,true,-0.29
"CII",134853,"/Date(1704178131000)/",17200,500,4461200,77299000000,-50,true,-0.29
"CII",134846,"/Date(1704178125000)/",17200,1300,4460700,77290000000,-50,true,-0.29
"CII",134846,"/Date(1704178125000)/",17200,600,4459400,77268000000,-50,true,-0.29
"CII",134843,"/Date(1704178122000)/",17200,3800,4458800,77258000000,-50,true,-0.29
"CII",134843,"/Date(1704178122000)/",17200,500,4455000,77192000000,-50,true,-0.29
"CII",134843,"/Date(1704178122000)/",17200,100,4454500,77184000000,-50,true,-0.29
"CII",134843,"/Date(1704178122000)/",17200,600,4454400,77182000000,-50,true,-0.29
"CII",134843,"/Date(1704178120000)/",17200,100,4453800,77172000000,-50,true,-0.29
"CII",134837,"/Date(1704178114000)/",17200,1300,4453700,77170000000,-50,true,-0.29
"CII",134837,"/Date(1704178114000)/",17200,100,4452400,77148000000,-50,true,-0.29
"CII",134837,"/Date(1704178114000)/",17200,100,4452300,77146000000,-50,true,-0.29
"CII",134837,"/Date(1704178114000)/",17200,200,4452200,77144000000,-50,true,-0.29
"CII",134837,"/Date(1704178114000)/",17200,100,4452000,77141000000,-50,true,-0.29
"CII",134837,"/Date(1704178114000)/",17200,400,4451900,77139000000,-50,true,-0.29
"CII",134837,"/Date(1704178114000)/",17200,7800,4451500,77132000000,-50,true,-0.29
"CII",134833,"/Date(1704178110000)/",17200,2200,4443700,76998000000,-50,true,-0.29
"CII",134833,"/Date(1704178110000)/",17200,500,4441500,76960000000,-50,true,-0.29
"CII",134833,"/Date(1704178110000)/",17200,1500,4441000,76951000000,-50,true,-0.29
"CII",134833,"/Date(1704178110000)/",17200,1000,4439500,76926000000,-50,true,-0.29
"CII",134833,"/Date(1704178110000)/",17200,2000,4438500,76908000000,-50,true,-0.29
"CII",134833,"/Date(1704178110000)/",17200,100,4436500,76874000000,-50,true,-0.29
"CII",134833,"/Date(1704178110000)/",17200,500,4436400,76872000000,-50,true,-0.29
"CII",134833,"/Date(1704178110000)/",17200,800,4435900,76864000000,-50,true,-0.29
"CII",134833,"/Date(1704178110000)/",17200,100,4435100,76850000000,-50,true,-0.29
"CII",134833,"/Date(1704178110000)/",17200,100,4435000,76848000000,-50,true,-0.29
"CII",134833,"/Date(1704178110000)/",17200,3000,4434900,76847000000,-50,true,-0.29
"CII",134833,"/Date(1704178110000)/",17200,500,4431900,76795000000,-50,true,-0.29
"CII",134833,"/Date(1704178110000)/",17200,500,4431400,76786000000,-50,true,-0.29
"CII",134833,"/Date(1704178110000)/",17200,5000,4430900,76778000000,-50,true,-0.29
"CII",134833,"/Date(1704178110000)/",17200,500,4425900,76692000000,-50,true,-0.29
"CII",134833,"/Date(1704178110000)/",17200,5000,4425400,76683000000,-50,true,-0.29
"CII",134833,"/Date(1704178110000)/",17200,1000,4420400,76597000000,-50,true,-0.29
"CII",134833,"/Date(1704178110000)/",17200,1200,4419400,76580000000,-50,true,-0.29
"CII",134833,"/Date(1704178110000)/",17200,4500,4418200,76559000000,-50,true,-0.29
"CII",134824,"/Date(1704178100000)/",17200,100,4413700,76482000000,-50,true,-0.29
"CII",134805,"/Date(1704178081000)/",17200,400,4413600,76480000000,-50,true,-0.29
"CII",134802,"/Date(1704178080000)/",17200,2000,4413200,76473000000,-50,true,-0.29
"CII",134739,"/Date(1704178056000)/",17200,1000,4411200,76439000000,-50,true,-0.29
"CII",134730,"/Date(1704178046000)/",17250,2700,4410200,76422000000,0,false,0
"CII",134730,"/Date(1704178046000)/",17250,2000,4407500,76375000000,0,false,0
"CII",134730,"/Date(1704178046000)/",17250,100,4405500,76341000000,0,false,0
"CII",134730,"/Date(1704178046000)/",17250,3000,4405400,76339000000,0,false,0
"CII",134730,"/Date(1704178046000)/",17250,500,4402400,76287000000,0,false,0
"CII",134730,"/Date(1704178046000)/",17250,4000,4401900,76279000000,0,false,0
"CII",134730,"/Date(1704178046000)/",17250,200,4397900,76210000000,0,false,0
"CII",134730,"/Date(1704178046000)/",17250,1500,4397700,76206000000,0,false,0
"CII",134730,"/Date(1704178046000)/",17250,1000,4396200,76180000000,0,false,0
"CII",134730,"/Date(1704178046000)/",17250,2000,4395200,76163000000,0,false,0
"CII",134730,"/Date(1704178046000)/",17250,8100,4393200,76128000000,0,false,0
"CII",134730,"/Date(1704178046000)/",17250,1000,4385100,75989000000,0,false,0
"CII",134730,"/Date(1704178046000)/",17250,200,4384100,75972000000,0,false,0
"CII",134730,"/Date(1704178046000)/",17250,200,4383900,75968000000,0,false,0
"CII",134730,"/Date(1704178046000)/",17250,100,4383700,75965000000,0,false,0
"CII",134730,"/Date(1704178046000)/",17250,1000,4383600,75963000000,0,false,0
"CII",134730,"/Date(1704178046000)/",17250,1000,4382600,75946000000,0,false,0
"CII",134730,"/Date(1704178046000)/",17250,100,4381600,75928000000,0,false,0
"CII",134730,"/Date(1704178046000)/",17250,500,4381500,75927000000,0,false,0
"CII",134730,"/Date(1704178046000)/",17250,100,4381000,75918000000,0,false,0
"CII",134730,"/Date(1704178046000)/",17250,700,4380900,75916000000,0,false,0
"CII",134714,"/Date(1704178031000)/",17200,5000,4380200,75904000000,-50,true,-0.29
"CII",134710,"/Date(1704178030000)/",17250,1200,4375200,75818000000,0,false,0
"CII",134658,"/Date(1704178016000)/",17250,100,4374000,75798000000,0,false,0
"CII",134635,"/Date(1704177995000)/",17200,1900,4373900,75796000000,-50,true,-0.29
"CII",134626,"/Date(1704177983000)/",17250,100,4372000,75763000000,0,false,0
"CII",134626,"/Date(1704177983000)/",17250,1000,4371900,75761000000,0,false,0
"CII",134626,"/Date(1704177983000)/",17250,1000,4370900,75744000000,0,false,0
"CII",134626,"/Date(1704177983000)/",17250,200,4369900,75727000000,0,false,0
"CII",134626,"/Date(1704177983000)/",17250,1100,4369700,75723000000,0,false,0
"CII",134626,"/Date(1704177983000)/",17250,1600,4368600,75704000000,0,false,0
"CII",134557,"/Date(1704177953000)/",17200,100,4367000,75677000000,-50,true,-0.29
"CII",134557,"/Date(1704177953000)/",17200,2400,4366900,75675000000,-50,true,-0.29
"CII",134547,"/Date(1704177945000)/",17250,2400,4364500,75634000000,0,false,0
"CII",134547,"/Date(1704177945000)/",17250,7600,4362100,75592000000,0,false,0
"CII",134541,"/Date(1704177937000)/",17200,400,4354500,75461000000,-50,true,-0.29
"CII",134541,"/Date(1704177937000)/",17200,200,4354100,75454000000,-50,true,-0.29
"CII",134541,"/Date(1704177937000)/",17200,300,4353900,75451000000,-50,true,-0.29
"CII",134541,"/Date(1704177937000)/",17200,100,4353600,75446000000,-50,true,-0.29
"CII",134453,"/Date(1704177890000)/",17200,1000,4353500,75444000000,-50,true,-0.29
"CII",134336,"/Date(1704177812000)/",17200,200,4352500,75427000000,-50,true,-0.29
"CII",134333,"/Date(1704177812000)/",17200,1500,4352300,75424000000,-50,true,-0.29
"CII",134258,"/Date(1704177777000)/",17200,2000,4350800,75398000000,-50,true,-0.29
"CII",134216,"/Date(1704177733000)/",17200,200,4348800,75363000000,-50,true,-0.29
"CII",134216,"/Date(1704177733000)/",17200,100,4348600,75360000000,-50,true,-0.29
"CII",134216,"/Date(1704177733000)/",17200,600,4348500,75358000000,-50,true,-0.29
"CII",134200,"/Date(1704177718000)/",17200,300,4347900,75348000000,-50,true,-0.29
"CII",134150,"/Date(1704177709000)/",17200,1200,4347600,75343000000,-50,true,-0.29
"CII",134150,"/Date(1704177709000)/",17200,800,4346400,75322000000,-50,true,-0.29
"CII",134121,"/Date(1704177678000)/",17200,200,4345600,75308000000,-50,true,-0.29
"CII",134121,"/Date(1704177678000)/",17200,1800,4345400,75305000000,-50,true,-0.29
"CII",134105,"/Date(1704177664000)/",17250,100,4343600,75274000000,0,false,0
"CII",134059,"/Date(1704177657000)/",17200,2000,4343500,75272000000,-50,true,-0.29
"CII",134056,"/Date(1704177654000)/",17200,4200,4341500,75238000000,-50,true,-0.29
"CII",134056,"/Date(1704177654000)/",17200,400,4337300,75166000000,-50,true,-0.29
"CII",134056,"/Date(1704177654000)/",17200,500,4336900,75159000000,-50,true,-0.29
"CII",134056,"/Date(1704177654000)/",17200,1000,4336400,75150000000,-50,true,-0.29
"CII",134056,"/Date(1704177654000)/",17200,1700,4335400,75133000000,-50,true,-0.29
"CII",134056,"/Date(1704177654000)/",17200,2200,4333700,75104000000,-50,true,-0.29
"CII",134056,"/Date(1704177654000)/",17200,500,4331500,75066000000,-50,true,-0.29
"CII",134021,"/Date(1704177618000)/",17250,100,4331000,75057000000,0,false,0
"CII",134014,"/Date(1704177613000)/",17250,1000,4330900,75055000000,0,false,0
"CII",134005,"/Date(1704177602000)/",17250,1200,4329900,75038000000,0,false,0
"CII",134005,"/Date(1704177602000)/",17250,700,4328700,75017000000,0,false,0
"CII",133952,"/Date(1704177589000)/",17250,500,4328000,75005000000,0,false,0
"CII",133854,"/Date(1704177532000)/",17200,2300,4327500,74997000000,-50,true,-0.29
"CII",133854,"/Date(1704177532000)/",17200,700,4325200,74957000000,-50,true,-0.29
"CII",133848,"/Date(1704177527000)/",17200,100,4324500,74945000000,-50,true,-0.29
"CII",133845,"/Date(1704177521000)/",17200,200,4324400,74943000000,-50,true,-0.29
"CII",133806,"/Date(1704177484000)/",17250,800,4324200,74940000000,0,false,0
"CII",133806,"/Date(1704177484000)/",17250,1200,4323400,74926000000,0,false,0
"CII",133803,"/Date(1704177480000)/",17200,2600,4322200,74906000000,-50,true,-0.29
"CII",133751,"/Date(1704177468000)/",17250,500,4319600,74861000000,0,false,0
"CII",133718,"/Date(1704177435000)/",17250,1000,4319100,74852000000,0,false,0
"CII",133640,"/Date(1704177399000)/",17250,5700,4318100,74835000000,0,false,0
"CII",133558,"/Date(1704177356000)/",17250,500,4312400,74737000000,0,false,0
"CII",133543,"/Date(1704177339000)/",17200,1000,4311900,74728000000,-50,true,-0.29
"CII",133536,"/Date(1704177333000)/",17200,400,4310900,74711000000,-50,true,-0.29
"CII",133536,"/Date(1704177333000)/",17200,500,4310500,74704000000,-50,true,-0.29
"CII",133536,"/Date(1704177333000)/",17200,100,4310000,74695000000,-50,true,-0.29
"CII",133458,"/Date(1704177295000)/",17200,100,4309900,74694000000,-50,true,-0.29
"CII",133458,"/Date(1704177295000)/",17200,300,4309800,74692000000,-50,true,-0.29
"CII",133458,"/Date(1704177295000)/",17200,100,4309500,74687000000,-50,true,-0.29
"CII",133458,"/Date(1704177295000)/",17200,100,4309400,74685000000,-50,true,-0.29
"CII",133458,"/Date(1704177295000)/",17200,500,4309300,74683000000,-50,true,-0.29
"CII",133458,"/Date(1704177295000)/",17200,1400,4308800,74675000000,-50,true,-0.29
"CII",133458,"/Date(1704177295000)/",17200,50000,4307400,74651000000,-50,true,-0.29
"CII",133458,"/Date(1704177295000)/",17200,100,4257400,73791000000,-50,true,-0.29
"CII",133458,"/Date(1704177295000)/",17200,300,4257300,73789000000,-50,true,-0.29
"CII",133458,"/Date(1704177295000)/",17200,400,4257000,73784000000,-50,true,-0.29
"CII",133458,"/Date(1704177295000)/",17200,500,4256600,73777000000,-50,true,-0.29
"CII",133458,"/Date(1704177295000)/",17200,2000,4256100,73768000000,-50,true,-0.29
"CII",133458,"/Date(1704177295000)/",17200,2000,4254100,73734000000,-50,true,-0.29
"CII",133458,"/Date(1704177295000)/",17200,100,4252100,73699000000,-50,true,-0.29
"CII",133458,"/Date(1704177295000)/",17200,5000,4252000,73698000000,-50,true,-0.29
"CII",133458,"/Date(1704177295000)/",17200,100,4247000,73612000000,-50,true,-0.29
"CII",133458,"/Date(1704177295000)/",17200,400,4246900,73610000000,-50,true,-0.29
"CII",133458,"/Date(1704177295000)/",17200,1600,4246500,73603000000,-50,true,-0.29
"CII",133451,"/Date(1704177290000)/",17250,100,4244900,73576000000,0,false,0
"CII",133407,"/Date(1704177245000)/",17250,2000,4244800,73574000000,0,false,0
"CII",133404,"/Date(1704177242000)/",17200,1400,4242800,73539000000,-50,true,-0.29
"CII",133404,"/Date(1704177242000)/",17200,1000,4241400,73515000000,-50,true,-0.29
"CII",133404,"/Date(1704177242000)/",17200,2000,4240400,73498000000,-50,true,-0.29
"CII",133404,"/Date(1704177242000)/",17200,500,4238400,73464000000,-50,true,-0.29
"CII",133404,"/Date(1704177242000)/",17200,1000,4237900,73455000000,-50,true,-0.29
"CII",133404,"/Date(1704177242000)/",17200,1000,4236900,73438000000,-50,true,-0.29
"CII",133404,"/Date(1704177242000)/",17200,100,4235900,73421000000,-50,true,-0.29
"CII",133312,"/Date(1704177190000)/",17250,1000,4235800,73419000000,0,true,0
"CII",133312,"/Date(1704177190000)/",17250,500,4234800,73402000000,0,true,0
"CII",133312,"/Date(1704177190000)/",17250,2300,4234300,73393000000,0,true,0
"CII",133312,"/Date(1704177190000)/",17250,300,4232000,73353000000,0,true,0
"CII",133312,"/Date(1704177190000)/",17250,1000,4231700,73348000000,0,true,0
"CII",133312,"/Date(1704177190000)/",17250,2900,4230700,73331000000,0,true,0
"CII",133312,"/Date(1704177190000)/",17250,500,4227800,73281000000,0,true,0
"CII",133312,"/Date(1704177190000)/",17250,500,4227300,73272000000,0,true,0
"CII",133212,"/Date(1704177130000)/",17250,1000,4226800,73264000000,0,true,0
"CII",133205,"/Date(1704177124000)/",17250,800,4225800,73246000000,0,true,0
"CII",133153,"/Date(1704177110000)/",17300,100,4225000,73233000000,50,false,0.29
"CII",133153,"/Date(1704177110000)/",17300,100,4224900,73231000000,50,false,0.29
"CII",133140,"/Date(1704177098000)/",17300,100,4224800,73229000000,50,false,0.29
"CII",133133,"/Date(1704177093000)/",17250,700,4224700,73227000000,0,true,0
"CII",133133,"/Date(1704177093000)/",17250,300,4224000,73215000000,0,true,0
"CII",133124,"/Date(1704177083000)/",17250,1000,4223700,73210000000,0,false,0
"CII",133124,"/Date(1704177082000)/",17250,3700,4222700,73193000000,0,false,0
"CII",133121,"/Date(1704177079000)/",17250,5000,4219000,73129000000,0,true,0
"CII",133121,"/Date(1704177079000)/",17250,1800,4214000,73043000000,0,true,0
"CII",133121,"/Date(1704177079000)/",17250,500,4212200,73012000000,0,true,0
"CII",133121,"/Date(1704177079000)/",17250,9000,4211700,73003000000,0,true,0
"CII",133052,"/Date(1704177051000)/",17250,1000,4202700,72848000000,0,false,0
"CII",133049,"/Date(1704177048000)/",17250,300,4201700,72831000000,0,false,0
"CII",133033,"/Date(1704177032000)/",17250,500,4201400,72826000000,0,false,0
"CII",133030,"/Date(1704177028000)/",17250,100,4200900,72817000000,0,false,0
"CII",133026,"/Date(1704177023000)/",17250,5000,4200800,72815000000,0,false,0
"CII",133023,"/Date(1704177020000)/",17250,100,4195800,72729000000,0,true,0
"CII",133023,"/Date(1704177020000)/",17250,1000,4195700,72727000000,0,true,0
"CII",133017,"/Date(1704177015000)/",17250,500,4194700,72710000000,0,false,0
"CII",133017,"/Date(1704177015000)/",17250,200,4194200,72701000000,0,false,0
"CII",133014,"/Date(1704177011000)/",17250,500,4194000,72698000000,0,false,0
"CII",133010,"/Date(1704177008000)/",17200,1900,4193500,72689000000,-50,true,-0.29
"CII",133010,"/Date(1704177008000)/",17200,100,4191600,72657000000,-50,true,-0.29
"CII",133004,"/Date(1704177001000)/",17250,500,4191500,72655000000,0,false,0
"CII",133001,"/Date(1704176997000)/",17250,2000,4191000,72646000000,0,false,0
"CII",132954,"/Date(1704176994000)/",17250,10000,4189000,72612000000,0,false,0
"CII",132948,"/Date(1704176987000)/",17250,1000,4179000,72439000000,0,false,0
"CII",132948,"/Date(1704176985000)/",17200,900,4178000,72422000000,-50,true,-0.29
"CII",132948,"/Date(1704176985000)/",17200,1000,4177100,72407000000,-50,true,-0.29
"CII",132948,"/Date(1704176985000)/",17200,2400,4176100,72389000000,-50,true,-0.29
"CII",132948,"/Date(1704176985000)/",17200,1700,4173700,72348000000,-50,true,-0.29
"CII",132942,"/Date(1704176979000)/",17250,2000,4172000,72319000000,0,false,0
"CII",132935,"/Date(1704176972000)/",17250,1000,4170000,72284000000,0,true,0
"CII",132935,"/Date(1704176972000)/",17250,2800,4169000,72267000000,0,true,0
"CII",132932,"/Date(1704176971000)/",17250,200,4166200,72219000000,0,false,0
"CII",132932,"/Date(1704176971000)/",17250,200,4166000,72215000000,0,false,0
"CII",132932,"/Date(1704176971000)/",17250,200,4165800,72212000000,0,false,0
"CII",132932,"/Date(1704176971000)/",17250,1000,4165600,72208000000,0,false,0
"CII",132932,"/Date(1704176971000)/",17250,600,4164600,72191000000,0,false,0
"CII",132922,"/Date(1704176960000)/",17250,1000,4164000,72181000000,0,false,0
"CII",132916,"/Date(1704176954000)/",17250,1000,4163000,72164000000,0,false,0
"CII",132913,"/Date(1704176951000)/",17250,100,4162000,72146000000,0,false,0
"CII",132910,"/Date(1704176948000)/",17250,7300,4161900,72145000000,0,false,0
"CII",132910,"/Date(1704176948000)/",17250,200,4154600,72019000000,0,false,0
"CII",132910,"/Date(1704176948000)/",17250,3000,4154400,72015000000,0,false,0
"CII",132910,"/Date(1704176948000)/",17250,1000,4151400,71963000000,0,false,0
"CII",132910,"/Date(1704176948000)/",17250,100,4150400,71946000000,0,false,0
"CII",132910,"/Date(1704176948000)/",17250,4700,4150300,71944000000,0,false,0
"CII",132910,"/Date(1704176948000)/",17250,5000,4145600,71863000000,0,false,0
"CII",132910,"/Date(1704176948000)/",17250,500,4140600,71777000000,0,false,0
"CII",132910,"/Date(1704176948000)/",17250,500,4140100,71769000000,0,false,0
"CII",132910,"/Date(1704176948000)/",17250,13300,4139600,71760000000,0,false,0
"CII",132910,"/Date(1704176948000)/",17250,200,4126300,71530000000,0,false,0
"CII",132910,"/Date(1704176948000)/",17250,500,4126100,71527000000,0,false,0
"CII",132910,"/Date(1704176948000)/",17250,10000,4125600,71518000000,0,false,0
"CII",132910,"/Date(1704176948000)/",17250,500,4115600,71346000000,0,false,0
"CII",132910,"/Date(1704176948000)/",17250,300,4115100,71337000000,0,false,0
"CII",132910,"/Date(1704176948000)/",17250,500,4114800,71332000000,0,false,0
"CII",132910,"/Date(1704176948000)/",17250,500,4114300,71323000000,0,false,0
"CII",132910,"/Date(1704176948000)/",17250,1900,4113800,71315000000,0,false,0
"CII",132903,"/Date(1704176942000)/",17250,10000,4111900,71282000000,0,false,0
"CII",132857,"/Date(1704176936000)/",17250,3000,4101900,71110000000,0,false,0
"CII",132847,"/Date(1704176925000)/",17250,5000,4098900,71058000000,0,false,0
"CII",132838,"/Date(1704176917000)/",17250,200,4093900,70972000000,0,false,0
"CII",132825,"/Date(1704176904000)/",17250,5000,4093700,70968000000,0,false,0
"CII",132825,"/Date(1704176902000)/",17250,500,4088700,70882000000,0,false,0
"CII",132819,"/Date(1704176896000)/",17250,100,4088200,70873000000,0,false,0
"CII",132815,"/Date(1704176895000)/",17250,500,4088100,70872000000,0,false,0
"CII",132800,"/Date(1704176879000)/",17250,3800,4087600,70863000000,0,false,0
"CII",132800,"/Date(1704176879000)/",17250,1200,4083800,70797000000,0,false,0
"CII",132744,"/Date(1704176862000)/",17250,2800,4082600,70777000000,0,false,0
"CII",132744,"/Date(1704176862000)/",17250,500,4079800,70728000000,0,false,0
"CII",132744,"/Date(1704176862000)/",17250,1700,4079300,70720000000,0,false,0
"CII",132724,"/Date(1704176843000)/",17250,3300,4077600,70690000000,0,false,0
"CII",132724,"/Date(1704176843000)/",17250,1700,4074300,70633000000,0,false,0
"CII",132702,"/Date(1704176820000)/",17200,2000,4072600,70604000000,-50,true,-0.29
"CII",132659,"/Date(1704176818000)/",17250,500,4070600,70570000000,0,false,0
"CII",132656,"/Date(1704176814000)/",17250,5000,4070100,70561000000,0,false,0
"CII",132652,"/Date(1704176810000)/",17200,900,4065100,70475000000,-50,true,-0.29
"CII",132532,"/Date(1704176730000)/",17200,1400,4064200,70459000000,-50,true,-0.29
"CII",132532,"/Date(1704176730000)/",17200,100,4062800,70435000000,-50,true,-0.29
"CII",132532,"/Date(1704176730000)/",17200,200,4062700,70434000000,-50,true,-0.29
"CII",132532,"/Date(1704176730000)/",17200,2000,4062500,70430000000,-50,true,-0.29
"CII",132532,"/Date(1704176730000)/",17200,1600,4060500,70396000000,-50,true,-0.29
"CII",132520,"/Date(1704176716000)/",17200,400,4058900,70368000000,-50,true,-0.29
"CII",132520,"/Date(1704176716000)/",17200,300,4058500,70361000000,-50,true,-0.29
"CII",132520,"/Date(1704176716000)/",17200,100,4058200,70356000000,-50,true,-0.29
"CII",132520,"/Date(1704176716000)/",17200,200,4058100,70354000000,-50,true,-0.29
"CII",132520,"/Date(1704176716000)/",17200,600,4057900,70351000000,-50,true,-0.29
"CII",132517,"/Date(1704176714000)/",17250,2800,4057300,70341000000,0,false,0
"CII",132517,"/Date(1704176714000)/",17250,7200,4054500,70292000000,0,false,0
"CII",132504,"/Date(1704176701000)/",17250,500,4047300,70168000000,0,false,0
"CII",132416,"/Date(1704176653000)/",17250,1000,4046800,70160000000,0,false,0
"CII",132416,"/Date(1704176652000)/",17250,100,4045800,70142000000,0,false,0
"CII",132409,"/Date(1704176646000)/",17250,1200,4045700,70141000000,0,false,0
"CII",132409,"/Date(1704176646000)/",17250,1800,4044500,70120000000,0,false,0
"CII",132400,"/Date(1704176638000)/",17250,200,4042700,70089000000,0,false,0
"CII",132400,"/Date(1704176638000)/",17250,200,4042500,70085000000,0,false,0
"CII",132400,"/Date(1704176638000)/",17250,10000,4042300,70082000000,0,false,0
"CII",132400,"/Date(1704176638000)/",17250,100,4032300,69909000000,0,false,0
"CII",132400,"/Date(1704176638000)/",17250,100,4032200,69908000000,0,false,0
"CII",132353,"/Date(1704176630000)/",17250,100,4032100,69906000000,0,false,0
"CII",132322,"/Date(1704176600000)/",17250,2800,4032000,69904000000,0,false,0
"CII",132322,"/Date(1704176600000)/",17250,200,4029200,69856000000,0,false,0
"CII",132243,"/Date(1704176562000)/",17250,100,4029000,69853000000,0,false,0
"CII",132230,"/Date(1704176548000)/",17250,200,4028900,69851000000,0,false,0
"CII",132224,"/Date(1704176542000)/",17200,200,4028700,69847000000,-50,true,-0.29
"CII",132211,"/Date(1704176530000)/",17200,1000,4028500,69844000000,-50,true,-0.29
"CII",132202,"/Date(1704176519000)/",17250,400,4027500,69827000000,0,false,0
"CII",132142,"/Date(1704176499000)/",17250,200,4027100,69820000000,0,false,0
"CII",132139,"/Date(1704176496000)/",17250,100,4026900,69816000000,0,false,0
"CII",132136,"/Date(1704176494000)/",17250,100,4026800,69815000000,0,false,0
"CII",132123,"/Date(1704176481000)/",17250,300,4026700,69813000000,0,false,0
"CII",132120,"/Date(1704176478000)/",17250,400,4026400,69808000000,0,false,0
"CII",132120,"/Date(1704176478000)/",17250,100,4026000,69801000000,0,false,0
"CII",132120,"/Date(1704176478000)/",17250,1000,4025900,69799000000,0,false,0
"CII",132120,"/Date(1704176478000)/",17250,500,4024900,69782000000,0,false,0
"CII",132120,"/Date(1704176478000)/",17250,3000,4024400,69773000000,0,false,0
"CII",132042,"/Date(1704176440000)/",17250,1000,4021400,69721000000,0,false,0
"CII",132006,"/Date(1704176403000)/",17250,6000,4020400,69704000000,0,false,0
"CII",132006,"/Date(1704176403000)/",17250,4000,4014400,69601000000,0,false,0
"CII",131935,"/Date(1704176373000)/",17200,3400,4010400,69532000000,-50,true,-0.29
"CII",131935,"/Date(1704176373000)/",17200,100,4007000,69473000000,-50,true,-0.29
"CII",131935,"/Date(1704176373000)/",17200,500,4006900,69472000000,-50,true,-0.29
"CII",131935,"/Date(1704176373000)/",17250,500,4006400,69463000000,0,true,0
"CII",131935,"/Date(1704176373000)/",17250,500,4005900,69454000000,0,true,0
"CII",131928,"/Date(1704176367000)/",17250,300,4005400,69446000000,0,true,0
"CII",131925,"/Date(1704176363000)/",17250,1000,4005100,69441000000,0,true,0
"CII",131925,"/Date(1704176363000)/",17250,1200,4004100,69423000000,0,true,0
"CII",131922,"/Date(1704176359000)/",17250,1800,4002900,69403000000,0,false,0
"CII",131922,"/Date(1704176359000)/",17250,100,4001100,69372000000,0,false,0
"CII",131919,"/Date(1704176356000)/",17250,1400,4001000,69370000000,0,false,0
"CII",131919,"/Date(1704176356000)/",17250,2300,3999600,69346000000,0,false,0
"CII",131919,"/Date(1704176356000)/",17250,500,3997300,69306000000,0,false,0
"CII",131919,"/Date(1704176356000)/",17250,3000,3996800,69297000000,0,false,0
"CII",131919,"/Date(1704176356000)/",17250,2800,3993800,69246000000,0,false,0
"CII",131919,"/Date(1704176355000)/",17250,200,3991000,69197000000,0,false,0
"CII",131919,"/Date(1704176355000)/",17250,2700,3990800,69194000000,0,false,0
"CII",131859,"/Date(1704176338000)/",17250,2300,3988100,69147000000,0,false,0
"CII",131859,"/Date(1704176338000)/",17250,2700,3985800,69108000000,0,false,0
"CII",131856,"/Date(1704176333000)/",17250,100,3983100,69061000000,0,false,0
"CII",131850,"/Date(1704176326000)/",17250,2200,3983000,69059000000,0,false,0
"CII",131850,"/Date(1704176326000)/",17250,1000,3980800,69021000000,0,false,0
"CII",131850,"/Date(1704176326000)/",17250,4000,3979800,69004000000,0,false,0
"CII",131850,"/Date(1704176326000)/",17250,1000,3975800,68935000000,0,false,0
"CII",131850,"/Date(1704176326000)/",17250,1000,3974800,68918000000,0,false,0
"CII",131850,"/Date(1704176326000)/",17250,800,3973800,68901000000,0,false,0
"CII",131834,"/Date(1704176310000)/",17250,4200,3973000,68887000000,0,false,0
"CII",131834,"/Date(1704176310000)/",17250,500,3968800,68814000000,0,false,0
"CII",131834,"/Date(1704176310000)/",17250,5300,3968300,68806000000,0,false,0
"CII",131818,"/Date(1704176296000)/",17250,1000,3963000,68714000000,0,false,0
"CII",131818,"/Date(1704176295000)/",17250,200,3962000,68697000000,0,false,0
"CII",131815,"/Date(1704176293000)/",17250,1000,3961800,68694000000,0,false,0
"CII",131736,"/Date(1704176254000)/",17250,9500,3960800,68676000000,0,false,0
"CII",131736,"/Date(1704176254000)/",17250,500,3951300,68512000000,0,false,0
"CII",131730,"/Date(1704176248000)/",17250,5000,3950800,68504000000,0,false,0
"CII",131710,"/Date(1704176230000)/",17250,200,3945800,68418000000,0,false,0
"CII",131654,"/Date(1704176212000)/",17250,500,3945600,68414000000,0,false,0
"CII",131645,"/Date(1704176204000)/",17250,1000,3945100,68406000000,0,false,0
"CII",131629,"/Date(1704176186000)/",17250,5000,3944100,68388000000,0,false,0
"CII",131616,"/Date(1704176174000)/",17250,2500,3939100,68302000000,0,false,0
"CII",131603,"/Date(1704176157000)/",17250,5000,3936600,68259000000,0,false,0
"CII",131550,"/Date(1704176147000)/",17250,200,3931600,68173000000,0,false,0
"CII",131544,"/Date(1704176141000)/",17250,200,3931400,68169000000,0,false,0
"CII",131541,"/Date(1704176138000)/",17250,1000,3931200,68166000000,0,false,0
"CII",131538,"/Date(1704176134000)/",17250,5000,3930200,68148000000,0,false,0
"CII",131528,"/Date(1704176126000)/",17250,300,3925200,68062000000,0,false,0
"CII",131512,"/Date(1704176110000)/",17250,2000,3924900,68057000000,0,true,0
"CII",131512,"/Date(1704176110000)/",17250,1000,3922900,68023000000,0,true,0
"CII",131512,"/Date(1704176110000)/",17250,1800,3921900,68005000000,0,true,0
"CII",131512,"/Date(1704176110000)/",17250,300,3920100,67974000000,0,true,0
"CII",131512,"/Date(1704176110000)/",17250,2000,3919800,67969000000,0,true,0
"CII",131512,"/Date(1704176110000)/",17250,1500,3917800,67935000000,0,true,0
"CII",131512,"/Date(1704176110000)/",17250,10000,3916300,67909000000,0,true,0
"CII",131512,"/Date(1704176108000)/",17300,300,3906300,67736000000,50,false,0.29
"CII",131434,"/Date(1704176071000)/",17250,1000,3906000,67731000000,0,true,0
"CII",131427,"/Date(1704176065000)/",17250,500,3905000,67714000000,0,true,0
"CII",131421,"/Date(1704176059000)/",17250,500,3904500,67705000000,0,true,0
"CII",131355,"/Date(1704176034000)/",17250,1000,3904000,67697000000,0,true,0
"CII",131346,"/Date(1704176022000)/",17250,500,3903000,67679000000,0,false,0
"CII",131346,"/Date(1704176022000)/",17250,6500,3902500,67671000000,0,false,0
"CII",131346,"/Date(1704176022000)/",17250,600,3896000,67559000000,0,false,0
"CII",131343,"/Date(1704176022000)/",17250,2000,3895400,67548000000,0,false,0
"CII",131326,"/Date(1704176004000)/",17250,200,3893400,67514000000,0,false,0
"CII",131326,"/Date(1704176004000)/",17250,400,3893200,67510000000,0,false,0
"CII",131326,"/Date(1704176004000)/",17250,200,3892800,67503000000,0,false,0
"CII",131326,"/Date(1704176004000)/",17250,100,3892600,67500000000,0,false,0
"CII",131323,"/Date(1704176000000)/",17250,1000,3892500,67498000000,0,true,0
"CII",131311,"/Date(1704175988000)/",17250,400,3891500,67481000000,0,true,0
"CII",131311,"/Date(1704175987000)/",17250,100,3891100,67474000000,0,true,0
"CII",131304,"/Date(1704175982000)/",17250,800,3891000,67472000000,0,false,0
"CII",131242,"/Date(1704175958000)/",17250,18000,3890200,67458000000,0,true,0
"CII",131242,"/Date(1704175958000)/",17250,500,3872200,67148000000,0,true,0
"CII",131242,"/Date(1704175958000)/",17250,200,3871700,67139000000,0,true,0
"CII",131229,"/Date(1704175946000)/",17250,800,3871500,67136000000,0,true,0
"CII",131229,"/Date(1704175946000)/",17250,200,3870700,67122000000,0,true,0
"CII",131226,"/Date(1704175942000)/",17250,4800,3870500,67119000000,0,true,0
"CII",131226,"/Date(1704175942000)/",17250,11000,3865700,67036000000,0,true,0
"CII",131226,"/Date(1704175942000)/",17250,3000,3854700,66846000000,0,true,0
"CII",131226,"/Date(1704175942000)/",17250,7000,3851700,66794000000,0,true,0
"CII",131226,"/Date(1704175942000)/",17250,9200,3844700,66674000000,0,true,0
"CII",131226,"/Date(1704175942000)/",17250,200,3835500,66515000000,0,true,0
"CII",131147,"/Date(1704175906000)/",17250,1000,3835300,66511000000,0,false,0
"CII",131147,"/Date(1704175906000)/",17250,100,3834300,66494000000,0,false,0
"CII",131147,"/Date(1704175906000)/",17250,100,3834200,66492000000,0,false,0
"CII",131147,"/Date(1704175906000)/",17250,100,3834100,66491000000,0,false,0
"CII",131147,"/Date(1704175906000)/",17250,10000,3834000,66489000000,0,false,0
"CII",131147,"/Date(1704175906000)/",17250,200,3824000,66317000000,0,false,0
"CII",131147,"/Date(1704175906000)/",17250,900,3823800,66313000000,0,false,0
"CII",131147,"/Date(1704175906000)/",17250,2700,3822900,66298000000,0,false,0
"CII",131144,"/Date(1704175903000)/",17250,3100,3820200,66251000000,0,false,0
"CII",131144,"/Date(1704175903000)/",17250,2500,3817100,66198000000,0,false,0
"CII",131144,"/Date(1704175903000)/",17250,500,3814600,66154000000,0,false,0
"CII",131144,"/Date(1704175903000)/",17250,500,3814100,66146000000,0,false,0
"CII",131144,"/Date(1704175903000)/",17250,500,3813600,66137000000,0,false,0
"CII",131144,"/Date(1704175903000)/",17250,200,3813100,66129000000,0,false,0
"CII",131144,"/Date(1704175903000)/",17250,10000,3812900,66125000000,0,false,0
"CII",131144,"/Date(1704175903000)/",17250,2000,3802900,65953000000,0,false,0
"CII",131144,"/Date(1704175903000)/",17250,3000,3800900,65918000000,0,false,0
"CII",131144,"/Date(1704175903000)/",17250,2000,3797900,65866000000,0,false,0
"CII",131144,"/Date(1704175903000)/",17250,500,3795900,65832000000,0,false,0
"CII",131144,"/Date(1704175903000)/",17250,1500,3795400,65823000000,0,false,0
"CII",131144,"/Date(1704175903000)/",17250,500,3793900,65797000000,0,false,0
"CII",131144,"/Date(1704175903000)/",17250,1000,3793400,65789000000,0,false,0
"CII",131144,"/Date(1704175903000)/",17250,200,3792400,65771000000,0,false,0
"CII",131144,"/Date(1704175903000)/",17250,300,3792200,65768000000,0,false,0
"CII",131144,"/Date(1704175903000)/",17250,100,3791900,65763000000,0,false,0
"CII",131144,"/Date(1704175903000)/",17250,500,3791800,65761000000,0,false,0
"CII",131144,"/Date(1704175903000)/",17250,1100,3791300,65752000000,0,false,0
"CII",131138,"/Date(1704175894000)/",17250,2000,3790200,65733000000,0,false,0
"CII",131131,"/Date(1704175890000)/",17250,1000,3788200,65699000000,0,false,0
"CII",131122,"/Date(1704175879000)/",17250,2000,3787200,65682000000,0,false,0
"CII",131043,"/Date(1704175841000)/",17250,8900,3785200,65647000000,0,false,0
"CII",131043,"/Date(1704175841000)/",17250,1000,3776300,65494000000,0,false,0
"CII",131043,"/Date(1704175841000)/",17250,13500,3775300,65476000000,0,false,0
"CII",131043,"/Date(1704175841000)/",17250,100,3761800,65244000000,0,false,0
"CII",131043,"/Date(1704175841000)/",17250,300,3761700,65242000000,0,false,0
"CII",131043,"/Date(1704175841000)/",17250,4200,3761400,65237000000,0,false,0
"CII",131031,"/Date(1704175828000)/",17250,2000,3757200,65164000000,0,false,0
"CII",131008,"/Date(1704175807000)/",17200,1000,3755200,65130000000,-50,true,-0.29
"CII",130930,"/Date(1704175768000)/",17250,1000,3754200,65113000000,0,false,0
"CII",130904,"/Date(1704175742000)/",17200,1200,3753200,65095000000,-50,true,-0.29
"CII",130904,"/Date(1704175742000)/",17200,1800,3752000,65075000000,-50,true,-0.29
"CII",130845,"/Date(1704175724000)/",17200,1000,3750200,65044000000,-50,true,-0.29
"CII",130836,"/Date(1704175714000)/",17200,7200,3749200,65026000000,-50,true,-0.29
"CII",130836,"/Date(1704175714000)/",17200,500,3742000,64903000000,-50,true,-0.29
"CII",130836,"/Date(1704175714000)/",17200,1000,3741500,64894000000,-50,true,-0.29
"CII",130836,"/Date(1704175714000)/",17200,200,3740500,64877000000,-50,true,-0.29
"CII",130836,"/Date(1704175714000)/",17200,500,3740300,64873000000,-50,true,-0.29
"CII",130836,"/Date(1704175714000)/",17200,600,3739800,64865000000,-50,true,-0.29
"CII",130820,"/Date(1704175696000)/",17200,100,3739200,64854000000,-50,true,-0.29
"CII",130813,"/Date(1704175691000)/",17200,500,3739100,64853000000,-50,true,-0.29
"CII",130804,"/Date(1704175683000)/",17200,800,3738600,64844000000,-50,true,-0.29
"CII",130804,"/Date(1704175683000)/",17200,200,3737800,64830000000,-50,true,-0.29
"CII",130757,"/Date(1704175675000)/",17200,200,3737600,64827000000,-50,true,-0.29
"CII",130748,"/Date(1704175664000)/",17200,900,3737400,64824000000,-50,true,-0.29
"CII",130729,"/Date(1704175646000)/",17200,1000,3736500,64808000000,-50,true,-0.29
"CII",130729,"/Date(1704175645000)/",17200,2000,3735500,64791000000,-50,true,-0.29
"CII",130716,"/Date(1704175634000)/",17200,200,3733500,64756000000,-50,true,-0.29
"CII",130631,"/Date(1704175588000)/",17200,5000,3733300,64753000000,-50,true,-0.29
"CII",130628,"/Date(1704175584000)/",17250,500,3728300,64667000000,0,false,0
"CII",130612,"/Date(1704175571000)/",17200,1000,3727800,64658000000,-50,true,-0.29
"CII",130612,"/Date(1704175570000)/",17200,5000,3726800,64641000000,-50,true,-0.29
"CII",130559,"/Date(1704175556000)/",17200,300,3721800,64555000000,-50,false,-0.29
"CII",130559,"/Date(1704175556000)/",17200,1000,3721500,64550000000,-50,false,-0.29
"CII",130559,"/Date(1704175556000)/",17200,200,3720500,64533000000,-50,false,-0.29
"CII",130559,"/Date(1704175556000)/",17200,400,3720300,64529000000,-50,false,-0.29
"CII",130559,"/Date(1704175556000)/",17200,1200,3719900,64522000000,-50,false,-0.29
"CII",130559,"/Date(1704175556000)/",17200,1400,3718700,64502000000,-50,false,-0.29
"CII",130546,"/Date(1704175545000)/",17200,400,3717300,64478000000,-50,false,-0.29
"CII",130543,"/Date(1704175539000)/",17200,300,3716900,64471000000,-50,false,-0.29
"CII",130527,"/Date(1704175524000)/",17200,100,3716600,64466000000,-50,false,-0.29
"CII",130521,"/Date(1704175517000)/",17200,1000,3716500,64464000000,-50,false,-0.29
"CII",130518,"/Date(1704175514000)/",17200,200,3715500,64447000000,-50,false,-0.29
"CII",130514,"/Date(1704175513000)/",17200,100,3715300,64443000000,-50,false,-0.29
"CII",130505,"/Date(1704175501000)/",17150,200,3715200,64442000000,-100,true,-0.58
"CII",130452,"/Date(1704175491000)/",17200,1000,3715000,64438000000,-50,false,-0.29
"CII",130452,"/Date(1704175491000)/",17200,45000,3714000,64421000000,-50,false,-0.29
"CII",130452,"/Date(1704175491000)/",17200,200,3669000,63647000000,-50,false,-0.29
"CII",130452,"/Date(1704175491000)/",17200,1800,3668800,63644000000,-50,false,-0.29
"CII",130452,"/Date(1704175491000)/",17200,3000,3667000,63613000000,-50,false,-0.29
"CII",130452,"/Date(1704175491000)/",17200,500,3664000,63561000000,-50,false,-0.29
"CII",130452,"/Date(1704175491000)/",17200,5000,3663500,63552000000,-50,false,-0.29
"CII",130452,"/Date(1704175491000)/",17200,1000,3658500,63466000000,-50,false,-0.29
"CII",130452,"/Date(1704175491000)/",17200,2000,3657500,63449000000,-50,false,-0.29
"CII",130452,"/Date(1704175491000)/",17200,300,3655500,63415000000,-50,false,-0.29
"CII",130452,"/Date(1704175491000)/",17200,1000,3655200,63410000000,-50,false,-0.29
"CII",130452,"/Date(1704175491000)/",17200,1000,3654200,63392000000,-50,false,-0.29
"CII",130452,"/Date(1704175491000)/",17200,5000,3653200,63375000000,-50,false,-0.29
"CII",130452,"/Date(1704175491000)/",17200,29700,3648200,63289000000,-50,false,-0.29
"CII",130452,"/Date(1704175489000)/",17200,200,3618500,62778000000,-50,false,-0.29
"CII",130420,"/Date(1704175458000)/",17200,100,3618300,62775000000,-50,true,-0.29
"CII",130420,"/Date(1704175458000)/",17200,100,3618200,62773000000,-50,true,-0.29
"CII",130352,"/Date(1704175430000)/",17200,1000,3618100,62772000000,-50,true,-0.29
"CII",130339,"/Date(1704175418000)/",17200,100,3617100,62754000000,-50,true,-0.29
"CII",130329,"/Date(1704175406000)/",17200,300,3617000,62753000000,-50,true,-0.29
"CII",130329,"/Date(1704175406000)/",17200,200,3616700,62747000000,-50,true,-0.29
"CII",130329,"/Date(1704175406000)/",17200,500,3616500,62744000000,-50,true,-0.29
"CII",130329,"/Date(1704175406000)/",17200,100,3616000,62735000000,-50,true,-0.29
"CII",130329,"/Date(1704175406000)/",17200,100,3615900,62734000000,-50,true,-0.29
"CII",130329,"/Date(1704175406000)/",17200,200,3615800,62732000000,-50,true,-0.29
"CII",130329,"/Date(1704175406000)/",17200,2600,3615600,62729000000,-50,true,-0.29
"CII",130304,"/Date(1704175380000)/",17200,1000,3613000,62684000000,-50,true,-0.29
"CII",130257,"/Date(1704175375000)/",17200,5000,3612000,62667000000,-50,true,-0.29
"CII",130206,"/Date(1704175324000)/",17200,600,3607000,62581000000,-50,true,-0.29
"CII",130118,"/Date(1704175277000)/",17200,100,3606400,62570000000,-50,true,-0.29
"CII",130059,"/Date(1704175245000)/",17200,700,3606300,62569000000,-50,true,-0.29
"CII",130059,"/Date(1704175245000)/",17200,1000,3605600,62557000000,-50,true,-0.29
"CII",130059,"/Date(1704175245000)/",17200,300,3604600,62539000000,-50,true,-0.29
"CII",130059,"/Date(1704175237000)/",17200,100,3604300,62534000000,-50,true,-0.29
"CII",130059,"/Date(1704175237000)/",17200,200,3604200,62532000000,-50,true,-0.29
"CII",130056,"/Date(1704175229000)/",17200,800,3604000,62529000000,-50,true,-0.29
"CII",130056,"/Date(1704175229000)/",17200,200,3603200,62515000000,-50,true,-0.29
"CII",130053,"/Date(1704175222000)/",17250,1000,3603000,62512000000,0,false,0
"CII",130053,"/Date(1704175221000)/",17250,300,3602000,62495000000,0,false,0
"CII",130053,"/Date(1704175221000)/",17250,700,3601700,62489000000,0,false,0
"CII",130049,"/Date(1704175216000)/",17250,600,3601000,62477000000,0,false,0
"CII",130049,"/Date(1704175214000)/",17200,1400,3600400,62467000000,-50,true,-0.29
"CII",130046,"/Date(1704175213000)/",17250,2000,3599000,62443000000,0,false,0
"CII",130046,"/Date(1704175209000)/",17200,300,3597000,62408000000,-50,true,-0.29
"CII",130043,"/Date(1704175208000)/",17200,8100,3596700,62403000000,-50,true,-0.29
"CII",130043,"/Date(1704175208000)/",17200,4900,3588600,62264000000,-50,true,-0.29
"CII",130040,"/Date(1704175203000)/",17250,200,3583700,62180000000,0,true,0
"CII",130040,"/Date(1704175203000)/",17250,100,3583500,62176000000,0,true,0
"CII",130040,"/Date(1704175203000)/",17250,500,3583400,62174000000,0,true,0
"CII",130040,"/Date(1704175203000)/",17250,200,3582900,62166000000,0,true,0
"CII",130040,"/Date(1704175203000)/",17250,1400,3582700,62162000000,0,true,0
"CII",130040,"/Date(1704175202000)/",17250,1300,3581300,62138000000,0,true,0
"CII",130037,"/Date(1704175202000)/",17250,300,3580000,62116000000,0,true,0
"CII",130037,"/Date(1704175202000)/",17250,100,3579700,62111000000,0,true,0
"CII",130033,"/Date(1704175201000)/",17250,300,3579600,62109000000,0,true,0
"CII",130033,"/Date(1704175201000)/",17250,1000,3579300,62104000000,0,true,0
"CII",130033,"/Date(1704175201000)/",17250,5000,3578300,62086000000,0,true,0
"CII",130033,"/Date(1704175201000)/",17300,100,3573300,62000000000,50,false,0.29
"CII",130033,"/Date(1704175201000)/",17250,700,3573200,61999000000,0,true,0
"CII",130033,"/Date(1704175201000)/",17300,100,3572500,61986000000,50,false,0.29
"CII",113000,"/Date(1704169800000)/",17250,5000,3572400,61985000000,0,true,0
"CII",113000,"/Date(1704169799000)/",17250,100,3567400,61898000000,0,true,0
"CII",113000,"/Date(1704169797000)/",17250,500,3567300,61897000000,0,true,0
"CII",112954,"/Date(1704169793000)/",17250,500,3566800,61888000000,0,true,0
"CII",112919,"/Date(1704169757000)/",17250,5000,3566300,61879000000,0,true,0
"CII",112919,"/Date(1704169757000)/",17250,500,3561300,61793000000,0,true,0
"CII",112919,"/Date(1704169757000)/",17250,1000,3560800,61785000000,0,true,0
"CII",112919,"/Date(1704169757000)/",17250,300,3559800,61767000000,0,true,0
"CII",112919,"/Date(1704169757000)/",17250,200,3559500,61762000000,0,true,0
"CII",112919,"/Date(1704169757000)/",17250,1600,3559300,61759000000,0,true,0
"CII",112900,"/Date(1704169737000)/",17250,600,3557700,61731000000,0,false,0
"CII",112841,"/Date(1704169718000)/",17200,100,3557100,61721000000,-50,true,-0.29
"CII",112834,"/Date(1704169712000)/",17250,100,3557000,61719000000,0,false,0
"CII",112834,"/Date(1704169712000)/",17250,200,3556900,61717000000,0,false,0
"CII",112834,"/Date(1704169712000)/",17250,200,3556700,61714000000,0,false,0
"CII",112834,"/Date(1704169712000)/",17250,500,3556500,61710000000,0,false,0
"CII",112834,"/Date(1704169712000)/",17250,300,3556000,61702000000,0,false,0
"CII",112834,"/Date(1704169712000)/",17250,1000,3555700,61697000000,0,false,0
"CII",112834,"/Date(1704169712000)/",17250,500,3554700,61679000000,0,false,0
"CII",112825,"/Date(1704169703000)/",17250,500,3554200,61671000000,0,true,0
"CII",112825,"/Date(1704169702000)/",17250,2000,3553700,61662000000,0,true,0
"CII",112802,"/Date(1704169680000)/",17250,500,3551700,61628000000,0,true,0
"CII",112802,"/Date(1704169680000)/",17250,1500,3551200,61619000000,0,true,0
"CII",112724,"/Date(1704169640000)/",17250,200,3549700,61593000000,0,true,0
"CII",112620,"/Date(1704169579000)/",17250,300,3549500,61590000000,0,true,0
"CII",112620,"/Date(1704169579000)/",17250,200,3549200,61585000000,0,true,0
"CII",112542,"/Date(1704169540000)/",17250,300,3549000,61581000000,0,true,0
"CII",112539,"/Date(1704169536000)/",17250,100,3548700,61576000000,0,true,0
"CII",112539,"/Date(1704169536000)/",17250,500,3548600,61574000000,0,true,0
"CII",112539,"/Date(1704169536000)/",17250,200,3548100,61566000000,0,true,0
"CII",112516,"/Date(1704169514000)/",17250,5000,3547900,61562000000,0,false,0
"CII",112510,"/Date(1704169507000)/",17250,100,3542900,61476000000,0,false,0
"CII",112503,"/Date(1704169500000)/",17250,4900,3542800,61474000000,0,false,0
"CII",112503,"/Date(1704169500000)/",17250,1000,3537900,61390000000,0,false,0
"CII",112503,"/Date(1704169500000)/",17250,500,3536900,61372000000,0,false,0
"CII",112503,"/Date(1704169500000)/",17250,1000,3536400,61364000000,0,false,0
"CII",112503,"/Date(1704169500000)/",17250,100,3535400,61346000000,0,false,0
"CII",112503,"/Date(1704169500000)/",17250,1900,3535300,61345000000,0,false,0
"CII",112503,"/Date(1704169500000)/",17250,3000,3533400,61312000000,0,false,0
"CII",112503,"/Date(1704169500000)/",17250,2000,3530400,61260000000,0,false,0
"CII",112503,"/Date(1704169500000)/",17250,100,3528400,61226000000,0,false,0
"CII",112503,"/Date(1704169500000)/",17250,300,3528300,61224000000,0,false,0
"CII",112503,"/Date(1704169500000)/",17200,2600,3528000,61219000000,-50,true,-0.29
"CII",112503,"/Date(1704169500000)/",17200,9500,3525400,61174000000,-50,true,-0.29
"CII",112503,"/Date(1704169500000)/",17200,2000,3515900,61011000000,-50,true,-0.29
"CII",112503,"/Date(1704169500000)/",17200,4400,3513900,60976000000,-50,true,-0.29
"CII",112500,"/Date(1704169497000)/",17200,7200,3509500,60901000000,-50,false,-0.29
"CII",112500,"/Date(1704169497000)/",17200,4800,3502300,60777000000,-50,false,-0.29
"CII",112454,"/Date(1704169491000)/",17200,1000,3497500,60694000000,-50,false,-0.29
"CII",112454,"/Date(1704169491000)/",17200,300,3496500,60677000000,-50,false,-0.29
"CII",112451,"/Date(1704169490000)/",17200,200,3496200,60672000000,-50,false,-0.29
"CII",112447,"/Date(1704169486000)/",17200,100,3496000,60668000000,-50,false,-0.29
"CII",112447,"/Date(1704169486000)/",17200,300,3495900,60667000000,-50,false,-0.29
"CII",112441,"/Date(1704169478000)/",17200,5000,3495600,60662000000,-50,false,-0.29
"CII",112431,"/Date(1704169468000)/",17200,200,3490600,60576000000,-50,false,-0.29
"CII",112425,"/Date(1704169464000)/",17200,5000,3490400,60572000000,-50,false,-0.29
"CII",112422,"/Date(1704169460000)/",17150,700,3485400,60486000000,-100,true,-0.58
"CII",112422,"/Date(1704169460000)/",17150,100,3484700,60474000000,-100,true,-0.58
"CII",112422,"/Date(1704169460000)/",17150,800,3484600,60472000000,-100,true,-0.58
"CII",112416,"/Date(1704169454000)/",17150,200,3483800,60459000000,-100,true,-0.58
"CII",112416,"/Date(1704169454000)/",17150,100,3483600,60455000000,-100,true,-0.58
"CII",112409,"/Date(1704169447000)/",17150,200,3483500,60454000000,-100,true,-0.58
"CII",112403,"/Date(1704169440000)/",17200,3100,3483300,60450000000,-50,false,-0.29
"CII",112403,"/Date(1704169440000)/",17200,900,3480200,60397000000,-50,false,-0.29
"CII",112400,"/Date(1704169438000)/",17200,800,3479300,60381000000,-50,false,-0.29
"CII",112353,"/Date(1704169432000)/",17200,8100,3478500,60368000000,-50,false,-0.29
"CII",112353,"/Date(1704169432000)/",17200,100,3470400,60228000000,-50,false,-0.29
"CII",112353,"/Date(1704169432000)/",17200,1000,3470300,60226000000,-50,false,-0.29
"CII",112353,"/Date(1704169432000)/",17200,1000,3469300,60209000000,-50,false,-0.29
"CII",112353,"/Date(1704169432000)/",17200,1000,3468300,60192000000,-50,false,-0.29
"CII",112353,"/Date(1704169432000)/",17200,1000,3467300,60175000000,-50,false,-0.29
"CII",112353,"/Date(1704169432000)/",17200,1000,3466300,60158000000,-50,false,-0.29
"CII",112353,"/Date(1704169432000)/",17200,500,3465300,60140000000,-50,false,-0.29
"CII",112353,"/Date(1704169432000)/",17200,6300,3464800,60132000000,-50,false,-0.29
"CII",112353,"/Date(1704169431000)/",17200,100,3458500,60024000000,-50,false,-0.29
"CII",112350,"/Date(1704169428000)/",17200,100,3458400,60022000000,-50,false,-0.29
"CII",112334,"/Date(1704169413000)/",17200,18500,3458300,60020000000,-50,false,-0.29
"CII",112334,"/Date(1704169413000)/",17200,300,3439800,59702000000,-50,false,-0.29
"CII",112334,"/Date(1704169413000)/",17200,200,3439500,59697000000,-50,false,-0.29
"CII",112334,"/Date(1704169413000)/",17200,1000,3439300,59693000000,-50,false,-0.29
"CII",112325,"/Date(1704169403000)/",17150,2000,3438300,59676000000,-100,true,-0.58
"CII",112305,"/Date(1704169382000)/",17150,700,3436300,59642000000,-100,false,-0.58
"CII",112302,"/Date(1704169381000)/",17150,1800,3435600,59630000000,-100,false,-0.58
"CII",112302,"/Date(1704169381000)/",17150,700,3433800,59599000000,-100,false,-0.58
"CII",112259,"/Date(1704169378000)/",17150,100,3433100,59587000000,-100,false,-0.58
"CII",112256,"/Date(1704169373000)/",17150,200,3433000,59585000000,-100,true,-0.58
"CII",112256,"/Date(1704169373000)/",17150,200,3432800,59582000000,-100,true,-0.58
"CII",112256,"/Date(1704169373000)/",17150,800,3432600,59578000000,-100,true,-0.58
"CII",112246,"/Date(1704169364000)/",17150,200,3431800,59565000000,-100,true,-0.58
"CII",112246,"/Date(1704169362000)/",17150,2000,3431600,59561000000,-100,true,-0.58
"CII",112240,"/Date(1704169357000)/",17150,1000,3429600,59527000000,-100,false,-0.58
"CII",112240,"/Date(1704169357000)/",17150,200,3428600,59510000000,-100,false,-0.58
"CII",112240,"/Date(1704169357000)/",17150,16600,3428400,59506000000,-100,false,-0.58
"CII",112233,"/Date(1704169352000)/",17150,400,3411800,59222000000,-100,true,-0.58
"CII",112233,"/Date(1704169352000)/",17150,900,3411400,59215000000,-100,true,-0.58
"CII",112230,"/Date(1704169349000)/",17150,1000,3410500,59199000000,-100,true,-0.58
"CII",112224,"/Date(1704169342000)/",17150,8100,3409500,59182000000,-100,true,-0.58
"CII",112224,"/Date(1704169341000)/",17150,3000,3401400,59043000000,-100,true,-0.58
"CII",112221,"/Date(1704169340000)/",17150,100,3398400,58992000000,-100,false,-0.58
"CII",112221,"/Date(1704169340000)/",17150,3000,3398300,58990000000,-100,false,-0.58
"CII",112221,"/Date(1704169340000)/",17150,3000,3395300,58939000000,-100,false,-0.58
"CII",112221,"/Date(1704169340000)/",17150,400,3392300,58887000000,-100,false,-0.58
"CII",112221,"/Date(1704169340000)/",17150,1000,3391900,58880000000,-100,false,-0.58
"CII",112221,"/Date(1704169340000)/",17150,1000,3390900,58863000000,-100,false,-0.58
"CII",112221,"/Date(1704169340000)/",17150,1000,3389900,58846000000,-100,false,-0.58
"CII",112221,"/Date(1704169340000)/",17150,3000,3388900,58829000000,-100,false,-0.58
"CII",112221,"/Date(1704169338000)/",17200,1000,3385900,58777000000,-50,false,-0.29
"CII",112217,"/Date(1704169336000)/",17200,4000,3384900,58760000000,-50,false,-0.29
"CII",112211,"/Date(1704169329000)/",17150,1300,3380900,58691000000,-100,true,-0.58
"CII",112158,"/Date(1704169317000)/",17150,700,3379600,58669000000,-100,true,-0.58
"CII",112158,"/Date(1704169317000)/",17150,1000,3378900,58657000000,-100,true,-0.58
"CII",112158,"/Date(1704169317000)/",17150,900,3377900,58640000000,-100,true,-0.58
"CII",112152,"/Date(1704169310000)/",17150,100,3377000,58625000000,-100,false,-0.58
"CII",112152,"/Date(1704169310000)/",17150,2000,3376900,58623000000,-100,false,-0.58
"CII",112152,"/Date(1704169309000)/",17150,1100,3374900,58589000000,-100,false,-0.58
"CII",112152,"/Date(1704169309000)/",17150,500,3373800,58570000000,-100,false,-0.58
"CII",112142,"/Date(1704169297000)/",17150,1000,3373300,58561000000,-100,false,-0.58
"CII",112133,"/Date(1704169291000)/",17150,500,3372300,58544000000,-100,false,-0.58
"CII",112126,"/Date(1704169284000)/",17150,400,3371800,58535000000,-100,false,-0.58
"CII",112123,"/Date(1704169281000)/",17150,1000,3371400,58528000000,-100,false,-0.58
"CII",112123,"/Date(1704169280000)/",17150,100,3370400,58511000000,-100,false,-0.58
"CII",112120,"/Date(1704169279000)/",17150,300,3370300,58510000000,-100,false,-0.58
"CII",112117,"/Date(1704169275000)/",17150,1000,3370000,58504000000,-100,false,-0.58
"CII",112117,"/Date(1704169275000)/",17150,4000,3369000,58487000000,-100,false,-0.58
"CII",112117,"/Date(1704169275000)/",17150,1000,3365000,58419000000,-100,false,-0.58
"CII",112117,"/Date(1704169275000)/",17150,2000,3364000,58402000000,-100,false,-0.58
"CII",112117,"/Date(1704169275000)/",17150,3600,3362000,58367000000,-100,false,-0.58
"CII",112117,"/Date(1704169275000)/",17150,10000,3358400,58306000000,-100,false,-0.58
"CII",112117,"/Date(1704169275000)/",17150,500,3348400,58134000000,-100,false,-0.58
"CII",112117,"/Date(1704169275000)/",17150,200,3347900,58125000000,-100,false,-0.58
"CII",112117,"/Date(1704169275000)/",17150,100,3347700,58122000000,-100,false,-0.58
"CII",112117,"/Date(1704169275000)/",17150,200,3347600,58120000000,-100,false,-0.58
"CII",112117,"/Date(1704169275000)/",17150,1000,3347400,58117000000,-100,false,-0.58
"CII",112117,"/Date(1704169275000)/",17150,500,3346400,58100000000,-100,false,-0.58
"CII",112117,"/Date(1704169275000)/",17150,2000,3345900,58091000000,-100,false,-0.58
"CII",112117,"/Date(1704169275000)/",17150,1000,3343900,58057000000,-100,false,-0.58
"CII",112117,"/Date(1704169275000)/",17150,2000,3342900,58040000000,-100,false,-0.58
"CII",112117,"/Date(1704169275000)/",17150,9000,3340900,58005000000,-100,false,-0.58
"CII",112117,"/Date(1704169275000)/",17150,4300,3331900,57851000000,-100,false,-0.58
"CII",112117,"/Date(1704169273000)/",17150,500,3327600,57777000000,-100,false,-0.58
"CII",112107,"/Date(1704169266000)/",17150,200,3327100,57769000000,-100,true,-0.58
"CII",112107,"/Date(1704169266000)/",17150,800,3326900,57765000000,-100,true,-0.58
"CII",112029,"/Date(1704169226000)/",17200,300,3326100,57752000000,-50,false,-0.29
"CII",112003,"/Date(1704169201000)/",17150,300,3325800,57746000000,-100,true,-0.58
"CII",112000,"/Date(1704169197000)/",17150,1000,3325500,57741000000,-100,true,-0.58
"CII",111944,"/Date(1704169183000)/",17150,1000,3324500,57724000000,-100,true,-0.58
"CII",111931,"/Date(1704169169000)/",17150,1900,3323500,57707000000,-100,false,-0.58
"CII",111928,"/Date(1704169167000)/",17150,100,3321600,57674000000,-100,true,-0.58
"CII",111928,"/Date(1704169167000)/",17150,200,3321500,57673000000,-100,true,-0.58
"CII",111928,"/Date(1704169167000)/",17150,3800,3321300,57669000000,-100,true,-0.58
"CII",111922,"/Date(1704169158000)/",17150,500,3317500,57604000000,-100,true,-0.58
"CII",111912,"/Date(1704169149000)/",17150,5700,3317000,57596000000,-100,true,-0.58
"CII",111912,"/Date(1704169149000)/",17150,5200,3311300,57498000000,-100,true,-0.58
"CII",111847,"/Date(1704169125000)/",17200,500,3306100,57409000000,-50,false,-0.29
"CII",111847,"/Date(1704169124000)/",17150,2200,3305600,57400000000,-100,false,-0.58
"CII",111843,"/Date(1704169121000)/",17150,200,3303400,57362000000,-100,false,-0.58
"CII",111843,"/Date(1704169120000)/",17150,5000,3303200,57359000000,-100,false,-0.58
"CII",111837,"/Date(1704169116000)/",17100,3000,3298200,57273000000,-150,true,-0.87
"CII",111834,"/Date(1704169113000)/",17150,2600,3295200,57222000000,-100,false,-0.58
"CII",111834,"/Date(1704169113000)/",17150,600,3292600,57177000000,-100,false,-0.58
"CII",111834,"/Date(1704169113000)/",17150,500,3292000,57167000000,-100,false,-0.58
"CII",111834,"/Date(1704169113000)/",17150,700,3291500,57158000000,-100,false,-0.58
"CII",111834,"/Date(1704169113000)/",17150,600,3290800,57146000000,-100,false,-0.58
"CII",111834,"/Date(1704169112000)/",17100,500,3290200,57136000000,-150,true,-0.87
"CII",111831,"/Date(1704169108000)/",17150,200,3289700,57127000000,-100,false,-0.58
"CII",111827,"/Date(1704169105000)/",17100,10000,3289500,57124000000,-150,true,-0.87
"CII",111827,"/Date(1704169105000)/",17150,200,3279500,56953000000,-100,false,-0.58
"CII",111827,"/Date(1704169105000)/",17150,4000,3279300,56950000000,-100,false,-0.58
"CII",111818,"/Date(1704169096000)/",17100,5000,3275300,56881000000,-150,true,-0.87
"CII",111811,"/Date(1704169088000)/",17100,800,3270300,56796000000,-150,false,-0.87
"CII",111811,"/Date(1704169088000)/",17100,9400,3269500,56782000000,-150,false,-0.87
"CII",111808,"/Date(1704169086000)/",17100,600,3260100,56621000000,-150,true,-0.87
"CII",111805,"/Date(1704169084000)/",17100,3000,3259500,56611000000,-150,false,-0.87
"CII",111805,"/Date(1704169084000)/",17100,1400,3256500,56560000000,-150,false,-0.87
"CII",111759,"/Date(1704169078000)/",17100,20000,3255100,56536000000,-150,false,-0.87
"CII",111759,"/Date(1704169076000)/",17100,500,3235100,56194000000,-150,false,-0.87
"CII",111759,"/Date(1704169076000)/",17100,900,3234600,56185000000,-150,false,-0.87
"CII",111759,"/Date(1704169076000)/",17100,5000,3233700,56170000000,-150,false,-0.87
"CII",111759,"/Date(1704169076000)/",17100,100,3228700,56084000000,-150,false,-0.87
"CII",111759,"/Date(1704169076000)/",17100,3500,3228600,56082000000,-150,false,-0.87
"CII",111755,"/Date(1704169074000)/",17100,200,3225100,56023000000,-150,false,-0.87
"CII",111746,"/Date(1704169065000)/",17100,5000,3224900,56019000000,-150,false,-0.87
"CII",111739,"/Date(1704169058000)/",17100,100,3219900,55934000000,-150,false,-0.87
"CII",111736,"/Date(1704169053000)/",17100,500,3219800,55932000000,-150,false,-0.87
"CII",111733,"/Date(1704169052000)/",17100,100,3219300,55923000000,-150,true,-0.87
"CII",111733,"/Date(1704169052000)/",17100,1000,3219200,55922000000,-150,true,-0.87
"CII",111733,"/Date(1704169052000)/",17100,10300,3218200,55905000000,-150,true,-0.87
"CII",111733,"/Date(1704169052000)/",17100,5000,3207900,55728000000,-150,true,-0.87
"CII",111733,"/Date(1704169052000)/",17100,200,3202900,55643000000,-150,true,-0.87
"CII",111733,"/Date(1704169052000)/",17100,500,3202700,55640000000,-150,true,-0.87
"CII",111733,"/Date(1704169052000)/",17100,10000,3202200,55631000000,-150,true,-0.87
"CII",111733,"/Date(1704169052000)/",17100,400,3192200,55460000000,-150,true,-0.87
"CII",111733,"/Date(1704169052000)/",17100,200,3191800,55453000000,-150,true,-0.87
"CII",111733,"/Date(1704169052000)/",17100,200,3191600,55450000000,-150,true,-0.87
"CII",111733,"/Date(1704169052000)/",17100,100,3191400,55446000000,-150,true,-0.87
"CII",111733,"/Date(1704169052000)/",17100,1000,3191300,55445000000,-150,true,-0.87
"CII",111733,"/Date(1704169052000)/",17100,200,3190300,55428000000,-150,true,-0.87
"CII",111733,"/Date(1704169052000)/",17100,1000,3190100,55424000000,-150,true,-0.87
"CII",111733,"/Date(1704169052000)/",17100,500,3189100,55407000000,-150,true,-0.87
"CII",111733,"/Date(1704169049000)/",17100,200,3188600,55398000000,-150,true,-0.87
"CII",111720,"/Date(1704169039000)/",17100,3000,3188400,55395000000,-150,true,-0.87
"CII",111717,"/Date(1704169035000)/",17150,500,3185400,55344000000,-100,false,-0.58
"CII",111711,"/Date(1704169029000)/",17100,1000,3184900,55335000000,-150,true,-0.87
"CII",111711,"/Date(1704169029000)/",17100,1000,3183900,55318000000,-150,true,-0.87
"CII",111708,"/Date(1704169025000)/",17100,3000,3182900,55301000000,-150,true,-0.87
"CII",111704,"/Date(1704169023000)/",17150,7600,3179900,55250000000,-100,false,-0.58
"CII",111704,"/Date(1704169023000)/",17150,2000,3172300,55119000000,-100,false,-0.58
"CII",111704,"/Date(1704169023000)/",17150,400,3170300,55085000000,-100,false,-0.58
