"Stockcode","Package","TradingDate","Price","Vol","TotalVol","TotalVal","Change","IsBuy","PerChange"
"HDC",144504,"/Date(1704181501000)/",32150,91800,2304000,74727000000,-500,false,-1.53
"HDC",143000,"/Date(1704180599000)/",32200,1000,2212200,71776000000,-450,true,-1.38
"HDC",142956,"/Date(1704180594000)/",32200,100,2211200,71744000000,-450,false,-1.38
"HDC",142956,"/Date(1704180594000)/",32200,3400,2211100,71741000000,-450,false,-1.38
"HDC",142953,"/Date(1704180591000)/",32200,1000,2207700,71631000000,-450,false,-1.38
"HDC",142953,"/Date(1704180591000)/",32200,200,2206700,71599000000,-450,false,-1.38
"HDC",142953,"/Date(1704180591000)/",32200,100,2206500,71593000000,-450,false,-1.38
"HDC",142947,"/Date(1704180583000)/",32200,600,2206400,71589000000,-450,true,-1.38
"HDC",142947,"/Date(1704180583000)/",32200,500,2205800,71570000000,-450,true,-1.38
"HDC",142947,"/Date(1704180583000)/",32200,200,2205300,71554000000,-450,true,-1.38
"HDC",142947,"/Date(1704180583000)/",32200,300,2205100,71547000000,-450,true,-1.38
"HDC",142947,"/Date(1704180583000)/",32200,100,2204800,71538000000,-450,true,-1.38
"HDC",142947,"/Date(1704180583000)/",32200,500,2204700,71535000000,-450,true,-1.38
"HDC",142947,"/Date(1704180583000)/",32200,100,2204200,71519000000,-450,true,-1.38
"HDC",142947,"/Date(1704180583000)/",32200,100,2204100,71515000000,-450,true,-1.38
"HDC",142947,"/Date(1704180583000)/",32200,2000,2204000,71512000000,-450,true,-1.38
"HDC",142947,"/Date(1704180583000)/",32200,100,2202000,71448000000,-450,true,-1.38
"HDC",142944,"/Date(1704180581000)/",32250,500,2201900,71444000000,-400,false,-1.23
"HDC",142937,"/Date(1704180575000)/",32250,600,2201400,71428000000,-400,false,-1.23
"HDC",142934,"/Date(1704180572000)/",32200,1000,2200800,71409000000,-450,true,-1.38
"HDC",142934,"/Date(1704180572000)/",32200,100,2199800,71377000000,-450,true,-1.38
"HDC",142934,"/Date(1704180572000)/",32200,100,2199700,71374000000,-450,true,-1.38
"HDC",142934,"/Date(1704180572000)/",32200,200,2199600,71370000000,-450,true,-1.38
"HDC",142934,"/Date(1704180572000)/",32200,2000,2199400,71364000000,-450,true,-1.38
"HDC",142934,"/Date(1704180572000)/",32200,100,2197400,71299000000,-450,true,-1.38
"HDC",142934,"/Date(1704180572000)/",32200,200,2197300,71296000000,-450,true,-1.38
"HDC",142934,"/Date(1704180572000)/",32200,600,2197100,71290000000,-450,true,-1.38
"HDC",142934,"/Date(1704180572000)/",32200,4400,2196500,71271000000,-450,true,-1.38
"HDC",142934,"/Date(1704180572000)/",32200,600,2192100,71129000000,-450,true,-1.38
"HDC",142921,"/Date(1704180559000)/",32250,500,2191500,71110000000,-400,false,-1.23
"HDC",142918,"/Date(1704180557000)/",32200,400,2191000,71093000000,-450,true,-1.38
"HDC",142918,"/Date(1704180556000)/",32200,100,2190600,71081000000,-450,true,-1.38
"HDC",142918,"/Date(1704180556000)/",32200,900,2190500,71077000000,-450,true,-1.38
"HDC",142912,"/Date(1704180550000)/",32250,100,2189600,71048000000,-400,false,-1.23
"HDC",142902,"/Date(1704180539000)/",32250,1000,2189500,71045000000,-400,false,-1.23
"HDC",142856,"/Date(1704180534000)/",32200,100,2188500,71013000000,-450,true,-1.38
"HDC",142856,"/Date(1704180534000)/",32200,900,2188400,71010000000,-450,true,-1.38
"HDC",142856,"/Date(1704180533000)/",32200,100,2187500,70981000000,-450,true,-1.38
"HDC",142856,"/Date(1704180533000)/",32200,500,2187400,70977000000,-450,true,-1.38
"HDC",142856,"/Date(1704180533000)/",32200,200,2186900,70961000000,-450,true,-1.38
"HDC",142856,"/Date(1704180533000)/",32200,1500,2186700,70955000000,-450,true,-1.38
"HDC",142856,"/Date(1704180533000)/",32200,900,2185200,70907000000,-450,true,-1.38
"HDC",142843,"/Date(1704180520000)/",32200,700,2184300,70878000000,-450,true,-1.38
"HDC",142837,"/Date(1704180514000)/",32200,900,2183600,70855000000,-450,true,-1.38
"HDC",142837,"/Date(1704180514000)/",32200,200,2182700,70826000000,-450,true,-1.38
"HDC",142837,"/Date(1704180514000)/",32200,2000,2182500,70820000000,-450,true,-1.38
"HDC",142837,"/Date(1704180514000)/",32200,500,2180500,70755000000,-450,true,-1.38
"HDC",142837,"/Date(1704180514000)/",32200,100,2180000,70739000000,-450,true,-1.38
"HDC",142837,"/Date(1704180514000)/",32200,100,2179900,70736000000,-450,true,-1.38
"HDC",142837,"/Date(1704180514000)/",32200,100,2179800,70733000000,-450,true,-1.38
"HDC",142837,"/Date(1704180514000)/",32200,400,2179700,70729000000,-450,true,-1.38
"HDC",142837,"/Date(1704180514000)/",32200,700,2179300,70717000000,-450,true,-1.38
"HDC",142827,"/Date(1704180504000)/",32200,300,2178600,70694000000,-450,true,-1.38
"HDC",142827,"/Date(1704180504000)/",32200,1000,2178300,70684000000,-450,true,-1.38
"HDC",142827,"/Date(1704180504000)/",32200,100,2177300,70652000000,-450,true,-1.38
"HDC",142827,"/Date(1704180504000)/",32200,3600,2177200,70649000000,-450,true,-1.38
"HDC",142821,"/Date(1704180498000)/",32200,1000,2173600,70533000000,-450,true,-1.38
"HDC",142817,"/Date(1704180496000)/",32250,1000,2172600,70501000000,-400,false,-1.23
"HDC",142811,"/Date(1704180489000)/",32200,400,2171600,70469000000,-450,true,-1.38
"HDC",142811,"/Date(1704180489000)/",32200,100,2171200,70456000000,-450,true,-1.38
"HDC",142811,"/Date(1704180489000)/",32200,300,2171100,70453000000,-450,true,-1.38
"HDC",142811,"/Date(1704180489000)/",32200,1500,2170800,70443000000,-450,true,-1.38
"HDC",142811,"/Date(1704180489000)/",32200,600,2169300,70395000000,-450,true,-1.38
"HDC",142811,"/Date(1704180489000)/",32200,100,2168700,70375000000,-450,true,-1.38
"HDC",142811,"/Date(1704180489000)/",32200,7000,2168600,70372000000,-450,true,-1.38
"HDC",142808,"/Date(1704180486000)/",32200,3000,2161600,70147000000,-450,true,-1.38
"HDC",142808,"/Date(1704180486000)/",32200,500,2158600,70050000000,-450,true,-1.38
"HDC",142808,"/Date(1704180486000)/",32200,500,2158100,70034000000,-450,true,-1.38
"HDC",142804,"/Date(1704180482000)/",32200,3000,2157600,70018000000,-450,true,-1.38
"HDC",142804,"/Date(1704180482000)/",32200,1000,2154600,69921000000,-450,true,-1.38
"HDC",142801,"/Date(1704180479000)/",32200,200,2153600,69889000000,-450,true,-1.38
"HDC",142801,"/Date(1704180479000)/",32200,500,2153400,69883000000,-450,true,-1.38
"HDC",142801,"/Date(1704180479000)/",32200,100,2152900,69866000000,-450,true,-1.38
"HDC",142801,"/Date(1704180479000)/",32200,1000,2152800,69863000000,-450,true,-1.38
"HDC",142801,"/Date(1704180479000)/",32200,1000,2151800,69831000000,-450,true,-1.38
"HDC",142801,"/Date(1704180479000)/",32200,500,2150800,69799000000,-450,true,-1.38
"HDC",142801,"/Date(1704180479000)/",32200,100,2150300,69783000000,-450,true,-1.38
"HDC",142801,"/Date(1704180479000)/",32200,500,2150200,69780000000,-450,true,-1.38
"HDC",142801,"/Date(1704180479000)/",32200,100,2149700,69763000000,-450,true,-1.38
"HDC",142801,"/Date(1704180478000)/",32200,200,2149600,69760000000,-450,true,-1.38
"HDC",142801,"/Date(1704180478000)/",32200,500,2149400,69754000000,-450,true,-1.38
"HDC",142801,"/Date(1704180478000)/",32200,100,2148900,69738000000,-450,true,-1.38
"HDC",142801,"/Date(1704180478000)/",32200,100,2148800,69734000000,-450,true,-1.38
"HDC",142801,"/Date(1704180478000)/",32200,200,2148700,69731000000,-450,true,-1.38
"HDC",142801,"/Date(1704180478000)/",32200,200,2148500,69725000000,-450,true,-1.38
"HDC",142801,"/Date(1704180478000)/",32200,500,2148300,69718000000,-450,true,-1.38
"HDC",142801,"/Date(1704180478000)/",32200,300,2147800,69702000000,-450,true,-1.38
"HDC",142758,"/Date(1704180476000)/",32200,100,2147500,69693000000,-450,true,-1.38
"HDC",142758,"/Date(1704180476000)/",32200,100,2147400,69689000000,-450,true,-1.38
"HDC",142758,"/Date(1704180476000)/",32200,900,2147300,69686000000,-450,true,-1.38
"HDC",142748,"/Date(1704180467000)/",32200,2100,2146400,69657000000,-450,true,-1.38
"HDC",142748,"/Date(1704180467000)/",32200,1900,2144300,69590000000,-450,true,-1.38
"HDC",142748,"/Date(1704180465000)/",32200,500,2142400,69528000000,-450,true,-1.38
"HDC",142748,"/Date(1704180465000)/",32200,1800,2141900,69512000000,-450,true,-1.38
"HDC",142745,"/Date(1704180461000)/",32250,10000,2140100,69454000000,-400,false,-1.23
"HDC",142736,"/Date(1704180453000)/",32250,300,2130100,69132000000,-400,false,-1.23
"HDC",142726,"/Date(1704180445000)/",32250,100,2129800,69122000000,-400,true,-1.23
"HDC",142726,"/Date(1704180445000)/",32250,100,2129700,69119000000,-400,true,-1.23
"HDC",142726,"/Date(1704180445000)/",32250,100,2129600,69116000000,-400,true,-1.23
"HDC",142726,"/Date(1704180445000)/",32250,200,2129500,69112000000,-400,true,-1.23
"HDC",142726,"/Date(1704180445000)/",32250,500,2129300,69106000000,-400,true,-1.23
"HDC",142726,"/Date(1704180445000)/",32250,2000,2128800,69090000000,-400,true,-1.23
"HDC",142726,"/Date(1704180443000)/",32300,1000,2126800,69025000000,-350,false,-1.07
"HDC",142723,"/Date(1704180442000)/",32250,8000,2125800,68993000000,-400,true,-1.23
"HDC",142723,"/Date(1704180442000)/",32250,200,2117800,68735000000,-400,true,-1.23
"HDC",142723,"/Date(1704180442000)/",32250,1500,2117600,68729000000,-400,true,-1.23
"HDC",142723,"/Date(1704180442000)/",32250,100,2116100,68680000000,-400,true,-1.23
"HDC",142719,"/Date(1704180437000)/",32300,800,2116000,68677000000,-350,false,-1.07
"HDC",142704,"/Date(1704180420000)/",32250,100,2115200,68651000000,-400,true,-1.23
"HDC",142654,"/Date(1704180411000)/",32250,600,2115100,68648000000,-400,true,-1.23
"HDC",142654,"/Date(1704180410000)/",32250,300,2114500,68629000000,-400,true,-1.23
"HDC",142654,"/Date(1704180410000)/",32250,1000,2114200,68619000000,-400,true,-1.23
"HDC",142654,"/Date(1704180410000)/",32250,100,2113200,68587000000,-400,true,-1.23
"HDC",142654,"/Date(1704180410000)/",32250,200,2113100,68583000000,-400,true,-1.23
"HDC",142654,"/Date(1704180410000)/",32250,1400,2112900,68577000000,-400,true,-1.23
"HDC",142644,"/Date(1704180403000)/",32250,500,2111500,68532000000,-400,true,-1.23
"HDC",142644,"/Date(1704180403000)/",32250,500,2111000,68516000000,-400,true,-1.23
"HDC",142619,"/Date(1704180376000)/",32250,500,2110500,68500000000,-400,false,-1.23
"HDC",142615,"/Date(1704180374000)/",32200,800,2110000,68483000000,-450,true,-1.38
"HDC",142615,"/Date(1704180374000)/",32200,200,2109200,68458000000,-450,true,-1.38
"HDC",142615,"/Date(1704180374000)/",32200,2000,2109000,68451000000,-450,true,-1.38
"HDC",142615,"/Date(1704180372000)/",32250,500,2107000,68387000000,-400,false,-1.23
"HDC",142612,"/Date(1704180369000)/",32250,1000,2106500,68371000000,-400,false,-1.23
"HDC",142609,"/Date(1704180368000)/",32250,1000,2105500,68339000000,-400,true,-1.23
"HDC",142556,"/Date(1704180355000)/",32250,100,2104500,68306000000,-400,true,-1.23
"HDC",142556,"/Date(1704180355000)/",32250,300,2104400,68303000000,-400,true,-1.23
"HDC",142556,"/Date(1704180355000)/",32250,200,2104100,68293000000,-400,true,-1.23
"HDC",142556,"/Date(1704180355000)/",32250,100,2103900,68287000000,-400,true,-1.23
"HDC",142556,"/Date(1704180355000)/",32250,300,2103800,68284000000,-400,true,-1.23
"HDC",142556,"/Date(1704180355000)/",32250,100,2103500,68274000000,-400,true,-1.23
"HDC",142556,"/Date(1704180355000)/",32250,200,2103400,68271000000,-400,true,-1.23
"HDC",142556,"/Date(1704180355000)/",32250,200,2103200,68264000000,-400,true,-1.23
"HDC",142556,"/Date(1704180355000)/",32250,500,2103000,68258000000,-400,true,-1.23
"HDC",142556,"/Date(1704180355000)/",32250,100,2102500,68242000000,-400,true,-1.23
"HDC",142556,"/Date(1704180355000)/",32250,100,2102400,68239000000,-400,true,-1.23
"HDC",142556,"/Date(1704180355000)/",32250,500,2102300,68235000000,-400,true,-1.23
"HDC",142550,"/Date(1704180348000)/",32300,1000,2101800,68219000000,-350,false,-1.07
"HDC",142550,"/Date(1704180348000)/",32300,100,2100800,68187000000,-350,false,-1.07
"HDC",142550,"/Date(1704180348000)/",32300,400,2100700,68184000000,-350,false,-1.07
"HDC",142550,"/Date(1704180348000)/",32300,200,2100300,68171000000,-350,false,-1.07
"HDC",142550,"/Date(1704180348000)/",32300,1000,2100100,68164000000,-350,false,-1.07
"HDC",142550,"/Date(1704180348000)/",32300,1800,2099100,68132000000,-350,false,-1.07
"HDC",142550,"/Date(1704180348000)/",32300,1000,2097300,68074000000,-350,false,-1.07
"HDC",142550,"/Date(1704180348000)/",32300,200,2096300,68042000000,-350,false,-1.07
"HDC",142550,"/Date(1704180348000)/",32300,100,2096100,68035000000,-350,false,-1.07
"HDC",142550,"/Date(1704180348000)/",32300,100,2096000,68032000000,-350,false,-1.07
"HDC",142550,"/Date(1704180348000)/",32300,1000,2095900,68029000000,-350,false,-1.07
"HDC",142550,"/Date(1704180348000)/",32300,300,2094900,67996000000,-350,false,-1.07
"HDC",142550,"/Date(1704180348000)/",32300,100,2094600,67987000000,-350,false,-1.07
"HDC",142550,"/Date(1704180348000)/",32300,1500,2094500,67983000000,-350,false,-1.07
"HDC",142550,"/Date(1704180348000)/",32300,300,2093000,67935000000,-350,false,-1.07
"HDC",142550,"/Date(1704180348000)/",32300,1000,2092700,67925000000,-350,false,-1.07
"HDC",142550,"/Date(1704180348000)/",32300,1500,2091700,67893000000,-350,false,-1.07
"HDC",142550,"/Date(1704180348000)/",32300,500,2090200,67845000000,-350,false,-1.07
"HDC",142550,"/Date(1704180348000)/",32300,500,2089700,67828000000,-350,false,-1.07
"HDC",142550,"/Date(1704180348000)/",32350,200,2089200,67812000000,-300,false,-0.92
"HDC",142550,"/Date(1704180348000)/",32350,100,2089000,67806000000,-300,false,-0.92
"HDC",142550,"/Date(1704180348000)/",32350,200,2088900,67803000000,-300,false,-0.92
"HDC",142534,"/Date(1704180333000)/",32350,100,2088700,67796000000,-300,true,-0.92
"HDC",142512,"/Date(1704180310000)/",32350,300,2088600,67793000000,-300,true,-0.92
"HDC",142512,"/Date(1704180310000)/",32350,100,2088300,67783000000,-300,true,-0.92
"HDC",142512,"/Date(1704180310000)/",32350,400,2088200,67780000000,-300,true,-0.92
"HDC",142512,"/Date(1704180310000)/",32350,200,2087800,67767000000,-300,true,-0.92
"HDC",142456,"/Date(1704180293000)/",32350,500,2087600,67760000000,-300,true,-0.92
"HDC",142446,"/Date(1704180285000)/",32350,300,2087100,67744000000,-300,true,-0.92
"HDC",142433,"/Date(1704180272000)/",32350,400,2086800,67735000000,-300,true,-0.92
"HDC",142404,"/Date(1704180242000)/",32350,3800,2086400,67722000000,-300,false,-0.92
"HDC",142352,"/Date(1704180228000)/",32350,100,2082600,67599000000,-300,true,-0.92
"HDC",142352,"/Date(1704180228000)/",32350,2000,2082500,67595000000,-300,true,-0.92
"HDC",142352,"/Date(1704180228000)/",32350,300,2080500,67531000000,-300,true,-0.92
"HDC",142352,"/Date(1704180228000)/",32350,200,2080200,67521000000,-300,true,-0.92
"HDC",142352,"/Date(1704180228000)/",32350,1000,2080000,67515000000,-300,true,-0.92
"HDC",142352,"/Date(1704180228000)/",32350,200,2079000,67482000000,-300,true,-0.92
"HDC",142352,"/Date(1704180228000)/",32350,1000,2078800,67476000000,-300,true,-0.92
"HDC",142352,"/Date(1704180228000)/",32350,100,2077800,67443000000,-300,true,-0.92
"HDC",142352,"/Date(1704180228000)/",32350,100,2077700,67440000000,-300,true,-0.92
"HDC",142352,"/Date(1704180228000)/",32350,200,2077600,67437000000,-300,true,-0.92
"HDC",142352,"/Date(1704180228000)/",32350,100,2077400,67430000000,-300,true,-0.92
"HDC",142352,"/Date(1704180228000)/",32350,700,2077300,67427000000,-300,true,-0.92
"HDC",142352,"/Date(1704180228000)/",32350,200,2076600,67405000000,-300,true,-0.92
"HDC",142332,"/Date(1704180210000)/",32400,100,2076400,67398000000,-250,true,-0.77
"HDC",142332,"/Date(1704180210000)/",32400,2700,2076300,67395000000,-250,true,-0.77
"HDC",142329,"/Date(1704180206000)/",32500,500,2073600,67307000000,-150,false,-0.46
"HDC",142329,"/Date(1704180206000)/",32500,1500,2073100,67291000000,-150,false,-0.46
"HDC",142326,"/Date(1704180205000)/",32400,2000,2071600,67242000000,-250,true,-0.77
"HDC",142326,"/Date(1704180204000)/",32500,1000,2069600,67178000000,-150,false,-0.46
"HDC",142326,"/Date(1704180204000)/",32450,500,2068600,67145000000,-200,false,-0.61
"HDC",142326,"/Date(1704180204000)/",32400,4300,2068100,67129000000,-250,true,-0.77
"HDC",142326,"/Date(1704180204000)/",32400,200,2063800,66990000000,-250,true,-0.77
"HDC",142326,"/Date(1704180204000)/",32400,100,2063600,66983000000,-250,true,-0.77
"HDC",142326,"/Date(1704180203000)/",32450,1200,2063500,66980000000,-200,false,-0.61
"HDC",142320,"/Date(1704180198000)/",32400,100,2062300,66941000000,-250,true,-0.77
"HDC",142320,"/Date(1704180198000)/",32400,1400,2062200,66938000000,-250,true,-0.77
"HDC",142304,"/Date(1704180181000)/",32400,5000,2060800,66892000000,-250,true,-0.77
"HDC",142215,"/Date(1704180134000)/",32400,200,2055800,66730000000,-250,true,-0.77
"HDC",142203,"/Date(1704180120000)/",32400,100,2055600,66724000000,-250,true,-0.77
"HDC",142153,"/Date(1704180111000)/",32400,300,2055500,66721000000,-250,true,-0.77
"HDC",142055,"/Date(1704180054000)/",32350,2000,2055200,66711000000,-300,true,-0.92
"HDC",142055,"/Date(1704180052000)/",32450,200,2053200,66646000000,-200,false,-0.61
"HDC",141925,"/Date(1704179963000)/",32350,1800,2053000,66640000000,-300,true,-0.92
"HDC",141925,"/Date(1704179963000)/",32400,1000,2051200,66581000000,-250,true,-0.77
"HDC",141925,"/Date(1704179963000)/",32400,1000,2050200,66549000000,-250,true,-0.77
"HDC",141925,"/Date(1704179963000)/",32400,800,2049200,66517000000,-250,true,-0.77
"HDC",141925,"/Date(1704179963000)/",32400,500,2048400,66491000000,-250,true,-0.77
"HDC",141903,"/Date(1704179941000)/",32450,100,2047900,66475000000,-200,false,-0.61
"HDC",141812,"/Date(1704179891000)/",32500,100,2047800,66471000000,-150,false,-0.46
"HDC",141743,"/Date(1704179862000)/",32500,1000,2047700,66468000000,-150,false,-0.46
"HDC",141714,"/Date(1704179833000)/",32500,500,2046700,66436000000,-150,true,-0.46
"HDC",141614,"/Date(1704179773000)/",32600,1000,2046200,66419000000,-50,false,-0.15
"HDC",141610,"/Date(1704179767000)/",32300,100,2045200,66387000000,-350,false,-1.07
"HDC",141607,"/Date(1704179767000)/",32300,500,2045100,66383000000,-350,false,-1.07
"HDC",141607,"/Date(1704179765000)/",32300,100,2044600,66367000000,-350,false,-1.07
"HDC",141607,"/Date(1704179765000)/",32300,400,2044500,66364000000,-350,false,-1.07
"HDC",141607,"/Date(1704179763000)/",32300,1200,2044100,66351000000,-350,false,-1.07
"HDC",141604,"/Date(1704179761000)/",32300,1400,2042900,66312000000,-350,false,-1.07
"HDC",141604,"/Date(1704179761000)/",32300,3600,2041500,66267000000,-350,false,-1.07
"HDC",141604,"/Date(1704179761000)/",32300,500,2037900,66151000000,-350,false,-1.07
"HDC",141601,"/Date(1704179759000)/",32300,500,2037400,66135000000,-350,false,-1.07
"HDC",141601,"/Date(1704179759000)/",32300,500,2036900,66119000000,-350,false,-1.07
"HDC",141551,"/Date(1704179750000)/",32300,100,2036400,66102000000,-350,false,-1.07
"HDC",141551,"/Date(1704179749000)/",32300,100,2036300,66099000000,-350,false,-1.07
"HDC",141548,"/Date(1704179746000)/",32300,4000,2036200,66096000000,-350,false,-1.07
"HDC",141542,"/Date(1704179740000)/",32300,100,2032200,65967000000,-350,false,-1.07
"HDC",141538,"/Date(1704179737000)/",32300,500,2032100,65964000000,-350,true,-1.07
"HDC",141538,"/Date(1704179737000)/",32300,200,2031600,65947000000,-350,true,-1.07
"HDC",141538,"/Date(1704179737000)/",32300,1000,2031400,65941000000,-350,true,-1.07
"HDC",141538,"/Date(1704179737000)/",32300,100,2030400,65909000000,-350,true,-1.07
"HDC",141538,"/Date(1704179737000)/",32300,100,2030300,65905000000,-350,true,-1.07
"HDC",141538,"/Date(1704179737000)/",32300,2000,2030200,65902000000,-350,true,-1.07
"HDC",141538,"/Date(1704179737000)/",32300,500,2028200,65838000000,-350,true,-1.07
"HDC",141538,"/Date(1704179737000)/",32300,200,2027700,65821000000,-350,true,-1.07
"HDC",141538,"/Date(1704179737000)/",32300,2000,2027500,65815000000,-350,true,-1.07
"HDC",141510,"/Date(1704179708000)/",32300,700,2025500,65750000000,-350,false,-1.07
"HDC",141510,"/Date(1704179708000)/",32300,700,2024800,65728000000,-350,false,-1.07
"HDC",141510,"/Date(1704179708000)/",32300,100,2024100,65705000000,-350,false,-1.07
"HDC",141510,"/Date(1704179708000)/",32300,500,2024000,65702000000,-350,false,-1.07
"HDC",141510,"/Date(1704179708000)/",32300,700,2023500,65686000000,-350,false,-1.07
"HDC",141510,"/Date(1704179708000)/",32300,100,2022800,65663000000,-350,false,-1.07
"HDC",141510,"/Date(1704179708000)/",32300,500,2022700,65660000000,-350,false,-1.07
"HDC",141510,"/Date(1704179708000)/",32300,100,2022200,65644000000,-350,false,-1.07
"HDC",141510,"/Date(1704179708000)/",32300,1000,2022100,65641000000,-350,false,-1.07
"HDC",141510,"/Date(1704179708000)/",32300,200,2021100,65608000000,-350,false,-1.07
"HDC",141510,"/Date(1704179708000)/",32300,200,2020900,65602000000,-350,false,-1.07
"HDC",141510,"/Date(1704179708000)/",32350,200,2020700,65595000000,-300,false,-0.92
"HDC",141510,"/Date(1704179708000)/",32350,500,2020500,65589000000,-300,false,-0.92
"HDC",141510,"/Date(1704179708000)/",32400,100,2020000,65573000000,-250,false,-0.77
"HDC",141510,"/Date(1704179708000)/",32450,1500,2019900,65569000000,-200,false,-0.61
"HDC",141510,"/Date(1704179708000)/",32500,100,2018400,65521000000,-150,true,-0.46
"HDC",141510,"/Date(1704179708000)/",32550,300,2018300,65518000000,-100,true,-0.31
"HDC",141510,"/Date(1704179708000)/",32550,2000,2018000,65508000000,-100,true,-0.31
"HDC",141510,"/Date(1704179708000)/",32600,500,2016000,65443000000,-50,true,-0.15
"HDC",141503,"/Date(1704179701000)/",32600,200,2015500,65426000000,-50,true,-0.15
"HDC",141457,"/Date(1704179694000)/",32600,300,2015300,65420000000,-50,true,-0.15
"HDC",141447,"/Date(1704179684000)/",32600,800,2015000,65410000000,-50,true,-0.15
"HDC",141447,"/Date(1704179683000)/",32600,1000,2014200,65384000000,-50,true,-0.15
"HDC",141444,"/Date(1704179681000)/",32600,1000,2013200,65351000000,-50,true,-0.15
"HDC",141441,"/Date(1704179680000)/",32600,500,2012200,65319000000,-50,true,-0.15
"HDC",141434,"/Date(1704179672000)/",32600,100,2011700,65302000000,-50,true,-0.15
"HDC",141434,"/Date(1704179672000)/",32600,1500,2011600,65299000000,-50,true,-0.15
"HDC",141403,"/Date(1704179641000)/",32650,200,2010100,65250000000,0,true,0
"HDC",141403,"/Date(1704179640000)/",32650,300,2009900,65244000000,0,true,0
"HDC",141403,"/Date(1704179640000)/",32650,200,2009600,65234000000,0,true,0
"HDC",141245,"/Date(1704179563000)/",32700,100,2009400,65227000000,50,false,0.15
"HDC",141245,"/Date(1704179563000)/",32700,400,2009300,65224000000,50,false,0.15
"HDC",141245,"/Date(1704179563000)/",32700,1000,2008900,65211000000,50,false,0.15
"HDC",141245,"/Date(1704179563000)/",32700,5000,2007900,65178000000,50,false,0.15
"HDC",141245,"/Date(1704179563000)/",32700,1500,2002900,65015000000,50,false,0.15
"HDC",141245,"/Date(1704179563000)/",32700,100,2001400,64966000000,50,false,0.15
"HDC",141239,"/Date(1704179558000)/",32700,200,2001300,64963000000,50,true,0.15
"HDC",141233,"/Date(1704179551000)/",32700,1000,2001100,64956000000,50,true,0.15
"HDC",141213,"/Date(1704179532000)/",32750,4500,2000100,64923000000,100,true,0.31
"HDC",141213,"/Date(1704179531000)/",32750,500,1995600,64776000000,100,true,0.31
"HDC",141213,"/Date(1704179531000)/",32750,700,1995100,64760000000,100,true,0.31
"HDC",141213,"/Date(1704179530000)/",32750,1000,1994400,64737000000,100,true,0.31
"HDC",141210,"/Date(1704179528000)/",32800,500,1993400,64704000000,150,false,0.46
"HDC",141207,"/Date(1704179525000)/",32800,700,1992900,64688000000,150,false,0.46
"HDC",141204,"/Date(1704179523000)/",32750,200,1992200,64665000000,100,true,0.31
"HDC",141204,"/Date(1704179521000)/",32750,500,1992000,64658000000,100,true,0.31
"HDC",141200,"/Date(1704179519000)/",32750,100,1991500,64642000000,100,true,0.31
"HDC",141157,"/Date(1704179516000)/",32750,2000,1991400,64638000000,100,true,0.31
"HDC",141151,"/Date(1704179510000)/",32750,200,1989400,64573000000,100,true,0.31
"HDC",141148,"/Date(1704179506000)/",32750,2000,1989200,64566000000,100,true,0.31
"HDC",141141,"/Date(1704179497000)/",32800,5000,1987200,64501000000,150,false,0.46
"HDC",141125,"/Date(1704179484000)/",32800,1000,1982200,64337000000,150,false,0.46
"HDC",141125,"/Date(1704179482000)/",32800,100,1981200,64304000000,150,false,0.46
"HDC",141122,"/Date(1704179478000)/",32800,100,1981100,64301000000,150,true,0.46
"HDC",141119,"/Date(1704179478000)/",32800,300,1981000,64297000000,150,false,0.46
"HDC",141119,"/Date(1704179476000)/",32800,200,1980700,64288000000,150,false,0.46
"HDC",141119,"/Date(1704179476000)/",32800,1000,1980500,64281000000,150,false,0.46
"HDC",141119,"/Date(1704179476000)/",32800,500,1979500,64248000000,150,false,0.46
"HDC",141119,"/Date(1704179476000)/",32800,300,1979000,64232000000,150,false,0.46
"HDC",141109,"/Date(1704179468000)/",32800,200,1978700,64222000000,150,false,0.46
"HDC",141109,"/Date(1704179468000)/",32800,1500,1978500,64215000000,150,false,0.46
"HDC",141109,"/Date(1704179468000)/",32800,3300,1977000,64166000000,150,false,0.46
"HDC",141106,"/Date(1704179464000)/",32750,500,1973700,64058000000,100,true,0.31
"HDC",141103,"/Date(1704179462000)/",32800,1700,1973200,64042000000,150,false,0.46
"HDC",141103,"/Date(1704179462000)/",32800,300,1971500,63986000000,150,false,0.46
"HDC",141103,"/Date(1704179462000)/",32800,2000,1971200,63976000000,150,false,0.46
"HDC",141103,"/Date(1704179462000)/",32800,1000,1969200,63910000000,150,false,0.46
"HDC",141103,"/Date(1704179461000)/",32800,1000,1968200,63878000000,150,false,0.46
"HDC",141103,"/Date(1704179461000)/",32800,5000,1967200,63845000000,150,false,0.46
"HDC",141103,"/Date(1704179461000)/",32800,1000,1962200,63681000000,150,false,0.46
"HDC",141103,"/Date(1704179461000)/",32800,500,1961200,63648000000,150,false,0.46
"HDC",141103,"/Date(1704179461000)/",32800,500,1960700,63632000000,150,false,0.46
"HDC",141103,"/Date(1704179461000)/",32800,300,1960200,63615000000,150,false,0.46
"HDC",141103,"/Date(1704179461000)/",32800,100,1959900,63605000000,150,false,0.46
"HDC",141103,"/Date(1704179461000)/",32800,100,1959800,63602000000,150,false,0.46
"HDC",141103,"/Date(1704179461000)/",32800,500,1959700,63599000000,150,false,0.46
"HDC",141103,"/Date(1704179461000)/",32800,1000,1959200,63582000000,150,false,0.46
"HDC",141053,"/Date(1704179451000)/",32800,200,1958200,63550000000,150,false,0.46
"HDC",141053,"/Date(1704179451000)/",32800,200,1958000,63543000000,150,false,0.46
"HDC",141053,"/Date(1704179451000)/",32800,100,1957800,63537000000,150,false,0.46
"HDC",141053,"/Date(1704179449000)/",32750,100,1957700,63533000000,100,true,0.31
"HDC",141050,"/Date(1704179447000)/",32800,900,1957600,63530000000,150,false,0.46
"HDC",141050,"/Date(1704179447000)/",32800,500,1956700,63500000000,150,false,0.46
"HDC",141047,"/Date(1704179444000)/",32800,500,1956200,63484000000,150,false,0.46
"HDC",141047,"/Date(1704179444000)/",32800,500,1955700,63468000000,150,false,0.46
"HDC",141047,"/Date(1704179444000)/",32800,500,1955200,63451000000,150,false,0.46
"HDC",141047,"/Date(1704179444000)/",32800,2000,1954700,63435000000,150,false,0.46
"HDC",141047,"/Date(1704179444000)/",32800,300,1952700,63369000000,150,false,0.46
"HDC",141047,"/Date(1704179444000)/",32800,100,1952400,63359000000,150,false,0.46
"HDC",141047,"/Date(1704179444000)/",32800,2000,1952300,63356000000,150,false,0.46
"HDC",141047,"/Date(1704179444000)/",32800,3000,1950300,63291000000,150,false,0.46
"HDC",141047,"/Date(1704179444000)/",32800,100,1947300,63192000000,150,false,0.46
"HDC",141047,"/Date(1704179444000)/",32800,600,1947200,63189000000,150,false,0.46
"HDC",141040,"/Date(1704179439000)/",32750,1000,1946600,63169000000,100,true,0.31
"HDC",141031,"/Date(1704179427000)/",32750,300,1945600,63136000000,100,false,0.31
"HDC",141028,"/Date(1704179427000)/",32750,200,1945300,63127000000,100,false,0.31
"HDC",141028,"/Date(1704179427000)/",32750,300,1945100,63120000000,100,false,0.31
"HDC",141028,"/Date(1704179427000)/",32750,1500,1944800,63110000000,100,false,0.31
"HDC",141028,"/Date(1704179425000)/",32750,2500,1943300,63061000000,100,false,0.31
"HDC",141028,"/Date(1704179425000)/",32750,1000,1940800,62979000000,100,false,0.31
"HDC",141028,"/Date(1704179425000)/",32750,1000,1939800,62946000000,100,false,0.31
"HDC",141028,"/Date(1704179425000)/",32750,500,1938800,62914000000,100,false,0.31
"HDC",141021,"/Date(1704179419000)/",32750,500,1938300,62897000000,100,false,0.31
"HDC",141021,"/Date(1704179419000)/",32750,2500,1937800,62881000000,100,false,0.31
"HDC",141015,"/Date(1704179414000)/",32750,3000,1935300,62799000000,100,false,0.31
"HDC",141015,"/Date(1704179414000)/",32750,4100,1932300,62701000000,100,false,0.31
"HDC",141012,"/Date(1704179409000)/",32750,2000,1928200,62567000000,100,false,0.31
"HDC",141008,"/Date(1704179406000)/",32750,100,1926200,62501000000,100,false,0.31
"HDC",141008,"/Date(1704179406000)/",32750,500,1926100,62498000000,100,false,0.31
"HDC",141005,"/Date(1704179405000)/",32750,200,1925600,62481000000,100,false,0.31
"HDC",140943,"/Date(1704179380000)/",32750,22000,1925400,62475000000,100,false,0.31
"HDC",140924,"/Date(1704179362000)/",32700,1000,1903400,61754000000,50,true,0.15
"HDC",140914,"/Date(1704179352000)/",32700,800,1902400,61722000000,50,false,0.15
"HDC",140914,"/Date(1704179351000)/",32700,2000,1901600,61696000000,50,false,0.15
"HDC",140914,"/Date(1704179351000)/",32700,1000,1899600,61630000000,50,false,0.15
"HDC",140914,"/Date(1704179351000)/",32700,500,1898600,61597000000,50,false,0.15
"HDC",140914,"/Date(1704179351000)/",32700,100,1898100,61581000000,50,false,0.15
"HDC",140914,"/Date(1704179351000)/",32700,400,1898000,61578000000,50,false,0.15
"HDC",140914,"/Date(1704179351000)/",32700,500,1897600,61565000000,50,false,0.15
"HDC",140914,"/Date(1704179351000)/",32700,2400,1897100,61548000000,50,false,0.15
"HDC",140911,"/Date(1704179348000)/",32700,200,1894700,61470000000,50,false,0.15
"HDC",140908,"/Date(1704179345000)/",32700,1000,1894500,61463000000,50,false,0.15
"HDC",140849,"/Date(1704179327000)/",32700,1000,1893500,61431000000,50,false,0.15
"HDC",140842,"/Date(1704179320000)/",32700,5400,1892500,61398000000,50,false,0.15
"HDC",140842,"/Date(1704179320000)/",32700,100,1887100,61221000000,50,false,0.15
"HDC",140842,"/Date(1704179320000)/",32700,100,1887000,61218000000,50,false,0.15
"HDC",140842,"/Date(1704179320000)/",32700,500,1886900,61215000000,50,false,0.15
"HDC",140842,"/Date(1704179320000)/",32700,1000,1886400,61198000000,50,false,0.15
"HDC",140842,"/Date(1704179320000)/",32700,500,1885400,61166000000,50,false,0.15
"HDC",140842,"/Date(1704179320000)/",32700,100,1884900,61149000000,50,false,0.15
"HDC",140842,"/Date(1704179320000)/",32700,500,1884800,61146000000,50,false,0.15
"HDC",140842,"/Date(1704179320000)/",32700,500,1884300,61130000000,50,false,0.15
"HDC",140842,"/Date(1704179320000)/",32700,500,1883800,61113000000,50,false,0.15
"HDC",140842,"/Date(1704179320000)/",32700,500,1883300,61097000000,50,false,0.15
"HDC",140842,"/Date(1704179320000)/",32700,300,1882800,61081000000,50,false,0.15
"HDC",140842,"/Date(1704179320000)/",32700,100,1882500,61071000000,50,false,0.15
"HDC",140820,"/Date(1704179297000)/",32700,600,1882400,61068000000,50,false,0.15
"HDC",140820,"/Date(1704179297000)/",32700,100,1881800,61048000000,50,false,0.15
"HDC",140820,"/Date(1704179297000)/",32700,500,1881700,61045000000,50,false,0.15
"HDC",140820,"/Date(1704179297000)/",32700,100,1881200,61028000000,50,false,0.15
"HDC",140820,"/Date(1704179297000)/",32700,1500,1881100,61025000000,50,false,0.15
"HDC",140820,"/Date(1704179297000)/",32700,2000,1879600,60976000000,50,false,0.15
"HDC",140820,"/Date(1704179297000)/",32700,1000,1877600,60911000000,50,false,0.15
"HDC",140820,"/Date(1704179297000)/",32700,100,1876600,60878000000,50,false,0.15
"HDC",140820,"/Date(1704179297000)/",32700,1000,1876500,60875000000,50,false,0.15
"HDC",140820,"/Date(1704179297000)/",32700,1000,1875500,60842000000,50,false,0.15
"HDC",140820,"/Date(1704179297000)/",32700,1800,1874500,60809000000,50,false,0.15
"HDC",140820,"/Date(1704179297000)/",32700,300,1872700,60750000000,50,false,0.15
"HDC",140807,"/Date(1704179283000)/",32700,700,1872400,60741000000,50,false,0.15
"HDC",140807,"/Date(1704179283000)/",32700,300,1871700,60718000000,50,false,0.15
"HDC",140801,"/Date(1704179278000)/",32700,100,1871400,60708000000,50,false,0.15
"HDC",140745,"/Date(1704179262000)/",32700,100,1871300,60705000000,50,false,0.15
"HDC",140709,"/Date(1704179226000)/",32700,500,1871200,60701000000,50,false,0.15
"HDC",140650,"/Date(1704179206000)/",32650,1000,1870700,60685000000,0,true,0
"HDC",140637,"/Date(1704179194000)/",32650,3000,1869700,60652000000,0,false,0
"HDC",140637,"/Date(1704179194000)/",32650,2000,1866700,60554000000,0,false,0
"HDC",140637,"/Date(1704179194000)/",32650,100,1864700,60489000000,0,false,0
"HDC",140637,"/Date(1704179194000)/",32650,200,1864600,60486000000,0,false,0
"HDC",140637,"/Date(1704179194000)/",32650,1000,1864400,60479000000,0,false,0
"HDC",140637,"/Date(1704179194000)/",32650,2500,1863400,60447000000,0,false,0
"HDC",140637,"/Date(1704179194000)/",32650,100,1860900,60365000000,0,false,0
"HDC",140637,"/Date(1704179194000)/",32650,100,1860800,60362000000,0,false,0
"HDC",140637,"/Date(1704179194000)/",32650,1000,1860700,60359000000,0,false,0
"HDC",140637,"/Date(1704179194000)/",32650,100,1859700,60326000000,0,false,0
"HDC",140637,"/Date(1704179194000)/",32650,3000,1859600,60323000000,0,false,0
"HDC",140637,"/Date(1704179194000)/",32650,4000,1856600,60225000000,0,false,0
"HDC",140637,"/Date(1704179194000)/",32650,500,1852600,60094000000,0,false,0
"HDC",140637,"/Date(1704179194000)/",32650,1000,1852100,60078000000,0,false,0
"HDC",140637,"/Date(1704179194000)/",32650,500,1851100,60045000000,0,false,0
"HDC",140637,"/Date(1704179194000)/",32650,900,1850600,60029000000,0,false,0
"HDC",140637,"/Date(1704179194000)/",32600,2000,1849700,59999000000,-50,false,-0.15
"HDC",140637,"/Date(1704179194000)/",32600,2000,1847700,59934000000,-50,false,-0.15
"HDC",140637,"/Date(1704179194000)/",32600,1000,1845700,59869000000,-50,false,-0.15
"HDC",140637,"/Date(1704179194000)/",32600,200,1844700,59836000000,-50,false,-0.15
"HDC",140452,"/Date(1704179088000)/",32650,100,1844500,59830000000,0,false,0
"HDC",140445,"/Date(1704179083000)/",32650,1000,1844400,59827000000,0,true,0
"HDC",140445,"/Date(1704179083000)/",32650,4000,1843400,59794000000,0,true,0
"HDC",140445,"/Date(1704179082000)/",32650,500,1839400,59663000000,0,true,0
"HDC",140442,"/Date(1704179079000)/",32650,1000,1838900,59647000000,0,true,0
"HDC",140436,"/Date(1704179075000)/",32650,100,1837900,59614000000,0,true,0
"HDC",140432,"/Date(1704179071000)/",32650,1000,1837800,59611000000,0,true,0
"HDC",140429,"/Date(1704179065000)/",32650,300,1836800,59579000000,0,true,0
"HDC",140420,"/Date(1704179057000)/",32650,100,1836500,59569000000,0,true,0
"HDC",140416,"/Date(1704179055000)/",32650,10000,1836400,59565000000,0,true,0
"HDC",140413,"/Date(1704179049000)/",32650,1000,1826400,59239000000,0,false,0
"HDC",140413,"/Date(1704179049000)/",32650,500,1825400,59206000000,0,false,0
"HDC",140413,"/Date(1704179049000)/",32650,1000,1824900,59190000000,0,false,0
"HDC",140413,"/Date(1704179049000)/",32650,500,1823900,59157000000,0,false,0
"HDC",140413,"/Date(1704179049000)/",32650,500,1823400,59141000000,0,false,0
"HDC",140413,"/Date(1704179049000)/",32650,500,1822900,59125000000,0,false,0
"HDC",140410,"/Date(1704179049000)/",32650,300,1822400,59108000000,0,false,0
"HDC",140410,"/Date(1704179049000)/",32650,100,1822100,59099000000,0,false,0
"HDC",140410,"/Date(1704179049000)/",32650,100,1822000,59095000000,0,false,0
"HDC",140410,"/Date(1704179049000)/",32650,100,1821900,59092000000,0,false,0
"HDC",140410,"/Date(1704179049000)/",32600,10000,1821800,59089000000,-50,false,-0.15
"HDC",140410,"/Date(1704179049000)/",32600,500,1811800,58763000000,-50,false,-0.15
"HDC",140410,"/Date(1704179049000)/",32600,1000,1811300,58746000000,-50,false,-0.15
"HDC",140410,"/Date(1704179049000)/",32600,200,1810300,58714000000,-50,false,-0.15
"HDC",140410,"/Date(1704179049000)/",32600,100,1810100,58707000000,-50,false,-0.15
"HDC",140410,"/Date(1704179049000)/",32600,300,1810000,58704000000,-50,false,-0.15
"HDC",140410,"/Date(1704179049000)/",32550,2000,1809700,58694000000,-100,false,-0.31
"HDC",140410,"/Date(1704179049000)/",32550,2500,1807700,58629000000,-100,false,-0.31
"HDC",140410,"/Date(1704179049000)/",32550,1000,1805200,58548000000,-100,false,-0.31
"HDC",140410,"/Date(1704179049000)/",32500,500,1804200,58515000000,-150,false,-0.46
"HDC",140410,"/Date(1704179049000)/",32500,800,1803700,58499000000,-150,false,-0.46
"HDC",140410,"/Date(1704179049000)/",32500,500,1802900,58473000000,-150,false,-0.46
"HDC",140410,"/Date(1704179049000)/",32500,500,1802400,58457000000,-150,false,-0.46
"HDC",140410,"/Date(1704179049000)/",32500,2000,1801900,58441000000,-150,false,-0.46
"HDC",140410,"/Date(1704179049000)/",32500,300,1799900,58376000000,-150,false,-0.46
"HDC",140410,"/Date(1704179049000)/",32500,5100,1799600,58366000000,-150,false,-0.46
"HDC",140357,"/Date(1704179036000)/",32300,5500,1794500,58200000000,-350,true,-1.07
"HDC",140341,"/Date(1704179018000)/",32500,4300,1789000,58022000000,-150,false,-0.46
"HDC",140341,"/Date(1704179018000)/",32500,8400,1784700,57883000000,-150,false,-0.46
"HDC",140341,"/Date(1704179018000)/",32500,500,1776300,57610000000,-150,false,-0.46
"HDC",140341,"/Date(1704179018000)/",32500,1000,1775800,57593000000,-150,false,-0.46
"HDC",140341,"/Date(1704179018000)/",32500,400,1774800,57561000000,-150,false,-0.46
"HDC",140341,"/Date(1704179018000)/",32500,100,1774400,57548000000,-150,false,-0.46
"HDC",140341,"/Date(1704179018000)/",32500,500,1774300,57545000000,-150,false,-0.46
"HDC",140341,"/Date(1704179018000)/",32500,3000,1773800,57528000000,-150,false,-0.46
"HDC",140341,"/Date(1704179018000)/",32500,100,1770800,57431000000,-150,false,-0.46
"HDC",140341,"/Date(1704179018000)/",32500,500,1770700,57428000000,-150,false,-0.46
"HDC",140341,"/Date(1704179018000)/",32450,1200,1770200,57411000000,-200,false,-0.61
"HDC",140341,"/Date(1704179018000)/",32450,200,1769000,57372000000,-200,false,-0.61
"HDC",140341,"/Date(1704179018000)/",32450,400,1768800,57366000000,-200,false,-0.61
"HDC",140341,"/Date(1704179018000)/",32450,400,1768400,57353000000,-200,false,-0.61
"HDC",140341,"/Date(1704179018000)/",32450,300,1768000,57340000000,-200,false,-0.61
"HDC",140341,"/Date(1704179018000)/",32450,200,1767700,57330000000,-200,false,-0.61
"HDC",140341,"/Date(1704179018000)/",32450,2100,1767500,57324000000,-200,false,-0.61
"HDC",140341,"/Date(1704179018000)/",32400,15000,1765400,57256000000,-250,false,-0.77
"HDC",140341,"/Date(1704179018000)/",32400,200,1750400,56770000000,-250,false,-0.77
"HDC",140341,"/Date(1704179018000)/",32400,500,1750200,56763000000,-250,false,-0.77
"HDC",140341,"/Date(1704179018000)/",32400,2000,1749700,56747000000,-250,false,-0.77
"HDC",140341,"/Date(1704179018000)/",32400,100,1747700,56682000000,-250,false,-0.77
"HDC",140341,"/Date(1704179018000)/",32400,6000,1747600,56679000000,-250,false,-0.77
"HDC",140341,"/Date(1704179018000)/",32400,100,1741600,56484000000,-250,false,-0.77
"HDC",140341,"/Date(1704179018000)/",32400,500,1741500,56481000000,-250,false,-0.77
"HDC",140341,"/Date(1704179018000)/",32400,100,1741000,56465000000,-250,false,-0.77
"HDC",140341,"/Date(1704179018000)/",32400,200,1740900,56462000000,-250,false,-0.77
"HDC",140341,"/Date(1704179018000)/",32350,1700,1740700,56455000000,-300,false,-0.92
"HDC",140338,"/Date(1704179016000)/",32300,700,1739000,56400000000,-350,true,-1.07
"HDC",140335,"/Date(1704179014000)/",32350,700,1738300,56378000000,-300,false,-0.92
"HDC",140335,"/Date(1704179014000)/",32350,100,1737600,56355000000,-300,false,-0.92
"HDC",140335,"/Date(1704179014000)/",32350,100,1737500,56352000000,-300,false,-0.92
"HDC",140335,"/Date(1704179014000)/",32350,100,1737400,56349000000,-300,false,-0.92
"HDC",140332,"/Date(1704179010000)/",32350,400,1737300,56345000000,-300,false,-0.92
"HDC",140332,"/Date(1704179010000)/",32350,100,1736900,56332000000,-300,false,-0.92
"HDC",140332,"/Date(1704179010000)/",32350,100,1736800,56329000000,-300,false,-0.92
"HDC",140325,"/Date(1704179003000)/",32350,100,1736700,56326000000,-300,false,-0.92
"HDC",140312,"/Date(1704178991000)/",32350,500,1736600,56323000000,-300,false,-0.92
"HDC",140312,"/Date(1704178990000)/",32350,200,1736100,56307000000,-300,false,-0.92
"HDC",140312,"/Date(1704178990000)/",32350,300,1735900,56300000000,-300,false,-0.92
"HDC",140306,"/Date(1704178983000)/",32350,1000,1735600,56290000000,-300,false,-0.92
"HDC",140300,"/Date(1704178978000)/",32350,1000,1734600,56258000000,-300,false,-0.92
"HDC",140247,"/Date(1704178964000)/",32350,100,1733600,56226000000,-300,false,-0.92
"HDC",140202,"/Date(1704178918000)/",32350,100,1733500,56222000000,-300,false,-0.92
"HDC",140156,"/Date(1704178913000)/",32350,100,1733400,56219000000,-300,false,-0.92
"HDC",140143,"/Date(1704178901000)/",32350,200,1733300,56216000000,-300,false,-0.92
"HDC",140136,"/Date(1704178895000)/",32350,1000,1733100,56210000000,-300,false,-0.92
"HDC",140111,"/Date(1704178870000)/",32350,100,1732100,56177000000,-300,false,-0.92
"HDC",140058,"/Date(1704178857000)/",32350,100,1732000,56174000000,-300,false,-0.92
"HDC",135951,"/Date(1704178787000)/",32300,3600,1731900,56171000000,-350,false,-1.07
"HDC",135938,"/Date(1704178775000)/",32250,1600,1728300,56054000000,-400,false,-1.23
"HDC",135935,"/Date(1704178773000)/",32250,500,1726700,56003000000,-400,false,-1.23
"HDC",135925,"/Date(1704178762000)/",32250,500,1726200,55987000000,-400,false,-1.23
"HDC",135913,"/Date(1704178752000)/",32200,300,1725700,55971000000,-450,true,-1.38
"HDC",135913,"/Date(1704178752000)/",32200,500,1725400,55961000000,-450,true,-1.38
"HDC",135913,"/Date(1704178752000)/",32200,800,1724900,55945000000,-450,true,-1.38
"HDC",135913,"/Date(1704178752000)/",32200,1000,1724100,55919000000,-450,true,-1.38
"HDC",135913,"/Date(1704178752000)/",32200,100,1723100,55887000000,-450,true,-1.38
"HDC",135913,"/Date(1704178752000)/",32200,100,1723000,55884000000,-450,true,-1.38
"HDC",135913,"/Date(1704178752000)/",32200,500,1722900,55880000000,-450,true,-1.38
"HDC",135913,"/Date(1704178752000)/",32200,200,1722400,55864000000,-450,true,-1.38
"HDC",135913,"/Date(1704178752000)/",32200,300,1722200,55858000000,-450,true,-1.38
"HDC",135913,"/Date(1704178752000)/",32200,2000,1721900,55848000000,-450,true,-1.38
"HDC",135913,"/Date(1704178752000)/",32200,200,1719900,55784000000,-450,true,-1.38
"HDC",135903,"/Date(1704178742000)/",32250,2000,1719700,55777000000,-400,false,-1.23
"HDC",135903,"/Date(1704178741000)/",32250,100,1717700,55713000000,-400,false,-1.23
"HDC",135853,"/Date(1704178731000)/",32250,100,1717600,55710000000,-400,false,-1.23
"HDC",135818,"/Date(1704178696000)/",32250,500,1717500,55706000000,-400,false,-1.23
"HDC",135812,"/Date(1704178688000)/",32250,500,1717000,55690000000,-400,true,-1.23
"HDC",135812,"/Date(1704178688000)/",32250,2000,1716500,55674000000,-400,true,-1.23
"HDC",135812,"/Date(1704178688000)/",32250,1200,1714500,55610000000,-400,true,-1.23
"HDC",135812,"/Date(1704178688000)/",32250,200,1713300,55571000000,-400,true,-1.23
"HDC",135812,"/Date(1704178688000)/",32250,600,1713100,55565000000,-400,true,-1.23
"HDC",135812,"/Date(1704178688000)/",32250,200,1712500,55545000000,-400,true,-1.23
"HDC",135806,"/Date(1704178683000)/",32300,300,1712300,55539000000,-350,false,-1.07
"HDC",135759,"/Date(1704178677000)/",32300,100,1712000,55529000000,-350,false,-1.07
"HDC",135759,"/Date(1704178677000)/",32300,400,1711900,55526000000,-350,false,-1.07
"HDC",135743,"/Date(1704178660000)/",32300,300,1711500,55513000000,-350,false,-1.07
"HDC",135743,"/Date(1704178660000)/",32300,2000,1711200,55503000000,-350,false,-1.07
"HDC",135743,"/Date(1704178660000)/",32300,1000,1709200,55439000000,-350,false,-1.07
"HDC",135743,"/Date(1704178660000)/",32300,600,1708200,55406000000,-350,false,-1.07
"HDC",135737,"/Date(1704178654000)/",32300,200,1707600,55387000000,-350,false,-1.07
"HDC",135642,"/Date(1704178601000)/",32250,100,1707400,55380000000,-400,true,-1.23
"HDC",135642,"/Date(1704178599000)/",32250,300,1707300,55377000000,-400,true,-1.23
"HDC",135639,"/Date(1704178597000)/",32250,300,1707000,55368000000,-400,false,-1.23
"HDC",135636,"/Date(1704178594000)/",32250,200,1706700,55358000000,-400,false,-1.23
"HDC",135633,"/Date(1704178589000)/",32200,100,1706500,55351000000,-450,true,-1.38
"HDC",135633,"/Date(1704178589000)/",32200,1100,1706400,55348000000,-450,true,-1.38
"HDC",135633,"/Date(1704178589000)/",32200,100,1705300,55313000000,-450,true,-1.38
"HDC",135633,"/Date(1704178589000)/",32200,200,1705200,55310000000,-450,true,-1.38
"HDC",135633,"/Date(1704178589000)/",32200,9600,1705000,55303000000,-450,true,-1.38
"HDC",135626,"/Date(1704178585000)/",32200,200,1695400,54994000000,-450,false,-1.38
"HDC",135626,"/Date(1704178585000)/",32200,1900,1695200,54988000000,-450,false,-1.38
"HDC",135626,"/Date(1704178585000)/",32200,1000,1693300,54926000000,-450,false,-1.38
"HDC",135626,"/Date(1704178585000)/",32200,100,1692300,54894000000,-450,false,-1.38
"HDC",135623,"/Date(1704178580000)/",32200,200,1692200,54891000000,-450,false,-1.38
"HDC",135617,"/Date(1704178573000)/",32200,2000,1692000,54885000000,-450,false,-1.38
"HDC",135607,"/Date(1704178565000)/",32200,200,1690000,54820000000,-450,false,-1.38
"HDC",135601,"/Date(1704178558000)/",32200,2000,1689800,54814000000,-450,false,-1.38
"HDC",135554,"/Date(1704178553000)/",32150,83700,1687800,54749000000,-500,true,-1.53
"HDC",135554,"/Date(1704178553000)/",32150,100,1604100,52058000000,-500,true,-1.53
"HDC",135554,"/Date(1704178553000)/",32150,20000,1604000,52055000000,-500,true,-1.53
"HDC",135554,"/Date(1704178553000)/",32150,2000,1584000,51412000000,-500,true,-1.53
"HDC",135554,"/Date(1704178553000)/",32150,1000,1582000,51348000000,-500,true,-1.53
"HDC",135554,"/Date(1704178553000)/",32150,3000,1581000,51316000000,-500,true,-1.53
"HDC",135554,"/Date(1704178553000)/",32150,200,1578000,51219000000,-500,true,-1.53
"HDC",135554,"/Date(1704178553000)/",32150,200,1577800,51213000000,-500,true,-1.53
"HDC",135554,"/Date(1704178553000)/",32150,300,1577600,51206000000,-500,true,-1.53
"HDC",135554,"/Date(1704178553000)/",32150,100,1577300,51197000000,-500,true,-1.53
"HDC",135554,"/Date(1704178553000)/",32150,200,1577200,51193000000,-500,true,-1.53
"HDC",135554,"/Date(1704178553000)/",32150,100,1577000,51187000000,-500,true,-1.53
"HDC",135554,"/Date(1704178553000)/",32150,5000,1576900,51184000000,-500,true,-1.53
"HDC",135554,"/Date(1704178553000)/",32150,200,1571900,51023000000,-500,true,-1.53
"HDC",135554,"/Date(1704178553000)/",32150,100,1571700,51017000000,-500,true,-1.53
"HDC",135554,"/Date(1704178553000)/",32150,500,1571600,51013000000,-500,true,-1.53
"HDC",135554,"/Date(1704178553000)/",32150,500,1571100,50997000000,-500,true,-1.53
"HDC",135554,"/Date(1704178553000)/",32150,200,1570600,50981000000,-500,true,-1.53
"HDC",135554,"/Date(1704178553000)/",32150,400,1570400,50975000000,-500,true,-1.53
"HDC",135554,"/Date(1704178553000)/",32150,100,1570000,50962000000,-500,true,-1.53
"HDC",135554,"/Date(1704178553000)/",32150,100,1569900,50959000000,-500,true,-1.53
"HDC",135554,"/Date(1704178553000)/",32150,100,1569800,50956000000,-500,true,-1.53
"HDC",135554,"/Date(1704178553000)/",32150,500,1569700,50952000000,-500,true,-1.53
"HDC",135554,"/Date(1704178553000)/",32150,400,1569200,50936000000,-500,true,-1.53
"HDC",135554,"/Date(1704178553000)/",32150,100,1568800,50923000000,-500,true,-1.53
"HDC",135554,"/Date(1704178553000)/",32150,500,1568700,50920000000,-500,true,-1.53
"HDC",135554,"/Date(1704178553000)/",32150,500,1568200,50904000000,-500,true,-1.53
"HDC",135554,"/Date(1704178553000)/",32150,1000,1567700,50888000000,-500,true,-1.53
"HDC",135554,"/Date(1704178553000)/",32150,200,1566700,50856000000,-500,true,-1.53
"HDC",135554,"/Date(1704178553000)/",32150,1000,1566500,50849000000,-500,true,-1.53
"HDC",135554,"/Date(1704178553000)/",32150,100,1565500,50817000000,-500,true,-1.53
"HDC",135554,"/Date(1704178553000)/",32150,1000,1565400,50814000000,-500,true,-1.53
"HDC",135554,"/Date(1704178553000)/",32150,200,1564400,50782000000,-500,true,-1.53
"HDC",135554,"/Date(1704178553000)/",32150,1200,1564200,50776000000,-500,true,-1.53
"HDC",135548,"/Date(1704178547000)/",32200,300,1563000,50737000000,-450,false,-1.38
"HDC",135545,"/Date(1704178544000)/",32200,200,1562700,50727000000,-450,false,-1.38
"HDC",135542,"/Date(1704178540000)/",32200,100,1562500,50721000000,-450,false,-1.38
"HDC",135535,"/Date(1704178532000)/",32200,100,1562400,50718000000,-450,false,-1.38
"HDC",135506,"/Date(1704178504000)/",32200,100,1562300,50714000000,-450,false,-1.38
"HDC",135506,"/Date(1704178503000)/",32200,100,1562200,50711000000,-450,false,-1.38
"HDC",135457,"/Date(1704178495000)/",32200,100,1562100,50708000000,-450,false,-1.38
"HDC",135457,"/Date(1704178495000)/",32200,500,1562000,50705000000,-450,false,-1.38
"HDC",135447,"/Date(1704178484000)/",32200,200,1561500,50689000000,-450,false,-1.38
"HDC",135444,"/Date(1704178481000)/",32200,1000,1561300,50682000000,-450,false,-1.38
"HDC",135406,"/Date(1704178445000)/",32150,100,1560300,50650000000,-500,true,-1.53
"HDC",135359,"/Date(1704178436000)/",32150,100,1560200,50647000000,-500,true,-1.53
"HDC",135331,"/Date(1704178410000)/",32150,500,1560100,50644000000,-500,true,-1.53
"HDC",135328,"/Date(1704178404000)/",32150,100,1559600,50628000000,-500,false,-1.53
"HDC",135328,"/Date(1704178404000)/",32150,500,1559500,50624000000,-500,false,-1.53
"HDC",135324,"/Date(1704178404000)/",32150,100,1559000,50608000000,-500,false,-1.53
"HDC",135324,"/Date(1704178402000)/",32150,100,1558900,50605000000,-500,false,-1.53
"HDC",135324,"/Date(1704178401000)/",32100,1000,1558800,50602000000,-550,true,-1.68
"HDC",135321,"/Date(1704178399000)/",32150,100,1557800,50570000000,-500,false,-1.53
"HDC",135318,"/Date(1704178396000)/",32150,2800,1557700,50566000000,-500,false,-1.53
"HDC",135318,"/Date(1704178396000)/",32150,1000,1554900,50476000000,-500,false,-1.53
"HDC",135318,"/Date(1704178396000)/",32150,200,1553900,50444000000,-500,false,-1.53
"HDC",135315,"/Date(1704178393000)/",32150,100,1553700,50438000000,-500,false,-1.53
"HDC",135256,"/Date(1704178373000)/",32150,1000,1553600,50435000000,-500,false,-1.53
"HDC",135252,"/Date(1704178369000)/",32150,1000,1552600,50403000000,-500,false,-1.53
"HDC",135249,"/Date(1704178368000)/",32150,1000,1551600,50370000000,-500,false,-1.53
"HDC",135240,"/Date(1704178357000)/",32100,100,1550600,50338000000,-550,true,-1.68
"HDC",135240,"/Date(1704178357000)/",32100,1900,1550500,50335000000,-550,true,-1.68
"HDC",135240,"/Date(1704178357000)/",32100,500,1548600,50274000000,-550,true,-1.68
"HDC",135240,"/Date(1704178357000)/",32100,300,1548100,50258000000,-550,true,-1.68
"HDC",135240,"/Date(1704178357000)/",32100,200,1547800,50248000000,-550,true,-1.68
"HDC",135240,"/Date(1704178357000)/",32100,200,1547600,50242000000,-550,true,-1.68
"HDC",135240,"/Date(1704178357000)/",32100,300,1547400,50235000000,-550,true,-1.68
"HDC",135240,"/Date(1704178357000)/",32100,1000,1547100,50226000000,-550,true,-1.68
"HDC",135240,"/Date(1704178357000)/",32100,400,1546100,50194000000,-550,true,-1.68
"HDC",135240,"/Date(1704178357000)/",32100,200,1545700,50181000000,-550,true,-1.68
"HDC",135240,"/Date(1704178357000)/",32100,100,1545500,50174000000,-550,true,-1.68
"HDC",135240,"/Date(1704178357000)/",32100,500,1545400,50171000000,-550,true,-1.68
"HDC",135240,"/Date(1704178357000)/",32100,3000,1544900,50155000000,-550,true,-1.68
"HDC",135240,"/Date(1704178357000)/",32100,500,1541900,50059000000,-550,true,-1.68
"HDC",135240,"/Date(1704178357000)/",32100,400,1541400,50043000000,-550,true,-1.68
"HDC",135240,"/Date(1704178357000)/",32100,500,1541000,50030000000,-550,true,-1.68
"HDC",135240,"/Date(1704178357000)/",32150,200,1540500,50014000000,-500,false,-1.53
"HDC",135240,"/Date(1704178357000)/",32150,200,1540300,50008000000,-500,false,-1.53
"HDC",135233,"/Date(1704178352000)/",32150,300,1540100,50001000000,-500,true,-1.53
"HDC",135233,"/Date(1704178351000)/",32150,100,1539800,49991000000,-500,true,-1.53
"HDC",135230,"/Date(1704178348000)/",32150,1000,1539700,49988000000,-500,true,-1.53
"HDC",135230,"/Date(1704178348000)/",32150,100,1538700,49956000000,-500,true,-1.53
"HDC",135230,"/Date(1704178348000)/",32150,1000,1538600,49953000000,-500,true,-1.53
"HDC",135230,"/Date(1704178348000)/",32150,100,1537600,49921000000,-500,true,-1.53
"HDC",135230,"/Date(1704178348000)/",32150,300,1537500,49918000000,-500,true,-1.53
"HDC",135230,"/Date(1704178348000)/",32150,500,1537200,49908000000,-500,true,-1.53
"HDC",135230,"/Date(1704178348000)/",32150,100,1536700,49892000000,-500,true,-1.53
"HDC",135230,"/Date(1704178348000)/",32150,100,1536600,49889000000,-500,true,-1.53
"HDC",135230,"/Date(1704178348000)/",32150,100,1536500,49885000000,-500,true,-1.53
"HDC",135230,"/Date(1704178348000)/",32150,100,1536400,49882000000,-500,true,-1.53
"HDC",135230,"/Date(1704178348000)/",32150,3000,1536300,49879000000,-500,true,-1.53
"HDC",135230,"/Date(1704178348000)/",32150,200,1533300,49783000000,-500,true,-1.53
"HDC",135230,"/Date(1704178348000)/",32150,100,1533100,49776000000,-500,true,-1.53
"HDC",135230,"/Date(1704178348000)/",32150,100,1533000,49773000000,-500,true,-1.53
"HDC",135230,"/Date(1704178348000)/",32150,300,1532900,49770000000,-500,true,-1.53
"HDC",135230,"/Date(1704178348000)/",32150,500,1532600,49760000000,-500,true,-1.53
"HDC",135230,"/Date(1704178348000)/",32150,300,1532100,49744000000,-500,true,-1.53
"HDC",135230,"/Date(1704178348000)/",32150,500,1531800,49734000000,-500,true,-1.53
"HDC",135230,"/Date(1704178348000)/",32150,200,1531300,49718000000,-500,true,-1.53
"HDC",135230,"/Date(1704178348000)/",32150,300,1531100,49712000000,-500,true,-1.53
"HDC",135230,"/Date(1704178348000)/",32150,700,1530800,49702000000,-500,true,-1.53
"HDC",135230,"/Date(1704178348000)/",32150,100,1530100,49680000000,-500,true,-1.53
"HDC",135230,"/Date(1704178347000)/",32150,2000,1530000,49676000000,-500,true,-1.53
"HDC",135227,"/Date(1704178345000)/",32150,200,1528000,49612000000,-500,true,-1.53
"HDC",135217,"/Date(1704178336000)/",32150,1000,1527800,49606000000,-500,true,-1.53
"HDC",135217,"/Date(1704178336000)/",32150,2000,1526800,49574000000,-500,true,-1.53
"HDC",135217,"/Date(1704178336000)/",32150,500,1524800,49509000000,-500,true,-1.53
"HDC",135217,"/Date(1704178336000)/",32150,100,1524300,49493000000,-500,true,-1.53
"HDC",135217,"/Date(1704178336000)/",32150,500,1524200,49490000000,-500,true,-1.53
"HDC",135217,"/Date(1704178336000)/",32150,100,1523700,49474000000,-500,true,-1.53
"HDC",135217,"/Date(1704178336000)/",32150,200,1523600,49471000000,-500,true,-1.53
"HDC",135217,"/Date(1704178336000)/",32150,1000,1523400,49464000000,-500,true,-1.53
"HDC",135217,"/Date(1704178336000)/",32150,1000,1522400,49432000000,-500,true,-1.53
"HDC",135217,"/Date(1704178336000)/",32150,200,1521400,49400000000,-500,true,-1.53
"HDC",135217,"/Date(1704178336000)/",32150,100,1521200,49393000000,-500,true,-1.53
"HDC",135217,"/Date(1704178336000)/",32150,200,1521100,49390000000,-500,true,-1.53
"HDC",135217,"/Date(1704178336000)/",32150,100,1520900,49384000000,-500,true,-1.53
"HDC",135217,"/Date(1704178336000)/",32150,200,1520800,49381000000,-500,true,-1.53
"HDC",135217,"/Date(1704178336000)/",32150,200,1520600,49374000000,-500,true,-1.53
"HDC",135217,"/Date(1704178336000)/",32150,10000,1520400,49368000000,-500,true,-1.53
"HDC",135217,"/Date(1704178336000)/",32150,5000,1510400,49046000000,-500,true,-1.53
"HDC",135217,"/Date(1704178336000)/",32150,300,1505400,48886000000,-500,true,-1.53
"HDC",135217,"/Date(1704178336000)/",32150,100,1505100,48876000000,-500,true,-1.53
"HDC",135217,"/Date(1704178336000)/",32150,200,1505000,48873000000,-500,true,-1.53
"HDC",135217,"/Date(1704178336000)/",32150,100,1504800,48866000000,-500,true,-1.53
"HDC",135217,"/Date(1704178336000)/",32150,600,1504700,48863000000,-500,true,-1.53
"HDC",135217,"/Date(1704178336000)/",32150,500,1504100,48844000000,-500,true,-1.53
"HDC",135217,"/Date(1704178336000)/",32150,200,1503600,48828000000,-500,true,-1.53
"HDC",135217,"/Date(1704178336000)/",32150,100,1503400,48821000000,-500,true,-1.53
"HDC",135217,"/Date(1704178336000)/",32150,300,1503300,48818000000,-500,true,-1.53
"HDC",135217,"/Date(1704178336000)/",32150,300,1503000,48808000000,-500,true,-1.53
"HDC",135217,"/Date(1704178336000)/",32150,1000,1502700,48799000000,-500,true,-1.53
"HDC",135217,"/Date(1704178336000)/",32150,100,1501700,48767000000,-500,true,-1.53
"HDC",135217,"/Date(1704178336000)/",32150,100,1501600,48763000000,-500,true,-1.53
"HDC",135217,"/Date(1704178336000)/",32150,13700,1501500,48760000000,-500,true,-1.53
"HDC",135214,"/Date(1704178331000)/",32200,1000,1487800,48320000000,-450,false,-1.38
"HDC",135201,"/Date(1704178318000)/",32200,200,1486800,48287000000,-450,false,-1.38
"HDC",135152,"/Date(1704178308000)/",32200,500,1486600,48281000000,-450,false,-1.38
"HDC",135148,"/Date(1704178307000)/",32200,100,1486100,48265000000,-450,false,-1.38
"HDC",135148,"/Date(1704178305000)/",32200,100,1486000,48262000000,-450,false,-1.38
"HDC",135110,"/Date(1704178269000)/",32200,900,1485900,48259000000,-450,false,-1.38
"HDC",135110,"/Date(1704178269000)/",32200,100,1485000,48230000000,-450,false,-1.38
"HDC",135045,"/Date(1704178243000)/",32150,1500,1484900,48226000000,-500,true,-1.53
"HDC",135041,"/Date(1704178240000)/",32150,500,1483400,48178000000,-500,true,-1.53
"HDC",135029,"/Date(1704178226000)/",32200,100,1482900,48162000000,-450,false,-1.38
"HDC",135019,"/Date(1704178216000)/",32200,100,1482800,48159000000,-450,false,-1.38
"HDC",135013,"/Date(1704178211000)/",32200,1000,1482700,48156000000,-450,false,-1.38
"HDC",135013,"/Date(1704178209000)/",32200,100,1481700,48123000000,-450,false,-1.38
"HDC",135013,"/Date(1704178209000)/",32200,500,1481600,48120000000,-450,false,-1.38
"HDC",135013,"/Date(1704178209000)/",32200,200,1481100,48104000000,-450,false,-1.38
"HDC",135013,"/Date(1704178209000)/",32200,100,1480900,48098000000,-450,false,-1.38
"HDC",135013,"/Date(1704178209000)/",32200,200,1480800,48094000000,-450,false,-1.38
"HDC",135013,"/Date(1704178209000)/",32200,500,1480600,48088000000,-450,false,-1.38
"HDC",135013,"/Date(1704178209000)/",32200,100,1480100,48072000000,-450,false,-1.38
"HDC",135013,"/Date(1704178209000)/",32200,1000,1480000,48069000000,-450,false,-1.38
"HDC",135013,"/Date(1704178209000)/",32200,1000,1479000,48036000000,-450,false,-1.38
"HDC",135013,"/Date(1704178209000)/",32200,200,1478000,48004000000,-450,false,-1.38
"HDC",135013,"/Date(1704178209000)/",32200,100,1477800,47998000000,-450,false,-1.38
"HDC",135013,"/Date(1704178209000)/",32200,100,1477700,47995000000,-450,false,-1.38
"HDC",135013,"/Date(1704178209000)/",32200,500,1477600,47991000000,-450,false,-1.38
"HDC",135013,"/Date(1704178209000)/",32200,2400,1477100,47975000000,-450,false,-1.38
"HDC",135013,"/Date(1704178209000)/",32200,100,1474700,47898000000,-450,false,-1.38
"HDC",135013,"/Date(1704178209000)/",32200,500,1474600,47895000000,-450,false,-1.38
"HDC",135013,"/Date(1704178209000)/",32200,100,1474100,47879000000,-450,false,-1.38
"HDC",135013,"/Date(1704178209000)/",32200,100,1474000,47875000000,-450,false,-1.38
"HDC",135013,"/Date(1704178209000)/",32200,9400,1473900,47872000000,-450,false,-1.38
"HDC",135006,"/Date(1704178203000)/",32200,600,1464500,47570000000,-450,true,-1.38
"HDC",135006,"/Date(1704178203000)/",32200,200,1463900,47550000000,-450,true,-1.38
"HDC",134941,"/Date(1704178177000)/",32200,200,1463700,47544000000,-450,true,-1.38
"HDC",134918,"/Date(1704178156000)/",32200,100,1463500,47537000000,-450,true,-1.38
"HDC",134824,"/Date(1704178103000)/",32250,500,1463400,47534000000,-400,false,-1.23
"HDC",134814,"/Date(1704178094000)/",32250,100,1462900,47518000000,-400,false,-1.23
"HDC",134808,"/Date(1704178087000)/",32200,400,1462800,47515000000,-450,true,-1.38
"HDC",134808,"/Date(1704178087000)/",32200,600,1462400,47502000000,-450,true,-1.38
"HDC",134755,"/Date(1704178073000)/",32250,300,1461800,47483000000,-400,false,-1.23
"HDC",134755,"/Date(1704178073000)/",32250,200,1461500,47473000000,-400,false,-1.23
"HDC",134755,"/Date(1704178073000)/",32250,300,1461300,47466000000,-400,false,-1.23
"HDC",134755,"/Date(1704178073000)/",32250,700,1461000,47457000000,-400,false,-1.23
"HDC",134755,"/Date(1704178073000)/",32250,100,1460300,47434000000,-400,false,-1.23
"HDC",134752,"/Date(1704178069000)/",32250,1000,1460200,47431000000,-400,false,-1.23
"HDC",134752,"/Date(1704178068000)/",32200,1200,1459200,47399000000,-450,true,-1.38
"HDC",134752,"/Date(1704178068000)/",32200,100,1458000,47360000000,-450,true,-1.38
"HDC",134752,"/Date(1704178068000)/",32200,500,1457900,47357000000,-450,true,-1.38
"HDC",134752,"/Date(1704178068000)/",32200,100,1457400,47341000000,-450,true,-1.38
"HDC",134752,"/Date(1704178068000)/",32200,500,1457300,47338000000,-450,true,-1.38
"HDC",134752,"/Date(1704178068000)/",32200,1000,1456800,47321000000,-450,true,-1.38
"HDC",134752,"/Date(1704178068000)/",32200,200,1455800,47289000000,-450,true,-1.38
"HDC",134752,"/Date(1704178068000)/",32200,1400,1455600,47283000000,-450,true,-1.38
"HDC",134749,"/Date(1704178067000)/",32250,100,1454200,47238000000,-400,false,-1.23
"HDC",134739,"/Date(1704178056000)/",32250,100,1454100,47234000000,-400,false,-1.23
"HDC",134736,"/Date(1704178053000)/",32250,1000,1454000,47231000000,-400,false,-1.23
"HDC",134717,"/Date(1704178034000)/",32200,5000,1453000,47199000000,-450,true,-1.38
"HDC",134658,"/Date(1704178015000)/",32200,1000,1448000,47038000000,-450,true,-1.38
"HDC",134626,"/Date(1704177982000)/",32200,500,1447000,47006000000,-450,false,-1.38
"HDC",134626,"/Date(1704177982000)/",32200,4000,1446500,46990000000,-450,false,-1.38
"HDC",134626,"/Date(1704177982000)/",32200,5100,1442500,46861000000,-450,false,-1.38
"HDC",134619,"/Date(1704177977000)/",32200,100,1437400,46697000000,-450,false,-1.38
"HDC",134616,"/Date(1704177976000)/",32200,200,1437300,46693000000,-450,false,-1.38
"HDC",134603,"/Date(1704177961000)/",32200,400,1437100,46687000000,-450,false,-1.38
"HDC",134600,"/Date(1704177958000)/",32200,300,1436700,46674000000,-450,false,-1.38
"HDC",134544,"/Date(1704177943000)/",32200,500,1436400,46664000000,-450,false,-1.38
"HDC",134531,"/Date(1704177929000)/",32200,500,1435900,46648000000,-450,false,-1.38
"HDC",134528,"/Date(1704177925000)/",32200,200,1435400,46632000000,-450,false,-1.38
"HDC",134528,"/Date(1704177925000)/",32200,1000,1435200,46626000000,-450,false,-1.38
"HDC",134522,"/Date(1704177921000)/",32200,500,1434200,46594000000,-450,false,-1.38
"HDC",134502,"/Date(1704177901000)/",32200,100,1433700,46578000000,-450,true,-1.38
"HDC",134502,"/Date(1704177899000)/",32200,200,1433600,46574000000,-450,true,-1.38
"HDC",134459,"/Date(1704177898000)/",32200,100,1433400,46568000000,-450,false,-1.38
"HDC",134459,"/Date(1704177898000)/",32200,800,1433300,46565000000,-450,false,-1.38
"HDC",134450,"/Date(1704177888000)/",32200,100,1432500,46539000000,-450,false,-1.38
"HDC",134446,"/Date(1704177883000)/",32200,300,1432400,46536000000,-450,false,-1.38
"HDC",134446,"/Date(1704177883000)/",32200,100,1432100,46526000000,-450,false,-1.38
"HDC",134440,"/Date(1704177879000)/",32150,1000,1432000,46523000000,-500,true,-1.53
"HDC",134424,"/Date(1704177863000)/",32200,200,1431000,46491000000,-450,false,-1.38
"HDC",134424,"/Date(1704177862000)/",32200,500,1430800,46484000000,-450,false,-1.38
"HDC",134424,"/Date(1704177862000)/",32200,100,1430300,46468000000,-450,false,-1.38
"HDC",134424,"/Date(1704177862000)/",32200,100,1430200,46465000000,-450,false,-1.38
"HDC",134424,"/Date(1704177862000)/",32200,200,1430100,46462000000,-450,false,-1.38
"HDC",134424,"/Date(1704177862000)/",32200,500,1429900,46455000000,-450,false,-1.38
"HDC",134424,"/Date(1704177862000)/",32200,1000,1429400,46439000000,-450,false,-1.38
"HDC",134424,"/Date(1704177862000)/",32200,3000,1428400,46407000000,-450,false,-1.38
"HDC",134424,"/Date(1704177862000)/",32200,500,1425400,46310000000,-450,false,-1.38
"HDC",134424,"/Date(1704177862000)/",32200,1000,1424900,46294000000,-450,false,-1.38
"HDC",134424,"/Date(1704177862000)/",32200,2000,1423900,46262000000,-450,false,-1.38
"HDC",134424,"/Date(1704177862000)/",32200,900,1421900,46198000000,-450,false,-1.38
"HDC",134424,"/Date(1704177862000)/",32200,100,1421000,46169000000,-450,false,-1.38
"HDC",134424,"/Date(1704177862000)/",32200,100,1420900,46165000000,-450,false,-1.38
"HDC",134424,"/Date(1704177862000)/",32200,200,1420800,46162000000,-450,false,-1.38
"HDC",134424,"/Date(1704177862000)/",32200,100,1420600,46156000000,-450,false,-1.38
"HDC",134424,"/Date(1704177862000)/",32200,3700,1420500,46153000000,-450,false,-1.38
"HDC",134424,"/Date(1704177862000)/",32200,100,1416800,46033000000,-450,false,-1.38
"HDC",134424,"/Date(1704177862000)/",32200,1000,1416700,46030000000,-450,false,-1.38
"HDC",134424,"/Date(1704177862000)/",32200,100,1415700,45998000000,-450,false,-1.38
"HDC",134424,"/Date(1704177862000)/",32200,200,1415600,45995000000,-450,false,-1.38
"HDC",134424,"/Date(1704177862000)/",32200,1000,1415400,45988000000,-450,false,-1.38
"HDC",134424,"/Date(1704177862000)/",32200,200,1414400,45956000000,-450,false,-1.38
"HDC",134424,"/Date(1704177862000)/",32200,500,1414200,45950000000,-450,false,-1.38
"HDC",134424,"/Date(1704177862000)/",32200,300,1413700,45934000000,-450,false,-1.38
"HDC",134424,"/Date(1704177862000)/",32200,100,1413400,45924000000,-450,false,-1.38
"HDC",134424,"/Date(1704177862000)/",32200,100,1413300,45921000000,-450,false,-1.38
"HDC",134424,"/Date(1704177862000)/",32200,500,1413200,45917000000,-450,false,-1.38
"HDC",134424,"/Date(1704177862000)/",32200,1000,1412700,45901000000,-450,false,-1.38
"HDC",134424,"/Date(1704177862000)/",32200,1000,1411700,45869000000,-450,false,-1.38
"HDC",134424,"/Date(1704177862000)/",32200,1000,1410700,45837000000,-450,false,-1.38
"HDC",134424,"/Date(1704177862000)/",32200,100,1409700,45805000000,-450,false,-1.38
"HDC",134424,"/Date(1704177862000)/",32200,100,1409600,45802000000,-450,false,-1.38
"HDC",134424,"/Date(1704177862000)/",32200,100,1409500,45798000000,-450,false,-1.38
"HDC",134424,"/Date(1704177862000)/",32200,500,1409400,45795000000,-450,false,-1.38
"HDC",134424,"/Date(1704177862000)/",32200,1000,1408900,45779000000,-450,false,-1.38
"HDC",134424,"/Date(1704177862000)/",32200,3400,1407900,45747000000,-450,false,-1.38
"HDC",134424,"/Date(1704177862000)/",32250,300,1404500,45637000000,-400,false,-1.23
"HDC",134424,"/Date(1704177862000)/",32250,200,1404200,45628000000,-400,false,-1.23
"HDC",134424,"/Date(1704177862000)/",32250,200,1404000,45621000000,-400,false,-1.23
"HDC",134424,"/Date(1704177862000)/",32250,200,1403800,45615000000,-400,false,-1.23
"HDC",134424,"/Date(1704177862000)/",32250,100,1403600,45608000000,-400,false,-1.23
"HDC",134424,"/Date(1704177862000)/",32250,100,1403500,45605000000,-400,false,-1.23
"HDC",134424,"/Date(1704177862000)/",32250,100,1403400,45602000000,-400,false,-1.23
"HDC",134424,"/Date(1704177862000)/",32250,2500,1403300,45599000000,-400,false,-1.23
"HDC",134424,"/Date(1704177862000)/",32250,100,1400800,45518000000,-400,false,-1.23
"HDC",134424,"/Date(1704177862000)/",32250,200,1400700,45515000000,-400,false,-1.23
"HDC",134424,"/Date(1704177862000)/",32250,300,1400500,45508000000,-400,false,-1.23
"HDC",134424,"/Date(1704177862000)/",32250,100,1400200,45499000000,-400,false,-1.23
"HDC",134424,"/Date(1704177862000)/",32250,500,1400100,45495000000,-400,false,-1.23
"HDC",134424,"/Date(1704177862000)/",32250,1000,1399600,45479000000,-400,false,-1.23
"HDC",134424,"/Date(1704177862000)/",32250,500,1398600,45447000000,-400,false,-1.23
"HDC",134424,"/Date(1704177862000)/",32250,200,1398100,45431000000,-400,false,-1.23
"HDC",134424,"/Date(1704177862000)/",32250,15000,1397900,45425000000,-400,false,-1.23
"HDC",134424,"/Date(1704177862000)/",32250,400,1382900,44941000000,-400,false,-1.23
"HDC",134424,"/Date(1704177862000)/",32250,100,1382500,44928000000,-400,false,-1.23
"HDC",134424,"/Date(1704177862000)/",32250,100,1382400,44925000000,-400,false,-1.23
"HDC",134424,"/Date(1704177862000)/",32250,100,1382300,44921000000,-400,false,-1.23
"HDC",134424,"/Date(1704177862000)/",32250,100,1382200,44918000000,-400,false,-1.23
"HDC",134424,"/Date(1704177862000)/",32250,200,1382100,44915000000,-400,false,-1.23
"HDC",134424,"/Date(1704177862000)/",32250,5000,1381900,44909000000,-400,false,-1.23
"HDC",134424,"/Date(1704177862000)/",32250,200,1376900,44747000000,-400,false,-1.23
"HDC",134424,"/Date(1704177862000)/",32250,100,1376700,44741000000,-400,false,-1.23
"HDC",134424,"/Date(1704177862000)/",32250,300,1376600,44738000000,-400,false,-1.23
"HDC",134424,"/Date(1704177862000)/",32250,1000,1376300,44728000000,-400,false,-1.23
"HDC",134424,"/Date(1704177862000)/",32250,3000,1375300,44696000000,-400,false,-1.23
"HDC",134424,"/Date(1704177862000)/",32250,800,1372300,44599000000,-400,false,-1.23
"HDC",134405,"/Date(1704177843000)/",32300,900,1371500,44573000000,-350,false,-1.07
"HDC",134402,"/Date(1704177840000)/",32300,1000,1370600,44544000000,-350,false,-1.07
"HDC",134358,"/Date(1704177838000)/",32250,2300,1369600,44512000000,-400,true,-1.23
"HDC",134355,"/Date(1704177834000)/",32300,1000,1367300,44438000000,-350,false,-1.07
"HDC",134339,"/Date(1704177818000)/",32300,100,1366300,44405000000,-350,false,-1.07
"HDC",134336,"/Date(1704177815000)/",32300,100,1366200,44402000000,-350,false,-1.07
"HDC",134320,"/Date(1704177799000)/",32300,200,1366100,44399000000,-350,false,-1.07
"HDC",134320,"/Date(1704177798000)/",32300,100,1365900,44392000000,-350,false,-1.07
"HDC",134310,"/Date(1704177787000)/",32300,300,1365800,44389000000,-350,true,-1.07
"HDC",134304,"/Date(1704177783000)/",32300,700,1365500,44379000000,-350,false,-1.07
"HDC",134245,"/Date(1704177763000)/",32300,1000,1364800,44357000000,-350,false,-1.07
"HDC",134245,"/Date(1704177763000)/",32300,500,1363800,44325000000,-350,false,-1.07
"HDC",134245,"/Date(1704177763000)/",32300,500,1363300,44308000000,-350,false,-1.07
"HDC",134245,"/Date(1704177763000)/",32300,900,1362800,44292000000,-350,false,-1.07
"HDC",134241,"/Date(1704177761000)/",32300,100,1361900,44263000000,-350,true,-1.07
"HDC",134241,"/Date(1704177761000)/",32300,200,1361800,44260000000,-350,true,-1.07
"HDC",134219,"/Date(1704177738000)/",32300,100,1361600,44253000000,-350,true,-1.07
"HDC",134219,"/Date(1704177738000)/",32300,100,1361500,44250000000,-350,true,-1.07
"HDC",134219,"/Date(1704177738000)/",32300,200,1361400,44247000000,-350,true,-1.07
"HDC",134219,"/Date(1704177738000)/",32300,100,1361200,44241000000,-350,true,-1.07
"HDC",134219,"/Date(1704177736000)/",32300,500,1361100,44237000000,-350,true,-1.07
"HDC",134203,"/Date(1704177719000)/",32300,500,1360600,44221000000,-350,true,-1.07
"HDC",134203,"/Date(1704177719000)/",32300,100,1360100,44205000000,-350,true,-1.07
"HDC",134203,"/Date(1704177719000)/",32300,400,1360000,44202000000,-350,true,-1.07
"HDC",134157,"/Date(1704177714000)/",32300,500,1359600,44189000000,-350,true,-1.07
"HDC",134157,"/Date(1704177713000)/",32300,900,1359100,44173000000,-350,true,-1.07
"HDC",134150,"/Date(1704177709000)/",32300,200,1358200,44144000000,-350,true,-1.07
"HDC",134150,"/Date(1704177709000)/",32300,2000,1358000,44137000000,-350,true,-1.07
"HDC",134147,"/Date(1704177706000)/",32300,800,1356000,44073000000,-350,true,-1.07
"HDC",134147,"/Date(1704177706000)/",32300,1000,1355200,44047000000,-350,true,-1.07
"HDC",134147,"/Date(1704177705000)/",32300,1000,1354200,44014000000,-350,true,-1.07
"HDC",134147,"/Date(1704177705000)/",32300,1000,1353200,43982000000,-350,true,-1.07
"HDC",134147,"/Date(1704177705000)/",32300,1000,1352200,43950000000,-350,true,-1.07
"HDC",134147,"/Date(1704177705000)/",32300,1000,1351200,43918000000,-350,true,-1.07
"HDC",134144,"/Date(1704177700000)/",32300,200,1350200,43885000000,-350,true,-1.07
"HDC",134144,"/Date(1704177700000)/",32300,100,1350000,43879000000,-350,true,-1.07
"HDC",134144,"/Date(1704177700000)/",32300,200,1349900,43876000000,-350,true,-1.07
"HDC",134144,"/Date(1704177700000)/",32300,100,1349700,43869000000,-350,true,-1.07
"HDC",134144,"/Date(1704177700000)/",32300,100,1349600,43866000000,-350,true,-1.07
"HDC",134144,"/Date(1704177700000)/",32300,500,1349500,43863000000,-350,true,-1.07
"HDC",134144,"/Date(1704177700000)/",32300,100,1349000,43846000000,-350,true,-1.07
"HDC",134144,"/Date(1704177700000)/",32300,1000,1348900,43843000000,-350,true,-1.07
"HDC",134144,"/Date(1704177700000)/",32300,200,1347900,43811000000,-350,true,-1.07
"HDC",134144,"/Date(1704177700000)/",32300,500,1347700,43804000000,-350,true,-1.07
"HDC",134144,"/Date(1704177700000)/",32300,1000,1347200,43788000000,-350,true,-1.07
"HDC",134144,"/Date(1704177700000)/",32300,300,1346200,43756000000,-350,true,-1.07
"HDC",134144,"/Date(1704177700000)/",32300,100,1345900,43746000000,-350,true,-1.07
"HDC",134144,"/Date(1704177700000)/",32300,100,1345800,43743000000,-350,true,-1.07
"HDC",134144,"/Date(1704177700000)/",32300,300,1345700,43740000000,-350,true,-1.07
"HDC",134144,"/Date(1704177700000)/",32300,200,1345400,43730000000,-350,true,-1.07
"HDC",134141,"/Date(1704177700000)/",32300,300,1345200,43724000000,-350,true,-1.07
"HDC",134141,"/Date(1704177700000)/",32300,200,1344900,43714000000,-350,true,-1.07
"HDC",134118,"/Date(1704177676000)/",32350,300,1344700,43708000000,-300,true,-0.92
"HDC",134118,"/Date(1704177676000)/",32350,1000,1344400,43698000000,-300,true,-0.92
"HDC",134118,"/Date(1704177676000)/",32350,500,1343400,43666000000,-300,true,-0.92
"HDC",134118,"/Date(1704177676000)/",32350,200,1342900,43649000000,-300,true,-0.92
"HDC",134118,"/Date(1704177676000)/",32350,1000,1342700,43643000000,-300,true,-0.92
"HDC",134118,"/Date(1704177676000)/",32350,200,1341700,43611000000,-300,true,-0.92
"HDC",134118,"/Date(1704177676000)/",32350,500,1341500,43604000000,-300,true,-0.92
"HDC",134118,"/Date(1704177676000)/",32350,5000,1341000,43588000000,-300,true,-0.92
"HDC",134118,"/Date(1704177676000)/",32350,100,1336000,43426000000,-300,true,-0.92
"HDC",134118,"/Date(1704177676000)/",32350,100,1335900,43423000000,-300,true,-0.92
"HDC",134118,"/Date(1704177676000)/",32350,1000,1335800,43420000000,-300,true,-0.92
"HDC",134118,"/Date(1704177676000)/",32350,13900,1334800,43387000000,-300,true,-0.92
"HDC",134043,"/Date(1704177641000)/",32350,200,1320900,42938000000,-300,true,-0.92
"HDC",134005,"/Date(1704177603000)/",32350,500,1320700,42931000000,-300,true,-0.92
"HDC",133926,"/Date(1704177560000)/",32350,1600,1320200,42915000000,-300,true,-0.92
"HDC",133914,"/Date(1704177551000)/",32350,7000,1318600,42863000000,-300,true,-0.92
"HDC",133904,"/Date(1704177543000)/",32350,500,1311600,42637000000,-300,true,-0.92
"HDC",133901,"/Date(1704177540000)/",32400,1000,1311100,42621000000,-250,false,-0.77
"HDC",133842,"/Date(1704177520000)/",32350,500,1310100,42588000000,-300,true,-0.92
"HDC",133826,"/Date(1704177504000)/",32350,500,1309600,42572000000,-300,true,-0.92
"HDC",133813,"/Date(1704177491000)/",32400,300,1309100,42556000000,-250,false,-0.77
"HDC",133800,"/Date(1704177479000)/",32400,800,1308800,42546000000,-250,false,-0.77
"HDC",133800,"/Date(1704177479000)/",32400,200,1308000,42520000000,-250,false,-0.77
"HDC",133608,"/Date(1704177367000)/",32400,100,1307800,42514000000,-250,false,-0.77
"HDC",133348,"/Date(1704177225000)/",32350,2500,1307700,42511000000,-300,false,-0.92
"HDC",133338,"/Date(1704177215000)/",32350,100,1305200,42430000000,-300,false,-0.92
"HDC",133319,"/Date(1704177197000)/",32350,200,1305100,42426000000,-300,false,-0.92
"HDC",133244,"/Date(1704177161000)/",32350,3400,1304900,42420000000,-300,false,-0.92
"HDC",133231,"/Date(1704177148000)/",32300,300,1301500,42310000000,-350,true,-1.07
"HDC",133231,"/Date(1704177148000)/",32300,200,1301200,42300000000,-350,true,-1.07
"HDC",133231,"/Date(1704177148000)/",32300,500,1301000,42294000000,-350,true,-1.07
"HDC",133225,"/Date(1704177142000)/",32350,100,1300500,42278000000,-300,false,-0.92
"HDC",133212,"/Date(1704177130000)/",32350,3700,1300400,42274000000,-300,true,-0.92
"HDC",133137,"/Date(1704177094000)/",32350,400,1296700,42155000000,-300,true,-0.92
"HDC",133118,"/Date(1704177075000)/",32350,500,1296300,42142000000,-300,true,-0.92
"HDC",133058,"/Date(1704177055000)/",32350,400,1295800,42126000000,-300,true,-0.92
"HDC",133058,"/Date(1704177055000)/",32350,100,1295400,42113000000,-300,true,-0.92
"HDC",133058,"/Date(1704177055000)/",32350,100,1295300,42109000000,-300,true,-0.92
"HDC",133058,"/Date(1704177055000)/",32350,400,1295200,42106000000,-300,true,-0.92
"HDC",132847,"/Date(1704176925000)/",32350,500,1294800,42093000000,-300,true,-0.92
"HDC",132819,"/Date(1704176897000)/",32350,1000,1294300,42077000000,-300,true,-0.92
"HDC",132800,"/Date(1704176876000)/",32350,200,1293300,42045000000,-300,true,-0.92
"HDC",132753,"/Date(1704176869000)/",32350,1900,1293100,42038000000,-300,true,-0.92
"HDC",132753,"/Date(1704176869000)/",32350,900,1291200,41977000000,-300,true,-0.92
"HDC",132712,"/Date(1704176829000)/",32350,500,1290300,41948000000,-300,true,-0.92
"HDC",132604,"/Date(1704176763000)/",32300,100,1289800,41931000000,-350,true,-1.07
"HDC",132604,"/Date(1704176763000)/",32300,400,1289700,41928000000,-350,true,-1.07
"HDC",132604,"/Date(1704176763000)/",32350,100,1289300,41915000000,-300,true,-0.92
"HDC",132604,"/Date(1704176763000)/",32350,200,1289200,41912000000,-300,true,-0.92
"HDC",132604,"/Date(1704176763000)/",32350,600,1289000,41906000000,-300,true,-0.92
"HDC",132545,"/Date(1704176744000)/",32350,100,1288400,41886000000,-300,true,-0.92
"HDC",132539,"/Date(1704176736000)/",32350,500,1288300,41883000000,-300,true,-0.92
"HDC",132539,"/Date(1704176736000)/",32350,500,1287800,41867000000,-300,true,-0.92
"HDC",132517,"/Date(1704176713000)/",32350,300,1287300,41851000000,-300,true,-0.92
"HDC",132510,"/Date(1704176708000)/",32400,100,1287000,41841000000,-250,false,-0.77
"HDC",132435,"/Date(1704176674000)/",32400,500,1286900,41838000000,-250,false,-0.77
"HDC",132357,"/Date(1704176635000)/",32350,4000,1286400,41822000000,-300,false,-0.92
"HDC",132357,"/Date(1704176634000)/",32350,200,1282400,41692000000,-300,false,-0.92
"HDC",132357,"/Date(1704176634000)/",32350,100,1282200,41686000000,-300,false,-0.92
"HDC",132357,"/Date(1704176634000)/",32350,600,1282100,41682000000,-300,false,-0.92
"HDC",132357,"/Date(1704176634000)/",32350,300,1281500,41663000000,-300,false,-0.92
"HDC",132253,"/Date(1704176569000)/",32350,300,1281200,41653000000,-300,false,-0.92
"HDC",132253,"/Date(1704176569000)/",32350,1000,1280900,41644000000,-300,false,-0.92
"HDC",132253,"/Date(1704176569000)/",32350,400,1279900,41611000000,-300,false,-0.92
"HDC",132240,"/Date(1704176557000)/",32350,100,1279500,41598000000,-300,true,-0.92
"HDC",132240,"/Date(1704176557000)/",32350,200,1279400,41595000000,-300,true,-0.92
"HDC",132240,"/Date(1704176557000)/",32350,200,1279200,41589000000,-300,true,-0.92
"HDC",132240,"/Date(1704176557000)/",32350,100,1279000,41582000000,-300,true,-0.92
"HDC",132234,"/Date(1704176550000)/",32350,300,1278900,41579000000,-300,true,-0.92
"HDC",132202,"/Date(1704176520000)/",32350,100,1278600,41569000000,-300,true,-0.92
"HDC",132202,"/Date(1704176520000)/",32350,100,1278500,41566000000,-300,true,-0.92
"HDC",132202,"/Date(1704176520000)/",32350,100,1278400,41563000000,-300,true,-0.92
"HDC",132202,"/Date(1704176520000)/",32350,700,1278300,41559000000,-300,true,-0.92
"HDC",132202,"/Date(1704176520000)/",32350,600,1277600,41537000000,-300,true,-0.92
"HDC",132202,"/Date(1704176520000)/",32350,200,1277000,41517000000,-300,true,-0.92
"HDC",132202,"/Date(1704176520000)/",32350,200,1276800,41511000000,-300,true,-0.92
"HDC",132130,"/Date(1704176488000)/",32400,2200,1276600,41504000000,-250,false,-0.77
"HDC",132130,"/Date(1704176488000)/",32400,700,1274400,41433000000,-250,false,-0.77
"HDC",132130,"/Date(1704176488000)/",32400,5000,1273700,41411000000,-250,false,-0.77
"HDC",132130,"/Date(1704176488000)/",32400,100,1268700,41249000000,-250,false,-0.77
"HDC",132126,"/Date(1704176483000)/",32350,300,1268600,41245000000,-300,true,-0.92
"HDC",132126,"/Date(1704176483000)/",32350,100,1268300,41236000000,-300,true,-0.92
"HDC",132126,"/Date(1704176483000)/",32350,300,1268200,41232000000,-300,true,-0.92
"HDC",132126,"/Date(1704176483000)/",32350,1300,1267900,41223000000,-300,true,-0.92
"HDC",132117,"/Date(1704176474000)/",32350,4600,1266600,41181000000,-300,true,-0.92
"HDC",132117,"/Date(1704176474000)/",32350,3400,1262000,41032000000,-300,true,-0.92
"HDC",132104,"/Date(1704176462000)/",32350,1100,1258600,40922000000,-300,true,-0.92
"HDC",132058,"/Date(1704176456000)/",32350,1600,1257500,40886000000,-300,true,-0.92
"HDC",132051,"/Date(1704176449000)/",32350,1000,1255900,40834000000,-300,true,-0.92
"HDC",132048,"/Date(1704176445000)/",32350,1000,1254900,40802000000,-300,true,-0.92
"HDC",132042,"/Date(1704176440000)/",32350,500,1253900,40770000000,-300,true,-0.92
"HDC",132038,"/Date(1704176437000)/",32350,600,1253400,40754000000,-300,true,-0.92
"HDC",132022,"/Date(1704176419000)/",32350,500,1252800,40734000000,-300,true,-0.92
"HDC",131954,"/Date(1704176392000)/",32350,100,1252300,40718000000,-300,true,-0.92
"HDC",131928,"/Date(1704176367000)/",32400,400,1252200,40715000000,-250,false,-0.77
"HDC",131928,"/Date(1704176367000)/",32400,100,1251800,40702000000,-250,false,-0.77
"HDC",131906,"/Date(1704176342000)/",32400,200,1251700,40699000000,-250,false,-0.77
"HDC",131802,"/Date(1704176278000)/",32400,100,1251500,40692000000,-250,false,-0.77
"HDC",131749,"/Date(1704176268000)/",32400,1000,1251400,40689000000,-250,false,-0.77
"HDC",131749,"/Date(1704176265000)/",32400,300,1250400,40656000000,-250,false,-0.77
"HDC",131723,"/Date(1704176242000)/",32400,500,1250100,40647000000,-250,false,-0.77
"HDC",131720,"/Date(1704176238000)/",32400,1200,1249600,40630000000,-250,false,-0.77
"HDC",131720,"/Date(1704176238000)/",32400,800,1248400,40592000000,-250,false,-0.77
"HDC",131717,"/Date(1704176235000)/",32400,100,1247600,40566000000,-250,false,-0.77
"HDC",131717,"/Date(1704176234000)/",32400,2100,1247500,40562000000,-250,false,-0.77
"HDC",131701,"/Date(1704176218000)/",32400,800,1245400,40494000000,-250,false,-0.77
"HDC",131701,"/Date(1704176218000)/",32400,200,1244600,40468000000,-250,false,-0.77
"HDC",131658,"/Date(1704176216000)/",32400,200,1244400,40462000000,-250,false,-0.77
"HDC",131658,"/Date(1704176214000)/",32400,100,1244200,40456000000,-250,false,-0.77
"HDC",131658,"/Date(1704176214000)/",32400,200,1244100,40452000000,-250,false,-0.77
"HDC",131648,"/Date(1704176205000)/",32400,1600,1243900,40446000000,-250,false,-0.77
"HDC",131648,"/Date(1704176205000)/",32400,400,1242300,40394000000,-250,false,-0.77
"HDC",131642,"/Date(1704176199000)/",32400,100,1241900,40381000000,-250,false,-0.77
"HDC",131635,"/Date(1704176194000)/",32400,200,1241800,40378000000,-250,false,-0.77
"HDC",131635,"/Date(1704176193000)/",32400,500,1241600,40371000000,-250,false,-0.77
"HDC",131626,"/Date(1704176182000)/",32400,300,1241100,40355000000,-250,false,-0.77
"HDC",131626,"/Date(1704176182000)/",32400,100,1240800,40345000000,-250,false,-0.77
"HDC",131626,"/Date(1704176182000)/",32400,300,1240700,40342000000,-250,false,-0.77
"HDC",131626,"/Date(1704176182000)/",32400,300,1240400,40332000000,-250,false,-0.77
"HDC",131613,"/Date(1704176171000)/",32400,200,1240100,40323000000,-250,false,-0.77
"HDC",131610,"/Date(1704176166000)/",32400,600,1239900,40316000000,-250,false,-0.77
"HDC",131603,"/Date(1704176158000)/",32400,400,1239300,40297000000,-250,false,-0.77
"HDC",131538,"/Date(1704176134000)/",32400,200,1238900,40284000000,-250,false,-0.77
"HDC",131538,"/Date(1704176134000)/",32400,700,1238700,40277000000,-250,false,-0.77
"HDC",131538,"/Date(1704176134000)/",32400,100,1238000,40255000000,-250,false,-0.77
"HDC",131336,"/Date(1704176015000)/",32350,100,1237900,40251000000,-300,true,-0.92
"HDC",131317,"/Date(1704175996000)/",32350,100,1237800,40248000000,-300,true,-0.92
"HDC",131317,"/Date(1704175996000)/",32350,900,1237700,40245000000,-300,true,-0.92
"HDC",131238,"/Date(1704175955000)/",32350,100,1236800,40216000000,-300,false,-0.92
"HDC",131238,"/Date(1704175955000)/",32350,1000,1236700,40213000000,-300,false,-0.92
"HDC",131229,"/Date(1704175948000)/",32350,300,1235700,40180000000,-300,false,-0.92
"HDC",131229,"/Date(1704175948000)/",32350,500,1235400,40171000000,-300,false,-0.92
"HDC",131213,"/Date(1704175930000)/",32300,500,1234900,40154000000,-350,true,-1.07
"HDC",131207,"/Date(1704175924000)/",32300,100,1234400,40138000000,-350,true,-1.07
"HDC",131207,"/Date(1704175924000)/",32300,200,1234300,40135000000,-350,true,-1.07
"HDC",131115,"/Date(1704175872000)/",32300,500,1234100,40129000000,-350,false,-1.07
"HDC",131115,"/Date(1704175872000)/",32300,1000,1233600,40112000000,-350,false,-1.07
"HDC",131115,"/Date(1704175872000)/",32300,300,1232600,40080000000,-350,false,-1.07
"HDC",131103,"/Date(1704175861000)/",32300,1000,1232300,40070000000,-350,false,-1.07
"HDC",131103,"/Date(1704175861000)/",32300,700,1231300,40038000000,-350,false,-1.07
"HDC",131103,"/Date(1704175861000)/",32300,1300,1230600,40015000000,-350,false,-1.07
"HDC",131056,"/Date(1704175854000)/",32300,1000,1229300,39973000000,-350,false,-1.07
"HDC",131040,"/Date(1704175840000)/",32300,1700,1228300,39941000000,-350,false,-1.07
"HDC",131040,"/Date(1704175840000)/",32300,300,1226600,39886000000,-350,false,-1.07
"HDC",131037,"/Date(1704175836000)/",32300,100,1226300,39877000000,-350,false,-1.07
"HDC",131018,"/Date(1704175816000)/",32300,200,1226200,39873000000,-350,false,-1.07
"HDC",131015,"/Date(1704175813000)/",32300,200,1226000,39867000000,-350,false,-1.07
"HDC",131002,"/Date(1704175801000)/",32300,1000,1225800,39860000000,-350,false,-1.07
"HDC",130936,"/Date(1704175774000)/",32300,500,1224800,39828000000,-350,false,-1.07
"HDC",130936,"/Date(1704175774000)/",32300,2000,1224300,39812000000,-350,false,-1.07
"HDC",130936,"/Date(1704175774000)/",32300,1000,1222300,39747000000,-350,false,-1.07
"HDC",130936,"/Date(1704175774000)/",32300,300,1221300,39715000000,-350,false,-1.07
"HDC",130911,"/Date(1704175749000)/",32300,100,1221000,39705000000,-350,true,-1.07
"HDC",130852,"/Date(1704175728000)/",32300,600,1220900,39702000000,-350,true,-1.07
"HDC",130842,"/Date(1704175719000)/",32300,300,1220300,39683000000,-350,true,-1.07
"HDC",130842,"/Date(1704175719000)/",32300,200,1220000,39673000000,-350,true,-1.07
"HDC",130842,"/Date(1704175719000)/",32300,4000,1219800,39667000000,-350,true,-1.07
"HDC",130842,"/Date(1704175719000)/",32300,1000,1215800,39537000000,-350,true,-1.07
"HDC",130829,"/Date(1704175707000)/",32300,600,1214800,39505000000,-350,true,-1.07
"HDC",130813,"/Date(1704175690000)/",32300,400,1214200,39486000000,-350,true,-1.07
"HDC",130813,"/Date(1704175690000)/",32300,600,1213800,39473000000,-350,true,-1.07
"HDC",130751,"/Date(1704175668000)/",32350,100,1213200,39453000000,-300,false,-0.92
"HDC",130751,"/Date(1704175668000)/",32350,100,1213100,39450000000,-300,false,-0.92
"HDC",130751,"/Date(1704175668000)/",32350,1400,1213000,39447000000,-300,false,-0.92
"HDC",130751,"/Date(1704175668000)/",32350,600,1211600,39402000000,-300,false,-0.92
"HDC",130735,"/Date(1704175654000)/",32350,1400,1211000,39382000000,-300,true,-0.92
"HDC",130735,"/Date(1704175654000)/",32350,500,1209600,39337000000,-300,true,-0.92
"HDC",130735,"/Date(1704175654000)/",32350,100,1209100,39321000000,-300,true,-0.92
"HDC",130735,"/Date(1704175654000)/",32350,300,1209000,39318000000,-300,true,-0.92
"HDC",130622,"/Date(1704175581000)/",32350,200,1208700,39308000000,-300,true,-0.92
"HDC",130612,"/Date(1704175570000)/",32350,100,1208500,39301000000,-300,true,-0.92
"HDC",130527,"/Date(1704175524000)/",32400,300,1208400,39298000000,-250,false,-0.77
"HDC",130449,"/Date(1704175488000)/",32400,100,1208100,39288000000,-250,false,-0.77
"HDC",130423,"/Date(1704175461000)/",32350,1000,1208000,39285000000,-300,false,-0.92
"HDC",130420,"/Date(1704175457000)/",32300,500,1207000,39253000000,-350,true,-1.07
"HDC",130414,"/Date(1704175453000)/",32350,100,1206500,39237000000,-300,false,-0.92
"HDC",130411,"/Date(1704175447000)/",32350,100,1206400,39233000000,-300,false,-0.92
"HDC",130326,"/Date(1704175405000)/",32350,100,1206300,39230000000,-300,false,-0.92
"HDC",130254,"/Date(1704175370000)/",32300,300,1206200,39227000000,-350,false,-1.07
"HDC",130238,"/Date(1704175357000)/",32300,100,1205900,39217000000,-350,true,-1.07
"HDC",130238,"/Date(1704175357000)/",32300,2000,1205800,39214000000,-350,true,-1.07
"HDC",130109,"/Date(1704175268000)/",32300,2000,1203800,39149000000,-350,true,-1.07
"HDC",130056,"/Date(1704175230000)/",32300,1000,1201800,39085000000,-350,true,-1.07
"HDC",130056,"/Date(1704175230000)/",32350,800,1200800,39053000000,-300,true,-0.92
"HDC",130056,"/Date(1704175226000)/",32400,300,1200000,39027000000,-250,false,-0.77
"HDC",130053,"/Date(1704175222000)/",32350,500,1199700,39017000000,-300,false,-0.92
"HDC",130053,"/Date(1704175222000)/",32350,1000,1199200,39001000000,-300,false,-0.92
"HDC",130053,"/Date(1704175222000)/",32350,1300,1198200,38968000000,-300,false,-0.92
"HDC",130053,"/Date(1704175222000)/",32350,1200,1196900,38926000000,-300,false,-0.92
"HDC",130053,"/Date(1704175222000)/",32300,200,1195700,38888000000,-350,false,-1.07
"HDC",130049,"/Date(1704175214000)/",32300,100,1195500,38881000000,-350,true,-1.07
"HDC",130049,"/Date(1704175213000)/",32250,1900,1195400,38878000000,-400,true,-1.23
"HDC",130049,"/Date(1704175213000)/",32250,100,1193500,38817000000,-400,true,-1.23
"HDC",130049,"/Date(1704175213000)/",32300,200,1193400,38813000000,-350,true,-1.07
"HDC",130049,"/Date(1704175213000)/",32300,200,1193200,38807000000,-350,true,-1.07
"HDC",130049,"/Date(1704175213000)/",32300,100,1193000,38800000000,-350,true,-1.07
"HDC",130049,"/Date(1704175213000)/",32300,500,1192900,38797000000,-350,true,-1.07
"HDC",130049,"/Date(1704175213000)/",32300,300,1192400,38781000000,-350,true,-1.07
"HDC",130049,"/Date(1704175213000)/",32300,200,1192100,38771000000,-350,true,-1.07
"HDC",130049,"/Date(1704175213000)/",32300,300,1191900,38765000000,-350,true,-1.07
"HDC",130049,"/Date(1704175213000)/",32300,900,1191600,38755000000,-350,true,-1.07
"HDC",130046,"/Date(1704175212000)/",32350,100,1190700,38726000000,-300,false,-0.92
"HDC",130046,"/Date(1704175208000)/",32300,1000,1190600,38723000000,-350,true,-1.07
"HDC",130043,"/Date(1704175207000)/",32300,8100,1189600,38691000000,-350,true,-1.07
"HDC",130043,"/Date(1704175207000)/",32300,100,1181500,38429000000,-350,true,-1.07
"HDC",130043,"/Date(1704175207000)/",32300,300,1181400,38426000000,-350,true,-1.07
"HDC",130043,"/Date(1704175207000)/",32300,1000,1181100,38416000000,-350,true,-1.07
"HDC",130043,"/Date(1704175207000)/",32300,500,1180100,38384000000,-350,true,-1.07
"HDC",130043,"/Date(1704175206000)/",32350,700,1179600,38368000000,-300,true,-0.92
"HDC",130043,"/Date(1704175206000)/",32350,300,1178900,38345000000,-300,true,-0.92
"HDC",130040,"/Date(1704175204000)/",32350,1000,1178600,38335000000,-300,true,-0.92
"HDC",130040,"/Date(1704175204000)/",32350,800,1177600,38303000000,-300,true,-0.92
"HDC",130040,"/Date(1704175203000)/",32350,200,1176800,38277000000,-300,true,-0.92
"HDC",130040,"/Date(1704175203000)/",32350,500,1176600,38271000000,-300,true,-0.92
"HDC",130040,"/Date(1704175203000)/",32350,100,1176100,38254000000,-300,true,-0.92
"HDC",130040,"/Date(1704175203000)/",32350,3100,1176000,38251000000,-300,true,-0.92
"HDC",130030,"/Date(1704175200000)/",32350,100,1172900,38151000000,-300,true,-0.92
"HDC",130030,"/Date(1704175200000)/",32350,100,1172800,38148000000,-300,true,-0.92
"HDC",130030,"/Date(1704175200000)/",32450,200,1172700,38144000000,-200,false,-0.61
"HDC",112957,"/Date(1704169795000)/",32400,2900,1172500,38138000000,-250,false,-0.77
"HDC",112951,"/Date(1704169787000)/",32400,100,1169600,38044000000,-250,false,-0.77
"HDC",112951,"/Date(1704169787000)/",32400,300,1169500,38041000000,-250,false,-0.77
"HDC",112951,"/Date(1704169787000)/",32400,100,1169200,38031000000,-250,false,-0.77
"HDC",112947,"/Date(1704169786000)/",32400,500,1169100,38028000000,-250,false,-0.77
"HDC",112928,"/Date(1704169765000)/",32400,600,1168600,38012000000,-250,false,-0.77
"HDC",112906,"/Date(1704169746000)/",32400,100,1168000,37992000000,-250,false,-0.77
"HDC",112903,"/Date(1704169741000)/",32400,500,1167900,37989000000,-250,false,-0.77
"HDC",112844,"/Date(1704169723000)/",32400,500,1167400,37973000000,-250,false,-0.77
"HDC",112828,"/Date(1704169707000)/",32400,100,1166900,37957000000,-250,false,-0.77
"HDC",112746,"/Date(1704169663000)/",32400,100,1166800,37953000000,-250,false,-0.77
"HDC",112743,"/Date(1704169659000)/",32400,300,1166700,37950000000,-250,false,-0.77
"HDC",112733,"/Date(1704169652000)/",32400,1000,1166400,37940000000,-250,false,-0.77
"HDC",112733,"/Date(1704169652000)/",32400,600,1165400,37908000000,-250,false,-0.77
"HDC",112724,"/Date(1704169641000)/",32450,200,1164800,37888000000,-200,false,-0.61
"HDC",112649,"/Date(1704169608000)/",32400,400,1164600,37882000000,-250,false,-0.77
"HDC",112633,"/Date(1704169592000)/",32400,3600,1164200,37869000000,-250,false,-0.77
"HDC",112633,"/Date(1704169592000)/",32400,100,1160600,37752000000,-250,false,-0.77
"HDC",112633,"/Date(1704169592000)/",32400,1300,1160500,37749000000,-250,false,-0.77
"HDC",112620,"/Date(1704169578000)/",32350,3000,1159200,37707000000,-300,true,-0.92
"HDC",112610,"/Date(1704169569000)/",32350,1900,1156200,37610000000,-300,false,-0.92
"HDC",112610,"/Date(1704169567000)/",32350,200,1154300,37549000000,-300,false,-0.92
"HDC",112607,"/Date(1704169565000)/",32350,2000,1154100,37542000000,-300,false,-0.92
"HDC",112604,"/Date(1704169563000)/",32350,200,1152100,37477000000,-300,false,-0.92
"HDC",112601,"/Date(1704169559000)/",32350,1200,1151900,37471000000,-300,false,-0.92
"HDC",112558,"/Date(1704169555000)/",32350,100,1150700,37432000000,-300,false,-0.92
"HDC",112548,"/Date(1704169546000)/",32350,500,1150600,37429000000,-300,false,-0.92
"HDC",112425,"/Date(1704169464000)/",32300,1000,1150100,37413000000,-350,false,-1.07
"HDC",112403,"/Date(1704169442000)/",32300,500,1149100,37380000000,-350,false,-1.07
"HDC",112356,"/Date(1704169436000)/",32250,100,1148600,37364000000,-400,true,-1.23
"HDC",112353,"/Date(1704169431000)/",32300,1000,1148500,37361000000,-350,false,-1.07
"HDC",112344,"/Date(1704169421000)/",32300,500,1147500,37329000000,-350,true,-1.07
"HDC",112315,"/Date(1704169393000)/",32250,300,1147000,37313000000,-400,true,-1.23
"HDC",112315,"/Date(1704169393000)/",32300,2000,1146700,37303000000,-350,true,-1.07
"HDC",112315,"/Date(1704169393000)/",32300,700,1144700,37238000000,-350,true,-1.07
"HDC",112309,"/Date(1704169388000)/",32300,600,1144000,37216000000,-350,false,-1.07
"HDC",112309,"/Date(1704169388000)/",32300,3000,1143400,37196000000,-350,false,-1.07
"HDC",112309,"/Date(1704169388000)/",32300,1000,1140400,37099000000,-350,false,-1.07
"HDC",112309,"/Date(1704169388000)/",32300,3500,1139400,37067000000,-350,false,-1.07
"HDC",112309,"/Date(1704169388000)/",32300,1200,1135900,36954000000,-350,false,-1.07
"HDC",112305,"/Date(1704169381000)/",32300,100,1134700,36915000000,-350,false,-1.07
"HDC",112256,"/Date(1704169375000)/",32300,1000,1134600,36912000000,-350,false,-1.07
"HDC",112256,"/Date(1704169373000)/",32300,200,1133600,36880000000,-350,false,-1.07
"HDC",112256,"/Date(1704169373000)/",32300,100,1133400,36873000000,-350,false,-1.07
"HDC",112246,"/Date(1704169364000)/",32300,200,1133300,36870000000,-350,false,-1.07
"HDC",112246,"/Date(1704169364000)/",32300,1000,1133100,36864000000,-350,false,-1.07
"HDC",112243,"/Date(1704169362000)/",32300,600,1132100,36831000000,-350,false,-1.07
"HDC",112240,"/Date(1704169357000)/",32300,200,1131500,36812000000,-350,false,-1.07
"HDC",112230,"/Date(1704169347000)/",32300,1200,1131300,36805000000,-350,false,-1.07
"HDC",112201,"/Date(1704169320000)/",32300,1600,1130100,36767000000,-350,false,-1.07
"HDC",112201,"/Date(1704169320000)/",32250,400,1128500,36715000000,-400,false,-1.23
"HDC",112201,"/Date(1704169319000)/",32250,800,1128100,36702000000,-400,false,-1.23
"HDC",112155,"/Date(1704169312000)/",32250,2000,1127300,36676000000,-400,true,-1.23
"HDC",112155,"/Date(1704169312000)/",32250,500,1125300,36612000000,-400,true,-1.23
"HDC",112155,"/Date(1704169312000)/",32250,200,1124800,36596000000,-400,true,-1.23
"HDC",112155,"/Date(1704169312000)/",32250,100,1124600,36589000000,-400,true,-1.23
"HDC",112145,"/Date(1704169302000)/",32250,900,1124500,36586000000,-400,true,-1.23
"HDC",112145,"/Date(1704169302000)/",32250,100,1123600,36557000000,-400,true,-1.23
"HDC",112142,"/Date(1704169297000)/",32300,500,1123500,36554000000,-350,false,-1.07
"HDC",112142,"/Date(1704169297000)/",32250,1000,1123000,36538000000,-400,true,-1.23
"HDC",111957,"/Date(1704169195000)/",32300,2700,1122000,36505000000,-350,false,-1.07
"HDC",111957,"/Date(1704169195000)/",32300,300,1119300,36418000000,-350,false,-1.07
"HDC",111931,"/Date(1704169169000)/",32200,1600,1119000,36408000000,-450,true,-1.38
"HDC",111931,"/Date(1704169169000)/",32200,5000,1117400,36357000000,-450,true,-1.38
"HDC",111931,"/Date(1704169169000)/",32200,100,1112400,36196000000,-450,true,-1.38
"HDC",111931,"/Date(1704169169000)/",32250,1100,1112300,36193000000,-400,true,-1.23
"HDC",111931,"/Date(1704169169000)/",32250,100,1111200,36157000000,-400,true,-1.23
"HDC",111931,"/Date(1704169169000)/",32250,500,1111100,36154000000,-400,true,-1.23
"HDC",111931,"/Date(1704169169000)/",32250,900,1110600,36138000000,-400,true,-1.23
"HDC",111931,"/Date(1704169169000)/",32250,700,1109700,36109000000,-400,true,-1.23
"HDC",111906,"/Date(1704169142000)/",32250,1800,1109000,36086000000,-400,true,-1.23
"HDC",111859,"/Date(1704169139000)/",32250,100,1107200,36028000000,-400,false,-1.23
"HDC",111853,"/Date(1704169131000)/",32250,100,1107100,36025000000,-400,false,-1.23
"HDC",111843,"/Date(1704169123000)/",32250,1000,1107000,36022000000,-400,false,-1.23
"HDC",111843,"/Date(1704169121000)/",32250,500,1106000,35990000000,-400,false,-1.23
"HDC",111834,"/Date(1704169112000)/",32250,500,1105500,35973000000,-400,false,-1.23
"HDC",111834,"/Date(1704169110000)/",32250,500,1105000,35957000000,-400,false,-1.23
"HDC",111818,"/Date(1704169095000)/",32250,500,1104500,35941000000,-400,false,-1.23
"HDC",111802,"/Date(1704169079000)/",32300,1000,1104000,35925000000,-350,false,-1.07
"HDC",111802,"/Date(1704169079000)/",32300,100,1103000,35893000000,-350,false,-1.07
"HDC",111802,"/Date(1704169079000)/",32300,1000,1102900,35889000000,-350,false,-1.07
"HDC",111802,"/Date(1704169079000)/",32250,800,1101900,35857000000,-400,false,-1.23
"HDC",111802,"/Date(1704169079000)/",32200,100,1101100,35831000000,-450,false,-1.38
"HDC",111802,"/Date(1704169079000)/",32200,700,1101000,35828000000,-450,false,-1.38
"HDC",111802,"/Date(1704169079000)/",32200,1000,1100300,35806000000,-450,false,-1.38
"HDC",111802,"/Date(1704169079000)/",32200,5300,1099300,35773000000,-450,false,-1.38
"HDC",111759,"/Date(1704169077000)/",32200,100,1094000,35603000000,-450,false,-1.38
"HDC",111752,"/Date(1704169070000)/",32200,200,1093900,35600000000,-450,false,-1.38
"HDC",111749,"/Date(1704169067000)/",32200,300,1093700,35593000000,-450,false,-1.38
"HDC",111746,"/Date(1704169065000)/",32200,200,1093400,35583000000,-450,false,-1.38
"HDC",111746,"/Date(1704169062000)/",32200,100,1093200,35577000000,-450,false,-1.38
"HDC",111736,"/Date(1704169055000)/",32200,1000,1093100,35574000000,-450,false,-1.38
"HDC",111730,"/Date(1704169046000)/",32200,600,1092100,35542000000,-450,false,-1.38
"HDC",111727,"/Date(1704169045000)/",32200,100,1091500,35522000000,-450,false,-1.38
"HDC",111717,"/Date(1704169033000)/",32200,100,1091400,35519000000,-450,false,-1.38
"HDC",111655,"/Date(1704169014000)/",32150,1000,1091300,35516000000,-500,true,-1.53
"HDC",111655,"/Date(1704169013000)/",32150,100,1090300,35484000000,-500,true,-1.53
"HDC",111648,"/Date(1704169006000)/",32150,400,1090200,35480000000,-500,true,-1.53
"HDC",111645,"/Date(1704169004000)/",32150,1500,1089800,35468000000,-500,true,-1.53
"HDC",111645,"/Date(1704169003000)/",32200,1000,1088300,35419000000,-450,false,-1.38
"HDC",111642,"/Date(1704169000000)/",32200,500,1087300,35387000000,-450,false,-1.38
"HDC",111629,"/Date(1704168986000)/",32150,300,1086800,35371000000,-500,true,-1.53
"HDC",111629,"/Date(1704168986000)/",32150,500,1086500,35361000000,-500,true,-1.53
"HDC",111629,"/Date(1704168986000)/",32150,500,1086000,35345000000,-500,true,-1.53
"HDC",111629,"/Date(1704168986000)/",32150,200,1085500,35329000000,-500,true,-1.53
