"Stockcode","Package","TradingDate","Price","Vol","TotalVol","TotalVal","Change","IsBuy","PerChange"
"IPA",144517,"/Date(1704181502000)/",15700,1500,234420,3689584000,-200,false,-1.26
"IPA",142801,"/Date(1704180481000)/",15700,200,232920,3666034000,-200,false,-1.26
"IPA",142610,"/Date(1704180370000)/",15700,100,232720,3662894000,-200,false,-1.26
"IPA",142529,"/Date(1704180329000)/",15600,20000,232620,3661324000,-300,true,-1.89
"IPA",142400,"/Date(1704180240000)/",15800,100,212620,3348674000,-100,false,-0.63
"IPA",142335,"/Date(1704180215000)/",15800,100,212520,3347094000,-100,false,-0.63
"IPA",142303,"/Date(1704180183000)/",15700,1400,212420,3345514000,-200,true,-1.26
"IPA",142108,"/Date(1704180068000)/",15800,100,211020,3323534000,-100,false,-0.63
"IPA",142004,"/Date(1704180004000)/",15700,500,210920,3321954000,-200,true,-1.26
"IPA",142000,"/Date(1704180000000)/",15800,100,210420,3314104000,-100,false,-0.63
"IPA",141559,"/Date(1704179759000)/",15800,100,210320,3312524000,-100,false,-0.63
"IPA",141342,"/Date(1704179622000)/",15800,100,210220,3310944000,-100,false,-0.63
"IPA",141303,"/Date(1704179583000)/",15800,200,210120,3309364000,-100,false,-0.63
"IPA",140828,"/Date(1704179308000)/",15800,100,209920,3306204000,-100,false,-0.63
"IPA",140803,"/Date(1704179283000)/",15800,200,209820,3304624000,-100,false,-0.63
"IPA",140510,"/Date(1704179110000)/",15800,10,209620,3301464000,-100,false,-0.63
"IPA",140304,"/Date(1704178984000)/",15800,100,209610,3301307000,-100,false,-0.63
"IPA",135805,"/Date(1704178685000)/",15800,200,209510,3299727000,-100,false,-0.63
"IPA",135726,"/Date(1704178646000)/",15800,10,209310,3296567000,-100,false,-0.63
"IPA",135455,"/Date(1704178495000)/",15800,100,209300,3296410000,-100,false,-0.63
"IPA",135305,"/Date(1704178385000)/",15800,200,209200,3294830000,-100,false,-0.63
"IPA",135054,"/Date(1704178254000)/",15800,1000,209000,3291670000,-100,false,-0.63
"IPA",135039,"/Date(1704178240000)/",15800,100,208000,3275870000,-100,false,-0.63
"IPA",135039,"/Date(1704178239000)/",15800,8900,207900,3274290000,-100,false,-0.63
"IPA",134855,"/Date(1704178136000)/",15800,100,199000,3133670000,-100,false,-0.63
"IPA",134805,"/Date(1704178086000)/",15800,100,198900,3132090000,-100,false,-0.63
"IPA",134305,"/Date(1704177785000)/",15800,200,198800,3130510000,-100,false,-0.63
"IPA",133854,"/Date(1704177534000)/",15800,16800,198600,3127350000,-100,true,-0.63
"IPA",133700,"/Date(1704177420000)/",15800,5000,181800,2861910000,-100,true,-0.63
"IPA",133558,"/Date(1704177358000)/",15800,5000,176800,2782910000,-100,true,-0.63
"IPA",133241,"/Date(1704177161000)/",15800,5600,171800,2703910000,-100,false,-0.63
"IPA",132922,"/Date(1704176962000)/",15800,100,166200,2615430000,-100,false,-0.63
"IPA",132808,"/Date(1704176888000)/",15800,100,166100,2613850000,-100,false,-0.63
"IPA",132736,"/Date(1704176856000)/",15800,8900,166000,2612270000,-100,false,-0.63
"IPA",132706,"/Date(1704176826000)/",15800,1000,157100,2471650000,-100,false,-0.63
"IPA",132528,"/Date(1704176728000)/",15800,3000,156100,2455850000,-100,false,-0.63
"IPA",132457,"/Date(1704176697000)/",15800,100,153100,2408450000,-100,false,-0.63
"IPA",132448,"/Date(1704176688000)/",15800,800,153000,2406870000,-100,false,-0.63
"IPA",132243,"/Date(1704176563000)/",15700,2000,152200,2394230000,-200,true,-1.26
"IPA",132009,"/Date(1704176409000)/",15700,2000,150200,2362830000,-200,true,-1.26
"IPA",131600,"/Date(1704176160000)/",15700,100,148200,2331430000,-200,true,-1.26
"IPA",130942,"/Date(1704175782000)/",15700,500,148100,2329860000,-200,false,-1.26
"IPA",130811,"/Date(1704175691000)/",15700,200,147600,2322010000,-200,false,-1.26
"IPA",130716,"/Date(1704175636000)/",15700,400,147400,2318870000,-200,false,-1.26
"IPA",130524,"/Date(1704175524000)/",15700,100,147000,2312590000,-200,false,-1.26
"IPA",130506,"/Date(1704175506000)/",15700,100,146900,2311020000,-200,false,-1.26
"IPA",130311,"/Date(1704175391000)/",15700,200,146800,2309450000,-200,false,-1.26
"IPA",130306,"/Date(1704175386000)/",15700,200,146600,2306310000,-200,true,-1.26
"IPA",130032,"/Date(1704175211000)/",15700,100,146400,2303170000,-200,true,-1.26
"IPA",130016,"/Date(1704175203000)/",15600,1000,146300,2301600000,-300,true,-1.89
"IPA",112824,"/Date(1704169704000)/",15700,1000,145300,2286000000,-200,false,-1.26
"IPA",112303,"/Date(1704169383000)/",15500,100,144300,2270300000,-400,true,-2.52
"IPA",112258,"/Date(1704169378000)/",15500,100,144200,2268750000,-400,true,-2.52
"IPA",111948,"/Date(1704169188000)/",15400,10100,144100,2267200000,-500,true,-3.14
"IPA",111849,"/Date(1704169129000)/",15500,200,134000,2111180000,-400,false,-2.52
"IPA",111813,"/Date(1704169093000)/",15500,200,133800,2108080000,-400,false,-2.52
"IPA",111807,"/Date(1704169087000)/",15500,1000,133600,2104980000,-400,false,-2.52
"IPA",111733,"/Date(1704169053000)/",15500,2600,132600,2089480000,-400,true,-2.52
"IPA",111543,"/Date(1704168943000)/",15500,100,130000,2049180000,-400,true,-2.52
"IPA",111538,"/Date(1704168938000)/",15500,11800,129900,2047630000,-400,true,-2.52
"IPA",111512,"/Date(1704168912000)/",15600,8500,118100,1864730000,-300,true,-1.89
"IPA",111350,"/Date(1704168830000)/",15700,100,109600,1732130000,-200,false,-1.26
"IPA",111323,"/Date(1704168803000)/",15600,700,109500,1730560000,-300,true,-1.89
"IPA",111314,"/Date(1704168794000)/",15700,200,108800,1719640000,-200,false,-1.26
"IPA",111255,"/Date(1704168775000)/",15700,3000,108600,1716500000,-200,false,-1.26
"IPA",111053,"/Date(1704168653000)/",15700,1500,105600,1669400000,-200,false,-1.26
"IPA",111038,"/Date(1704168638000)/",15600,24300,104100,1645850000,-300,true,-1.89
"IPA",111035,"/Date(1704168635000)/",15700,300,79800,1266770000,-200,false,-1.26
"IPA",110814,"/Date(1704168493000)/",15700,100,79500,1262060000,-200,false,-1.26
"IPA",110727,"/Date(1704168446000)/",15700,300,79400,1260490000,-200,false,-1.26
"IPA",110623,"/Date(1704168382000)/",15700,800,79100,1255780000,-200,true,-1.26
"IPA",110315,"/Date(1704168194000)/",15700,800,78300,1243220000,-200,false,-1.26
"IPA",110311,"/Date(1704168190000)/",15700,500,77500,1230660000,-200,false,-1.26
"IPA",110253,"/Date(1704168172000)/",15700,200,77000,1222810000,-200,false,-1.26
"IPA",110223,"/Date(1704168142000)/",15700,3500,76800,1219670000,-200,true,-1.26
"IPA",110146,"/Date(1704168105000)/",15700,200,73300,1164720000,-200,true,-1.26
"IPA",110132,"/Date(1704168091000)/",15800,500,73100,1161580000,-100,false,-0.63
"IPA",110040,"/Date(1704168039000)/",15700,1000,72600,1153680000,-200,false,-1.26
"IPA",105945,"/Date(1704167984000)/",15700,300,71600,1137980000,-200,false,-1.26
"IPA",105914,"/Date(1704167953000)/",15700,600,71300,1133270000,-200,true,-1.26
"IPA",105903,"/Date(1704167942000)/",15700,10000,70700,1123850000,-200,true,-1.26
"IPA",105822,"/Date(1704167901000)/",15800,300,60700,966850000,-100,true,-0.63
"IPA",105808,"/Date(1704167888000)/",15800,5000,60400,962110000,-100,true,-0.63
"IPA",105549,"/Date(1704167749000)/",15900,6800,55400,883110000,0,true,0
"IPA",105534,"/Date(1704167733000)/",15900,5000,48600,774990000,0,true,0
"IPA",105523,"/Date(1704167722000)/",15900,2300,43600,695490000,0,true,0
"IPA",105455,"/Date(1704167695000)/",15900,300,41300,658920000,0,true,0
"IPA",105421,"/Date(1704167661000)/",15900,1700,41000,654150000,0,true,0
"IPA",105340,"/Date(1704167620000)/",15900,1000,39300,627120000,0,true,0
"IPA",105307,"/Date(1704167587000)/",15900,5000,38300,611220000,0,true,0
"IPA",105208,"/Date(1704167528000)/",15900,100,33300,531720000,0,true,0
"IPA",104831,"/Date(1704167311000)/",15900,1000,33200,530130000,0,true,0
"IPA",104813,"/Date(1704167293000)/",15900,500,32200,514230000,0,true,0
"IPA",104808,"/Date(1704167288000)/",15900,200,31700,506280000,0,true,0
"IPA",103451,"/Date(1704166491000)/",15900,300,31500,503100000,0,true,0
"IPA",103305,"/Date(1704166385000)/",15900,100,31200,498330000,0,true,0
"IPA",102958,"/Date(1704166198000)/",16000,100,31100,496740000,100,false,0.63
"IPA",102819,"/Date(1704166099000)/",16000,200,31000,495140000,100,false,0.63
"IPA",102319,"/Date(1704165799000)/",16000,100,30800,491940000,100,false,0.63
"IPA",102139,"/Date(1704165700000)/",16000,100,30700,490340000,100,false,0.63
"IPA",101949,"/Date(1704165589000)/",16000,500,30600,488740000,100,false,0.63
"IPA",101820,"/Date(1704165500000)/",16000,200,30100,480740000,100,false,0.63
"IPA",101502,"/Date(1704165301000)/",16000,200,29900,477540000,100,true,0.63
"IPA",101123,"/Date(1704165083000)/",16000,1000,29700,474340000,100,true,0.63
"IPA",101038,"/Date(1704165037000)/",16000,500,28700,458340000,100,true,0.63
"IPA",100954,"/Date(1704164993000)/",16000,100,28200,450340000,100,true,0.63
"IPA",100947,"/Date(1704164987000)/",16000,600,28100,448740000,100,true,0.63
"IPA",100605,"/Date(1704164765000)/",16000,500,27500,439140000,100,true,0.63
"IPA",100253,"/Date(1704164573000)/",16000,100,27000,431140000,100,true,0.63
"IPA",95802,"/Date(1704164282000)/",16000,200,26900,429540000,100,true,0.63
"IPA",95525,"/Date(1704164125000)/",16000,1600,26700,426340000,100,false,0.63
"IPA",95508,"/Date(1704164108000)/",16000,3800,25100,400740000,100,false,0.63
"IPA",95438,"/Date(1704164078000)/",16000,100,21300,339940000,100,false,0.63
"IPA",95144,"/Date(1704163904000)/",15900,1000,21200,338340000,0,true,0
"IPA",94513,"/Date(1704163513000)/",15900,200,20200,322440000,0,true,0
"IPA",94337,"/Date(1704163417000)/",16000,2000,20000,319260000,100,false,0.63
"IPA",94324,"/Date(1704163404000)/",16000,200,18000,287260000,100,false,0.63
"IPA",94234,"/Date(1704163354000)/",16000,100,17800,284060000,100,false,0.63
"IPA",93825,"/Date(1704163105000)/",16000,200,17700,282460000,100,false,0.63
"IPA",93642,"/Date(1704163002000)/",16000,100,17500,279260000,100,false,0.63
"IPA",93325,"/Date(1704162805000)/",16000,100,17400,277660000,100,false,0.63
"IPA",93247,"/Date(1704162767000)/",16000,100,17300,276060000,100,true,0.63
"IPA",93147,"/Date(1704162707000)/",16000,1000,17200,274460000,100,true,0.63
"IPA",93134,"/Date(1704162694000)/",16000,900,16200,258460000,100,false,0.63
"IPA",92826,"/Date(1704162505000)/",16000,200,15300,244060000,100,false,0.63
"IPA",92716,"/Date(1704162435000)/",16000,200,15100,240860000,100,false,0.63
"IPA",92715,"/Date(1704162434000)/",16000,100,14900,237660000,100,false,0.63
"IPA",92527,"/Date(1704162327000)/",16000,200,14800,236060000,100,true,0.63
"IPA",92516,"/Date(1704162316000)/",16000,100,14600,232860000,100,true,0.63
"IPA",92351,"/Date(1704162231000)/",16000,3900,14500,231260000,100,true,0.63
"IPA",92159,"/Date(1704162119000)/",16000,500,10600,168860000,100,true,0.63
"IPA",91929,"/Date(1704161969000)/",16000,2700,10100,160860000,100,false,0.63
"IPA",91922,"/Date(1704161962000)/",15900,100,7400,117660000,0,true,0
"IPA",91600,"/Date(1704161760000)/",15900,4700,7300,116070000,0,true,0
"IPA",90840,"/Date(1704161320000)/",15900,600,2600,41340000,0,false,0
"IPA",90828,"/Date(1704161308000)/",15900,100,2000,31800000,0,false,0
"IPA",90806,"/Date(1704161286000)/",15900,200,1900,30210000,0,false,0
"IPA",90759,"/Date(1704161279000)/",15900,300,1700,27030000,0,false,0
"IPA",90329,"/Date(1704161009000)/",15900,300,1400,22260000,0,true,0
"IPA",90317,"/Date(1704160997000)/",15900,500,1100,17490000,0,true,0
"IPA",90044,"/Date(1704160844000)/",15900,600,600,9540000,0,false,0
